  <div class='ocr_page' id='page_1' title='image "/cluster/home/n/w/nwhite01/storage/ocr_20150623/158/coo.31924054870633/126.png"; bbox 0 0 3936 6438; ppageno 0'>
   <div class='ocr_carea' id='block_1_1' title="bbox 178 407 256 475">
    <p class='ocr_par' dir='ltr' id='par_1_1' title="bbox 178 407 256 475">
     <span class='ocr_line' id='line_1_1' title="bbox 178 407 256 475; baseline -0.064 0"><span class='ocrx_word' id='word_1_1' title='bbox 178 407 256 475; x_wconf 78' lang='grc'><strong>181</strong></span> 
     </span>
    </p>
   </div>
   <div class='ocr_carea' id='block_1_2' title="bbox 1396 404 2168 473">
    <p class='ocr_par' dir='ltr' id='par_1_2' title="bbox 1396 404 2168 473">
     <span class='ocr_line' id='line_1_2' title="bbox 1396 404 2168 473; baseline 0.006 -5"><span class='ocrx_word' id='word_1_2' title='bbox 1396 404 1837 472; x_wconf 79' lang='lat' dir='ltr'><strong>&#39;ANNALIUM</strong></span> <span class='ocrx_word' id='word_1_3' title='bbox 1880 410 2076 472; x_wconf 77' lang='lat' dir='ltr'><strong>PARS</strong></span> <span class='ocrx_word' id='word_1_4' title='bbox 2119 411 2168 473; x_wconf 90' lang='grc' dir='ltr'><strong>Ι.</strong></span> 
     </span>
    </p>
   </div>
   <div class='ocr_carea' id='block_1_3' title="bbox 3325 405 3429 474">
    <p class='ocr_par' dir='ltr' id='par_1_3' title="bbox 3325 405 3429 474">
     <span class='ocr_line' id='line_1_3' title="bbox 3325 405 3429 474; baseline -0.01 -2"><span class='ocrx_word' id='word_1_5' title='bbox 3325 405 3429 474; x_wconf 65' lang='grc' dir='ltr'>Ῑὸῑί</span> 
     </span>
    </p>
   </div>
   <div class='ocr_carea' id='block_1_4' title="bbox 171 512 1779 598">
    <p class='ocr_par' dir='ltr' id='par_1_4' title="bbox 171 521 1744 594">
     <span class='ocr_line' id='line_1_4' title="bbox 171 521 1744 594; baseline -0.002 -13"><span class='ocrx_word' id='word_1_6' title='bbox 171 524 374 581; x_wconf 74' lang='grc' dir='ltr'>καὶτὸν</span> <span class='ocrx_word' id='word_1_7' title='bbox 409 522 470 589; x_wconf 71' lang='grc' dir='ltr'><strong>ἐξ</strong></span> <span class='ocrx_word' id='word_1_8' title='bbox 521 522 696 594; x_wconf 82' lang='grc' dir='ltr'>ἀρχῆς</span> <span class='ocrx_word' id='word_1_9' title='bbox 732 521 1031 592; x_wconf 85' lang='grc' dir='ltr'>γενόμενον</span> <span class='ocrx_word' id='word_1_10' title='bbox 1070 521 1365 593; x_wconf 80' lang='grc' dir='ltr'>ἄνθρωπον</span> <span class='ocrx_word' id='word_1_11' title='bbox 1393 525 1614 593; x_wconf 73' lang='grc' dir='ltr'>ἴδωμεν.</span> <span class='ocrx_word' id='word_1_12' title='bbox 1668 527 1744 580; x_wconf 73' lang='grc' dir='ltr'><strong>Οὔ</strong></span> 
     </span>
    </p>
   </div>
   <div class='ocr_carea' id='block_1_5' title="bbox 1884 512 3448 598">
    <p class='ocr_par' dir='ltr' id='par_1_5' title="bbox 1884 512 3448 598">
     <span class='ocr_line' id='line_1_5' title="bbox 1884 512 3448 598; baseline 0.001 -20"><span class='ocrx_word' id='word_1_13' title='bbox 1884 529 1943 581; x_wconf 85' lang='lat' dir='ltr'><strong>ia</strong></span> <span class='ocrx_word' id='word_1_14' title='bbox 1977 546 1988 582; x_wconf 93' lang='lat'><strong>:</strong></span> <span class='ocrx_word' id='word_1_15' title='bbox 2029 528 2123 583; x_wconf 83' lang='lat' dir='ltr'><strong>sed</strong></span> <span class='ocrx_word' id='word_1_16' title='bbox 2153 526 2421 597; x_wconf 82' lang='lat' dir='ltr'><strong>siquidem</strong></span> <span class='ocrx_word' id='word_1_17' title='bbox 2460 527 2599 584; x_wconf 89' lang='lat' dir='ltr'><strong>scire</strong></span> <span class='ocrx_word' id='word_1_18' title='bbox 2627 528 2793 584; x_wconf 78' lang='lat' dir='ltr'><strong>vultis</strong></span> <span class='ocrx_word' id='word_1_19' title='bbox 2845 512 3138 598; x_wconf 83' lang='lat' dir='ltr'><strong>qualenam</strong></span> <span class='ocrx_word' id='word_1_20' title='bbox 3177 528 3244 584; x_wconf 89' lang='lat' dir='ltr'><strong>ab</strong></span> <span class='ocrx_word' id='word_1_21' title='bbox 3291 525 3448 582; x_wconf 90' lang='lat' dir='ltr'><strong>initio</strong></span> 
     </span>
    </p>
   </div>
   <div class='ocr_carea' id='block_1_6' title="bbox 170 612 1740 689">
    <p class='ocr_par' dir='ltr' id='par_1_6' title="bbox 170 612 1740 689">
     <span class='ocr_line' id='line_1_6' title="bbox 170 612 1740 689; baseline -0.003 -19"><span class='ocrx_word' id='word_1_22' title='bbox 170 619 267 689; x_wconf 74' lang='grc' dir='ltr'>γὰρ</span> <span class='ocrx_word' id='word_1_23' title='bbox 295 616 468 680; x_wconf 74' lang='grc' dir='ltr'>οὕτως</span> <span class='ocrx_word' id='word_1_24' title='bbox 491 617 555 668; x_wconf 82' lang='grc' dir='ltr'><strong>τὸ</strong></span> <span class='ocrx_word' id='word_1_25' title='bbox 602 615 760 685; x_wconf 84' lang='grc' dir='ltr'>σῶμα</span> <span class='ocrx_word' id='word_1_26' title='bbox 786 616 960 667; x_wconf 75' lang='grc' dir='ltr'>ἐκεῖνο</span> <span class='ocrx_word' id='word_1_27' title='bbox 982 613 1221 683; x_wconf 83' lang='grc' dir='ltr'>φθαρτὸν</span> <span class='ocrx_word' id='word_1_28' title='bbox 1240 615 1331 667; x_wconf 72' lang='grc' dir='ltr'><strong>καὶ</strong></span> <span class='ocrx_word' id='word_1_29' title='bbox 1360 616 1627 685; x_wconf 77' lang='grc' dir='ltr'>ἐπίκηρον</span> <span class='ocrx_word' id='word_1_30' title='bbox 1652 612 1740 688; x_wconf 76' lang='grc' dir='ltr'>ἦν,</span> 
     </span>
    </p>
   </div>
   <div class='ocr_carea' id='block_1_7' title="bbox 1850 617 3449 690">
    <p class='ocr_par' dir='ltr' id='par_1_7' title="bbox 1850 617 3449 690">
     <span class='ocr_line' id='line_1_7' title="bbox 1850 617 3449 690; baseline -0.003 -17"><span class='ocrx_word' id='word_1_31' title='bbox 1850 634 2049 687; x_wconf 89' lang='lat' dir='ltr'><strong>corpus</strong></span> <span class='ocrx_word' id='word_1_32' title='bbox 2080 619 2237 673; x_wconf 88' lang='lat' dir='ltr'><strong>nobis</strong></span> <span class='ocrx_word' id='word_1_33' title='bbox 2279 619 2421 674; x_wconf 88' lang='lat' dir='ltr'><strong>Deus</strong></span> <span class='ocrx_word' id='word_1_34' title='bbox 2462 619 2806 684; x_wconf 85' lang='lat' dir='ltr'><strong>formaverit,</strong></span> <span class='ocrx_word' id='word_1_35' title='bbox 2868 618 2935 673; x_wconf 88' lang='lat' dir='ltr'><strong>ad</strong></span> <span class='ocrx_word' id='word_1_36' title='bbox 2971 617 3281 690; x_wconf 82' lang='lat' dir='ltr'><strong>paradisum</strong></span> <span class='ocrx_word' id='word_1_37' title='bbox 3323 632 3449 668; x_wconf 85' lang='lat' dir='ltr'><strong>nos-</strong></span> 
     </span>
    </p>
   </div>
   <div class='ocr_carea' id='block_1_8' title="bbox 169 703 1779 780">
    <p class='ocr_par' dir='ltr' id='par_1_8' title="bbox 169 703 1744 777">
     <span class='ocr_line' id='line_1_8' title="bbox 169 703 1744 777; baseline -0.004 -12"><span class='ocrx_word' id='word_1_38' title='bbox 169 709 294 766; x_wconf 74' lang='grc' dir='ltr'><strong>ὀλλᾶ</strong></span> <span class='ocrx_word' id='word_1_39' title='bbox 326 708 579 777; x_wconf 82' lang='grc' dir='ltr'>καθάπερ</span> <span class='ocrx_word' id='word_1_40' title='bbox 599 723 682 769; x_wconf 85' lang='grc' dir='ltr'><strong>τις</strong></span> <span class='ocrx_word' id='word_1_41' title='bbox 705 703 943 776; x_wconf 80' lang='grc' dir='ltr'><strong>χρυσοῦς</strong></span> <span class='ocrx_word' id='word_1_42' title='bbox 973 705 1197 775; x_wconf 83' lang='grc' dir='ltr'>ἀνδριὰς</span> <span class='ocrx_word' id='word_1_43' title='bbox 1232 705 1342 759; x_wconf 81' lang='grc' dir='ltr'><strong>ἀπὸ</strong></span> <span class='ocrx_word' id='word_1_44' title='bbox 1370 705 1744 775; x_wconf 84' lang='grc' dir='ltr'>χωνευτηρίου</span> 
     </span>
    </p>
   </div>
   <div class='ocr_carea' id='block_1_9' title="bbox 1884 703 3455 780">
    <p class='ocr_par' dir='ltr' id='par_1_9' title="bbox 1884 708 3455 780">
     <span class='ocr_line' id='line_1_9' title="bbox 1884 708 3455 780; baseline -0.001 -18"><span class='ocrx_word' id='word_1_45' title='bbox 1884 709 2344 769; x_wconf 74' lang='lat' dir='ltr'><strong>ietconleramus</strong></span> <span class='ocrx_word' id='word_1_46' title='bbox 2375 719 2429 764; x_wconf 85' lang='lat' dir='ltr'><strong>et</strong></span> <span class='ocrx_word' id='word_1_47' title='bbox 2480 711 2762 765; x_wconf 84' lang='lat' dir='ltr'><strong>hominum</strong></span> <span class='ocrx_word' id='word_1_48' title='bbox 2819 710 2970 764; x_wconf 87' lang='lat' dir='ltr'><strong>illttm</strong></span> <span class='ocrx_word' id='word_1_49' title='bbox 3025 709 3330 780; x_wconf 86' lang='lat' dir='ltr'><strong>principem</strong></span> <span class='ocrx_word' id='word_1_50' title='bbox 3368 708 3455 760; x_wconf 85' lang='lat' dir='ltr'><strong>iu-</strong></span> 
     </span>
    </p>
   </div>
   <div class='ocr_carea' id='block_1_10' title="bbox 172 796 1746 872">
    <p class='ocr_par' dir='ltr' id='par_1_10' title="bbox 172 796 1746 872">
     <span class='ocr_line' id='line_1_10' title="bbox 172 796 1746 872; baseline -0.004 -17"><span class='ocrx_word' id='word_1_51' title='bbox 172 801 442 872; x_wconf 70' lang='grc' dir='ltr'>προελθὼν</span> <span class='ocrx_word' id='word_1_52' title='bbox 486 801 612 870; x_wconf 81' lang='grc' dir='ltr'>ἄρτι</span> <span class='ocrx_word' id='word_1_53' title='bbox 668 798 765 852; x_wconf 75' lang='grc' dir='ltr'><strong>καὶ</strong></span> <span class='ocrx_word' id='word_1_54' title='bbox 820 796 1094 867; x_wconf 83' lang='grc' dir='ltr'>λαμπρῶς</span> <span class='ocrx_word' id='word_1_55' title='bbox 1143 796 1516 860; x_wconf 78' lang='grc' dir='ltr'>ἀποστίλϐων,</span> <span class='ocrx_word' id='word_1_56' title='bbox 1569 796 1746 858; x_wconf 80' lang='grc' dir='ltr'>οὕτως</span> 
     </span>
    </p>
   </div>
   <div class='ocr_carea' id='block_1_11' title="bbox 172 887 1749 963">
    <p class='ocr_par' dir='ltr' id='par_1_11' title="bbox 172 887 1749 963">
     <span class='ocr_line' id='line_1_11' title="bbox 172 887 1749 963; baseline -0.004 -17"><span class='ocrx_word' id='word_1_57' title='bbox 172 894 344 963; x_wconf 67' lang='grc' dir='ltr'>πὲσης</span> <span class='ocrx_word' id='word_1_58' title='bbox 388 892 593 962; x_wconf 70' lang='grc' dir='ltr'>φθορᾶς</span> <span class='ocrx_word' id='word_1_59' title='bbox 615 891 677 943; x_wconf 86' lang='grc' dir='ltr'><strong>τὸ</strong></span> <span class='ocrx_word' id='word_1_60' title='bbox 710 889 872 959; x_wconf 87' lang='grc' dir='ltr'>σῶμα</span> <span class='ocrx_word' id='word_1_61' title='bbox 913 891 1091 943; x_wconf 77' lang='grc' dir='ltr'>ἐκεῖνο</span> <span class='ocrx_word' id='word_1_62' title='bbox 1126 889 1469 956; x_wconf 85' lang='grc' dir='ltr'>ἀπήλλακτο,</span> <span class='ocrx_word' id='word_1_63' title='bbox 1502 890 1599 942; x_wconf 75' lang='grc' dir='ltr'><strong>καὶ</strong></span> <span class='ocrx_word' id='word_1_64' title='bbox 1623 887 1749 943; x_wconf 74' lang='grc' dir='ltr'>οὔτε</span> 
     </span>
    </p>
   </div>
   <div class='ocr_carea' id='block_1_12' title="bbox 173 980 1797 1053">
    <p class='ocr_par' dir='ltr' id='par_1_12' title="bbox 173 980 1797 1053">
     <span class='ocr_line' id='line_1_12' title="bbox 173 980 1797 1053; baseline -0.001 -19"><span class='ocrx_word' id='word_1_65' title='bbox 173 984 326 1045; x_wconf 80' lang='grc' dir='ltr'>πόνος</span> <span class='ocrx_word' id='word_1_66' title='bbox 359 981 611 1053; x_wconf 78' lang='grc' dir='ltr'>ἠνώχλει,</span> <span class='ocrx_word' id='word_1_67' title='bbox 639 980 767 1034; x_wconf 76' lang='grc' dir='ltr'>οὔτε</span> <span class='ocrx_word' id='word_1_68' title='bbox 792 981 960 1053; x_wconf 80' lang='grc' dir='ltr'>ἱδρὼς</span> <span class='ocrx_word' id='word_1_69' title='bbox 994 980 1343 1051; x_wconf 78' lang='grc' dir='ltr'><strong>ἐλυμαίνετο,</strong></span> <span class='ocrx_word' id='word_1_70' title='bbox 1367 981 1428 1034; x_wconf 88' lang='grc' dir='ltr'><strong>ού</strong></span> <span class='ocrx_word' id='word_1_71' title='bbox 1467 980 1752 1051; x_wconf 78' lang='grc' dir='ltr'>φροντίδες</span> <span class='ocrx_word' id='word_1_72' title='bbox 1788 1006 1797 1014; x_wconf 92' lang='grc'><strong>·</strong></span> 
     </span>
    </p>
   </div>
   <div class='ocr_carea' id='block_1_13' title="bbox 174 1073 1752 1146">
    <p class='ocr_par' dir='ltr' id='par_1_13' title="bbox 174 1073 1752 1146">
     <span class='ocr_line' id='line_1_13' title="bbox 174 1073 1752 1146; baseline -0.004 -13"><span class='ocrx_word' id='word_1_73' title='bbox 174 1078 546 1143; x_wconf 73' lang='grc' dir='ltr'>ἐπεόούλευον,</span> <span class='ocrx_word' id='word_1_74' title='bbox 578 1077 678 1130; x_wconf 81' lang='grc' dir='ltr'>οὐκ</span> <span class='ocrx_word' id='word_1_75' title='bbox 705 1076 938 1145; x_wconf 78' lang='grc' dir='ltr'><strong>ἀθυμίαι</strong></span> <span class='ocrx_word' id='word_1_76' title='bbox 971 1075 1351 1146; x_wconf 78' lang='grc' dir='ltr'>ἐπολιόρκουν,</span> <span class='ocrx_word' id='word_1_77' title='bbox 1377 1074 1438 1128; x_wconf 84' lang='grc' dir='ltr'><strong>ού</strong></span> <span class='ocrx_word' id='word_1_78' title='bbox 1466 1073 1662 1145; x_wconf 80' lang='grc' dir='ltr'>ῥύπος,</span> <span class='ocrx_word' id='word_1_79' title='bbox 1690 1074 1752 1127; x_wconf 89' lang='grc' dir='ltr'><strong>ού</strong></span> 
     </span>
    </p>
   </div>
   <div class='ocr_carea' id='block_1_14' title="bbox 173 1166 1786 1241">
    <p class='ocr_par' dir='ltr' id='par_1_14' title="bbox 173 1166 1786 1241">
     <span class='ocr_line' id='line_1_14' title="bbox 173 1166 1786 1241; baseline -0.002 -17"><span class='ocrx_word' id='word_1_80' title='bbox 173 1173 428 1241; x_wconf 65' lang='grc' dir='ltr'>δάκρυον,</span> <span class='ocrx_word' id='word_1_81' title='bbox 467 1170 580 1223; x_wconf 79' lang='grc' dir='ltr'>οὐδ’</span> <span class='ocrx_word' id='word_1_82' title='bbox 619 1168 749 1231; x_wconf 73' lang='grc' dir='ltr'>ἄλλο</span> <span class='ocrx_word' id='word_1_83' title='bbox 785 1185 840 1221; x_wconf 90' lang='grc' dir='ltr'><strong>τι</strong></span> <span class='ocrx_word' id='word_1_84' title='bbox 871 1168 980 1221; x_wconf 78' lang='grc' dir='ltr'><strong>τῶν</strong></span> <span class='ocrx_word' id='word_1_85' title='bbox 1016 1168 1281 1221; x_wconf 77' lang='grc' dir='ltr'>τοιούτων</span> <span class='ocrx_word' id='word_1_86' title='bbox 1311 1167 1504 1220; x_wconf 81' lang='grc' dir='ltr'>ἐλύπει</span> <span class='ocrx_word' id='word_1_87' title='bbox 1536 1166 1750 1220; x_wconf 82' lang='grc' dir='ltr'>παθῶν.</span> <span class='ocrx_word' id='word_1_88' title='bbox 1781 1168 1786 1172; x_wconf 80' lang='grc'><strong>”</strong></span> 
     </span>
    </p>
   </div>
   <div class='ocr_carea' id='block_1_15' title="bbox 186 1258 1755 1331">
    <p class='ocr_par' dir='ltr' id='par_1_15' title="bbox 186 1258 1755 1331">
     <span class='ocr_line' id='line_1_15' title="bbox 186 1258 1755 1331; baseline -0.001 -19"><span class='ocrx_word' id='word_1_89' title='bbox 186 1260 322 1313; x_wconf 67' lang='grc' dir='ltr'>Ἀλλ’</span> <span class='ocrx_word' id='word_1_90' title='bbox 355 1260 548 1331; x_wconf 77' lang='grc' dir='ltr'>ἐπειδὴ</span> <span class='ocrx_word' id='word_1_91' title='bbox 580 1260 717 1330; x_wconf 84' lang='grc' dir='ltr'>πρὸς</span> <span class='ocrx_word' id='word_1_92' title='bbox 752 1259 846 1312; x_wconf 84' lang='grc' dir='ltr'><strong>τόν</strong></span> <span class='ocrx_word' id='word_1_93' title='bbox 873 1259 1177 1330; x_wconf 79' lang='grc' dir='ltr'>εὐεργέτην</span> <span class='ocrx_word' id='word_1_94' title='bbox 1215 1258 1496 1329; x_wconf 70' lang='grc' dir='ltr'>ἐξύϐρισε,</span> <span class='ocrx_word' id='word_1_95' title='bbox 1529 1258 1664 1320; x_wconf 85' lang='grc' dir='ltr'>Θεός</span> <span class='ocrx_word' id='word_1_96' title='bbox 1695 1275 1755 1310; x_wconf 83' lang='grc' dir='ltr'><strong>τε</strong></span> 
     </span>
    </p>
   </div>
   <div class='ocr_carea' id='block_1_16' title="bbox 176 1351 1759 1423">
    <p class='ocr_par' dir='ltr' id='par_1_16' title="bbox 176 1351 1759 1423">
     <span class='ocr_line' id='line_1_16' title="bbox 176 1351 1759 1423; baseline -0.001 -15"><span class='ocrx_word' id='word_1_97' title='bbox 176 1354 426 1422; x_wconf 75' lang='grc' dir='ltr'>γενέσθαι</span> <span class='ocrx_word' id='word_1_98' title='bbox 453 1354 670 1423; x_wconf 70' lang='grc' dir='ltr'>ἤλπισε,</span> <span class='ocrx_word' id='word_1_99' title='bbox 690 1354 787 1407; x_wconf 74' lang='grc' dir='ltr'><strong>καὶ</strong></span> <span class='ocrx_word' id='word_1_100' title='bbox 812 1351 989 1422; x_wconf 85' lang='grc' dir='ltr'>μείζω</span> <span class='ocrx_word' id='word_1_101' title='bbox 1016 1351 1118 1422; x_wconf 76' lang='grc' dir='ltr'>τῆς</span> <span class='ocrx_word' id='word_1_102' title='bbox 1146 1351 1355 1415; x_wconf 85' lang='grc' dir='ltr'>οἰκείας</span> <span class='ocrx_word' id='word_1_103' title='bbox 1378 1352 1538 1416; x_wconf 83' lang='grc' dir='ltr'>ἀξίας</span> <span class='ocrx_word' id='word_1_104' title='bbox 1563 1351 1759 1406; x_wconf 72' lang='grc' dir='ltr'>ἐλαϐεν</span> 
     </span>
    </p>
   </div>
   <div class='ocr_carea' id='block_1_17' title="bbox 177 1446 1758 1519">
    <p class='ocr_par' dir='ltr' id='par_1_17' title="bbox 177 1446 1758 1519">
     <span class='ocr_line' id='line_1_17' title="bbox 177 1446 1758 1519; baseline 0 -17"><span class='ocrx_word' id='word_1_105' title='bbox 177 1450 405 1512; x_wconf 75' lang='grc' dir='ltr'>ἔννοιαν,</span> <span class='ocrx_word' id='word_1_106' title='bbox 458 1450 578 1501; x_wconf 83' lang='grc' dir='ltr'>τότε</span> <span class='ocrx_word' id='word_1_107' title='bbox 625 1447 715 1518; x_wconf 81' lang='grc' dir='ltr'>δὴ,</span> <span class='ocrx_word' id='word_1_108' title='bbox 753 1447 877 1502; x_wconf 83' lang='grc' dir='ltr'>τότε</span> <span class='ocrx_word' id='word_1_109' title='bbox 914 1446 1273 1519; x_wconf 77' lang='grc' dir='ltr'>σωφρονίζων</span> <span class='ocrx_word' id='word_1_110' title='bbox 1327 1447 1494 1500; x_wconf 82' lang='grc' dir='ltr'>αὑτὸν</span> <span class='ocrx_word' id='word_1_111' title='bbox 1543 1448 1572 1501; x_wconf 97' lang='lat'><strong>6</strong></span> <span class='ocrx_word' id='word_1_112' title='bbox 1628 1447 1758 1512; x_wconf 83' lang='grc' dir='ltr'>Θεὸς</span> 
     </span>
    </p>
   </div>
   <div class='ocr_carea' id='block_1_18' title="bbox 180 1538 1764 1612">
    <p class='ocr_par' dir='ltr' id='par_1_18' title="bbox 180 1538 1764 1612">
     <span class='ocr_line' id='line_1_18' title="bbox 180 1538 1764 1612; baseline -0.002 -18"><span class='ocrx_word' id='word_1_113' title='bbox 180 1541 419 1609; x_wconf 71' lang='grc' dir='ltr'>φθαρτὸν</span> <span class='ocrx_word' id='word_1_114' title='bbox 438 1539 600 1593; x_wconf 82' lang='grc' dir='ltr'>αὑτὸν</span> <span class='ocrx_word' id='word_1_115' title='bbox 624 1540 852 1612; x_wconf 74' lang='grc' dir='ltr'>ἐποίησε</span> <span class='ocrx_word' id='word_1_116' title='bbox 885 1540 979 1593; x_wconf 73' lang='grc' dir='ltr'>καὶ</span> <span class='ocrx_word' id='word_1_117' title='bbox 1005 1539 1226 1611; x_wconf 86' lang='grc' dir='ltr'>θνητὸν,</span> <span class='ocrx_word' id='word_1_118' title='bbox 1260 1540 1357 1592; x_wconf 80' lang='grc' dir='ltr'>καὶ</span> <span class='ocrx_word' id='word_1_119' title='bbox 1386 1541 1506 1602; x_wconf 76' lang='grc' dir='ltr'>ταῖς</span> <span class='ocrx_word' id='word_1_120' title='bbox 1537 1538 1764 1601; x_wconf 82' lang='grc' dir='ltr'>πολλαῖς</span> 
     </span>
    </p>
   </div>
   <div class='ocr_carea' id='block_1_19' title="bbox 178 1630 1765 1702">
    <p class='ocr_par' dir='ltr' id='par_1_19' title="bbox 178 1630 1765 1702">
     <span class='ocr_line' id='line_1_19' title="bbox 178 1630 1765 1702; baseline -0.002 -15"><span class='ocrx_word' id='word_1_121' title='bbox 178 1635 404 1698; x_wconf 77' lang='grc' dir='ltr'>ταύταις</span> <span class='ocrx_word' id='word_1_122' title='bbox 463 1633 732 1701; x_wconf 78' lang='grc' dir='ltr'><strong>ἀνάγκαις</strong></span> <span class='ocrx_word' id='word_1_123' title='bbox 794 1632 1087 1702; x_wconf 79' lang='grc' dir='ltr'>κατέδησε.</span> <span class='ocrx_word' id='word_1_124' title='bbox 1128 1649 1147 1684; x_wconf 76' lang='grc' dir='ltr'><strong>ι</strong></span> <span class='ocrx_word' id='word_1_125' title='bbox 1217 1630 1404 1685; x_wconf 81' lang='grc' dir='ltr'>Ταῦτα</span> <span class='ocrx_word' id='word_1_126' title='bbox 1454 1631 1556 1701; x_wconf 81' lang='grc' dir='ltr'><strong>μὲν</strong></span> <span class='ocrx_word' id='word_1_127' title='bbox 1613 1630 1765 1684; x_wconf 78' lang='grc' dir='ltr'>οὖνὸ</span> 
     </span>
    </p>
   </div>
   <div class='ocr_carea' id='block_1_20' title="bbox 181 1718 1767 1796">
    <p class='ocr_par' dir='ltr' id='par_1_20' title="bbox 181 1718 1767 1796">
     <span class='ocr_line' id='line_1_20' title="bbox 181 1718 1767 1796; baseline -0.004 -14"><span class='ocrx_word' id='word_1_128' title='bbox 181 1729 456 1789; x_wconf 80' lang='grc' dir='ltr'>θειότατος</span> <span class='ocrx_word' id='word_1_129' title='bbox 495 1726 769 1796; x_wconf 82' lang='grc' dir='ltr'><strong>Ἰωάννης.</strong></span> <span class='ocrx_word' id='word_1_130' title='bbox 810 1724 930 1795; x_wconf 80' lang='grc' dir='ltr'><strong>Ἐφ’</strong></span> <span class='ocrx_word' id='word_1_131' title='bbox 960 1718 1006 1794; x_wconf 83' lang='grc' dir='ltr'>ᾧ</span> <span class='ocrx_word' id='word_1_132' title='bbox 1045 1727 1140 1779; x_wconf 63' lang='grc' dir='ltr'><strong>καὶ</strong></span> <span class='ocrx_word' id='word_1_133' title='bbox 1180 1723 1464 1795; x_wconf 78' lang='grc' dir='ltr'>ἄφθαρτον</span> <span class='ocrx_word' id='word_1_134' title='bbox 1497 1725 1677 1778; x_wconf 77' lang='grc' dir='ltr'>ἐκεῖνο</span> <span class='ocrx_word' id='word_1_135' title='bbox 1705 1722 1767 1775; x_wconf 88' lang='grc' dir='ltr'><strong>τὸ</strong></span> 
     </span>
    </p>
   </div>
   <div class='ocr_carea' id='block_1_21' title="bbox 181 1813 1768 1889">
    <p class='ocr_par' dir='ltr' id='par_1_21' title="bbox 181 1813 1768 1889">
     <span class='ocr_line' id='line_1_21' title="bbox 181 1813 1768 1889; baseline -0.003 -17"><span class='ocrx_word' id='word_1_136' title='bbox 181 1820 337 1889; x_wconf 84' lang='grc' dir='ltr'>σῶμα</span> <span class='ocrx_word' id='word_1_137' title='bbox 366 1816 593 1880; x_wconf 78' lang='grc' dir='ltr'>δικαίως</span> <span class='ocrx_word' id='word_1_138' title='bbox 638 1818 667 1870; x_wconf 91' lang='lat'><strong>6</strong></span> <span class='ocrx_word' id='word_1_139' title='bbox 696 1818 856 1887; x_wconf 85' lang='grc' dir='ltr'><strong>λόγος</strong></span> <span class='ocrx_word' id='word_1_140' title='bbox 889 1816 1119 1871; x_wconf 80' lang='grc' dir='ltr'>ἐκάλεσε</span> <span class='ocrx_word' id='word_1_141' title='bbox 1140 1834 1156 1848; x_wconf 75' lang='grc' dir='ltr'><strong>ο</strong></span> <span class='ocrx_word' id='word_1_142' title='bbox 1219 1815 1283 1869; x_wconf 85' lang='grc' dir='ltr'><strong>τὸ</strong></span> <span class='ocrx_word' id='word_1_143' title='bbox 1312 1814 1420 1884; x_wconf 84' lang='grc' dir='ltr'>γὰρ</span> <span class='ocrx_word' id='word_1_144' title='bbox 1450 1814 1538 1884; x_wconf 76' lang='grc' dir='ltr'><strong>οἵᾳ</strong></span> <span class='ocrx_word' id='word_1_145' title='bbox 1568 1813 1635 1884; x_wconf 87' lang='grc' dir='ltr'><strong>δή</strong></span> <span class='ocrx_word' id='word_1_146' title='bbox 1656 1831 1768 1869; x_wconf 90' lang='grc' dir='ltr'>τινι</span> 
     </span>
    </p>
   </div>
   <div class='ocr_carea' id='block_1_22' title="bbox 181 1870 1846 1983">
    <p class='ocr_par' dir='ltr' id='par_1_22' title="bbox 181 1870 1846 1983">
     <span class='ocr_line' id='line_1_22' title="bbox 181 1870 1846 1983; baseline -0.003 -18"><span class='ocrx_word' id='word_1_147' title='bbox 181 1870 494 1983; x_wconf 18' lang='grc' dir='ltr'>ιξθόρᾷήμὴ</span> <span class='ocrx_word' id='word_1_148' title='bbox 556 1870 919 1982; x_wconf 69' lang='grc' dir='ltr'>ύποκείμεύον</span> <span class='ocrx_word' id='word_1_149' title='bbox 977 1908 1259 1981; x_wconf 70' lang='grc' dir='ltr'>ἄφθαρτον</span> <span class='ocrx_word' id='word_1_150' title='bbox 1315 1870 1771 1979; x_wconf 61' lang='grc' dir='ltr'>όμὸλογουμένως</span> <span class='ocrx_word' id='word_1_151' title='bbox 1805 1870 1846 1926; x_wconf 73' lang='grc' dir='ltr'><strong>Β</strong></span> 
     </span>
    </p>
   </div>
   <div class='ocr_carea' id='block_1_23' title="bbox 180 2006 354 2060">
    <p class='ocr_par' dir='ltr' id='par_1_23' title="bbox 180 2006 354 2060">
     <span class='ocr_line' id='line_1_23' title="bbox 180 2006 354 2060; baseline 0.006 -1"><span class='ocrx_word' id='word_1_152' title='bbox 180 2006 354 2060; x_wconf 78' lang='grc' dir='ltr'>ἐστίν.</span> 
     </span>
    </p>
   </div>
   <div class='ocr_carea' id='block_1_24' title="bbox 1857 798 3454 875">
    <p class='ocr_par' dir='ltr' id='par_1_24' title="bbox 1857 798 3454 875">
     <span class='ocr_line' id='line_1_24' title="bbox 1857 798 3454 875; baseline -0.001 -20"><span class='ocrx_word' id='word_1_153' title='bbox 1857 815 2129 859; x_wconf 89' lang='lat' dir='ltr'><strong>tueamur.</strong></span> <span class='ocrx_word' id='word_1_154' title='bbox 2157 806 2269 860; x_wconf 75' lang='lat' dir='ltr'><strong>Nec</strong></span> <span class='ocrx_word' id='word_1_155' title='bbox 2313 805 2460 859; x_wconf 89' lang='lat' dir='ltr'><strong>enim</strong></span> <span class='ocrx_word' id='word_1_156' title='bbox 2494 821 2693 874; x_wconf 88' lang='lat' dir='ltr'><strong>corpus</strong></span> <span class='ocrx_word' id='word_1_157' title='bbox 2750 806 2923 875; x_wconf 86' lang='lat' dir='ltr'><strong>ipsius</strong></span> <span class='ocrx_word' id='word_1_158' title='bbox 2971 802 3220 859; x_wconf 85' lang='lat' dir='ltr'><strong>interitui</strong></span> <span class='ocrx_word' id='word_1_159' title='bbox 3278 798 3454 855; x_wconf 83' lang='lat' dir='ltr'><strong>obuo-</strong></span> 
     </span>
    </p>
   </div>
   <div class='ocr_carea' id='block_1_25' title="bbox 1854 898 3446 964">
    <p class='ocr_par' dir='ltr' id='par_1_25' title="bbox 1854 898 3446 964">
     <span class='ocr_line' id='line_1_25' title="bbox 1854 898 3446 964; baseline -0.002 -14"><span class='ocrx_word' id='word_1_160' title='bbox 1854 898 1999 951; x_wconf 81' lang='lat' dir='ltr'><strong>xium</strong></span> <span class='ocrx_word' id='word_1_161' title='bbox 2027 907 2083 953; x_wconf 91' lang='lat' dir='ltr'><strong>et</strong></span> <span class='ocrx_word' id='word_1_162' title='bbox 2106 899 2374 955; x_wconf 87' lang='lat' dir='ltr'><strong>caducum</strong></span> <span class='ocrx_word' id='word_1_163' title='bbox 2407 907 2545 964; x_wconf 83' lang='lat' dir='ltr'><strong>erat,</strong></span> <span class='ocrx_word' id='word_1_164' title='bbox 2574 899 2672 954; x_wconf 89' lang='lat' dir='ltr'><strong>sed</strong></span> <span class='ocrx_word' id='word_1_165' title='bbox 2701 899 2875 953; x_wconf 88' lang='lat' dir='ltr'><strong>instar</strong></span> <span class='ocrx_word' id='word_1_166' title='bbox 2905 913 3086 953; x_wconf 84' lang='lat' dir='ltr'><strong>aureae</strong></span> <span class='ocrx_word' id='word_1_167' title='bbox 3132 904 3328 950; x_wconf 73' lang='lat' dir='ltr'><strong>stature</strong></span> <span class='ocrx_word' id='word_1_168' title='bbox 3357 908 3446 947; x_wconf 91' lang='lat' dir='ltr'><strong>re-</strong></span> 
     </span>
    </p>
   </div>
   <div class='ocr_carea' id='block_1_26' title="bbox 1855 982 3456 1060">
    <p class='ocr_par' dir='ltr' id='par_1_26' title="bbox 1855 982 3456 1060">
     <span class='ocr_line' id='line_1_26' title="bbox 1855 982 3456 1060; baseline -0.006 -15"><span class='ocrx_word' id='word_1_169' title='bbox 1855 1005 1987 1045; x_wconf 90' lang='lat' dir='ltr'><strong>cens</strong></span> <span class='ocrx_word' id='word_1_170' title='bbox 2017 990 2227 1060; x_wconf 69' lang='lat' dir='ltr'><strong>educta:</strong></span> <span class='ocrx_word' id='word_1_171' title='bbox 2269 989 2339 1044; x_wconf 89' lang='lat' dir='ltr'><strong>de</strong></span> <span class='ocrx_word' id='word_1_172' title='bbox 2374 988 2594 1043; x_wconf 77' lang='lat' dir='ltr'><strong>fornace</strong></span> <span class='ocrx_word' id='word_1_173' title='bbox 2631 988 2968 1058; x_wconf 81' lang='lat' dir='ltr'><strong>miriﬁceque</strong></span> <span class='ocrx_word' id='word_1_174' title='bbox 3015 983 3352 1058; x_wconf 87' lang='lat' dir='ltr'><strong>splendentis</strong></span> <span class='ocrx_word' id='word_1_175' title='bbox 3387 982 3456 1036; x_wconf 86' lang='lat' dir='ltr'><strong>ab</strong></span> 
     </span>
    </p>
   </div>
   <div class='ocr_carea' id='block_1_27' title="bbox 1857 1061 3457 1148">
    <p class='ocr_par' dir='ltr' id='par_1_27' title="bbox 1857 1061 3457 1148">
     <span class='ocr_line' id='line_1_27' title="bbox 1857 1061 3457 1148; baseline -0.004 -15"><span class='ocrx_word' id='word_1_176' title='bbox 1857 1077 2008 1133; x_wconf 91' lang='lat' dir='ltr'><strong>omni</strong></span> <span class='ocrx_word' id='word_1_177' title='bbox 2044 1093 2246 1148; x_wconf 90' lang='lat' dir='ltr'><strong>corpus</strong></span> <span class='ocrx_word' id='word_1_178' title='bbox 2275 1077 2408 1133; x_wconf 92' lang='lat' dir='ltr'><strong>illud</strong></span> <span class='ocrx_word' id='word_1_179' title='bbox 2435 1078 2658 1132; x_wconf 88' lang='lat' dir='ltr'><strong>interitu</strong></span> <span class='ocrx_word' id='word_1_180' title='bbox 2710 1086 2831 1134; x_wconf 89' lang='lat' dir='ltr'><strong>erat</strong></span> <span class='ocrx_word' id='word_1_181' title='bbox 2873 1061 3139 1132; x_wconf 77' lang='lat' dir='ltr'><strong>immune.</strong></span> <span class='ocrx_word' id='word_1_182' title='bbox 3202 1075 3324 1131; x_wconf 83' lang='lat' dir='ltr'><strong>Non</strong></span> <span class='ocrx_word' id='word_1_183' title='bbox 3378 1072 3457 1126; x_wconf 88' lang='lat' dir='ltr'><strong>illi</strong></span> 
     </span>
    </p>
   </div>
   <div class='ocr_carea' id='block_1_28' title="bbox 1859 1168 3455 1241">
    <p class='ocr_par' dir='ltr' id='par_1_28' title="bbox 1859 1168 3455 1241">
     <span class='ocr_line' id='line_1_28' title="bbox 1859 1168 3455 1241; baseline -0.004 -17"><span class='ocrx_word' id='word_1_184' title='bbox 1859 1171 2125 1224; x_wconf 88' lang='lat' dir='ltr'><strong>molestus</strong></span> <span class='ocrx_word' id='word_1_185' title='bbox 2156 1179 2275 1224; x_wconf 90' lang='lat' dir='ltr'><strong>erat</strong></span> <span class='ocrx_word' id='word_1_186' title='bbox 2308 1169 2462 1241; x_wconf 82' lang='lat' dir='ltr'><strong>labor</strong></span> <span class='ocrx_word' id='word_1_187' title='bbox 2498 1170 2662 1235; x_wconf 90' lang='lat' dir='ltr'><strong>ullus,</strong></span> <span class='ocrx_word' id='word_1_188' title='bbox 2694 1186 2806 1226; x_wconf 90' lang='lat' dir='ltr'><strong>non</strong></span> <span class='ocrx_word' id='word_1_189' title='bbox 2829 1185 2858 1224; x_wconf 89' lang='lat' dir='ltr'><strong>a</strong></span> <span class='ocrx_word' id='word_1_190' title='bbox 2882 1172 3083 1225; x_wconf 85' lang='lat' dir='ltr'><strong>sudore</strong></span> <span class='ocrx_word' id='word_1_191' title='bbox 3131 1168 3455 1227; x_wconf 83' lang='lat' dir='ltr'><strong>laedebatur,</strong></span> 
     </span>
    </p>
   </div>
   <div class='ocr_carea' id='block_1_29' title="bbox 1860 1259 3458 1328">
    <p class='ocr_par' dir='ltr' id='par_1_29' title="bbox 1860 1259 3458 1328">
     <span class='ocr_line' id='line_1_29' title="bbox 1860 1259 3458 1328; baseline -0.003 -14"><span class='ocrx_word' id='word_1_192' title='bbox 1860 1277 1970 1316; x_wconf 92' lang='lat' dir='ltr'><strong>non</strong></span> <span class='ocrx_word' id='word_1_193' title='bbox 2008 1260 2413 1317; x_wconf 80' lang='lat' dir='ltr'><strong>insidiabantur</strong></span> <span class='ocrx_word' id='word_1_194' title='bbox 2465 1262 2514 1317; x_wconf 89' lang='lat' dir='ltr'><strong>ei</strong></span> <span class='ocrx_word' id='word_1_195' title='bbox 2552 1277 2721 1327; x_wconf 81' lang='lat' dir='ltr'><strong>curae,</strong></span> <span class='ocrx_word' id='word_1_196' title='bbox 2785 1277 2894 1316; x_wconf 91' lang='lat' dir='ltr'><strong>non</strong></span> <span class='ocrx_word' id='word_1_197' title='bbox 2950 1276 3223 1316; x_wconf 64' lang='lat' dir='ltr'><strong>maerores</strong></span> <span class='ocrx_word' id='word_1_198' title='bbox 3278 1259 3458 1328; x_wconf 90' lang='lat' dir='ltr'><strong>ipsum</strong></span> 
     </span>
    </p>
   </div>
   <div class='ocr_carea' id='block_1_30' title="bbox 1862 1346 3461 1428">
    <p class='ocr_par' dir='ltr' id='par_1_30' title="bbox 1862 1346 3461 1428">
     <span class='ocr_line' id='line_1_30' title="bbox 1862 1346 3461 1428; baseline -0.005 -18"><span class='ocrx_word' id='word_1_199' title='bbox 1862 1355 2273 1426; x_wconf 79' lang='lat' dir='ltr'><strong>oppugnabant,</strong></span> <span class='ocrx_word' id='word_1_200' title='bbox 2310 1370 2419 1409; x_wconf 91' lang='lat' dir='ltr'><strong>non</strong></span> <span class='ocrx_word' id='word_1_201' title='bbox 2458 1356 2675 1428; x_wconf 83' lang='lat' dir='ltr'><strong>sordes,</strong></span> <span class='ocrx_word' id='word_1_202' title='bbox 2709 1369 2820 1408; x_wconf 89' lang='lat' dir='ltr'><strong>non</strong></span> <span class='ocrx_word' id='word_1_203' title='bbox 2852 1354 3135 1425; x_wconf 85' lang='lat' dir='ltr'><strong>lacrymae,</strong></span> <span class='ocrx_word' id='word_1_204' title='bbox 3166 1346 3276 1406; x_wconf 83' lang='lat' dir='ltr'><strong>non</strong></span> <span class='ocrx_word' id='word_1_205' title='bbox 3313 1349 3461 1403; x_wconf 80' lang='lat' dir='ltr'><strong>aliud</strong></span> 
     </span>
    </p>
   </div>
   <div class='ocr_carea' id='block_1_31' title="bbox 1864 1440 3466 1516">
    <p class='ocr_par' dir='ltr' id='par_1_31' title="bbox 1864 1440 3466 1516">
     <span class='ocr_line' id='line_1_31' title="bbox 1864 1440 3466 1516; baseline -0.004 -16"><span class='ocrx_word' id='word_1_206' title='bbox 1864 1446 2163 1516; x_wconf 84' lang='lat' dir='ltr'><strong>quidquam</strong></span> <span class='ocrx_word' id='word_1_207' title='bbox 2200 1445 2473 1515; x_wconf 83' lang='lat' dir='ltr'><strong>ejusmodi</strong></span> <span class='ocrx_word' id='word_1_208' title='bbox 2534 1443 2887 1500; x_wconf 78' lang='lat' dir='ltr'><strong>ali‘ectionum</strong></span> <span class='ocrx_word' id='word_1_209' title='bbox 2937 1443 3194 1498; x_wconf 81' lang='lat' dir='ltr'><strong>vexabat.</strong></span> <span class='ocrx_word' id='word_1_210' title='bbox 3262 1440 3466 1495; x_wconf 74' lang='lat' dir='ltr'><strong>Verum</strong></span> 
     </span>
    </p>
   </div>
   <div class='ocr_carea' id='block_1_32' title="bbox 1867 1534 3461 1609">
    <p class='ocr_par' dir='ltr' id='par_1_32' title="bbox 1867 1534 3461 1609">
     <span class='ocr_line' id='line_1_32' title="bbox 1867 1534 3461 1609; baseline -0.001 -20"><span class='ocrx_word' id='word_1_211' title='bbox 1867 1547 2220 1609; x_wconf 82' lang='lat' dir='ltr'><strong>posteaquam</strong></span> <span class='ocrx_word' id='word_1_212' title='bbox 2245 1538 2515 1594; x_wconf 87' lang='lat' dir='ltr'><strong>adversus</strong></span> <span class='ocrx_word' id='word_1_213' title='bbox 2544 1537 2852 1595; x_wconf 79' lang='lat' dir='ltr'><strong>beneﬁcum</strong></span> <span class='ocrx_word' id='word_1_214' title='bbox 2882 1553 3009 1609; x_wconf 89' lang='lat' dir='ltr'><strong>erga</strong></span> <span class='ocrx_word' id='word_1_215' title='bbox 3034 1553 3093 1594; x_wconf 86' lang='lat' dir='ltr'><strong>se</strong></span> <span class='ocrx_word' id='word_1_216' title='bbox 3124 1534 3293 1591; x_wconf 82' lang='lat' dir='ltr'><strong>Deum</strong></span> <span class='ocrx_word' id='word_1_217' title='bbox 3315 1544 3461 1606; x_wconf 88' lang='lat' dir='ltr'><strong>petu-</strong></span> 
     </span>
    </p>
   </div>
   <div class='ocr_carea' id='block_1_33' title="bbox 1868 1628 3471 1702">
    <p class='ocr_par' dir='ltr' id='par_1_33' title="bbox 1868 1628 3471 1702">
     <span class='ocr_line' id='line_1_33' title="bbox 1868 1628 3471 1702; baseline 0 -21"><span class='ocrx_word' id='word_1_218' title='bbox 1868 1628 2045 1683; x_wconf 86' lang='lat' dir='ltr'><strong>lanter</strong></span> <span class='ocrx_word' id='word_1_219' title='bbox 2078 1630 2273 1702; x_wconf 81' lang='lat' dir='ltr'><strong>gessit,</strong></span> <span class='ocrx_word' id='word_1_220' title='bbox 2303 1638 2359 1686; x_wconf 89' lang='lat' dir='ltr'><strong>et</strong></span> <span class='ocrx_word' id='word_1_221' title='bbox 2395 1630 2565 1685; x_wconf 89' lang='lat' dir='ltr'><strong>Deum</strong></span> <span class='ocrx_word' id='word_1_222' title='bbox 2631 1644 2691 1685; x_wconf 89' lang='lat' dir='ltr'><strong>se</strong></span> <span class='ocrx_word' id='word_1_223' title='bbox 2741 1645 3037 1688; x_wconf 85' lang='lat' dir='ltr'><strong>evasurum</strong></span> <span class='ocrx_word' id='word_1_224' title='bbox 3095 1628 3356 1697; x_wconf 83' lang='lat' dir='ltr'><strong>speravit,</strong></span> <span class='ocrx_word' id='word_1_225' title='bbox 3416 1635 3471 1681; x_wconf 84' lang='lat' dir='ltr'><strong>et</strong></span> 
     </span>
    </p>
   </div>
   <div class='ocr_carea' id='block_1_34' title="bbox 1871 1719 3470 1795">
    <p class='ocr_par' dir='ltr' id='par_1_34' title="bbox 1871 1719 3470 1795">
     <span class='ocr_line' id='line_1_34' title="bbox 1871 1719 3470 1795; baseline -0.001 -20"><span class='ocrx_word' id='word_1_226' title='bbox 1871 1723 2076 1793; x_wconf 83' lang='lat' dir='ltr'><strong>majora</strong></span> <span class='ocrx_word' id='word_1_227' title='bbox 2108 1738 2272 1792; x_wconf 89' lang='lat' dir='ltr'><strong>quam</strong></span> <span class='ocrx_word' id='word_1_228' title='bbox 2294 1722 2478 1793; x_wconf 80' lang='lat' dir='ltr'><strong>ipsius</strong></span> <span class='ocrx_word' id='word_1_229' title='bbox 2507 1723 2745 1795; x_wconf 78' lang='lat' dir='ltr'><strong>dignitas</strong></span> <span class='ocrx_word' id='word_1_230' title='bbox 2765 1722 2939 1778; x_wconf 78' lang='lat' dir='ltr'><strong>ferret</strong></span> <span class='ocrx_word' id='word_1_231' title='bbox 2967 1722 3153 1776; x_wconf 91' lang='lat' dir='ltr'><strong>animo</strong></span> <span class='ocrx_word' id='word_1_232' title='bbox 3190 1719 3470 1789; x_wconf 81' lang='lat' dir='ltr'><strong>cenrepit,</strong></span> 
     </span>
    </p>
   </div>
   <div class='ocr_carea' id='block_1_35' title="bbox 1876 1812 3473 1887">
    <p class='ocr_par' dir='ltr' id='par_1_35' title="bbox 1876 1812 3473 1887">
     <span class='ocr_line' id='line_1_35' title="bbox 1876 1812 3473 1887; baseline -0.001 -21"><span class='ocrx_word' id='word_1_233' title='bbox 1876 1820 1991 1866; x_wconf 89' lang='lat' dir='ltr'><strong>tum</strong></span> <span class='ocrx_word' id='word_1_234' title='bbox 2026 1827 2158 1869; x_wconf 85' lang='lat' dir='ltr'><strong>vero</strong></span> <span class='ocrx_word' id='word_1_235' title='bbox 2194 1813 2477 1887; x_wconf 82' lang='lat' dir='ltr'><strong>c’astigans</strong></span> <span class='ocrx_word' id='word_1_236' title='bbox 2527 1829 2655 1871; x_wconf 87' lang='lat' dir='ltr'><strong>eum</strong></span> <span class='ocrx_word' id='word_1_237' title='bbox 2696 1814 2845 1870; x_wconf 89' lang='lat' dir='ltr'><strong>Deus</strong></span> <span class='ocrx_word' id='word_1_238' title='bbox 2886 1813 3140 1873; x_wconf 90' lang='lat' dir='ltr'><strong>interitui</strong></span> <span class='ocrx_word' id='word_1_239' title='bbox 3195 1812 3473 1881; x_wconf 85' lang='lat' dir='ltr'><strong>mortique</strong></span> 
     </span>
    </p>
   </div>
   <div class='ocr_carea' id='block_1_36' title="bbox 1880 1904 3473 1974">
    <p class='ocr_par' dir='ltr' id='par_1_36' title="bbox 1880 1904 3473 1974">
     <span class='ocr_line' id='line_1_36' title="bbox 1880 1904 3473 1974; baseline -0.003 -14"><span class='ocrx_word' id='word_1_240' title='bbox 1880 1906 2121 1962; x_wconf 87' lang='lat' dir='ltr'><strong>reddidit</strong></span> <span class='ocrx_word' id='word_1_241' title='bbox 2152 1908 2487 1974; x_wconf 78' lang='lat' dir='ltr'><strong>obnoxium,</strong></span> <span class='ocrx_word' id='word_1_242' title='bbox 2520 1924 2585 1971; x_wconf 81' lang='lat' dir='ltr'><strong>ac</strong></span> <span class='ocrx_word' id='word_1_243' title='bbox 2628 1908 2800 1965; x_wconf 86' lang='lat' dir='ltr'><strong>variis</strong></span> <span class='ocrx_word' id='word_1_244' title='bbox 2847 1907 3002 1962; x_wconf 87' lang='lat' dir='ltr'><strong>hisce</strong></span> <span class='ocrx_word' id='word_1_245' title='bbox 3043 1904 3473 1961; x_wconf 78' lang='lat' dir='ltr'><strong>necessitatibus</strong></span> 
     </span>
    </p>
   </div>
   <div class='ocr_carea' id='block_1_37' title="bbox 1878 1998 3479 2061">
    <p class='ocr_par' dir='ltr' id='par_1_37' title="bbox 1878 1998 3479 2061">
     <span class='ocr_line' id='line_1_37' title="bbox 1878 1998 3479 2061; baseline -0.006 -6"><span class='ocrx_word' id='word_1_246' title='bbox 1878 1999 2229 2056; x_wconf 57' lang='lat' dir='ltr'><strong>adstrinxila</strong></span> <span class='ocrx_word' id='word_1_247' title='bbox 2288 2000 2417 2058; x_wconf 56' lang='lat' dir='ltr'><strong>Haec</strong></span> <span class='ocrx_word' id='word_1_248' title='bbox 2448 2001 2693 2058; x_wconf 88' lang='lat' dir='ltr'><strong>hominis</strong></span> <span class='ocrx_word' id='word_1_249' title='bbox 2738 2002 2888 2056; x_wconf 88' lang='lat' dir='ltr'><strong>illius</strong></span> <span class='ocrx_word' id='word_1_250' title='bbox 2920 1999 3092 2056; x_wconf 82' lang='lat' dir='ltr'><strong>divini</strong></span> <span class='ocrx_word' id='word_1_251' title='bbox 3122 1998 3289 2054; x_wconf 84' lang='lat' dir='ltr'><strong>verba</strong></span> <span class='ocrx_word' id='word_1_252' title='bbox 3326 2005 3479 2061; x_wconf 85' lang='lat' dir='ltr'><strong>sunt,</strong></span> 
     </span>
    </p>
   </div>
   <div class='ocr_carea' id='block_1_38' title="bbox 180 2098 3477 2178">
    <p class='ocr_par' dir='ltr' id='par_1_38' title="bbox 180 2098 3477 2178">
     <span class='ocr_line' id='line_1_38' title="bbox 180 2098 3477 2178; baseline -0.002 -21"><span class='ocrx_word' id='word_1_253' title='bbox 180 2118 410 2173; x_wconf 88' lang='lat' dir='ltr'><strong>quorum</strong></span> <span class='ocrx_word' id='word_1_254' title='bbox 444 2102 775 2158; x_wconf 88' lang='lat' dir='ltr'><strong>auctoritate</strong></span> <span class='ocrx_word' id='word_1_255' title='bbox 809 2100 855 2158; x_wconf 88' lang='lat' dir='ltr'><strong>si</strong></span> <span class='ocrx_word' id='word_1_256' title='bbox 889 2116 1091 2172; x_wconf 89' lang='lat' dir='ltr'><strong>corpus</strong></span> <span class='ocrx_word' id='word_1_257' title='bbox 1122 2100 1320 2157; x_wconf 84' lang='lat' dir='ltr'><strong>Adami</strong></span> <span class='ocrx_word' id='word_1_258' title='bbox 1352 2100 1606 2178; x_wconf 81' lang='lat' dir='ltr'><strong>dicamus</strong></span> <span class='ocrx_word' id='word_1_259' title='bbox 1632 2099 1897 2157; x_wconf 87' lang='lat' dir='ltr'><strong>interitus</strong></span> <span class='ocrx_word' id='word_1_260' title='bbox 1932 2115 2130 2172; x_wconf 82' lang='lat' dir='ltr'><strong>expers</strong></span> <span class='ocrx_word' id='word_1_261' title='bbox 2160 2102 2354 2169; x_wconf 83' lang='lat' dir='ltr'><strong>fuisse,</strong></span> <span class='ocrx_word' id='word_1_262' title='bbox 2391 2111 2541 2165; x_wconf 86' lang='lat' dir='ltr'><strong>recte</strong></span> <span class='ocrx_word' id='word_1_263' title='bbox 2593 2101 2649 2158; x_wconf 86' lang='lat' dir='ltr'><strong>id</strong></span> <span class='ocrx_word' id='word_1_264' title='bbox 2709 2101 2933 2175; x_wconf 79' lang='lat' dir='ltr'><strong>quidem</strong></span> <span class='ocrx_word' id='word_1_265' title='bbox 2996 2098 3195 2156; x_wconf 82' lang='lat' dir='ltr'><strong>facturi</strong></span> <span class='ocrx_word' id='word_1_266' title='bbox 3251 2111 3477 2155; x_wconf 85' lang='lat' dir='ltr'><strong>sumus:</strong></span> 
     </span>
    </p>
   </div>
   <div class='ocr_carea' id='block_1_39' title="bbox 185 2196 2930 2270">
    <p class='ocr_par' dir='ltr' id='par_1_39' title="bbox 185 2196 2930 2270">
     <span class='ocr_line' id='line_1_39' title="bbox 185 2196 2930 2270; baseline -0.001 -15"><span class='ocrx_word' id='word_1_267' title='bbox 185 2216 307 2256; x_wconf 88' lang='lat' dir='ltr'><strong>nam</strong></span> <span class='ocrx_word' id='word_1_268' title='bbox 340 2200 487 2270; x_wconf 87' lang='lat' dir='ltr'><strong>quod</strong></span> <span class='ocrx_word' id='word_1_269' title='bbox 522 2198 657 2253; x_wconf 91' lang='lat' dir='ltr'><strong>nulli</strong></span> <span class='ocrx_word' id='word_1_270' title='bbox 682 2199 994 2270; x_wconf 81' lang='lat' dir='ltr'><strong>subjectum</strong></span> <span class='ocrx_word' id='word_1_271' title='bbox 1018 2210 1105 2256; x_wconf 86' lang='lat' dir='ltr'><strong>est</strong></span> <span class='ocrx_word' id='word_1_272' title='bbox 1124 2198 1401 2263; x_wconf 87' lang='lat' dir='ltr'><strong>interitui,</strong></span> <span class='ocrx_word' id='word_1_273' title='bbox 1434 2197 1582 2253; x_wconf 87' lang='lat' dir='ltr'><strong>haud</strong></span> <span class='ocrx_word' id='word_1_274' title='bbox 1608 2196 1779 2254; x_wconf 89' lang='lat' dir='ltr'><strong>dubie</strong></span> <span class='ocrx_word' id='word_1_275' title='bbox 1814 2197 2098 2253; x_wconf 81' lang='lat' dir='ltr'><strong>latendum</strong></span> <span class='ocrx_word' id='word_1_276' title='bbox 2134 2204 2217 2253; x_wconf 90' lang='lat' dir='ltr'><strong>est</strong></span> <span class='ocrx_word' id='word_1_277' title='bbox 2254 2197 2518 2254; x_wconf 90' lang='lat' dir='ltr'><strong>interitus</strong></span> <span class='ocrx_word' id='word_1_278' title='bbox 2555 2212 2755 2269; x_wconf 82' lang='lat' dir='ltr'><strong>expers</strong></span> <span class='ocrx_word' id='word_1_279' title='bbox 2783 2211 2930 2252; x_wconf 88' lang='lat' dir='ltr'><strong>esse.</strong></span> 
     </span>
    </p>
   </div>
   <div class='ocr_carea' id='block_1_40' title="bbox 252 2294 1770 2367">
    <p class='ocr_par' dir='ltr' id='par_1_40' title="bbox 252 2294 1770 2367">
     <span class='ocr_line' id='line_1_40' title="bbox 252 2294 1770 2367; baseline -0.002 -16"><span class='ocrx_word' id='word_1_280' title='bbox 252 2299 313 2351; x_wconf 87' lang='lat' dir='ltr'><strong>Ei</strong></span> <span class='ocrx_word' id='word_1_281' title='bbox 344 2298 401 2351; x_wconf 80' lang='grc' dir='ltr'>δὲ</span> <span class='ocrx_word' id='word_1_282' title='bbox 430 2297 732 2367; x_wconf 80' lang='grc' dir='ltr'>ἄφθαρτον,</span> <span class='ocrx_word' id='word_1_283' title='bbox 758 2295 877 2360; x_wconf 86' lang='grc' dir='ltr'>πῶς</span> <span class='ocrx_word' id='word_1_284' title='bbox 899 2296 1010 2367; x_wconf 78' lang='grc' dir='ltr'>ἄρα</span> <span class='ocrx_word' id='word_1_285' title='bbox 1038 2296 1133 2349; x_wconf 70' lang='grc' dir='ltr'><strong>καὶ</strong></span> <span class='ocrx_word' id='word_1_286' title='bbox 1157 2294 1283 2349; x_wconf 86' lang='grc' dir='ltr'>τίνα</span> <span class='ocrx_word' id='word_1_287' title='bbox 1309 2295 1514 2366; x_wconf 82' lang='grc' dir='ltr'>τρόπον</span> <span class='ocrx_word' id='word_1_288' title='bbox 1538 2294 1770 2365; x_wconf 73' lang='grc' dir='ltr'>ἔπασχε,</span> 
     </span>
    </p>
   </div>
   <div class='ocr_carea' id='block_1_41' title="bbox 184 2382 1776 2456">
    <p class='ocr_par' dir='ltr' id='par_1_41' title="bbox 184 2382 1776 2456">
     <span class='ocr_line' id='line_1_41' title="bbox 184 2382 1776 2456; baseline -0.001 -18"><span class='ocrx_word' id='word_1_289' title='bbox 184 2385 339 2440; x_wconf 73' lang='grc' dir='ltr'>τοῦτο</span> <span class='ocrx_word' id='word_1_290' title='bbox 369 2385 565 2456; x_wconf 70' lang='grc' dir='ltr'>μαθεῖν</span> <span class='ocrx_word' id='word_1_291' title='bbox 612 2382 897 2454; x_wconf 78' lang='grc' dir='ltr'>ἀξιοῦμεν.</span> <span class='ocrx_word' id='word_1_292' title='bbox 942 2382 1142 2453; x_wconf 77' lang='grc' dir='ltr'>Ἡμεῖς</span> <span class='ocrx_word' id='word_1_293' title='bbox 1175 2382 1287 2454; x_wconf 82' lang='grc' dir='ltr'>γὰρ</span> <span class='ocrx_word' id='word_1_294' title='bbox 1317 2384 1412 2454; x_wconf 77' lang='grc' dir='ltr'><strong>ἀφ’</strong></span> <span class='ocrx_word' id='word_1_295' title='bbox 1444 2383 1660 2437; x_wconf 81' lang='grc' dir='ltr'>ἑαυτῶν</span> <span class='ocrx_word' id='word_1_296' title='bbox 1686 2386 1776 2436; x_wconf 80' lang='grc' dir='ltr'>ἐν-</span> 
     </span>
    </p>
   </div>
   <div class='ocr_carea' id='block_1_42' title="bbox 188 2474 1778 2548">
    <p class='ocr_par' dir='ltr' id='par_1_42' title="bbox 188 2474 1778 2548">
     <span class='ocr_line' id='line_1_42' title="bbox 188 2474 1778 2548; baseline -0.003 -16"><span class='ocrx_word' id='word_1_297' title='bbox 188 2480 395 2548; x_wconf 82' lang='grc' dir='ltr'>νοῆσαι,</span> <span class='ocrx_word' id='word_1_298' title='bbox 452 2476 573 2539; x_wconf 70' lang='grc' dir='ltr'>πῶς</span> <span class='ocrx_word' id='word_1_299' title='bbox 612 2476 890 2529; x_wconf 74' lang='grc' dir='ltr'>ὑπέπιπτε</span> <span class='ocrx_word' id='word_1_300' title='bbox 946 2474 1151 2530; x_wconf 78' lang='grc' dir='ltr'>πάθεσι</span> <span class='ocrx_word' id='word_1_301' title='bbox 1188 2475 1351 2545; x_wconf 84' lang='grc' dir='ltr'>σῶμα</span> <span class='ocrx_word' id='word_1_302' title='bbox 1387 2476 1571 2545; x_wconf 84' lang='grc' dir='ltr'>πάσης</span> <span class='ocrx_word' id='word_1_303' title='bbox 1602 2475 1778 2546; x_wconf 83' lang='grc' dir='ltr'>ἀπηλ-</span> 
     </span>
    </p>
   </div>
   <div class='ocr_carea' id='block_1_43' title="bbox 189 2568 1777 2641">
    <p class='ocr_par' dir='ltr' id='par_1_43' title="bbox 189 2568 1777 2641">
     <span class='ocr_line' id='line_1_43' title="bbox 189 2568 1777 2641; baseline -0.001 -18"><span class='ocrx_word' id='word_1_304' title='bbox 189 2571 455 2641; x_wconf 78' lang='grc' dir='ltr'>λαγμένον</span> <span class='ocrx_word' id='word_1_305' title='bbox 490 2570 719 2641; x_wconf 79' lang='grc' dir='ltr'>φθορᾶς,</span> <span class='ocrx_word' id='word_1_306' title='bbox 769 2570 870 2624; x_wconf 83' lang='grc' dir='ltr'><strong>οὐκ</strong></span> <span class='ocrx_word' id='word_1_307' title='bbox 901 2570 1069 2639; x_wconf 73' lang='grc' dir='ltr'>ἐσμὲν</span> <span class='ocrx_word' id='word_1_308' title='bbox 1125 2570 1326 2634; x_wconf 73' lang='grc' dir='ltr'>ἱκανοὶ,</span> <span class='ocrx_word' id='word_1_309' title='bbox 1364 2570 1461 2622; x_wconf 77' lang='grc' dir='ltr'><strong>καὶ</strong></span> <span class='ocrx_word' id='word_1_310' title='bbox 1495 2568 1587 2623; x_wconf 75' lang='grc' dir='ltr'><strong>διὰ</strong></span> <span class='ocrx_word' id='word_1_311' title='bbox 1619 2569 1777 2622; x_wconf 81' lang='grc' dir='ltr'>τοῦτο</span> 
     </span>
    </p>
   </div>
   <div class='ocr_carea' id='block_1_44' title="bbox 191 2660 1780 2734">
    <p class='ocr_par' dir='ltr' id='par_1_44' title="bbox 191 2660 1780 2734">
     <span class='ocr_line' id='line_1_44' title="bbox 191 2660 1780 2734; baseline -0.002 -17"><span class='ocrx_word' id='word_1_312' title='bbox 191 2660 614 2734; x_wconf 73' lang='grc' dir='ltr'>παρακαλοῦμεν</span> <span class='ocrx_word' id='word_1_313' title='bbox 650 2660 862 2732; x_wconf 81' lang='grc' dir='ltr'>μαθεῖν.</span> <span class='ocrx_word' id='word_1_314' title='bbox 930 2660 1058 2718; x_wconf 73' lang='grc' dir='ltr'>Ὀτι</span> <span class='ocrx_word' id='word_1_315' title='bbox 1093 2660 1150 2714; x_wconf 81' lang='grc' dir='ltr'>δὲ</span> <span class='ocrx_word' id='word_1_316' title='bbox 1187 2660 1468 2731; x_wconf 81' lang='grc' dir='ltr'>ἄφθαρτον</span> <span class='ocrx_word' id='word_1_317' title='bbox 1498 2661 1678 2714; x_wconf 75' lang='grc' dir='ltr'>ἐκεῖνο</span> <span class='ocrx_word' id='word_1_318' title='bbox 1717 2660 1780 2714; x_wconf 91' lang='grc' dir='ltr'><strong>τὸ</strong></span> 
     </span>
    </p>
   </div>
   <div class='ocr_carea' id='block_1_45' title="bbox 195 2746 1781 2828">
    <p class='ocr_par' dir='ltr' id='par_1_45' title="bbox 195 2746 1781 2828">
     <span class='ocr_line' id='line_1_45' title="bbox 195 2746 1781 2828; baseline -0.004 -18"><span class='ocrx_word' id='word_1_319' title='bbox 195 2755 347 2828; x_wconf 77' lang='grc' dir='ltr'>σῶμα</span> <span class='ocrx_word' id='word_1_320' title='bbox 398 2758 493 2809; x_wconf 75' lang='grc' dir='ltr'><strong>καὶ</strong></span> <span class='ocrx_word' id='word_1_321' title='bbox 545 2757 813 2810; x_wconf 85' lang='grc' dir='ltr'>ἀθάνατον</span> <span class='ocrx_word' id='word_1_322' title='bbox 859 2746 949 2824; x_wconf 76' lang='grc' dir='ltr'>ἦν,</span> <span class='ocrx_word' id='word_1_323' title='bbox 1007 2755 1034 2808; x_wconf 92' lang='lat'><strong>6</strong></span> <span class='ocrx_word' id='word_1_324' title='bbox 1090 2753 1370 2825; x_wconf 84' lang='grc' dir='ltr'>μακάριος</span> <span class='ocrx_word' id='word_1_325' title='bbox 1427 2751 1597 2818; x_wconf 73' lang='grc' dir='ltr'>ἔδειξε</span> <span class='ocrx_word' id='word_1_326' title='bbox 1668 2753 1781 2805; x_wconf 85' lang='grc' dir='ltr'><strong>Κύ-</strong></span> 
     </span>
    </p>
   </div>
   <div class='ocr_carea' id='block_1_46' title="bbox 198 2844 1777 2919">
    <p class='ocr_par' dir='ltr' id='par_1_46' title="bbox 198 2844 1777 2919">
     <span class='ocr_line' id='line_1_46' title="bbox 198 2844 1777 2919; baseline -0.002 -17"><span class='ocrx_word' id='word_1_327' title='bbox 198 2849 367 2919; x_wconf 81' lang='grc' dir='ltr'>ριλλος</span> <span class='ocrx_word' id='word_1_328' title='bbox 411 2851 470 2903; x_wconf 84' lang='grc' dir='ltr'><strong>ἐν</strong></span> <span class='ocrx_word' id='word_1_329' title='bbox 511 2850 588 2919; x_wconf 85' lang='grc' dir='ltr'>τῷ</span> <span class='ocrx_word' id='word_1_330' title='bbox 638 2852 717 2913; x_wconf 88' lang='grc' dir='ltr'><strong>εἰς</strong></span> <span class='ocrx_word' id='word_1_331' title='bbox 748 2850 847 2916; x_wconf 79' lang='grc' dir='ltr'><strong>τὴν</strong></span> <span class='ocrx_word' id='word_1_332' title='bbox 901 2847 1274 2919; x_wconf 74' lang='grc' dir='ltr'>δημιουργίαν</span> <span class='ocrx_word' id='word_1_333' title='bbox 1323 2845 1420 2901; x_wconf 76' lang='grc' dir='ltr'>τοῦ</span> <span class='ocrx_word' id='word_1_334' title='bbox 1482 2844 1777 2916; x_wconf 84' lang='grc' dir='ltr'>ἀνθρώπου</span> 
     </span>
    </p>
   </div>
   <div class='ocr_carea' id='block_1_47' title="bbox 194 2937 1782 3012">
    <p class='ocr_par' dir='ltr' id='par_1_47' title="bbox 194 2937 1782 3012">
     <span class='ocr_line' id='line_1_47' title="bbox 194 2937 1782 3012; baseline -0.001 -19"><span class='ocrx_word' id='word_1_335' title='bbox 194 2940 331 3012; x_wconf 81' lang='grc' dir='ltr'>λόγῳ</span> <span class='ocrx_word' id='word_1_336' title='bbox 356 2940 545 3005; x_wconf 80' lang='grc' dir='ltr'>αὑτοῦ,</span> <span class='ocrx_word' id='word_1_337' title='bbox 586 2940 726 2994; x_wconf 74' lang='grc' dir='ltr'>κατὰ</span> <span class='ocrx_word' id='word_1_338' title='bbox 752 2940 899 3007; x_wconf 79' lang='grc' dir='ltr'>λέξιν</span> <span class='ocrx_word' id='word_1_339' title='bbox 922 2939 1099 3002; x_wconf 73' lang='grc' dir='ltr'>οὕτως</span> <span class='ocrx_word' id='word_1_340' title='bbox 1132 2937 1308 2993; x_wconf 78' lang='grc' dir='ltr'>εἰπών</span> <span class='ocrx_word' id='word_1_341' title='bbox 1331 2955 1346 2971; x_wconf 76' lang='grc' dir='ltr'><strong><em>ο</em></strong></span> <span class='ocrx_word' id='word_1_342' title='bbox 1391 2957 1409 2991; x_wconf 79' lang='grc' dir='ltr'><strong>ι</strong></span> <span class='ocrx_word' id='word_1_343' title='bbox 1448 2938 1782 3008; x_wconf 81' lang='grc' dir='ltr'>Ἐπεποίητο</span> 
     </span>
    </p>
   </div>
   <div class='ocr_carea' id='block_1_48' title="bbox 200 3030 1781 3111">
    <p class='ocr_par' dir='ltr' id='par_1_48' title="bbox 200 3030 1781 3111">
     <span class='ocr_line' id='line_1_48' title="bbox 200 3030 1781 3111; baseline -0.002 -24"><span class='ocrx_word' id='word_1_344' title='bbox 200 3036 292 3107; x_wconf 66' lang='grc' dir='ltr'><strong>μέν</strong></span> <span class='ocrx_word' id='word_1_345' title='bbox 317 3035 425 3088; x_wconf 79' lang='grc' dir='ltr'><strong>ἀπὸ</strong></span> <span class='ocrx_word' id='word_1_346' title='bbox 454 3032 560 3104; x_wconf 83' lang='grc' dir='ltr'>γῆς</span> <span class='ocrx_word' id='word_1_347' title='bbox 581 3034 642 3088; x_wconf 89' lang='grc' dir='ltr'><strong>τὸ</strong></span> <span class='ocrx_word' id='word_1_348' title='bbox 668 3032 828 3103; x_wconf 85' lang='grc' dir='ltr'>σῶμα</span> <span class='ocrx_word' id='word_1_349' title='bbox 851 3032 945 3086; x_wconf 77' lang='grc' dir='ltr'>τοῦ</span> <span class='ocrx_word' id='word_1_350' title='bbox 977 3030 1178 3111; x_wconf 72' lang='grc' dir='ltr'>’Δδάμ,</span> <span class='ocrx_word' id='word_1_351' title='bbox 1197 3031 1425 3102; x_wconf 81' lang='grc' dir='ltr'>ἄμεινον</span> <span class='ocrx_word' id='word_1_352' title='bbox 1456 3030 1515 3085; x_wconf 82' lang='grc' dir='ltr'>δὲ</span> <span class='ocrx_word' id='word_1_353' title='bbox 1546 3030 1781 3084; x_wconf 87' lang='grc' dir='ltr'>θανάτου</span> 
     </span>
    </p>
   </div>
   <div class='ocr_carea' id='block_1_49' title="bbox 197 3122 1783 3203">
    <p class='ocr_par' dir='ltr' id='par_1_49' title="bbox 197 3122 1783 3203">
     <span class='ocr_line' id='line_1_49' title="bbox 197 3122 1783 3203; baseline -0.005 -18"><span class='ocrx_word' id='word_1_354' title='bbox 197 3129 287 3203; x_wconf 67' lang='grc' dir='ltr'>καὶ</span> <span class='ocrx_word' id='word_1_355' title='bbox 311 3128 516 3200; x_wconf 75' lang='grc' dir='ltr'>φθορᾶς</span> <span class='ocrx_word' id='word_1_356' title='bbox 559 3122 630 3199; x_wconf 77' lang='grc' dir='ltr'>ἦν</span> <span class='ocrx_word' id='word_1_357' title='bbox 654 3144 669 3159; x_wconf 82' lang='lat'><strong><em>°</em></strong></span> <span class='ocrx_word' id='word_1_358' title='bbox 726 3125 1059 3197; x_wconf 81' lang='grc' dir='ltr'>ἐνεφύτευσε</span> <span class='ocrx_word' id='word_1_359' title='bbox 1105 3125 1217 3197; x_wconf 81' lang='grc' dir='ltr'>γὰρ</span> <span class='ocrx_word' id='word_1_360' title='bbox 1264 3123 1417 3196; x_wconf 81' lang='grc' dir='ltr'>αύτῷ</span> <span class='ocrx_word' id='word_1_361' title='bbox 1448 3123 1548 3195; x_wconf 78' lang='grc' dir='ltr'>τὴν</span> <span class='ocrx_word' id='word_1_362' title='bbox 1573 3123 1721 3194; x_wconf 72' lang='grc' dir='ltr'>ζωὴν</span> <span class='ocrx_word' id='word_1_363' title='bbox 1754 3123 1783 3177; x_wconf 86' lang='lat'><strong>6</strong></span> 
     </span>
    </p>
   </div>
   <div class='ocr_carea' id='block_1_50' title="bbox 196 3215 1778 3294">
    <p class='ocr_par' dir='ltr' id='par_1_50' title="bbox 196 3215 1778 3294">
     <span class='ocr_line' id='line_1_50' title="bbox 196 3215 1778 3294; baseline -0.004 -21"><span class='ocrx_word' id='word_1_364' title='bbox 196 3220 291 3294; x_wconf 74' lang='grc' dir='ltr'>τῇς</span> <span class='ocrx_word' id='word_1_365' title='bbox 339 3219 486 3285; x_wconf 83' lang='grc' dir='ltr'>ζωῆς</span> <span class='ocrx_word' id='word_1_366' title='bbox 511 3219 766 3292; x_wconf 87' lang='grc' dir='ltr'>χορηγός.</span> <span class='ocrx_word' id='word_1_367' title='bbox 805 3237 823 3271; x_wconf 77' lang='grc' dir='ltr'><strong>ι</strong></span> <span class='ocrx_word' id='word_1_368' title='bbox 882 3217 1045 3274; x_wconf 81' lang='grc' dir='ltr'>Ἀλλὰ</span> <span class='ocrx_word' id='word_1_369' title='bbox 1075 3218 1173 3272; x_wconf 64' lang='grc' dir='ltr'><strong>καλ⁵</strong></span> <span class='ocrx_word' id='word_1_370' title='bbox 1200 3215 1229 3269; x_wconf 97' lang='lat'><strong>6</strong></span> <span class='ocrx_word' id='word_1_371' title='bbox 1282 3217 1459 3289; x_wconf 79' lang='grc' dir='ltr'>μέγας</span> <span class='ocrx_word' id='word_1_372' title='bbox 1496 3215 1778 3280; x_wconf 85' lang='grc' dir='ltr'>Βασίλειος</span> 
     </span>
    </p>
   </div>
   <div class='ocr_carea' id='block_1_51' title="bbox 199 3288 1854 3389">
    <p class='ocr_par' dir='ltr' id='par_1_51' title="bbox 199 3288 1854 3389">
     <span class='ocr_line' id='line_1_51' title="bbox 199 3288 1854 3389; baseline -0.004 -20"><span class='ocrx_word' id='word_1_373' title='bbox 199 3288 323 3379; x_wconf 61' lang='grc' dir='ltr'>σύτὸ</span> <span class='ocrx_word' id='word_1_374' title='bbox 345 3288 811 3387; x_wconf 16' lang='grc' dir='ltr'>τούτοήπαριστῶν</span> <span class='ocrx_word' id='word_1_375' title='bbox 845 3308 999 3380; x_wconf 78' lang='grc' dir='ltr'>ἔλεγε</span> <span class='ocrx_word' id='word_1_376' title='bbox 1028 3328 1042 3342; x_wconf 88' lang='grc'><strong>·</strong></span> <span class='ocrx_word' id='word_1_377' title='bbox 1067 3329 1087 3364; x_wconf 75' lang='grc' dir='ltr'><strong>ι</strong></span> <span class='ocrx_word' id='word_1_378' title='bbox 1116 3309 1341 3374; x_wconf 85' lang='grc' dir='ltr'>Ηλάσας</span> <span class='ocrx_word' id='word_1_379' title='bbox 1364 3310 1455 3364; x_wconf 86' lang='grc' dir='ltr'><strong>τὸν</strong></span> <span class='ocrx_word' id='word_1_380' title='bbox 1488 3309 1780 3383; x_wconf 80' lang='grc' dir='ltr'>ἄνθρωπον</span> <span class='ocrx_word' id='word_1_381' title='bbox 1809 3288 1854 3348; x_wconf 78' lang='lat' dir='ltr'><strong>c</strong></span> 
     </span>
    </p>
   </div>
   <div class='ocr_carea' id='block_1_52' title="bbox 200 3398 1793 3475">
    <p class='ocr_par' dir='ltr' id='par_1_52' title="bbox 200 3398 1793 3475">
     <span class='ocr_line' id='line_1_52' title="bbox 200 3398 1793 3475; baseline -0.004 -15"><span class='ocrx_word' id='word_1_382' title='bbox 200 3408 227 3465; x_wconf 87' lang='lat'><strong>6</strong></span> <span class='ocrx_word' id='word_1_383' title='bbox 256 3406 384 3470; x_wconf 89' lang='grc' dir='ltr'>Θεὸς</span> <span class='ocrx_word' id='word_1_384' title='bbox 418 3404 642 3460; x_wconf 81' lang='grc' dir='ltr'>αἰωνίου</span> <span class='ocrx_word' id='word_1_385' title='bbox 669 3402 817 3475; x_wconf 81' lang='grc' dir='ltr'>ζωῆς</span> <span class='ocrx_word' id='word_1_386' title='bbox 847 3402 1155 3457; x_wconf 81' lang='grc' dir='ltr'>ἀπόλαυσιν</span> <span class='ocrx_word' id='word_1_387' title='bbox 1198 3401 1352 3474; x_wconf 86' lang='grc' dir='ltr'>αύτῷ</span> <span class='ocrx_word' id='word_1_388' title='bbox 1391 3398 1719 3473; x_wconf 85' lang='grc' dir='ltr'>ἐχαρίσατο.</span> <span class='ocrx_word' id='word_1_389' title='bbox 1758 3419 1793 3453; x_wconf 73' lang='grc' dir='ltr'>»ι</span> 
     </span>
    </p>
   </div>
   <div class='ocr_carea' id='block_1_53' title="bbox 199 3492 1785 3571">
    <p class='ocr_par' dir='ltr' id='par_1_53' title="bbox 199 3492 1785 3571">
     <span class='ocr_line' id='line_1_53' title="bbox 199 3492 1785 3571; baseline -0.003 -21"><span class='ocrx_word' id='word_1_390' title='bbox 199 3497 333 3571; x_wconf 73' lang='grc' dir='ltr'>ῌρὸς</span> <span class='ocrx_word' id='word_1_391' title='bbox 364 3497 421 3550; x_wconf 79' lang='grc' dir='ltr'>δέ</span> <span class='ocrx_word' id='word_1_392' title='bbox 451 3512 516 3566; x_wconf 86' lang='grc' dir='ltr'><strong>γε</strong></span> <span class='ocrx_word' id='word_1_393' title='bbox 543 3497 657 3559; x_wconf 79' lang='grc' dir='ltr'>τοῖς</span> <span class='ocrx_word' id='word_1_394' title='bbox 680 3494 993 3566; x_wconf 82' lang='grc' dir='ltr'>εἰρημένοις</span> <span class='ocrx_word' id='word_1_395' title='bbox 1020 3494 1115 3548; x_wconf 80' lang='grc' dir='ltr'>καὶ</span> <span class='ocrx_word' id='word_1_396' title='bbox 1140 3495 1167 3548; x_wconf 89' lang='lat'><strong>6</strong></span> <span class='ocrx_word' id='word_1_397' title='bbox 1195 3492 1477 3558; x_wconf 86' lang='grc' dir='ltr'>θειότατος</span> <span class='ocrx_word' id='word_1_398' title='bbox 1513 3492 1785 3563; x_wconf 79' lang='grc' dir='ltr'>Βαρλαάμ</span> 
     </span>
    </p>
   </div>
   <div class='ocr_carea' id='block_1_54' title="bbox 199 3585 1784 3671">
    <p class='ocr_par' dir='ltr' id='par_1_54' title="bbox 199 3585 1784 3671">
     <span class='ocr_line' id='line_1_54' title="bbox 199 3585 1784 3671; baseline 0 -29"><span class='ocrx_word' id='word_1_399' title='bbox 199 3588 333 3671; x_wconf 59' lang='lat' dir='ltr'><strong>ebrio</strong></span> <span class='ocrx_word' id='word_1_400' title='bbox 358 3587 499 3660; x_wconf 85' lang='grc' dir='ltr'>πρὸς</span> <span class='ocrx_word' id='word_1_401' title='bbox 547 3587 783 3656; x_wconf 83' lang='grc' dir='ltr'>’Ῑωάσαφ</span> <span class='ocrx_word' id='word_1_402' title='bbox 816 3586 1051 3659; x_wconf 75' lang='grc' dir='ltr'>εὓρηται</span> <span class='ocrx_word' id='word_1_403' title='bbox 1075 3586 1252 3653; x_wconf 80' lang='grc' dir='ltr'>λέγων</span> <span class='ocrx_word' id='word_1_404' title='bbox 1271 3602 1290 3621; x_wconf 60' lang='grc' dir='ltr'><strong>ν</strong></span> <span class='ocrx_word' id='word_1_405' title='bbox 1320 3605 1339 3639; x_wconf 75' lang='grc' dir='ltr'><strong>ι</strong></span> <span class='ocrx_word' id='word_1_406' title='bbox 1362 3586 1466 3640; x_wconf 85' lang='grc' dir='ltr'><strong>Τὸν</strong></span> <span class='ocrx_word' id='word_1_407' title='bbox 1485 3585 1583 3641; x_wconf 84' lang='grc' dir='ltr'>ἀπ’</span> <span class='ocrx_word' id='word_1_408' title='bbox 1606 3585 1784 3657; x_wconf 82' lang='grc' dir='ltr'>ἀρχῆς</span> 
     </span>
    </p>
   </div>
   <div class='ocr_carea' id='block_1_55' title="bbox 200 3677 1785 3757">
    <p class='ocr_par' dir='ltr' id='par_1_55' title="bbox 200 3677 1785 3757">
     <span class='ocr_line' id='line_1_55' title="bbox 200 3677 1785 3757; baseline -0.003 -22"><span class='ocrx_word' id='word_1_409' title='bbox 200 3681 481 3757; x_wconf 72' lang='grc' dir='ltr'>ἄνθρωπον</span> <span class='ocrx_word' id='word_1_410' title='bbox 513 3680 540 3733; x_wconf 88' lang='lat'><strong>6</strong></span> <span class='ocrx_word' id='word_1_411' title='bbox 565 3678 697 3744; x_wconf 89' lang='grc' dir='ltr'>Θεὸς</span> <span class='ocrx_word' id='word_1_412' title='bbox 721 3678 1168 3750; x_wconf 81' lang='grc' dir='ltr'>αύτεξουσιότητι</span> <span class='ocrx_word' id='word_1_413' title='bbox 1188 3679 1284 3733; x_wconf 79' lang='grc' dir='ltr'>καὶ</span> <span class='ocrx_word' id='word_1_414' title='bbox 1317 3677 1598 3748; x_wconf 67' lang='grc' dir='ltr'>ἀθανασίᾳ.</span> <span class='ocrx_word' id='word_1_415' title='bbox 1618 3679 1785 3749; x_wconf 86' lang='grc' dir='ltr'>τιμή-</span> 
     </span>
    </p>
   </div>
   <div class='ocr_carea' id='block_1_56' title="bbox 200 3767 1778 3841">
    <p class='ocr_par' dir='ltr' id='par_1_56' title="bbox 200 3767 1778 3841">
     <span class='ocr_line' id='line_1_56' title="bbox 200 3767 1778 3841; baseline -0.001 -19"><span class='ocrx_word' id='word_1_416' title='bbox 200 3787 296 3833; x_wconf 87' lang='grc' dir='ltr'><strong>σας</strong></span> <span class='ocrx_word' id='word_1_417' title='bbox 348 3769 576 3841; x_wconf 82' lang='grc' dir='ltr'>βασιλέα</span> <span class='ocrx_word' id='word_1_418' title='bbox 634 3769 855 3823; x_wconf 86' lang='grc' dir='ltr'>πάντων</span> <span class='ocrx_word' id='word_1_419' title='bbox 893 3769 1004 3822; x_wconf 81' lang='grc' dir='ltr'>τῶν</span> <span class='ocrx_word' id='word_1_420' title='bbox 1043 3768 1307 3841; x_wconf 74' lang='grc' dir='ltr'>ἐπιγείων</span> <span class='ocrx_word' id='word_1_421' title='bbox 1351 3767 1718 3839; x_wconf 75' lang='grc' dir='ltr'>κατέστησεν.</span> <span class='ocrx_word' id='word_1_422' title='bbox 1759 3786 1778 3820; x_wconf 74' lang='grc' dir='ltr'><strong>ι</strong></span> 
     </span>
    </p>
   </div>
   <div class='ocr_carea' id='block_1_57' title="bbox 208 3857 1785 3931">
    <p class='ocr_par' dir='ltr' id='par_1_57' title="bbox 208 3857 1785 3931">
     <span class='ocr_line' id='line_1_57' title="bbox 208 3857 1785 3931; baseline -0.003 -16"><span class='ocrx_word' id='word_1_423' title='bbox 208 3859 346 3916; x_wconf 82' lang='grc' dir='ltr'>Ἀλλ’</span> <span class='ocrx_word' id='word_1_424' title='bbox 375 3862 499 3931; x_wconf 80' lang='grc' dir='ltr'>ὅρα,</span> <span class='ocrx_word' id='word_1_425' title='bbox 563 3860 659 3913; x_wconf 76' lang='grc' dir='ltr'><strong>καὶ</strong></span> <span class='ocrx_word' id='word_1_426' title='bbox 692 3859 769 3931; x_wconf 85' lang='grc' dir='ltr'>μὴ</span> <span class='ocrx_word' id='word_1_427' title='bbox 805 3861 1105 3931; x_wconf 79' lang='grc' dir='ltr'>παρέργως</span> <span class='ocrx_word' id='word_1_428' title='bbox 1138 3857 1379 3929; x_wconf 80' lang='grc' dir='ltr'>ἑπέρχου</span> <span class='ocrx_word' id='word_1_429' title='bbox 1432 3858 1502 3912; x_wconf 81' lang='grc' dir='ltr'>τὰ</span> <span class='ocrx_word' id='word_1_430' title='bbox 1556 3857 1785 3911; x_wconf 80' lang='grc' dir='ltr'>τοιαῦτα</span> 
     </span>
    </p>
   </div>
   <div class='ocr_carea' id='block_1_58' title="bbox 197 3938 1780 4025">
    <p class='ocr_par' dir='ltr' id='par_1_58' title="bbox 197 3938 1780 4025">
     <span class='ocr_line' id='line_1_58' title="bbox 197 3938 1780 4025; baseline -0.003 -20"><span class='ocrx_word' id='word_1_431' title='bbox 197 3938 313 4007; x_wconf 75' lang='grc' dir='ltr'>θέία</span> <span class='ocrx_word' id='word_1_432' title='bbox 341 3952 503 4025; x_wconf 80' lang='grc' dir='ltr'>ῥητά.</span> <span class='ocrx_word' id='word_1_433' title='bbox 538 3954 691 4017; x_wconf 81' lang='grc' dir='ltr'>Ἀμα</span> <span class='ocrx_word' id='word_1_434' title='bbox 727 3951 824 4021; x_wconf 85' lang='grc' dir='ltr'>μὲν</span> <span class='ocrx_word' id='word_1_435' title='bbox 870 3954 981 4021; x_wconf 73' lang='grc' dir='ltr'><strong>γὰρ</strong></span> <span class='ocrx_word' id='word_1_436' title='bbox 1003 3952 1032 4003; x_wconf 90' lang='lat'><strong>6</strong></span> <span class='ocrx_word' id='word_1_437' title='bbox 1067 3949 1190 4004; x_wconf 87' lang='grc' dir='ltr'>κατ’</span> <span class='ocrx_word' id='word_1_438' title='bbox 1239 3951 1428 4004; x_wconf 79' lang='grc' dir='ltr'>εἰκόνα</span> <span class='ocrx_word' id='word_1_439' title='bbox 1471 3938 1780 4020; x_wconf 76' lang='grc' dir='ltr'>παρήγετο,</span> 
     </span>
    </p>
   </div>
   <div class='ocr_carea' id='block_1_59' title="bbox 195 4038 1781 4127">
    <p class='ocr_par' dir='ltr' id='par_1_59' title="bbox 195 4038 1781 4127">
     <span class='ocr_line' id='line_1_59' title="bbox 195 4038 1781 4127; baseline -0.002 -30"><span class='ocrx_word' id='word_1_440' title='bbox 195 4047 289 4127; x_wconf 73' lang='grc' dir='ltr'><strong>καὶ</strong></span> <span class='ocrx_word' id='word_1_441' title='bbox 317 4046 436 4114; x_wconf 81' lang='grc' dir='ltr'>ἄμα</span> <span class='ocrx_word' id='word_1_442' title='bbox 465 4045 566 4116; x_wconf 81' lang='grc' dir='ltr'>τῆς</span> <span class='ocrx_word' id='word_1_443' title='bbox 602 4038 1092 4114; x_wconf 69' lang='grc' dir='ltr'>αὑτεξουσὶότητος</span> <span class='ocrx_word' id='word_1_444' title='bbox 1149 4042 1353 4115; x_wconf 72' lang='grc' dir='ltr'>ἠξίωτο</span> <span class='ocrx_word' id='word_1_445' title='bbox 1383 4043 1478 4096; x_wconf 68' lang='grc' dir='ltr'><strong>καὶ</strong></span> <span class='ocrx_word' id='word_1_446' title='bbox 1513 4042 1613 4112; x_wconf 81' lang='grc' dir='ltr'>τῆς</span> <span class='ocrx_word' id='word_1_447' title='bbox 1643 4041 1781 4095; x_wconf 84' lang='grc' dir='ltr'>ἀθα-</span> 
     </span>
    </p>
   </div>
   <div class='ocr_carea' id='block_1_60' title="bbox 136 4133 1786 4213">
    <p class='ocr_par' dir='ltr' id='par_1_60' title="bbox 136 4133 1786 4213">
     <span class='ocr_line' id='line_1_60' title="bbox 136 4133 1786 4213; baseline -0.003 -21"><span class='ocrx_word' id='word_1_448' title='bbox 136 4144 157 4151; x_wconf 79' lang='grc'><em>“</em></span> <span class='ocrx_word' id='word_1_449' title='bbox 196 4141 385 4204; x_wconf 73' lang='grc' dir='ltr'>ναςίας</span> <span class='ocrx_word' id='word_1_450' title='bbox 418 4139 525 4213; x_wconf 83' lang='grc' dir='ltr'><strong>ὑπὸ</strong></span> <span class='ocrx_word' id='word_1_451' title='bbox 578 4137 740 4192; x_wconf 81' lang='grc' dir='ltr'>Θεοῦ.</span> <span class='ocrx_word' id='word_1_452' title='bbox 801 4137 912 4197; x_wconf 66' lang='grc' dir='ltr'>Καὶ</span> <span class='ocrx_word' id='word_1_453' title='bbox 943 4136 1062 4200; x_wconf 84' lang='grc' dir='ltr'><strong>πῶς</strong></span> <span class='ocrx_word' id='word_1_454' title='bbox 1094 4136 1289 4189; x_wconf 84' lang='grc' dir='ltr'>λοιπὸν</span> <span class='ocrx_word' id='word_1_455' title='bbox 1318 4133 1487 4188; x_wconf 81' lang='grc' dir='ltr'>αὐτὸν</span> <span class='ocrx_word' id='word_1_456' title='bbox 1536 4133 1786 4201; x_wconf 79' lang='grc' dir='ltr'>εἴπωμεν</span> 
     </span>
    </p>
   </div>
   <div class='ocr_carea' id='block_1_61' title="bbox 195 4224 1786 4305">
    <p class='ocr_par' dir='ltr' id='par_1_61' title="bbox 195 4224 1786 4305">
     <span class='ocr_line' id='line_1_61' title="bbox 195 4224 1786 4305; baseline -0.004 -22"><span class='ocrx_word' id='word_1_457' title='bbox 195 4230 497 4305; x_wconf 81' lang='grc' dir='ltr'>ἀθανασίας</span> <span class='ocrx_word' id='word_1_458' title='bbox 527 4227 668 4303; x_wconf 73' lang='grc' dir='ltr'>εἶναι</span> <span class='ocrx_word' id='word_1_459' title='bbox 698 4229 791 4284; x_wconf 77' lang='grc' dir='ltr'><strong>καὶ</strong></span> <span class='ocrx_word' id='word_1_460' title='bbox 822 4228 1154 4298; x_wconf 86' lang='grc' dir='ltr'>θνητότητος</span> <span class='ocrx_word' id='word_1_461' title='bbox 1206 4228 1478 4299; x_wconf 75' lang='grc' dir='ltr'>μέτοχονς</span> <span class='ocrx_word' id='word_1_462' title='bbox 1528 4224 1786 4278; x_wconf 80' lang='grc' dir='ltr'>Ἀσυλλό-</span> 
     </span>
    </p>
   </div>
   <div class='ocr_carea' id='block_1_62' title="bbox 196 4306 1788 4400">
    <p class='ocr_par' dir='ltr' id='par_1_62' title="bbox 196 4306 1788 4400">
     <span class='ocr_line' id='line_1_62' title="bbox 196 4306 1788 4400; baseline -0.004 -24"><span class='ocrx_word' id='word_1_463' title='bbox 196 4341 404 4394; x_wconf 83' lang='grc' dir='ltr'>γιστον,</span> <span class='ocrx_word' id='word_1_464' title='bbox 445 4324 522 4400; x_wconf 83' lang='grc' dir='ltr'>ὡς</span> <span class='ocrx_word' id='word_1_465' title='bbox 576 4318 754 4393; x_wconf 75' lang='grc' dir='ltr'>οἶμαι,</span> <span class='ocrx_word' id='word_1_466' title='bbox 787 4322 881 4375; x_wconf 66' lang='grc' dir='ltr'><strong>καὶ</strong></span> <span class='ocrx_word' id='word_1_467' title='bbox 912 4319 1072 4374; x_wconf 81' lang='grc' dir='ltr'>τοῦτο</span> <span class='ocrx_word' id='word_1_468' title='bbox 1100 4319 1226 4384; x_wconf 81' lang='grc' dir='ltr'>λίαν</span> <span class='ocrx_word' id='word_1_469' title='bbox 1262 4319 1436 4373; x_wconf 80' lang='grc' dir='ltr'>ἐστίν.</span> <span class='ocrx_word' id='word_1_470' title='bbox 1468 4318 1531 4373; x_wconf 87' lang='grc' dir='ltr'><strong>Εἰ</strong></span> <span class='ocrx_word' id='word_1_471' title='bbox 1558 4306 1668 4389; x_wconf 79' lang='grc' dir='ltr'>γὰρ</span> <span class='ocrx_word' id='word_1_472' title='bbox 1703 4318 1788 4370; x_wconf 86' lang='grc' dir='ltr'>ἐν-</span> 
     </span>
    </p>
   </div>
   <div class='ocr_carea' id='block_1_63' title="bbox 195 4409 1788 4490">
    <p class='ocr_par' dir='ltr' id='par_1_63' title="bbox 195 4409 1788 4490">
     <span class='ocr_line' id='line_1_63' title="bbox 195 4409 1788 4490; baseline -0.006 -17"><span class='ocrx_word' id='word_1_473' title='bbox 195 4419 382 4490; x_wconf 79' lang='grc' dir='ltr'>νοῆσαι</span> <span class='ocrx_word' id='word_1_474' title='bbox 414 4419 638 4487; x_wconf 71' lang='grc' dir='ltr'>εἴχομεν</span> <span class='ocrx_word' id='word_1_475' title='bbox 668 4416 749 4468; x_wconf 77' lang='grc' dir='ltr'><strong>ὅτι</strong></span> <span class='ocrx_word' id='word_1_476' title='bbox 779 4413 1007 4485; x_wconf 80' lang='grc' dir='ltr'>βασιλέα</span> <span class='ocrx_word' id='word_1_477' title='bbox 1048 4412 1358 4484; x_wconf 80' lang='grc' dir='ltr'>κατέστησε</span> <span class='ocrx_word' id='word_1_478' title='bbox 1386 4412 1495 4465; x_wconf 84' lang='grc' dir='ltr'><strong>τῶν</strong></span> <span class='ocrx_word' id='word_1_479' title='bbox 1524 4409 1788 4479; x_wconf 78' lang='grc' dir='ltr'>ἐπιγείων</span> 
     </span>
    </p>
   </div>
   <div class='ocr_carea' id='block_1_64' title="bbox 197 4501 1787 4579">
    <p class='ocr_par' dir='ltr' id='par_1_64' title="bbox 197 4501 1787 4579">
     <span class='ocr_line' id='line_1_64' title="bbox 197 4501 1787 4579; baseline -0.005 -14"><span class='ocrx_word' id='word_1_480' title='bbox 197 4512 379 4577; x_wconf 72' lang='grc' dir='ltr'>αὐτὸν,</span> <span class='ocrx_word' id='word_1_481' title='bbox 425 4510 702 4579; x_wconf 79' lang='grc' dir='ltr'>ἀθανασίᾳ</span> <span class='ocrx_word' id='word_1_482' title='bbox 735 4508 977 4577; x_wconf 76' lang='grc' dir='ltr'>τιμήσας</span> <span class='ocrx_word' id='word_1_483' title='bbox 1010 4504 1174 4558; x_wconf 85' lang='grc' dir='ltr'>αὐτὸν</span> <span class='ocrx_word' id='word_1_484' title='bbox 1216 4504 1510 4575; x_wconf 87' lang='grc' dir='ltr'>πρότερον,</span> <span class='ocrx_word' id='word_1_485' title='bbox 1568 4502 1672 4556; x_wconf 84' lang='grc' dir='ltr'><strong>οὐκ</strong></span> <span class='ocrx_word' id='word_1_486' title='bbox 1719 4501 1787 4557; x_wconf 81' lang='grc' dir='ltr'><strong>ἂν</strong></span> 
     </span>
    </p>
   </div>
   <div class='ocr_carea' id='block_1_65' title="bbox 1950 2289 3483 2365">
    <p class='ocr_par' dir='ltr' id='par_1_65' title="bbox 1950 2289 3483 2365">
     <span class='ocr_line' id='line_1_65' title="bbox 1950 2289 3483 2365; baseline -0.001 -17"><span class='ocrx_word' id='word_1_487' title='bbox 1950 2292 2159 2360; x_wconf 85' lang='lat' dir='ltr'><strong>Quodsi</strong></span> <span class='ocrx_word' id='word_1_488' title='bbox 2205 2310 2409 2365; x_wconf 79' lang='lat' dir='ltr'><strong>expers</strong></span> <span class='ocrx_word' id='word_1_489' title='bbox 2455 2295 2717 2350; x_wconf 91' lang='lat' dir='ltr'><strong>interitus</strong></span> <span class='ocrx_word' id='word_1_490' title='bbox 2765 2294 2889 2360; x_wconf 82' lang='lat' dir='ltr'><strong>fuit,</strong></span> <span class='ocrx_word' id='word_1_491' title='bbox 2933 2308 3042 2364; x_wconf 91' lang='lat' dir='ltr'><strong>quo</strong></span> <span class='ocrx_word' id='word_1_492' title='bbox 3066 2299 3227 2363; x_wconf 90' lang='lat' dir='ltr'><strong>pacto</strong></span> <span class='ocrx_word' id='word_1_493' title='bbox 3260 2289 3483 2346; x_wconf 87' lang='lat' dir='ltr'><strong>tandem</strong></span> 
     </span>
    </p>
   </div>
   <div class='ocr_carea' id='block_1_66' title="bbox 1877 2383 3487 2460">
    <p class='ocr_par' dir='ltr' id='par_1_66' title="bbox 1877 2383 3487 2460">
     <span class='ocr_line' id='line_1_66' title="bbox 1877 2383 3487 2460; baseline -0.003 -18"><span class='ocrx_word' id='word_1_494' title='bbox 1877 2388 2091 2459; x_wconf 86' lang='lat' dir='ltr'><strong>aliquid</strong></span> <span class='ocrx_word' id='word_1_495' title='bbox 2124 2389 2238 2460; x_wconf 86' lang='lat' dir='ltr'><strong>pati</strong></span> <span class='ocrx_word' id='word_1_496' title='bbox 2270 2390 2519 2460; x_wconf 87' lang='lat' dir='ltr'><strong>potuerit</strong></span> <span class='ocrx_word' id='word_1_497' title='bbox 2550 2390 2694 2445; x_wconf 88' lang='lat' dir='ltr'><strong>scire</strong></span> <span class='ocrx_word' id='word_1_498' title='bbox 2728 2388 3007 2459; x_wconf 90' lang='lat' dir='ltr'><strong>cupimus.</strong></span> <span class='ocrx_word' id='word_1_499' title='bbox 3076 2385 3294 2441; x_wconf 89' lang='lat' dir='ltr'><strong>Etenim</strong></span> <span class='ocrx_word' id='word_1_500' title='bbox 3337 2383 3487 2455; x_wconf 80' lang='lat' dir='ltr'><strong>cogi-</strong></span> 
     </span>
    </p>
   </div>
   <div class='ocr_carea' id='block_1_67' title="bbox 1880 2476 3484 2552">
    <p class='ocr_par' dir='ltr' id='par_1_67' title="bbox 1880 2476 3484 2552">
     <span class='ocr_line' id='line_1_67' title="bbox 1880 2476 3484 2552; baseline -0.005 -17"><span class='ocrx_word' id='word_1_501' title='bbox 1880 2489 1997 2535; x_wconf 88' lang='lat' dir='ltr'><strong>tare</strong></span> <span class='ocrx_word' id='word_1_502' title='bbox 2047 2496 2146 2552; x_wconf 89' lang='lat' dir='ltr'><strong>per</strong></span> <span class='ocrx_word' id='word_1_503' title='bbox 2197 2495 2303 2535; x_wconf 91' lang='lat' dir='ltr'><strong>nos</strong></span> <span class='ocrx_word' id='word_1_504' title='bbox 2363 2482 2535 2551; x_wconf 92' lang='lat' dir='ltr'><strong>ipsos,</strong></span> <span class='ocrx_word' id='word_1_505' title='bbox 2585 2481 2680 2550; x_wconf 90' lang='lat' dir='ltr'><strong>qui</strong></span> <span class='ocrx_word' id='word_1_506' title='bbox 2732 2494 2938 2550; x_wconf 90' lang='lat' dir='ltr'><strong>corpus</strong></span> <span class='ocrx_word' id='word_1_507' title='bbox 2968 2478 3036 2533; x_wconf 89' lang='lat' dir='ltr'><strong>ab</strong></span> <span class='ocrx_word' id='word_1_508' title='bbox 3069 2476 3219 2531; x_wconf 90' lang='lat' dir='ltr'><strong>omni</strong></span> <span class='ocrx_word' id='word_1_509' title='bbox 3248 2477 3484 2531; x_wconf 86' lang='lat' dir='ltr'><strong>liberum</strong></span> 
     </span>
    </p>
   </div>
   <div class='ocr_carea' id='block_1_68' title="bbox 1880 2564 3488 2640">
    <p class='ocr_par' dir='ltr' id='par_1_68' title="bbox 1880 2564 3488 2640">
     <span class='ocr_line' id='line_1_68' title="bbox 1880 2564 3488 2640; baseline -0.006 -14"><span class='ocrx_word' id='word_1_510' title='bbox 1880 2587 1947 2626; x_wconf 88' lang='lat' dir='ltr'><strong>ac</strong></span> <span class='ocrx_word' id='word_1_511' title='bbox 1974 2571 2219 2626; x_wconf 91' lang='lat' dir='ltr'><strong>immune</strong></span> <span class='ocrx_word' id='word_1_512' title='bbox 2253 2572 2482 2627; x_wconf 89' lang='lat' dir='ltr'><strong>interitu</strong></span> <span class='ocrx_word' id='word_1_513' title='bbox 2514 2572 2616 2628; x_wconf 86' lang='lat' dir='ltr'><strong>sub</strong></span> <span class='ocrx_word' id='word_1_514' title='bbox 2644 2570 2968 2627; x_wconf 79' lang='lat' dir='ltr'><strong>affectiones</strong></span> <span class='ocrx_word' id='word_1_515' title='bbox 2996 2571 3195 2625; x_wconf 82' lang='lat' dir='ltr'><strong>cadere</strong></span> <span class='ocrx_word' id='word_1_516' title='bbox 3221 2564 3488 2640; x_wconf 80' lang='lat' dir='ltr'><strong>potuerit,</strong></span> 
     </span>
    </p>
   </div>
   <div class='ocr_carea' id='block_1_69' title="bbox 1882 2662 3485 2736">
    <p class='ocr_par' dir='ltr' id='par_1_69' title="bbox 1882 2662 3485 2736">
     <span class='ocr_line' id='line_1_69' title="bbox 1882 2662 3485 2736; baseline -0.005 -16"><span class='ocrx_word' id='word_1_517' title='bbox 1882 2681 1988 2720; x_wconf 91' lang='lat' dir='ltr'><strong>non</strong></span> <span class='ocrx_word' id='word_1_518' title='bbox 2024 2666 2157 2721; x_wconf 87' lang='lat' dir='ltr'><strong>satis</strong></span> <span class='ocrx_word' id='word_1_519' title='bbox 2193 2680 2527 2736; x_wconf 83' lang='lat' dir='ltr'><strong>possumus;</strong></span> <span class='ocrx_word' id='word_1_520' title='bbox 2584 2665 2820 2734; x_wconf 89' lang='lat' dir='ltr'><strong>ideoque</strong></span> <span class='ocrx_word' id='word_1_521' title='bbox 2850 2679 2947 2733; x_wconf 86' lang='lat' dir='ltr'><strong>per</strong></span> <span class='ocrx_word' id='word_1_522' title='bbox 2980 2663 3122 2717; x_wconf 89' lang='lat' dir='ltr'><strong>alios</strong></span> <span class='ocrx_word' id='word_1_523' title='bbox 3163 2663 3271 2717; x_wconf 89' lang='lat' dir='ltr'><strong>hoc</strong></span> <span class='ocrx_word' id='word_1_524' title='bbox 3302 2662 3485 2732; x_wconf 69' lang='lat' dir='ltr'><strong>ipsum</strong></span> 
     </span>
    </p>
   </div>
   <div class='ocr_carea' id='block_1_70' title="bbox 1882 2755 3484 2831">
    <p class='ocr_par' dir='ltr' id='par_1_70' title="bbox 1882 2755 3484 2831">
     <span class='ocr_line' id='line_1_70' title="bbox 1882 2755 3484 2831; baseline -0.006 -16"><span class='ocrx_word' id='word_1_525' title='bbox 1882 2758 2199 2827; x_wconf 81' lang='lat' dir='ltr'><strong>expetimus</strong></span> <span class='ocrx_word' id='word_1_526' title='bbox 2234 2773 2597 2829; x_wconf 89' lang='lat' dir='ltr'><strong>cognoscere.</strong></span> <span class='ocrx_word' id='word_1_527' title='bbox 2661 2758 2879 2826; x_wconf 90' lang='lat' dir='ltr'><strong>Corpus</strong></span> <span class='ocrx_word' id='word_1_528' title='bbox 2918 2757 3144 2831; x_wconf 68' lang='lat' dir='ltr'><strong>quidem</strong></span> <span class='ocrx_word' id='word_1_529' title='bbox 3199 2756 3315 2827; x_wconf 80' lang='lat'><strong>38</strong></span> <span class='ocrx_word' id='word_1_530' title='bbox 3350 2755 3484 2809; x_wconf 89' lang='lat' dir='ltr'><strong>illul</strong></span> 
     </span>
    </p>
   </div>
   <div class='ocr_carea' id='block_1_71' title="bbox 1854 2844 3487 2927">
    <p class='ocr_par' dir='ltr' id='par_1_71' title="bbox 1854 2844 3487 2927">
     <span class='ocr_line' id='line_1_71' title="bbox 1854 2844 3487 2927; baseline -0.002 -25"><span class='ocrx_word' id='word_1_531' title='bbox 1854 2846 2083 2927; x_wconf 76' lang='lat' dir='ltr'><strong>ex&#39;pers</strong></span> <span class='ocrx_word' id='word_1_532' title='bbox 2111 2846 2368 2903; x_wconf 88' lang='lat' dir='ltr'><strong>interitus</strong></span> <span class='ocrx_word' id='word_1_533' title='bbox 2400 2856 2455 2901; x_wconf 89' lang='lat' dir='ltr'><strong>et</strong></span> <span class='ocrx_word' id='word_1_534' title='bbox 2486 2845 2798 2901; x_wconf 80' lang='lat' dir='ltr'><strong>immortale</strong></span> <span class='ocrx_word' id='word_1_535' title='bbox 2838 2844 3033 2911; x_wconf 82' lang='lat' dir='ltr'><strong>fuisse,</strong></span> <span class='ocrx_word' id='word_1_536' title='bbox 3078 2845 3275 2900; x_wconf 81' lang='lat' dir='ltr'><strong>beatus</strong></span> <span class='ocrx_word' id='word_1_537' title='bbox 3319 2845 3487 2898; x_wconf 89' lang='lat' dir='ltr'><strong>etiam</strong></span> 
     </span>
    </p>
   </div>
   <div class='ocr_carea' id='block_1_72' title="bbox 1884 2937 3488 3012">
    <p class='ocr_par' dir='ltr' id='par_1_72' title="bbox 1884 2937 3488 3012">
     <span class='ocr_line' id='line_1_72' title="bbox 1884 2937 3488 3012; baseline -0.004 -17"><span class='ocrx_word' id='word_1_538' title='bbox 1884 2939 2123 3012; x_wconf 86' lang='lat' dir='ltr'><strong>Cyrillus</strong></span> <span class='ocrx_word' id='word_1_539' title='bbox 2158 2940 2425 3004; x_wconf 89' lang='lat' dir='ltr'><strong>ostendit,</strong></span> <span class='ocrx_word' id='word_1_540' title='bbox 2458 2938 2510 2993; x_wconf 92' lang='lat' dir='ltr'><strong>iu</strong></span> <span class='ocrx_word' id='word_1_541' title='bbox 2546 2938 2796 2993; x_wconf 89' lang='lat' dir='ltr'><strong>oratione</strong></span> <span class='ocrx_word' id='word_1_542' title='bbox 2827 2954 2923 2992; x_wconf 90' lang='lat' dir='ltr'><strong>sua</strong></span> <span class='ocrx_word' id='word_1_543' title='bbox 2956 2937 3026 2993; x_wconf 87' lang='lat' dir='ltr'><strong>de</strong></span> <span class='ocrx_word' id='word_1_544' title='bbox 3060 2937 3304 2991; x_wconf 82' lang='lat' dir='ltr'><strong>hominis</strong></span> <span class='ocrx_word' id='word_1_545' title='bbox 3330 2940 3488 2991; x_wconf 78' lang='lat' dir='ltr'><strong>‘crca-</strong></span> 
     </span>
    </p>
   </div>
   <div class='ocr_carea' id='block_1_73' title="bbox 1888 3029 3484 3099">
    <p class='ocr_par' dir='ltr' id='par_1_73' title="bbox 1888 3029 3484 3099">
     <span class='ocr_line' id='line_1_73' title="bbox 1888 3029 3484 3099; baseline -0.003 -11"><span class='ocrx_word' id='word_1_546' title='bbox 1888 3036 2039 3089; x_wconf 87' lang='lat' dir='ltr'><strong>tione</strong></span> <span class='ocrx_word' id='word_1_547' title='bbox 2073 3033 2153 3088; x_wconf 88' lang='lat' dir='ltr'><strong>sic</strong></span> <span class='ocrx_word' id='word_1_548' title='bbox 2181 3032 2247 3087; x_wconf 87' lang='lat' dir='ltr'><strong>ad</strong></span> <span class='ocrx_word' id='word_1_549' title='bbox 2285 3032 2513 3087; x_wconf 86' lang='lat' dir='ltr'><strong>verbum</strong></span> <span class='ocrx_word' id='word_1_550' title='bbox 2556 3030 2875 3086; x_wconf 88' lang='lat' dir='ltr'><strong>disserens:</strong></span> <span class='ocrx_word' id='word_1_551' title='bbox 2946 3031 3053 3084; x_wconf 68' lang='lat' dir='ltr'><strong>«De</strong></span> <span class='ocrx_word' id='word_1_552' title='bbox 3088 3040 3228 3084; x_wconf 88' lang='lat' dir='ltr'><strong>terra</strong></span> <span class='ocrx_word' id='word_1_553' title='bbox 3261 3029 3484 3099; x_wconf 89' lang='lat' dir='ltr'><strong>quidem</strong></span> 
     </span>
    </p>
   </div>
   <div class='ocr_carea' id='block_1_74' title="bbox 1889 3121 3493 3194">
    <p class='ocr_par' dir='ltr' id='par_1_74' title="bbox 1889 3121 3493 3194">
     <span class='ocr_line' id='line_1_74' title="bbox 1889 3121 3493 3194; baseline -0.001 -15"><span class='ocrx_word' id='word_1_554' title='bbox 1889 3126 2091 3182; x_wconf 80' lang='lat' dir='ltr'><strong>factum</strong></span> <span class='ocrx_word' id='word_1_555' title='bbox 2128 3134 2248 3182; x_wconf 82' lang='lat' dir='ltr'><strong>erat</strong></span> <span class='ocrx_word' id='word_1_556' title='bbox 2283 3125 2478 3181; x_wconf 86' lang='lat' dir='ltr'><strong>Adami</strong></span> <span class='ocrx_word' id='word_1_557' title='bbox 2515 3138 2719 3194; x_wconf 86' lang='lat' dir='ltr'><strong>corpus</strong></span> <span class='ocrx_word' id='word_1_558' title='bbox 2746 3163 2761 3190; x_wconf 93' lang='lat'><strong>,</strong></span> <span class='ocrx_word' id='word_1_559' title='bbox 2811 3121 2909 3178; x_wconf 90' lang='lat' dir='ltr'><strong>sed</strong></span> <span class='ocrx_word' id='word_1_560' title='bbox 2950 3122 3095 3178; x_wconf 90' lang='lat' dir='ltr'><strong>idem</strong></span> <span class='ocrx_word' id='word_1_561' title='bbox 3133 3138 3299 3193; x_wconf 87' lang='lat' dir='ltr'><strong>supra</strong></span> <span class='ocrx_word' id='word_1_562' title='bbox 3337 3139 3493 3178; x_wconf 74' lang='lat' dir='ltr'><strong>mor-</strong></span> 
     </span>
    </p>
   </div>
   <div class='ocr_carea' id='block_1_75' title="bbox 1888 3216 3493 3288">
    <p class='ocr_par' dir='ltr' id='par_1_75' title="bbox 1888 3216 3493 3288">
     <span class='ocr_line' id='line_1_75' title="bbox 1888 3216 3493 3288; baseline -0.003 -12"><span class='ocrx_word' id='word_1_563' title='bbox 1888 3230 1995 3276; x_wconf 89' lang='lat' dir='ltr'><strong>tem</strong></span> <span class='ocrx_word' id='word_1_564' title='bbox 2049 3229 2107 3276; x_wconf 89' lang='lat' dir='ltr'><strong>et</strong></span> <span class='ocrx_word' id='word_1_565' title='bbox 2163 3218 2448 3275; x_wconf 88' lang='lat' dir='ltr'><strong>interitum</strong></span> <span class='ocrx_word' id='word_1_566' title='bbox 2505 3233 2726 3274; x_wconf 85' lang='lat' dir='ltr'><strong>onmem</strong></span> <span class='ocrx_word' id='word_1_567' title='bbox 2786 3216 3027 3288; x_wconf 90' lang='lat' dir='ltr'><strong>positum</strong></span> <span class='ocrx_word' id='word_1_568' title='bbox 3070 3225 3230 3271; x_wconf 85' lang='lat' dir='ltr'><strong>erat:</strong></span> <span class='ocrx_word' id='word_1_569' title='bbox 3285 3218 3493 3288; x_wconf 85' lang='lat' dir='ltr'><strong>quippe</strong></span> 
     </span>
    </p>
   </div>
   <div class='ocr_carea' id='block_1_76' title="bbox 1887 3302 3486 3385">
    <p class='ocr_par' dir='ltr' id='par_1_76' title="bbox 1887 3302 3486 3385">
     <span class='ocr_line' id='line_1_76' title="bbox 1887 3302 3486 3385; baseline -0.004 -17"><span class='ocrx_word' id='word_1_570' title='bbox 1887 3314 2056 3369; x_wconf 84' lang='lat' dir='ltr'><strong>vitam</strong></span> <span class='ocrx_word' id='word_1_571' title='bbox 2085 3313 2136 3369; x_wconf 83' lang='lat' dir='ltr'><strong>ei</strong></span> <span class='ocrx_word' id='word_1_572' title='bbox 2182 3314 2309 3369; x_wconf 70' lang='lat' dir='ltr'><strong>vita:</strong></span> <span class='ocrx_word' id='word_1_573' title='bbox 2352 3312 2738 3385; x_wconf 84' lang='lat' dir='ltr'><strong>suppeditator</strong></span> <span class='ocrx_word' id='word_1_574' title='bbox 2803 3319 2860 3366; x_wconf 88' lang='lat' dir='ltr'><strong>et</strong></span> <span class='ocrx_word' id='word_1_575' title='bbox 2911 3302 3109 3365; x_wconf 77' lang='lat' dir='ltr'><strong>auctor</strong></span> <span class='ocrx_word' id='word_1_576' title='bbox 3148 3309 3486 3364; x_wconf 65' lang='lat' dir='ltr'><strong>inseverat.»</strong></span> 
     </span>
    </p>
   </div>
   <div class='ocr_carea' id='block_1_77' title="bbox 1887 3403 3493 3476">
    <p class='ocr_par' dir='ltr' id='par_1_77' title="bbox 1887 3403 3493 3476">
     <span class='ocr_line' id='line_1_77' title="bbox 1887 3403 3493 3476; baseline -0.003 -12"><span class='ocrx_word' id='word_1_577' title='bbox 1887 3408 2035 3464; x_wconf 83' lang='lat' dir='ltr'><strong>Idem</strong></span> <span class='ocrx_word' id='word_1_578' title='bbox 2062 3416 2115 3462; x_wconf 90' lang='lat' dir='ltr'><strong>et</strong></span> <span class='ocrx_word' id='word_1_579' title='bbox 2148 3423 2178 3462; x_wconf 91' lang='lat' dir='ltr'><strong>a</strong></span> <span class='ocrx_word' id='word_1_580' title='bbox 2210 3406 2412 3461; x_wconf 73' lang='lat' dir='ltr'><strong>Basilio</strong></span> <span class='ocrx_word' id='word_1_581' title='bbox 2467 3420 2666 3476; x_wconf 87' lang='lat' dir='ltr'><strong>magno</strong></span> <span class='ocrx_word' id='word_1_582' title='bbox 2729 3403 2917 3459; x_wconf 84' lang='lat' dir='ltr'><strong>verbis</strong></span> <span class='ocrx_word' id='word_1_583' title='bbox 2967 3404 3057 3471; x_wconf 85' lang='lat' dir='ltr'><strong>his</strong></span> <span class='ocrx_word' id='word_1_584' title='bbox 3108 3403 3493 3473; x_wconf 73' lang='lat' dir='ltr'><strong>signiﬁcatur:</strong></span> 
     </span>
    </p>
   </div>
   <div class='ocr_carea' id='block_1_78' title="bbox 1895 3493 3505 3570">
    <p class='ocr_par' dir='ltr' id='par_1_78' title="bbox 1895 3493 3505 3570">
     <span class='ocr_line' id='line_1_78' title="bbox 1895 3493 3505 3570; baseline -0.006 -16"><span class='ocrx_word' id='word_1_585' title='bbox 1895 3503 2063 3557; x_wconf 68' lang='lat' dir='ltr'><strong>«Cum</strong></span> <span class='ocrx_word' id='word_1_586' title='bbox 2128 3500 2425 3555; x_wconf 85' lang='lat' dir='ltr'><strong>formasset</strong></span> <span class='ocrx_word' id='word_1_587' title='bbox 2489 3497 2777 3552; x_wconf 91' lang='lat' dir='ltr'><strong>hominem</strong></span> <span class='ocrx_word' id='word_1_588' title='bbox 2835 3495 3028 3560; x_wconf 86' lang='lat' dir='ltr'><strong>Deus,</strong></span> <span class='ocrx_word' id='word_1_589' title='bbox 3092 3504 3312 3548; x_wconf 62' lang='lat' dir='ltr'><strong>aetc&#39;uae</strong></span> <span class='ocrx_word' id='word_1_590' title='bbox 3368 3493 3505 3570; x_wconf 39' lang='lat' dir='ltr'><strong>vitae.</strong></span> 
     </span>
    </p>
   </div>
   <div class='ocr_carea' id='block_1_79' title="bbox 1888 3586 3493 3662">
    <p class='ocr_par' dir='ltr' id='par_1_79' title="bbox 1888 3586 3493 3662">
     <span class='ocr_line' id='line_1_79' title="bbox 1888 3586 3493 3662; baseline -0.006 -12"><span class='ocrx_word' id='word_1_591' title='bbox 1888 3594 2210 3650; x_wconf 83' lang='lat' dir='ltr'><strong>fruitionem</strong></span> <span class='ocrx_word' id='word_1_592' title='bbox 2243 3592 2291 3647; x_wconf 90' lang='lat' dir='ltr'><strong>ei</strong></span> <span class='ocrx_word' id='word_1_593' title='bbox 2326 3592 2556 3662; x_wconf 83' lang='lat' dir='ltr'><strong>largitus</strong></span> <span class='ocrx_word' id='word_1_594' title='bbox 2586 3599 2724 3645; x_wconf 68' lang='lat' dir='ltr'><strong>est.»</strong></span> <span class='ocrx_word' id='word_1_595' title='bbox 2792 3586 2999 3642; x_wconf 68' lang='lat' dir='ltr'><strong>Praeter</strong></span> <span class='ocrx_word' id='word_1_596' title='bbox 3022 3589 3126 3641; x_wconf 91' lang='lat' dir='ltr'><strong>hos</strong></span> <span class='ocrx_word' id='word_1_597' title='bbox 3152 3586 3375 3641; x_wconf 73' lang='lat' dir='ltr'><strong>divinus</strong></span> <span class='ocrx_word' id='word_1_598' title='bbox 3399 3586 3493 3640; x_wconf 84' lang='lat' dir='ltr'><strong>ille</strong></span> 
     </span>
    </p>
   </div>
   <div class='ocr_carea' id='block_1_80' title="bbox 1887 3679 3485 3753">
    <p class='ocr_par' dir='ltr' id='par_1_80' title="bbox 1887 3679 3485 3753">
     <span class='ocr_line' id='line_1_80' title="bbox 1887 3679 3485 3753; baseline -0.006 -12"><span class='ocrx_word' id='word_1_599' title='bbox 1887 3688 2208 3743; x_wconf 88' lang='lat' dir='ltr'><strong>Barlaamus</strong></span> <span class='ocrx_word' id='word_1_600' title='bbox 2239 3685 2306 3739; x_wconf 89' lang='lat' dir='ltr'><strong>ad</strong></span> <span class='ocrx_word' id='word_1_601' title='bbox 2336 3681 2682 3753; x_wconf 75' lang='lat' dir='ltr'><strong>Joasaphnm</strong></span> <span class='ocrx_word' id='word_1_602' title='bbox 2715 3681 2770 3734; x_wconf 93' lang='lat' dir='ltr'><strong>in</strong></span> <span class='ocrx_word' id='word_1_603' title='bbox 2801 3681 2944 3734; x_wconf 89' lang='lat' dir='ltr'><strong>hanc</strong></span> <span class='ocrx_word' id='word_1_604' title='bbox 2973 3679 3308 3734; x_wconf 86' lang='lat' dir='ltr'><strong>sententiam</strong></span> <span class='ocrx_word' id='word_1_605' title='bbox 3337 3681 3485 3732; x_wconf 85' lang='lat' dir='ltr'><strong>scri-</strong></span> 
     </span>
    </p>
   </div>
   <div class='ocr_carea' id='block_1_81' title="bbox 1890 3767 3499 3850">
    <p class='ocr_par' dir='ltr' id='par_1_81' title="bbox 1890 3767 3499 3850">
     <span class='ocr_line' id='line_1_81' title="bbox 1890 3767 3499 3850; baseline -0.007 -17"><span class='ocrx_word' id='word_1_606' title='bbox 1890 3778 2039 3850; x_wconf 74' lang='lat' dir='ltr'><strong>psit:</strong></span> <span class='ocrx_word' id='word_1_607' title='bbox 2075 3775 2373 3835; x_wconf 80' lang='lat' dir='ltr'><strong>Hominem</strong></span> <span class='ocrx_word' id='word_1_608' title='bbox 2421 3772 2575 3827; x_wconf 88' lang='lat' dir='ltr'><strong>illum</strong></span> <span class='ocrx_word' id='word_1_609' title='bbox 2630 3771 2938 3841; x_wconf 74' lang='lat' dir='ltr'><strong>principem</strong></span> <span class='ocrx_word' id='word_1_610' title='bbox 2998 3767 3147 3824; x_wconf 88' lang='lat' dir='ltr'><strong>Deus</strong></span> <span class='ocrx_word' id='word_1_611' title='bbox 3199 3767 3499 3822; x_wconf 85' lang='lat' dir='ltr'><strong>voluntate</strong></span> 
     </span>
    </p>
   </div>
   <div class='ocr_carea' id='block_1_82' title="bbox 1889 3857 3483 3937">
    <p class='ocr_par' dir='ltr' id='par_1_82' title="bbox 1889 3857 3483 3937">
     <span class='ocr_line' id='line_1_82' title="bbox 1889 3857 3483 3937; baseline -0.009 -12"><span class='ocrx_word' id='word_1_612' title='bbox 1889 3871 2061 3925; x_wconf 87' lang='lat' dir='ltr'><strong>libera</strong></span> <span class='ocrx_word' id='word_1_613' title='bbox 2097 3866 2384 3937; x_wconf 73' lang='lat' dir='ltr'><strong>przeditum</strong></span> <span class='ocrx_word' id='word_1_614' title='bbox 2421 3872 2477 3918; x_wconf 89' lang='lat' dir='ltr'><strong>et</strong></span> <span class='ocrx_word' id='word_1_615' title='bbox 2510 3868 2766 3918; x_wconf 84' lang='lat' dir='ltr'><strong>ornatum</strong></span> <span class='ocrx_word' id='word_1_616' title='bbox 2799 3857 3215 3913; x_wconf 87' lang='lat' dir='ltr'><strong>immortalitate</strong></span> <span class='ocrx_word' id='word_1_617' title='bbox 3242 3857 3483 3911; x_wconf 83' lang='lat' dir='ltr'><strong>univer-</strong></span> 
     </span>
    </p>
   </div>
   <div class='ocr_carea' id='block_1_83' title="bbox 1890 3951 3485 4024">
    <p class='ocr_par' dir='ltr' id='par_1_83' title="bbox 1890 3951 3485 4024">
     <span class='ocr_line' id='line_1_83' title="bbox 1890 3951 3485 4024; baseline -0.007 -8"><span class='ocrx_word' id='word_1_618' title='bbox 1890 3977 2072 4017; x_wconf 87' lang='lat' dir='ltr'><strong>sarum</strong></span> <span class='ocrx_word' id='word_1_619' title='bbox 2109 3974 2291 4014; x_wconf 87' lang='lat' dir='ltr'><strong>rerum</strong></span> <span class='ocrx_word' id='word_1_620' title='bbox 2353 3954 2697 4012; x_wconf 76' lang='lat' dir='ltr'><strong>terrestrium</strong></span> <span class='ocrx_word' id='word_1_621' title='bbox 2761 3969 2948 4024; x_wconf 85' lang='lat' dir='ltr'><strong>regem</strong></span> <span class='ocrx_word' id='word_1_622' title='bbox 2986 3951 3293 4007; x_wconf 83' lang='lat' dir='ltr'><strong>constituit.</strong></span> <span class='ocrx_word' id='word_1_623' title='bbox 3358 3951 3485 4022; x_wconf 81' lang='lat' dir='ltr'><strong>ipsa</strong></span> 
     </span>
    </p>
   </div>
   <div class='ocr_carea' id='block_1_84' title="bbox 1890 4045 3500 4124">
    <p class='ocr_par' dir='ltr' id='par_1_84' title="bbox 1890 4045 3500 4124">
     <span class='ocr_line' id='line_1_84' title="bbox 1890 4045 3500 4124; baseline -0.007 -13"><span class='ocrx_word' id='word_1_624' title='bbox 1890 4055 2127 4124; x_wconf 84' lang='lat' dir='ltr'><strong>denique</strong></span> <span class='ocrx_word' id='word_1_625' title='bbox 2156 4067 2432 4107; x_wconf 89' lang='lat' dir='ltr'><strong>sacrarum</strong></span> <span class='ocrx_word' id='word_1_626' title='bbox 2460 4051 2786 4104; x_wconf 87' lang='lat' dir='ltr'><strong>Litterarum</strong></span> <span class='ocrx_word' id='word_1_627' title='bbox 2812 4047 2978 4103; x_wconf 88' lang='lat' dir='ltr'><strong>verba</strong></span> <span class='ocrx_word' id='word_1_628' title='bbox 3009 4045 3144 4100; x_wconf 89' lang='lat' dir='ltr'><strong>mihi</strong></span> <span class='ocrx_word' id='word_1_629' title='bbox 3170 4046 3372 4115; x_wconf 75' lang='lat' dir='ltr'><strong>aspice,</strong></span> <span class='ocrx_word' id='word_1_630' title='bbox 3394 4059 3500 4099; x_wconf 84' lang='lat' dir='ltr'><strong>nec</strong></span> 
     </span>
    </p>
   </div>
   <div class='ocr_carea' id='block_1_85' title="bbox 1892 4138 3498 4217">
    <p class='ocr_par' dir='ltr' id='par_1_85' title="bbox 1892 4138 3498 4217">
     <span class='ocr_line' id='line_1_85' title="bbox 1892 4138 3498 4217; baseline -0.009 -13"><span class='ocrx_word' id='word_1_631' title='bbox 1892 4149 2071 4204; x_wconf 88' lang='lat' dir='ltr'><strong>obiter</strong></span> <span class='ocrx_word' id='word_1_632' title='bbox 2110 4146 2346 4217; x_wconf 84' lang='lat' dir='ltr'><strong>perlege.</strong></span> <span class='ocrx_word' id='word_1_633' title='bbox 2380 4143 2554 4199; x_wconf 88' lang='lat' dir='ltr'><strong>Simul</strong></span> <span class='ocrx_word' id='word_1_634' title='bbox 2587 4143 2736 4197; x_wconf 88' lang='lat' dir='ltr'><strong>enim</strong></span> <span class='ocrx_word' id='word_1_635' title='bbox 2776 4141 2944 4197; x_wconf 77' lang='lat' dir='ltr'><strong>hoino</strong></span> <span class='ocrx_word' id='word_1_636' title='bbox 2976 4139 3043 4195; x_wconf 87' lang='lat' dir='ltr'><strong>ad</strong></span> <span class='ocrx_word' id='word_1_637' title='bbox 3074 4138 3369 4209; x_wconf 80' lang='lat' dir='ltr'><strong>imaginem</strong></span> <span class='ocrx_word' id='word_1_638' title='bbox 3403 4139 3498 4192; x_wconf 81' lang='lat' dir='ltr'><strong>Dei</strong></span> 
     </span>
    </p>
   </div>
   <div class='ocr_carea' id='block_1_86' title="bbox 1892 4231 3501 4302">
    <p class='ocr_par' dir='ltr' id='par_1_86' title="bbox 1892 4231 3501 4302">
     <span class='ocr_line' id='line_1_86' title="bbox 1892 4231 3501 4302; baseline -0.006 -8"><span class='ocrx_word' id='word_1_639' title='bbox 1892 4240 2260 4302; x_wconf 86' lang='lat' dir='ltr'><strong>condcbatur,</strong></span> <span class='ocrx_word' id='word_1_640' title='bbox 2296 4245 2354 4292; x_wconf 90' lang='lat' dir='ltr'><strong>et</strong></span> <span class='ocrx_word' id='word_1_641' title='bbox 2377 4245 2485 4290; x_wconf 90' lang='lat' dir='ltr'><strong>tam</strong></span> <span class='ocrx_word' id='word_1_642' title='bbox 2522 4233 2754 4290; x_wconf 89' lang='lat' dir='ltr'><strong>arbitrio</strong></span> <span class='ocrx_word' id='word_1_643' title='bbox 2786 4233 3088 4288; x_wconf 89' lang='lat' dir='ltr'><strong>voluntatis</strong></span> <span class='ocrx_word' id='word_1_644' title='bbox 3120 4231 3299 4287; x_wconf 88' lang='lat' dir='ltr'><strong>libero</strong></span> <span class='ocrx_word' id='word_1_645' title='bbox 3332 4248 3501 4302; x_wconf 85' lang='lat' dir='ltr'><strong>quam</strong></span> 
     </span>
    </p>
   </div>
   <div class='ocr_carea' id='block_1_87' title="bbox 1892 4324 3504 4396">
    <p class='ocr_par' dir='ltr' id='par_1_87' title="bbox 1892 4324 3504 4396">
     <span class='ocr_line' id='line_1_87' title="bbox 1892 4324 3504 4396; baseline -0.005 -9"><span class='ocrx_word' id='word_1_646' title='bbox 1892 4329 2310 4390; x_wconf 83' lang='lat' dir='ltr'><strong>immortalitate</strong></span> <span class='ocrx_word' id='word_1_647' title='bbox 2347 4324 2613 4382; x_wconf 86' lang='lat' dir='ltr'><strong>divinitus</strong></span> <span class='ocrx_word' id='word_1_648' title='bbox 2638 4326 2966 4381; x_wconf 87' lang='lat' dir='ltr'><strong>donabatur.</strong></span> <span class='ocrx_word' id='word_1_649' title='bbox 3006 4324 3127 4390; x_wconf 86' lang='lat' dir='ltr'><strong>Quo</strong></span> <span class='ocrx_word' id='word_1_650' title='bbox 3151 4324 3318 4396; x_wconf 78' lang='lat' dir='ltr'><strong>igitur</strong></span> <span class='ocrx_word' id='word_1_651' title='bbox 3341 4334 3504 4394; x_wconf 90' lang='lat' dir='ltr'><strong>pacto</strong></span> 
     </span>
    </p>
   </div>
   <div class='ocr_carea' id='block_1_88' title="bbox 1892 4416 3501 4486">
    <p class='ocr_par' dir='ltr' id='par_1_88' title="bbox 1892 4416 3501 4486">
     <span class='ocr_line' id='line_1_88' title="bbox 1892 4416 3501 4486; baseline -0.003 -9"><span class='ocrx_word' id='word_1_652' title='bbox 1892 4424 2142 4481; x_wconf 86' lang='lat' dir='ltr'><strong>dicemus</strong></span> <span class='ocrx_word' id='word_1_653' title='bbox 2166 4437 2292 4474; x_wconf 89' lang='lat' dir='ltr'><strong>eum</strong></span> <span class='ocrx_word' id='word_1_654' title='bbox 2330 4420 2536 4486; x_wconf 69' lang='lat' dir='ltr'><strong>rariter</strong></span> <span class='ocrx_word' id='word_1_655' title='bbox 2576 4417 3009 4473; x_wconf 88' lang='lat' dir='ltr'><strong>immortalitatis</strong></span> <span class='ocrx_word' id='word_1_656' title='bbox 3043 4432 3106 4471; x_wconf 88' lang='lat' dir='ltr'><strong>ac</strong></span> <span class='ocrx_word' id='word_1_657' title='bbox 3141 4416 3501 4472; x_wconf 84' lang='lat' dir='ltr'><strong>mortalitatis</strong></span> 
     </span>
    </p>
   </div>
   <div class='ocr_carea' id='block_1_89' title="bbox 1891 4509 3492 4587">
    <p class='ocr_par' dir='ltr' id='par_1_89' title="bbox 1891 4509 3492 4587">
     <span class='ocr_line' id='line_1_89' title="bbox 1891 4509 3492 4587; baseline -0.003 -18"><span class='ocrx_word' id='word_1_658' title='bbox 1891 4514 2262 4587; x_wconf 85' lang='lat' dir='ltr'><strong>participem?</strong></span> <span class='ocrx_word' id='word_1_659' title='bbox 2326 4512 2602 4569; x_wconf 73' lang='lat' dir='ltr'><strong>Abhorret</strong></span> <span class='ocrx_word' id='word_1_660' title='bbox 2642 4511 2742 4564; x_wconf 89' lang='lat' dir='ltr'><strong>hoc</strong></span> <span class='ocrx_word' id='word_1_661' title='bbox 2763 4510 3060 4564; x_wconf 87' lang='lat' dir='ltr'><strong>scilicetab</strong></span> <span class='ocrx_word' id='word_1_662' title='bbox 3080 4509 3231 4564; x_wconf 87' lang='lat' dir='ltr'><strong>onmi</strong></span> <span class='ocrx_word' id='word_1_663' title='bbox 3255 4510 3492 4587; x_wconf 85' lang='lat' dir='ltr'><strong>ratione.</strong></span> 
     </span>
    </p>
   </div>
   <div class='ocr_carea' id='block_1_90' title="bbox 198 4584 1779 4689">
    <p class='ocr_par' dir='ltr' id='par_1_90' title="bbox 198 4592 1779 4670">
     <span class='ocr_line' id='line_1_90' title="bbox 198 4592 1779 4670; baseline -0.006 -14"><span class='ocrx_word' id='word_1_664' title='bbox 198 4605 374 4656; x_wconf 74' lang='grc' dir='ltr'>ἐκεῖσε</span> <span class='ocrx_word' id='word_1_665' title='bbox 405 4601 503 4654; x_wconf 73' lang='grc' dir='ltr'><strong>καὶ</strong></span> <span class='ocrx_word' id='word_1_666' title='bbox 537 4599 841 4670; x_wconf 87' lang='grc' dir='ltr'>θνητότητα</span> <span class='ocrx_word' id='word_1_667' title='bbox 865 4592 1351 4669; x_wconf 83' lang='grc' dir='ltr'>παρεμιγνύομεν,</span> <span class='ocrx_word' id='word_1_668' title='bbox 1387 4596 1488 4649; x_wconf 88' lang='grc' dir='ltr'><strong>ούκ</strong></span> <span class='ocrx_word' id='word_1_669' title='bbox 1518 4594 1583 4648; x_wconf 83' lang='grc' dir='ltr'>ἂν</span> <span class='ocrx_word' id='word_1_670' title='bbox 1611 4594 1779 4648; x_wconf 87' lang='grc' dir='ltr'>ἀσυλ-</span> 
     </span>
    </p>
   </div>
   <div class='ocr_carea' id='block_1_91' title="bbox 1884 4584 3537 4689">
    <p class='ocr_par' dir='ltr' id='par_1_91' title="bbox 1894 4584 3537 4679">
     <span class='ocr_line' id='line_1_91' title="bbox 1894 4584 3537 4679; baseline -0.007 -16"><span class='ocrx_word' id='word_1_671' title='bbox 1894 4584 2112 4679; x_wconf 87' lang='lat' dir='ltr'><strong>Quippe</strong></span> <span class='ocrx_word' id='word_1_672' title='bbox 2146 4607 2194 4662; x_wconf 91' lang='lat' dir='ltr'><strong>si</strong></span> <span class='ocrx_word' id='word_1_673' title='bbox 2216 4605 2502 4660; x_wconf 73' lang='lat' dir='ltr'><strong>nobiscum</strong></span> <span class='ocrx_word' id='word_1_674' title='bbox 2526 4612 2672 4659; x_wconf 90' lang='lat' dir='ltr'><strong>recte</strong></span> <span class='ocrx_word' id='word_1_675' title='bbox 2709 4616 3000 4672; x_wconf 87' lang='lat' dir='ltr'><strong>possemus</strong></span> <span class='ocrx_word' id='word_1_676' title='bbox 3022 4584 3337 4671; x_wconf 78' lang='lat' dir='ltr'><strong>expendere</strong></span> <span class='ocrx_word' id='word_1_677' title='bbox 3353 4599 3500 4669; x_wconf 86' lang='lat' dir='ltr'><strong>quod</strong></span> <span class='ocrx_word' id='word_1_678' title='bbox 3532 4634 3537 4641; x_wconf 63' lang='grc' dir='ltr'><strong><em>η</em></strong></span> 
     </span>
    </p>
   </div>
   <div class='ocr_carea' id='block_1_92' title="bbox 196 4685 1786 4761">
    <p class='ocr_par' dir='ltr' id='par_1_92' title="bbox 196 4685 1786 4761">
     <span class='ocr_line' id='line_1_92' title="bbox 196 4685 1786 4761; baseline -0.003 -16"><span class='ocrx_word' id='word_1_679' title='bbox 196 4688 421 4761; x_wconf 66' lang='grc' dir='ltr'>λέγιστα</span> <span class='ocrx_word' id='word_1_680' title='bbox 445 4690 517 4742; x_wconf 69' lang='grc' dir='ltr'>τὰ</span> <span class='ocrx_word' id='word_1_681' title='bbox 547 4688 780 4742; x_wconf 82' lang='grc' dir='ltr'>τοιαῦτα</span> <span class='ocrx_word' id='word_1_682' title='bbox 804 4685 1161 4757; x_wconf 77' lang='grc' dir='ltr'>διενοούμεθα</span> <span class='ocrx_word' id='word_1_683' title='bbox 1188 4690 1315 4758; x_wconf 77' lang='grc' dir='ltr'>περὶ</span> <span class='ocrx_word' id='word_1_684' title='bbox 1350 4686 1440 4741; x_wconf 81' lang='grc' dir='ltr'>τοῦ</span> <span class='ocrx_word' id='word_1_685' title='bbox 1473 4686 1786 4756; x_wconf 84' lang='grc' dir='ltr'>γεγενημέ-</span> 
     </span>
    </p>
   </div>
   <div class='ocr_carea' id='block_1_93' title="bbox 196 4771 1786 4852">
    <p class='ocr_par' dir='ltr' id='par_1_93' title="bbox 196 4771 1786 4852">
     <span class='ocr_line' id='line_1_93' title="bbox 196 4771 1786 4852; baseline -0.004 -13"><span class='ocrx_word' id='word_1_686' title='bbox 196 4803 288 4839; x_wconf 81' lang='grc' dir='ltr'><strong>νου</strong></span> <span class='ocrx_word' id='word_1_687' title='bbox 335 4771 471 4838; x_wconf 84' lang='grc' dir='ltr'><strong>¹κατ’</strong></span> <span class='ocrx_word' id='word_1_688' title='bbox 521 4783 708 4835; x_wconf 79' lang='grc' dir='ltr'>εἰκόνα</span> <span class='ocrx_word' id='word_1_689' title='bbox 772 4780 930 4834; x_wconf 85' lang='grc' dir='ltr'>Θεοῦ.</span> <span class='ocrx_word' id='word_1_690' title='bbox 968 4781 1132 4835; x_wconf 86' lang='grc' dir='ltr'>Ἀλλά</span> <span class='ocrx_word' id='word_1_691' title='bbox 1162 4782 1258 4834; x_wconf 73' lang='grc' dir='ltr'><strong>καὶ</strong></span> <span class='ocrx_word' id='word_1_692' title='bbox 1293 4782 1321 4835; x_wconf 91' lang='lat'><strong>6</strong></span> <span class='ocrx_word' id='word_1_693' title='bbox 1374 4780 1786 4852; x_wconf 77' lang='grc' dir='ltr'>χρυσορῤήμων</span> 
     </span>
    </p>
   </div>
   <div class='ocr_carea' id='block_1_94' title="bbox 210 4873 1791 4950">
    <p class='ocr_par' dir='ltr' id='par_1_94' title="bbox 210 4873 1791 4950">
     <span class='ocr_line' id='line_1_94' title="bbox 210 4873 1791 4950; baseline -0.004 -17"><span class='ocrx_word' id='word_1_694' title='bbox 210 4880 464 4950; x_wconf 82' lang='grc' dir='ltr'>Ἰωάννης</span> <span class='ocrx_word' id='word_1_695' title='bbox 488 4878 619 4931; x_wconf 78' lang='grc' dir='ltr'>αὐτὸ</span> <span class='ocrx_word' id='word_1_696' title='bbox 651 4877 808 4930; x_wconf 78' lang='grc' dir='ltr'>τοῦτο</span> <span class='ocrx_word' id='word_1_697' title='bbox 827 4876 1155 4948; x_wconf 82' lang='grc' dir='ltr'>παρίστησι,</span> <span class='ocrx_word' id='word_1_698' title='bbox 1179 4874 1395 4943; x_wconf 81' lang='grc' dir='ltr'>διεξιὼν</span> <span class='ocrx_word' id='word_1_699' title='bbox 1421 4876 1625 4930; x_wconf 79' lang='grc' dir='ltr'>οὑτωσὶ</span> <span class='ocrx_word' id='word_1_700' title='bbox 1646 4873 1791 4928; x_wconf 73' lang='grc' dir='ltr'>κατὰ</span> 
     </span>
    </p>
   </div>
   <div class='ocr_carea' id='block_1_95' title="bbox 198 4956 1786 5042">
    <p class='ocr_par' dir='ltr' id='par_1_95' title="bbox 198 4956 1786 5042">
     <span class='ocr_line' id='line_1_95' title="bbox 198 4956 1786 5042; baseline -0.003 -16"><span class='ocrx_word' id='word_1_701' title='bbox 198 4973 344 5038; x_wconf 80' lang='grc' dir='ltr'>λέξιν</span> <span class='ocrx_word' id='word_1_702' title='bbox 374 4975 433 5026; x_wconf 86' lang='grc' dir='ltr'><strong>ἐν</strong></span> <span class='ocrx_word' id='word_1_703' title='bbox 461 4956 638 5042; x_wconf 23' lang='grc' dir='ltr'>τῇλείς</span> <span class='ocrx_word' id='word_1_704' title='bbox 669 4970 768 5042; x_wconf 82' lang='grc' dir='ltr'>τὴν</span> <span class='ocrx_word' id='word_1_705' title='bbox 810 4969 1152 5042; x_wconf 81' lang='grc' dir='ltr'>Ἔξαήμερον</span> <span class='ocrx_word' id='word_1_706' title='bbox 1206 4975 1293 5024; x_wconf 80' lang='grc' dir='ltr'>κα⁹</span> <span class='ocrx_word' id='word_1_707' title='bbox 1348 4969 1539 5040; x_wconf 78' lang='grc' dir='ltr'>ὁμιλίᾳ</span> <span class='ocrx_word' id='word_1_708' title='bbox 1583 4967 1786 5022; x_wconf 75' lang='grc' dir='ltr'>αύτοῦο</span> 
     </span>
    </p>
   </div>
   <div class='ocr_carea' id='block_1_96' title="bbox 206 5062 1789 5138">
    <p class='ocr_par' dir='ltr' id='par_1_96' title="bbox 206 5062 1789 5138">
     <span class='ocr_line' id='line_1_96' title="bbox 206 5062 1789 5138; baseline -0.001 -20"><span class='ocrx_word' id='word_1_709' title='bbox 206 5083 226 5118; x_wconf 72' lang='grc' dir='ltr'><strong>ι</strong></span> <span class='ocrx_word' id='word_1_710' title='bbox 262 5066 688 5138; x_wconf 78' lang='grc' dir='ltr'>Δημιουργήσας</span> <span class='ocrx_word' id='word_1_711' title='bbox 742 5064 835 5119; x_wconf 89' lang='grc' dir='ltr'><strong>τὸν</strong></span> <span class='ocrx_word' id='word_1_712' title='bbox 891 5063 1242 5137; x_wconf 78' lang='grc' dir='ltr'>ἄνθρωπονό</span> <span class='ocrx_word' id='word_1_713' title='bbox 1298 5062 1455 5131; x_wconf 85' lang='grc' dir='ltr'>Θεὸς,</span> <span class='ocrx_word' id='word_1_714' title='bbox 1504 5063 1789 5136; x_wconf 59' lang='grc' dir='ltr'><strong>⁴ἠϐουλήθη</strong></span> 
     </span>
    </p>
   </div>
   <div class='ocr_carea' id='block_1_97' title="bbox 204 5155 1794 5230">
    <p class='ocr_par' dir='ltr' id='par_1_97' title="bbox 204 5155 1794 5230">
     <span class='ocr_line' id='line_1_97' title="bbox 204 5155 1794 5230; baseline 0 -19"><span class='ocrx_word' id='word_1_715' title='bbox 204 5162 424 5214; x_wconf 76' lang='grc' dir='ltr'>πάντων</span> <span class='ocrx_word' id='word_1_716' title='bbox 469 5160 579 5212; x_wconf 87' lang='grc' dir='ltr'>τῶν</span> <span class='ocrx_word' id='word_1_717' title='bbox 611 5158 909 5229; x_wconf 80' lang='grc' dir='ltr'>ὁρωμένων</span> <span class='ocrx_word' id='word_1_718' title='bbox 956 5158 1055 5228; x_wconf 81' lang='grc' dir='ltr'><strong>τὴν</strong></span> <span class='ocrx_word' id='word_1_719' title='bbox 1091 5157 1266 5230; x_wconf 82' lang='grc' dir='ltr'>ἀρχὴν</span> <span class='ocrx_word' id='word_1_720' title='bbox 1299 5156 1467 5211; x_wconf 67' lang='grc' dir='ltr'>αὐτὸν</span> <span class='ocrx_word' id='word_1_721' title='bbox 1488 5155 1656 5226; x_wconf 76' lang='grc' dir='ltr'>ἔχειν.</span> <span class='ocrx_word' id='word_1_722' title='bbox 1700 5157 1794 5211; x_wconf 89' lang='grc' dir='ltr'>Διὸ</span> 
     </span>
    </p>
   </div>
   <div class='ocr_carea' id='block_1_98' title="bbox 206 5239 1795 5321">
    <p class='ocr_par' dir='ltr' id='par_1_98' title="bbox 206 5239 1795 5321">
     <span class='ocr_line' id='line_1_98' title="bbox 206 5239 1795 5321; baseline 0 -18"><span class='ocrx_word' id='word_1_723' title='bbox 206 5253 298 5304; x_wconf 77' lang='grc' dir='ltr'><strong>καὶ</strong></span> <span class='ocrx_word' id='word_1_724' title='bbox 318 5250 422 5321; x_wconf 85' lang='grc' dir='ltr'>τὴν</span> <span class='ocrx_word' id='word_1_725' title='bbox 450 5239 544 5321; x_wconf 81' lang='grc' dir='ltr'>τῆς</span> <span class='ocrx_word' id='word_1_726' title='bbox 570 5250 751 5320; x_wconf 76' lang='grc' dir='ltr'>ψυχῆς</span> <span class='ocrx_word' id='word_1_727' title='bbox 774 5249 968 5310; x_wconf 63' lang='grc' dir='ltr'>,οὐσίαν</span> <span class='ocrx_word' id='word_1_728' title='bbox 990 5249 1142 5319; x_wconf 86' lang='grc' dir='ltr'>αύτῷ</span> <span class='ocrx_word' id='word_1_729' title='bbox 1159 5248 1477 5320; x_wconf 81' lang='grc' dir='ltr'>ἐχαρίσατο,</span> <span class='ocrx_word' id='word_1_730' title='bbox 1504 5246 1795 5319; x_wconf 76' lang='grc' dir='ltr'>βουληθεὶς</span> 
     </span>
    </p>
   </div>
   <div class='ocr_carea' id='block_1_99' title="bbox 206 5338 1797 5412">
    <p class='ocr_par' dir='ltr' id='par_1_99' title="bbox 206 5338 1797 5412">
     <span class='ocr_line' id='line_1_99' title="bbox 206 5338 1797 5412; baseline -0.001 -19"><span class='ocrx_word' id='word_1_731' title='bbox 206 5338 345 5396; x_wconf 73' lang='grc' dir='ltr'>εἶναι</span> <span class='ocrx_word' id='word_1_732' title='bbox 378 5342 543 5395; x_wconf 83' lang='grc' dir='ltr'>αὑτὸν</span> <span class='ocrx_word' id='word_1_733' title='bbox 595 5341 689 5394; x_wconf 70' lang='grc' dir='ltr'><strong>καὶ</strong></span> <span class='ocrx_word' id='word_1_734' title='bbox 744 5341 1016 5401; x_wconf 82' lang='grc' dir='ltr'>ἀθάνατον</span> <span class='ocrx_word' id='word_1_735' title='bbox 1070 5343 1153 5405; x_wconf 84' lang='grc' dir='ltr'><strong>εἰς</strong></span> <span class='ocrx_word' id='word_1_736' title='bbox 1206 5341 1266 5394; x_wconf 83' lang='grc' dir='ltr'><strong>τὸ</strong></span> <span class='ocrx_word' id='word_1_737' title='bbox 1311 5339 1588 5412; x_wconf 78' lang='grc' dir='ltr'>διηνεκές.</span> <span class='ocrx_word' id='word_1_738' title='bbox 1651 5339 1797 5393; x_wconf 81' lang='grc' dir='ltr'>Ἀλλ’</span> 
     </span>
    </p>
   </div>
   <div class='ocr_carea' id='block_1_100' title="bbox 210 5432 1796 5508">
    <p class='ocr_par' dir='ltr' id='par_1_100' title="bbox 210 5432 1796 5508">
     <span class='ocr_line' id='line_1_100' title="bbox 210 5432 1796 5508; baseline -0.002 -18"><span class='ocrx_word' id='word_1_739' title='bbox 210 5436 390 5508; x_wconf 75' lang='grc' dir='ltr'>ἐπειδὴ</span> <span class='ocrx_word' id='word_1_740' title='bbox 422 5436 512 5489; x_wconf 73' lang='grc' dir='ltr'>διὰ</span> <span class='ocrx_word' id='word_1_741' title='bbox 535 5434 811 5506; x_wconf 77' lang='grc' dir='ltr'>ῥᾳθυμίαν</span> <span class='ocrx_word' id='word_1_742' title='bbox 836 5432 1034 5487; x_wconf 78' lang='grc' dir='ltr'>ὤλισθε</span> <span class='ocrx_word' id='word_1_743' title='bbox 1058 5435 1153 5489; x_wconf 76' lang='grc' dir='ltr'><strong>καί</strong></span> <span class='ocrx_word' id='word_1_744' title='bbox 1172 5434 1393 5506; x_wconf 77' lang='grc' dir='ltr'>παρέϐη</span> <span class='ocrx_word' id='word_1_745' title='bbox 1421 5434 1521 5507; x_wconf 83' lang='grc' dir='ltr'><strong>τὴν</strong></span> <span class='ocrx_word' id='word_1_746' title='bbox 1543 5435 1796 5488; x_wconf 84' lang='grc' dir='ltr'>δοθεῖσαν</span> 
     </span>
    </p>
   </div>
   <div class='ocr_carea' id='block_1_101' title="bbox 211 5522 1795 5599">
    <p class='ocr_par' dir='ltr' id='par_1_101' title="bbox 211 5522 1795 5599">
     <span class='ocr_line' id='line_1_101' title="bbox 211 5522 1795 5599; baseline 0.001 -19"><span class='ocrx_word' id='word_1_747' title='bbox 211 5522 355 5599; x_wconf 75' lang='grc' dir='ltr'><strong>αὖτῷ</strong></span> <span class='ocrx_word' id='word_1_748' title='bbox 386 5528 630 5598; x_wconf 78' lang='grc' dir='ltr'>ἐντολήν,</span> <span class='ocrx_word' id='word_1_749' title='bbox 655 5526 776 5580; x_wconf 77' lang='grc' dir='ltr'>οὐδὲ</span> <span class='ocrx_word' id='word_1_750' title='bbox 806 5525 983 5591; x_wconf 78' lang='grc' dir='ltr'>οὕτως</span> <span class='ocrx_word' id='word_1_751' title='bbox 1012 5527 1570 5598; x_wconf 72' lang='grc' dir='ltr'>ἀπεστράφητέλεον</span> <span class='ocrx_word' id='word_1_752' title='bbox 1604 5527 1795 5593; x_wconf 86' lang='grc' dir='ltr'>αὑτὸν,</span> 
     </span>
    </p>
   </div>
   <div class='ocr_carea' id='block_1_102' title="bbox 210 5615 1798 5691">
    <p class='ocr_par' dir='ltr' id='par_1_102' title="bbox 210 5615 1798 5691">
     <span class='ocr_line' id='line_1_102' title="bbox 210 5615 1798 5691; baseline -0.003 -18"><span class='ocrx_word' id='word_1_753' title='bbox 210 5620 343 5675; x_wconf 82' lang='grc' dir='ltr'><strong>ἀλλά</strong></span> <span class='ocrx_word' id='word_1_754' title='bbox 394 5621 521 5691; x_wconf 71' lang='grc' dir='ltr'>τῆς</span> <span class='ocrx_word' id='word_1_755' title='bbox 552 5617 655 5689; x_wconf 76' lang='grc' dir='ltr'><strong>μὲν</strong></span> <span class='ocrx_word' id='word_1_756' title='bbox 688 5616 989 5681; x_wconf 78' lang='grc' dir='ltr'>ἀθανασίας</span> <span class='ocrx_word' id='word_1_757' title='bbox 1059 5616 1433 5688; x_wconf 73' lang='grc' dir='ltr'>ἀπεστέρησε,</span> <span class='ocrx_word' id='word_1_758' title='bbox 1491 5616 1712 5687; x_wconf 77' lang='grc' dir='ltr'>θανάτῳ</span> <span class='ocrx_word' id='word_1_759' title='bbox 1743 5615 1798 5669; x_wconf 83' lang='grc' dir='ltr'>δὲ</span> 
     </span>
    </p>
   </div>
   <div class='ocr_carea' id='block_1_103' title="bbox 215 5695 1799 5783">
    <p class='ocr_par' dir='ltr' id='par_1_103' title="bbox 215 5695 1799 5783">
     <span class='ocr_line' id='line_1_103' title="bbox 215 5695 1799 5783; baseline 0 -19"><span class='ocrx_word' id='word_1_760' title='bbox 215 5695 584 5778; x_wconf 72' lang='grc' dir='ltr'>καταδικάσας</span> <span class='ocrx_word' id='word_1_761' title='bbox 623 5709 718 5764; x_wconf 76' lang='grc' dir='ltr'><strong>ἐπὶ</strong></span> <span class='ocrx_word' id='word_1_762' title='bbox 784 5709 885 5782; x_wconf 82' lang='grc' dir='ltr'><strong>τῆς</strong></span> <span class='ocrx_word' id='word_1_763' title='bbox 946 5710 1122 5782; x_wconf 78' lang='grc' dir='ltr'>αὐτῆς</span> <span class='ocrx_word' id='word_1_764' title='bbox 1173 5710 1353 5783; x_wconf 82' lang='grc' dir='ltr'>ἀφῆκε</span> <span class='ocrx_word' id='word_1_765' title='bbox 1413 5710 1604 5782; x_wconf 81' lang='grc' dir='ltr'>σχεδὸν</span> <span class='ocrx_word' id='word_1_766' title='bbox 1657 5704 1799 5765; x_wconf 77' lang='grc' dir='ltr'>εἶναι</span> 
     </span>
    </p>
   </div>
   <div class='ocr_carea' id='block_1_104' title="bbox 217 5804 456 5877">
    <p class='ocr_par' dir='ltr' id='par_1_104' title="bbox 217 5804 456 5877">
     <span class='ocr_line' id='line_1_104' title="bbox 217 5804 456 5877; baseline -0.021 -3"><span class='ocrx_word' id='word_1_767' title='bbox 217 5804 398 5877; x_wconf 73' lang='grc' dir='ltr'>ἀρχῆς.</span> <span class='ocrx_word' id='word_1_768' title='bbox 437 5824 456 5857; x_wconf 69' lang='grc' dir='ltr'><strong>ι</strong></span> 
     </span>
    </p>
   </div>
   <div class='ocr_carea' id='block_1_105' title="bbox 1895 4691 3500 4765">
    <p class='ocr_par' dir='ltr' id='par_1_105' title="bbox 1895 4691 3500 4765">
     <span class='ocr_line' id='line_1_105' title="bbox 1895 4691 3500 4765; baseline -0.007 -9"><span class='ocrx_word' id='word_1_769' title='bbox 1895 4702 2169 4756; x_wconf 89' lang='lat' dir='ltr'><strong>hominem</strong></span> <span class='ocrx_word' id='word_1_770' title='bbox 2192 4699 2335 4753; x_wconf 88' lang='lat' dir='ltr'><strong>Deus</strong></span> <span class='ocrx_word' id='word_1_771' title='bbox 2353 4695 2699 4752; x_wconf 90' lang='lat' dir='ltr'><strong>terrestrium</strong></span> <span class='ocrx_word' id='word_1_772' title='bbox 2736 4708 2919 4765; x_wconf 83' lang='lat' dir='ltr'><strong>regem</strong></span> <span class='ocrx_word' id='word_1_773' title='bbox 2936 4691 3310 4758; x_wconf 89' lang='lat' dir='ltr'><strong>constituerit,</strong></span> <span class='ocrx_word' id='word_1_774' title='bbox 3329 4706 3500 4745; x_wconf 82' lang='lat' dir='ltr'><strong>orna-</strong></span> 
     </span>
    </p>
   </div>
   <div class='ocr_carea' id='block_1_106' title="bbox 1894 4783 3503 4860">
    <p class='ocr_par' dir='ltr' id='par_1_106' title="bbox 1894 4783 3503 4860">
     <span class='ocr_line' id='line_1_106' title="bbox 1894 4783 3503 4860; baseline -0.007 -11"><span class='ocrx_word' id='word_1_775' title='bbox 1894 4805 2008 4850; x_wconf 92' lang='lat' dir='ltr'><strong>tum</strong></span> <span class='ocrx_word' id='word_1_776' title='bbox 2061 4792 2129 4847; x_wconf 91' lang='lat' dir='ltr'><strong>ab</strong></span> <span class='ocrx_word' id='word_1_777' title='bbox 2152 4806 2211 4846; x_wconf 90' lang='lat' dir='ltr'><strong>se</strong></span> <span class='ocrx_word' id='word_1_778' title='bbox 2237 4791 2392 4860; x_wconf 85' lang='lat' dir='ltr'><strong>prius</strong></span> <span class='ocrx_word' id='word_1_779' title='bbox 2418 4786 2853 4851; x_wconf 87' lang='lat' dir='ltr'><strong>immortalitate,</strong></span> <span class='ocrx_word' id='word_1_780' title='bbox 2896 4800 3007 4840; x_wconf 86' lang='lat' dir='ltr'><strong>non</strong></span> <span class='ocrx_word' id='word_1_781' title='bbox 3032 4783 3123 4839; x_wconf 83' lang='lat' dir='ltr'><strong>hic</strong></span> <span class='ocrx_word' id='word_1_782' title='bbox 3146 4784 3503 4838; x_wconf 85' lang='lat' dir='ltr'><strong>mortalitatis</strong></span> 
     </span>
    </p>
   </div>
   <div class='ocr_carea' id='block_1_107' title="bbox 1892 4876 3502 4958">
    <p class='ocr_par' dir='ltr' id='par_1_107' title="bbox 1892 4876 3502 4958">
     <span class='ocr_line' id='line_1_107' title="bbox 1892 4876 3502 4958; baseline -0.009 -13"><span class='ocrx_word' id='word_1_783' title='bbox 1892 4888 2187 4958; x_wconf 88' lang='lat' dir='ltr'><strong>quidquam</strong></span> <span class='ocrx_word' id='word_1_784' title='bbox 2206 4885 2659 4946; x_wconf 86' lang='lat' dir='ltr'><strong>immisceremus,</strong></span> <span class='ocrx_word' id='word_1_785' title='bbox 2684 4881 2877 4937; x_wconf 88' lang='lat' dir='ltr'><strong>nonde</strong></span> <span class='ocrx_word' id='word_1_786' title='bbox 2891 4877 3114 4934; x_wconf 86' lang='lat' dir='ltr'><strong>condito</strong></span> <span class='ocrx_word' id='word_1_787' title='bbox 3125 4877 3192 4932; x_wconf 93' lang='lat' dir='ltr'><strong>ad</strong></span> <span class='ocrx_word' id='word_1_788' title='bbox 3208 4876 3502 4948; x_wconf 76' lang='lat' dir='ltr'><strong>imaginem</strong></span> 
     </span>
    </p>
   </div>
   <div class='ocr_carea' id='block_1_108' title="bbox 1893 4969 3495 5051">
    <p class='ocr_par' dir='ltr' id='par_1_108' title="bbox 1893 4969 3495 5051">
     <span class='ocr_line' id='line_1_108' title="bbox 1893 4969 3495 5051; baseline -0.011 -12"><span class='ocrx_word' id='word_1_789' title='bbox 1893 4984 1987 5039; x_wconf 90' lang='lat' dir='ltr'><strong>Dei</strong></span> <span class='ocrx_word' id='word_1_790' title='bbox 2013 4981 2310 5051; x_wconf 85' lang='lat' dir='ltr'><strong>quidquam</strong></span> <span class='ocrx_word' id='word_1_791' title='bbox 2335 4977 2563 5034; x_wconf 87' lang='lat' dir='ltr'><strong>absurdi</strong></span> <span class='ocrx_word' id='word_1_792' title='bbox 2586 4976 2985 5049; x_wconf 88' lang='lat' dir='ltr'><strong>cogitaremus.</strong></span> <span class='ocrx_word' id='word_1_793' title='bbox 3018 4971 3171 5027; x_wconf 87' lang='lat' dir='ltr'><strong>Facit</strong></span> <span class='ocrx_word' id='word_1_794' title='bbox 3193 4971 3304 5027; x_wconf 91' lang='lat' dir='ltr'><strong>hue</strong></span> <span class='ocrx_word' id='word_1_795' title='bbox 3327 4969 3495 5026; x_wconf 76' lang='lat' dir='ltr'><strong>Joan-</strong></span> 
     </span>
    </p>
   </div>
   <div class='ocr_carea' id='block_1_109' title="bbox 1895 5065 3501 5145">
    <p class='ocr_par' dir='ltr' id='par_1_109' title="bbox 1895 5065 3501 5145">
     <span class='ocr_line' id='line_1_109' title="bbox 1895 5065 3501 5145; baseline -0.007 -14"><span class='ocrx_word' id='word_1_796' title='bbox 1895 5078 1981 5131; x_wconf 90' lang='lat' dir='ltr'><strong>nis</strong></span> <span class='ocrx_word' id='word_1_797' title='bbox 2004 5073 2384 5145; x_wconf 88' lang='lat' dir='ltr'><strong>Cbrysostomi</strong></span> <span class='ocrx_word' id='word_1_798' title='bbox 2409 5073 2585 5138; x_wconf 91' lang='lat' dir='ltr'><strong>locus,</strong></span> <span class='ocrx_word' id='word_1_799' title='bbox 2607 5071 2701 5143; x_wconf 93' lang='lat' dir='ltr'><strong>qui</strong></span> <span class='ocrx_word' id='word_1_800' title='bbox 2725 5070 2781 5124; x_wconf 91' lang='lat' dir='ltr'><strong>in</strong></span> <span class='ocrx_word' id='word_1_801' title='bbox 2808 5066 3059 5124; x_wconf 85' lang='lat' dir='ltr'><strong>oratione</strong></span> <span class='ocrx_word' id='word_1_802' title='bbox 3080 5066 3143 5120; x_wconf 74' lang='lat'><strong>21</strong></span> <span class='ocrx_word' id='word_1_803' title='bbox 3174 5066 3241 5121; x_wconf 89' lang='lat' dir='ltr'><strong>de</strong></span> <span class='ocrx_word' id='word_1_804' title='bbox 3263 5081 3357 5122; x_wconf 83' lang='lat' dir='ltr'><strong>sex</strong></span> <span class='ocrx_word' id='word_1_805' title='bbox 3382 5065 3501 5120; x_wconf 90' lang='lat' dir='ltr'><strong>die-</strong></span> 
     </span>
    </p>
   </div>
   <div class='ocr_carea' id='block_1_110' title="bbox 1896 5159 3502 5236">
    <p class='ocr_par' dir='ltr' id='par_1_110' title="bbox 1896 5159 3502 5236">
     <span class='ocr_line' id='line_1_110' title="bbox 1896 5159 3502 5236; baseline -0.008 -11"><span class='ocrx_word' id='word_1_806' title='bbox 1896 5184 2017 5225; x_wconf 90' lang='lat' dir='ltr'><strong>rum</strong></span> <span class='ocrx_word' id='word_1_807' title='bbox 2078 5166 2339 5236; x_wconf 88' lang='lat' dir='ltr'><strong>operibus</strong></span> <span class='ocrx_word' id='word_1_808' title='bbox 2400 5173 2615 5220; x_wconf 76' lang='lat' dir='ltr'><strong>exstat:</strong></span> <span class='ocrx_word' id='word_1_809' title='bbox 2683 5160 2869 5217; x_wconf 70' lang='lat' dir='ltr'><strong>«Cum</strong></span> <span class='ocrx_word' id='word_1_810' title='bbox 2924 5160 3233 5224; x_wconf 81' lang='lat' dir='ltr'><strong>hominem,</strong></span> <span class='ocrx_word' id='word_1_811' title='bbox 3295 5159 3502 5230; x_wconf 88' lang='lat' dir='ltr'><strong>inquit,</strong></span> 
     </span>
    </p>
   </div>
   <div class='ocr_carea' id='block_1_111' title="bbox 1898 5253 3501 5323">
    <p class='ocr_par' dir='ltr' id='par_1_111' title="bbox 1898 5253 3501 5323">
     <span class='ocr_line' id='line_1_111' title="bbox 1898 5253 3501 5323; baseline -0.007 -7"><span class='ocrx_word' id='word_1_812' title='bbox 1898 5267 2142 5316; x_wconf 88' lang='lat' dir='ltr'><strong>creasset</strong></span> <span class='ocrx_word' id='word_1_813' title='bbox 2165 5257 2310 5312; x_wconf 84' lang='lat' dir='ltr'><strong>Deus</strong></span> <span class='ocrx_word' id='word_1_814' title='bbox 2339 5256 2517 5312; x_wconf 86' lang='lat' dir='ltr'><strong>voluit</strong></span> <span class='ocrx_word' id='word_1_815' title='bbox 2563 5271 2690 5310; x_wconf 87' lang='lat' dir='ltr'><strong>eum</strong></span> <span class='ocrx_word' id='word_1_816' title='bbox 2723 5254 2778 5308; x_wconf 90' lang='lat' dir='ltr'><strong>in</strong></span> <span class='ocrx_word' id='word_1_817' title='bbox 2812 5269 2900 5309; x_wconf 87' lang='lat' dir='ltr'><strong>res</strong></span> <span class='ocrx_word' id='word_1_818' title='bbox 2927 5253 3216 5308; x_wconf 88' lang='lat' dir='ltr'><strong>universas</strong></span> <span class='ocrx_word' id='word_1_819' title='bbox 3252 5262 3501 5323; x_wconf 88' lang='lat' dir='ltr'><strong>aspecta-</strong></span> 
     </span>
    </p>
   </div>
   <div class='ocr_carea' id='block_1_112' title="bbox 1900 5344 3581 5421">
    <p class='ocr_par' dir='ltr' id='par_1_112' title="bbox 1900 5344 3581 5421">
     <span class='ocr_line' id='line_1_112' title="bbox 1900 5344 3581 5421; baseline -0.01 -11"><span class='ocrx_word' id='word_1_820' title='bbox 1900 5355 2037 5410; x_wconf 86' lang='lat' dir='ltr'><strong>biles</strong></span> <span class='ocrx_word' id='word_1_821' title='bbox 2095 5350 2388 5421; x_wconf 90' lang='lat' dir='ltr'><strong>imperium</strong></span> <span class='ocrx_word' id='word_1_822' title='bbox 2420 5349 2646 5403; x_wconf 84' lang='lat' dir='ltr'><strong>habere.</strong></span> <span class='ocrx_word' id='word_1_823' title='bbox 2713 5346 2929 5402; x_wconf 87' lang='lat' dir='ltr'><strong>Idcirco</strong></span> <span class='ocrx_word' id='word_1_824' title='bbox 2960 5345 3127 5400; x_wconf 85' lang='lat' dir='ltr'><strong>etiam</strong></span> <span class='ocrx_word' id='word_1_825' title='bbox 3159 5344 3211 5400; x_wconf 92' lang='lat' dir='ltr'><strong>ei</strong></span> <span class='ocrx_word' id='word_1_826' title='bbox 3247 5353 3500 5397; x_wconf 90' lang='lat' dir='ltr'><strong>naturam</strong></span> <span class='ocrx_word' id='word_1_827' title='bbox 3578 5418 3581 5421; x_wconf 2' lang='grc' dir='ltr'><strong>γ</strong></span> 
     </span>
    </p>
   </div>
   <div class='ocr_carea' id='block_1_113' title="bbox 1901 5426 3504 5508">
    <p class='ocr_par' dir='ltr' id='par_1_113' title="bbox 1901 5426 3504 5508">
     <span class='ocr_line' id='line_1_113' title="bbox 1901 5426 3504 5508; baseline -0.009 -6"><span class='ocrx_word' id='word_1_828' title='bbox 1901 5458 1956 5502; x_wconf 93' lang='lat' dir='ltr'><strong>et</strong></span> <span class='ocrx_word' id='word_1_829' title='bbox 1982 5444 2281 5502; x_wconf 81' lang='lat' dir='ltr'><strong>essentiam</strong></span> <span class='ocrx_word' id='word_1_830' title='bbox 2315 5442 2513 5495; x_wconf 77' lang='lat' dir='ltr'><strong>anima:</strong></span> <span class='ocrx_word' id='word_1_831' title='bbox 2554 5439 2785 5508; x_wconf 81' lang='lat' dir='ltr'><strong>largitus</strong></span> <span class='ocrx_word' id='word_1_832' title='bbox 2813 5447 2919 5503; x_wconf 92' lang='lat' dir='ltr'><strong>est,</strong></span> <span class='ocrx_word' id='word_1_833' title='bbox 2952 5436 3101 5507; x_wconf 87' lang='lat' dir='ltr'><strong>quod</strong></span> <span class='ocrx_word' id='word_1_834' title='bbox 3148 5451 3272 5491; x_wconf 89' lang='lat' dir='ltr'><strong>eum</strong></span> <span class='ocrx_word' id='word_1_835' title='bbox 3308 5426 3504 5504; x_wconf 82' lang='lat' dir='ltr'><strong>perpe-</strong></span> 
     </span>
    </p>
   </div>
   <div class='ocr_carea' id='block_1_114' title="bbox 1907 5528 3501 5596">
    <p class='ocr_par' dir='ltr' id='par_1_114' title="bbox 1907 5528 3501 5596">
     <span class='ocr_line' id='line_1_114' title="bbox 1907 5528 3501 5596; baseline -0.011 -1"><span class='ocrx_word' id='word_1_836' title='bbox 1907 5549 1999 5595; x_wconf 92' lang='lat' dir='ltr'><strong>tuo</strong></span> <span class='ocrx_word' id='word_1_837' title='bbox 2030 5537 2197 5591; x_wconf 88' lang='lat' dir='ltr'><strong>vellet</strong></span> <span class='ocrx_word' id='word_1_838' title='bbox 2226 5533 2596 5589; x_wconf 88' lang='lat' dir='ltr'><strong>immortalem</strong></span> <span class='ocrx_word' id='word_1_839' title='bbox 2626 5547 2772 5586; x_wconf 89' lang='lat' dir='ltr'><strong>esse.</strong></span> <span class='ocrx_word' id='word_1_840' title='bbox 2827 5530 2906 5586; x_wconf 88' lang='lat' dir='ltr'><strong>Ac</strong></span> <span class='ocrx_word' id='word_1_841' title='bbox 2935 5528 3153 5584; x_wconf 90' lang='lat' dir='ltr'><strong>tametsi</strong></span> <span class='ocrx_word' id='word_1_842' title='bbox 3188 5541 3285 5596; x_wconf 87' lang='lat' dir='ltr'><strong>per</strong></span> <span class='ocrx_word' id='word_1_843' title='bbox 3315 5539 3501 5581; x_wconf 86' lang='lat' dir='ltr'><strong>secor-</strong></span> 
     </span>
    </p>
   </div>
   <div class='ocr_carea' id='block_1_115' title="bbox 1903 5615 3498 5700">
    <p class='ocr_par' dir='ltr' id='par_1_115' title="bbox 1903 5615 3498 5700">
     <span class='ocr_line' id='line_1_115' title="bbox 1903 5615 3498 5700; baseline -0.014 -11"><span class='ocrx_word' id='word_1_844' title='bbox 1903 5634 2047 5689; x_wconf 87' lang='lat' dir='ltr'><strong>diatn</strong></span> <span class='ocrx_word' id='word_1_845' title='bbox 2098 5631 2286 5700; x_wconf 86' lang='lat' dir='ltr'><strong>lapsus</strong></span> <span class='ocrx_word' id='word_1_846' title='bbox 2333 5628 2406 5682; x_wconf 90' lang='lat' dir='ltr'><strong>sit</strong></span> <span class='ocrx_word' id='word_1_847' title='bbox 2452 5627 2888 5693; x_wconf 88' lang='lat' dir='ltr'><strong>mandatumque</strong></span> <span class='ocrx_word' id='word_1_848' title='bbox 2944 5621 3046 5676; x_wconf 85' lang='lat' dir='ltr'><strong>sibi</strong></span> <span class='ocrx_word' id='word_1_849' title='bbox 3114 5615 3498 5688; x_wconf 71' lang='lat' dir='ltr'><strong>prmscriptum</strong></span> 
     </span>
    </p>
   </div>
   <div class='ocr_carea' id='block_1_116' title="bbox 1908 5716 3502 5794">
    <p class='ocr_par' dir='ltr' id='par_1_116' title="bbox 1908 5716 3502 5794">
     <span class='ocr_line' id='line_1_116' title="bbox 1908 5716 3502 5794; baseline -0.012 -13"><span class='ocrx_word' id='word_1_850' title='bbox 1908 5736 2288 5794; x_wconf 80' lang='lat' dir='ltr'><strong>transgressus</strong></span> <span class='ocrx_word' id='word_1_851' title='bbox 2309 5763 2324 5787; x_wconf 92' lang='lat'><strong>,</strong></span> <span class='ocrx_word' id='word_1_852' title='bbox 2359 5735 2483 5775; x_wconf 43' lang='lat' dir='ltr'><strong>non.</strong></span> <span class='ocrx_word' id='word_1_853' title='bbox 2516 5729 2700 5773; x_wconf 88' lang='lat' dir='ltr'><strong>tamen</strong></span> <span class='ocrx_word' id='word_1_854' title='bbox 2736 5717 2916 5786; x_wconf 87' lang='lat' dir='ltr'><strong>ipsum</strong></span> <span class='ocrx_word' id='word_1_855' title='bbox 2954 5724 3180 5782; x_wconf 88' lang='lat' dir='ltr'><strong>prorsus</strong></span> <span class='ocrx_word' id='word_1_856' title='bbox 3209 5716 3502 5762; x_wconf 75' lang='lat' dir='ltr'><strong>aversatus</strong></span> 
     </span>
    </p>
   </div>
   <div class='ocr_carea' id='block_1_117' title="bbox 1818 5802 3501 5886">
    <p class='ocr_par' dir='ltr' id='par_1_117' title="bbox 1818 5802 3501 5886">
     <span class='ocr_line' id='line_1_117' title="bbox 1818 5802 3501 5886; baseline -0.014 -8"><span class='ocrx_word' id='word_1_857' title='bbox 1818 5810 1844 5833; x_wconf 82' lang='grc'><strong>⁹</strong></span> <span class='ocrx_word' id='word_1_858' title='bbox 1909 5831 2015 5886; x_wconf 88' lang='lat' dir='ltr'><strong>est,</strong></span> <span class='ocrx_word' id='word_1_859' title='bbox 2072 5817 2169 5873; x_wconf 89' lang='lat' dir='ltr'><strong>sed</strong></span> <span class='ocrx_word' id='word_1_860' title='bbox 2228 5813 2648 5875; x_wconf 84' lang='lat' dir='ltr'><strong>immortalitate</strong></span> <span class='ocrx_word' id='word_1_861' title='bbox 2693 5808 2989 5880; x_wconf 87' lang='lat' dir='ltr'><strong>spoliatum</strong></span> <span class='ocrx_word' id='word_1_862' title='bbox 3027 5819 3092 5860; x_wconf 88' lang='lat' dir='ltr'><strong>ac</strong></span> <span class='ocrx_word' id='word_1_863' title='bbox 3125 5810 3304 5857; x_wconf 84' lang='lat' dir='ltr'><strong>morte</strong></span> <span class='ocrx_word' id='word_1_864' title='bbox 3345 5802 3501 5857; x_wconf 81' lang='lat' dir='ltr'><strong>dam-</strong></span> 
     </span>
    </p>
   </div>
   <div class='ocr_carea' id='block_1_118' title="bbox 1912 5893 3490 5983">
    <p class='ocr_par' dir='ltr' id='par_1_118' title="bbox 1912 5893 3490 5983">
     <span class='ocr_line' id='line_1_118' title="bbox 1912 5893 3490 5983; baseline -0.016 -13"><span class='ocrx_word' id='word_1_865' title='bbox 1912 5920 2101 5970; x_wconf 88' lang='lat' dir='ltr'><strong>natum</strong></span> <span class='ocrx_word' id='word_1_866' title='bbox 2149 5908 2548 5983; x_wconf 82' lang='lat' dir='ltr'><strong>propemodum</strong></span> <span class='ocrx_word' id='word_1_867' title='bbox 2597 5904 2654 5961; x_wconf 93' lang='lat' dir='ltr'><strong>in</strong></span> <span class='ocrx_word' id='word_1_868' title='bbox 2686 5902 2881 5959; x_wconf 85' lang='lat' dir='ltr'><strong>codem</strong></span> <span class='ocrx_word' id='word_1_869' title='bbox 2936 5895 3174 5969; x_wconf 90' lang='lat' dir='ltr'><strong>imperio</strong></span> <span class='ocrx_word' id='word_1_870' title='bbox 3209 5893 3490 5965; x_wconf 43' lang='lat' dir='ltr'><strong>reliquit”</strong></span> 
     </span>
    </p>
   </div>
  </div>
