3936 6418
209 375 298 435 185

1492 366 1903 438 ΛΝΝᾼῙᾹΠΜ
1939 367 2134 430 PARS
2173 369 2222 432 Ῑ.

3365 370 3464 436 186

205 494 256 542 tv
285 485 358 558 τιξ.
380 501 517 557 περι
540 485 892 550 ἀιαστασεως
919 483 1066 555 λόγῳ
1115 482 1284 538 αὑτοῦ
1312 481 1405 536 τὸν
1433 494 1563 555 περι
1584 473 1775 536 τότιέὃυ

1883 493 2014 539 ctat.
2038 483 2170 539 Tale
2194 483 2518 543 suseitatum
2549 494 2634 542 est
2662 501 2725 542 ex
2760 485 2992 542 mortuis
3012 501 3231 557 corpus,
3259 489 3466 544 dudum

203 582 354 650 λόγον
379 579 764 652 ἀριδηλότερον
796 579 1051 643 ποιεῖται,
1085 577 1180 630 καὶ
1215 574 1360 630 οὕτω
1389 575 1525 645 φησί
1552 591 1567 606 ο
1601 593 1619 627 r
1653 576 1778 628 Τοιο

201 675 350 728 οῦτον
385 674 448 726 ὲκ
472 672 682 744 νεκρῶν
703 673 1000 742 ἐγήγερται
1024 672 1084 724 τὸ
1111 669 1271 741 σῶμα
1290 668 1352 721 τὸ
1382 667 1570 730 πεσὸν,
1595 668 1778 720 ὁποῖον

198 762 266 838 ἦν
296 764 394 828 ἀπῖ
427 765 627 836 ἀρχῆς,
650 762 1064 832 ἀποϐαλόμενον
1095 762 1241 816 ἆπαν
1275 761 1412 831 ὅπερ
1452 759 1652 827 ἔφθασε
1688 757 1777 811 διὰ

201 863 300 931 τὴν
321 859 600 929 ἁμαρτίαν
624 856 997 927 ὲπισυμὸἦναι
1026 853 1194 923 αύτῷ.
1235 871 1255 906 ι
1294 853 1538 922 Πρόσεχε
1573 849 1687 906 οὖν.
1715 851 1778 904 Εἰ

199 955 304 1022 γάρ
329 952 574 1005 τοιοῦτον
603 951 903 1020 ἐγήγερται
955 949 1140 1001 ὁποῖον
1163 942 1232 1018 ἦν
1268 946 1364 998 ἀπ’
1393 945 1591 1013 ἀρχῆς,
1625 943 1686 996 τὸ
1721 943 1778 997 δὲ

201 1044 553 1116 ἐγειρόμενον
589 1044 768 1095 ἐκεῖνο
801 1039 964 1110 σῶμα
992 1037 1116 1091 τότε
1161 1037 1393 1090 Θανάτου
1433 1037 1530 1090 καὶ
1570 1033 1796 1104 φθορᾶς¹

201 1139 428 1209 ἄμεινον
444 1135 735 1207 ἐγερθῆναι
757 1133 1132 1205 ὡμολόγηται,
1157 1133 1248 1184 καὶ
1269 1130 1481 1200 βεϐαιοῖ
1507 1127 1596 1181 τὸν
1618 1128 1778 1195 λόγον

197 1234 225 1285 6
255 1233 560 1302 πάμμεγας
595 1227 800 1290 Παῦλος
829 1225 973 1280 οὕτω
1006 1225 1182 1294 λέγων
1207 1240 1221 1256 ⁸
1257 1243 1275 1275 r
1315 1223 1407 1274 Δεῖ
1443 1221 1505 1273 τὸ
1539 1219 1778 1289 φθαρτὸν

199 1326 358 1377 τοῦτο
411 1321 736 1376 ἐνδύσασθαι
786 1318 1123 1389 ἀφθαρσίαν,
1155 1317 1251 1368 καὶ
1295 1315 1359 1368 τὸ
1389 1312 1583 1379 θνητὸν
1621 1310 1779 1363 τοῦτο

199 1415 530 1469 ἐνδύσασθαι
565 1412 891 1474 ἀθανασίαν,
934 1430 951 1463 ι
983 1408 1206 1478 εῦδηλον
1239 1411 1456 1468 πάντως
1495 1405 1578 1459 ὅτι
1605 1403 1696 1456 καὶ
1718 1401 1778 1456 τὸ

201 1509 358 1577 σῶμα
390 1509 590 1572 έκεῖνο,
613 1505 757 1572 λέγω
777 1505 840 1572 δὴ
870 1505 932 1556 τὸ
961 1501 1194 1575 πρώτως
1227 1501 1333 1554 ὑπὸ
1359 1498 1495 1552 Θεοῦ
1527 1495 1776 1568 ποιηθὲν,

197 1605 473 1656 ἀθάνατον
519 1599 733 1669 ἀληθῶς
795 1598 1011 1669 ὑπῆρχε
1061 1596 1159 1649 καὶ
1207 1595 1509 1664 ἄφθαρτον,
1563 1591 1637 1654 ὼς
1676 1589 1778 1660 ἠδη

199 1697 463 1759 πολλάκις
484 1695 810 1764 είρήκαμεν.
845 1691 986 1745 Αὐτὸ
1010 1689 1166 1742 τοῦτο
1191 1687 1496 1758 παρίστησι
1524 1686 1618 1737 καὶ
1639 1683 1780 1736 Νυσ-

200 1789 366 1851 σαεὺς
421 1788 563 1848 θεῖος
622 1785 944 1856 Γρηγόριος,
979 1784 1140 1854 ἡνίκα
1178 1783 1270 1834 καὶ
1305 1779 1512 1849 μᾶλλον
1547 1777 1782 1848 εὓρηται

197 1882 257 1934 τὸ
312 1880 409 1934 τοῦ
451 1876 939 1948 Ἐκκλησιαστικοῦ
996 1876 1160 1947 ῥητὸν
1217 1871 1660 1942 ἐπεξηγούμενος
1716 1867 1776 1921 τὸ
1811 1860 1855 1918 Β

195 1971 564 2040 διαλαμϐάνον
591 1968 764 2030 οὕτως
795 1971 852 2022 ὲν
877 1967 1058 2034 λέξεσι
1081 1985 1096 1998 ο
1135 1985 1154 2018 r
1183 1966 1248 2018 Τί
1268 1967 1328 2018 τὸ
1355 1963 1614 2033 γεγονός;
1646 1961 1781 2014 αὐτὸ

195 2064 261 2117 τὸ
285 2062 677 2133 γενησόμενον.
723 2061 831 2114 Καὶ
872 2060 929 2112 τί
986 2058 1050 2112 τὸ
1087 2057 1500 2128 πεποιημένον;
1555 2054 1690 2106 αὐτὸ
1719 2051 1781 2105 τὸ

199 2154 657 2225 ποιηθησόμενον.
700 2170 720 2204 ι
759 2154 922 2220 Λέγει
943 2151 1053 2222 γὰρ
1083 2151 1166 2204 ὅτι
1198 2149 1344 2220 χειρὶ
1373 2147 1509 2201 Θεοῦ
1549 2162 1784 2214 πεποιη-

206 2249 364 2318 μένος
390 2246 678 2317 ἄνθρωπος
702 2243 800 2312 οὐχ
849 2243 875 2296 6
906 2242 1002 2296 νῦν
1033 2245 1152 2294 ἐστι
1187 2242 1277 2295 διὰ
1328 2239 1431 2310 τὴν
1479 2238 1781 2308 ἁμαρτίαν,

206 2334 374 2403 ὴγουν
404 2334 638 2403 τρεπτὸς
695 2333 790 2384 καὶ
823 2331 1089 2401 φθαρτὸς,
1141 2330 1300 2383 τοῦτο
1344 2324 1414 2398 ἦν
1451 2327 1549 2382 ἀπ’
1579 2327 1779 2396 ἀρχῆς,

206 2425 317 2478 ἀλλ’
352 2425 381 2477 ὃ
413 2423 777 2494 ποιηθήσεται
811 2422 1065 2492 ὕστερον,
1114 2423 1386 2492 ἄτρεπτος
1411 2418 1659 2491 δηλονότι
1687 2416 1782 2470 καὶ

209 2516 504 2583 ἄφθαρτος.
538 2513 710 2584 Εἴπερ
752 2511 850 2566 οῦν
895 2515 921 2564 6
949 2513 1084 2575 Θεὸς
1117 2510 1204 2564 ἐπ’
1236 2509 1521 2581 ἀφθαρσίᾳ
1573 2507 1784 2562 τδν’ἇνο

212 2608 421 2678 θρωπον
445 2608 648 2672 ἔκτισε,
702 2606 1033 2660 κατέίκόνα
1068 2606 1168 2674 τῆς
1223 2604 1527 2672 ἀῖδιότητος
1587 2599 1780 2665 αὑτοῦ,

214 2701 352 2756 καθά
375 2717 510 2770 φησι
540 2699 792 2769 Σολομὼν
813 2715 826 2728 ·
869 2699 1032 2770 εἴπερ
1065 2694 1160 2754 οὖν
1191 2696 1362 2761 ἔδειξε
1383 2697 1444 2749 τὸ
1467 2697 1665 2750 οἰκεῖον
1689 2712 1781 2763 φι-

216 2792 426 2860 λότιμον
469 2789 738 2862 μεταδοὺς
767 2788 916 2858 αύτῷ
943 2788 1122 2858 ψυχῆς
1153 2789 1349 2858 νοερᾶς
1391 2785 1465 2847 ὡς
1498 2781 1641 2838 εἶναι
1687 2785 1783 2839 καὶ⁵

219 2885 476 2940 ἀθάνατον
505 2886 562 2946 ἐς
582 2884 644 2936 τὸ
665 2883 936 2954 διηνεκὲς,
964 2883 1040 2946 ὠς
1074 2883 1102 2934 6
1133 2879 1370 2952 χρυσοῦς
1387 2881 1494 2950 τὴν
1534 2877 1783 2948 γλῶττάν

221 2996 373 3049 φησιν
392 2995 406 3010 ο
428 2977 586 3048 εἴπερ
615 2976 708 3030 οὖν
727 2977 877 3046 ζωῆς
907 2976 1130 3030 αίωνίου
1155 2973 1460 3028 ἀπόλαυσιν
1487 2974 1782 3045 ἐχαρίσατο

220 3071 292 3141 τῷ
318 3069 588 3142 ἀνθρώπῳ
622 3069 746 3124 κατ’
781 3069 960 3139 ἀρχὰς
993 3071 1025 3122 6
1062 3067 1218 3133 Θεὸς,
1257 3067 1334 3132 ὡς
1360 3069 1387 3119 6
1435 3070 1608 3138 μέγας
1646 3067 1780 3138 φησῖ

1881 578 2206 648 collapsum,
2238 579 2397 650 quale
2427 581 2496 635 ab
2550 580 2705 635 initio
2751 589 2888 644 erat,
2927 582 3145 652 rejectis
3176 590 3338 650 atque
3371 583 3469 635 de-

1881 671 2078 742 positis
2109 673 2368 727 omnibus
2419 688 2541 741 quae
2578 675 2726 741 prius
2758 675 2806 728 ei
2849 690 2948 744 per
2991 682 3272 742 peccatum
3320 675 3467 728 acci-

1882 761 2037 820 dere.
2069 764 2242 820 Velim
2279 766 2363 820 his
2395 766 2525 820 mihi
2587 767 2768 822 verbis
2821 769 3062 822 animum
3095 767 3370 822 advertas.
3406 766 3463 819 Si

1883 858 1974 911 tali
1997 859 2325 913 suscitatum
2367 869 2452 912 est
2481 859 2638 927 quale
2663 859 2732 1002 ἲ)
2773 859 2928 913 initio
2955 868 3096 924 erat,
3137 860 3236 913 etsi
3264 873 3466 926 corpus

1883 949 2038 1002 illud.
2071 951 2215 1002 quod
2247 949 2538 1002 excitatur.
2570 950 2647 1002 sic
2676 951 2928 1002 .uscitari
2961 960 3176 1002 constat
3202 959 3260 1002 ut
3298 967 3463 1002 suora

1882 949 2038 1014 illud,
2071 951 2215 1019 quod
2247 949 2538 1014 excitatur,
2570 950 2647 1005 sic
2676 949 2928 1004 Suscitari
2961 960 3176 1006 constat
3202 959 3260 1005 ut
3298 967 3463 1020 supra

1883 1052 2115 1098 mortem
2146 1043 2540 1112 interitumque
2573 1043 2810 1113 positum
2843 1043 2933 1109 sit,
2965 1045 3106 1113 quod
3143 1043 3318 1114 ipsum
3352 1059 3465 1098 ma-

1881 1145 2020 1204 gnus
2059 1135 2148 1190 ille
2193 1135 2397 1190 Paulus
2427 1134 2716 1189 conﬁrmat
2747 1134 2900 1188 hisce
2931 1135 3112 1190 verbis
3141 1152 3154 1188 :
3188 1153 3206 1184 r
3239 1132 3470 1203 Oportet

1883 1227 1989 1280 hoc
2019 1227 2381 1296 corruptibilc
2411 1224 2814 1294 incorruptibili
2853 1233 3074 1289 natura,
3105 1235 3160 1278 et
3191 1225 3292 1279 hoc
3321 1239 3468 1277 mor-

1885 1319 1990 1372 tale
2023 1317 2434 1372 immortalitate
2465 1317 2614 1371 indui
2645 1316 2710 1382 °’,
2751 1336 2768 1368 ›
2791 1317 2974 1386 'plane
3001 1316 3352 1386 perspicuum
3386 1325 3470 1369 est

1881 1411 2047 1466 etiam
2079 1426 2279 1481 corpus
2309 1410 2461 1473 illud.
2484 1409 2627 1480 quod
2672 1418 2756 1464 est
2780 1410 3024 1463 omnium
3054 1409 3231 1479 primo
3264 1409 3467 1462 factum

1883 1521 1913 1558 a
1946 1504 2076 1566 Deo,
2126 1519 2316 1557 revera
2361 1503 2672 1558 immortale
2707 1518 2773 1556 ac
2811 1501 3068 1556 interitus
3102 1515 3297 1572 expers
3334 1501 3472 1554 luis-

1882 1613 1938 1652 se
1973 1596 2108 1665 (20‘),
2133 1595 2290 1652 sicuti
2317 1596 2430 1664 jam
2463 1611 2607 1664 saepe
2637 1594 2900 1650 diximus.
2931 1594 3076 1649 ldem
3103 1603 3156 1648 et
3183 1591 3471 1664 Nyssensis

1884 1691 1974 1745 ille
2006 1689 2303 1759 Gregorius
2345 1689 2457 1758 90
2498 1688 2686 1753 tradit,
2720 1687 2812 1741 ubi
2858 1686 3065 1741 dictum
3111 1686 3244 1740 illud
3276 1685 3465 1738 Eccle-

1885 1784 2067 1838 siasta:
2100 1782 2362 1844 declarat,
2400 1780 2557 1848 cujus
2589 1782 2704 1833 haec
2751 1778 2914 1832 verba
2945 1787 3075 1831 sunt
3104 1794 3118 1830 :
3163 1794 3181 1826 ι
3213 1773 3355 1841 Quid
3385 1780 3471 1828 est

1883 1875 2028 1945 quod
2059 1874 2197 1929 fuit?
2223 1874 2367 1927 idem
2391 1871 2521 1926 illud
2553 1869 2696 1941 quod
2729 1870 2856 1924 erit.
2886 1867 3026 1934 Quid
3053 1866 3290 1922 factum?
3320 1866 3466 1920 idem

1886 1971 2017 2026 illud
2044 1969 2188 2040 quod
2223 1971 2313 2023 iiet
2343 1970 2412 2022 ⁷ο.
2449 1987 2466 2018 ι
2491 1968 2676 2037 lnquit
2703 1967 2849 2020 enim
2888 1965 2992 2020 ho‘c
3026 1965 3146 2020 loco
3183 1978 3347 2016 manu
3374 1962 3468 2016 Dei

1885 2062 2090 2118 factum
2124 2062 2426 2125 hominem,
2471 2074 2582 2114 non
2630 2059 2774 2128 quod
2823 2073 2970 2112 nunc
3016 2065 3238 2127 propter
3269 2046 3469 2125 pecca-

1888 2165 2001 2210 tum
2032 2165 2136 2218 est,
2182 2153 2442 2208 nimirum
2475 2152 2765 2206 mutationi
2799 2161 2856 2207 et
2888 2149 3132 2205 iuteritui
3179 2146 3467 2208 olmoxius,

1885 2250 1953 2303 ab
1987 2248 2145 2302 initio
2199 2245 2390 2311 fuisse,
2429 2244 2522 2299 sed
2555 2243 2702 2314 quod
2745 2243 3010 2311 deinceps
3060 2239 3346 2299 eilicietur,
3377 2255 3470 2292 ex-

1885 2355 2016 2412 pers
2053 2339 2262 2395 scilicet
2293 2337 2613 2393 mutationis
2638 2345 2694 2392 et
2730 2335 3009 2391 interitus.
3046 2333 3395 2402 QuaprOpter
3423 2330 3471 2384 si

1887 2432 2034 2488 Deus
2069 2432 2124 2486 in
2151 2439 2297 2487 statu
2341 2429 2597 2484 interitus
2630 2437 2860 2498 experte
2890 2425 3140 2482 condidit
3187 2423 3470 2478 hominem

1886 2526 1954 2580 ad
1999 2524 2288 2595 imaginem
2322 2521 2649 2578 aeternitatis
2695 2535 2828 2584 suae,
2862 2515 3322 2589 quemadmodum
3374 2514 3476 2570 So-

1885 2619 2031 2673 lomo
2059 2616 2339 2686 loquitur;
2399 2615 2444 2668 si
2511 2615 2774 2669 honorem
2829 2611 2881 2666 ei
2933 2607 3212 2679 proprium
3253 2607 3470 2668 detulit,

1886 2709 2290 2765 communicata
2324 2721 2447 2760 cum
2476 2704 2598 2774 ipso
2622 2703 2805 2756 anima
2846 2696 3218 2769 intelligentiae
3253 2696 3303 2750 vi
3327 2709 3477 2765 pra:-

1886 2801 2021 2866 dita,
2039 2816 2148 2873 quo
2178 2813 2441 2870 perpetuo
2465 2793 2792 2851 immortalis
2814 2799 2982 2856 esset,
3001 2787 3470 2859 quemadmodum

1884 2893 2313 2964 Chrysostomus
2351 2890 2466 2954 ait;
2517 2887 2561 2942 si
2603 2894 2823 2940 aeterna:
2845 2882 2972 2937 vitae
3016 2877 3331 2934 fruitionem
3360 2875 3471 2929 lar-

1885 2991 2030 3058 gitus
2061 2995 2144 3040 est
2193 2982 2401 3040 homini
2437 2983 2504 3036 ah
2559 2979 2716 3034 initio
2767 2979 2930 3038 Deus,
2984 2985 3042 3030 ut
3091 2986 3320 3042 magnus
3381 2969 3474 3023 ille

1889 3080 2122 3136 Basilius
2149 3078 2429 3148 loquitur;
2459 3077 2503 3130 si
2533 3072 2726 3129 Adami
2763 3069 2940 3141 prima
2977 3065 3185 3122 creatio
3218 3063 3474 3116 interitus

225 3162 519 3226 Βασίλειοςο
579 3161 739 3232 ειπερ
779 3156 872 3214 οὖν
913 3162 945 3232 ἡ
998 3160 1195 3230 πρώτη
1230 3159 1448 3220 ποίησις
1478 3156 1571 3210 τοῦ
1610 3157 1779 3227 Ἀδὰμ

1887 3183 2005 3230 erat
2040 3186 2258 3242 expers,
2298 3179 2357 3224 ut
2409 3165 2733 3222 Anastasius
2772 3161 2862 3216 ille
2899 3158 3140 3214 Sinaites
3179 3154 3387 3225 inquit;
3425 3157 3470 3206 si

222 3254 480 3322 ἀςθαρτος
532 3248 621 3323 ἢν,
661 3252 736 3314 ὠς
772 3253 800 3302 6
839 3251 1095 3318 Σιναῖτης
1133 3248 1271 3318 φησι
1321 3247 1468 3309 θεῖος
1510 3247 1779 3300 ’Λναστά-

1885 3267 2208 3340 dignitatem
2267 3263 2412 3317 hanc
2460 3260 2529 3313 ab
2585 3257 2743 3312 initio
2792 3254 2940 3309 Deus
2981 3249 3191 3307 homini
3228 3247 3379 3302 dedit
3413 3255 3475 3298 ut

227 3361 362 3408 σιοςο
394 3346 554 3412 εἰπερ
593 3336 934 3411 οὖν’ἀξὶωμα
984 3341 1184 3394 δέδωκε
1222 3338 1301 3410 τῷ
1339 3338 1780 3409 ἀνθρώπφαααε

223 3439 382 3508 ἀρχὰς
416 3440 445 3490 6
504 3437 634 3499 Θεὸς
674 3436 734 3489 τὸ
787 3435 1056 3489 ἀθάνατον
1105 3433 1201 3485 καὶ
1251 3431 1580 3503 ἀνώλεθρον,
1621 3428 1695 3492 ὡς
1754 3431 1782 3482 6

222 3530 348 3597 θεῖος
395 3532 652 3603 ’Δνδράας
701 3529 933 3602 εὕρηται
973 3528 1188 3597 λέγων’
1228 3526 1386 3598 εἰπερ
1436 3524 1780 3593 αύτεξουσιό·

221 3643 331 3695 τητι
374 3626 466 3679 καὶ
515 3625 786 3692 ἀθανασίᾳ
817 3622 1056 3691 τιμήσας
1099 3619 1194 3672 τὸν
1231 3618 1520 3690 ἄνθρωπον
1565 3621 1594 3671 6
1649 3618 1782 3682 Θεὸς

224 3719 432 3790 βασιλέα
456 3719 676 3772 πάντων
730 3717 839 3767 τῶν
871 3713 1132 3781 ἐπιγείων
1175 3713 1498 3782 κατέστησε,
1531 3711 1782 3781 καθάπερ

221 3815 244 3866 6
269 3813 525 3882 μακάριός
547 3827 682 3880 φησι
703 3807 995 3879 Βαρλαάμ,
1021 3806 1141 3870 πῶς
1171 3805 1358 3859 λοιπὸν
1389 3805 1585 3875 θνητὸν
1619 3805 1782 3857 αὐτὸν

220 3905 344 3975 ὁμοῦ
369 3907 463 3958 καὶ
499 3887 767 3957 ἀθάνατον
802 3898 907 3953 ὑπὸ
937 3897 1074 3952 Θεοῦ
1105 3897 1461 3968 παραχθῆναι
1503 3898 1778 3968 εῐπωμεν;

221 3998 540 4063 ἀνένδεκτον,
570 3996 645 4057 ὡς
667 3991 848 4064 οἶμαι,
881 3992 1042 4045 τοῦτο
1075 3993 1170 4046 καὶ
1199 3991 1321 4046 λίαν
1352 3990 1491 4045 ἐστί.
1531 3991 1642 4045 Καὶ
1667 3992 1781 4054 πῶς

219 4091 318 4162 γὰρ
361 4091 458 4143 οὐκ
497 4089 835 4152 ἀνένδεκτον,
878 4087 994 4155 εἴγε
1044 4088 1197 4138 καὶὸ
1226 4085 1396 4148 πολὺς
1435 4085 1495 4136 ἐν
1533 4083 1784 4154 θεολογίᾳ

221 4181 503 4252 Γρηγόριος
521 4180 623 4232 ούκ
657 4181 724 4251 ἐᾷ
755 4177 890 4250 περὶ
909 4176 1004 4231 τοῦ
1029 4175 1252 4248 πρώτου
1281 4175 1574 4247 ἀνθρώπου
1599 4180 1782 4230 τοιαῦ-

215 4289 274 4324 τα
307 4271 704 4340 φαντάζεσθαις
764 4270 970 4334 Παντὸς
1023 4271 1134 4337 γὰρ
1192 4269 1650 4340 ὲπικαλύμματος
1690 4274 1782 4322 καὶ

217 4366 585 4437 προσλήματος
619 4364 843 4418 ἀνενδεᾶ
882 4364 974 4417 τὸν
1007 4365 1102 4418 ἀπ’
1140 4363 1318 4434 ἀρχῆς
1363 4365 1569 4416 ἐκεῖνον
1610 4360 1781 4417 εἰπὼν

1883 3350 2208 3414 immortalis
2257 3364 2312 3412 et
2343 3349 2780 3421 incorruptibilis
2811 3355 2977 3410 esset,
3015 3352 3076 3398 ut
3114 3341 3197 3396 vir
3251 3340 3472 3394 divinus

1881 3453 2130 3508 Andreas
2159 3449 2366 3505 dixisse
2391 3444 2698 3516 reperitur;
2732 3443 2778 3495 si
2822 3439 3100 3494 hominem
3135 3433 3278 3489 Deus
3295 3432 3472 3486 liber-

1885 3556 1995 3600 tate
2020 3541 2322 3598 voluntatis
2360 3539 2624 3594 donatum
2657 3543 2714 3589 et
2765 3543 3094 3587 exornatum
3144 3523 3474 3581 immortali-

1869 3648 1995 3694 tate
2026 3651 2209 3708 regem
2232 3632 2484 3687 omnium
2505 3627 2852 3684 terrestrium
2879 3620 3182 3684 constituit,
3212 3616 3477 3690 quemad-

1868 3728 2105 3783 modum
2130 3725 2216 3779 vir
2235 3724 2430 3777 beatus
2460 3719 2776 3772 Barlaamus
2802 3713 3082 3785 praedicat,
3113 3725 3222 3779 quo
3252 3708 3469 3763 tandem

1883 3836 1978 3875 ore
2005 3818 2221 3890 pariter
2253 3831 2378 3870 eum
2413 3811 2700 3866 mortalem
2735 3822 2798 3862 ac
2857 3803 3220 3861 immortalem
3277 3818 3307 3854 ιι
3363 3802 3478 3854 Deo

1868 3908 2165 3964 conditum
2223 3903 2507 3960 dicemus?
2552 3903 2744 3971 nequit
2791 3899 2896 3953 hoc
2953 3895 3065 3951 ullo
3123 3902 3280 3964 pacto
3330 3894 3474 3960 ﬁeri,

1866 4001 2102 4072 quando
2152 3997 2516 4069 peritissimus
2550 3995 2641 4049 ille
2681 4007 2866 4047 rerum
2911 3989 3224 4045 divinarum
3273 3986 3479 4057 Grego-

1884 4097 1996 4151 rius
2015 4092 2291 4165 ejusmodi
2323 4105 2424 4146 nos
2448 4090 2516 4144 de
2539 4087 2766 4143 homine
2791 4087 2886 4141 illo
2917 4083 3166 4156 principe
3188 4080 3477 4151 imaginari

1870 4203 1991 4241 non
2046 4188 2198 4242 sinit.
2239 4184 2373 4240 Cum
2421 4183 2571 4237 enim
2630 4182 2786 4235 illum
2847 4178 3000 4234 nullo
3037 4178 3124 4231 vel
3159 4183 3479 4246 legumento

1867 4283 1968 4336 ‘vel
1996 4278 2203 4361 vestitu
2235 4276 2540 4346 indiguisse
2592 4273 2780 4338 tradit,
2808 4271 2955 4326 clare
2989 4269 3336 4326 demonstrat
3379 4281 3478 4320 or-

1883 4385 2014 4428 natu
2046 4359 2469 4426 imnrortalitutis
2518 4367 2778 4422 amictum
2817 4367 3007 4418 fuisse.
3055 4363 3346 4414 Enimvero
3388 4359 3480 4412 his

215 4457 364 4524 εἶναι,
397 4458 568 4523 ἔδειξε
593 4457 889 4527 προφανῶς
911 4457 992 4509 ὅτι
1026 4456 1220 4525 στολὴν
1248 4455 1551 4519 ἀθανασίας
1575 4457 1779 4525 ἠμφιε-

1883 4463 2262 4520 contradicere
2293 4461 2434 4515 velle
2476 4460 2717 4528 iniquum
2767 4455 2952 4510 fuerit.
2985 4454 3118 4507 Nam
3161 4454 3244 4506 vel
3275 4467 3478 4517 corpus

217 4552 398 4619 σμένος
468 4545 538 4620 ἦν
565 4551 592 4602 6
649 4549 866 4619 πρῶτος
923 4547 1027 4600 ὑπὸ
1057 4547 1193 4600 Θεοῦ
1224 4545 1653 4618 δημιουργηθεὶς
1695 4547 1779 4600 ἄν·

1892 4560 2024 4614 illud
2049 4556 2432 4614 aﬂoctionibus
2456 4556 2606 4607 hisce
2635 4549 2977 4605 naturalibus
2997 4549 3306 4616 subjectum
3335 4555 3476 4607 erat,

215 4642 442 4713 θρωπος.
483 4641 622 4695 Ἀλλ’
643 4644 736 4694 ἐπὶ
763 4641 976 4705 τούτοις
1001 4641 1308 4709 ἀντιλέγειν
1347 4641 1404 4693 οὺ
1431 4640 1674 4711 θεμιτόν.
1707 4641 1778 4692 ’Ἥ

1889 4663 1943 4708 et
1999 4667 2098 4722 pro
2145 4651 2400 4705 confesso
2451 4655 2728 4701 statuetur
2781 4642 3076 4698 obnoxium
3134 4638 3473 4705 corruptioni

211 4737 310 4806 γὰρ
347 4738 607 4790 ὑπέκειτο
657 4737 720 4788 τὸ
753 4735 916 4804 σῶμα
950 4737 1129 4788 ἐκεῖνο
1161 4734 1363 4790 πάθεσι
1401 4737 1653 4802 φυσικοῖς
1683 4735 1779 4786 καί

1890 4747 2056 4800 fuisse
2081 4761 2095 4799 :
2123 4745 2208 4800 vel
2244 4757 2406 4813 supra
2439 4755 2633 4796 omnes
2663 4737 2986 4793 affectiones
3037 4741 3154 4788 erat
3212 4730 3473 4800 positum,

212 4829 440 4898 φθαρτὸν
493 4828 942 4898 ὁμολογουμένως
995 4823 1065 4897 ἦν
1091 4867 1107 4894 ,
1167 4827 1200 4898 ἢ
1259 4826 1448 4879 παθῶν
1509 4826 1772 4879 παντοίων.

212 4925 503 4993 ὑπέρτερον
555 4918 644 4994 ἦν,
697 4921 770 4984 ὡς
808 4920 1152 4992 ὁλόγοςιῆδη
1199 4920 1464 4990 διείληφε.
1505 4919 1616 4973 Καὶ
1652 4919 1779 4988 περὶ

208 5015 514 5088 ἀφθαρσίας
535 5014 894 5086 ἀμφιδάλλειν
915 5015 976 5066 ού
992 5014 1120 5087 χρή·
1148 5015 1401 5082 φαίνεται
1422 5013 1528 5084 γὰρ
1552 5015 1636 5068 ὅτι
1651 5014 1780 5083 φθο-

210 5112 275 5181 ρᾷ
307 5109 606 5180 οίαδήποτε
641 5110 719 5180 μὴ
752 5107 1109 5178 ὑποκείμενον
1143 5107 1356 5178 ἀληθῶς
1389 5109 1670 5178 ἄφθαρτον
1688 5104 1776 5179 ἦν.

269 5207 426 5263 Οὕτω
461 5208 560 5279 μὲν
593 5203 709 5272 οῦν,
731 5205 1002 5275 ἀγαπητὲ,
1032 5205 1126 5258 καὶ
1155 5203 1216 5257 τὸ
1242 5205 1400 5274 σῶμα
1435 5204 1530 5257 τοῦ
1574 5206 1775 5275 Κυρίου

207 5303 352 5373 ἡμῶν
393 5300 574 5372 Ἰησοῦ
615 5299 855 5372 Χριστοῦ
889 5303 982 5354 καὶ
1023 5298 1265 5370 φθαρτὸν
1291 5299 1642 5370 ὡμολόγηται
1672 5299 1780 5371 πρὸ

209 5395 288 5448 τοῦ
337 5394 572 5459 πάθους,
605 5391 792 5464 ἐπειδή
847 5393 1046 5448 πάθεσι
1078 5396 1330 5462 φυσικοῖς
1364 5395 1641 5458 ὑπέκειτο,
1684 5395 1777 5445 καὶ

207 5487 472 5558 ἄφθαρτον
510 5483 666 5550 αὖθις
703 5487 841 5558 μετά
877 5487 940 5539 τὸ
974 5487 1148 5550 πάθος
1168 5487 1262 5540 καὶ
1293 5491 1392 5560 τὴν
1438 5489 1772 5542 ἀνάστασιν·

291 5629 334 5660 ’θ
366 5626 387 5680 ι
416 5628 546 5684 Cor.
577 5643 664 5695 xv,
695 5628 790 5682 55.
867 5628 911 5658 ⁷⁰
939 5626 1122 5688 Eccle.
1167 5646 1204 5694 ι,
1233 5629 1287 5684 9.

264 5766 369 5834 (20)
408 5768 506 5849 llic
537 5775 590 5849 et
647 5766 791 5849 inira
839 5766 899 5849 in
929 5770 1098 5848 multa
1130 5769 1400 5849 disputat
1453 5772 1648 5843 Giyeas
1703 5774 1770 5827 de

209 5841 600 5907 immortalitate
627 5837 794 5909 primi
839 5837 1080 5892 hominis
1115 5837 1332 5907 Adaini,
1380 5837 1565 5912 qme'a
1617 5845 1761 5898 veri-

1892 4838 2351 4910 quemadmodum
2383 4834 2630 4888 oratione
2681 4829 2953 4900 superiori
2990 4835 3072 4882 est
3115 4826 3472 4880 declaratum.

1893 4935 2083 5005 Itaque
2119 4934 2186 4988 de
2215 4927 2734 5000 incorruptiiiilitate
2765 4925 2938 4993 ipsius
2964 4923 3188 4976 minime
3216 4921 3475 4973 duhnan-

1871 5028 2019 5082 dum
2074 5035 2181 5088 εει,
2219 5042 2341 5080 cum
2379 5022 2665 5077 manifesto
2706 5026 2890 5090 pateat
2928 5013 3174 5069 interitui
3213 5012 3344 5066 nulli
3394 5028 3478 5064 re-

1886 5133 2017 5188 apse
2050 5117 2358 5186 subjectum
2401 5115 2588 5169 fuisse.

1957 5210 2160 5265 Eodem
2197 5211 2381 5274 modo,
2419 5209 2618 5264 dilecte
2648 5206 2744 5272 ﬁli,
2785 5220 2987 5272 corpus
3048 5201 3212 5256 etiam
3258 5199 3473 5254 Domini

1875 5305 2056 5360 nostri
2093 5303 2223 5360 Jesu
2253 5301 2463 5357 Christi
2501 5300 2862 5370 corruptibile
2890 5298 3062 5352 fuisse
3091 5297 3327 5350 fatemur
3349 5302 3475 5347 ante

1887 5399 2360 5469 passioncm,cum
2388 5396 2772 5448 all'ectiouibus
2796 5392 3140 5448 naturalibus
3168 5391 3470 5454 subjectum

1887 5493 2071 5558 fuerit,
2102 5505 2164 5544 ac
2186 5505 2405 5543 rursum
2434 5499 2552 5557 post
2583 5487 2897 5558 passionem
2927 5496 2981 5541 et
3007 5491 3468 5539 resurrcenom-m

1885 5783 1994 5827 tate
2019 5773 2236 5843 longius
2263 5773 2544 5835 aberrant,
2587 5782 2646 5827 ut
2693 5773 2943 5843 pluribus
2979 5767 3218 5839 theologi
3264 5767 3469 5822 edisse-

1875 5854 2006 5898 runt
2043 5861 2105 5899 ac
2137 5861 2302 5899 sat-rte
2327 5847 2628 5913 Scriptura:
2659 5846 3016 5912 interpretes,
3054 5858 3190 5911 quos
3223 5846 3471 5897 ροιιδιιιει.
