3936 6432
485 352 587 445 187

1770 366 2193 437 MICHAELIS
2228 374 2491 433 GLYCEE

3639 378 3723 440 188

483 493 918 564 incorruptibilc.
954 491 1089 547 Nam
1141 490 1463 547 affectiones
1511 491 1783 561 ejusmodi
1845 504 2071 560 prorsus

2204 491 2269 538 :a‘t
2299 486 2526 539 τοιαῦτα
2581 484 2689 556 γὰρ
2720 484 2953 540 ἀπέθετο
3003 485 3149 556 πάθη
3193 486 3534 540 παντάπασιν
3560 487 3617 540 ὲκ
3648 503 3727 539 νε-

485 587 742 655 deposuit
772 601 835 640 ex
873 583 1103 639 mortuis
1141 583 1492 639 suscitatum.
1518 584 1633 650 Qua
1667 584 1785 654 ipsa
1816 584 1886 638 de
1905 599 2073 638 causa

486 678 694 733 nudum
731 692 762 732 e
807 679 1059 746 sepulcro
1120 676 1345 741 exsiliit,
1382 676 1590 730 relictis
1643 675 1699 729 in
1759 685 1824 729 eo
1858 677 2075 731 cunctis

489 770 893 840 sepulcralibus
937 769 1151 824 exuviis
1183 787 1197 823 :
1226 770 1427 839 quippe
1471 769 1582 839 jam
1636 767 1838 823 factum
1893 769 2076 824 incor-

493 860 775 931 ruptibile,
808 874 910 914 ceu
946 859 1211 927 diximus,
1266 876 1377 915 non
1414 858 1716 930 tegumenti
1753 858 1917 913 ullius
1950 875 2077 930 cge-

490 955 605 1007 but.

559 1045 702 1110 Quid
758 1045 943 1099 multis
1004 1042 1184 1098 verbis
1235 1059 1377 1113 opus
1432 1045 1553 1098 est?
1612 1045 1667 1100 Si
1729 1044 1934 1114 primus
1991 1042 2081 1096 ille

494 1138 735 1189 Adamus
793 1136 998 1204 pariter
1056 1134 1299 1188 mortalis
1350 1146 1469 1189 eral.
1524 1146 1577 1188 ct
1631 1136 1967 1199 inmortalis,
2035 1136 2080 1189 si

492 1228 835 1281 naturalibus
883 1225 1261 1279 alfcctionibus
1294 1226 1582 1280 obnoxius
1639 1236 1777 1290 erat,
1818 1237 1878 1279 ut
1926 1225 2080 1278 multi

494 1322 831 1387 opinantur,
907 1320 1132 1373 omnino
1200 1319 1571 1372 nectessarium
1648 1330 1730 1372 est
1776 1327 2083 1372 statuamus

507 1410 617 1479 91
684 1423 867 1464 noSIra
917 1425 1136 1478 quoque
1205 1424 1435 1478 corpora
1507 1407 1769 1477 deinceps
1816 1408 2085 1462 conditio-

504 1508 593 1554 nis
623 1504 867 1571 eiusdem
903 1502 1107 1563 futura,
1154 1501 1199 1554 si
1247 1501 1466 1569 quidem
1499 1500 1563 1554 ad
1592 1509 1796 1554 statum
1826 1500 1986 1568 primi
2019 1499 2080 1552 il-

500 1593 608 1647 lius
641 1595 833 1647 Adami
869 1601 1237 1647 revertentur.
1310 1592 1366 1647 Id
1400 1607 1528 1646 vero
1566 1591 1671 1645 dici
1705 1590 1859 1645 nefas
1898 1589 2087 1656 fuerit,

503 1684 724 1750 quando
757 1683 924 1737 etiam
948 1682 1193 1736 oratione
1221 1682 1511 1737 deﬁciente
1538 1682 1696 1736 [idem
1727 1680 1907 1735 facere
1934 1680 2089 1734 nobis

506 1774 637 1844 ipsa:
668 1789 752 1828 res
792 1775 1013 1828 abunde
1045 1783 1297 1843 possunt.
1332 1754 1545 1843 Quippe
1576 1774 1619 1827 si
1668 1773 1833 1826 homo
1867 1772 1954 1825 hic
1985 1773 2085 1825 ob-

2180 578 2332 647 κρῶν
2386 578 2635 647 ἑγερθέν.
2698 577 2895 629 Ἔνθεν
2938 595 3022 629 τοι
3058 579 3157 631 καὶ
3207 579 3411 648 γυμνὸν
3460 581 3522 632 ἐκ
3571 571 3724 648 ττάφου

2182 669 2455 740 ἐξέθορεν,
2488 671 2668 723 ἐκεῖσε
2695 670 3017 723 παντάπασι
3059 669 3378 723 καταλιπὼν
3409 670 3473 723 τά
3491 669 3725 737 ἐντάφιαο

2182 760 2278 811 καὶ
2312 758 2420 828 γὰρ
2460 757 2758 827 ἄφθαρτον,
2801 759 2876 821 ὡς
2907 759 3149 828 εἴρηται,
3197 760 3421 829 γεγονὸς
3454 758 3731 829 ἐπικαλύμ-

2186 871 2357 924 ματος
2395 853 2728 924 οίουδήτινος
2755 853 2856 906 οὐκ
2895 849 2962 924 ἦν
2986 854 3185 917 ἐνδεές.

2270 1027 2432 1086 uim:
2457 1032 2510 1084 τί
2539 1032 2642 1102 χρὴ
2677 1031 2849 1085 πολλὰ
2888 1031 3071 1099 λέγειν
3098 1049 3111 1097 ;
3141 1032 3315 1101 Εἴπερ
3366 1029 3458 1085 οὖν
3487 1032 3513 1080 ὁ
3545 1032 3733 1102 πρῶτος

2188 1128 2395 1188 ἐκεῖνος
2440 1126 2613 1195 Ἀδὰμ
2644 1126 2838 1195 θνητὸς
2887 1125 3025 1195 ὁμοῦ
3060 1126 3154 1179 καὶ
3200 1125 3464 1187 ἀθάνατος
3486 1121 3569 1196 ἦν,
3599 1106 3735 1195 εἴπερ

2186 1210 2280 1267 οὖν
2337 1212 2590 1282 φυσικοῖς
2647 1213 2909 1267 ὑπέκειτο
2972 1214 3174 1268 πάθεσι
3211 1215 3355 1268 κατά
3404 1231 3463 1283 γε
3507 1216 3599 1285 τὴν
3647 1217 3737 1267 τῶν

2193 1304 2458 1356 πλειόνων
2504 1303 2799 1374 ὑπόληψιν,
2862 1304 3075 1375 ἀνάγκη
3126 1306 3278 1358 πᾶσα
3307 1306 3495 1375 καὶ,τά
3524 1306 3739 1376 ἡμέτερα

2194 1397 2333 1465 μετά
2381 1394 2558 1450 ταῦτα
2606 1396 2871 1467 τοιαύτης
2929 1397 3316 1461 ὲπιτεύξεσθαι
3368 1398 3587 1468 λήξεως,
3640 1399 3739 1466 εἴγε

2192 1484 2331 1553 πρὸς
2366 1471 2577 1538 ἐκεῖνον
2617 1485 2803 1555 ἔχουσι
2833 1487 2924 1539 τὸν
2965 1487 3187 1556 πρῶτον
3238 1487 3409 1556 ’Δόὰμ
3450 1486 3637 1557 δηλαδὴ
3659 1487 3740 1558 rip;

2191 1573 2473 1626 ἐπάνοδον.
2519 1572 2682 1625 Ἀλλά
2717 1573 2824 1644 γὰρ
2866 1574 2960 1625 ἐπὶ
2985 1572 3199 1637 τούτοις
3228 1573 3468 1627 τοιοῦτόν
3500 1591 3550 1626 τι
3587 1574 3742 1641 λέγειν

2191 1663 2253 1715 ού
2286 1663 2518 1728 δίκαιον,
2557 1665 2673 1732 εῐγε
2706 1664 2802 1719 καὶ
2842 1663 2948 1735 πρὸ
3010 1663 3105 1716 τοῦ
3170 1664 3332 1731 λόγου
3385 1664 3589 1718 πείθειν
3618 1667 3743 1735 ἡμᾶς

2194 1751 2354 1806 ἱκανά
2382 1756 2473 1807 καὶ
2500 1754 2621 1807 λίαν
2660 1755 2799 1809 αύτά
2819 1756 3079 1824 τυγχάνει
3111 1755 3533 1824 τάπράγματαλ
3566 1757 3620 1808 Εἰ
3647 1758 3738 1824 γὰρ

504 1865 706 1919 noxius
767 1865 1032 1928 intcritui,
1089 1875 1445 1934 posteaquam
1494 1864 1749 1919 defossus
1794 1864 1848 1916 in
1880 1873 2084 1917 terram

2204 1842 2422 1915 5φθορᾷ
2460 1845 2823 1913 ὑποκείμενος
2875 1840 3032 1908 οὗτος
3095 1844 3389 1914 ἄνθρωπος
3438 1845 3743 1915 χωννύμενος

504 1950 671 2006 fuerit
700 1961 757 2006 ct
788 1954 1214 2022 coniputrucril,
1250 1953 1688 2023 incorruptibilis
1715 1963 1772 2007 ct
1799 1954 2087 2007 immorta-

505 2044 573 2097 lis
615 2059 679 2097 cx
726 2044 959 2098 mortuis
993 2046 1312 2109 suscitatur,
1348 2046 1508 2099 beato
1540 2043 1713 2099 Paulo
1762 2046 1867 2099 hoc
1915 2045 2090 2113 ipsum

472 2153 479 2161 ε
507 2136 688 2189 verbis
721 2136 868 2190 hisce
901 2137 1301 2206 comprobante
1326 2155 1341 2191 :
1378 2136 1626 2191 «Seritur
1655 2137 1712 2190 in
1740 2137 2091 2199 mortalitate,

507 2228 805 2281 suscitatur
879 2227 937 2281 in
981 2228 1513 2293 immortalitate“,i
1587 2229 1891 2285 clarissime
1944 2237 2094 2297 patet

507 2319 668 2373 etiam
695 2319 964 2376 Adamum
986 2332 1114 2375 ante
1140 2331 1418 2390 peccatum
1447 2322 1605 2377 talem
1627 2323 1696 2377 ab
1719 2322 1876 2377 initio
1899 2321 2089 2386 fuisse;

432 2400 443 2409 ’
509 2410 772 2465 nimirum
830 2413 1310 2482 incorruptibilem
1344 2424 1396 2469 et
1460 2415 1844 2469 immortalem.
1911 2414 2096 2484 Neque

512 2499 711 2552 mirum
745 2500 848 2555 hoc
880 2501 973 2554 tibi
1004 2501 1274 2568 videatur,
1333 2504 1561 2572 quando
1588 2505 1757 2559 etiam
1785 2506 2095 2575 conjectum

510 2589 567 2643 in
610 2584 828 2644 'teriam
881 2608 1067 2647 semen
1106 2595 1210 2648 tale
1246 2596 1537 2651 consuevit
1564 2597 1695 2651 oriri
1741 2598 1901 2666 quale
1945 2599 2098 2667 prius

506 2689 651 2734 erat.
695 2679 830 2736 Nam
866 2683 983 2738 sive
1015 2684 1183 2738 tritici
1218 2701 1448 2755 granum
1502 2687 1747 2756 appelles
1796 2687 1912 2742 sive
1965 2688 2097 2743 lior-

510 2772 601 2825 dei
629 2771 747 2829 sive
778 2772 926 2829 aliud
964 2775 1199 2844 quodvis
1231 2792 1417 2831 semen
1441 2819 1457 2843 ,
1508 2778 1640 2833 illud
1676 2778 1857 2849 ipsum
1889 2795 1921 2833 c
1957 2788 2098 2834 ter.a

513 2866 702 2933 prodit
729 2870 874 2934 quod
904 2867 957 2920 in
997 2884 1116 2922 eam
1150 2870 1461 2937 conjectum
1496 2871 1695 2927 fuerat.

469 3100 476 3105 _
586 3041 712 3096 llaec
757 3043 1001 3098 fabulosa
1036 3045 1133 3100 tibi
1159 3061 1506 3116 nequaquam
1541 3048 1852 3104 tidcantur.
1887 3049 2100 3106 Etenim

516 3147 750 3202 magnus
778 3134 944 3199 etiam
978 3126 1314 3192 A'tbanasius
1351 3138 1438 3194 ille
1472 3142 1707 3210 probare
1738 3142 1948 3208 volens,
2000 3158 2103 3197 nos

514 3239 587 3278 ex
625 3223 1032 3295 incorruptibili
1068 3239 1262 3285 natura
1316 3233 1703 3302 corruptibilcs
1751 3233 1925 3289 factos
1983 3249 2104 3291 esse

518 3330 586 3370 ac
621 3316 860 3372 vicissim
882 3334 946 3373 ex
977 3323 1314 3391 corruptibili
1338 3335 1749 3381 resurrecturos
1773 3325 2104 3396 incorrupti-

523 3408 689 3475 biles,
727 3410 882 3481 grani
912 3411 1271 3471 similitudine
1304 3431 1466 3485 quam
1498 3418 1787 3486 aptissime
1821 3433 1955 3473 usus
2001 3429 2105 3485 est,

519 3500 580 3554 in
618 3500 765 3555 hunc
800 3504 1021 3557 modum
1048 3505 1115 3559 ad
1150 3507 1483 3562 Antiochum
1517 3508 1834 3564 disserens:
1869 3510 2105 3576 tQuem-

516 3592 818 3647 admodum
861 3610 1033 3664 grano
1086 3598 1290 3665 spicam
1342 3598 1411 3653 ab
1462 3598 1622 3653 initio
1661 3598 1802 3655 Deus
1832 3602 2105 3672 adjunxit,

517 3692 575 3738 et
616 3684 851 3739 contrita
901 3685 1053 3755 Spica
1099 3702 1330 3756 granum
1379 3688 1649 3743 consitum
1682 3706 1873 3746 rursus
1902 3678 2106 3762 spicam

523 3775 800 3845 producit,
833 3776 916 3830 sic
960 3779 1120 3832 homo
1160 3778 1427 3835 divinitus
1461 3782 1894 3853 incorruptibilis
1923 3783 2105 3840 factus

516 3879 627 3936 est,
664 3871 864 3926 deinde
896 3887 994 3941 per
1020 3871 1452 3927 inobedicntiam
1478 3875 1697 3929 attritus
1729 3875 1955 3930 interiit.
2003 3876 2107 3931 Ve-

518 3978 647 4018 rum
696 3964 788 4018 ubi
842 3979 939 4033 per
983 3974 1215 4022 mortem
1267 3967 1470 4020 seritur
1524 3976 1580 4021 et
1615 3976 1762 4023 terra
1810 3967 2110 4028 defoditur.

516 4055 818 4124 repullulat
864 4063 919 4109 et
975 4055 1414 4126 incorruptibilis
1466 4056 1544 4121 lit.
1592 4058 1773 4126 qualis
1826 4058 1895 4112 ab
1950 4058 2113 4114 initio

514 4154 694 4201 erat.»
749 4145 869 4201 Noli
902 4146 1006 4202 hoc
1033 4147 1153 4204 loco
1186 4149 1323 4203 mihi
1366 4148 1650 4217 obiicere:
1692 4150 1736 4204 si
1795 4158 1916 4204 erat
1951 4157 2113 4204 antea

516 4238 873 4303 immortalis,
905 4255 1015 4309 quo
1043 4249 1204 4311 pacto
1228 4241 1492 4309 deinceps
1520 4240 1772 4297 interitui
1807 4242 2115 4298 mortalita-

520 4327 674 4396 tique
707 4328 880 4384 laetus
909 4340 995 4385 est
1028 4331 1347 4386 obnoxius?
1410 4330 1564 4388 Hanc
1599 4341 1652 4387 tu
1712 4332 1848 4390 mihi
1897 4348 2112 4400 vocem,

522 4433 632 4488 quo
664 4428 845 4489 pacto.
881 4421 1104 4487 missam
1137 4422 1319 4477 facito.
1354 4422 1488 4476 Nam
1516 4422 1658 4476 Deus
1680 4431 1819 4487 erat,
1845 4422 1935 4492 qui
1965 4423 2117 4480 dixe-

2187 1937 2259 2004 ,τῇ
2297 1937 2366 2005 γῇ
2404 1936 2499 1989 καὶ
2532 1940 2844 2009 σηπόμενος
2881 1937 3163 2008 ἄφθαρτος
3198 1940 3265 1990 ἐκ
3299 1938 3507 2008 νεκρῶν
3537 1940 3742 2007 ἐγήγερ-

2192 2041 2282 2076 ται
2314 2029 2411 2078 καὶ
2433 2025 2725 2092 ἀθάνατος,
2761 2030 2856 2081 καὶ
2886 2031 3070 2080 πιστοῖ
3119 2029 3210 2081 τὸν
3252 2028 3411 2097 λόγον
3444 2030 3470 2080 ὁ
3503 2028 3744 2096 μακάριος

2194 2115 2407 2179 Παῦλος
2464 2116 2610 2170 οὕτω
2657 2119 2787 2187 περὶ
2834 2119 3027 2171 τούτου
3070 2112 3285 2188 λέγων·
3324 2138 3342 2170 ι
3386 2118 3663 2188 Σπείρεται
3698 2118 3744 2168 ἐν

2197 2207 2395 2278 φθορᾷ,
2448 2208 2724 2282 ἐγείρεται
2766 2211 2825 2264 ἐν
2888 2210 3192 2282 ἀφθαρσίᾳ,
3230 2229 3250 2262 ι
3305 2210 3523 2279 εὔδηλον
3560 2211 3745 2268 πάντως

2197 2307 2281 2360 ὅτι
2311 2303 2406 2359 καὶ
2432 2306 2461 2357 ό
2499 2304 2606 2374 πρὸ
2638 2281 2736 2373 τῆς
2766 2281 3055 2373 ἁμαρτίας
3080 2304 3288 2367 ἐκεῖνος
3341 2303 3508 2372 Ἀδάμ
3536 2302 3745 2363 τοιοῦτος

2196 2394 2266 2470 ἦν
2297 2398 2391 2451 ἀπ’
2420 2398 2621 2467 ἀρχῆς,
2650 2398 2929 2469 ἄφθαρτος
2977 2396 3181 2467 δηλαδὴ
3221 2398 3317 2450 καὶ
3355 2396 3631 2458 ἀθάνατος.
3657 2395 3746 2449 Καὶ

2202 2490 2279 2561 μὴ
2314 2488 2565 2558 θαύμαζε
2604 2488 2796 2541 τούτου
2828 2488 3038 2554 ἕνεκεν,
3076 2489 3191 2556 εἴγε
3228 2489 3325 2540 καὶ
3354 2488 3570 2557 σπέρμα
3603 2491 3660 2555 τῇ
3689 2487 3744 2553 γῇ

2203 2581 2681 2651 καταϐαλλόμενον
2711 2580 2953 2633 τοιοῦτον
2984 2580 3334 2634 ἀναδίδοσθαι
3360 2579 3567 2644 εἴωθεν,
3594 2581 3747 2631 ὁποῖον

2199 2675 2310 2744 ἄρα
2359 2672 2456 2726 καί⁵
2484 2673 2756 2742 πρότερον
2797 2673 3096 2742 ἐτύγχανεν
3127 2666 3294 2727 εἶναι.
3340 2670 3460 2725 Εἴτε
3494 2673 3596 2740 γὰρ
3622 2670 3746 2722 σίτου

2203 2766 2404 2819 κόκκον
2441 2764 2619 2828 εἴποις
2649 2767 2761 2818 εἴτε
2795 2763 3046 2833 κρίθους,
3078 2767 3126 2817 εί
3169 2764 3358 2835 ἕτερον
3384 2764 3594 2835 σπέρμα
3634 2761 3750 2814 οἱον-

2203 2860 2430 2929 δήποτε,
2463 2855 2646 2911 ἐκεισε
2704 2856 2925 2920 πάντως
2956 2857 3363 2927 ἐπανέρχεσθαι
3396 2858 3625 2927 πέφυκεν
3649 2852 3750 2907 ὅθεν

2203 2945 2450 3015 δηλονότι
2482 2945 2863 3002 ἐκπέπτωκεν.

2291 3039 2453 3092 Ἀλλά
2482 3040 2557 3111 μὴ
2591 3039 2762 3109 μῦθον
2785 3039 2920 3108 ἡγοῦ
2959 3040 3029 3094 τὰ
3069 3040 3366 3109 λεγόμενα.
3412 3041 3547 3110 Ὅρα
3572 3035 3670 3106 γάρ
3685 3034 3753 3115 ὅτι

2208 3133 2302 3185 καὶ
2354 3134 2382 3185 ό
2439 3131 2615 3201 μέγας
2685 3132 3011 3196 Ἀθανάσιος
3065 3133 3351 3199 ἀποδεῖξαι
3413 3132 3576 3186 θέλων
3617 3123 3788 3187 ὅτιὲξ’

2209 3224 2493 3296 ἀφθάρτου
2549 3225 2781 3295 φθαρτοὶ
2805 3226 3141 3296 γεγόναμεν,
3171 3229 3272 3282 καὶ
3300 3228 3384 3280 ὅτι
3408 3226 3511 3282 ἀπὸ
3545 3217 3753 3292 φθαρτοῦ

2213 3317 2379 3369 πάλιν
2415 3315 2686 3386 ἄφθαρτοι
2725 3318 3088 3387 ἀνιστάμεθα,
3143 3317 3227 3387 τῷ
3253 3305 3358 3371 ’τοῦ
3399 3317 3591 3370 κόκκου
3643 3311 3756 3363 ὑπο-

2209 3408 2468 3477 δείγματι
2509 3413 2601 3461 καὶ
2629 3407 2775 3477 μάλα
2809 3408 3111 3477 προσφυῶς
3162 3410 3456 3480 ἐχρήσατο,
3503 3405 3627 3476 πρὸς
3654 3404 3754 3452 Ἂν*

2208 3501 2388 3572 τεοχον
2422 3500 2599 3565 οὕτως
2628 3499 2829 3557 εἰπώνο
2879 3519 2898 3551 ι
2934 3502 3152 3571 ’Ὠσπερ
3188 3502 3283 3554 ἐπὶ
3307 3501 3402 3554 τοῦ
3433 3500 3621 3554 κόκκου
3650 3490 3754 3545 στά-

2210 3610 2311 3663 χυν
2348 3594 2610 3663 ἐποίησεν
2632 3594 2727 3646 ἀπ’
2751 3594 2926 3663 ἀρχῆς
2957 3594 2987 3645 ὁ
3014 3592 3169 3658 Θεὸς,
3205 3592 3303 3645 τοῦ
3325 3593 3383 3646 δὲ
3408 3595 3623 3669 στάχυος
3652 3601 3755 3638 συν-

2210 3685 2487 3754 τριϐέντος
2541 3687 2769 3754 γέγονεν
2809 3686 2841 3738 ὁ
2898 3686 3119 3750 κόκκος,
3189 3688 3288 3739 καὶ
3321 3686 3481 3740 πάλιν
3534 3685 3559 3734 ὁ
3589 3680 3754 3735 κόκκος

2215 3778 2578 3848 σπειρόμενος
2609 3777 3013 3832 ἀναδλαστάνει
3050 3778 3281 3849 στάχυν,
3311 3778 3481 3840 οὕτως
3513 3772 3609 3827 ὑπὸ
3642 3764 3755 3822 Θεῡῦ

2211 3870 2240 3921 ὁ
2273 3866 2565 3941 ἄνθρωπος
2594 3871 2816 3939 γέγονεν
2856 3870 3161 3941 ἄφθαρτος,
3190 3870 3310 3924 εἶτα
3336 3871 3393 3923 δὲ
3438 3869 3523 3922 διὰ
3551 3866 3642 3933 τῆς
3672 3872 3757 3912 παλ

2217 3962 2422 4032 ρακοῆς
2446 3963 2740 4034 συνετρίϐη
2764 3965 2862 4015 καὶ
2887 3964 3408 4034 φθορᾷπεριέπεσε,
3429 3955 3758 4027 σπειρόμενος

2172 4116 2185 4135 Ι
2214 4055 2271 4108 δὲ
2307 4056 2398 4109 διὰ
2428 4056 2524 4110 τοῦ
2560 4057 2799 4112 θανάτου
2827 4059 2921 4110 καὶ
2948 4060 3016 4128 τῇ
3045 4060 3114 4127 γῇ
3153 4055 3628 4128 καταχωννύμενος
3650 4049 3757 4100 ἀνα·

2216 4147 2532 4215 ὃλαστάνιι,
2565 4151 2659 4203 καὶ
2705 4150 2916 4218 γίνεται
2947 4149 3141 4220 ὥσπερ
3170 4146 3241 4221 ἦν
3271 4150 3543 4220 ἄφθαρτος
3565 4143 3651 4199 ἀπ’
3674 4141 3756 4206 ἀρ·

2217 4239 2342 4310 χῆς.
2383 4257 2404 4291 ι
2433 4240 2543 4292 Καὶ
2577 4241 2651 4311 μή
2687 4257 2780 4312 μοι
2800 4241 2926 4307 λέγε
2958 4241 3034 4304 ὡς
3073 4242 3191 4308 εῐγε
3229 4243 3365 4304 τέως
3408 4238 3659 4294 ἀθάνατος
3685 4226 3755 4298 ἦν,

2218 4334 2337 4397 πῶς
2376 4334 2620 4388 ὑπέπεσε
2685 4335 2825 4404 μετά
2882 4334 3057 4386 ταῦτα
3095 4334 3277 4406 φθορᾷ
3324 4335 3415 4387 καὶ
3471 4328 3755 4400 θνητότητι;

2216 4422 2353 4493 ἄφες
2393 4425 2455 4477 τὸ
2488 4425 2629 4489 πῶς.
2679 4426 2812 4488 Θεὸς
2846 4420 2917 4495 ἦν
2946 4428 2972 4497 ό
3019 4425 3191 4478 εἰπών
3214 4441 3231 4457 θ
3275 4444 3299 4478 ι
3340 4419 3414 4496 ’ᾙ
3442 4423 3485 4478 δ’
3517 4422 3577 4475 ἂν
3604 4413 3759 4487 ἡμέρὲι

524 4519 632 4573 rat,
672 4528 690 4560 ι
722 4510 1064 4582 Quocunque
1092 4514 1181 4568 die
1212 4514 1506 4569 vescemini
1555 4514 1657 4568 hac
1684 4515 1903 4581 arbore,
1939 4527 2099 4573 mortt

2220 4520 2435 4587 φάγητε
2471 4518 2580 4575 ἀπὸ
2607 4517 2705 4571 τοῦ
2742 4516 2936 4588 φυτοῦ,
2964 4518 3183 4589 θανάτῳ
3224 4512 3595 4571 ἀποθανεῖσθε.
3625 4503 3759 4612 ι.1ἐαὶ

520 4603 989 4658 multabimini".
1023 4623 1043 4657 ι
1107 4605 1174 4659 Et
1220 4607 1393 4661 audes
1427 4616 1483 4661 tu
1513 4605 1650 4660 mihi
1686 4607 1957 4675 olijieere,
2002 4625 2099 4678 quc

2220 4612 2286 4664 σὺ
2313 4611 2496 4679 λέγεις
2528 4612 2612 4664 ὅτι
2634 4610 2753 4674 πῶς
2779 4612 2808 4662 ό
2833 4612 3104 4674 ἀθάνατος
3128 4611 3377 4678 ἐγεγόνει
3405 4605 3623 4677 θνητός;
3648 4598 3761 4662 ἄφες

522 4701 687 4761 pacto
713 4693 959 4748 mortalis
988 4693 1167 4749 factus
1197 4695 1269 4750 sit
1294 4697 1387 4765 qui
1438 4697 1762 4753 immortalis
1794 4700 1955 4755 erat?
2006 4701 2114 4757 De-

518 4782 672 4851 sine,
705 4799 815 4853 quo
843 4794 1025 4854 pacto,
1057 4784 1425 4855 interregare.
1485 4785 1726 4842 Joannes
1759 4788 1851 4844 ille
1884 4789 2116 4862 Chryso-

524 4881 743 4953 stomus
791 4876 849 4930 in
880 4876 1130 4930 oratione
1180 4891 1278 4931 sua
1331 4877 1399 4932 de
1439 4877 1632 4933 Adami
1662 4882 1862 4936 exsilio
1895 4882 2115 4940 dubita-

526 4964 749 5021 tionem'
775 4967 914 5022 hanc
950 4966 1047 5021 tibi
1076 4966 1273 5021 solvet.
1342 4966 1746 5040 Transgressus
1775 4984 1877 5039 est,
1910 4974 2112 5044 inquit,

526 5060 847 5114 mandatum
881 5060 1165 5124 Adamus;
1198 5061 1439 5116 comedit
1491 5078 1521 5116 a
1580 5078 1689 5133 quo
1749 5064 1940 5135 jussus
1998 5077 2116 5124 erat

526 5150 845 5205 abStiuere:
893 5158 1183 5219 propterea
1218 5150 1311 5220 qui
1365 5152 1632 5209 imortalis
1671 5166 1808 5222 erat,
1870 5158 2119 5214 mortalis

529 5242 709 5298 factus
746 5251 851 5296 est.
914 5242 1165 5307 Quonam
1215 5242 1268 5297 id
1311 5254 1475 5315 pacto
1507 5250 1852 5315 percunctari
1894 5251 2108 5320 desine,

420 5379 435 5385 -
530 5350 601 5389 ne
635 5335 776 5389 forte
805 5334 872 5387 de
906 5333 1011 5389 hoc
1040 5334 1258 5390 mortali
1307 5352 1540 5408 corpore
1584 5342 1756 5413 magis
1788 5345 1951 5399 etiam
2005 5346 2115 5399 bie-

528 5425 689 5487 sites,
731 5432 785 5477 et
817 5438 1057 5492 quonam
1091 5434 1249 5494 pacto
1293 5426 1734 5486 resurrecturum
1771 5435 1844 5487 sit
1872 5450 1936 5488 ex
1970 5450 2120 5489 mor-

531 5515 647 5568 tuis
682 5515 990 5570 immort‘ale
1021 5526 1252 5587 quaeras,
1298 5536 1423 5575 cum
1456 5525 1686 5580 mortale
1725 5526 1798 5580 sit
1844 5537 1899 5582 et
1930 5543 2122 5582 corru-

526 5603 751 5675 ptibile.
788 5602 922 5661 Nam
948 5610 1039 5678 qui
1067 5609 1137 5665 de
1167 5626 1233 5667 eo
1267 5614 1504 5682 dubitat,
1529 5632 1639 5687 quo
1679 5629 1839 5688 pacto
1884 5621 1975 5689 qui
2021 5621 2116 5674 im-

609 5779 657 5810 ‘“
684 5779 707 5833 Ι
737 5779 863 5839 Cor.
896 5804 984 5856 xv,
1022 5792 1115 5850 42.
1194 5795 1238 5829 ⁷³
1272 5794 1414 5851 Gcn.
1460 5814 1517 5864 ιι,
1561 5799 1643 5853 l9.

2219 4704 2278 4756 τὸ
2312 4702 2466 4766 πῶς’
2526 4704 2555 4754 ό
2609 4704 3018 4774 χρυσορρήμων
3057 4701 3312 4770 Ἰωάννης
3361 4702 3419 4751 ἐν
3471 4694 3549 4766 τῷ
3587 4691 3658 4751 εἰς
3683 4684 3761 4750 τὴν

2220 4795 2436 4866 ὲξαῡρίοιν
2462 4796 2556 4849 τοῦ
2598 4797 2770 4867 Ἀδάμ
2799 4796 2946 4865 λόγῳ
2969 4794 3137 4850 αὑτοῦ
3161 4796 3261 4865 τὴν
3297 4790 3527 4860 ἀπορίαν
3548 4777 3761 4876 ἐπιλύσεξ

2223 4908 2306 4945 σοι
2338 4891 2568 4960 ταύτην,
2620 4889 2766 4942 οὕτω
2814 4888 3013 4956 λέγων’
3055 4906 3075 4939 ι
3119 4886 3343 4958 Παρέόη
3394 4884 3489 4952 τὴν
3523 4870 3763 4960 ἐντολὴνρ

2233 4980 2431 5051 Ἀδὰμ,
2467 4958 2674 5049 ἔφαγεν
2706 4981 2803 5048 ἀφ’
2833 4973 2899 5034 οὗ
2929 4980 3296 5051 παρηγγέλθη
3348 4976 3423 5047 μὴ
3454 4969 3655 5042 φαγεῖνν
3687 4958 3762 5051 κθ

2219 5048 2412 5127 τούτου
2437 5073 2601 5144 χάριν
2630 5074 2657 5127 ὁ
2679 5073 2951 5137 ἀθάνατος
2983 5048 3229 5143 ἂγεγόνει
3251 5069 3464 5141 θνητός.
3488 5084 3505 5116 θ
3540 5063 3690 5126 ’Ἄφες
3715 5048 3762 5100 τδ

2223 5164 2361 5230 πῶς,
2387 5165 2476 5217 ἵνα
2509 5163 2585 5235 μὴ
2614 5165 2709 5218 καὶ
2737 5164 2832 5217 ἐπὶ
2861 5162 2995 5234 τῷδε
3022 5164 3107 5235 τῷ
3142 5161 3323 5232 Θνητῷ
3356 5159 3558 5228 σώματι
3586 5145 3760 5204 πλείονι

2223 5256 2490 5329 συσχεθῇς
2509 5261 2738 5329 ἀποριᾳ,
2760 5257 2878 5321 πῶς
2902 5257 3301 5327 ἀναστήσεται,
3313 5254 3503 5320 λέγων,
3528 5243 3758 5329 ἀθάνατρν

2219 5347 2285 5399 ὲκ
2323 5321 2558 5415 νεκρῶν,
2602 5321 2951 5418 ε’ἴγεθνητόν
2988 5321 3111 5399 ἐστι
3156 5345 3253 5400 καὶ
3296 5340 3564 5410 φθαρτόν;
3596 5321 3758 5418 ὈΔΥάΡ

2196 5495 2201 5499 .
2223 5411 2595 5505 ἀμφιϐάλλων»
2614 5411 2703 5487 ἐπ’
2723 5411 2941 5505 ἐκείνῳ,
2969 5432 3089 5496 πῶς
3118 5432 3385 5492 ἀθάνατος
3412 5420 3637 5492 ἐγεγόνει
3657 5411 3758 5505 (ivn-

2221 5502 2336 5590 τος,
2366 5524 2427 5590 ἐξ
2446 5524 2696 5598 ἀνάγκης
2731 5526 2799 5580 ἂν
2821 5502 3119 5598 ἀπορήσειε
3143 5526 3234 5579 καὶ
3263 5524 3357 5578 ἐπὶ
3377 5519 3563 5586 τούτῳ.
3582 5502 3758 5598 οὖξοῦν

2223 5622 2361 5689 ἄφες
2390 5618 2452 5673 τδ
2486 5593 2627 5683 πῶς.
2651 5593 2737 5674 ⁷Ὀ
2764 5619 2897 5683 Θεὸς
2926 5593 3086 5687 όπου,
3121 5620 3298 5673 ἐκεῖσε
3356 5611 3532 5683 χώραν
3558 5602 3647 5658 οὐκ
3665 5593 3758 5663 git“
