3936 6430
197 420 289 489 18]

1494 408 1907 475 ANNALIUM
1950 411 2146 476 PARS
2184 416 2234 475 ῐ.

3360 421 3465 486 190

195 538 245 588 τε
276 535 405 597 πῶς.
444 533 689 586 Ἐπλασε
712 531 814 601 μὲν
841 531 951 601 γὰρ
984 526 1071 583 ἐπ⁴
1102 529 1387 601 ἀφθαρσίᾳ
1438 529 1527 582 τὸν
1558 528 1768 598 ιΞίνθρω⁹

1885 528 2133 583 mortalis
2161 537 2281 583 erat
2318 527 2567 583 mortalis
2595 529 2770 585 factus
2803 530 2895 597 sit,
2922 534 3237 589 necessnrio
3270 533 3337 589 de
3368 534 3475 590 hoc

193 642 283 679 πον
309 626 337 679 6
362 624 517 691 Θεὸς,
550 622 791 695 ἄρχοντα
810 622 921 675 τῶν
954 621 1217 690 ἐπιγείων
1243 622 1467 676 πάντων
1498 620 1775 690 κατέστη-

193 735 266 783 σε,
298 714 527 787 διηνεκῆ
558 715 759 769 δέδωκε
801 714 903 785 τὴν
932 713 1236 769 ἀθανασίαν
1296 713 1471 784 αὐτῷ,
1522 713 1780 788 καθάπερ

190 813 296 868 άνω
327 810 637 881 διείληπται
662 824 676 840 ·
710 808 807 862 καὶ
837 802 953 879 εἶχε
994 808 1093 878 μὲν
1122 807 1204 872 εἰς
1233 806 1447 870 αἰῶνας
1482 806 1641 860 οὕτω
1657 808 1782 863 κατ’

190 904 363 971 αὑτὸν,
415 905 499 957 ὃτι
563 903 661 958 καὶ
710 903 1111 976 ἀμεταμέλητα
1174 902 1404 967 τά,ηθεῖα
1432 904 1777 973 χαρίσματα.

201 998 335 1051 Ἀλλ’
395 998 585 1069 ἐπειδὴ
625 998 763 1070 πρὸς
823 998 1106 1069 ἁμαρτίαν
1144 996 1308 1050 αὐτὸν
1362 996 1509 1065 ἐώρα
1561 998 1783 1051 κατολι-

195 1091 499 1158 σθαίνοντα,
521 1089 819 1171 κάντεῦθεν
837 1090 1179 1146 ἐκπίπτοντα
1200 1088 1299 1156 τῆς
1327 1087 1538 1158 ὑψηλῆς
1564 1089 1781 1159 ἐκείνης

192 1191 283 1239 καὶ
320 1185 611 1254 ίσαγγέλου
641 1185 938 1255 διαγωγῆς,
978 1184 1308 1255 παραχωρεῖ
1360 1184 1450 1236 διὰ
1500 1182 1661 1237 τοῦτο
1685 1185 1782 1238 καὶ

96 1312 103 1319 η
189 1277 455 1346 λαμϐάνει
510 1276 657 1347 κατ’,
690 1275 856 1331 αὑτοῦ
891 1277 1080 1347 χώραν
1142 1276 1170 1328 6
1202 1273 1457 1338 θάνατος,
1504 1275 1588 1329 ὅτι
1643 1274 1790 1344 μηδὲ

193 1369 489 1439 συνέφερεν
518 1366 703 1423 ἔκτοτε
733 1368 959 1440 διηνεκῆ
987 1368 1277 1439 προσεῖναι
1322 1364 1424 1438 τὴν
1475 1365 1779 1420 ἀθανασίαν

192 1461 361 1531 αὐτῷ.
392 1461 506 1515 Καὶ
531 1462 644 1533 γὰρ
672 1463 721 1514 εἰ
766 1460 840 1532 μὴ
870 1460 1067 1529 γέγονέ
1098 1478 1151 1514 τι
1178 1459 1445 1520 τοιοῦτον,
1469 1458 1519 1512 εἰ
1549 1457 1626 1530 μὴ
1647 1475 1785 1527 συγ-

193 1551 439 1622 χώρησις
481 1552 693 1605 ἐκεῖθεν
747 1551 949 1604 ἐδίδοτο
996 1549 1419 1621 φιλανθρωπίας
1443 1549 1656 1613 ἕνεκεν,
1690 1550 1778 1603 ἴνα

196 1644 271 1711 μὴ
302 1641 570 1696 ἀθάνατον
607 1638 642 1718 ᾗ
682 1643 742 1696 τὸ
773 1642 968 1706 κακὸν,
1013 1643 1116 1694 οὐκ
1141 1643 1208 1696 ἂν
1232 1642 1430 1712 ἐκείνῳ
1466 1640 1543 1710 τῷ
1577 1640 1780 1712 πρώτῳ

202 1735 399 1805 Ἀδάμ,
441 1736 517 1807 τῷ
547 1732 635 1788 ἐπ’
660 1736 943 1809 ἀφθαρσίᾳ
975 1736 1256 1790 κτισθέντι
1289 1735 1412 1789 κατ’
1460 1735 1648 1788 εἰκόνα
1683 1735 1781 1804 τῆς

190 1828 491 1897 ἀῖδιότητος
545 1829 639 1882 τοῦ
672 1830 831 1892 Θεοῦ,
876 1832 1222 1901 προσήγγισε
1275 1828 1546 1890 θάνατος’
1574 1828 1673 1881 οὐκ
1713 1828 1779 1881 ἂν

1883 621 2046 677 etiam
2091 622 2459 687 dubitaverit,
2504 622 3141 681 nec'resuseitationem
3191 626 3366 696 ipsius
3411 643 3477 680 ex

1882 713 2116 769 mortuis
2152 712 2313 767 facile
2363 712 2761 770 admittendam
2823 716 3236 773 existimaverit.
3275 717 3478 783 Quam-

1882 798 2072 859 obrem
2138 800 2269 859 illttd
2348 816 2501 860 tuum
2533 846 2548 870 ,
2599 823 2708 878 quo
2762 818 2943 879 pacto,
2993 812 3223 867 missum
3286 813 3475 868 facito.

1883 897 1988 953 Ubi
2028 888 2210 963 Deus,
2248 898 2319 952 ibi
2349 915 2459 969 quo
2501 910 2664 971 pacto
2706 901 2889 972 lqcum
2926 919 3034 959 non
3072 905 3258 961 habet.
3328 906 3477 960 Con-

1883 989 2025 1044 didit
2058 990 2206 1044 enim
2243 989 2385 1045 Dens
2420 993 2701 1047 hominem
2731 997 2800 1048 ad
2835 1006 3041 1051 statum
3091 998 3352 1053 interitus
3382 1014 3478 1053 ex-

1882 1088 2118 1150 pertem,
2158 1083 2403 1136 omnium
2442 1087 2786 1140 terrestrium
2823 1087 3128 1158 principem
3165 1090 3475 1153 constituit,

1883 1181 2212 1242 perpetuam
2249 1169 2300 1228 ei
2338 1172 2564 1245 largitus
2594 1176 2704 1246 92
2738 1189 2821 1232 est
2859 1178 3350 1245 immortalitatem.
3399 1184 3477 1237 uti

1884 1276 2051 1332 supra
2080 1263 2419 1318 declaratum
2452 1274 2556 1331 est,
2593 1268 2772 1337 ipsum
2800 1270 3037 1340 denique
3071 1273 3216 1340 quod
3254 1276 3476 1339 attinet,

1885 1352 2175 1409 habiturus
2229 1356 2368 1411 hanc
2417 1367 2538 1411 erat
2581 1357 2746 1412 homo
2788 1361 3004 1416 saeculis
3051 1365 3301 1428 azlernis,
3350 1382 3477 1420 cum

1885 1457 2116 1498 munera
2149 1445 2243 1500 Dei
2290 1446 2404 1500 sint
2454 1448 2871 1516 irrevocabilia;
2928 1453 3021 1508 sed
3075 1455 3204 1524 quia
3262 1456 3480 1512 videbat

1884 1552 2012 1595 eum
2048 1536 2115 1592 ad
2158 1548 2448 1609 peccatum
2487 1542 2664 1597 delabi
2700 1559 2765 1599 ac
2794 1554 3090 1615 propterea
3119 1549 3341 1604 sublimi
3386 1552 3479 1606 illo

1885 1628 2010 1684 vita
2039 1646 2264 1701 genere,
2295 1634 2438 1703 quod
2483 1635 2805 1707 angelorum
2851 1639 2979 1694 vitae
3009 1656 3109 1710 par
3137 1652 3276 1709 erat,
3326 1646 3478 1698 exci-

1884 1722 2038 1789 dere,
2076 1724 2196 1794 ipso
2237 1727 2579 1783 concedente
2611 1745 2761 1786 mors
2785 1731 3051 1789 adversus
3079 1750 3205 1788 eum
3236 1739 3481 1792 occasio-

1884 1833 2010 1872 nem
2043 1818 2259 1890 arripit.
2318 1820 2533 1893 Quippe
2567 1839 2636 1878 ne
2673 1825 3004 1893 expediebat
3043 1831 3265 1899 quidem
3300 1833 3478 1887 homi-

192 1918 439 1973 ὑπέπεσε
477 1921 657 1994 φθορᾷ
694 1923 753 1976 τὸ
787 1900 950 1992 σῶμα
973 1925 1149 1977 ἐκεῖνο
1167 1924 1228 1975 τὸ
1262 1922 1471 1992 φθορᾶς
1502 1921 1598 1973 καὶ
1618 1920 1777 1975 θανά-

1885 1926 2009 1964 nem
2042 1925 2107 1964 ex
2157 1926 2223 1966 eo
2261 1919 2509 1981 tempore
2564 1915 2934 1974 immortalem
2983 1934 3126 1975 esse.
3185 1922 3322 1976 Nam
3372 1926 3477 1981 nisi

188 2027 283 2086 γυ
309 2013 535 2083 ἄμεινον
558 2015 806 2086 ὑπάρχον
832 2015 894 2067 τὸ
923 2015 1210 2086 πρότερον.
1240 2016 1300 2067 Εἰ
1325 2014 1393 2085 δὲκ
1407 2012 1583 2069 ταῦτα
1602 2013 1778 2075 οὕτως

188 2110 325 2177 ἔχει,
380 2107 501 2170 πῶς
556 2109 827 2162 ἀθάνατὸν
885 2107 1052 2161 αὑτὸν
1111 2101 1250 2178 ὁμοῦ
1309 2107 1406 2160 καὶ
1448 2104 1644 2176 θνητὸν
1674 2105 1779 2158 ὑπὸ

190 2199 329 2253 Θεοῦ
361 2200 716 2272 παραχθῆναι
774 2203 1057 2271 εἰπωμεν;
1116 2201 1179 2254 Εἰ
1236 2201 1501 2289 γὰρκαὶ
1559 2200 1824 2270 θανάτῳ·

193 2293 434 2348 ὑπέπεσε
466 2291 544 2365 μὴ
599 2295 843 2363 φυλάξας
883 2294 983 2366 τὴν
1022 2294 1275 2348 δοθεῖσαν
1315 2294 1468 2358 αὐτῷ
1529 2294 1777 2364 ἐντολὴν,

193 2384 307 2438 ἀλλ’
360 2384 591 2441 ὕστατον
638 2387 735 2456 τῆς
792 2387 1132 2457 οἰκονομίας,
1171 2386 1257 2451 ,ὡς
1288 2379 1391 2458 ἤδη
1423 2387 1773 2457 προείρηται,

198 2475 356 2531 τοῦτο
375 2478 575 2541 πάντες
607 2478 938 2551 εὑρήσομεν,
975 2478 1094 2547 εἴτε
1142 2477 1560 2567 τῇκάκολουθίᾳ
1612 2494 1782 2547 προσ-

198 2570 343 2640 έχειν
373 2547 689 2643 αἱρούμεθα
730 2547 848 2643 ’τῆ-ς
904 2574 1068 2641 ἁγίας
1106 2558 1351 2644 Γραφῆς.
1389 2547 1665 2640 Οὐδὲίγάρ
1689 2547 1803 2625 ὅτεί

204 2661 415 2734 παρῆγε
469 2664 560 2717 τὸν
607 2665 899 2737 ἄνθρωπον
926 2667 954 2718 6
983 2664 1139 2731 Θεὸς,
1193 2665 1269 2729 ὡς
1301 2665 1413 2718 ἄνω
1441 2663 1777 2733 διείληπται,

199 2756 316 2808 τότε
357 2755 495 2826 πρὸς
529 2756 694 2810 αὐτὸν
726 2756 917 2826 ἔλεγεν
940 2774 955 2790 ι
991 2774 1011 2809 ς
1060 2750 1140 2831 ⁷ῌ
1172 2755 1217 2810 δ’
1247 2758 1313 2810 ἂν
1347 2748 1533 2828 ἡμέρα
1562 2756 1777 2826 φάγητε

202 2846 304 2900 ἀπὸ
328 2849 421 2902 τοῦ
456 2850 653 2919 φυτοῦ,
681 2846 895 2921 θανάτῳ
926 2850 1321 2921 ἀποθανεῖσθε,
1346 2869 1364 2902 ο
1415 2851 1554 2904 ἀλλὰ
1599 2849 1778 2919 πολλῷ

208 2941 337 3009 μετὰ
359 2941 458 3012 τὴν
486 2938 654 2998 αὐτοῦ
683 2945 1027 3017 παραγωγὴν
1079 2943 1331 3015 ὕστερον.
1370 2947 1525 3000 Μετὰ
1578 2946 1690 3017 γὰρ
1720 2946 1780 2999 τὸ

210 3031 420 3087 καθίσαι
455 3034 706 3105 βασιλέα,
741 3038 882 3107 μετά
925 3036 987 3091 1:6
1017 3038 1322 3109 ἀναχθῆναι
1377 3038 1447 3091 τὰ
1498 3039 1615 3103 ζῶα
1643 3038 1781 3106 πρὸς

212 3125 383 3191 αὐτὸν,
443 3129 586 3197 μετὰ
630 3131 692 3181 τὸ
734 3130 909 3199 πέρας
971 3131 1060 3183 ἐπ’
1095 3120 1247 3200 ἀίδτῷ
1291 3129 1548 3194 δέξασθαι
1583 3131 1652 3182 τὰ
1677 3130 1778 3199 τῆς

1887 2001 1996 2057 tale
2025 2002 2284 2072 quiddam
2316 2005 2637 2073 accidisset,
2694 2009 2803 2065 nisi
2835 2011 3166 2068 condonatio
3215 2015 3478 2088 deinceps

1885 2095 2027 2151 facta
2056 2095 2253 2151 fuisset
2275 2112 2341 2151 ex
2375 2098 2783 2169 benevolentia,
2810 2118 2882 2158 ne
2912 2104 3117 2160 malum
3151 2117 3479 2177 perpetuum

1885 2187 2050 2256 foret,
2086 2206 2435 2262 nequaquam
2470 2194 2815 2264 permisisset
2841 2195 2988 2252 Deus
3019 2208 3080 2253 ut
3112 2214 3261 2254 mors
3280 2203 3345 2255 ad
3379 2202 3481 2257 ho-

1886 2280 2098 2336 minem
2143 2283 2381 2353 primum
2415 2285 2472 2338 in
2515 2293 2657 2339 statu
2712 2272 2942 2357 experte
2986 2289 3250 2346 interitus
3289 2295 3482 2349 condi-

1886 2382 2003 2427 tum
2035 2374 2105 2429 ad
2154 2375 2452 2448 imaginem
2490 2379 2818 2435 aeternitatis
2852 2380 2947 2436 Dei
3000 2385 3323 2452 accederet;
3372 2404 3477 2444 nec

1885 2480 2087 2535 corpus
2144 2465 2281 2523 illud
2340 2483 2504 2538 supra
2559 2485 2789 2526 mortem
2836 2485 2892 2528 et
2934 2474 3216 2532 interitum
3259 2494 3479 2534 omnem

1884 2557 2040 2626 prius
2067 2560 2307 2626 positum
2331 2563 2673 2633 corruptioni
2704 2563 2907 2621 factum
2932 2567 3132 2624 fuisset
3154 2570 3477 2628 obnoxium.

1884 2648 2018 2713 Qua:
2049 2666 2173 2705 cum
2202 2649 2280 2706 ita
2310 2652 2443 2718 sint,
2474 2670 2586 2724 quo
2618 2656 2836 2711 tandem
2875 2669 3036 2727 pacto
3058 2661 3312 2718 dicemus
3349 2679 3479 2718 eum

1886 2744 2175 2798 mortalem
2209 2745 2419 2814 pariter
2451 2755 2507 2801 et
2558 2748 2923 2805 immortalem
2974 2764 3098 2808 esse
3137 2756 3420 2810 conditum
3448 2774 3479 2812 a

1885 2833 2044 2888 Deo?
2098 2834 2425 2907 Quanquam
2468 2839 2615 2893 enim
2661 2855 2775 2894 non
2832 2853 3053 2898 servato
3082 2848 3344 2902 mandato
3374 2850 3482 2905 sibi

1883 2929 2208 2997 pra-scripto
2241 2927 2294 2982 in
2321 2937 2555 2984 mortem
2583 2932 2795 2999 incidit,
2832 2941 3015 2990 tamen
3048 2939 3152 2992 hoc
3183 2940 3361 3008 ipsum
3392 2958 3481 2997 rc-

1885 3019 2015 3074 ferri
2054 3018 2255 3076 debere
2306 3021 2373 3076 ad
2420 3024 2780 3092 posteriorem
2848 3026 2993 3082 illam
3048 3030 3480 3089 administratio-

1885 3128 2036 3180 nem,
2069 3115 2150 3169 uti
2203 3115 2463 3186 superius
2512 3118 2816 3174 indicatum
2867 3131 2972 3188 est,
3023 3126 3390 3194 reperiemus,
3431 3130 3479 3184 si

212 3215 349 3283 θείας
370 3218 583 3291 βουλῆς,
616 3223 737 3277 τότε
769 3224 905 3295 πρὸς
933 3224 1094 3277 αὑτὸν
1118 3225 1155 3293 ἡ
1175 3224 1405 3295 τοιαύτη
1435 3225 1631 3291 γέγονε
1656 3222 1777 3278 θεία

1887 3209 2109 3277 quidem
2142 3209 2307 3264 seriei
2345 3219 2629 3266 sacrarum
2656 3202 2998 3270 Litterarum
3032 3218 3322 3274 advertere
3356 3222 3482 3276 ani-

212 3310 372 3381 φωνὴ,
403 3313 522 3365 τότε
556 3312 644 3384 δὴ,
680 3315 803 3367 τότε
847 3315 942 3367 καὶ
973 3315 1161 3385 χώραν
1186 3317 1213 3367 6
1237 3312 1467 3378 θάνατος
1498 3313 1775 3384 ἐλάμϐανε

210 3401 322 3451 κατ’
347 3401 529 3456 αὐτοῦ.
572 3402 675 3456 Διά
702 3404 754 3457 τί
784 3404 841 3456 δὲ
879 3403 1078 3469 ταῦτα,
1112 3406 1208 3457 καὶ
1230 3403 1375 3468 τίνος
1406 3403 1593 3457 ἕνεκεν
1616 3420 1631 3469 ;
1655 3404 1775 3456 ’Ὶνα

216 3489 293 3561 μὴ-
312 3492 578 3549 ἀθανάτου
614 3494 901 3565 μείναντος
939 3494 1109 3550 αὑτοῦ
1155 3497 1294 3567 μετὰ
1326 3498 1425 3566 τὴν
1456 3496 1775 3566 παράϐασιν

218 3585 364 3657 μείνῃ
391 3587 487 3638 σὺν
517 3586 665 3657 αὐτῷ
687 3587 781 3640 καὶ
811 3588 870 3640 1:6
899 3589 1069 3640 κακὸν
1094 3588 1153 3654 ἐξ
1192 3589 1442 3657 ἀνάγκης
1482 3587 1773 3641 ἀθάνατον.

1890 3317 2041 3355 mum
2078 3303 2348 3358 volemus.
2382 3303 2522 3360 -Non
2555 3306 2706 3360 enim
2748 3316 2860 3362 tmn
2902 3324 3026 3364 eum
3072 3312 3335 3368 conderet
3380 3314 3482 3369 ho-

1886 3394 2092 3449 minem
2151 3395 2315 3462 Deus,
2370 3405 2432 3451 ut
2489 3407 2652 3454 antea
2688 3398 3026 3468 dicebamus,
3076 3403 3163 3458 his
3199 3407 3265 3460 al
3303 3407 3484 3474 ipsum

1886 3489 2071 3542 verbis
2109 3503 2245 3543 usus
2283 3497 2404 3544 est:
2459 3488 2832 3562 «Quacunque
2882 3493 2972 3549 die
3030 3498 3324 3552 vescemini
3379 3501 3482 3556 hac

1887 3583 2105 3650 arbOre,
2128 3591 2305 3637 morte
2331 3581 2789 3651 multabimini",
2818 3604 2839 3637 ›
2891 3589 2988 3642 sed
3036 3589 3317 3659 aliquanto
3357 3603 3485 3663 post

212 3674 321 3743 ejus
357 3680 683 3735 creationem
734 3680 1024 3752 interjeeto
1072 3688 1343 3752 tempore.
1396 3669 1763 3751 Posteaquam
1794 3678 1944 3735 enim
1995 3690 2178 3745 regem
2221 3675 2399 3745 ipsum
2448 3676 2837 3747 constituerat,
2861 3689 3198 3753 posteaquam
3218 3685 3482 3742 animalia

214 3783 393 3828 cuneta
420 3774 716 3831 deduxerat
745 3776 812 3830 ad
843 3791 990 3843 eum,
1019 3784 1373 3848 posteaquam
1397 3775 1644 3831 divinum
1673 3775 1740 3830 de
1768 3773 1888 3844 ipso
1909 3771 2200 3827 consilium
2224 3770 2290 3823 ad
2317 3769 2520 3824 exitum
2550 3772 2875 3840 perductum
2917 3786 3063 3843 erat,
3099 3786 3213 3833 tum
3253 3781 3477 3837 demum

213 3867 308 3922 hac
333 3884 453 3923 eum
488 3882 623 3923 voce
642 3867 978 3938 ,compellat.
1014 3868 1192 3923 Simul
1224 3868 1489 3924 adVersus
1518 3868 1698 3939 ipsum
1730 3867 1783 3921 id
1814 3864 2252 3936 temporis_mors
2279 3861 2461 3918 locum
2489 3864 2719 3921 invenit.
2747 3866 3116 3933 Quamobrem
3152 3872 3295 3928 hoc?
3319 3874 3395 3930 Nc
3429 3876 3479 3933 si

213 3963 490 4018 mansisset
519 3962 844 4016 immortalis
870 3972 995 4032 post
1022 3965 1539 4032 transgressionem,
1571 3960 1888 4017 necessario
1914 3967 2200 4031 peceatum
2230 3973 2449 4045 quoque
2479 3974 2604 4014 cum
2643 3948 2775 4030 ipso'
2794 3963 2914 4018 sine
2948 3961 3057 4019 ﬁne
3095 3976 3366 4024 maneret.

277 4056 392 4110 ὀτι
422 4057 479 4107 δὲ
516 4055 781 4118 ἀθάνατος
829 4054 1025 4125 ἔμελλε
1061 4058 1240 4126 μεῖναι
1282 4056 1422 4126 μετὰ
1453 4057 1553 4125 τὴν
1587 4057 1776 4127 ἀμαρ-

208 4144 373 4199 τίαν“δ
409 4146 719 4216 ᾄνθρωπος,
765 4148 819 4199 εἰ
846 4147 923 4217 μὴ
953 4147 1147 4215 γέγονὲ
1205 4164 1290 4207 τις
1338 4148 1623 4216 οἰκονομία
1654 4148 1777 4200 θεία

207 4237 335 4292 ὥστε
363 4240 438 4310 μὴ
466 4241 560 4294 καί
589 4240 736 4310 ἡμᾶς
766 4238 1011 4294 ἀθάνατα
1034 4241 1275 4311 πάσχειν
1297 4242 1438 4295 κατὰ
1459 4242 1584 4303 τοὺς
1615 4242 1779 4292 ἐκπε-

210 4334 388 4396 σόντας
441 4332 730 4400 ἀγγέλους,
787 4334 814 4385 6
870 4327 1091 4402 Νύσσης
1123 4331 1261 4397 θεῖος
1318 4325 1620 4403 Γρηγόριος
1663 4335 1775 4396 τοῖς

206 4426 429 4497 ἀμαθέσι
457 4426 639 4479 δίδωσι
668 4426 806 4489 τέως
832 4426 965 4494 ἡμῖν
999 4421 1225 4478 ἐννοεῖν.
1277 4444 1295 4476 ι
1333 4424 1563 4495 Ἐπειδὴ
1581 4425 1692 4495 γὰρ
1715 4427 1774 4477 ὲν

206 4525 311 4586 τοῖς
346 4522 840 4595 ἀπηγορευμένοις,
869 4541 887 4574 ι
924 4520 1081 4591 φησὶ,
1129 4540 1148 4573 ‹
1177 4521 1468 4602 γεγόνασιν
1490 4520 1541 4572 οί
1568 4519 1776 4590 πρῶτοι

203 4616 472 4693 ἄνθρωποι
503 4618 598 4669 καὶ
628 4614 728 4686 τῆς
776 4615 1177 4689 μακαριότητος
1201 4614 1419 4683 ἐκείνης
1444 4612 1777 4683 ἀπεγυμνώ-

206 4706 395 4777 θησαν,
453 4706 686 4778 χιτῶνας
734 4706 1116 4775 δερματίνους,
1152 4704 1319 4777 ἤγουν
1367 4705 1466 4775 τὴν
1523 4705 1633 4758 ἀπὸ
1663 4706 1774 4759 τῶν

1956 4054 2025 4108 Et
2078 4067 2210 4110 vero
2267 4051 2630 4108 immortalem
2681 4053 2927 4111 futurum
2978 4056 3150 4115 fuisse
3200 4061 3483 4119 hominem

1885 4143 2050 4199 etiam
2101 4151 2225 4214 post
2256 4153 2568 4213 peccatum,
2608 4144 2719 4200 nisi
2748 4145 3083 4218 dispensatio
3120 4149 3305 4208 divina
3333 4170 3482 4223 qua-

1884 4235 2010 4291 dam
2052 4236 2419 4300 accessisset,
2477 4251 2548 4289 ne
2582 4235 2681 4305 ipsi
2718 4252 2939 4309 quoque
2972 4243 3257 4312 perpetuis
3304 4247 3482 4314 pinnis

1882 4329 2309 4400 subjicercmur,
2343 4336 2401 4382 ut
2434 4328 2648 4397 angelis
2678 4328 2847 4399 lapsis
2887 4331 3104 4396 accidit,
3139 4334 3362 4390 divinus
3390 4337 3481 4391 ille

1882 4422 1986 4486 vir,
2017 4420 2315 4492 Gregorius
2344 4420 2577 4475 antistes
2609 4418 2890 4492 Nysscnus
2927 4424 3195 4479 ostendit.
3256 4425 3478 4482 Postea-

1886 4530 2075 4585 quam,
2105 4514 2204 4580 ait,
2237 4512 2491 4566 homines
2525 4512 2599 4566 illi
2641 4513 2918 4583 principes
2969 4519 3137 4572 vetita
3185 4523 3481 4578 commit-

1885 4616 2016 4662 runt
2048 4620 2111 4660 ac
2148 4606 2407 4660 beatitatc
2439 4619 2536 4661 sua
2569 4606 2759 4660 nudati
2795 4616 2948 4687 sunt,
2980 4609 3224 4686 pelliceis
3255 4614 3479 4683 tunicis,

1886 4699 1992 4756 hoc
2027 4707 2114 4756 est.
2141 4699 2463 4754 animalium
2491 4698 2847 4765 mortalitate,
2878 4709 3031 4761 certo
3071 4705 3305 4773 quodam
3345 4723 3477 4761 con-

202 4798 351 4862 ζώων
397 4798 721 4868 νεκρότητα,
767 4797 1131 4868 οἰκονομικῶς
1163 4796 1395 4869 ἐνέθηκε
1431 4800 1498 4869 τῇ
1528 4800 1608 4862 εἰς
1641 4796 1775 4850 ἀθα-

1885 4793 2008 4850 silio
2043 4801 2098 4847 et
2129 4792 2544 4862 dispensatione
2576 4791 2722 4847 Deus
2754 4804 3010 4848 naturam
3043 4796 3110 4850 ad
3154 4797 3480 4856 immortali-

203 4892 392 4946 νασίαν
444 4890 734 4961 κτισθείσῃ
766 4888 950 4956 φύσει,
987 4889 1074 4942 ἵνα
1105 4887 1180 4958 μὴ
1208 4887 1270 4942 τὸ
1295 4889 1463 4942 κακὸν
1499 4888 1771 4944 ἀθάνατον

202 4975 256 5051 ᾗ.
286 4998 305 5032 ι
347 4978 547 5042 Καλῶς
592 4979 651 5032 δὲ
707 4973 859 5030 εἶπεν
912 4977 1275 5055 οἰκονομικῶς
1336 4980 1364 5031 6
1412 4975 1558 5041 θεῖος
1618 4971 1773 5041 οὗτος

200 5074 366 5144 ἀνήρ’
390 5070 696 5142 κηδόμενος
723 5067 830 5139 γὰρ
863 5069 1023 5139 ἡμῶν
1048 5071 1076 5121 6
1113 5068 1273 5133 Θεὸς,
1295 5066 1438 5122 ῶστε
1482 5068 1558 5141 μὴ
1586 5070 1769 5140 ἀμαρ-

199 5168 379 5219 τάνειν
429 5163 674 5218 ἀθάνατα
721 5162 817 5217 καὶ
875 5159 1016 5214 ὥστε
1061 5161 1139 5232 μὴ
1176 5162 1645 5233 συμπαραμένειν
1693 5162 1772 5226 εἰς

199 5258 397 5321 αἰῶνας
425 5259 498 5327 τῇ
522 5246 788 5325 ’ἐπωδύνῳ
814 5256 988 5326 ταύτῃ
1013 5257 1110 5309 καὶ⁴
1142 5255 1393 5328 μοχθηρᾷ
1420 5255 1600 5326 βιοτῇ,
1624 5254 1772 5310 καθὰ

198 5349 257 5417 δη
284 5349 381 5402 καὶ
410 5349 438 5400 6
472 5345 709 5416 χρυσοῦς
733 5346 834 5415 τὴν
863 5346 1114 5413 γλῶττάν
1144 5363 1300 5416 φησι,
1339 5348 1667 5417 παραχωρεῖ
1691 5345 1771 5418 τῷ

202 5444 413 5514 θανάτῳ
458 5442 602 5493 κατὰ
642 5439 737 5493 τοῦ
790 5438 1065 5494 ἀθανάτου
1118 5439 1391 5511 χωρῆσαι,
1426 5439 1524 5493 καὶ
1561 5439 1774 5508 γίνεται

191 5535 369 5605 τούτῳ
434 5534 515 5604 τῷ
566 5532 753 5602 τρόπῳ
813 5530 1005 5599 θνητὸς
1053 5534 1081 5584 6
1133 5531 1400 5596 ἀθάνατος
1442 5533 1537 5584 καὶ
1597 5532 1776 5603 φθαρ-

200 5630 283 5693 τὸς
342 5629 552 5699 ὁμοίως
598 5629 625 5680 6
674 5625 975 5695 ἄφθαρτος.
1036 5626 1147 5678 Καὶ
1205 5625 1441 5679 πειθέτω
1483 5626 1633 5695 ἡμᾶς
1681 5626 1776 5679 ἐπὶ

198 5724 352 5778 πλέον
378 5726 405 5775 6
437 5722 612 5792 μέγας
661 5718 943 5785 Βασίλειος
990 5719 1134 5774 οὕτω
1165 5722 1295 5793 περὶ
1345 5722 1537 5773 τούτου
1570 5718 1769 5787 λέγων·

266 5888 306 5919 ⁷³
335 5888 474 5946 Gen.
512 5903 570 5957 tl,
605 5887 692 5943 i7.

1886 4895 2050 4941 tatem
2080 4885 2357 4940 conditam
2391 4884 2595 4950 induit,
2628 4900 2698 4940 ne
2744 4886 2947 4940 malum
2996 4901 3265 4960 perpetuo
3309 4895 3479 4951 duras

1885 4987 1993 5032 ret.
2068 4975 2283 5043 Quibus
2336 4975 2392 5029 in
2446 4976 2627 5031 verbis
2677 4978 2940 5047 praeclare
3004 4982 3214 5039 dictum
3276 4985 3479 5045 fecisse

1885 5068 2059 5124 Deum
2099 5068 2207 5123 hoc
2235 5077 2391 5122 certo
2422 5071 2660 5138 quodam
2690 5071 2921 5126 consilio
2945 5084 2998 5128 et
3041 5075 3478 5145 diSpensatione.

1885 5159 2022 5219 Nam
2065 5161 2339 5217 sollicitus
2369 5160 2440 5217 de
2481 5161 2666 5228 nobis,
2700 5177 2770 5218 ne
2812 5162 2955 5221 forte
2986 5180 3254 5239 perpetuo
3285 5190 3477 5244 pecca-

1886 5270 2079 5311 remus
2109 5269 2217 5309 neu
2256 5253 2432 5308 tristis
2475 5252 2591 5310 haec
2641 5264 2696 5310 et
2739 5271 3053 5316 aerumnosa
3092 5266 3203 5320 vita
3253 5267 3479 5324 duraret

1879 5356 2170 5426 aeternum,
2205 5345 2281 5398 uti
2317 5342 2559 5400 Joannes
2593 5347 2758 5401 etiam
2793 5348 3223 5422 Chrysostomus
3274 5357 3473 5426 inquit,

1879 5436 2043 5492 morti
2066 5442 2396 5506 potestatem
2422 5434 2943 5494 facitiinmortalem
2964 5443 3282 5511 invadendi,
3309 5456 3479 5515 atque

1882 5530 1983 5584 hoc
2008 5530 2172 5584 modo
2194 5528 2442 5583 mortalis
2467 5529 2526 5583 ﬁt
2545 5529 2637 5599 qtti
2664 5530 2992 5590 immortalis
3055 5548 3191 5598 erat,
3215 5551 3474 5593 etcurru-

1880 5621 2094 5694 ptibilis
2137 5621 2229 5691 qui
2266 5620 2395 5675 nulli
2426 5636 2543 5676 erat
2579 5623 2823 5679 interitui
2862 5628 3152 5685 obnoxius.
3175 5630 3282 5701 93
3326 5632 3470 5684 Idem

1879 5716 2036 5772 nobis
2072 5714 2236 5770 etiam
2288 5712 2526 5769 Basilius
2562 5732 2758 5786 persua
2785 5720 2913 5787 leat,
2951 5721 3108 5791 cujus
3146 5724 3260 5778 hinc
3304 5727 3469 5780 verba
