3936 6488
217 362 291 426 ut
1085 340 1090 347 ’
1462 348 1771 411 ANNALH

1914 342 2109 402 PARS
2156 342 2196 402 ῐ.
3357 325 3462 389 194

213 474 400 541 ἀλόγοις
449 470 692 541 ἐγένετο,
741 468 854 523 ἀλλ’
904 436 1133 539 ὕστερον
1185 464 1447 526 ἐπετίθει,
1510 462 1757 526 κολάζων

1915 473 1983 509 ιιιι
2022 455 2262 522 pellicem
2319 451 2520 507 tunicae
2549 447 2755 504 amictu
2789 445 2943 504 dicit.
2994 441 3210 499 Etenim
3242 438 3333 496 illa
3357 457 3459 495 na-

214 533 394 619 ὲκείνον
417 533 511 618 τὸν
554 565 616 616 ἐν
657 533 789 633 τιμῇ
822 562 924 632 μὲν
957 533 1083 614 όντά
1118 560 1195 628 μὴ
1240 559 1491 610 συνιέντα
1527 555 1609 617 δὲ,
1642 553 1768 605 κάν-

1904 562 2012 621 υτῳ
2039 544 2266 600 rationis
2302 542 2574 613 participi,
2608 549 2867 610 tauquam
2903 536 3080 593 brutis
3111 533 3458 596 animalibus,

213 656 377 709 τεῦθεν
411 656 491 717 εἰς
534 625 846 724 ὑπόμνησιν
882 652 1029 721 ἄγων
1205 649 1466 715 ἐξέπεσεν
1527 644 1767 715 ἀγαθῶν.

1907 638 2198 692 ιθιιιΐιιιὶιρι·
2246 652 2357 691 non
2390 634 2728 698 adhaerebat,
2771 632 2868 688 sed
2899 631 3160 700 deinceps
3207 625 3461 687 accessit,

222 747 362 801 Ἀλλὰ
391 747 486 799 καὶ
518 749 546 799 6
574 721 814 816 χρυσοῦς
856 743 958 812 τὴν
1004 742 1250 812 γλῶτταν
1287 741 1543 809 Ἰωάννης
1573 738 1633 790 τὸ
1676 734 1772 788 τοῦ

1907 739 1937 784 ξι
1967 731 2013 784 ei
2044 744 2223 800 potita:
2272 729 2394 783 Ioco
2433 726 2598 790 foret,
2653 726 2748 795 qui
2795 739 2920 781 cum
2956 733 3102 779 esset
3141 721 3196 776 in
3227 721 3461 781 honore,

213 839 407 911 πρώτου
449 810 733 906 παριστῶν
778 810 987 899 ἀπαθὲς
1018 810 1231 904 ἐλεγεν
1275 852 1292 883 ι
1336 830 1622 901 Ἐννόησόν
1681 844 1767 896 μοι

1911 823 2121 877 nimum
2145 832 2327 877 tamen
2374 836 2485 875 non
2521 819 2793 885 advertit;
2835 832 2945 888 quo
2988 832 3085 903 per
3116 816 3290 886 ipsam
3321 810 3465 867 scili-

214 932 606 1003 μακαριότητος
660 928 994 1000 ὑπερϐολὴν,
1043 928 1162 989 πῶς
1222 925 1488 996 ἀνώτεροι
1554 923 1768 977 πάντων

1910 923 1964 968 et
1992 914 2387 968 admoneretur
2423 912 2623 983 quibus
2654 910 2813 965 bonis
2844 908 3165 964 excidisset.
3222 904 3464 961 Joannes

211 1023 301 1076 τῶν
333 1021 664 1092 σωματικῶν
707 1021 757 1072 oi
789 1018 1213 1088 πρωτόπλαστοι
1244 1012 1411 1085 ἦσαν,
1446 1014 1564 1075 πῶς
1603 1010 1765 1065 καθά-

1912 1021 2008 1059 ;em
2054 1003 2478 1075 Chrysosmmus
2531 1003 2828 1057 ostendens
2887 1000 3165 1055 hominem
3224 998 3466 1068 primum

212 1134 300 1188 περ
325 1090 427 1168 τὸν
462 1114 690 1186 οὐρανὸν
723 1111 867 1167 οὕτω
916 1112 1016 1181 τὴν
1074 1111 1179 1180 γῆν
1207 1109 1408 1181 ῷκουν,
1440 1109 1535 1161 καὶ
1566 1108 1626 1160 ἐν
1672 1106 1766 1158 σὼ·

1914 1106 2162 1166 xpertem
2194 1093 2551 1150 aﬂ‘ectionum
2592 1092 2780 1155 fuisse,
2825 1091 3008 1146 verbis
3066 1091 3216 1144 hisce
3249 1090 3465 1143 utitur:

212 1225 327 1279 ματι
352 1209 713 1277 τυγχάνοντες
735 1206 804 1258 τά
830 1204 941 1257 τῶν
969 1204 1238 1272 σωμάτων
1261 1202 1322 1254 οὐ
1329 1220 1360 1271 χ
1393 1201 1717 1269 ὑπέμειναν.
1751 1215 1766 1247 ι

1915 1186 2216 1252 Considera
2247 1184 2383 1240 mibi
2417 1184 2696 1239 beatitatis
2726 1181 3141 1245 abundantiam,
3171 1195 3281 1249 quo
3309 1186 3469 1248 pacto

210 1271 333 1354 ίὶῦτε
363 1271 488 1369 γάἷ
508 1301 707 1369 στέγης
759 1295 885 1351 οὔτε
928 1271 1131 1366 όρόερου
1179 1293 1305 1347 οὔτε
1358 1292 1607 1364 ίματίων
1651 1288 1764 1343 οὔτε

1915 1293 2043 1349 upra
2079 1293 2169 1333 res
2204 1291 2500 1347 corporeas
2530 1290 2725 1331 omnes
2769 1273 2932 1345 positi
2988 1271 3187 1327 fuerint
3215 1271 3469 1325 homines

208 1394 351 1446 ἄλλου
396 1376 612 1455 οὐδενὸς
656 1388 764 1442 τῶν
818 1388 1083 1442 τοιούτων
1135 1387 1369 1439 ἐδέοντο.
1421 1383 1586 1437 ’Λλλά
1623 1382 1762 1434 καὶί

1911 1371 1958 1425 lli
1983 1369 2237 1440 principe
2266 1368 2389 1423 loco
2423 1368 2641 1424 formati
2674 1382 2704 1421 a
2747 1365 2895 1432 Deo;
2927 1380 3037 1435 quo
3068 1371 3229 1434 pacto
3264 1370 3465 1417 terram

209 1485 446 1551 θεολόγος
468 1482 792 1554 Γρηγόριος,
825 1479 1284 1550 ἐπικαλύμματος
1319 1478 1413 1530 καὶ
1439 1475 1763 1545 προϐλήμα-

1918 1460 1960 1511 ie
1988 1458 2324 1512 incoluerint
2353 1473 2418 1511 ac
2451 1456 2730 1541 siccelum
2768 1454 3097 1520 incolerent,
3152 1468 3264 1525 quo
3312 1461 3472 1523 pacto

207 1594 285 1640 τος
321 1545 395 1647 μί]
428 1545 852 1643 θέε-σθαιλέγων
882 1573 974 1627 τὸν
1007 1545 1126 1627 ἀπ(
1147 1571 1324 1642 ἀρχῆς
1359 1569 1675 1640 ἄνθρωπον,
1706 1567 1761 1619 τό

1918 1565 1934 1601 ι
1975 1549 2302 1618 corporibus
2349 1551 2708 1616 exsistentes,
2759 1562 2881 1618 qua:
2927 1545 3147 1619 propria
3180 1561 3470 1615 corporum

209 1638 335 1723 αὖτέ
362 1638 441 1740 τῷ
473 1638 899 1739 Χρυσορρἧονι
939 1665 1157 1727 πάντως
1462 1638 1629 1730 Σῶμα
1667 1662 1763 1730 γὰρ

1923 1652 2009 1697 int
2038 1658 2146 1696 non
2181 1642 2530 1732 pertulerint.
2572 1641 2684 1697 Nec
2707 1642 2853 1697 enim
2886 1641 2970 1696 vel
2997 1648 3140 1696 tecto
3170 1640 3253 1696 vel
3289 1638 3477 1709 laque—

213 1758 340 1832 μήτε
391 1733 626 1830 κρυμοῖς
657 1733 966 1812 ύποπίπτον
1019 1750 1159 1828 μήτε
1215 1756 1496 1824 θάὶψεσιν.
1548 1754 1610 1807 Εἰ
1664 1754 1767 1824 γὰρ

1920 1738 1958 1788 ri
1997 1733 2085 1789 vel
2119 1735 2461 1791 indumentis
2495 1735 2579 1790 vel
2609 1735 2715 1791 alia
2750 1734 3006 1805 quapiam
3046 1733 3134 1788 tali
3166 1750 3225 1788 re
3259 1733 3474 1804 indige‘

213 1811 518 1832 τηρ-κ..
604 1811 753 1823 ,κν
1019 1811 1094 1828 ..
1332 1811 1343 1824 .
1675 1811 1754 1824 ..

208 1848 385 1902 ἐλύπει
425 1846 668 1900 τοιοῦτόν
696 1864 750 1900 τι
780 1847 950 1908 πάθος
975 1844 1131 1910 αὐτὸ,
1159 1845 1254 1898 καὶ
1286 1843 1683 1913 σκεπάσματος
1707 1841 1762 1896 ἂι

1919 1835 2063 1881 θυι.»
2104 1825 2489 1882 Consimiliter
2512 1825 2810 1898 Gregorius
2847 1825 2940 1880 ille
2975 1824 3264 1895 theologus
3296 1821 3473 1901 homi-

207 1940 260 2006 ἐξ
294 1939 537 2008 ἀνάγκης
592 1939 686 1991 καὶ
720 1938 1113 2009 προϐλήματος
1134 1935 1373 2004 ξέπιδεὲς
1423 1929 1515 2004 ἦν.
1567 1932 1683 1986 Οὐκ
1712 1931 1761 1985 ἂι

1922 1934 2004 1974 em
2031 1918 2268 1990 primum
2310 1934 2414 1974 nec
2445 1927 2765 1991 tegumenta
2808 1934 2911 1973 nec
2941 1920 3144 1975 vestitu
3177 1917 3476 1988 indiguisse

208 2031 359 2084 αὐτὸν
389 2032 619 2100 πάσχειν
668 2028 823 2101 ᾠήθη
869 2028 1011 2082 κατά
1062 2045 1114 2081 τι
1144 2030 1172 2079 ό
1203 2027 1348 2089 θεῖος
1384 2019 1540 2088 οὗτος
1596 2026 1762 2094 ἀνὴρ,

1921 2009 2034 2064 icit.
2086 2009 2335 2064 Habebat
2386 2010 2533 2066 enim
2587 2024 2813 2080 corpus,
2855 2008 3001 2080 quod
3052 2023 3233 2077 neque
3284 2007 3474 2080 [rigori

207 2118 311 2186 εἴγε
340 2119 436 2171 καὶ
476 2099 693 2187 μᾶλλον
708 2099 809 2188 τὴν
843 2115 1163 2186 παχυτέραν
1204 2114 1385 2183 σάρκα
1429 2115 1527 2166 καὶ
1555 2112 1755 2184 θνητὴν

1922 2113 1985 2154 ec
2041 2100 2198 2155 :estui
2259 2100 2402 2155 foret
2454 2099 2784 2155 obnoxium.
2851 2100 3066 2171 Quippe
3117 2102 3161 2155 si
3203 2099 3476 2170 ejusmodi

209 2211 295 2279 ἀφ’
320 2204 388 2281 ἦς
415 2211 524 2281 ἄρα
555 2212 650 2264 καὶ
676 2211 738 2264 τί)
779 2210 1007 2280 πάσχειν
1039 2211 1200 2279 ἡμῖν,
1250 2210 1310 2261 ἐν
1332 2210 1399 2279 τῇ
1435 2207 1531 2260 τοῦ
1575 2206 1763 2277 δερμα-

1925 2193 2151 2260 uaepiam
2182 2191 2401 2249 aﬂectio
2434 2193 2665 2249 laesisset
2698 2193 2902 2264 ipsum,
2954 2194 3118 2249 etiam
3163 2196 3479 2249 necessario

210 2303 348 2355 τίνου
382 2306 612 2372 χιτῶνος
645 2301 910 2373 περιϐολῇ
943 2301 1034 2355 τὸν
1079 2300 1256 2372 ’Δδὰμ
1309 2300 1640 2355 ἐνδύσασθαι
1669 2299 1764 2352 ἕλε·

1954 2300 1993 2338 [ιι
2040 2294 2357 2356 legumento
2409 2302 2573 2356 quam
2611 2289 2810 2342 vestitu
2860 2287 3203 2358 indiguisset.
3262 2287 3338 2340 De
3367 2300 3508 2365 quo.

212 2407 320 2459 γεν.
359 2383 570 2453 Ἐδειξε
621 2386 730 2457 γὰρ
788 2387 1040 2442 ἐντεῦθεν
1094 2388 1176 2442 ὅτι
1238 2388 1345 2459 πρδ
1381 2387 1480 2456 τῆς
1522 2388 1766 2454 τοιαύτης

1925 2378 2160 2450 Diligitut‘
2195 2381 2444 2453 divinum
2497 2383 2646 2437 hunc
2706 2383 2883 2437 virum
2932 2381 3281 2437 existimasse
3334 2379 3479 2435 nihil

213 2480 500 2552 περιϐολῆς
558 2480 779 2550 ἀπαθὴς
839 2481 868 2533 6
903 2480 1198 2551 ἄνθρωπος
1244 2477 1313 2551 ἦν
1364 2480 1459 2534 ἅτε
1501 2479 1565 2549 δὴ
1602 2478 1767 2548 σάρκα

1925 2473 2115 2527 mnino
2140 2473 2243 2528 tale
2297 2474 2406 2529 ullo
2436 2483 2596 2543 pacto
2633 2490 2834 2545 corpus
2871 2474 3002 2530 illud
3050 2474 3287 2529 hominis
3315 2471 3479 2544 primi

214 2574 541 2644 λεπτοτέραν
574 2572 946 2642 ἐνδεδυμένος,
989 2573 1260 2627 ἀθάνατόν
1293 2589 1353 2624 τε
1415 2573 1509 2625 καὶ
1563 2570 1768 2639 ἄφθαρ-

1921 2580 2209 2636 erpessum
2242 2581 2386 2621 esse.
2451 2568 2563 2621 Imo
2595 2567 2757 2622 tradit
2782 2568 2922 2622 idem
2955 2566 3223 2621 Adamnm
3256 2582 3475 2622 carnem

217 2684 319 2722 τον.
360 2666 502 2719 Ἀλλ’
536 2667 628 2718 ἐπὶ
656 2665 886 2729 ταύταις
937 2667 1061 2725 ταῖς
1118 2664 1297 2730 λέξεσι
1339 2665 1691 2734 χαλεπαίνειν
1722 2664 1771 2716 οἰ

1929 2672 2053 2736 auc,
2084 2657 2417 2713 crassiorem
2470 2669 2525 2713 et
2585 2659 2743 2713 morti
2795 2661 3113 2723 obnoxiam,
3159 2675 3188 2712 a
3224 2674 3329 2728 qua
3361 2659 3478 2728 ipsa

216 2758 334 2826 χρή.
383 2754 542 2807 Κατὰ
565 2752 798 2825 γὰριτδν
826 2754 1268 2826 Χρυσορρἠονα
1313 2754 1568 2823 Ἰωάννην
1605 2753 1770 2823 πάσης

1929 2750 2321 2806 roﬁciscnntur
2380 2752 2698 2821 huiusmodi
2761 2752 3127 2817 adeetiones,
3187 2767 3292 2806 una
3351 2767 3479 2807 cum

218 2844 529 2915 ἀπήλλακτο
559 2845 619 2898 τὸ
646 2844 807 2915 σῶμα
843 2846 1024 2898 ἐκεῖνο
1056 2844 1284 2914 φθορᾶς.
1328 2842 1445 2913 Ἐφ’
1474 2837 1519 2912 ᾧ
1554 2844 1649 2897 καὶ¹
1683 2843 1772 2911 ἄφ-

1927 2843 2097 2899 mictu
2118 2843 2362 2913 pellicem
2393 2843 2591 2899 tunica:
2624 2843 2896 2900 induisse.
2961 2845 3083 2912 Quo
3107 2846 3350 2900 indicare
3382 2860 3480 2902 vo-

222 2938 407 3008 θαρτον
460 2938 591 2992 αὐτὸ
644 2937 871 3001 δικαίως
901 2939 929 2992 6
960 2937 1119 3006 λόγος
1164 2937 1451 2993 ἐκάλεσεν.
1490 2936 1552 2988 EI
1591 2935 1649 2990 δὲ
1679 2937 1776 3005 ἄφ-

1925 2935 1996 2990 uit
2027 2945 2154 2990 ante
2191 2937 2451 2990 amictum
2488 2939 2757 3007 ejusmodi
2795 2938 2966 2992 fuisse
3011 2938 3292 2992 lioininem
3345 2935 3479 2992 alie-

222 3031 426 3102 θσρτον,
465 3031 688 3102 εὔδηλον
724 3033 808 3085 ὅτι
858 3034 956 3085 καὶ
1006 3030 1278 3085 ἀθάνατον
1302 3026 1392 3103 ἦν.
1426 3031 1487 3083 Εἰ
1515 3030 1625 3101 γὰρ
1656 3029 1776 3082 ἐπά·

1931 3029 2139 3084 tionum
2166 3038 2470 3098 expertem,
2520 3030 2692 3101 utqui
2721 3046 2889 3086 carne
2928 3030 3211 3087 subtiliore
3260 3032 3485 3087 humor.

222 3126 402 3189 γεσθαι
436 3122 664 3177 εἰώθασι
698 3126 794 3178 καί
829 3125 975 3178 νόσοι
1008 3122 1105 3177 καὶ⁸
1132 3122 1450 3178 θάναωιλέκ
1479 3141 1538 3177 τε
1567 3123 1776 3176 πλεονε-

1931 3122 1997 3177 ali
2056 3130 2110 3177 et
2164 3122 2573 3193 ineorruptibili
2638 3126 2791 3194 prius
2850 3124 3076 3180 indutus
3127 3134 3294 3180 esset.
3350 3125 3485 3192 Quae

223 3217 333 3282 ξίας
358 3219 451 3272 καὶ
496 3217 788 3287 ἐλλείψεως
817 3218 924 3271 τῶν
956 3218 1242 3288 τεσσάρων
1296 3217 1513 3287 χυμῶν,
1544 3216 1689 3270 καθὰ
1720 3215 1777 3287 δὴ

1931 3228 2056 3271 oces
2083 3214 2344 3271 exhibere
2377 3217 2473 3272 tibi
2518 3218 2780 3274 molestiae
2817 3219 2955 3272 nihil
2999 3218 3220 3283 debent,
3253 3218 3384 3274 Nam
3414 3219 3485 3275 de

225 3311 293 3379 τῷ
320 3311 739 3383 Χρυσορρήμονι
789 3310 957 3377 δοκεῖ,
988 3311 1049 3365 τὸ
1102 3311 1159 3364 δέ
1190 3326 1253 3378 γε
1285 3310 1445 3380 σῶμα
1476 3309 1570 3363 τοῦ
1616 3309 1779 3380 Ἀδάμ

1941 3307 2272 3380 brysostomi
2306 3312 2590 3366 sententia
2621 3326 2823 3382 corpus
2848 3311 2979 3366 illud
3006 3312 3074 3367 ab
3102 3311 3335 3367 interitu
3367 3321 3489 3366 erat

226 3404 280 3456 ἐν
313 3404 549 3475 ἀπαθείᾳ
578 3403 730 3473 διῆγε
762 3403 860 3457 καὶ
888 3401 1156 3466 ὡσαύτως
1188 3399 1336 3474 εἶχεν
1365 3402 1452 3456 ἀεὶ
1505 3402 1650 3476 (οὐδὲ
1679 3400 1780 3473 γὰρ

1932 3417 2184 3468 nmune;
2235 3420 2396 3475 quam
2450 3407 2519 3459 oh
2574 3415 2798 3460 causam
2831 3406 3030 3460 merito
3063 3405 3486 3475 incorruptibile

227 3497 501 3551 ἀλλοίωσιν
537 3497 753 3568 ἐδέχετό
806 3513 931 3550 τινα
964 3495 1372 3567 παραπλησίως
1418 3498 1574 3567 ἡμῖν,
1609 3498 1704 3550 ἆτε
1727 3496 1781 3565 δὲ

1937 3496 2118 3554 icitur.
2152 3500 2359 3567 Quodsi
2379 3506 2495 3554 erat
2513 3497 2946 3569 incorruptibilc,
2965 3498 3187 3568 planum
3214 3509 3299 3554 est
3322 3499 3484 3552 etiam

230 3590 407 3645 πιθών
448 3588 716 3643 παντοίων
771 3589 1077 3659 ὑπέρτερον
1100 3586 1208 3654 ὃν),
1252 3588 1507 3657 φαίνεται
1569 3589 1784 3654 πάντως

1935 3593 2208 3648 nmortale
2240 3593 2428 3647 fuiSse.
2488 3591 2626 3646 Nam
2678 3606 2805 3645 cum
2852 3591 3025 3645 morbi
3069 3599 3236 3661 atque
3281 3603 3489 3645 mortes

231 3682 305 3734 ὅτι
341 3681 436 3736 xa‘t
474 3680 772 3743 ἀθανασίας
804 3680 1021 3751 ὑπῆρχε
1060 3683 1311 3752 μέτοχοι,
1347 3681 1421 3741 ib;
1446 3683 1473 3735 6
1496 3682 1651 3751 λόγος
1690 3682 1785 3754 ἤδη

1937 3699 2011 3738 tm
2063 3700 2131 3738 ex
2163 3683 2501 3739 abundantia
2533 3698 2698 3750 quam
2746 3681 2964 3736 delectu
3004 3689 3242 3751 quatuor
3296 3682 3491 3735 bumo-

230 3773 431 3838 φθάσας
473 3772 771 3841 ἐδήλωσεν.
808 3770 933 3824 Ὅτι
972 3771 1031 3824 δὲ
1076 3772 1327 3839 φυσικῶν
1373 3771 1566 3824 παθῶν
1597 3771 1784 3826 ἀνώτε·

1937 3792 2021 3830 om
2085 3777 2217 3831 oriri
2267 3777 2681 3840 consueverint,
2718 3776 3055 3829 assentiente
3087 3774 3250 3828 nobis
3293 3774 3346 3827 in
3382 3773 3491 3829 hoc

232 3880 318 3930 ρος
341 3867 367 3918 6
400 3863 687 3936 ἄνθρωπος
712 3861 782 3937 ἦν
813 3869 868 3917 ἐν
886 3863 1079 3932 ἐκείνῳ
1104 3866 1181 3933 τῷ
1214 3864 1416 3935 καιρῷ,
1447 3866 1542 3916 καὶ
1574 3865 1602 3916 ὁ
1625 3863 1786 3932 μέγας

1937 3884 2023 3925 nso
2073 3869 2241 3924 etiam
2293 3870 2687 3940 Chrysostmno
2717 3909 2732 3935 ,
2763 3876 2819 3922 et
2869 3882 2997 3922 vero
3038 3882 3238 3938 corpus
3292 3867 3491 3924 Adanti

228 3957 387 4023 ἔδειξε
412 3954 692 4020 Βασίλειος
716 3958 774 4012 ἐν
798 3960 910 4020 τοῖς
934 3959 1257 4025 άσκητικοῖς
1283 3958 1450 4011 αὐτοῦ
1467 3946 1619 4010 κατὰ
1647 3958 1782 4029 ῥῆμα

1938 3975 2100 4030 xpers
2149 3961 2504 4017 ati'cctionum
2555 3959 2763 4024 fuerit,
2814 3959 3006 4015 eodem
3066 3960 3228 4015 modo
3276 3956 3490 4017 scilicet

229 4047 433 4114 διεξιὼν
515 4048 746 4103 οὑτωσί·
808 4066 827 4100 ι
859 4049 1075 4119 Ὠσπερ
1131 4051 1179 4100 εἰ
1232 4044 1376 4120 ἦμεν
1437 4051 1495 4102 ἐν
1552 4049 1631 4120 τῷ
1689 4067 1783 4103 παπ

1944 4052 2164 4108 ﬁcetum
2217 4044 2493 4124 perpetuo’
2546 4052 2682 4122 (non
2750 4053 2900 4106 enim
2982 4053 3348 4109 mutationem
3412 4053 3494 4110 ul-

234 4139 451 4211 ραδείσῳ
476 4140 576 4209 τῆς
613 4138 846 4209 τρυφῆς,
885 4138 986 4190 οὐκ
1024 4137 1091 4192 ἂν
1152 4136 1401 4200 ἐπινοίας
1453 4142 1546 4191 καὶ
1593 4140 1788 4211 μόχθοι

1942 4162 2011 4199 tm
2056 4146 2421 4210 admittebat,
2484 4145 2631 4215 quod
2701 4144 2756 4199 in
2816 4145 2977 4201 nobis
3033 4147 3328 4203 usuvenire
3376 4163 3496 4203 cer-

234 4229 526 4300 γεωργικοῦ
567 4229 1059 4313 ιπροσεδεήθημεν,
1092 4228 1271 4293 οὕτως
1304 4230 1352 4281 εί
1386 4225 1534 4301 ἦμεν
1567 4232 1625 4283 ἐν
1653 4233 1788 4286 ἀποιε

1949 4239 2111 4305 imus,
2169 4246 2426 4307 tanquam
2495 4253 2660 4308 supra
2718 4254 2912 4294 ornues
2972 4238 3290 4296 atiectioues
3343 4243 3495 4309 posi-

232 4322 345 4395 θείᾳ
389 4324 534 4378 κατά
558 4339 624 4392 γε
662 4324 725 4376 τὸ
757 4324 868 4394 πρὸ
904 4322 1000 4376 τοῦ
1035 4323 1493 4393 παραπτώματος
1523 4325 1581 4376 ἐν
1615 4328 1681 4394 τῇ
1707 4326 1773 4396 δη

1944 4329 2093 4400 πω),
2154 4331 2508 4401 perspicuum
2568 4346 2799 4400 prorsus
2869 4340 2953 4385 est
2995 4332 3181 4387 etiam
3217 4334 3498 4405 particeps

238 4416 486 4485 ,ιιουργίᾳ
509 4414 781 4491 χάρισμα,
816 4414 1031 4475 οὐδενὸς
1063 4413 1130 4468 ἂν
1161 4415 1271 4467 τῶν
1298 4415 1358 4479 ἐξ
1388 4416 1640 4486 ἰατρικῆς
1665 4416 1792 4487 πρὸς

1943 4423 2343 4478 inmortalitatis
2414 4424 2623 4489 fuisse,
2687 4425 3148 4493 quemadmodum
3182 4425 3294 4495 jam
3356 4425 3497 4480 inul-

237 4509 580 4578 παραμυθίαν
614 4509 944 4579 ἐχρῄζομεν.
969 4526 988 4559 ι
1021 4508 1197 4579 Εἴπερ
1232 4507 1323 4561 οὖν
1354 4510 1411 4562 ἐν
1442 4512 1509 4580 τῇ
1537 4510 1791 4580 δημιουρ-

1946 4515 2078 4569 oties
2117 4525 2202 4568 est
2243 4514 2584 4580 indicatum;
2624 4522 2680 4569 et
2723 4513 2897 4568 fuisse
2942 4515 3217 4570 hominem
3275 4517 3326 4570 id
3362 4527 3500 4572 tem-

236 4600 328 4672 γίᾳ
355 4604 599 4673 χάρισμα
622 4597 737 4671 εἶχε
767 4601 875 4671 πρὸ
903 4601 999 4654 τοῦ
1030 4602 1485 4672 παραπτώματος
1533 4601 1790 4663 ἀπαθείας

1944 4608 2067 4661 toris
2113 4622 2280 4677 supra
2327 4622 2524 4662 omnes
2580 4607 2905 4663 aﬂectiones
2959 4609 3219 4678 positum,
3268 4625 3498 4681 magnus

237 4694 265 4745 ό
290 4695 588 4765 ἄνθρωπος,
619 4694 737 4758 πῶς
788 4693 1038 4761 εἴπωμεν
1072 4694 1175 4764 οἴῳ
1204 4694 1267 4764 δή
1301 4712 1409 4748 τινι
1443 4695 1661 4766 φυσικῷ
1692 4695 1791 4751 πά-

1942 4698 2003 4753 tIe
2028 4698 2259 4755 Basilius
2288 4699 2342 4753 in
2376 4698 2636 4753 Asceticis
2667 4698 2781 4753 suis
2806 4699 3045 4754 ostendit
3071 4699 3161 4753 ubi
3185 4699 3252 4755 ad
3270 4701 3496 4765 verbum

239 4785 319 4840 θει
357 4788 712 4861 περιπίπτειν
753 4788 917 4843 αὐτὸν
943 4790 1001 4840 ὲν
1030 4787 1107 4859 τῷ
1139 4789 1239 4857 τῆς
1277 4788 1555 4852 ἀπαθείας
1583 4788 1765 4860 καιρῷ

1945 4806 2029 4845 nec
2047 4800 2303 4846 exstant:
2335 4791 2838 4859 «Quemadmodum
2860 4789 2970 4861 95
2998 4791 3040 4845 si
3063 4806 3309 4846 essemus
3327 4791 3378 4845 in
3400 4808 3499 4862 pa-

251 4880 404 4935 Ἀλλὰ
435 4883 533 4936 καὶ
569 4885 598 4936 ό
629 4881 806 4953 μέγας
838 4879 1093 4950 Μάξιμος
1112 4882 1183 4932 τὰ
1214 4879 1365 4949 πάθη
1394 4881 1595 4945 ταῦτα,
1626 4881 1805 4953 λύπην

1944 4883 2098 4938 adiso
2127 4884 2468 4949 deliciarum,
2503 4899 2612 4938 nou
2647 4884 2731 4937 vel
2778 4883 3225 4939 consideratione
3276 4885 3364 4939 vel
3415 4885 3498 4941 Ia—

240 4975 423 5046 ἡδονὴν
468 4974 769 5044 ἐπιθυμίαν
820 4973 919 5027 καὶ
973 4973 1076 5026 ὅσα
1126 4972 1263 5027 ἄλλα
1292 4971 1539 5039 τοιαῦτα,
1566 4974 1687 5045 ἃτῇ
1720 4976 1794 5025 ἀν·

1948 4993 2047 5032 ore
2089 4975 2465 5048 agricultionis
2515 4975 2905 5046 indigeremus,
2938 4975 3013 5030 ita
3058 4976 3101 5029 si
3153 4990 3406 5033 essemus
3444 4978 3502 5033 in

240 5067 483 5142 θρωπῖνη
514 5068 678 5136 φύσει
712 5067 978 5137 πρόσεστι
1013 5070 1283 5138 τήμερον,
1320 5069 1384 5119 ἐκ
1424 5068 1522 5136 τῆς
1552 5068 1662 5120 τῶν
1685 5068 1794 5120 ἀλό

1949 5078 2061 5123 tatu
2093 5070 2447 5122 allectionum
2480 5076 2726 5136 experte,
2761 5066 3060 5121 secundum
3089 5067 3236 5121 illam
3271 5069 3501 5140 gratiam

239 5175 350 5226 γων
393 5162 544 5229 ἔλεγε
579 5161 773 5231 μοίρας
828 5160 920 5211 ἐπὶ
968 5159 1061 5213 τὸν
1112 5158 1405 5229 ἄνθρωπον
1456 5160 1773 5229 εἰσδραμεὶν

1957 5177 2038 5215 ua:
2069 5162 2228 5216 nobis
2258 5170 2379 5215 erat
2411 5168 2538 5213 ante
2572 5160 2786 5227 lapsum
2816 5159 2871 5212 in
2900 5162 3181 5215 creatione
3211 5176 3501 5229 concessa,

243 5252 423 5321 ἐπειδὴ
458 5251 569 5320 γὰρ
604 5248 945 5319 ὁμοιωθῆναι
992 5248 1366 5321 κατεδικάσθη
1418 5253 1535 5314 τοῖς
1559 5251 1797 5318 ἀνοήτοις

1945 5252 2054 5306 nihil
2090 5263 2208 5306 arte
2257 5252 2464 5307 medica
2522 5260 2779 5305 nostrum
2832 5250 2902 5306 ad
2952 5268 3112 5307 usum
3156 5268 3499 5325 egeremus”

242 5346 461 5416 κτήνεσι
506 5344 653 5399 κατὰ
678 5343 913 5410 γένεσιν,
950 5343 1165 5397 ἐκεῖθεν
1206 5343 1268 5406 ἐξ
1313 5343 1564 5414 ἀνάγκης
1600 5347 1698 5398 καὶ
1746 5346 1796 5398 τέ

1955 5345 2124 5410 tuodsi
2169 5360 2301 5416 ergo
2332 5347 2563 5415 gratiam
2622 5343 2765 5398 hanc
2806 5353 2936 5398 ante
2987 5344 3200 5416 lapsum
3243 5347 3297 5402 in
3356 5362 3509 5402 crea-

242 5441 387 5510 πάθη
421 5439 597 5493 ταῦτα
655 5437 789 5508 πρὸς
849 5436 1043 5491 ἑαυτὸν
1095 5437 1472 5490 ἐπεσπάσατο.
1534 5438 1671 5490 Οὐδὲ
1705 5441 1796 5508 γάι

1952 5441 2068 5494 Eone
2134 5438 2335 5513 habuit
2384 5437 2589 5501 homo,
2639 5453 2749 5507 quo
2800 5439 3018 5494 tandem
3098 5454 3195 5494 ore
3257 5439 3506 5496 dicemus

242 5532 670 5605 προηγουμένως
708 5529 1030 5601 συνεκτίσθη
1062 5529 1239 5582 ταῦτα
1270 5529 1348 5600 τῷ
1369 5528 1671 5601 ἀνθρώπῳ,
1714 5549 1796 5586 κα-

1956 5545 2046 5585 um
2081 5531 2174 5585 ulli
2208 5529 2487 5586 aD'cctioni
2524 5529 2759 5584 naturali
2791 5529 3093 5586 obnoxium
3140 5533 3191 5584 id
3247 5531 3508 5602 temporis

241 5626 343 5689 θὼς
362 5628 390 5680 6
413 5625 557 5686 θεῖός
586 5615 741 5683 οὗτος
772 5621 911 5691 ἀνὴρ
942 5621 999 5673 ἐν
1039 5622 1153 5683 τοῖς
1179 5620 1320 5691 πρὸς
1360 5620 1673 5675 Θαλάσσιον
1701 5622 1795 5677 ἕλει

1954 5625 2114 5689 uisse,
2171 5636 2299 5676 cum
2370 5636 2603 5691 prorsus
2659 5636 2861 5690 expers
2910 5622 3265 5678 aﬂectiouum
3324 5621 3508 5678 foret?

241 5737 359 5786 γεν,
387 5719 479 5772 διὰ
501 5717 559 5770 δὲ
584 5717 684 5786 τὴν
719 5717 815 5784 τῆς
844 5713 1188 5782 τελειότητος
1207 5712 1490 5767 ἔκπτωσιν
1516 5714 1795 5783 amicam;

2018 5733 2050 5769 ιι
2080 5720 2244 5770 etiam
2276 5729 2507 5785 magnus
2543 5714 2632 5768 ille
2667 5713 2934 5769 Maximus
2971 5714 3293 5770 aﬂ‘ectiones
3318 5716 3506 5781 basce,

242 5812 323 5879 τῷ
357 5807 690 5874 ὰλογωτέρῳ
743 5805 900 5875 μέρει
954 5804 1310 5874 προσφυέντα
1342 5804 1442 5875 τῆς
1475 5804 1720 5873 φύσεως.
1753 5810 1789 5862 Ε

1990 5811 2264 5880 acstitiam,
2309 5808 2668 5881 voluptatem,
2700 5810 3003 5882 appetitum
3056 5810 3300 5877 aliasque
3354 5810 3544 5879 tales,

569 5903 837 5960 Ρηηυι..
885 5903 997 5961 Gn.
1042 5899 1299 5966 CLVIII.

3136 5907 3166 5966 7
