3936 6486
459 332 565 411 195

1744 335 2163 396 MlCllAELIS
2203 337 2464 397 GLYCIE

3575 344 3659 406 1'6

451 468 574 521 qua:
606 450 768 506 hodie
797 449 1260 508 insunt'humana:
1290 459 1526 516 naturai,
1561 450 1629 506 de
1654 461 1801 507 sorte
1831 454 1989 508 bruto

2095 500 2099 517 ι
2129 456 2185 507 δὲ
2215 455 2386 509 ταῦτα
2425 456 2594 518 οὕτως
2632 456 2768 526 ἔχει,
2809 457 2923 519 πῶς
2979 456 3223 527 εἴπωμεν
3251 459 3306 511 ὲν
3339 459 3468 529 αὐτῇ
3494 463 3555 529 τῇ
3583 478 3657 513 τε·

450 559 572 598 rum
607 546 657 598 in
687 543 959 598 hominem
992 543 1279 597 translatas
1299 557 1422 597 esse
1461 542 1617 597 dicit.
1664 543 2020 613 Posteaquam

450 633 597 686 enim
631 631 1029 687 condemnatus
1077 642 1183 695 est,
1242 640 1298 685 ut
1354 640 1477 685 ortu
1527 630 1707 685 brutis
1749 633 2013 701 jumentis

2130 546 2370 615 λειότητι
2402 548 2635 615 πάσχειν
2683 547 2821 610 ὅλως
2853 547 2945 600 τὸν
2988 549 3207 618 πρῶτον
3245 550 3445 602 ἐκεῖνον
3476 551 3661 618 ἄνθρω-

2123 652 2223 688 πον
2245 653 2258 701 ;

449 725 751 782 consimilis
802 727 893 794 sit,
941 726 1260 781 necessario
1299 739 1519 793 quoque
1555 724 1694 780 tales
1773 726 2095 784 allectiones
2134 730 2260 784 inde
2292 741 2485 785 nactus
2517 740 2619 788 est.
2672 731 2792 788 Non
2829 733 2972 788 enim
3005 733 3107 787 illa;
3131 732 3284 802 prius
3315 742 3463 787 erant
3492 732 3542 786 in
3564 733 3660 797 .ho-

447 823 593 876 mine
663 822 916 887 conditae,
968 821 1429 892 quemadmodum
1483 819 1705 876 divinus
1771 821 1863 876 hic
1908 824 1992 876 vir
2027 825 2081 878 in
2124 825 2189 879 iis
2220 841 2341 896 quae
2374 827 2439 880 ad
2469 826 2816 883 Thalassium
2850 828 3070 897 scripsit
3102 827 3301 896 inquit,
3333 827 3423 881 sed
3460 837 3663 895 propter

444 913 791 966 amissionem
826 912 1178 982 perfectionis
1200 911 1387 965 furtim
1414 911 1561 966 velut
1585 911 1844 982 ingressae
1865 921 2014 975 sunt,
2055 915 2193 983 parti
2224 924 2434 971 natura:
2498 927 2706 973 nostrae
2775 917 2947 988 magis
2994 917 3275 985 aliquanto
3304 917 3470 971 bruta;
3503 916 3663 970 adhae-

447 1016 741 1063 rescentes.
774 1005 904 1071 Quae
933 1021 1056 1061 cum
1098 1007 1171 1060 ita
1242 1006 1371 1070 sint,
1420 1006 1514 1076 qui
1557 1006 1808 1079 dicemus
1852 1006 1907 1062 in
1981 1008 2094 1079 ipsa
2134 1010 2474 1081 perfectione
2524 1012 2763 1082 primum
2823 1013 2974 1068 illum
3032 1012 3308 1067 hominem
3379 1009 3662 1081 hujnsmodi

440 1100 736 1171 quidquam
773 1114 1093 1169 perpessum
1123 1114 1177 1153 es
1188 1098 1281 1153 se?

504 1293 852 1361 Quapropter
886 1289 1077 1344 multis
1114 1288 1228 1366 jam
1277 1287 1713 1344 demonstratum
1767 1296 1853 1345 est
1883 1298 2012 1345 ante

437 1382 926 1451 transgressionem
977 1379 1110 1435 nulli
1162 1395 1389 1450 prorsus
1445 1380 1725 1437 alleclioni
1776 1385 2009 1439 naturali

438 1475 712 1531 hominem
761 1470 1059 1527 obnoxium
1100 1470 1270 1526 fuisse
1296 1510 1312 1536 ,
1345 1481 1405 1527 ut
1447 1474 1539 1542 qui
1587 1489 1862 1530 concessa
1912 1491 2013 1546 per

434 1568 663 1638 gratiam
713 1565 1134 1621 immortalitatis
1168 1564 1396 1620 minime
1426 1562 1595 1620 fuerit
1637 1581 1857 1636 expers.
1890 1567 2011 1634 Quo

433 1662 615 1730 posito
652 1658 745 1729 qui
797 1656 909 1728 pati
946 1657 1029 1711 vel
1077 1655 1221 1711 afﬁci
1268 1657 1485 1727 potuit?
1534 1656 1669 1712 Nam
1718 1659 1765 1714 si
1816 1674 2010 1728 passus

432 1761 536 1813 est,
569 1751 733 1804 etiam
773 1748 1086 1803 necessario
1133 1757 1387 1802 naturam
1430 1749 1716 1804 mortalem
1752 1766 1817 1805 ac
1869 1752 2012 1807 inte-

432 1839 562 1894 ritui
587 1839 879 1893 obnoxiam
914 1836 1171 1892 habebat.
1203 1836 1496 1893 Enimvero
1537 1855 1608 1894 ne
1636 1840 1740 1895 hac
1774 1840 1830 1894 in
1858 1850 2011 1911 parte

430 1929 510 1984 sic
554 1927 875 1992 sentiamus,
924 1943 1033 1982 non
1080 1926 1243 1982 modo
1276 1938 1593 1984 sanctorum
1650 1930 1929 1985 hominum
1977 1948 2004 1985 a

428 2019 591 2075 nobis
620 2018 981 2073 iudicatorum
1015 2028 1192 2074 cretus
1223 2027 1391 2085 vetat,
1433 2021 1530 2075 sed
1564 2021 1728 2076 etiam
1765 2022 2004 2093 synodus

429 2112 517 2166 illa
546 2125 668 2178 qua:
694 2107 1024 2179 Carthagine
1053 2111 1332 2164 convenit.
1364 2111 1492 2181 Ejus
1519 2113 1665 2166 enim
1696 2113 1812 2168 haec
1839 2116 2001 2171 verba

428 2214 578 2268 sunt,
614 2218 825 2258 canone
870 2202 1011 2257 109:
1054 2218 1074 2251 ι
1110 2200 1167 2254 Si
1202 2200 1327 2270 quis
1353 2200 1487 2256 dicit
1516 2202 1788 2257 Adamum
1819 2218 1850 2257 a
1887 2204 2000 2260 Deo

428 2295 709 2349 conditum
744 2306 868 2347 esse
912 2289 1198 2344 mortalem
1245 2304 1310 2342 ac
1378 2305 1489 2344 non
1538 2299 1665 2360 post
1717 2303 1999 2361 peccatum

430 2388 738 2457 prolapsum
784 2398 906 2439 esse
947 2386 1003 2437 ln
1052 2382 1357 2448 interitum,
1399 2382 1755 2438 exsecrabilis
1795 2394 1935 2440 esto.
1976 2406 1995 2439 ι

426 2482 548 2546 Quo
596 2478 654 2532 ﬁt
698 2484 760 2531 ut
811 2474 1036 2530 minime
1085 2473 1219 2527 mihi
1269 2474 1356 2528 vel
1400 2475 1698 2531 convenire
1738 2478 1821 2530 vel
1851 2478 1999 2546 pium

424 2588 546 2629 esse
595 2571 847 2626 videatur
897 2570 962 2623 ad
1014 2568 1424 2624 convellendum
1467 2569 1607 2623 hanc
1669 2573 1995 2627 sententiam

421 2667 665 2738 Gregorii
691 2664 924 2734 theologi
950 2663 1110 2717 verba
1141 2662 1461 2731 producere.
1501 2664 1818 2735 Quanquam
1845 2668 1992 2722 enim

423 2757 471 2815 is
505 2760 689 2814 dicere
724 2758 941 2811 videtur
978 2755 1254 2810 hominem
1291 2754 1443 2809 illum
1476 2756 1780 2828 principem
1827 2759 1993 2815 fuisse

423 2864 696 2908 terrenum
724 2866 972 2921 corpore,
988 2849 1262 2905 cmlestem
1280 2849 1486 2913 animo,
1505 2850 1770 2904 caducmn
1793 2853 1906 2921 pari
1934 2869 1996 2906 er

420 2956 476 2999 et
519 2945 904 3005 immortalem,
934 2943 1323 3012 aspectabilem
1354 2951 1410 2996 et
1451 2943 1848 3007 intellectilem,
1880 2960 1993 2999 me-

423 3037 574 3093 dium
616 3038 766 3091 inter
792 3033 1227 3106 magnitudinem
1254 3043 1311 3088 et
1330 3033 1717 3097 humilitatem,
1737 3037 1991 3091 eumdem

419 3140 527 3182 tam
555 3127 813 3196 spiritum
845 3141 1009 3196 quam
1058 3139 1304 3188 carnem,
1335 3125 1587 3192 spiritum
1621 3134 1846 3196 propter
1874 3143 1995 3198 gra.

421 3217 573 3282 tiam,
602 3229 827 3270 carnem
874 3214 946 3268 ob
977 3213 1318 3282 superbiam,
1356 3212 1490 3266 illud
1523 3214 1746 3283 quidem
1780 3225 1839 3269 ut
1873 3231 1990 3269 ma-

2183 1291 2464 1346 Δέδεικται
2500 1286 2593 1346 οὖν
2625 1292 2689 1345 έκ
2728 1291 2942 1346 πολλῶν
2994 1291 3078 1346 ὅτι
3134 1292 3242 1362 πρὸ
3291 1290 3390 1360 τῆς
3428 1291 3661 1358 παρασά-

2112 1398 2249 1444 σεως
2268 1382 2364 1452 οἴῳ
2385 1382 2448 1451 δή
2479 1399 2589 1434 τινι
2622 1382 2838 1452 φύσικῷ
2878 1383 2975 1451 οὐχ
3017 1381 3279 1435 ὑπέκειτο
3328 1382 3487 1434 πάθει
3517 1384 3541 1433 ὁ
3569 1381 3655 1435 άν-

2110 1475 2351 1544 θρωπος,
2389 1474 2486 1528 ἅτε
2538 1474 2602 1542 δὴ
2662 1475 2765 1541 τῆς
2809 1473 2956 1528 κατά
3016 1474 3177 1544 χάριν
3234 1472 3528 1536 ἀθανασίας
3571 1474 3660 1525 οὑκ

2113 1570 2381 1640 ἀμοιρῶν.
2419 1571 2482 1622 El
2523 1570 2580 1622 δὲ
2626 1568 2807 1632 τοῦτο,
2864 1568 2979 1632 πῶς
3014 1567 3289 1640 ἔπασχενς
3320 1568 3367 1621 εἰ
3402 1566 3505 1637 γὰρ
3544 1566 3661 1618 ἑπα-

2111 1680 2257 1731 σχεν,
2293 1664 2390 1715 καὶ
2436 1663 2636 1733 θνητῆς
2683 1663 2771 1715 ἂν·
2799 1661 2856 1728 ἐξ
2907 1662 3154 1731 ἀνάγκης
3218 1662 3435 1727 φύσεως
3482 1656 3548 1728 ἦν
3575 1661 3659 1711 καὶ

2108 1753 2377 1824 φθαρτῆς.
2436 1754 2579 1807 Ἀλλ’
2620 1755 2772 1825 ἡμᾶς
2835 1754 2981 1807 οὕτω
3046 1757 3268 1822 φρονεῖν
3324 1754 3418 1806 ἐπὶ
3463 1754 3657 1812 τούτοις

2108 1846 2309 1900 κωλύει
2364 1846 2464 1915 μὲν
2518 1845 2611 1899 καὶ
2642 1849 2670 1900 ὁ
2698 1846 2808 1900 τῶν
2849 1845 3260 1915 διαληφθέντων
3282 1846 3454 1913 ἁγίων
3489 1843 3654 1915 χορὸς,

2111 1938 2311 1991 κωλύει
2361 1938 2417 1991 δὲ
2451 1938 2613 1991 πλέον
2656 1938 2751 1991 καὶ
2778 1940 2810 2009 ἡ
2842 1939 2899 1990 ὲν
2935 1937 3263 2009 Καρθαγένῃ
3306 1939 3543 1990 συστᾶσα
3574 1936 3658 1988 σύ-

2110 2029 2258 2092 νοδος
2312 2032 2369 2081 ὲν
2430 2029 2705 2096 ἑκατοστῷ
2741 2029 2948 2099 έννάτῳ
2976 2030 3163 2081 κανόνι
3198 2029 3368 2095 αὐτῆς
3408 2028 3544 2079 οὕτω
3583 2027 3659 2078 λέ-

2106 2138 2276 2189 γουσα
2300 2136 2315 2152 ο
2355 2139 2373 2171 ι
2401 2121 2467 2173 Et
2497 2137 2582 2182 τις
2622 2119 2774 2186 λέγει
2805 2119 2896 2172 τὸν
2934 2120 3104 2188 Ἀδὰμ
3154 2120 3344 2186 θνητὸν
3370 2116 3655 2183 πλασθῆναι

2106 2215 2257 2283 παρά
2286 2212 2422 2266 Θεοῦ
2471 2213 2566 2266 καὶ
2618 2213 2694 2283 μὴ
2746 2211 2885 2281 μετά
2944 2211 3045 2282 τὴν
3076 2212 3353 2283 ἁμαρτίαν
3387 2209 3554 2263 ἐλθεῖν
3585 2209 3655 2269 sl;

2106 2303 2336 2374 φθορὰν,
2371 2304 2485 2372 ἦτω
2517 2304 2787 2372 ἀνάθεμα.
2817 2318 2836 2347 ι
2888 2302 3071 2374 Ταύτῃ
3120 2320 3206 2357 τοι
3252 2304 3347 2357 καὶ
3395 2301 3655 2373 παράγειν

2103 2395 2339 2450 ἐνταῦθα
2369 2396 2461 2449 τὸν
2499 2393 2746 2463 θεολόγον
2768 2393 3069 2466 Γρηγὸριον
3096 2393 3197 2448 οὐκ
3229 2392 3500 2464 εὐπρεπὲς
3533 2391 3654 2462 ἡμῖν

2101 2489 2221 2544 οὐδὲ
2250 2489 2397 2542 ὅσιον
2447 2488 2673 2558 ἥγηται.
2705 2487 2769 2540 El
2802 2487 2911 2555 γὰρ
2936 2486 3029 2538 καὶ
3057 2484 3241 2551 λέγειν
3274 2483 3419 2537 ἔοικε
3449 2481 3538 2534 τὸν
3568 2481 3652 2533 ἀπ’

2101 2583 2276 2651 ἀρχῆς
2320 2579 2609 2651 ἄνθρωπον
2659 2579 2905 2646 ἐπίγειον
2934 2573 3075 2631 εἶναι
3107 2577 3169 2630 τὸ
3197 2577 3358 2646 σῶμα
3384 2575 3475 2628 καὶ
3508 2572 3655 2640 οὐρά-

2101 2690 2212 2725 νιον
2255 2671 2353 2743 τὴν
2404 2671 2599 2743 ψυχὴν,
2627 2672 2962 2740 πρόσκαιρον
2997 2669 3203 2740 ὁμοίως
3238 2668 3333 2722 καὶ
3381 2654 3677 2726 ἀθάνατον(

2099 2764 2297 2836 ὁρατὸν
2347 2764 2444 2816 καὶ
2490 2760 2805 2831 νοούμενον,
2841 2762 3009 2831 μέσον
3060 2760 3329 2832 μεγέθους
3357 2760 3447 2812 καὶ
3480 2773 3654 2810 ταπει-

2098 2857 2337 2926 νότητος,
2372 2852 2589 2923 πνεῦμα
2622 2853 2717 2907 καὶ
2767 2851 2942 2919 σάρκα
2979 2851 3070 2903 τὸν
3118 2851 3306 2918 αὐτὸν,
3351 2850 3412 2904 τὸ
3456 2850 3549 2919 μὲν
3578 2847 3653 2899 ἴνα

2100 2945 2237 3017 μένῃ
2266 2945 2357 2997 καὶ
2385 2942 2581 3013 δοξάζῃ
2606 2946 2696 2995 τὸν
2719 2942 3036 3012 εὐεργέτην,
3068 2942 3128 2994 τὸ
3157 2941 3216 2994 δὲ
3250 2941 3339 2994 ἵνα
3366 2941 3545 3009 πάσχῃ
3568 2937 3652 2988 καὶ

2097 3037 2321 3106 πάσχων
2357 3034 2849 3105 ὑπομιμνήσκηται
2898 3035 2993 3086 καὶ
3025 3032 3352 3102 παιδεύηται
3387 3031 3462 3100 τῷ
3492 3028 3641 3100 μεγέ-

2094 3127 2178 3180 θει
2216 3124 2690 3195 φιλοτιμούμενος,
2727 3121 2841 3175 ἀλλ’
2882 3123 2980 3192 οὐχ
3011 3122 3156 3176 οὕτω
3203 3122 3353 3176 δοκεῖ
3376 3123 3502 3188 περὶ
3540 3116 3650 3170 τού·

2092 3236 2185 3273 του
2237 3219 2333 3272 καὶ
2384 3220 2541 3289 ἡμῖν,
2579 3217 2661 3269 ὅτι
2713 3215 2849 3286 μηδὲ
2898 3216 2966 3268 τά
3014 3215 3133 3268 θεῖα
3184 3214 3359 3268 ταῦτα
3391 3211 3528 3283 ῥητά
3558 3207 3648 3261 τοῦ

418 3316 546 3361 neat
590 3322 863 3375 suumque
893 3305 1300 3359 benefactorem
1329 3304 1588 3371 celebret,
1625 3306 1728 3360 hoc
1765 3321 1894 3361 vero
1928 3315 1987 3361 ut

2095 3311 2310 3381 πρώτου
2364 3313 2525 3381 χάριν
2571 3308 2859 3380 ἀνθρώπου
2897 3307 3151 3378 λελέχθαι
3186 3307 3500 3377 νομίζομεν.
3536 3300 3648 3361 Πῶς

419 3399 653 3469 patiatur
677 3412 741 3450 ac
769 3396 980 3466 patiens
1013 3395 1396 3449 commonellat
1420 3405 1750 3468 propterque
1775 3388 1985 3468 magni-

418 3489 666 3545 tudinem
696 3494 1015 3556 arroganter
1039 3486 1143 3541 sibi
1188 3486 1410 3555 plaeens
1440 3487 1741 3557 castigetur
1769 3504 1831 3542 ac
1856 3504 1984 3543 cru--

414 3584 616 3647 diatur,
650 3595 762 3634 non
799 3590 980 3633 tamen
1016 3578 1088 3632 ita
1127 3592 1229 3632 nos
1262 3580 1610 3633 statuendum
1640 3595 1762 3635 esse
1789 3595 1986 3636 cense-

416 3689 559 3744 mus,
581 3670 801 3744 quando
829 3671 1010 3726 divina
1043 3669 1191 3725 ista-c
1222 3669 1380 3724 verba
1412 3687 1751 3741 nequaquam
1783 3672 1984 3728 debere

415 3767 648 3837 primum
674 3764 741 3819 ad
769 3763 1045 3818 hominem
1074 3762 1265 3818 referri
1294 3762 1690 3818 existimamus.
1707 3762 1809 3830 Qui
1837 3766 1982 3819 enim

415 3864 517 3915 hoc
547 3858 864 3926 faciamus?
892 3873 1014 3911 cum
1049 3856 1360 3928 theologum
1408 3856 1584 3925 ipsum
1635 3857 1761 3931 alibi
1793 3858 1983 3913 audia—

414 3967 534 4005 mus
571 3950 637 4005 ad
671 3949 899 4004 verbum
933 3948 1003 4001 ita
1045 3948 1393 4016 loquentem:
1426 3945 1537 4017 96
1572 3964 1591 3998 ι
1630 3947 1984 4018 Quandoqui-

410 4044 533 4096 dem
585 4040 656 4094 ob
690 4038 948 4092 invidiam
998 4038 1192 4092 diaboli
1241 4053 1386 4091 mors
1427 4039 1671 4107 ingressa
1707 4048 1790 4093 est
1825 4056 1985 4091 mun-

410 4136 540 4188 dum
570 4130 955 4198 hominemque
977 4129 1099 4183 dolo
1128 4130 1577 4199 circumscripsit,
1606 4129 1810 4186 idcirco
1838 4130 1982 4188 Dens

415 4228 578 4278 homo
625 4221 800 4276 lactus
831 4221 1081 4287 passione
1116 4229 1301 4273 nostra
1332 4230 1563 4273 vexatur
1591 4230 1645 4275 et
1675 4220 1929 4277 afﬁcitur.
1958 4243 1977 4275 ι

412 4318 544 4385 Qua:
585 4329 715 4372 sane
747 4318 912 4368 verba
975 4312 1307 4366 considerari
1368 4322 1575 4366 attente
1621 4315 1805 4381 cupio.
1848 4313 1980 4368 Nam

406 4414 452 4465 si
505 4424 689 4473 mors,
752 4407 828 4461 uti
904 4413 1090 4458 noster
1172 4403 1261 4458 hic
1335 4401 1637 4473 Tlieologus
1720 4404 1980 4474 loquitur,

412 4508 685 4555 hominem
763 4495 888 4552 dolo
963 4492 1395 4562 circumscripsit
1464 4502 1627 4562 atque
1694 4495 1976 4565 surripuit,

396 4590 637 4645 ‘omnino
692 4594 840 4657 patet
868 4583 1213 4638 existimasse
1275 4583 1520 4636 divinum
1572 4584 1718 4637 hunc
1792 4583 1969 4639 virum

2089 3404 2218 3471 γὰρ,
2253 3402 2367 3470 εῐγε
2402 3403 2498 3455 καὶ
2537 3400 2738 3471 μᾶλλον
2771 3397 2937 3453 αὐτοῦ
2968 3398 3060 3451 τοῦ
3095 3396 3355 3466 θεολόγου
3408 3395 3644 3463 λέγοντος

2088 3495 2323 3566 ἀλλαχοῦ
2400 3495 2542 3548 κατά
2632 3493 2780 3560 λέξιν
2837 3490 3013 3551 οὕτως
3059 3492 3413 3561 ἠκούσαμεν·
3496 3482 3647 3539 «ἐπεὶ

2087 3589 2140 3641 δὲ
2179 3587 2356 3656 φθόνῳ
2384 3586 2479 3639 τοῦ
2515 3585 2764 3638 διαϐόλου
2805 3583 3034 3645 θάνατος
3080 3584 3160 3646 εἰς
3209 3582 3303 3636 τὸν
3351 3580 3551 3650 κόσμον
3576 3576 3647 3630 ει-

2088 3675 2252 3743 σῆλθε
2302 3675 2395 3727 καὶ
2448 3673 2636 3743 ὑφεῖλε
2679 3673 2767 3726 διά
2812 3672 2911 3741 τῆς
2954 3671 3174 3742 ἀπάτης
3205 3671 3301 3725 τὸν
3349 3672 3643 3740 ἄνθρωπον,

2087 3766 2175 3818 διὰ
2213 3765 2374 3818 τοῦτο
2418 3765 2494 3833 τῷ
2543 3764 2796 3835 ἡμετέρῳ
2835 3764 2998 3816 πάθει
3044 3763 3179 3826 Θεὸς
3227 3763 3520 3832 γενόμενος
3564 3758 3647 3812 dv-

2087 3858 2332 3926 θρωπος.
2360 3876 2378 3907 ι
2433 3856 2595 3909 Ἀλλὰ
2646 3857 2935 3925 προσέχειν
2966 3856 3200 3908 ἐνταῦθα
3234 3853 3556 3926 παρακαλῶ.
3589 3853 3642 3902 illi

2085 3946 2194 4012 γάρ
2242 3940 2426 4010 ὑφείλε
2462 3943 2552 3993 τὸν
2596 3939 2901 4008 ἄνθρωπον,
2928 3939 3005 4002 ὡς
3037 3939 3351 4011 ὸΘεολόγος
3388 3940 3537 4010 φησὶ,
3567 3937 3646 3988 Eii

2084 4036 2181 4103 τῆς
2215 4037 2431 4101 ἀπάτης
2486 4034 2513 4083 ό
2556 4031 2805 4095 θάνατος,
2838 4030 3087 4099 φαίνεται
3143 4033 3366 4090 πάντως
3420 4032 3502 4084 ὅτι
3550 4027 3649 4098 πρὸ

2083 4127 2185 4194 τῆς
2208 4126 2423 4194 ἀπάτης
2451 4124 2717 4178 ἀθάνατον
2739 4120 2853 4193 εἶχε
2883 4128 3022 4176 κατά
3050 4124 3111 4178 τὸ
3137 4125 3301 4192 σῶμα
3334 4123 3426 4175 τὸν
3447 4122 3645 4189 ἄνθρωο

2089 4232 2185 4268 πον
2211 4217 2236 4266 ὁ
2268 4213 2410 4277 θεῖος
2443 4209 2599 4277 οὗτος
2648 4214 2810 4283 ἀνήρ.
2841 4213 2907 4265 El
2963 4212 3021 4265 δὲ
3068 4212 3249 4279 τοῦτο,
3280 4214 3399 4275 πῶς
3434 4213 3643 4278 ἔλεγεν·

2090 4326 2109 4359 ι
2138 4307 2256 4360 Ἵνα
2279 4308 2463 4379 πάσχῃ
2498 4310 2591 4359 καὶ
2618 4309 2843 4376 πάσχων
2881 4306 3377 4376 ὑπομιμνήσκηται
3412 4307 3503 4357 καὶ
3533 4319 3648 4355 παι-

2082 4398 2338 4468 δεύηταη
2372 4416 2391 4449 ι
2431 4400 2504 4450 Τὸ
2534 4398 2642 4467 γάρ
2675 4398 2944 4451 ἀθάνατον
2968 4399 3064 4465 οἴῳ
3095 4399 3159 4468 δή
3190 4414 3304 4450 τινι
3333 4398 3515 4466 τρόπῳ
3549 4392 3645 4446 πά-

2084 4505 2236 4559 σχειν
2259 4489 2320 4541 ού
2347 4489 2581 4556 πέφυκε.
2618 4488 2726 4540 Καὶ
2751 4488 2804 4540 τί
2833 4488 2936 4556 χρὴ
2979 4487 3144 4540 πολλά
3170 4486 3393 4555 λέγειν;
3428 4488 3537 4553 εἴγε
3561 4484 3648 4536 καὶ

2083 4582 2314 4634 πάθεσιν
2353 4582 2637 4633 ὐπέκνπτε
2675 4580 2783 4648 πρὸ
2816 4581 2917 4648 τῆς
2949 4577 3233 4649 ἁμαρτιας
3274 4581 3302 4630 ὀ
3345 4578 3642 4647 ἀνθρωποε,

409 4689 538 4735 ante
594 4676 842 4733 fraudem
897 4674 1044 4728 illam
1100 4672 1351 4742 corporis
1392 4674 1554 4727 etiam
1602 4676 1813 4730 ratione
1875 4682 1973 4729 ho—

2095 4676 2179 4728 m".
2229 4672 2453 4743 ρευστὸς
2498 4672 2556 4738 ἐξ
2610 4645 3082 4741 ἀνάγκης-ἦν”εξ⁷
3127 4669 3184 4723 δὲ
3236 4645 3461 4740 psunt;
3511 4665 3645 4718 ἐκεῖ·

411 4775 613 4829 minem
690 4766 1053 4825 immortalem
1105 4765 1299 4819 fuisse.
1349 4764 1554 4829 Quodsi
1600 4766 1813 4829 demus,
1869 4782 1978 4837 quo

412 4865 630 4922 tandem
693 4870 851 4932 pacto
914 4857 1090 4913 dixit:
1133 4873 1152 4907 ι
1194 4853 1267 4910 Ut
1323 4856 1580 4926 patiatur,
1634 4868 1692 4913 et
1756 4860 1974 4929 patiens

409 4957 810 5017 eonnnoneliat,
831 4960 1159 5021 propterque
1191 4950 1620 5019 magnitudinem
1655 4962 1974 5022 arroganter

405 5051 505 5105 sibi
539 5049 759 5118 placens
778 5046 1074 5112 castigetur
1107 5054 1171 5094 ac
1204 5040 1565 5094 erudiatur?»
1591 5041 1802 5112 Quippe
1827 5046 1970 5113 quod

403 5155 487 5198 est
534 5138 867 5202 immortale,
904 5148 1248 5203 nequaquam
1278 5134 1356 5186 sic
1391 5143 1764 5203 comparatum
1798 5147 1884 5191 est
1915 5149 1974 5192 ut

404 5237 513 5290 ullo
543 5233 704 5287 modo
730 5227 841 5298 pati
874 5225 1069 5293 possit.
1092 5224 1233 5289 Quid
1264 5224 1450 5278 multis
1473 5227 1648 5279 verbis
1682 5243 1819 5296 opus
1848 5230 1972 5283 est?

404 5330 446 5382 si
482 5321 830 5395 passionibus
863 5321 1025 5372 homo
1058 5316 1157 5369 l‘nit
1186 5325 1313 5370 ante
1355 5327 1644 5386 peccatum
1675 5319 1970 5387 obnoxius,

403 5417 567 5471 etiam
609 5408 921 5466 necessario
960 5406 1209 5476 sequitur
1261 5422 1388 5461 eum
1436 5408 1605 5464 fuisse
1654 5409 1861 5465 ﬂuxum
1918 5421 1975 5466 et

403 5509 707 5568 caducum;
730 5501 776 5555 si
812 5499 992 5554 ﬂuxus
1021 5508 1159 5565 erat,
1184 5501 1473 5570 perspicue
1504 5510 1653 5572 patet
1681 5503 1968 5559 mortalem

404 5611 623 5669 quoque
660 5594 868 5655 fuisse;
909 5590 953 5645 si
1004 5601 1120 5644 erat
1169 5590 1415 5646 mortalis
1454 5591 1523 5647 ab
1567 5592 1748 5659 initio,
1803 5600 1973 5648 restat

404 5688 683 5744 interitum
728 5693 890 5751 atque
923 5694 1150 5737 mortem
1182 5699 1248 5737 cx
1292 5683 1662 5739 inobedientia
1700 5700 1809 5738 non
1848 5699 1973 5740 esse

402 5788 602 5836 ortam.
650 5775 704 5827 ιιι
741 5790 885 5841 vero,
942 5790 1059 5827 mea
1088 5778 1304 5845 quidem
1356 5775 1635 5845 opinione,
1689 5792 1852 5830 nemo
1885 5791 1974 5829 ra-

2085 4782 2195 4830 νος,
2219 4763 2443 4834 εὔδηλον
2470 4763 2549 4816 ὅτι
2578 4763 2672 4814 καὶ
2694 4762 2906 4830 θνητός.
2939 4760 3000 4813 Εἰ
3029 4761 3085 4813 δὲ
3133 4760 3333 4829 θνητὸς
3356 4759 3453 4813 ἀπ’
3478 4754 3644 4828 ἀρχῆς

2082 4851 2172 4926 ἦν,
2201 4856 2263 4907 ού
2292 4856 2380 4908 διὰ
2416 4852 2706 4922 παρακοῆς
2735 4853 2921 4905 λοιπὸν
2943 4853 2978 4922 ἦ
3010 4869 3067 4904 τε
3103 4850 3285 4921 φθορὰ
3317 4854 3411 4905 καὶ
3442 4851 3471 4902 6
3491 4850 3644 4901 eam.

2084 4967 2194 5011 τοι.
2242 4947 2381 5000 Ἀλλ’
2416 4950 2516 5000 οὐκ
2543 4947 2629 5011 ἂν,
2674 4945 2747 5008 ὡς
2775 4940 2953 5015 οἶμαι,
2985 4944 3145 4997 τοῦτο
3173 4950 3324 4996 ειποι
3365 4961 3449 5006 τις
3507 4942 3645 5006 λογι-

2091 5043 2229 5113 σμοῦ
2260 5041 2448 5111 κύριος
2487 5039 2582 5094 ὢν.
2614 5039 2734 5102 Πῶς
2762 5040 2893 5106 γὰρ,
2916 5037 3031 5106 εἴγε
3059 5040 3152 5090 καὶ
3178 5039 3485 5105 ἁναθέματι
3522 5033 3640 5091 τοὺς

2077 5134 2220 5187 οὕτω
2246 5132 2597 5204 φρονοῦντας
2618 5134 2651 5201 ἡ
2684 5130 3046 5198 διαληφθεῖσα
3076 5129 3487 5183 καθυποόάλλει
3512 5122 3637 5192 ἁγία»

2081 5224 2320 5287 σύνοδος;
2346 5224 2559 5285 Ἀλλως
2581 5237 2639 5273 τε
2670 5223 2720 5273 ει
2749 5222 3088 5290 πρόσκαιρον
3113 5216 3255 5273 εἶναι
3288 5223 3394 5287 πρὸ
3419 5220 3514 5286 τῆς
3545 5231 3641 5263 πσ-

2080 5317 2362 5388 ραδάσεως
2408 5315 2545 5386 ᾤετο
2596 5316 2689 5367 τὸν
2725 5312 2920 5382 Ἀδὰμ,
2975 5314 3090 5375 πῶς
3128 5314 3295 5366 αὑτὸν
3326 5313 3419 5364 ἐπὶ
3469 5306 3638 5378 κέρδει

2077 5409 2260 5462 λαϐεῖν
2292 5408 2446 5474 ἔλεγε
2491 5408 2581 5475 τὴν
2623 5405 2852 5460 θάνατον
2880 5403 3148 5473 ὕστερον;
3199 5403 3289 5456 ἵνα
3333 5404 3442 5471 γὰρ
3479 5400 3551 5468 μὴ
3580 5396 3638 5446 τὸ

2076 5500 2246 5554 κακὸν
2270 5496 2537 5552 ἀθάνανον
2565 5491 2622 5569 ᾖ,
2650 5494 2737 5549 διὰ
2765 5494 2920 5548 τοῦτό
2949 5511 3083 5564 φησι
3112 5495 3333 5563 θανάτῳ
3352 5493 3444 5544 τὸν
3477 5483 3637 5551 Ἀδὰμ

2077 5589 2501 5660 συγχωρηθῆναι
2540 5591 2749 5642 πεσεῖν.
2807 5589 2975 5641 Ἀλλὰ
3022 5585 3306 5642 κάνταῦθα
3355 5584 3636 5651 προσέχειν

2074 5683 2242 5749 ἄξιον.
2274 5681 2531 5733 Φαίνεται
2565 5681 2675 5749 γάρ
2701 5680 2786 5733 ὅτι
2819 5680 2925 5749 πρὸ
2948 5681 3047 5748 τῆς
3077 5677 3359 5747 ἁμαρτίας
3380 5677 3408 5726 ό
3434 5671 3634 5737 ἄνθρω-

2076 5791 2172 5835 πος
2204 5774 2470 5835 ἀθάνατος
2504 5769 2594 5842 ἦν,
2617 5771 2738 5824 ἐπεὶ
2772 5770 2885 5833 πῶς
2910 5770 3176 5825 ἀθάνατον
3220 5767 3414 5836 ἔμελλε
3449 5764 3635 5830 μεῖναι
