3936 6420
309 269 407 336 127

1565 273 1979 336 ANNALIUM
2024 274 2221 338 PARS
2265 278 2310 336 Ξ.

3458 281 3559 344 198

305 384 361 440 τὺ
392 381 583 449 κακὸν,
620 384 669 438 εἰ
692 385 767 454 μή
802 401 866 453 γε
913 383 1009 439 καὶ
1042 385 1182 455 μετὰ
1212 387 1311 457 τὴν
1351 388 1572 458 ἀπάτην
1603 386 1630 438 6
1655 384 1863 457 ἄνθρω-

1976 385 2141 440 tionis
2177 400 2402 456 compos
2442 386 2662 453 dixerit,
2699 388 2918 457 quando
2951 388 3030 446 sic
3064 390 3365 445 sentientes
3416 390 3560 445 indi-

301 493 399 540 πος
434 475 704 547 ἀθανασίᾳ
734 476 903 548 συζῇν
937 475 1151 547 ἔμελλε,
1185 479 1333 531 καθὰ
1357 479 1421 549 δὴ
1454 478 1550 532 καὶ
1582 480 1644 531 1:6
1677 477 1873 550 πρότε-

304 588 431 640 ρον;
480 570 910 642 Συγκεχὼρηται
964 570 1156 624 λοιπὸν
1212 573 1242 625 6
1309 571 1600 639 ἀθάνατος,
1648 572 1724 634 ὡς
1764 571 1868 642 ήδη

301 663 642 732 προείρηται,
692 662 912 734 θανάτῳ
955 666 1302 733 περιπεσεῖν,
1343 664 1433 717 ἵνα
1484 665 1560 735 μὴ
1591 662 1868 718 ἀθάνατον

296 752 413 829 ᾗτὸ
444 755 616 808 κακόν
638 775 650 787 ·
686 755 714 808 6
754 755 819 824 δὴ
850 756 944 808 καὶ
986 755 1177 827 κέρδος
1225 759 1254 809 6
1288 755 1549 823 Θεολόγος
1582 755 1864 809 ἐκάλεσεν.

309 843 466 897 ’Δλλὰ
495 843 571 915 μὴ
601 843 917 915 δυσχέραινε
945 844 1144 898 τούτου
1193 845 1403 900 ἕνεκεν.
1437 847 1501 899 Et
1527 844 1638 916 γὰρ
1673 845 1870 916 θνητὶς

297 938 326 989 6
360 934 530 1004 Ἀδὰμ
567 935 661 989 καὶ
712 935 820 1007 πρὸ
871 935 970 1004 τῆς
1030 935 1401 1006 παραϐάσεως
1435 930 1524 1006 ἦν,
1568 934 1763 1007 θνητὸς
1812 934 1869 988 δὲ

297 1028 390 1082 καὶ
434 1027 575 1098 μετὰ
615 1028 714 1098 τὴν
758 1027 1098 1098 παράόασιν,
1126 1030 1257 1083 πότε
1289 1027 1481 1083 λοιπὸν
1509 1028 1731 1096 ἐδέξατο
1769 1025 1866 1081 τοῦ

301 1121 532 1177 θανάτου
566 1122 626 1176 τὸ
680 1122 988 1191 ἐπιτίμιον;
1026 1122 1155 1175 πότε
1208 1122 1265 1175 δὲ
1314 1125 1408 1176 καὶ
1452 1121 1580 1185 τοὺς
1609 1119 1868 1191 δερματί-

291 1229 412 1276 νους
443 1214 761 1283 ἠμφιάσατο
790 1214 1053 1283 χιτῶνας;
1107 1212 1345 1283 Εὔδηλον
1375 1210 1470 1267 οῦν
1507 1214 1588 1267 ὅτι
1614 1215 1744 1284 περὶ
1769 1212 1869 1282 τῆς

293 1304 478 1374 κοινῆς
504 1303 613 1357 τῶν
647 1303 953 1377 ἀνθρώπων
977 1305 1194 1374 φύσεως
1224 1304 1316 1358 τὸν
1346 1303 1506 1374 λόγον
1537 1304 1863 1375 ποιούμενος

290 1397 368 1467 τῷ
400 1393 613 1466 σώματι
639 1398 749 1468 μὲν
801 1396 958 1465 ἔλεγε
992 1397 1333 1468 πρόσκαιρον
1366 1391 1509 1450 εἶναι
1535 1397 1630 1450 τὸν
1657 1395 1869 1467 ἄνθρω-

292 1505 413 1553 πον,
446 1489 715 1543 ἀθάνατον
761 1489 818 1542 δὲ
866 1492 934 1563 τῇ
982 1489 1155 1562 ψυχῇ.
1212 1490 1375 1545 Κατὰ
1410 1489 1520 1560 γὰρ
1574 1488 1733 1541 τοῦτο
1772 1488 1867 1540 καὶ

291 1581 525 1649 πάσχειν
553 1579 718 1635 αὐτὸν
757 1580 912 1649 ἔλεγε
978 1581 1141 1653 χάριν
1196 1580 1559 1651 ὑπομνήσεως
1611 1578 1705 1631 καὶ
1739 1594 1869 1630 παι-

290 1668 545 1733 δεύσεως,
576 1672 699 1723 ἐπεὶ
745 1670 861 1733 πῶς
910 1669 976 1725 ἂν
1024 1671 1305 1724 ὑπέπιπτε
1355 1670 1557 1725 πάθεσι
1611 1669 1674 1723 τὸ
1709 1670 1869 1739 σῶμα

291 1762 471 1815 ἐκεῖνο
517 1761 578 1814 τὸ
625 1761 699 1832 μὴ
752 1762 1009 1834 δεόμενον
1051 1762 1520 1835 ὲπικαλύμματος
1569 1761 1867 1816 κάντεῦθεν

289 1853 498 1919 ἀπαθὲς
553 1855 989 1926 γνωριζόμενονς
1029 1856 1358 1925 Ἀντιλέγειν
1412 1853 1507 1910 οὖν
1555 1857 1647 1908 ἐπὶ
1706 1856 1867 1909 πλέον

290 1948 387 2002 οὒκ
419 1947 679 2017 εὔλογονο
718 1949 767 2001 ει
817 1948 923 2020 γὰρ
968 1938 1307 2021 πρόσκαιρος
1365 1945 1435 2021 ἦν
1485 1951 1513 2003 6
1560 1950 1734 2019 Ἀδὰμ
1764 1948 1861 2003 ἀπ’

290 2039 490 2112 ἀρᾷῆς,
550 2043 599 2094 ει
652 2042 759 2113 πρὸ
813 2042 913 2112 τῆς
943 2043 1221 2114 ἁμαρτίας
1256 2042 1473 2115 ὑπῆρχε
1508 2042 1723 2111 θνητὸς,
1765 2045 1864 2095 οὐκ

290 2134 353 2188 ἂν
393 2137 421 2189 6
455 2134 629 2207 μέγας
676 2135 889 2196 Παῦλος
919 2138 1106 2206 ἔλεγεν
1132 2154 1146 2169 ο
1185 2156 1205 2189 ι
1243 2136 1506 2208 Ὀψώνιον
1539 2139 1640 2208 τῆς
1689 2136 1871 2208 ἁμαρ-

288 2229 406 2291 τίας
433 2230 461 2282 6
486 2229 731 2293 θάνατος.
769 2249 787 2281 ι
829 2230 1040 2296 Ἔδειξε
1068 2230 1179 2301 γὰρ
1211 2230 1463 2284 ἐντεῦθεν
1503 2231 1584 2284 ὅτι
1626 2228 1731 2299 πρὸ
1761 2229 1863 2298 τῆς

289 2322 559 2391 ἀμαρτξα;
583 2324 612 2376 6
638 2323 925 2395 ἄνθρωπος
951 2323 1218 2388 ἀθάνατος
1251 2318 1342 2395 ἦν.
1378 2322 1443 2375 Et
1472 2322 1529 2375 δὲ
1560 2320 1748 2385 τοῦτο,
1776 2322 1870 2375 καὶ

292 2414 476 2467 πασῶν
496 2414 682 2468 λοιπδν
715 2414 1045 2484 σωματικῶν
1073 2416 1333 2484 ἀναγκῶν
1356 2417 1382 2468 6
1416 2414 1660 2478 τοιοῦτος
1696 2414 1869 2482 ὺπέρ-

284 2520 460 2576 τερος.

1979 489 2098 530 cata
2131 477 2373 546 synodus
2407 479 2774 534 cxsecrationi
2817 479 3059 550 subiicit.
3096 480 3299 547 Quodsi
3357 479 3561 547 Grvgo-
3614 541 3619 546 ,

1975 567 2089 621 rius
2132 567 2400 622 Adamum
2438 582 2565 623 ante
2600 573 3096 639 transgressionem
3131 573 3353 643 putabat
3387 574 3558 626 cadu-

1974 675 2097 715 cum
2155 658 2348 723 fuisse,
2383 662 2476 731 qui
2529 662 2588 716 ﬁt
2641 672 2701 715 ut
2749 663 2799 717 ei
2841 662 3106 731 deinceps
3141 674 3369 719 mortem
3418 663 3557 717 lucri

1973 754 2259 822 cujusdam
2298 754 2472 807 instar
2500 755 2802 810 accessisse
2844 755 3028 813 dicat?
3061 754 3152 809 Sic
3180 752 3357 811 enim'
3381 756 3559 826 loqui-

1976 855 2104 898 tur:
2169 862 2235 899 ne
2293 844 2497 899 malum
2555 861 2881 916 perpetuum
2938 846 3100 909 foret,
3153 846 3364 902 Adamo
3417 846 3559 901 Deus

1972 939 2249 993 concessit
2296 947 2352 992 ttt
2383 953 2480 1009 per
2511 949 2746 994 mortem
2777 940 3239 1010 exsﬁnguerotur.
3272 942 3405 1007 Quae
3438 940 3555 1010 ipsa

1973 1046 2193 1101 quoque
2229 1031 2394 1086 verba
2423 1031 2762 1087 considerari
2791 1034 3055 1087 attentius
3084 1045 3387 1088 merentur.
3422 1032 3554 1086 Nam

1973 1139 2040 1179 ex
2078 1124 2159 1179 eis
2191 1133 2423 1194 apparet
2461 1123 2629 1180 fuisse
2662 1124 2941 1201 hominem
2974 1135 3102 1180 ante
3133 1136 3422 1195 peccatum
3457 1125 3561 1182 im-

1975 1213 2283 1268 mortalem.
2320 1212 2423 1280 Qui
2476 1216 2625 1269 enim
2675 1214 2877 1270 malum
2928 1226 3255 1286 perpetuum
3310 1217 3557 1271 fututum

1972 1316 2113 1366 erat.
2160 1307 2203 1361 si
2240 1307 2404 1360 homo
2451 1315 2572 1376 post
2603 1308 2986 1379 deceptionem
3024 1324 3131 1364 non
3166 1310 3361 1365 eodem
3398 1309 3558 1364 modo

1973 1412 2082 1467 quo
2129 1395 2284 1466 prius
2314 1398 2561 1453 victurus
2609 1407 2729 1453 erat
2776 1398 2829 1452 in
2880 1399 3335 1454 immortalitate?
3372 1400 3558 1470 Itaque

1975 1486 2317 1556 permittitur
2366 1488 2685 1554 immortali,
2729 1503 2827 1543 ceu
2867 1489 2978 1559 jam
3030 1499 3159 1545 ante
3203 1490 3466 1554 diximus,
3500 1501 3561 1547 ut

1974 1594 2074 1649 per
2107 1589 2342 1634 mortem
2380 1579 2654 1643 interiret,
2680 1595 2750 1635 ne
2778 1581 2979 1635 malum
3015 1593 3340 1652 perpetuum
3378 1584 3558 1648 foret;

1974 1668 2121 1736 quod
2175 1672 2351 1741 ipsum
2400 1670 2701 1744 Gregorius
2748 1671 2913 1727 etiam
2964 1673 3180 1728 lucrum
3238 1676 3558 1745 appellavit.

1975 1760 2152 1818 Nolim
2181 1780 2313 1819 vero
2348 1772 2399 1820 te
2434 1764 2535 1820 hac
2565 1764 2946 1835 disputatione
2976 1766 3309 1836 perturbari.
3342 1759 3476 1821 Nam
3514 1768 3560 1821 si

1973 1858 2215 1912 Adamus
2249 1867 2357 1912 tam
2401 1866 2529 1913 ante
2560 1860 3056 1930 transgressionem
3087 1874 3247 1929 quam
3283 1869 3407 1929 post
3438 1874 3558 1916 eam

1974 1952 2226 2006 mortalis
2252 1960 2393 2017 erat,
2426 1953 2647 2022 quando
2682 1952 2902 2008 tandem
2939 1953 3208 2023 supplicio
3244 1953 3438 2008 mortis
3462 1961 3562 2008 est

1971 2043 2244 2099 affectus?
2292 2044 2525 2110 Quando
2573 2044 2836 2114 pelliceas
2893 2044 3013 2098 illas
3069 2045 3284 2101 tunicas
3337 2043 3563 2100 induit?

1974 2137 2319 2208 Quapropter
2348 2137 2569 2208 intelligi
2601 2153 2710 2193 non
2749 2138 2982 2193 obscure
3010 2148 3187 2208 potest
3230 2138 3558 2211 Gregorium

1973 2231 2040 2285 de
2072 2229 2351 2284 communi
2393 2230 2677 2284 hominum
2727 2239 2923 2284 natura
2955 2232 3319 2286 disserentem
3352 2233 3561 2288 dixisse

1975 2324 2252 2377 hominem
2313 2336 2555 2391 corpore
2600 2322 2866 2378 caducum
2896 2365 2911 2391 ,
2955 2324 3144 2378 animo
3191 2324 3559 2378 innnortalem

1975 2430 2121 2471 esse.
2149 2413 2284 2468 Nam
2322 2430 2388 2467 eo
2437 2414 2740 2481 restriciens
2777 2415 2853 2469 ait
2891 2415 3069 2486 ipsum
3104 2418 3213 2484 pati
3242 2429 3565 2469 commone-

1974 2504 2230 2559 factionis
2282 2503 2772 2575 castigationisque
2820 2520 3010 2560 causa.
3073 2504 3383 2574 Caeteroqui
3433 2518 3563 2559 vero

282 2600 374 2666 qui
411 2598 762 2668 passionibus
783 2601 1075 2657 obnoxium
1108 2617 1229 2657 esse
1261 2615 1462 2670 corpus
1527 2600 1662 2654 illud
1726 2596 2019 2669 potuisset,
2063 2595 2208 2667 quod
2260 2603 2582 2667 tegumento
2661 2595 2975 2667 vestituque
3024 2597 3176 2652 nullo
3241 2590 3563 2664 indigebat?

282 2694 397 2748 Hoc
447 2693 567 2761 ipso
613 2692 774 2748 nobis
831 2692 1248 2767 argumentum]
1266 2691 1677 2764 suppeditante,
1756 2689 1902 2761 quod
1942 2689 2260 2759 passionum
2302 2702 2501 2757 expers
2566 2686 2755 2742 fuerit.
2793 2689 2981 2759 Itaque
3021 2706 3128 2746 non
3158 2693 3424 2748 convenit
3459 2694 3564 2748 hac

282 2790 340 2845 in
390 2798 545 2859 parte
591 2802 919 2859 quemquam
970 2788 1130 2844 nobis
1180 2787 1389 2843 diutius
1433 2785 1734 2841 adversari.
1790 2786 1848 2840 Si
1887 2786 2033 2841 enim
2101 2781 2344 2839 caducus
2393 2781 2586 2837 fuisset
2640 2783 2707 2837 ab
2769 2781 2964 2849 initio,
3000 2784 3044 2840 si
3089 2795 3217 2840 ante
3272 2794 3560 2856 peccatum

281 2886 567 2951 mortalis,
645 2900 754 2941 non
806 2882 1041 2940 eximius
1090 2884 1185 2940 ille
1244 2884 1445 2940 Paulus
1495 2894 1726 2941 mortem
1772 2898 1895 2939 esse
1933 2880 2146 2953 peccati
2204 2879 2537 2949 stipendium
2579 2882 2808 2935 dixisset
2868 2880 2953 2949 '7;
3000 2880 3202 2952 quibus
3256 2882 3439 2937 verbis
3485 2880 3561 2937 si-

277 2980 561 3049 gniﬁcavit
607 2978 885 3033 hominem
913 2988 1042 3035 ante
1082 2987 1373 3050 peccatum
1449 2979 1623 3035 fuisse
1672 2978 2064 3034 immortalem.
2098 2974 2255 3044 Quod
2283 2973 2391 3045 97
2428 2975 2473 3029 si
2532 2990 2723 3031 verum
2780 2990 2905 3031 esse
2972 2977 3562 3054 concedimus,sequi-

282 3090 375 3133 tur
409 3075 662 3130 eumdem
692 3074 952 3131 omnibus
980 3077 1264 3144 corporeis
1310 3076 1739 3133 necessitatibus
1766 3076 2107 3146 superiorem
2144 3072 2442 3129 exstitisse.

369 3172 456 3236 Ὠς
488 3168 627 3225 εἶναι
660 3171 816 3240 δῆλον
849 3171 1100 3227 ἐντεῦθεν
1131 3172 1214 3228 ὅτι
1249 3173 1343 3230 καὶ
1380 3172 1637 3246 βρώσεως
1671 3173 1863 3242 αἰσθη-

2043 3170 2120 3225 De
2145 3185 2254 3240 quo
2272 3184 2440 3241 porro
2462 3167 2740 3240 colligitur
2775 3166 3051 3221 ltOtttlllt'lll
3086 3167 3153 3221 ab
3185 3166 3342 3222 initio
3374 3166 3547 3222 cibtm'

274 3266 380 3335 τῆς
408 3266 670 3332 ἄγευστος
700 3259 769 3334 ἦν
799 3263 827 3317 6
855 3264 1141 3334 ἄνθρωπος
1171 3265 1269 3321 ἀπ’
1294 3266 1496 3338 ἀρχῆς.
1533 3266 1596 3321 El
1626 3264 1736 3338 γὰρ
1769 3265 1865 3320 καὶ

274 3359 388 3415 ἀπὸ
431 3359 650 3411 πάντων
690 3355 801 3409 τῶν
844 3356 905 3411 ιν
948 3356 1028 3426 τῷ
1079 3357 1388 3428 παραδείσῳ
1434 3358 1621 3427 φυτῶν
1664 3357 1866 3412 ἐσθίειν

276 3448 547 3520 ἐπέτρεψε
576 3450 651 3519 τῷ
685 3450 860 3520 Ἀδὰμ
887 3449 917 3502 6
949 3447 1103 3513 Θεὸς,
1131 3449 1246 3503 ἀλλ’
1271 3448 1538 3520 οὐμενοῦν
1566 3452 1743 3504 ἐκεῖσε
1772 3451 1865 3503 καὶ

278 3544 487 3616 βρῶσις
517 3538 585 3614 ἦν
613 3542 846 3613 αἰσθητὴ
878 3543 970 3597 καί
1000 3543 1231 3613 ρευστή.
1266 3543 1377 3598 Καὶ
1404 3541 1565 3596 τοῦτο
1595 3541 1805 3613 προῖὼν
1835 3544 1864 3597 6

275 3638 436 3706 λόγος
472 3634 859 3707 ἀριδηλότερον
889 3634 1056 3703 δείξει
1092 3652 1194 3689 σοι.
1226 3636 1300 3688 Ἢ
1338 3635 1470 3704 γὰρ,
1511 3633 1587 3698 ὡς
1623 3636 1652 3687 6
1689 3634 1864 3704 μέγας

276 3728 418 3800 φησι
446 3726 583 3798 πρὸς
619 3726 886 3796 ’Δντίοχον
924 3723 1267 3789 ’Δθανάςιος,
1293 3724 1549 3794 ἄφθαρτά
1578 3723 1683 3776 εἰσι
1710 3722 1781 3777 τὰ
1806 3723 1863 3774 ὲν

275 3821 354 3891 τῷ
402 3818 717 3890 παραδείσῳ
762 3820 933 3887 φυτὰ,
979 3818 1073 3872 καὶ
1113 3815 1230 3880 ¹πῶς
1278 3815 1492 3870 ὀδοῦσιν
1535 3815 1858 3885 ὲτέμνοντος

276 3912 399 3975 πῶς
426 3910 855 3981 ὲ6ι6ρὼσκοντο;
883 3908 945 3961 τὺ
971 3907 1079 3979 γὰρ
1106 3907 1385 3978 ἄφθαρτον
1408 3905 1534 3960 οὔτε
1561 3905 1860 3976 τέμνεσθαι

275 4004 524 4073 πέφυκεν
547 4000 671 4055 οὔτε
700 3998 1126 4072 βιϐρώσκεσθαι.
1150 3999 1221 4055 Ἦ
1247 3998 1463 4071 φθαρτὰ
1488 3998 1547 4052 ιν
1572 3996 1649 4067 τῷ
1676 4013 1859 4067 παρα-

272 4094 439 4164 δείσῳ
459 4132 476 4159 ,
507 4092 650 4146 καθά
678 4108 822 4155 τινες
852 4088 1255 4152 ὑποπτεύουσι.
1288 4090 1382 4143 καὶ
1411 4088 1529 4152 πῶς
1560 4085 1702 4141 αὐτὰ
1730 4103 1830 4158 τρο
1854 4120 1861 4127 ε

275 4183 385 4254 φὴν
404 4183 432 4234 6
447 4182 621 4252 ’Δδὰμ
639 4182 905 4249 ὲποιεϊτο;
925 4181 1167 4235 δότωσαν
1189 4181 1282 4234 ἐπὶ
1302 4179 1515 4245 τούτοις
1537 4181 1856 4253 ἀπόκρισιν.

278 4277 350 4329 Ἦ
379 4277 497 4345 γὰρ
520 4274 583 4326 τὸ
612 4272 813 4344 προσὸν
838 4272 987 4343 αὑτῷ
1014 4270 1316 4343 τηνικαῦτα
1346 4272 1506 4343 σῶμα
1535 4271 1860 4342 διαπνεόμε-

278 4386 361 4421 νον
389 4363 464 4438 ἦν
497 4364 595 4420 ἅτε
630 4364 808 4437 φθορᾷ
836 4367 933 4420 καὶ
961 4365 1146 4435 ρεὑσει
1180 4363 1542 4434 ὑποκείμενον
1562 4402 1579 4429 ,
1612 4365 1706 4416 καὶ
1735 4378 1857 4416 πει-

275 4458 376 4513 νῶν
401 4457 465 4521 ὲξ
489 4456 736 4527 ἀνάγκης
760 4451 829 4527 ἦν
846 4470 862 4488 ⁸
888 4458 923 4526 ἢ
949 4455 1347 4512 ἅδιάπνευστον
1374 4455 1568 4526 ἔμενεν
1590 4454 1667 4519 ὡς
1691 4454 1856 4526 ἄρευ-

1969 3262 2229 3320 sensilem
2275 3276 2388 3316 non
2436 3260 2781 3331 degustasse.
2831 3256 3155 3330 Quanquam
3215 3257 3361 3314 enim
3409 3260 3559 3314 Deus

1966 3355 2177 3411 Adamo
2230 3361 2564 3425 potestatem
2621 3352 2677 3407 in
2728 3353 2966 3423 paradisi
3009 3352 3282 3423 quaslibet
3331 3353 3560 3408 arbores

1967 3448 2197 3519 largitus
2238 3456 2346 3511 est,
2394 3461 2509 3501 non
2563 3454 2745 3500 tamen
2798 3444 2924 3499 inde
2960 3445 3213 3516 sequitur
3241 3459 3395 3499 esum
3431 3443 3560 3500 istic

1966 3539 2227 3595 sensilem
2291 3553 2357 3592 ac
2403 3536 2612 3592 ﬂuxum
2668 3536 2883 3601 fuisse,
2936 3536 3402 3605 quemadmodum
3454 3535 3559 3591 tibi

1965 3632 2172 3689 clarius
2220 3630 2555 3686 indicabitur
2606 3630 2698 3684 ubi
2745 3629 2999 3684 nonnihil
3042 3642 3330 3699 pregressa
3388 3627 3552 3682 fuerit

1965 3724 2161 3789 oratio.
2198 3723 2334 3779 Nam
2368 3723 2445 3777 uti
2479 3737 2710 3792 magnus
2758 3721 2850 3776 ille
2880 3720 3219 3775 Athanasius
3256 3721 3324 3774 ad
3355 3719 3550 3774 Antio-

1964 3814 2131 3871 chum
2165 3811 2409 3877 disserit,
2443 3811 2529 3866 vel
2561 3810 2821 3866 interitus
2850 3819 3109 3880 expertes
3139 3808 3319 3879 putari
3344 3809 3551 3866 debent

1964 3906 2221 3975 arborum
2275 3904 2511 3975 paradisi
2560 3903 2808 3958 fructus:
2845 3913 2902 3956 et
2933 3916 3044 3971 quo
3084 3910 3243 3972 pacto
3289 3899 3553 3957 dentibus

1964 3998 2330 4065 secabantur?
2359 3996 2453 4068 qui
2484 3995 2961 4052 comedebantur?
3004 4009 3133 4050 cum
3172 4008 3263 4049 res
3291 3989 3537 4052 interitus

1963 4106 2165 4161 expers
2180 4105 2362 4161 neque
2387 4089 2557 4145 dividi
2587 4103 2769 4160 neque
2795 4085 3010 4144 comedi
3036 4087 3244 4159 possit:
3284 4086 3370 4143 vel
3400 4085 3553 4165 inte-

1963 4186 2096 4241 ritui
2120 4185 2370 4253 obnoxii,
2395 4184 2863 4256 quemadmodum
2921 4181 3170 4238 nonnulli
3190 4181 3511 4238 existimant
3532 4200 3552 4238 :

1961 4287 2017 4334 et
2062 4276 2159 4348 qui
2208 4277 2457 4332 Adamus
2500 4290 2597 4331 eos
2660 4291 2761 4345 pro
2815 4274 3159 4330 nutrimento
3202 4272 3553 4342 usurpabat?

1959 4368 2045 4423 Ad
2086 4369 2204 4424 hac
2254 4368 2417 4424 nobis
2464 4369 2854 4438 respondeant.
2906 4367 3122 4437 Quippe
3174 4380 3380 4437 corpus
3416 4366 3550 4421 illud

1959 4462 2109 4533 quod
2151 4469 2284 4517 tunc
2314 4459 2575 4528 habebat,
2611 4460 2699 4517 vel
2729 4468 2847 4515 erat
2879 4457 3245 4530 perspirabile
3286 4467 3549 4528 tanquam

279 4567 397 4604 στον
426 4552 677 4618 ὑπάρχον
702 4550 800 4603 καὶ
824 4547 1124 4621 ἄφθαρτον,
1150 4550 1247 4603 καὶ
1271 4548 1321 4602 τί
1346 4548 1406 4602 τὸ
1433 4545 1853 4616 καταναγκάζον

1967 4551 2212 4608 interitui
2242 4566 2308 4608 ac
2337 4550 2567 4606 ﬂuxioni
2592 4550 2930 4622 subiectura,
2964 4549 3201 4619 ideoque
3229 4548 3549 4604 necessario

276 4644 404 4695 αὐτὸ
438 4642 705 4712 αἰσθητῆς
739 4640 1007 4696 ἅπτεσθαι
1042 4639 1298 4712 βρώσεως
1317 4658 1331 4705 ;
1379 4640 1520 4694 Ἀλλ’
1545 4639 1646 4692 οὐκ
1678 4638 1856 4710 ἔχοιεν

276 4735 337 4787 ἄν
361 4752 414 4789 τι
439 4736 541 4787 καὶ
562 4736 767 4801 λέγειν,
796 4733 912 4805 εῐγε
939 4734 1035 4787 καὶ
1060 4732 1263 4804 μᾶλλον
1290 4731 1562 4801 ἀνώτερος
1590 4729 1659 4807 ἦν
1681 4732 1708 4784 6
1736 4729 1856 4784 κατ’

273 4829 456 4881 εἰκόνα
485 4824 622 4879 Θεοῦ
652 4824 761 4878 τῶν
792 4826 1120 4897 σωματικῶν
1147 4826 1427 4894 ἀναγκῶν,
1455 4826 1530 4888 ὡς
1558 4827 1587 4878 6
1617 4823 1858 4896 χρυσοῦς

273 4917 368 4989 τὴν
399 4917 655 4986 γλῶτταν
690 4918 859 4988 φησί·
897 4919 1059 4972 πεῖνα
1099 4918 1210 4988 γὰρ
1252 4917 1348 4972 καὶ
1385 4915 1512 4987 δίψα
1552 4919 1647 4969 καὶ
1687 4918 1858 4981 κόπος

275 5010 365 5063 καὶ
395 5010 567 5074 ὕπνος
600 5011 696 5064 καὶ
721 5010 884 5082 ὀδύνη
914 5015 1009 5065 καὶ
1038 5009 1240 5083 φθορὰ,
1270 5012 1414 5065 καθά
1443 5010 1509 5081 δὴ
1540 5011 1634 5064 καὶ
1664 5010 1853 5081 προεί-

278 5117 458 5171 ρηται,
489 5101 631 5173 μετὰ
658 5101 758 5173 τὴν
789 5104 1101 5174 παράϐασιν
1130 5105 1210 5168 εις
1237 5102 1331 5157 τὸν
1359 5102 1705 5175 ἀνθρώπινον
1738 5102 1852 5173 βίον

276 5194 599 5265 εἰσήλθοσαν
628 5196 764 5267 (21).
788 5197 935 5269 Ὅρα
960 5198 1150 5251 λοιπὸν
1180 5197 1473 5268 νουνεχῶς,
1503 5198 1617 5264 καζ
1631 5194 1710 5268 μὴ
1736 5200 1853 5261 τοῖς

277 5285 426 5343 ῑνθεν
455 5290 710 5345 κάκεῖθεν
738 5291 1146 5362 εὑρισκομένοις
1179 5295 1274 5347 καὶ
1302 5290 1438 5345 ἄλλα
1463 5304 1521 5343 τε
1554 5288 1853 5359 διηγουμέ·

275 5394 382 5445 νοις
412 5382 1122 5476 ἀπρισκέπτωςρπάνοιγε
1152 5384 1248 5447 τὰς
1275 5382 1467 5452 ἀκοὰς,
1497 5378 1848 5451 ἀποστρέφου

344 5541 388 5572 "
424 5538 585 5596 Rom.
627 5557 703 5605 vr,
728 5541 819 5595 ‘25.

363 5697 475 5768 (2|)
536 5699 606 5751 El
646 5717 830 5770 γε...
867 5742 881 5756 .
918 5738 932 5755 .
994 5701 1396 5772 εισήλθοσαγ.
1464 5702 1542 5756 Ex
1594 5700 1657 5756 ν.
1724 5711 1784 5757 et
1846 5701 1890 5757 α

1956 4644 2280 4712 esuriebat;
2317 4644 2406 4699 vel
2449 4658 2559 4699 non
2600 4642 2967 4714 perspirabile
3000 4640 3256 4696 manebat
3287 4649 3548 4710 tanquam

1956 4739 2215 4795 ﬁnitionis
2244 4746 2300 4794 et
2328 4736 2585 4793 interitus
2613 4750 2831 4806 expers.
2855 4735 2976 4801 Quo
3002 4747 3265 4791 concesso
3294 4746 3547 4803 quamam

1960 4832 2191 4903 urgebat
2225 4831 2405 4901 ipsum
2456 4830 2764 4885 necessitas
2814 4837 2876 4884 ut
2927 4828 3114 4885 cibum
3161 4826 3419 4884 sensilcm
3453 4841 3551 4881 su-

1958 4925 2175 4980 meret?
2202 4923 2498 4979 Enimvero
2543 4922 2685 4977 nihil
2716 4922 2807 4978 hic
2848 4921 3090 4977 habituri
3131 4931 3261 4977 sunt
3290 4921 3436 4991 quod
3465 4918 3551 4975 di-

1957 5026 2108 5073 cant.
2138 5014 2331 5072 Potius
2358 5015 2788 5073 existimandum
2829 5015 3105 5071 hominem
3149 5013 3218 5070 ad
3250 5014 3547 5085 imaginem

1958 5105 2052 5162 Dei
2082 5107 2369 5163 conditum
2420 5122 2589 5179 supra
2620 5121 2924 5178 corporeas
2955 5108 3318 5162 necessitates
3355 5120 3549 5162 omnes

1957 5197 2201 5269 positum
2248 5197 2952 5269 {uisam-quemadmodum
3000 5197 3430 5270 Cbrysostomus
3464 5198 3548 5254 lo-

1956 5293 2165 5365 quitur.
2208 5290 2348 5347 Natn
2400 5292 2570 5349 fames
2628 5293 2751 5348 sitis
2805 5292 3056 5366 fatigatio
3115 5308 3343 5350 somnus
3392 5291 3545 5347 dolor

1956 5385 2241 5455 interitus,
2268 5385 2414 5443 sicut
2442 5395 2500 5443 et
2524 5395 2685 5443 antea
2711 5386 3055 5459 monuimus,
3080 5397 3206 5458 post
3236 5395 3545 5461 transgres~
