3936 6572
276 574 368 638 201

1502 597 1511 601 ν
1545 584 1959 662 ANNALtUat
2006 586 2215 646 PARS
2245 586 2293 645 l.
2388 617 2395 624 η

3442 558 3549 644 :62

274 691 425 749 aii-ret
451 693 553 764 μὲν
581 695 774 763 οὕτως,
800 696 828 750 6
857 694 913 749 δὲ
945 696 1219 762 θειότατος
1251 699 1551 770 Γρηγόριος
1581 703 1609 753 6
1637 701 1859 771 Νύσσης

1967 710 2120 756 runt.
2151 698 2385 771 Nysseni
2419 709 2600 753 antem
2639 698 2891 770 Gregorii
2955 696 3211 767 leguntur
3259 692 3377 747 bec
3427 695 3547 762 ips“

276 784 414 839 οὕτω
457 787 599 842 κατὰ
648 785 799 857 ῥῆμα
845 787 1127 855 διέξεισιν,
1171 789 1253 842 ὅτι
1295 790 1357 843 τὺ
1403 793 1854 861 ἀπηγορευμένον

278 878 450 930 ἐκεῖνο
484 880 546 948 τῇ
581 877 783 948 βρώσει
815 878 970 945 ξύλον
999 879 1123 935 οὕτε
1158 883 1352 950 συκῆν,
1384 883 1457 945 ὦς
1488 885 1632 946 τινές
1665 900 1854 951 φασιν,

280 971 400 1024 οὔτε
428 988 484 1024 τι
510 971 620 1025 τῶν
654 971 970 1042 ἀκροδρύων
998 973 1185 1044 ἕτερον
1218 969 1360 1028 εἶναι
1392 976 1759 1046 πεπείσμεθα.
1791 976 1854 1031 Et

280 1065 385 1134 γὰρ
419 1064 515 1117 καὶ
548 1066 677 1135 περὶ
713 1063 970 1135 βρώσεως
1010 1068 1279 1135 αίσθητῆς
1320 1068 1552 1122 ἐνταῦθα
1586 1069 1737 1123 δοκεῖ
1767 1069 1857 1122 λὲο

277 1172 392 1221 γειν
420 1157 451 1209 6
491 1155 724 1227 θεόπτης
764 1157 1002 1225 Μωσῆς,
1035 1158 1149 1211 ἀλλ’
1177 1159 1323 1227 ἐγὼ,
1355 1161 1490 1229 φησὶ
1511 1204 1525 1227 ,
1557 1163 1654 1231 τῆς
1696 1162 1857 1229 ἁγίας

277 1248 488 1303 ἁκούων
514 1248 736 1319 Γραφῆς
761 1251 823 1303 οὕ
854 1250 1024 1321 μόνον
1043 1252 1358 1322 σωματικὴν
1384 1252 1685 1322 ἐπίσταμαι
1718 1252 1860 1325 βρῶ-

275 1353 380 1401 σιν,
406 1335 546 1390 ἀλλά
568 1355 687 1392 τινα
716 1339 812 1392 καὶ
838 1340 1035 1409 ὲτὲραν
1059 1336 1176 1394 οῖδα
1203 1342 1432 1412 τροφὴν,
1459 1339 1527 1413 ἦς
1560 1346 1590 1413 ἡ
1621 1345 1859 1397 ἀπόλαυ-

276 1444 358 1489 σις
393 1429 486 1503 ἐπὶ
522 1429 693 1500 μόνην
723 1431 819 1501 τὴν
847 1431 1028 1502 ψυχὴν
1058 1434 1346 1488 διαϐαίνει.
1378 1437 1583 1504 Φάγετε
1620 1441 1715 1493 καὶ
1747 1438 1859 1507 γὰρ

273 1518 369 1571 τὸν
393 1518 529 1588 ἐμὸν
557 1519 718 1589 ἄρτον
740 1561 757 1589 ,
791 1523 825 1591 ή
865 1523 1025 1592 σοφία
1060 1526 1170 1588 τοῖς
1212 1526 1440 1579 πεινῶσι
1480 1530 1861 1596 παρακελεύε-

274 1624 361 1662 ται
385 1651 401 1675 ,
430 1610 523 1663 καὶ
558 1611 709 1665 πίετε
743 1609 885 1666 οἶνον
913 1613 973 1666 ὃν
1006 1617 1285 1687 κεκέρακα
1320 1618 1471 1687 ύμῖν.
1511 1619 1674 1672 Ἀλλά
1705 1622 1800 1673 κού⁸
1830 1624 1860 1674 6

272 1699 476 1772 Κύριος
503 1701 598 1773 τὴν
628 1704 982 1775 Σαμαρειτῶν
1010 1707 1370 1777 ὑπεμφαίνων
1397 1711 1674 1781 σωτηρίαν
1702 1712 1858 1781 ἔλεγε

280 1810 301 1843 σ
335 1792 549 1864 Βρῶσιν
575 1793 684 1861 ἔχω
714 1799 909 1866 φαγεῖν
936 1797 1001 1868 ἢν
1030 1798 1186 1868 ὑμεῖς
1217 1801 1318 1854 οὐκ
1346 1802 1547 1865 οῐδατε,
1584 1822 1602 1853 ι
1640 1804 1738 1857 καὶ
1766 1804 1862 1856 ἁλ-

272 1882 434 1953 λαχοῦ
482 1902 502 1937 ι
549 1884 608 1939 Ὀ
650 1885 818 1955 διψῶν
847 1889 1091 1958 ἐρχέσθω
1135 1892 1270 1961 πρύς
1315 1910 1381 1962 με
1426 1896 1517 1946 καί
1559 1895 1786 1949 πινέτω.
1835 1915 1865 1946 ι

273 1976 481 2030 Οὐκοῦν
507 1976 607 2046 τῆς
637 1980 861 2048 φυτείας
889 1983 986 2052 τῆς
1019 1984 1077 2035 ἐν
1111 1981 1274 2054 Ἐδὲμ
1304 1985 1506 2057 (τρυφὴ
1535 1988 1593 2040 δὲ
1622 1989 1658 2058 ἡ
1695 1988 1861 2059 Ἐδὲμ

273 2065 660 2135 ἑρμηνεύεται)
692 2070 842 2136 ἄξιόν
871 2089 992 2126 τινα
1022 2073 1234 2146 καρπὸν
1266 2076 1519 2144 ἐννοῆσαι
1549 2081 1820 2152 προσήκει
1842 2120 1859 2145 ,

275 2156 372 2210 καὶ
395 2157 693 2227 τρέφεσθαι
716 2160 806 2213 διὰ
830 2161 1029 2217 τούτου,
1052 2165 1131 2236 μὴ
1150 2166 1514 2236 άμφιϐάλλειν
1539 2170 1630 2224 τὸν
1653 2172 1866 2243 ἄνθρω-

272 2268 402 2318 πον,
440 2253 536 2306 καὶ
578 2257 652 2325 μὴ
695 2255 917 2323 πάντως
954 2260 1054 2328 τὴν
1092 2262 1395 2334 παροδικὴν
1433 2263 1529 2318 καὶ
1569 2266 1864 2337 ἐπίρρυτον

272 2344 482 2410 ταύτην
523 2347 731 2418 τροφὴν
777 2348 872 2403 ἐπὶ
914 2350 1013 2420 τῆς
1064 2351 1162 2406 τοῦ
1207 2355 1539 2426 παραδείσου
1585 2357 1867 2427 διαγωγῆς

273 2434 497 2488 ἐννοεῖν.
533 2433 690 2488 Οὕτω
732 2437 831 2504 μὲν
867 2436 960 2492 οὕν
1001 2441 1094 2494 καὶ
1134 2442 1163 2495 6
1202 2440 1478 2506 θειότατος
1520 2446 1866 2511 ’Λναστάσιος

274 2525 472 2595 γοεράν
514 2521 652 2580 εἶναι
694 2528 941 2599 βούλεται
982 2532 1082 2602 τὴν
1125 2532 1331 2604 βρῶσιν
1373 2537 1612 2609 ἐκείνην,
1649 2539 1711 2592 οὐ
1756 2540 1866 2612 μὴν

271 2617 547 2692 αἰσθητήν
569 2636 628 2672 τε
656 2621 751 2674 καὶ
783 2626 1074 2693 σαρκικήν.
1105 2626 1167 2679 Εἰ
1195 2627 1306 2698 γὰρ
1334 2630 1595 2700 τοιαύτην
1621 2633 1865 2702 ὲσὴμανε

273 2710 483 2780 βρῶσιν
513 2712 583 2767 τὰ
616 2711 732 2767 θεῖα
768 2716 910 2786 ρητὰ
932 2754 949 2780 ,
984 2718 1082 2771 καὶ
1119 2720 1400 2787 σαρκικῶς
1432 2723 1865 2794 ἁπέθνησκοψοί

269 2801 485 2874 ταύτης
522 2805 923 2872 ἀπογενόμενοι
952 2822 968 2838 ·
1015 2809 1218 2881 νοερῶς
1260 2812 1309 2865 δ’
1338 2809 1444 2866 οὖν.
1478 2816 1866 2887 ἡμαρτηκότες

268 2892 370 2946 τὸν
399 2894 501 2963 τῆς
535 2894 715 2966 ψυχῆς
752 2898 952 2953 αὐτίκα
992 2900 1237 2971 δέχονται
1276 2902 1529 2960 θάνατον.
1565 2906 1724 2959 Οὕτω
1763 2908 1864 2977 μὲν

267 2981 374 3040 οὖν
411 2985 509 3039 καὶ
549 2987 580 3040 6
619 2987 872 3059 θεολόγος
915 2991 1217 3064 Γρηγόριος
1253 2995 1317 3047 τὸ
1358 2998 1526 3064 φυτὸν
1564 3000 1764 3063 ἐκεῖνο,
1802 3001 1865 3052 τὸ

268 3077 439 3144 ξύλον
468 3078 707 3150 δηλονότι
736 3082 837 3152 τῆς
865 3085 1150 3151 γνώσεως,
1186 3084 1421 3158 θεωρίαν
1452 3083 1593 3141 εἶναι
1628 3088 1862 3159 ἔφησεν,

263 3171 527 3227 τουτέστι
556 3175 756 3242 γνῶσιν
782 3177 1119 3249 τελεωτέραν
1148 3180 1304 3244 τινὰ,
1334 3174 1400 3252 ἧς
1429 3182 1731 3236 ἐπιϐαίνειν
1763 3186 1866 3238 οὐκ

263 3264 522 3333 ἀσφαλὲς
545 3268 657 3329 τοῖς
683 3283 744 3335 γε
771 3269 1095 3339 λιχνοτέροις
1119 3272 1219 3342 τὴν
1240 3271 1449 3339 ἔφεσιν.
1476 3275 1719 3346 Πρόσεχε
1746 3276 1862 3331 οὖν.

1966 789 2156 842 verba.
2187 787 2418 859 Lignum
2459 787 2593 841 illud
2625 787 2691 841 de
2726 802 2836 855 quo
2872 801 2941 841 ne
2984 793 3338 839 vescerentur
3371 781 3548 833 inter-

1962 879 2168 933 dictum
2201 887 2461 943 eral,nec
2494 879 2654 931 ticum
2690 877 2881 941 fuisse,
2905 875 3049 944 quod
3077 874 3296 944 quidam
3332 871 3546 933 volunt,

1964 984 2068 1024 nec
2112 970 2273 1024 aliam
2318 968 2656 1022 lructiferam
2707 966 2956 1020 arborem
3017 964 3268 1034 persuasi
3331 975 3546 1016 sumus.

1965 1060 2291 1129 Quanquam
2325 1061 2470 1115 enim
2498 1067 2777 1129 spectator
2806 1057 2897 1111 ille
2933 1059 3021 1111 Dei
3057 1056 3233 1109 Moses
3262 1055 3330 1107 de
3357 1052 3548 1107 sensili

1966 1155 2091 1209 cibo
2147 1155 2239 1209 bic
2292 1153 2442 1221 loqui
2500 1153 2738 1215 videtur,
2781 1167 2882 1220 ego
2940 1160 3119 1203 tamen
3174 1149 3302 1203 dum
3363 1158 3551 1200 sacras

1964 1247 2201 1301 Litteras
2236 1246 2419 1314 audio,
2468 1261 2574 1300 non
2615 1252 2825 1298 tantum
2859 1256 3180 1311 corpoream
3256 1236 3549 1308 quamdam

1967 1353 2149 1393 escam
2183 1352 2442 1408 agnosco,
2481 1336 2577 1391 sed
2620 1336 2785 1390 etiam
2822 1334 3222 1387 nutrimentum
3254 1327 3401 1384 aliud
3429 1342 3554 1382 esse

1967 1428 2106 1491 scio,
2166 1428 2325 1497 cujus
2393 1426 2585 1482 l'ruitio
2636 1426 2809 1480 solam
2878 1425 2942 1478 ad
2998 1426 3235 1477 animam
3292 1420 3550 1488 pertinet.

1966 1521 2235 1577 Hortatur
2269 1520 2417 1575 enim
2474 1520 2629 1574 liisee
2662 1519 2851 1574 verbis
2878 1520 3190 1573 esurientes
3225 1513 3510 1583 Sapientia
3528 1530 3552 1564 .:

1976 1612 2327 1666 «Vescimiui
2388 1626 2506 1664 mec
2561 1625 2731 1680 pane,
2793 1609 3094 1678 vinumque
3152 1606 3346 1668 bibite,
3408 1602 3554 1670 quod

1967 1704 2129 1759 vobis
2164 1704 2362 1758 miscui
2392 1704 2463 1757 ⁸¹.
2503 1721 2524 1758 ι
2576 1702 2720 1769 Quin
2756 1702 2921 1757 etiam
2968 1700 3226 1755 dominus
3256 1697 3557 1750 Samarita-

1968 1811 2168 1851 norum
2224 1798 2456 1852 salutem
2499 1797 2789 1852 indicans:
2828 1813 2856 1867 AI
2894 1794 3111 1852 Cibum.
3146 1774 3341 1857 inquit,
3376 1791 3557 1844 bale

1969 1904 2079 1958 quo
2111 1905 2328 1949 vi-srar.
2366 1889 2523 1943 vobis
2552 1886 3023 1956 haud‘cognitnm
3053 1884 3120 1938 ⁸³.
3161 1904 3179 1937 ι
3218 1885 3349 1938 Item
3385 1882 3512 1937 alibi
3540 1901 3555 1936 :

1977 1999 1995 2033 ι
2043 1982 2146 2048 Qui
2186 1983 2324 2047 sitit,
2361 1985 2429 2036 ad
2489 2000 2576 2037 me
2642 1983 2832 2037 veniat
2872 1997 2936 2049 ac
2987 1981 3142 2034 bibat
3184 1980 3250 2032 ⁸³.
3294 1997 3312 2029 i
3354 1978 3559 2042 Quam-

1892 2059 1933 2115 Β
1964 2074 2150 2129 obrem
2175 2075 2464 2129 consitioni
2502 2074 2702 2129 Edenis
2746 2060 2888 2143 lquae
2910 2088 3012 2126 vox
3047 2070 3272 2125 delicias
3303 2068 3555 2137 denotat)

1967 2167 2310 2221 conveniens
2351 2166 2578 2236 quidam
2621 2165 2840 2220 fructus
2881 2162 3388 2219 accommodandus
3434 2169 3555 2227 est,

1966 2274 2079 2329 quo
2119 2261 2268 2329 pasci
2317 2259 2432 2331 99
2478 2259 2760 2314 hominem
2794 2273 2905 2313 non
2935 2257 3254 2311 dubitemus
3286 2272 3301 2309 :
3343 2269 3557 2323 nequa-

1967 2368 2134 2423 quam
2192 2369 2325 2408 rero
2378 2353 2734 2423 cogitandum
2796 2353 2850 2407 in
2901 2351 3141 2423 paradisi
3205 2350 3316 2404 vita
3383 2348 3558 2403 fuisse

1969 2446 2374 2501 nutrimentum
2427 2446 2649 2516 aliquod
2696 2446 3103 2509 transitorium,
3158 2441 3418 2513 quodque
3460 2457 3558 2511 per

1968 2536 2118 2590 vices
2165 2536 2531 2603 ingeretetur.
2588 2535 2795 2591 Eodem
2836 2535 3001 2590 modo
3045 2534 3270 2590 divinus
3301 2535 3381 2585 γῆν
3410 2533 3560 2585 Ana-

1967 2629 2175 2684 stasius
2206 2629 2391 2682 cibum
2435 2629 2588 2683 illum
2616 2630 2735 2683 vult
2790 2628 3169 2682 inlellcctilem
3226 2626 3416 2688 fuisse,
3446 2641 3556 2679 non

1967 2722 2231 2776 sensilem
2288 2732 2453 2791 atque
2487 2722 2788 2776 carnalem.
2820 2720 2957 2775 Nam
2990 2721 3035 2775 si
3069 2719 3251 2774 cibum
3284 2717 3558 2787 ejusmodi

1966 2814 2192 2871 Littera
2220 2828 2391 2867 sacrae
2422 2804 2779 2882 designarent
2805 2852 2820 2878 ,
2851 2812 3020 2866 etiam
3066 2810 3365 2865 carnaliter
3397 2810 3556 2879 primi

1968 2906 2222 2960 homines
2268 2906 2363 2958 illo
2390 2904 2701 2974 degustato-
2724 2915 2959 2957 mortem
2998 2902 3286 2956 obiissent.
3324 2903 3390 2955 At
3424 2919 3559 2956 vero

1967 3000 2171 3054 mentis
2202 3000 2418 3053 ratione
2447 3013 2570 3051 cum
2601 2997 2951 3067 deliquerint,
2970 2994 3178 3050 idcirco
3202 3011 3323 3049 mox
3360 2998 3558 3048 anima:

1968 3101 2201 3146 mortem
2238 3101 2528 3160 oppetunt.
2570 3088 2774 3143 Eodem
2825 3088 2990 3141 modo
3043 3086 3339 3157 Gregorius
3391 3086 3555 3138 etiam

1969 3185 2261 3244 theologus
2294 3171 2546 3236 arborem
2577 3181 3016 3246 illam,scientiae
3043 3179 3300 3233 videlicet
3328 3178 3556 3247 lignum,

1968 3276 2491 3344 contemplationem
2533 3275 2612 3328 ait
2663 3289 2825 3339 esse,
2864 3275 2966 3328 boc
3027 3279 3114 3327 εει
3166 3272 3556 3343 perfectiorein

264 3358 564 3413 Δέδεικται
596 3359 707 3430 γὰρ
740 3362 803 3414 ἐκ
839 3360 1050 3415 πολλῶν
1081 3362 1163 3416 ὅτι
1206 3363 1466 3435 βρώσεως
1505 3366 1772 3438 αἰσθητῆς
1805 3369 1862 3421 ὲν

1968 3368 2264 3439 quamdam
2306 3366 2703 3438 cognitionem,
2733 3367 2800 3420 ad
2843 3381 3008 3436 quam
3044 3365 3382 3420 contendere
3416 3363 3558 3417 velle

256 3451 337 3521 τῷ
370 3451 704 3524 ’.παραδείσῳ
729 3454 830 3507 οὐκ
858 3449 926 3524 ἦν
952 3455 1135 3525 ἐνδεὴς
1166 3458 1192 3509 6
1222 3456 1395 3527 ’Δδάμ
1414 3475 1431 3492 σ
1457 3460 1726 3524 ἀθάνατος
1755 3462 1862 3534 γάρ

1969 3477 2081 3516 non
2114 3469 2290 3515 tutum
2323 3469 2409 3515 est
2463 3461 2552 3525 iis,
2599 3454 2833 3529 quorum
2889 3458 3164 3528 cupiditas
3221 3466 3341 3528 plus
3399 3473 3559 3524 atque

253 3544 367 3597 ὖπδ
418 3543 554 3596 Θεοῦ
591 3546 892 3616 παραχθεὶς
931 3548 1032 3600 οὐκ
1072 3543 1141 3618 ἦν
1176 3549 1389 3614 οὐδενὸς
1424 3551 1633 3623 ἐνδεής.
1667 3554 1779 3608 Καὶ
1809 3556 1866 3610 τί

255 3637 370 3709 χρὴ
400 3635 584 3689 πολλὰ
611 3636 823 3706 λέγεινς
853 3642 900 3692 εί
930 3639 1051 3692 καθ’
1075 3642 1373 3711 ὁμοιότητα
1395 3641 1779 3712 τῶνὰγγὲλων
1805 3649 1866 3701 ὲν

214 3727 225 3734 ’
263 3732 335 3798 τῇ
375 3728 688 3783 ἀναστάσει
722 3725 948 3800 ζήσεται
979 3733 1005 3784 6
1037 3733 1321 3803 ἅνθρωπος
1352 3732 1374 3806 (
1392 3753 1411 3788 ι
1451 3737 1548 3790 καὶ
1580 3737 1797 3792 ἔσονται
1839 3758 1860 3789 ι

254 3820 370 3890 γάρ
416 3834 564 3888 φησι
608 3838 628 3871 ι
669 3821 874 3885 πάντες
910 3822 986 3885 ὡς
1024 3822 1247 3892 ἄγγελοι
1285 3824 1421 3879 Θεοῦ
1465 3827 1556 3900 δ),
1600 3830 1634 3885 ἠ
1671 3831 1728 3884 δὲ
1762 3832 1864 3903 τῆς

244 3912 638 3975 ἀναστάσεως
678 3913 843 3982 χάρις
885 3913 1039 3968 οὐδὲν
1084 3915 1214 3969 ἄλλο
1253 3918 1403 3972 ἐστὶν
1444 3921 1588 3975 κατά
1632 3939 1696 3990 γε
1738 3926 1867 3989 τοὺς

247 4006 444 4070 θείους
482 4004 740 4077 Πατέρας
770 4007 804 4074 ἢ
837 4009 975 4076 πρὸς
1005 4008 1065 4061 τδ
1096 4011 1323 4078 ἀρχαῖον
1353 4012 1461 4064 τῶν
1492 4017 1865 4070 πεπτωκότων

242 4097 727 4160 ἀποκατάστασις
747 4137 763 4158 ,
795 4098 1017 4169 εὔδηλον
1052 4101 1265 4165 πάντως
1297 4103 1379 4156 ὅτι
1415 4106 1524 4173 πρὸ
1555 4109 1650 4177 τῆς
1682 4125 1866 4177 παρας

240 4188 482 4252 (idaea);
518 4187 810 4257 ίσάγγελον
836 4185 948 4260 εἶχε
975 4191 1078 4260 τὴν
1102 4188 1303 4262 ζωὴνό
1330 4171 1522 4265 Ἀδὰμ,
1559 4171 1695 4268 μῆτε

240 4298 328 4335 σει
387 4282 557 4353 μήτε
602 4282 779 4347 πόσει,
828 4282 1079 4354 καθάπερ
1130 4285 1373 4356 εἴρηται,
1421 4287 1745 4362 χρώμενος,
1781 4294 1867 4346 ὃτι

239 4375 385 4446 μηδὲ
420 4372 600 4443 παρὰ
624 4376 737 4436 τοῖς
761 4374 1016 4443 ἀγγέλοις
1043 4377 1225 4439 αὐτοῖς
1249 4378 1488 4433 τοιοῦτόν
1514 4398 1566 4433 τι
1593 4382 1869 4455 τεθεώρη-

234 4485 351 4523 ται.
380 4469 496 4539 Μὴ
526 4466 712 4520 τοίνυν
740 4467 796 4519 ἐν
824 4469 1140 4539 παραδείσῳ
1166 4469 1260 4523 τὸν
1284 4471 1571 4543 ἄνθρωπον
1595 4476 1869 4547 αἰσθητῆς

236 4559 641 4631 ἐμφορεῖσθαι
678 4559 866 4629 νόμιζε
903 4560 1197 4631 βρώσεως,
1231 4562 1316 4616 ὅτι
1353 4564 1487 4633 μηδὲ
1523 4566 1713 4635 χρείαν
1749 4567 1867 4640 εἷχε

233 4655 461 4727 ταύτης
497 4654 692 4707 ἐκεῖσε
719 4653 807 4706 διά
832 4669 896 4721 γε
920 4655 1019 4723 τὴν
1044 4655 1192 4725 αὐτῷ
1216 4657 1521 4726 τηνικαῦτα
1549 4662 1867 4731 προσοῦσαν

1966 3563 2048 3611 est
2131 3553 2316 3608 avida.
2386 3552 2563 3621 igitur
2621 3551 3036 3606 animadvertas
3089 3565 3209 3605 esse
3267 3549 3558 3618 probatum

1968 3645 2336 3715 complurium
2376 3643 2729 3708 auctoritate,
2758 3658 2867 3697 non
2910 3643 3128 3713 eguisse
3185 3641 3456 3695 Adatnum
3503 3642 3559 3698 in

1966 3736 2225 3806 paradiso
2252 3736 2378 3789 cibo
2407 3735 2647 3804 quodam
2683 3733 2897 3789 sensili.
2935 3731 3149 3801 Quippe
3177 3747 3303 3787 cum
3332 3733 3560 3785 immor-

1971 3829 2093 3883 talis
2132 3844 2163 3883 a
2200 3827 2314 3883 Deo
2347 3826 2605 3881 conditus
2652 3835 2823 3891 esset,
2872 3827 2952 3879 rei
3007 3826 3213 3878 nullius
3251 3824 3556 3892 indigebat.

1967 3921 2035 3977 Et
2061 3922 2191 3992 quid
2227 3923 2342 3975 haec
2365 3937 2466 3991 ego
2497 3919 2764 3989 prolixius
2793 3916 3006 3972 tracto?
3038 3917 3095 3969 Si
3130 3916 3197 3971 ad
3234 3915 3556 3986 angelorum

1969 4014 2392 4071 similitudinem
2429 4013 2483 4067 in
2519 4011 2929 4067 resurrectione
2964 4011 3211 4066 victurus
3250 4020 3335 4063 est
3368 4010 3555 4070 homo,

1967 4104 2433 4176 quemadmodum
2470 4106 2835 4172 perscriptum
2866 4101 3102 4174 legimus
3132 4119 3146 4155 :
3180 4119 3199 4151 ι
3238 4100 3413 4155 Erunt
3443 4116 3561 4153 om-

1969 4212 2066 4251 nes
2092 4206 2367 4266 lanquam-
2394 4194 2569 4265 angeli
2631 4192 2728 4246 Dei
2759 4193 2849 4255 εν,
2882 4211 2899 4243 ι
2943 4199 2999 4247 et
3047 4207 3183 4247 vero
3227 4192 3270 4246 si
3308 4208 3559 4245 resurre—

1968 4290 2173 4343 ctionis
2201 4287 2532 4342 beneﬁcium
2568 4286 2635 4341 de
2675 4285 2961 4342 sententia.
2985 4286 3296 4340 divinorum
3335 4284 3557 4338 Patrum

1968 4380 2107 4434 nihil
2149 4388 2232 4434 est
2289 4380 2438 4434 aliud
2505 4393 2670 4448 quam
2719 4379 2999 4447 lapsorum
3060 4378 3126 4431 ad
3187 4378 3559 4433 conditionem

1969 4473 2255 4543 pristinam
2316 4470 2641 4531 restitutio.
2720 4469 2951 4540 intelligi
3030 4473 3339 4539 perSpicue.
3377 4481 3560 4538 potest

1967 4567 2242 4622 Adamum
2311 4573 2440 4619 ante
2514 4561 3004 4632 transgressionem
3060 4562 3225 4615 vitam
3298 4562 3560 4630 angi-lira:

1971 4676 2157 4730 parem
2190 4660 2388 4730 egisse,
2430 4672 2529 4710 nec
2586 4656 2724 4710 cibo.
2768 4670 2872 4709 nec
2932 4664 3086 4724 potu,
3133 4668 3232 4707 ceu
3295 4654 3555 4713 diximus.

229 4751 568 4805 ἀπάθειαν.
590 4745 752 4801 -Ἀλλ’
776 4750 870 4800 ἐπὶ
904 4748 1117 4813 τούτοις
1156 4750 1523 4819 άμφιόάλλειν
1559 4756 1661 4809 οὐκ
1700 4756 1862 4823 ἐπρε-

1976 4769 2157 4816 usum,
2199 4753 2421 4819 quando
2453 4749 2580 4816 quid
2608 4748 2871 4816 ejusmodi
2904 4761 3004 4799 nec
3032 4745 3084 4797 in
3112 4745 3320 4815 angelis
3373 4745 3555 4799 locum

227 4858 360 4898 πεν.
394 4839 654 4909 Ἐπειδὴ
680 4840 791 4908 γὰρ
814 4839 882 4892 τὰ
908 4841 1118 4909 φυσικὰ
1141 4841 1319 4895 ταῦτα
1343 4843 1511 4915 πάθη,
1539 4847 1700 4901 πεῖνα
1725 4848 1862 4918 λέγω

1969 4846 2156 4899 habet.
2213 4844 2564 4912 Quapropter
2621 4840 2939 4896 existimare
3001 4836 3111 4892 noli
3173 4836 3446 4893 hominem
3502 4838 3561 4891 in

226 4935 328 4990 καὶ
353 4935 509 5005 δίψα
541 4932 719 4995 κόπος
744 4929 910 4995 ὕπνος
932 4932 1095 5003 ὀδύνη
1121 4932 1266 4997 λύπη
1290 4934 1386 4988 καὶ
1405 4935 1472 4988 τά
1496 4935 1661 5003 λοιπὰ
1680 4979 1697 5003 ,
1727 4940 1870 5009 μετὰ

225 5025 329 5099 τὴν
366 5022 727 5094 παράϐασιν
755 5023 834 5084 είς
862 5022 953 5077 τὸν
978 5024 1324 5095 ἀνθρώπινον
1357 5026 1474 5099 βίον
1505 5029 1864 5109 είσήλθοσαν,

1967 4937 2222 5009 paradiso
2276 4936 2460 4992 sensili
2513 4920 2852 4988 nutrimento
2896 4947 2965 4987 seu
3010 4930 3263 4993 satiasse.
3303 4930 3558 4999 quando-

1966 5031 2185 5101 quidem
2220 5029 2343 5084 istic
2368 5044 2435 5083 eo
2469 5044 2576 5083 non
2614 5026 2894 5098 indigebat
2922 5033 3211 5103 propterea
3258 5026 3404 5093 quod
3435 5040 3561 5079 oni-

228 5119 316 5182 ὡς
335 5121 367 5172 ό
396 5117 593 5184 λόγος
626 5112 728 5181 ἤδη
761 5112 976 5181 φθάσας
1007 5114 1331 5185 ἐγνώρισεν,
1361 5118 1614 5187 φαίνεται
1645 5123 1862 5187 πάντως

1967 5123 2055 5178 nis
2097 5133 2212 5191 tum
2254 5120 2568 5175 ali'ectionis
2596 5128 2743 5172 esset
2773 5132 2997 5188 expers.
3037 5117 3331 5171 Enimvero
3376 5117 3561 5171 nemi-

226 5211 313 5266 ὅτι
347 5209 473 5282 πρὸ
501 5206 627 5276 τῆς
658 5204 933 5276 ἁμαρτίας
959 5207 988 5259 6
1016 5206 1304 5278 ἄνθρωπος
1333 5211 1432 5263 οὐκ
1460 5204 1572 5281 εἶχε
1605 5212 1662 5265 τὸ
1691 5230 1863 5267 κατα-

230 5303 539 5373 ναγκάζειν
573 5295 746 5350 αὐτὸν
772 5298 1033 5368 αἰσθητῆς
1064 5298 1334 5353 ἅπτεσθαι
1363 5301 1641 5372 βρώσεως.
1670 5306 1781 5358 Καὶ
1808 5306 1860 5357 τί

226 5397 340 5469 Χρὴ
373 5390 580 5450 πολλὰ
619 5387 840 5455 λέγεινῖ
873 5390 927 5442 εἴ
952 5406 1016 5459 γε
1045 5392 1255 5461 τροφῆς
1282 5388 1352 5465 ἦν
1378 5395 1568 5464 ἐνδεὴς
1595 5398 1621 5448 ὁ
1651 5396 1865 5466 ἄνθρω-

230 5505 332 5551 πος
362 5485 474 5541 ἀπ’
501 5477 738 5552 ἀρχῆς,
769 5477 844 5542 ὥς
870 5497 1015 5545 τινες
1045 5482 1413 5554 ὑπειλήφασι,
1444 5488 1536 5540 καὶ
1564 5489 1768 5540 πεινῶν
1799 5489 1863 5543 ἂν

228 5579 289 5649 ἒξ
334 5578 628 5648 ἀνάγκης
680 5566 747 5642 ἦν
790 5573 883 5625 καὶ
930 5572 1103 5643 ῥιγῶν
1146 5578 1241 5631 καὶ
1285 5579 1651 5650 κοιμώμενος.
1700 5582 1764 5635 Εί
1809 5583 1868 5636 δὲ

231 5674 493 5735 τοιοῦτος
536 5664 768 5728 ἐκεῖνος
800 5659 905 5735 ἦν,
938 5665 1169 5740 εὔδηλον.
1197 5670 1419 5735 πάντως
1452 5673 1536 5726 ὃτι
1572 5672 1767 5743 θνητὸς
1799 5670 1869 5745 ἦν

1963 5230 2091 5270 nem
2119 5215 2221 5267 hac
2246 5213 2301 5266 in
2336 5221 2491 5282 parte
2524 5210 2806 5281 ambigere
2833 5210 3224 5264 conveniebat.
3262 5207 3394 5263 Nam
3432 5225 3559 5263 cum

1966 5307 2290 5363 aﬂectiones
2338 5305 2442 5359 illae
2494 5303 2800 5367 naturales,
2831 5303 3028 5368 fames,
3064 5302 3308 5372 inquam,
3345 5318 3402 5357 et
3433 5301 3560 5357 sitis

1966 5409 2021 5453 et
2051 5397 2298 5467 fatigatio
2326 5404 2382 5450 et
2417 5410 2643 5450 somnus
2681 5406 2740 5449 et
2768 5395 2929 5450 dolor
2965 5403 3020 5448 et
3049 5410 3277 5456 interpr.
3313 5403 3370 5448 et
3401 5404 3560 5445 caete-

1966 5505 2064 5554 τε,
2113 5500 2238 5560 post
2283 5490 2747 5558 trangressionem
2784 5486 3023 5557 primum
3059 5488 3227 5540 vitam
3260 5485 3554 5538 humanam

1968 5583 2293 5640 invaserint.
2335 5593 2394 5635 ut
2442 5580 2714 5650 superiori
2759 5582 3013 5636 oratione
3054 5581 3366 5637 docuimus.
3404 5582 3557 5645 patet

1969 5678 2197 5730 omnino
2228 5686 2356 5729 ante
2404 5685 2692 5745 peceatum
2747 5674 3027 5729 hominem
3059 5686 3241 5727 causa:
3266 5668 3402 5722 nibil
3452 5667 3553 5721 ba-

229 5768 328 5824 ἀπ’
360 5763 567 5839 ἀρχῆς
627 5755 736 5810 καὶ
780 5759 1019 5826 φθαρτὸς
1049 5777 1064 5794 ι
1118 5762 1381 5817 ἀδύνατον
1433 5763 1543 5835 γὰρ
1591 5767 1862 5837 ἄφθαρτον

1972 5769 2178 5830 linisse,
2215 5785 2336 5836 qua:
2371 5769 2550 5837 ipsum
2587 5768 2653 5821 ad
2685 5768 3016 5822 sumendum
3066 5764 3325 5818 sensilctn
3362 5775 3557 5831 quem-

233 5861 537 5931 διαμένειν
559 5895 577 5917 ,
610 5851 707 5911 ὡς
733 5851 759 5901 ὁ
784 5851 1142 5920 Δαμασκηνὸς
1177 5855 1430 5926 Ἰωάννης
1459 5856 1595 5925 φησὶ
1618 5898 1633 5922 ,
1664 5857 1755 5913 τὸν
1788 5862 1862 5912 αἱ·

1973 5862 2095 5916 dam
2128 5862 2308 5915 cibum
2352 5872 2588 5930 cogeret.
2635 5861 2773 5927 Quid
2811 5863 3019 5931 prolixa
3053 5858 3386 5913 indicationc
3413 5870 3569 5930 opus

309 6040 354 6071 "
394 6038 573 6094 Prov.
614 6046 703 6093 IX.
742 6026 791 6081 5-

865 6028 909 6059 “
942 6030 1100 6091 Joan.
1136 6048 1210 6096 ιν,
1240 6034 1330 6088 5‘2.
1407 6035 1452 6067 ⁸⁸
1487 6033 1644 6090 Joan.
1673 6053 1769 6107 vn,
1808 6038 1898 6092 57.
1974 6041 2038 6074 '3‘
2071 6041 2261 6096 Matth.
2297 6057 2433 6104 χχιι,
2471 6041 2559 6095 50.
