3936 6488
405 522 513 586 2οἸ

1660 531 2117 592 'MICIJAELIS
2157 531 2420 591 GLYC‘zE

3526 534 3619 599 ιιι

398 638 531 693 est?
565 636 621 693 Si
667 636 830 693 homo
862 638 930 693 ab
963 639 1118 695 initio
1160 641 1480 697 nutrimenti
1515 642 1703 714 egebat
1738 642 1805 698 de
1836 660 1973 713 quo-

2089 641 2285 711 σθητῆς
2322 640 2578 711 βρώσεως
2617 643 2676 694 ὲν
2715 642 2976 713 μετουσίᾳ
3011 644 3318 712 γενόμενον.
3351 636 3621 713 Ἃλϊάφες

398 730 653 786 rumdam
711 732 992 803 opinione,
1054 733 1314 788 nimirum
1372 736 1688 791 necessnio
1726 737 1975 806 sequitur

399 824 566 877 etiam
597 824 772 894 ipsum
806 825 1093 889 csuriisse,
1120 825 1293 896 frigus
1318 826 1971 896 pertulisse,'dormiisse.

398 914 454 969 Si
483 915 604 969 talis
635 926 774 980 erat,
813 935 842 968 u
868 917 1167 971 anichtum
1199 926 1283 971 est
1317 919 1482 973 etiam
1515 919 1583 972 ab
1610 919 1768 973 initio
1800 920 1970 975 fuisse

398 1005 682 1060 mortalem
705 1014 761 1061 et
796 1006 1042 1063 interitui
1069 1008 1401 1073 obnoxium;
1439 1010 1625 1079 nequit
1650 1010 1796 1065 enim
1829 1012 1974 1074 lleri,

393 1095 857 1165 quemadmodum
893 1097 1134 1156 Joannes
1195 1101 1565 1156 Damascenus
1620 1103 1719 1167 ait,
1764 1114 1822 1156 ut
1873 1118 1970 1156 ex-

396 1201 520 1251 pers
582 1188 836 1243 interitus
894 1200 1114 1246 maneat
1178 1192 1271 1261 qui
1328 1194 1452 1247 cibo
1509 1193 1694 1248 sensili
1749 1193 1971 1248 fruitur.

2072 734 2311 796 αὐτούς’
2350 737 2385 805 ἡ
2425 735 2531 805 γὰρ
2567 734 3034 807 άναγεγραμμένη
3077 737 3208 804 άγία
3250 736 3453 800 σύνοδος
3487 738 3614 792 οὕτω

2073 826 2206 897 περὶ
2230 824 2327 879 τοῦ
2357 826 2576 897 πρώτου
2607 826 2898 899 ἀνθρώπου
2929 831 3148 898 φρονεῖν
3172 827 3405 898 οὐδαμοῦ
3433 840 3627 898 συγχω-

2074 923 2182 987 ρεῖ.
2211 922 2446 988 Διέξεισι
2476 923 2585 993 γὰρ
2612 920 2757 975 οῦτω
2784 921 2927 975 κατὰ
2956 918 3159 986 λέξιν,‹
3194 919 3351 983 εἴτις
3380 917 3522 988 λέγει
3545 919 3625 973 τδν

2083 1010 2256 1080 Ἀδάμ
2298 1010 2493 1081 θνητὸν
2529 1011 2835 1082 πλασθῆναι
2879 1013 3033 1081 παρὰ
3067 1008 3226 1073 Θεοῦ,
3269 1010 3363 1062 καὶ
3392 1009 3462 1078 μὴ
3507 1007 3628 1078 μετὰ

2070 1102 2172 1173 τὴν
2211 1104 2489 1175 ἁμαρτίαν
2525 1104 2701 1157 ἐλθεῖν
2737 1105 2819 1166 είς
2860 1103 3070 1172 φθορὰν
3093 1143 3108 1169 ,
3154 1103 3268 1172 ἤτω
3312 1100 3567 1171 ἀνάθεμα.
3608 1118 3625 1149 ι

2074 1194 2190 1250 Καὶ
2220 1196 2349 1266 περὶ
2382 1196 2480 1264 μὲν
2507 1194 2711 1250 τούτων
2738 1193 2932 1259 οὕτως.

396 1279 593 1336 Missos
632 1281 800 1351 igitur
847 1285 968 1339 illos
994 1285 1185 1350 facies,
1242 1288 1460 1358 quando
1525 1289 1778 1359 superius
1812 1290 2050 1345 indicata
2078 1292 2319 1363 synodus
2370 1292 2446 1347 ita
2482 1306 2584 1348 nos
2637 1292 2704 1348 de
2755 1290 2978 1347 homine
3027 1290 3234 1348 sentire
3282 1302 3388 1345 non
3427 1286 3635 1357 patitur,

394 1374 550 1442 cujus
599 1373 715 1429 bare
769 1392 1031 1448 expressa
1087 1381 1255 1436 verba
1305 1391 1478 1437 sunt:
1520 1401 1540 1435 ι
1588 1381 1644 1437 Si
1684 1383 1808 1454 quis
1841 1384 1974 1439 dicit
2016 1383 2286 1440 Adamum
2319 1400 2346 1439 α
2382 1368 2494 1441 Deo
2531 1366 2816 1442 conditum
2851 1400 2975 1441 esse
3033 1384 3340 1446 mortalem,
3405 1397 3466 1437 ac
3533 1394 3631 1433 non

398 1475 835 1549 postnpeccatum
875 1472 1188 1543 prolapsum
1223 1489 1346 1530 esse
1413 1479 1467 1530 iu
1517 1476 1827 1543 interitum;
1854 1477 2208 1533 exsecrabilis
2236 1486 2377 1533 esto.
2418 1497 2436 1529 ι
2508 1478 2585 1533 Ac
2616 1478 2684 1534 de
2739 1477 2825 1533 his
2855 1477 3079 1549 quidem
3110 1478 3166 1532 in
3228 1478 3373 1531 hunc
3435 1471 3636 1527 modum

399 1546 738 1628 disputatum
765 1577 907 1621 esu).

474 1653 633 1722 ιοο
663 1655 932 1715 Ca-tcrum
973 1660 1335 1719 nihilominus
1383 1666 1523 1721 sevit
1563 1666 1832 1735 ejusmodi
1887 1686 1977 1724 ar-

397 1742 583 1796 borem
624 1744 768 1802 Deus
828 1751 881 1803 in
936 1753 1216 1829 paradiso,
1262 1756 1331 1810 de
1369 1771 1473 1826 qua
1525 1761 1671 1813 vesci
1707 1759 1975 1816 Adamum

396 1834 588 1887 vetuit.
618 1834 984 1902 Quamobrem
1016 1842 1203 1898 istuc?
1229 1855 1289 1899 ut
1320 1847 1448 1902 hinc
1494 1854 1775 1902 tantorum
1805 1849 1978 1904 bono—

397 1947 516 1988 rum
581 1933 1043 2004 suppeditatorem
1106 1948 1448 2008 agnosceret.
1504 1956 1672 2011 seque
1740 1940 1975 1997 Domino

398 2026 702 2096 subjectum
738 2027 904 2083 sciret
936 2028 1091 2096 (libet
1123 2010 1270 2086 enim
1318 2048 1443 2087 cum
1471 2010 1864 2104 Cbrvsostomo
1895 2034 1978 2086 lo-

2146 1670 2444 1724 Φυτεύεται
2499 1669 2553 1722 δὲ
2593 1670 2743 1739 ὅμως
2797 1671 2854 1723 ὲν
2903 1667 3221 1739 παραδείσῳ
3274 1664 3370 1719 καὶ
3419 1661 3645 1716 τοιοῦτον

2076 1765 2266 1829 φυτὸν,
2293 1763 2386 1831 ἀφ’
2411 1754 2472 1814 οὗ
2501 1759 2807 1814 κεκώ“ι.υται
2859 1761 2934 1831 μὴ
2969 1760 3165 1828 φαγεῖν
3201 1759 3228 1811 ὁ
3266 1756 3456 1825 Ἀδάμ.
3486 1753 3631 1814 Τίνος

2072 1855 2295 1921 ἒνεκεν;
2337 1852 2426 1916 Ὦς
2477 1851 2727 1905 ἐντεῦθεν
2783 1850 3172 1920 ἐπιγινώσκειν
3227 1848 3316 1902 τὸν
3376 1843 3634 1899 τοσούτων

2074 1946 2297 2014 ἀγαθῶν
2328 1946 2593 2017 παροχέα,
2628 1945 2723 1997 καὶ
2765 1944 2841 2007 ὡς
2879 1944 2983 1997 ὑπὸ
3014 1943 3297 2009 Δεσπότην
3324 1938 3483 2000 αὑτός
3519 1937 3646 1999 ἐστι,

2077 2038 2221 2093 καθά
2252 2054 2417 2109 φησιν
2449 2039 2477 2091 ό
2508 2036 2607 2106 τὴν
2654 2034 2907 2104 γλῶτταν
2953 2032 3214 2105 χρυσοῦς,
3246 2031 3343 2085 καὶ⁵
3378 2028 3454 2101 μὴ
3485 2023 3647 2080 τοιοῦ-

398 2115 538 2184 qdi),
569 2131 672 2171 neu
705 2116 836 2186 quid
893 2117 943 2172 ei
997 2118 1103 2173 tale
1159 2120 1433 2177 accideret
1482 2122 1791 2192 cuiusmodi
1825 2124 1982 2191 iapsu

2089 2142 2171 2179 τον
2229 2124 2424 2177 παθεῖν
2468 2124 2529 2188 ἐξ
2585 2124 2850 2186 ἀπονοίας
2896 2124 3081 2177 όποῖον
3135 2121 3346 2176 ἔπαθεν
3394 2120 3425 2173 δ
3480 2114 3654 2169 πεσὼν

400 2205 962 2274 Luciferousuvenit,
1011 2212 1105 2280 qui
1148 2213 1467 2268 concessam
1515 2214 1621 2269 sibi
1653 2215 1877 2285 gloriam
1914 2231 1976 2268 ac

400 2297 746 2373 splendorem
782 2301 926 2357 ferre
956 2318 1067 2358 non
1101 2304 1298 2374 potuit.
1329 2303 1399 2361 At
1428 2306 1575 2362 enim
1619 2308 1748 2378 quid
1779 2323 1976 2363 secun-

401 2391 532 2443 dum
590 2391 702 2446 Iure
752 2392 1001 2447 factum?
1053 2396 1370 2451 mandatum
1403 2398 1805 2468 transgreditur
1837 2399 1978 2452 Ada-

402 2499 544 2543 mus.
570 2498 633 2537 ex
658 2484 852 2539 arbore
871 2486 1132 2555 decerpit,
1165 2487 1309 2542 illico
1340 2488 1522 2543 nudus
1547 2487 1807 2553 efﬁcitur,
1836 2490 1978 2543 inte~

402 2577 531 2630 ritni
574 2577 630 2631 lit
675 2577 968 2640 obnoxius,
1002 2578 1260 2647 paradiso
1292 2579 1531 2647 eiicitur,
1574 2596 1697 2635 cum
1748 2580 1855 2638 Eva
1886 2598 1981 2636 cu-

402 2669 513 2728 bat.
550 2677 658 2724 tres
693 2669 830 2722 filios
859 2668 1045 2739 giguil,
1071 2662 1324 2733 Cainum,
1349 2671 1601 2736 Abelum,
1627 2671 1870 2727 Sctltum.

472 2762 647 2829 Atque
706 2761 797 2815 hic
849 2762 979 2816 mihi
1046 2761 1349 2831 prudenter
1405 2763 1648 2817 animum
1689 2764 1977 2832 advertite,

402 2852 602 2906 dilecte
640 2853 734 2917 lilii,
767 2869 903 2909 neve
941 2862 1317 2911 transversum
1350 2856 1443 2926 agi
1475 2864 1528 2910 te
1567 2856 1637 2910 ab
1682 2855 1747 2911 iis
1779 2859 1983 2927 patitor

403 2945 495 3012 qui
528 2943 841 3011 huiusmodi
884 2946 1169 3015 proferunt
1210 2963 1224 2998 :
1257 2945 1314 3000 Si
1348 2955 1504 3000 norat
1538 2946 1680 3002 Deus
1716 2930 1983 3002 Adamum

404 3037 660 3090 mandato
698 3053 808 3090 non
860 3036 1164 3106 pariturum
1207 3036 1440 3107 ideoque
1468 3038 1716 3106 paradiso
1755 3038 1983 3109 ejicien-

403 3129 558 3190 dum,
583 3129 937 3197 quamobrem
970 3130 1149 3198 ipsum
1180 3130 1462 3187 condidit?
1499 3131 1707 3186 Etenim
1744 3132 1827 3188 vel
1857 3148 1982 3185 eum

404 3221 644 3275 condere
700 3236 812 3275 non
859 3221 1110 3286 debebat,
1149 3221 1236 3276 vel
1284 3222 1576 3293 prohibere
1627 3236 1694 3275 ne
1733 3221 1987 3277 conditus

406 3313 590 3368 cibum
624 3313 776 3367 illum
808 3313 1036 3368 vetitum
1082 3313 1388 3386 attingeret.
1421 3314 1532 3369 llas
1567 3314 1858 3382 opiniones
1887 3313 1981 3383 qui

408 3417 736 3476 sequuntur,
770 3406 969 3460 missos
1006 3404 1193 3469 facito,
1236 3422 1301 3461 ac
1331 3406 1592 3477 Gregorio
1630 3406 1814 3476 potius
1854 3404 1986 3476 Nys-

518 3498 734 3568 prmsuli
790 3496 949 3552 fidem
987 3498 1267 3561 adhibeto,
1299 3498 1460 3568 cujus
1484 3499 1601 3553 hmc
1631 3498 1794 3553 verba
1826 3507 1980 3553 sunt.

406 3591 552 3646 Deus
580 3590 670 3645 ille
708 3590 797 3658 qui
834 3590 1013 3644 omnia
1050 3592 1221 3653 novit,
1262 3591 1404 3645 haud
1441 3589 1726 3661 ignorabat
1760 3604 1792 3644 e
1838 3590 1985 3646 bono

407 3681 844 3736 exorbitaturum
880 3681 1197 3747 hominem;
1253 3694 1431 3751 neque
1466 3688 1645 3734 tamen
1676 3680 1779 3734 hoc
1812 3678 1984 3750 impc-

408 3775 565 3829 divit.
592 3773 1065 3841 Quemaduolum
1094 3773 1240 3826 enim
1272 3773 1732 3828 exorbitationem
1764 3773 1983 3843 prospi-

407 3869 608 3933 ciebat,
663 3871 740 3922 sic
783 3876 837 3921 et
875 3868 1281 3922 revocationem
1315 3865 1433 3937 ejus
1470 3865 1534 3920 ad
1567 3866 1768 3921 bonum
1802 3866 1988 3935 cogni-

408 3973 519 4018 tam
567 3961 821 4015 habebat.
853 3959 995 4025 Quid
1044 3959 1212 4030 ergo?
1242 3960 1609 4028 praestabatne
1643 3972 1867 4029 prorsus
1894 3972 1989 4010 na-

411 4061 587 4104 turam
637 4058 875 4103 nostram
922 4048 974 4101 in
1015 4056 1196 4102 ortum
1228 4062 1336 4101 non
1390 4047 1733 4116 producere,
1770 4047 1989 4116 quando

409 4146 568 4194 norat
593 4138 869 4193 hominem
901 4137 1046 4192 Deus
1070 4154 1099 4190 a
1124 4138 1267 4192 bono
1288 4138 1669 4193 aberraturum
1709 4153 1724 4192 :
1756 4152 1826 4191 an
1853 4151 1989 4192 con-

411 4231 583 4284 ditum
616 4239 671 4284 et
702 4231 757 4283 in
799 4230 1047 4285 morbum
1082 4231 1401 4301 prolapsum
1435 4246 1626 4285 rursus
1658 4229 1723 4285 ad
1754 4231 1987 4300 primam

410 4321 638 4391 gratiam
681 4335 776 4389 per
809 4319 1192 4388 paenitentiam
1245 4320 1546 4375 revocare?
1577 4319 1988 4374 Praeferendum

411 4414 635 4468 cumino
675 4414 775 4469 hoc
807 4413 1060 4474 alterum.
1085 4414 1388 4484 praesertim
1425 4428 1548 4467 cum
1578 4420 1795 4467 constet
1823 4412 1987 4466 Deum

411 4507 651 4560 voluisse
703 4520 814 4558 sum
847 4504 1109 4560 bonitatis
1166 4519 1333 4558 causa
1385 4519 1563 4575 genus
1594 4505 1896 4559 humanum
1935 4504 1988 4557 in

412 4608 589 4653 crtum
660 4598 989 4668 producere,
1040 4597 1293 4666 quamvis
1344 4598 1398 4651 in
1462 4596 1715 4652 confesso
1757 4599 1829 4651 sit
1862 4612 1987 4651 eum

412 4690 770 4746 dellexinnem
805 4705 1023 4759 quoque
1065 4691 1304 4745 hominis
1347 4692 1379 4743 a'
1411 4706 1572 4745 cursu
1608 4699 1760 4745 recto
1792 4691 1991 4761 prmi-

2093 2216 2427 2286 Ἐωσφόρος,
2492 2216 2593 2286 τὴν
2648 2213 2899 2269 δοθεῖσαν
2954 2211 3104 2280 αὖτῷ
3165 2209 3531 2282 λαμπρότητα
3586 2203 3652 2275 μὴ

2080 2308 2333 2379 δυνηθεὶς
2364 2306 2631 2376 ἐνεγκεῖν.
2668 2305 2831 2359 Ἀλλά
2876 2303 2987 2373 γὰρ
3010 2306 3135 2357 τίνα
3165 2303 3235 2356 τὰ
3289 2302 3431 2372 μετὰ
3458 2296 3652 2357 totum;

2082 2399 2417 2469 Παραόαίνει
2464 2394 2564 2469 τὴν
2611 2395 2851 2466 ἑντολὴν.
2888 2395 3120 2450 άπτεται
3160 2393 3259 2447 τοῦ
3302 2391 3494 2461 φυτοῦ,
3525 2405 3655 2456 γυμο

2082 2491 2265 2546 νοῦται
2294 2489 2622 2558 τηνικαῦτα,
2652 2488 2829 2560 φθορᾷ
2868 2488 3216 2558 περιπίπτει,
3248 2482 3347 2539 τοῦ
3409 2474 3653 2551 παραδείο

2085 2602 2179 2638 σου
2226 2583 2573 2647 ἐκϐάλλεται,
2619 2582 2877 2650 γινώσκει
2927 2580 3026 2650 τὴν
3074 2578 3242 2639 Εὕαν.
3298 2574 3465 2645 γεννᾷ
3515 2569 3652 2640 τρεῖς

2085 2676 2258 2738 υἱοὺς,
2286 2674 2377 2727 τὸν
2412 2673 2556 2729 Κάϊν
2584 2673 2677 2726 τὸν
2717 2672 2875 2727 ’Δὸὲλ
2906 2672 2999 2723 καλ⁵
3026 2670 3117 2723 τὸν
3150 2668 3287 2740 Σήθ.

2155 2768 2398 2840 Πρόσεχε
2438 2766 2519 2832 δὲ,
2561 2766 2857 2836 ἁγαπητὲ,Δ
2885 2766 2979 2818 καὶ
3029 2762 3105 2833 μὴ
3152 2757 3505 2841 συναρπάζει)
3553 2753 3656 2814 τοῖς

2072 2862 2229 2915 οὕτω
2271 2861 2522 2930 λέγουσιν
2569 2878 2588 2912 ι
2630 2859 2802 2929 Είπερ
2840 2858 2956 2929 ᾔδει
2996 2857 3025 2910 ὁ
3062 2857 3197 2919 Θεὸς
3235 2854 3332 2907 τὸν
3360 2850 3543 2925 ,Ἀδὰμ
3567 2844 3661 2914 τὴν

2085 2953 2310 3023 ἐντολὴν
2346 2968 2407 3004 τε
2454 2950 2864 3022 παραϐαίνοντα
2892 2948 2986 3002 καὶ
3020 2944 3116 3000 τοῦ
3152 2941 3494 3017 παραδείσου
3519 2932 3685 3006 τηνι-⁹

2088 3044 2264 3100 καῦτα
2290 3044 2649 3107 ἐκπίπτοντα,
2680 3040 2734 3095 τί
2761 3042 2962 3112 δήποτε
3007 3038 3338 3109 παρήγαγεν
3366 3033 3564 3095 αὖτόνς
3595 3026 3656 3077 Ἥ

2087 3137 2196 3208 γὰρ
2229 3136 2335 3190 ἔδει
2375 3135 2451 3205 μὴ
2482 3134 2828 3204 παραγαγεῖν
2868 3131 3051 3194 αὑτὸν,
3078 3130 3112 3200 ἢ
3155 3126 3516 3198 παραχθέντα
3559 3137 3661 3172 xw-

2087 3229 2247 3283 λῦσαι
2276 3230 2377 3300 τῆς
2403 3226 2864 3297 ἀπηγορευμὲνης
2894 3222 3107 3293 ἐκείνης
3145 3219 3430 3292 βρῆὒσεως.
3460 3234 3479 3268 ι
3501 3216 3663 3281 Ἄφες

2089 3321 2308 3385 αὐτοὺς,
2333 3319 2451 3384 εἴγε
2478 3318 2547 3372 τὰ
2575 3316 2799 3373 τοιαῦτα
2840 3315 3120 3388 φρονοῦσι,
3155 3313 3353 3367 πείθου
3380 3311 3439 3366 δὲ
3474 3304 3665 3378 μᾶλλον

2087 3413 2166 3483 τῷ
2232 3411 2498 3481 θειοτάτῳ
2554 3408 2840 3481 Γρηγορίῳ
2886 3406 2967 3476 τῷ
3017 3405 3244 3475 Νύσσης
3286 3402 3436 3456 οὕτω
3463 3400 3668 3467 λέγοντι

2094 3524 2111 3557 ι
2151 3507 2233 3559 ὅτι
2266 3504 2365 3574 μὲν
2385 3502 2792 3572 ὲκτραπήσεται
2835 3499 2930 3552 τοῦ
2955 3496 3164 3565 ἀγαθοῦ
3200 3496 3264 3549 τὸ
3307 3491 3666 3563 ἀνθρώπινον,

2088 3595 2187 3648 οὐκ
2220 3593 2489 3662 ἠγνόησεν
2514 3593 2543 3645 ὁ
2568 3591 2638 3644 τὰ
2677 3591 2855 3644 πάντα
2896 3587 3051 3651 εἰδὼς
3083 3586 3242 3650 Θεός.
3274 3586 3396 3638 Οὐκ
3428 3579 3663 3637 ἐκώλυσε

2087 3688 2180 3742 δέ’
2229 3686 2419 3755 ὥσπερ
2468 3683 2577 3755 γὰρ
2613 3682 2714 3753 τὴν
2759 3678 3126 3751 παρατροπὴν
3185 3679 3486 3743 ἐθεάσατο,
3535 3672 3668 3726 οὕτω

2088 3777 2188 3848 τὴν
2238 3775 2539 3844 ἀνάκλησιν
2593 3770 2758 3827 αὐτοῦ
2811 3769 2974 3823 πάλιν
3014 3770 3113 3839 τὴν
3164 3770 3311 3841 πρὸς
3358 3770 3423 3822 τὸ
3471 3762 3673 3834 ἀγαθὸν

2090 3867 2407 3938 κατενόησε.
2446 3866 2511 3917 Τί
2536 3860 2664 3930 οῦν;
2694 3864 2949 3932 Ἄμεινον
2972 3857 3040 3932 ἦν
3070 3861 3312 3915 καθόλου
3345 3861 3423 3932 μὴ
3454 3857 3676 3926 ἀγαγεῖν

2089 3959 2191 4026 τὴν
2213 3957 2376 4025 φύσιν
2402 3954 2559 4025 ήμῶν
2603 3954 2682 4014 είς
2721 3954 2958 4021 γένεσιν,
2987 3951 3175 4023 ἐπειδὴ
3225 3950 3329 4005 τοῦ
3359 3949 3529 4005 καλοῦ
3559 3949 3669 4004 δια·

2095 4049 2368 4121 μαρτόντα
2418 4047 2677 4116 προέγνω
2736 4045 2830 4098 τὸν
2882 4045 3195 4114 ἄνθρωπον,
3245 4046 3281 4118 ἢ
3325 4041 3677 4115 παραχθέντα

2092 4140 2187 4191 καὶ
2212 4137 2540 4206 νενοσηκότα
2587 4135 2751 4189 πάλιν
2795 4134 2932 4205 πρὸς
2961 4133 3059 4204 τὴν
3091 4133 3153 4198 ἐξ
3190 4135 3376 4205 ἀρχῆς
3410 4133 3574 4203 χάριν
3595 4129 3676 4181 διὰ

2096 4228 2384 4299 μετανοίας
2422 4225 2972 4285 ὲπανακαλέσασθαιξ
3020 4224 3250 4288 Πάντως
3297 4225 3363 4279 τὸ
3405 4225 3677 4291 δεύτερον.

2098 4318 2308 4381 Ἀλλως
2341 4334 2399 4370 τε
2428 4316 2517 4369 διὰ
2564 4315 2663 4387 τὴν
2700 4314 2868 4370 αὐτοῦ
2901 4314 3219 4385 ἀγαθότητα
3272 4314 3633 4388 παραγαγεῖν
3657 4311 3683 4361 ό

2092 4412 2227 4474 Θεὸς
2276 4410 2508 4481 ἠθέλησε
2551 4410 2610 4464 τὸ
2663 4409 3041 4481 ἀνθρώπινον,
3105 4409 3579 4479 ὁμολογουμένως
3630 4404 3683 4458 δὲ

2094 4505 2312 4577 προεῖδε
2356 4503 2451 4557 καὶ
2501 4503 2602 4573 τὴν
2648 4501 3022 4570 γενησομένην
3054 4499 3224 4553 αὐτοῦ
3256 4497 3682 4571 παρεκτροπήν.

2096 4598 2269 4664 Είπερ
2305 4590 2401 4650 οὖν
2451 4594 2513 4646 οὐ
2556 4593 2848 4663 παρήγαγε
2890 4590 2981 4644 διὰ
3011 4589 3174 4643 τοῦτο
3218 4591 3322 4645 τὸν
3372 4590 3688 4662 ἄνθρωπον.

2093 4687 2250 4742 ἐνίκα
2297 4686 2351 4739 δὲ
2399 4684 2588 4738 λοιπὸν
2624 4684 2657 4753 ἡ
2708 4682 2874 4735 κακία
2908 4680 3091 4752 ἡμῶν,
3118 4680 3195 4744 ὡς
3243 4680 3275 4732 ὁ
3316 4675 3690 4750 Δαμασκηνὸς

416 4783 578 4836 disse.
616 4780 821 4847 Quodsi
873 4781 1012 4835 hanc
1050 4780 1121 4835 ob
1153 4795 1372 4835 causam
1405 4780 1681 4835 hominem
1716 4781 1982 4847 condidit,

2101 4782 2353 4850 Ἰωάννης
2400 4779 2572 4849 φησὶ,
2617 4775 2716 4845 τὴν
2759 4774 3075 4844 ἀγαθότητα
3131 4772 3231 4826 τοῦ
3291 4772 3465 4828 Θεοῦ.
3509 4771 3692 4827 Πάντα

415 4873 666 4943 sequitur
700 4873 768 4928 de
800 4872 1033 4927 Joannis
1074 4852 1398 4928 Damaseeui
1450 4875 1724 4929 sententia
1769 4875 1987 4929 bonita-

417 4976 525 5019 tem
593 4964 836 5018 divinam
877 4977 925 5017 λα
979 4963 1255 5032 pravitate
1331 4975 1513 5019 nostra
1593 4967 1793 5020 victam
1845 4981 1986 5021 esse.

415 5058 631 5127 Quippe
673 5056 815 5112 Deus
856 5055 1064 5121 omnia,
1104 5070 1227 5126 quze
1288 5056 1437 5121 facit,
1485 5056 1624 5112 bona
1677 5058 1828 5123 facit,
1865 5075 1987 5113 cum

416 5158 669 5205 nostrum
707 5146 939 5216 quilibet
965 5145 1231 5233 arbitratu
1270 5156 1321 5203 el
1345 5148 1618 5204 electione
1645 5150 1862 5219 propria
1906 5150 1989 5204 vel

417 5238 484 5291 ad
514 5239 718 5292 bonum
748 5235 831 5291 vel
862 5236 927 5292 ad
958 5237 1163 5291 malum
1197 5238 1466 5293 deﬂectat.
1494 5239 1816 5310 Quanquam
1843 5240 1988 5295 cnim

310 5360 315 5373 ι
417 5325 680 5382 Dominus
714 5325 905 5381 dicat:
948 5341 969 5377 ι
1012 5326 1315 5381 Prsestabat
1354 5328 1428 5382 illi
1470 5329 1672 5385 homini
1727 5346 1836 5384 non
1866 5344 1989 5383 esse

418 5427 605 5473 natum
644 5416 714 5481 ⁸⁸,
754 5436 773 5470 ι
806 5433 917 5474 non
957 5426 1136 5473 tamen
1172 5418 1277 5473 hoc
1309 5419 1379 5473 ita
1410 5419 1637 5490 profert.
1670 5420 1825 5487 quasi
1865 5435 1990 5490 pro-

421 5510 599 5577 prium
648 5509 932 5579 opificium
978 5510 1269 5581 vituperet,
1307 5513 1402 5566 sed
1452 5512 1694 5566 indicare
1729 5512 1843 5565 vult
1872 5526 1990 5565 eam

422 5601 797 5668 vitiositatem,
820 5617 943 5672 qua:
958 5603 1178 5673 Opificio
1206 5604 1393 5659 divino
1423 5604 1680 5673 deinceps
1705 5604 1994 5674 ipsiusmet

393 5694 704 5765 'voluntate
745 5696 993 5750 accessit.
1027 5694 1239 5766 Quippe
1273 5696 1325 5750 in
1360 5697 1465 5751 hoc
1499 5696 1718 5750 homine
1761 5695 1994 5765 propria:

426 5795 718 5848 voluntatis
748 5793 989 5863 nequitia
1031 5794 1233 5848 fecerat
1279 5799 1337 5848 ut
1379 5791 1426 5847 ei
1466 5790 1791 5847 beneficium
1836 5789 1988 5859 opili-

442 5944 448 5951 ’
488 5951 538 5987 ⁸⁸
571 5954 758 6012 Matth.
807 5972 952 6013 xxvt.
988 5955 1079 6009 2i.

2093 4873 2191 4943 μὲν
2219 4872 2312 4928 οῦν
2337 4871 2480 4927 καλὰ
2503 4873 2651 4924 ποιεῖ
2674 4870 2702 4920 ό
2726 4868 2997 4935 Θεὸς,ὅσα
3022 4868 3087 4937 δὴ
3114 4867 3210 4921 καὶ
3246 4871 3427 4934 ποιεῖ,
3460 4865 3691 4924 ἕκαστος

2088 4966 2146 5023 δὶ
2179 4964 2337 5033 ἡμῶν
2387 4962 2446 5029 ἐξ
2494 4961 2703 5022 οἰκείας
2751 4958 3132 5029 προαιρέσεως
3166 4956 3427 5010 ἐκκλίνει
3461 4954 3604 5027 πρός
3633 4967 3694 5020 γε
3724 5000 3731 5003 _

2088 5055 2151 5108 τὸ
2202 5053 2371 5106 καλὸν
2420 5051 2454 5121 ἢ
2500 5051 2561 5103 τὸ
2615 5049 2805 5104 κακόν.
2839 5049 2902 5101 Ei
2951 5047 3061 5117 γὰρ
3090 5044 3188 5099 καὶ
3216 5065 3238 5098 ι
3295 5048 3578 5119 συνέφερε
3620 5043 3696 5114 τῷ

2067 5145 2369 5218 ,ἀνθρώπῳ
2401 5145 2451 5198 εί
2498 5145 2600 5197 οὐκ
2641 5142 2906 5213 ἐγεννήθη
2949 5159 2967 5192 ι
3017 5139 3185 5211 φησὶν
3237 5143 3269 5195 ό
3297 5143 3543 5215 Κύριος,
3582 5140 3694 5198 ἀλλ’

2096 5241 2159 5295 οὐ
2200 5239 2299 5311 τὴν
2335 5237 2543 5291 οίκείαν
2587 5236 2948 5307 δημιουργίαν
3004 5235 3254 5300 κακίζων
3304 5238 3529 5308 ἔλεγεν,
3564 5236 3697 5292 ἀλλὰ

2097 5332 2198 5402 τὴν
2265 5329 2322 5393 ἐξ
2389 5329 2596 5391 οἰκείας
2674 5328 3051 5398 προαιρέσεως
3129 5329 3556 5402 ἑπιγενομὲνην
3625 5326 3700 5400 τῷ

2102 5422 2363 5490 κτίσματι
2399 5419 2563 5472 αὐτοῦ
2597 5418 2818 5471 κακίαν.
2864 5418 2929 5470 Ἦ
2956 5418 3067 5488 γὰρ
3092 5419 3191 5487 τῆς
3214 5420 3441 5484 οἰκείας
3473 5421 3696 5491 γνώμης

2102 5512 2348 5583 ῥᾳθυμία
2391 5511 2665 5581 ἄχρηστον
2705 5508 2853 5575 αὐτῷ
2900 5509 2999 5577 τὴν
3024 5509 3118 5562 τοῦ
3151 5508 3513 5583 δημιουργοῦ
3547 5511 3703 5582 susp-

2096 5603 2287 5671 γεσίαν
2340 5602 2584 5671 ἐποίησε,
2644 5600 2833 5670 ὣσπερ
2892 5596 2985 5654 οὖν
3038 5600 3135 5653 καὶ
3191 5602 3287 5668 ἐφ’
3322 5604 3492 5673 ἡμῶν
3522 5600 3702 5657 αὐτῶν

2096 5694 2241 5746 ἔστιν
2266 5694 2412 5746 ἰδεῖν.
2446 5695 2555 5748 Καὶ
2584 5697 2838 5763 πρόσχες,
2872 5694 2920 5745 εί
2958 5692 3156 5761 βούλει.
3187 5692 3312 5756 τοῖς
3350 5692 3701 5767 λεγομένοις.

2098 5787 2475 5856 Εὐεργετῆσαι
2506 5787 2676 5839 θέλων
2703 5790 2728 5840 ὁ
2772 5785 3029 5855 βασιλεὺς
3053 5784 3161 5837 τῶν
3194 5785 3312 5838 ὑπὸ
3357 5791 3532 5858 χεῖρά
3583 5801 3702 5841 τινα
