3936 6494
277 481 372 544 205

1542 442 1963 548 ΑΝΝιιιιὺΜ
2004 489 2203 551 PARS
2238 491 2286 553 Ι.

3423 498 3533 564 206

281 592 533 664 μεγίστην
581 593 732 663 αὑτῷ
787 592 1081 664 ἐγχειρίζει
1136 593 1330 665 ἀρχὴν.
1389 593 1500 648 Καὶ
1545 596 1605 659 ὃς
1648 596 1846 651 αὐτίκα

1974 599 2033 655 :is
2062 616 2172 657 non
2206 601 2499 672 prodesset
2544 604 2700 662 Licet
2741 606 2795 663 id
2827 608 2994 664 etiam
3041 609 3095 665 in
3130 611 3335 665 nostris
3369 613 3534 670 rebus

278 686 404 755 πρὸς
435 685 495 737 τὺ
524 683 658 754 ὕψος
690 684 897 740 ἀπιδὼν
948 687 1048 756 τῆς
1088 687 1285 757 ἀρχῆς,
1318 689 1412 740 καὶ
1440 686 1513 759 μὴ
1546 688 1846 757 δυνάμενος

277 776 534 845 ἐνεγκεῖν,
573 778 861 849 ἑπαίρεται
907 779 1030 833 καθ’
1088 780 1299 845 ἑαυτὸν,
1348 780 1525 850 ἠσυχῇ
1573 780 1846 848 καθῆσθαι

276 870 371 924 οὐκ
399 870 671 941 ἀνέχεται,
700 870 1036 940 φαντάζεται
1066 873 1136 926 τὰ
1172 873 1313 943 ὑπὲρ
1342 873 1531 938 αὐτὸν,
1564 874 1846 943 τυραννίδι

278 959 531 1030 κέχρηται
559 959 658 1013 καὶ
702 962 780 1023 είς
819 960 1156 1016 ἀποστασίαν
1190 963 1381 1033 χωρεῖ.
1413 961 1479 1014 Τί
1511 962 1570 1014 τὸ
1600 961 1692 1014 ἐπὶ
1723 960 1848 1014 τού-

277 1068 416 1117 τοις;
475 1050 739 1122 ’Ᾱχθεται
796 1052 825 1104 6
884 1051 1136 1123 βασιλεὺς
1209 1054 1269 1106 οὐ
1345 1056 1556 1124 μικρῶς
1622 1052 1713 1105 ἐπὶ
1770 1053 1848 1123 τῷ

279 1145 578 1213 πράγματι,
616 1143 980 1216 δυσχεραίνει.
1038 1145 1104 1198 Τί
1162 1145 1353 1209 τοῦτος
1407 1144 1616 1212 Λέγει·
1659 1145 1778 1207 πῶς
1822 1146 1851 1198 6

192 1288 197 1291 _
278 1236 568 1303 ἀχάριστος
607 1235 707 1302 τὴν
751 1233 1089 1289 ἐπελθοῦσαν
1132 1235 1280 1301 αὐτῷ
1324 1234 1483 1300 δόξαν
1521 1236 1600 1297 εἰς
1625 1234 1846 1299 ἀδοξίαν

280 1324 645 1394 μετέστρεψες
677 1325 785 1377 Καὶ
827 1323 973 1377 θέλει
1015 1324 1113 1392 μὲν
1147 1325 1221 1396 μὴ
1262 1325 1511 1378 καθελεῖν
1540 1325 1630 1378 τὸν
1673 1325 1857 1390 ἀγνώ-

281 1438 434 1488 μονα,
459 1420 868 1489 καταφρονῆσαι
914 1418 969 1471 δὲ
1004 1418 1156 1487 ὅμως
1199 1417 1298 1483 τῆς
1325 1402 1726 1486 τυραννίδοςού
1759 1416 1850 1471 δύ-

278 1529 453 1565 ναται.
482 1510 774 1581 Χειροῦται
820 1510 910 1563 τὸν
949 1509 1262 1580 ἀποστάτην
1304 1508 1511 1573 λοιπὸν,
1548 1511 1649 1579 τῆς
1696 1510 1852 1576 ἀξίας
1928 1522 1931 1525 '

280 1605 585 1673 ἀπογυμνοῖ
615 1602 710 1657 καὶ
742 1602 1015 1673 δριμείαις
1062 1601 1357 1656 ὑποϐάλλει
1404 1604 1639 1665 ποιναῖς,
1678 1602 1851 1654 ἐνίοτε

280 1695 336 1747 δὲ
361 1696 456 1747 καὶ
483 1696 582 1763 τῆς
610 1693 890 1764 παρούσης
930 1693 1197 1762 ὑπεξάγει
1242 1693 1408 1763 ζωῆς.
1441 1694 1714 1765 Συνὲιρερε
1741 1694 1853 1746 λοι-

284 1788 381 1839 πον
411 1787 560 1858 αὐτῷ
592 1789 666 1858 μὴ
693 1787 947 1852 δέξασθαι
973 1787 1123 1857 παρά
1151 1786 1417 1856 βασιλέως
1451 1786 1647 1857 ἀρχὴν,
1692 1786 1853 1855 εἴπερ

282 1883 539 1943 ἀπονοίας
586 1881 748 1934 αὑτοῦ
806 1880 1027 1933 τοιαῦτα
1076 1879 1268 1933 παθεῖν
1316 1878 1682 1933 ἐκινδύνευσε.
1715 1879 1855 1950 Πρό-

1951 693 2301 763 conspicere.
2337 711 2406 751 ac
2438 696 2710 767 siquidem
2741 699 2954 769 libebit,
2976 701 3221 757 animum
3253 705 3529 774 exemplo,

1950 785 2099 856 quod
2120 785 2508 856 indicabimus,
2528 791 2822 848 advertito.
2845 792 2954 850 Fac
2975 809 3100 852 esse
3122 811 3305 867 regem
3336 812 3533 867 quem-

1950 876 2097 941 dam,
2133 877 2223 946 qui
2257 877 2495 948 aliquem
2534 882 2829 938 e'subditis
2860 884 3230 941 beneﬁcentia
3260 887 3533 956 singulari

1949 966 2315 1023 cohonestare'
2342 970 2531 1026 volens
2557 973 2709 1043 101
2742 976 3117 1046 magistratum
3145 977 3194 1032 ei
3227 978 3531 1033 maximum

1952 1056 2151 1111 tradat.
2186 1057 2277 1114 Ille
2330 1075 2452 1114 mox
2500 1063 2566 1116 ad
2617 1064 2951 1132 prmfecturaa
2978 1082 3091 1122 suae
3136 1069 3532 1125 sublimitatem

1954 1150 2321 1220 respiciendo,
2356 1169 2481 1208 cum
2531 1154 2653 1227 ejus
2700 1158 2899 1213 molem
2954 1161 3227 1215 sustinere
3270 1169 3532 1228 nequeat,

1952 1242 2097 1310 apud
2139 1245 2493 1314 semetipsum
2522 1247 2708 1304 animo
2747 1248 2955 1315 efferri,
2989 1252 3174 1321 quiete
3211 1255 3392 1309 vivere
3423 1270 3537 1310 non

1952 1349 2154 1404 posse,
2196 1337 2415 1407 majora
2455 1353 2517 1394 se
2557 1341 2895 1411 cogitatione
2942 1344 3256 1414 concipere,
3291 1346 3538 1414 tyranni-

1951 1425 2076 1481 dem
2108 1432 2425 1497 ‘usurpare,
2469 1431 2538 1485 ad
2586 1430 2950 1489 defectionem
2983 1436 3257 1507 progredi.
3283 1436 3425 1502 Quid
3450 1452 3539 1492 se-

1954 1516 2194 1571 cundum
2236 1519 2385 1574 haec?
2426 1536 2522 1587 rex
2558 1520 2856 1594 indignari,
2891 1540 3007 1580 rem
3042 1541 3153 1580 non
3189 1542 3378 1599 parum
3418 1543 3539 1581 mo-

1953 1605 2095 1663 leste
2126 1608 2295 1672 ferre,
2333 1625 2520 1666 secum
2567 1613 2686 1682 ipse
2732 1617 2965 1671 dicere:
3000 1617 3131 1686 quid
3189 1618 3338 1672 hoc?
3390 1619 3539 1673 itane

1955 1698 2123 1753 homo
2166 1700 2414 1767 ingratus
2445 1702 2699 1772 gloriam,
2732 1719 2898 1772 quam
2955 1721 2986 1762 a
3020 1707 3176 1762 nobis
3226 1718 3312 1763 est
3339 1724 3539 1763 conse-

1956 1801 2136 1853 cutus,
2170 1806 2293 1846 cum
2327 1791 2557 1848 infamia
2577 1797 2982 1852 commutavit?
3031 1797 3206 1853 Simul
3240 1815 3307 1855 eo
3334 1800 3535 1869 praedi-

1959 1889 2047 1936 tus
2082 1892 2167 1936 est
2217 1883 2417 1938 animo
2455 1894 2512 1940 ut
2580 1887 2956 1943 immemorem
2999 1889 3250 1944 beneficii
3307 1890 3543 1960 perdere

284 1990 406 2043 σεχε
456 1971 570 2035 οῦν,
600 1972 868 2040 ἀγαπητὲ.
905 1972 998 2024 καὶ
1047 1972 1123 2041 μὴ
1179 1970 1530 2042 συναρπὰξου
1571 1973 1682 2033 τοῖς
1731 1972 1853 2023 ism-

1977 1974 2129 2039 iolit;
2162 1991 2342 2044 neque
2369 1987 2548 2031 tamen
2583 1980 2995 2050 usurpationem
3023 1981 3335 2052 tyrannidis
3369 1983 3544 2037 omni-

280 2061 525 2131 χειροῦσι
595 2064 693 2123 τάς
764 2061 915 2124 θείας
983 2064 1294 2130 οἰκονομίας
1350 2060 1853 2126 πολυπραγμονεῖν.

281 2153 357 2205 Οὐ
381 2153 492 2224 γὰρ
519 2154 546 2224 ἡ
578 2154 866 2224 εὐεργεσία
896 2154 988 2207 τοῦ
1019 2154 1156 2207 Θεοῦ
1187 2154 1447 2222 πρόξενος
1474 2153 1617 2221 ἡμῖν
1642 2151 1853 2219 γίνεται

280 2246 392 2297 τᾶν
436 2244 646 2309 δεινῶν,
676 2246 791 2299 ἀλλ’
840 2247 872 2314 ή
926 2246 1169 2317 ῥᾳθυμία
1228 2246 1445 2307 πάντως
1494 2242 1653 2314 ἡμῶν
1694 2244 1851 2314 καὶὴ

282 2337 428 2388 κατά
453 2338 678 2407 γνώμην
706 2338 798 2390 ἐπὶ
825 2337 885 2389 τὸ
915 2340 1097 2409 χεῖρον
1127 2337 1294 2407 ὁρμή.

1932 2060 2035 2119 ἠο
2066 2067 2341 2137 negligere
2375 2069 2567 2137 possit.
2606 2069 2950 2140 Quapropter
2989 2073 3327 2128 desertorem
3385 2088 3539 2127 suam

1963 2155 2022 2210 in
2083 2168 2412 2226 potestatem
2473 2162 2691 2232 redigit,
2759 2163 3033 2235 dignitate
3078 2165 3323 2234 spoliat,
3363 2166 3545 2235 poenis

1961 2251 2221 2317 gravibus
2254 2252 2495 2324 subjicit,
2528 2270 2922 2326 nonnunquam
2955 2267 3013 2313 et
3044 2259 3208 2313 vitam
3246 2257 3295 2312 ei
3327 2258 3540 2312 adimit.

1958 2337 2239 2412 Ejusmodi
2298 2344 2508 2398 homini
2552 2347 2807 2416 expediat
2868 2349 3248 2420 magistratum
3295 2348 3479 2418 potius
3509 2365 3538 2402 a

284 2448 414 2504 rege
462 2450 571 2488 non
613 2436 911 2506 accepisse,
984 2451 1146 2505 quam
1203 2435 1417 2489 insania
1485 2434 1707 2504 propria
1738 2434 1943 2492 talibus
1982 2452 2043 2493 se
2090 2439 2248 2495 malis
2287 2450 2341 2496 ct
2390 2441 2651 2511 periculis
2695 2459 2996 2514 exponere.
3025 2444 3133 2499 Fac
3168 2443 3336 2513 igitur
3365 2442 3546 2498 consi-

281 2526 478 2580 derate
528 2543 676 2598 agas,
728 2530 929 2584 dilecte
972 2529 1083 2591 fili,
1130 2544 1231 2583 nec
1266 2527 1446 2598 abripi
1496 2537 1551 2583 te
1600 2544 1725 2583 cum
1753 2529 1862 2585 illis
1900 2540 2090 2601 patere
2136 2533 2233 2602 qui
2298 2534 2528 2590 consilia
2579 2537 2763 2591 divina
2796 2536 3016 2594 curiose
3056 2537 3415 2609 perscrutari
3450 2553 3544 2592 co-

280 2628 509 2673 nantur.
544 2620 678 2676 Nam
742 2621 835 2678 llci
902 2623 1264 2678 beneficentia
1323 2636 1667 2692 nequaquam
1713 2621 1857 2679 mala
1908 2625 2068 2681 nobis
2113 2626 2390 2692 conciliat,
2430 2628 2539 2683 sed.
2591 2628 2823 2684 omnino
2861 2629 3111 2685 secordia
3150 2637 3338 2686 nostra
3370 2643 3548 2699 spon-

282 2721 571 2782 taneaque
595 2714 662 2769 ad
702 2715 891 2771 vitium
940 2716 1244 2773 inclinatio.

373 2832 515 2886 ’Δλλ’
545 2833 666 2886 οὐδὲ
694 2832 938 2887 κωλῦσαι
971 2835 1063 2889 τὸν
1091 2834 1381 2907 ἄνθρωπον
1410 2839 1677 2908 ἔπρεπεν,
1701 2840 1867 2908 ἡνίκα

281 2924 347 2977 τδ
412 2924 577 2994 φντδν
628 2925 898 2995 ἐπεχείρει
964 2930 1181 2995 φαγεῖν.
1228 2928 1350 2992 Πῶς
1399 2931 1530 2999 γὰρ,
1582 2933 1741 3002 εἴπερ
1770 2933 1871 2986 αῦ-

280 3016 562 3082 τεξούσιος
598 3015 695 3092 ἦν;
735 3019 794 3071 ΕΞ
857 3019 957 3089 γὰρ
1004 3021 1357 3073 ἀναστέλλειν
1400 3023 1594 3092 ἔμελλε
1642 3024 1733 3075 τὸν
1777 3021 1872 3076 ἀν⁴

281 3112 513 3179 θρωπον
568 3114 595 3163 6
649 3111 799 3173 Θεὸς,
830 3112 993 3182 ἡνίκα
1053 3110 1264 3167 τοῦτον·
1302 3114 1451 3185 ἐώρα
1501 3117 1602 3185 τῆς
1653 3114 1871 3175 εὐθείας

2036 2833 2148 2889 Nec
2173 2833 2541 2890 conveniebat
2571 2833 2738 2889 Deum
2782 2835 3063 2889 hominem
3095 2833 3384 2903 impedire,
3417 2848 3544 2889 cum

1967 2921 2114 2983 ves'ci
2150 2928 2218 2982 de
2257 2928 2456 2983 arbore
2485 2926 2817 2982 conabatur.
2859 2926 2975 2979 Cur
3010 2927 3158 2980 enim
3216 2925 3270 2979 id
3318 2927 3481 2981 far-er.
3505 2937 3547 2987 t,

1967 3020 2061 3090 qui
2112 3019 2390 3075 hominem
2438 3019 2694 3073 libertate
2735 3018 3031 3072 voluntatis
3071 3019 3359 3087 praeditum
3397 3033 3549 3070 crea-

1968 3112 2160 3168 verat?
2189 3112 2393 3184 qnippe
2444 3112 2490 3168 si
2540 3113 2820 3166 retrahere
2867 3112 3191 3166 decreverat
3243 3111 3549 3173 hominem,

279 3198 416 3254 ὁδοῦ
466 3200 654 3271 πόρρω
704 3202 1023 3272 φερόμενον,
1076 3200 1181 3255 ποῦ
1228 3202 1415 3256 λοιπὸν
1477 3205 1765 3275 ἑθεωρείτο
1810 3201 1870 3255 τὸ

1975 3205 2382 3274 quamprimum
2428 3211 2685 3259 cerneret
2715 3218 2842 3258 eum
2884 3204 2952 3258 de
2991 3203 3263 3257 via‘recta
3295 3201 3553 3257 deﬂecte-

279 3294 497 3363 προσδν
526 3292 672 3359 αῦτῷ
701 3292 956 3361 λογικόνς
999 3292 1110 3348 Ποῦ
1151 3293 1207 3347 δὲ
1237 3294 1297 3346 τὸ
1340 3294 1709 3361 αὐτεξούσιον,
1732 3296 1786 3349 ετ
1806 3311 1869 3361 γε

1976 3310 2057 3360 re,
2087 3311 2324 3365 quanam
2374 3310 2436 3350 re
2477 3295 2558 3351 vis
2606 3294 2836 3350 rationis
2876 3294 3063 3349 inditae
3104 3293 3315 3348 homini
3362 3294 3552 3349 decla-

276 3389 381 3457 τῆς
435 3384 629 3451 ἀλόγου
659 3384 876 3454 φύσεώς
906 3387 1024 3439 ἐστι
1059 3387 1118 3441 τὸ
1160 3387 1480 3458 ἀϐουλήτως
1508 3382 1609 3440 ὧδε
1645 3389 1871 3442 κάκεῖσε

277 3498 387 3551 περ
412 3480 662 3548 ιάγεσθαί
697 3499 757 3534 τε
788 3482 885 3536 καὶ
920 3484 1363 3554 μεταφέρεσθαις
1403 3482 1577 3555 Εἴπερ
1602 3483 1874 3537 ἐκωλύετο

282 3575 359 3643 μὴ
394 3570 747 3642 ἁμαρτάνειν
779 3573 807 3626 6
839 3574 1147 3669 ἄνθρωπος,
1193 3576 1294 3631 ποῦ
1341 3577 1529 3630 λοιπὸν
1582 3579 1615 3646 ἡ
1636 3602 1641 3609 -
1666 3577 1874 3646 ἀρετή;

280 3666 392 3720 Ποῦ
420 3666 485 3719 δὲ
514 3664 612 3718 καὶ
637 3666 685 3718 οί
718 3666 806 3720 διὰ
837 3666 1042 3737 ταύτην
1074 3664 1349 3739 ’διδόμενοι
1382 3671 1635 3737 στέφανοι
1660 3685 1675 3735 ;
1719 3668 1875 3722 Κατά

277 3761 334 3812 τί
380 3759 447 3812 δὲ
501 3757 599 3810 καὶ
646 3759 679 3829 ἠ
726 3758 972 3829 βασιλεία
1014 3759 1123 3814 τῶν
1156 3761 1404 3834 οὐρανῶν
1452 3761 1689 3837 ἔπαθλον
1724 3761 1874 3827 αὐτῷ

278 3851 626 3919 πρόκειται,
677 3851 788 3918 εῖγε
845 3851 920 3922 μὴ
985 3852 1187 3925 σπουδῇ
1248 3855 1345 3907 καὶ
1394 3844 1486 3925 βίᾳ
1548 3854 1640 3908 καὶ
1691 3853 1871 3924 ἀγαθῇ

277 3942 627 4011 προαιρέσει
671 3940 765 3993 τοῦ
810 3940 1016 4009 ἀγαθοῦ
1066 3944 1276 4012 γένοιτο
1327 3944 1590 4015 μέτοχοςς
1623 3944 1739 3998 Οὐκ
1766 3943 1872 3998 ἔδει

273 4035 533 4088 κωλύειν
577 4032 760 4099 αὐτὸν,
790 4034 878 4088 ῖνα
927 4035 1004 4105 μὴ
1040 4037 1156 4099 τοῖς
1187 4036 1404 4105 ἀλόγοις
1442 4039 1471 4091 6
1505 4037 1720 4106 λογικὸς
1745 4037 1874 4090 ἐνα·

276 4126 515 4198 ρίθμιος
566 4128 811 4196 γένηται,
841 4126 940 4182 ἁτε
986 4126 1051 4197 δὴ
1092 4126 1170 4199 μὴ
1201 4127 1542 4199 κεκτημένος
1581 4129 1680 4198 τὴν
1714 4129 1876 4199 χάριν

273 4221 376 4287 τῆς
409 4216 931 4289 αὐτεξουσιότητος.
965 4219 1128 4273 Κατὰ
1162 4219 1323 4273 τοῦτο
1368 4221 1464 4273 καὶ
1493 4222 1521 4272 6
1556 4222 1733 4290 μέγας
1771 4221 1878 4273 Βα-

256 4313 493 4374 ,σέλειος
551 4310 692 4363 οὕτω
745 4311 933 4380 φησίν·
964 4329 984 4363 ι
1029 4310 1088 4364 Ὀ
1126 4310 1320 4379 λέγων,
1360 4311 1447 4364 ἵνα
1474 4312 1526 4363 τί
1564 4311 1641 4382 μὴ
1677 4327 1877 4364 κατεσ·

268 4407 533 4460 κεὺασεν
581 4405 1002 4474 ἀναμαρτήτους
1048 4404 1197 4474 ἡμᾶς
1229 4405 1258 4456 6
1303 4404 1460 4469 Θεὸς,
1495 4405 1648 4459 οὐδὲν
1687 4403 1878 4475 ἕτερον

268 4497 333 4565 ἢν
355 4496 469 4567 τὴν
519 4493 720 4561 ἄλογον
759 4491 921 4561 φύσιν
962 4491 1063 4563 τῆς
1107 4491 1330 4562 λογικῆς
1383 4495 1628 4565 προτιμᾷ
1661 4496 1754 4547 καὶ
1781 4493 1879 4564 τὴν

1974 3404 2097 3443 rare
2138 3403 2200 3442 se
2231 3387 2550 3459 potuisset?
2602 3387 2718 3453 Qua
2763 3387 2892 3441 item
2930 3387 3102 3441 libera
3144 3386 3445 3441 voluntatis
3472 3386 3555 3441 fa-

1975 3480 2193 3536 cultas?
2220 3482 2522 3550 praesertim
2566 3497 2692 3535 cum
2725 3490 2936 3535 naturae
2979 3481 3154 3535 bruta:
3189 3480 3263 3534 sit
3294 3495 3359 3534 ac
3390 3480 3558 3534 ratio-

1975 3589 2047 3627 ne
2082 3572 2349 3636 carentis,
2386 3582 2585 3643 preter
2621 3567 2792 3627 animi
2827 3572 3166 3628 voluntatem
3204 3574 3307 3626 huc
3334 3580 3389 3626 et
3422 3571 3553 3626 illnc

1975 3664 2314 3719 circumduci
2370 3672 2428 3717 et
2491 3663 2797 3718 transferri.
2855 3661 3232 3717 Consimiliter
3286 3662 3332 3715 si
3390 3661 3555 3717 homo

1976 3757 2172 3812 fuisset
2203 3755 2500 3825 impeditus
2521 3754 2817 3824 quominus
2847 3754 3205 3823 deliuqueret,
3230 3753 3356 3822 quis
3383 3753 3555 3807 virtu-

1978 3850 2019 3904 ti
2050 3850 2207 3905 locus
2236 3848 2433 3903 fuisset
2471 3846 2757 3917 reliquus?
2803 3847 2939 3913 Quis
2973 3846 3194 3900 (‘Ol‘OltiB
3239 3858 3359 3915 quae
3386 3830 3590 3914 prop-'

1980 3952 2065 3997 ter
2087 3942 2230 3997 hanc
2256 3939 2678 3998 conceduntur?
2704 3938 2816 3994 Cur
2836 3954 3066 4013 regnum
3091 3938 3315 3993 caeleste
3348 3936 3557 3991 homini

1978 4052 2081 4092 ceu
2139 4036 2424 4106 praemium
2484 4035 2829 4104 propositum
2870 4033 2964 4095 sit.
3022 4032 3296 4100 siquidem
3329 4043 3558 4083 necesse

1979 4144 2092 4186 non
2128 4109 2297 4183 habet
2323 4134 2384 4182 ut
2414 4128 2535 4198 eius
2574 4125 2759 4181 studio
2801 4140 2928 4190 suo,
2970 4124 3046 4191 vi,
3086 4120 3351 4194 praeclaro
3393 4121 3560 4175 animi

1982 4220 2264 4293 proposito
2294 4218 2568 4290 particeps
2600 4217 2735 4272 fiat?
2795 4216 3182 4287 lmpediendus
3222 4214 3436 4270 scilicet
3466 4212 3565 4267 ho-

1981 4328 2074 4368 mo
2126 4327 2237 4367 non
2265 4319 2406 4374 erat,
2455 4325 2527 4365 ne
2555 4310 2649 4380 qui
2678 4309 2908 4364 rationis
2936 4315 3056 4363 erat
3087 4320 3335 4374 compos,
3376 4305 3565 4358 bruto-

1984 4422 2104 4460 rutn
2162 4404 2221 4459 in
2266 4419 2560 4459 numerum
2618 4401 2939 4464 referretur,
2998 4414 3124 4454 cum
3181 4397 3451 4453 libertatis
3507 4396 3565 4450 in

1981 4498 2197 4570 agendo
2254 4495 2611 4552 beneficium‘
2642 4493 2975 4566 possideret.
3036 4492 3299 4546 Eamdem
3341 4499 3570 4544 senten-

267 4589 557 4660 ἀκίνητον
595 4585 692 4639 καὶ
725 4586 1032 4659 ἀνόρμητον
1073 4586 1176 4657 τῆς
1226 4591 1614 4659 προαιρετικῆς
1650 4592 1746 4645 καὶ
1776 4590 1870 4658 ἐμ-

1985 4589 2113 4645 tiam
2140 4603 2372 4660 magnus
2405 4587 2640 4642 Basilius
2669 4585 2852 4641 verbis
2901 4584 3055 4638 hisce
3087 4580 3345 4638 disserit:
3382 4597 3402 4631 ι
3435 4578 3571 4645 Qui-

267 4677 572 4751 τῼάκτου.
612 4697 632 4731 ι

1993 4696 2214 4749 cunque
2243 4690 2401 4752 rogat
2429 4695 2526 4735 cur
2560 4694 2664 4735 nos
2700 4676 2844 4733 Deus
2880 4692 2994 4734 non
3046 4675 3123 4730 ita
3168 4671 3480 4730 condiderit
3508 4676 3571 4724 ut

269 4793 529 4847 peccare
562 4792 672 4831 non
707 4792 1013 4847 possemus,
1065 4779 1109 4834 is
1159 4779 1297 4834 nihil
1357 4778 1489 4834 facit
1517 4777 1664 4832 aliud
1715 4792 1880 4846 quam
1921 4780 2064 4848 quod
2140 4787 2391 4834 naturam
2450 4776 2668 4833 brutam
2698 4774 2929 4830 rationis
2958 4771 3208 4845 participi
3252 4779 3308 4828 et
3329 4785 3397 4826 ex
3429 4784 3571 4842 prae-

266 4873 495 4942 srripto
528 4871 756 4955 virtutis
789 4871 972 4939 agenti
1004 4867 1243 4940 praefert.
1276 4890 1296 4923 ι

343 4986 798 5060 Παραχωρεῖται
843 4987 1026 5041 λοιπὸν
1053 4988 1083 5040 6
1126 4985 1320 5057 Ἀδὰμ,
1353 4986 1587 5041 ἅπτεται
1634 4986 1731 5039 τοῦ
1786 5004 1888 5056 φυ-

264 5086 391 5147 τοῦ,
432 5079 785 5152 γυμνοῦται,
839 5079 1184 5150 παραχρῆμα
1232 5078 1568 5149 παραδείσου
1612 5079 1887 5150 ἑξόριστος

273 5178 541 5261 γίνεται.
570 5169 646 5224 Τί
698 5171 761 5224 τὸ
807 5173 900 5225 ἐπὶ
950 5171 1198 5239 τούτοις;
1232 5171 1298 5225 Οί
1348 5172 1449 5241 τῆς
1497 5172 1678 5242 ψυχῆς
1720 5170 1888 5225 αὑτοῦ

2768 4870 2799 4882 ‘

2060 4984 2430 5051 Quamobrem
2480 4981 2725 5036 Adamus
2769 4977 2999 5033 arbitrio
3045 4990 3147 5033 suo
3205 4976 3573 5050 relinquitur,

1988 5077 2243 5132 arborem
2284 5074 2525 5145 attingit,
2564 5073 2834 5127 continuo
2885 5070 3061 5125 nudus
3107 5068 3365 5138 eliicitur,
3398 5073 3575 5143 dequo

1990 5165 2247 5235 paradiso
2285 5163 2605 5233 expellitur.
2638 5161 2779 5228 Quid
2817 5160 2944 5215 inde
2989 5160 3283 5230 sequitur?
3317 5164 3577 5234 aperiun-

1991 5269 2080 5314 tur
2106 5258 2275 5313 animi
2312 5257 2433 5326 ejus
2477 5255 2648 5319 oculi,
2685 5270 2796 5324 quo
2849 5254 2996 5309 facto
3050 5262 3320 5323 quantum
3372 5256 3575 5311 bonum

1996 5362 2140 5408 esset
2191 5349 2504 5404 observatio
2553 5346 2799 5401 mandati
2850 5346 3153 5417 perspicit,
3201 5356 3580 5416 quantumque

1999 5451 2188 5499 contra
2228 5440 2386 5510 102
2416 5439 2622 5494 malum
2674 5438 2921 5509 ejusdem
2976 5437 3223 5491 violatio.
3268 5435 3380 5490 Nec
3431 5437 3578 5490 enim

1994 5535 2161 5589 arbor
2202 5533 2318 5597 illa,
2360 5530 2825 5601 quemadmodum
2867 5528 3139 5599 Josephus
3188 5535 3242 5582 et
3286 5524 3580 5605 Nemesius

1995 5628 2232 5682 antistes
2266 5624 2568 5679 Emesenus
2620 5621 2939 5686 declarant,
2989 5616 3257 5691 ejusmodi
3318 5625 3573 5670 naturam

1997 5719 2237 5774 habebat
2273 5727 2332 5770 ut
2364 5732 2430 5771 ex
2487 5731 2547 5770 se
2570 5714 3006 5786 decerpentibus
3053 5710 3272 5766 inderet
3327 5709 3576 5779 pruden-

2000 5811 2156 5874 tiam,
2185 5825 2293 5880 qua
2332 5808 2536 5863 bonum
2568 5822 2632 5862 ac
2682 5807 2887 5861 malum
2913 5807 3299 5876 agnoscerent.
3332 5795 3576 5854 Tametsi

1998 5905 2258 5959 nimirum
2290 5887 2510 5958 Littera:
2539 5914 2709 5956 sacra:
2740 5899 2885 5955 illam
2913 5894 3155 5952 scientiae
3194 5887 3401 5965 lignum
3428 5903 3580 5945 nun—

268 5257 672 5337 διανοὶγόνται
700 5264 990 5334 ὀφθαλμοὶ,
1019 5263 1314 5317 κάντεῦθεν
1343 5265 1445 5335 ὁρᾷ
1485 5262 1746 5333 καθαρῶς
1778 5257 1889 5316 οἷον

271 5344 495 5432 ἀγαθόν
530 5358 756 5426 ἐστινὴ
781 5358 882 5427 τῆν
910 5358 1131 5427 ἐντολῆς
1171 5356 1390 5427 φυλακὴ
1433 5358 1528 5409 καὶ
1565 5357 1691 5408 ὅσον
1730 5351 1889 5419 αὖθις

272 5455 457 5509 κακὸν
511 5453 553 5522 ἡ
610 5449 819 5517 ταύτης
873 5448 1208 5519 παράϐασις.
1243 5448 1384 5502 Οὐδὲ
1436 5446 1548 5517 γὰρ
1605 5447 1666 5499 τὸ
1721 5447 1888 5515 φυτὸν

274 5548 484 5602 ἐκεῖνο,
525 5540 691 5595 καθά
720 5557 885 5609 φησιν
921 5540 1187 5608 Ἰώσηπος
1228 5541 1323 5593 καὶ
1352 5539 1627 5607 Νεμέσιος
1660 5539 1688 5590 6
1728 5538 1892 5607 Ἐμέ.-

278 5658 382 5711 σης
409 5637 768 5695 ἐπίσκοπος,
788 5632 1045 5702 τοιαύτην
1071 5627 1187 5702 εἶχε
1217 5630 1380 5700 φύσιν
1412 5630 1558 5683 ὥστε
1588 5633 1701 5690 τοῖς
1733 5630 1899 5684 ἀπεο-

288 5735 484 5805 μινοις
520 5722 711 5784 αὐτοῦ
736 5725 990 5794 φρόνησιν
1023 5726 1222 5779 ἐνιέναι
1255 5723 1352 5777 τοῦ
1386 5723 1448 5777 τὸ
1485 5722 1655 5778 κιλὺν
1690 5720 1895 5774 ειδέναι

288 5828 389 5879 καὶ
437 5816 730 5889 πονηρόν.
760 5816 820 5868 El
867 5820 974 5887 γὰρ
1007 5817 1164 5883 ξύλον
1212 5815 1349 5870 αὐτὸ
1403 5814 1728 5883 γνώσεωςὴ
1765 5814 1896 5881 ἁγία

293 5910 696 5987 κατονομάςει
726 5907 931 5979 Γραφὴ,
964 5909 1078 5962 ἀλλ’
1105 5910 1168 5964 οὐ
1201 5908 1288 5962 διὰ
1321 5907 1476 5962 τοῦτο
1512 5908 1606 5960 καὶ
1637 5905 1894 5974 τοιαύτην
