3936 6424
449 478 555 543 207

1728 479 2026 543 MICHAE

2139 485 2155 541 Β
2193 481 2458 545 GLYC/E
2971 429 2991 441 Ρ
3572 481 3670 547 208

449 603 679 664 cupant,
744 607 852 646 non
911 592 1115 647 idcirco
1146 590 1440 646 dicendum
1475 589 1634 646 nobis
1674 592 1948 646 esttalem
1976 591 2024 645 ei

2139 594 2263 646 αὐτὸ
2336 593 2638 662 κεκτῆσθαι
2701 591 2932 662 δύναμιν
2992 592 3260 663 εἴπωμεν.
3323 591 3461 646 Ἀλλ’
3507 593 3674 665 ἐπειδὴ

451 683 563 737 vim
597 682 821 737 affuisse
863 699 877 735 :
913 682 1005 735 sed
1032 682 1158 750 quia
1189 680 1434 735 mandati
1471 682 1833 751 transgressio
1868 681 1920 734 in
1955 697 2021 735 eo

454 772 596 827 facta
644 781 766 834 est,
816 771 885 825 de
938 787 1046 840 quo
1105 782 1401 826 consecuta
1448 785 1613 839 porro
1682 780 1767 826 est
1812 771 2021 841 peccati

455 860 664 930 agnitio
689 869 853 929 atque
905 861 1105 930 pudor,
1149 860 1358 915 ideirco
1388 875 1585 915 nomen
1649 861 1752 916 hoc
1800 863 2022 917 meruit.

450 950 871 1010 Gonsueverunt
893 953 1040 1008 enim
1068 952 1289 1008 Littera-
1316 968 1485 1008 sacrae
1512 954 1579 1008 de
1611 969 1795 1008 rerum
1814 954 2025 1009 eventis

453 1044 676 1100 nomina
706 1046 870 1101 etiam
904 1046 1115 1100 indere.
1151 1045 1286 1099 Audi
1307 1044 1440 1114 quid
1461 1047 1561 1101 hac
1594 1045 1647 1099 in
1676 1056 1828 1114 parte
1847 1045 2024 1114 Chry-

454 1146 729 1193 sostomus
779 1136 947 1191 dii-at.
996 1136 1152 1191 Unus
1198 1137 1418 1207 quidam
1463 1137 1519 1191 in
1574 1136 1869 1191 solitudine
1903 1135 2026 1189 fons

452 1228 850 1284 adversationis
907 1244 1045 1298 aqua
1108 1237 1193 1282 est
1253 1238 1564 1297 nuncupata
1618 1227 1690 1292 ⁸⁸,
1718 1243 1826 1282 non
1880 1229 2022 1296 quod

455 1319 726 1388 ejusmodi
762 1329 1015 1375 naturam
1060 1321 1293 1375 haberet
1328 1330 1389 1374 ut
1423 1336 1488 1374 ex
1542 1334 1600 1375 se
1630 1319 1945 1374 haurientes
1970 1320 2022 1372 in

458 1422 675 1465 mutuas
725 1410 1144 1467 adversationes
1199 1412 1505 1476 excitaret;
1556 1427 1682 1465 nam
1730 1412 1773 1466 si
1815 1426 1903 1466 res
1952 1412 2024 1465 ita

459 1510 769 1570 comparata
810 1501 1025 1566 fuisset,
1058 1503 1221 1557 etiam
1250 1504 1364 1571 ipse
1408 1502 1585 1558 Moses
1618 1504 1807 1557 hausta
1860 1504 2026 1557 fontis

460 1593 625 1659 hujus
671 1606 814 1662 aqua
884 1593 995 1646 Deo
1052 1594 1495 1648 contradixisset.
1557 1594 2024 1660 Quemadmodum

456 1700 588 1755 ergo
621 1682 742 1741 fons
774 1685 868 1740 ille
890 1701 1000 1741 non
1025 1701 1121 1742 sua
1156 1693 1376 1749 natura,
1407 1686 1504 1742 sed
1536 1695 1758 1757 propter
1782 1685 2028 1741 diuiden-

462 1777 590 1829 tiam
631 1776 841 1846 populi,
872 1792 1034 1846 quam
1088 1792 1216 1847 erga
1267 1777 1433 1833 Deum
1493 1779 1886 1842 declararerat,
1930 1780 2027 1831 atl-

462 1868 787 1922 versationis
838 1883 979 1937 aqua
1002 1861 1374 1934 nuncupatus
1404 1879 1509 1934 est,
1548 1871 1626 1924 sic
1658 1881 1712 1923 et
1745 1875 1909 1924 arbor
1940 1869 2027 1923 illa

2132 686 2264 754 περὶ
2295 686 2426 737 αὐτὸ
2477 686 2667 753 γέγονε
2695 684 2798 753 τῆς
2835 683 3056 752 ἐντολῆς
3096 684 3130 753 ἡ
3163 681 3491 751 παράϐασις,
3515 682 3603 735 καὶ
3624 682 3676 746 ιε

2131 777 2344 831 ἑκείνου
2397 777 2584 829 λοιπὸν
2621 774 2911 845 ἐπεισῆλθε
2956 774 3055 843 τῆς
3101 774 3380 843 ἁμαρτίας
3425 774 3458 843 ἡ
3495 772 3676 839 γνῶσις

2134 869 2228 920 καὶ
2280 866 2534 937 αἰσχύνη,
2594 866 2683 920 διὰ
2750 865 2909 920 τοῦτο
2985 865 3086 934 τὴν
3133 864 3450 933 ἐπωνυμίαν
3494 862 3676 932 ταύτην

2133 959 2373 1025 ἐδέξατο.
2407 958 2570 1021 Ἐθος
2604 958 2714 1029 γὰρ
2741 960 2809 1028 τῇ
2843 958 2975 1028 ἁγία
3008 957 3203 1027 Γραφῇ
3234 958 3298 1010 ὲκ
3324 955 3432 1009 τῶν
3473 954 3675 1025 συμϐαιο

2132 1050 2333 1104 νόντων
2370 1048 2714 1120 πραγμάτων
2739 1046 3043 1101 ἐπιτιθέναι
3086 1047 3181 1101 καὶ
3215 1046 3281 1099 τά
3305 1045 3562 1114 ὀνόματα.
3585 1043 3679 1095 Καὶ

2132 1143 2300 1198 ἄκουε
2341 1141 2394 1195 τί
2444 1157 2608 1209 φησιν
2640 1140 2735 1193 ἐπὶ
2781 1140 2995 1201 τούτοις
3024 1142 3052 1192 ὁ
3080 1138 3482 1208 χρυσορρήμων
3519 1134 3681 1188 Ἰωάν-

2134 1252 2251 1300 νης.
2321 1251 2341 1284 ι
2412 1233 2499 1284 Ἐν
2550 1232 2744 1301 ἐρήμῳ
2806 1232 2905 1300 μία
2967 1231 3118 1301 πηγὴ
3199 1228 3345 1299 ὕδωρ
3402 1225 3684 1294 ἀντιλογίας

2133 1321 2362 1393 ἐκλήθη,
2400 1321 2499 1393 οὐχ
2534 1321 2614 1375 δτι
2639 1321 2894 1391 τοιαύτην
2938 1316 3051 1391 εἷχε
3079 1322 3247 1390 φύσιν
3276 1361 3290 1385 ,
3324 1319 3463 1372 ὥστε
3495 1320 3611 1380 τοὺς
3635 1317 3685 1383 ἐξ

2135 1415 2303 1485 αὐτῆς
2362 1414 2698 1484 ἀρυομένους
2741 1416 2821 1477 εἰς
2870 1414 3180 1480 ἀντιλογίας
3231 1412 3392 1474 εὐθὺς
3447 1410 3690 1477 μετατρέ-

2139 1504 2369 1557 πεσθαι·
2417 1504 2467 1555 εἰ
2513 1502 2624 1572 γάρ
2682 1501 2844 1555 τοῦτο
2894 1498 2983 1572 ἦν,
3027 1503 3124 1555 καὶ
3176 1501 3340 1562 αὐτὸς
3400 1500 3595 1567 Μωσῆς
3637 1498 3688 1562 ἐξ

2136 1590 2352 1665 ἐκείνης
2391 1596 2530 1649 πιὼν
2562 1598 2818 1649 ἀντεῖπεν
2864 1595 2931 1649 ἂν
2976 1594 3053 1666 τῷ
3081 1593 3222 1664 Θεῷ.
3261 1592 3520 1661 Καθάπερ
3547 1590 3685 1658 οῦνὴ

2140 1686 2292 1757 πηγὴ
2328 1687 2510 1757 ἐκείνη
2562 1687 2623 1739 οὐ
2671 1686 2824 1757 παρά
2861 1688 2960 1758 τὴν
3005 1686 3215 1740 οἰκείαν
3246 1685 3429 1754 φύσιν,
3473 1682 3612 1750 παρὰ
3638 1681 3686 1735 δὲ

2137 1781 2238 1845 τὴν
2289 1780 2378 1833 ἐπ’
2420 1780 2556 1849 αὑτῇ
2606 1779 2909 1848 γενομένην
2946 1778 3234 1833 ἀπείθειαν
3282 1777 3376 1830 τοῦ
3408 1775 3533 1829 λαοῦ
3562 1776 3686 1841 ὕδωρ

2140 1871 2452 1939 ἀντιλογίας
2501 1872 2727 1941 ἐκλήθη,
2752 1870 2896 1924 οὕτω
2945 1873 3039 1925 καὶ
3098 1872 3159 1924 τὸ
3222 1871 3392 1939 φυτὸν
3438 1870 3601 1923 έκεῖνο
3635 1869 3687 1919 τὸ

457 1959 788 2029 cOgnitionis
839 1959 965 2013 mali
1033 1970 1195 2030 atque
1238 1960 1365 2015 boni
1427 1971 1673 2022 vocatur.
1734 1976 1840 2015 non
1894 1961 2028 2030 quod

2142 1966 2383 2032 γνωστὸν
2428 1963 2595 2017 καλοῦ
2630 1963 2726 2018 καὶ
2764 1963 3003 2031 πονηροῦ
3038 1964 3097 2016 οὐ
3144 1964 3351 2031 γνῶσιν
3398 1958 3557 2031 εἶχεν.
3584 1958 3685 2011 ἀλλ’

457 2050 574 2120 ipsa
614 2051 898 2106 scientiam
935 2050 1210 2117 habuerit,
1243 2052 1336 2108 sed
1380 2053 1505 2122 quia
1549 2054 1864 2123 quicunque
1905 2068 2029 2123 pec—

466 2150 577 2207 cat,
609 2142 976 2211 cognitionem
1010 2144 1323 2213 assequitur
1355 2144 1719 2214 intelligendi,
1752 2146 1896 2213 quod
1928 2147 2026 2198 ob-

461 2245 770 2302 temperare
804 2235 912 2288 Deo
940 2234 1140 2290 bonum
1177 2238 1269 2301 sit,
1303 2238 1622 2307 delinquere
1661 2237 2025 2291 malum.llin-c

457 2321 878 2393 appellationem
918 2329 1061 2379 hanc
1113 2326 1325 2390 habuit,
1384 2329 1453 2381 ab
1510 2335 1709 2382 eventu
1764 2328 2025 2381 nimirum

461 2418 790 2485 pOstt'rior-e.

529 2508 804 2566 Caeterum
855 2524 1209 2585 posteaquam
1255 2514 1495 2570 Ada’mus
1551 2524 1671 2583 post
1722 2524 2028 2585 transgres-

460 2601 676 2658 sionem
728 2605 841 2675 jam
892 2607 1135 2663 interitui
1181 2624 1246 2664 ac
1298 2609 1616 2663 mortalitati
1675 2608 1851 2663 factus
1915 2617 2026 2661 erat

457 2697 745 2762 obnoxius,
808 2700 886 2755 ait
959 2700 1100 2755 Deus
1146 2717 1161 2755 :
1204 2719 1222 2752 ι
1273 2700 1354 2755 En
1414 2700 1590 2757 factus
1647 2710 1733 2756 est
1791 2700 2032 2756 Adamus

458 2790 612 2861 quasi
662 2806 804 2846 unus
848 2792 918 2846 de
950 2791 1131 2848 nobis.
1178 2811 1197 2846 ι
1232 2792 1336 2848 Hic
1372 2793 1639 2857 animum,
1682 2793 1881 2848 dilecte
1935 2793 2031 2857 fili,

458 2883 745 2938 advertite.
771 2883 1031 2939 Nonnulli
1066 2884 1293 2940 tradunt
1326 2885 1496 2939 Deum
1526 2884 1645 2940 haec
1673 2900 1769 2952 per
1798 2883 2029 2938 ironiam

458 2976 753 3045 protulisse
803 2993 819 3031 :
868 2978 1072 3045 quippe
1118 2976 1429 3031 divinitatis
1482 2976 1755 3032 desiderio
1800 2976 2033 3047 ﬂagrans

459 3065 702 3121 Adamns
744 3066 912 3120 etiam
960 3067 1029 3121 iis
1075 3066 1232 3121 bonis
1291 3081 1527 3135 quorum
1569 3076 1688 3120 erat
1732 3068 2031 3136 particeps,

460 3158 662 3214 misere
722 3159 1020 3221 exciderat,
1069 3169 1126 3213 et
1187 3158 1512 3213 immortalis
1570 3170 1725 3213 antea
1788 3157 2033 3212 mortalis

2135 2058 2216 2110 ὅτι
2246 2058 2359 2120 πᾶςο
2398 2056 2735 2128 ἁμαρτάνων
2768 2059 2848 2119 εἰς
2881 2057 3085 2124 γνῶσιν
3132 2055 3352 2126 ἔρχεται
3382 2054 3475 2107 τοῦ
3509 2052 3686 2105 εἰδέναι

2134 2151 2215 2203 ὅτι
2248 2150 2413 2203 καλὸν
2444 2148 2541 2218 μὲν
2561 2148 2623 2201 τὺ
2645 2149 2962 2212 ὑπακούειν,
2984 2148 3152 2202 κακὸν
3173 2148 3229 2200 δὲ
3257 2148 3319 2200 τὸ
3347 2146 3682 2217 πιιραεαίνειν

2135 2240 2303 2294 ἐστίν.
2345 2238 2511 2293 Ὅθεν
2557 2241 2651 2293 καὶ
2692 2240 2952 2309 τοιαύτην
2998 2239 3341 2309 ἐπωνυμίαν,
3372 2238 3446 2300 ὡς
3475 2237 3684 2305 ἔφημεν,

2136 2335 2201 2386 ἐκ
2227 2332 2334 2385 τῶν
2361 2334 2418 2385 ὲν
2450 2331 2601 2404 αὒτῷ
2624 2331 3053 2403 συμϐεϐηκότων
3087 2331 3324 2401 ἔσχηκεν
3356 2330 3594 2401 ὕστερον.

2206 2514 2312 2567 Τοῦ
2349 2514 2521 2583 Ἀδὰμ
2554 2512 2610 2566 δὲ
2640 2509 2818 2581 φοορᾷ
2854 2511 2945 2564 καὶ
2978 2509 3269 2580 Ονητότητι
3319 2505 3687 2577 περιπεσόντος

2140 2609 2279 2678 μετά
2323 2607 2420 2675 τὴν
2448 2605 2781 2674 παράϐασιν,
2815 2598 2967 2656 εἶπεν
3015 2605 3043 2655 ό
3086 2600 3218 2664 Θεὸς
3256 2620 3274 2653 ι
3322 2600 3453 2653 Ἰδοὺ
3485 2596 3687 2666 γέγονεν

2151 2701 2321 2769 Ἀδὰμ
2367 2698 2444 2760 ὡς
2492 2695 2572 2760 εἷς
2609 2696 2670 2761 ἐξ
2716 2696 2892 2766 ἡμῶν.
2945 2714 2963 2746 ι
3017 2693 3263 2765 Πρόσεχε
3308 2694 3389 2758 δὲ,
3435 2686 3684 2759 ἀγαπητί.

2141 2792 2326 2844 Ἄλλοι
2383 2791 2481 2858 μὲν
2532 2788 2835 2855 εἰρωνικῶς
2894 2786 3106 2855 ἔφασαν
3152 2787 3369 2838 τουτονί
3422 2783 3510 2836 τόν
3552 2780 3690 2845 λόγον

2136 2885 2312 2938 εἰπεῖν
2339 2882 2428 2936 τὸν
2457 2882 2591 2934 Θεόν
2618 2898 2630 2911 ο
2655 2879 2906 2943 θείῦσεως
2932 2879 3041 2948 γὰρ
3064 2877 3245 2948 ἔρωτα
3281 2877 3424 2947 σχὼν
3445 2878 3472 2928 ό
3504 2872 3679 2940 Ἀδὰμ,

2137 2984 2232 3031 καὶ
2291 2971 2367 3032 ὧν
2414 2975 2636 3042 ἀγαθῶν
2687 2973 2915 3042 μέτοχος
2968 2968 3036 3042 ἦν
3094 2972 3299 3035 ἀθλίως
3339 2970 3559 3035 ἐξέπεσε
3608 2964 3688 3016 καὶ

2139 3067 2331 3137 θνητὸς
2361 3070 2389 3120 ὁ
2414 3064 2685 3126 ἀθάνατος
2713 3064 2959 3132 γέγονεν.
2985 3061 3205 3132 "Et-spat
3233 3061 3293 3115 δὲ
3326 3054 3686 3127 προληπτικῶς

2137 3162 2197 3215 rb
2222 3159 2462 3214 τοιοῦτον
2506 3160 2669 3228 ῥητὸν
2714 3155 2858 3210 κατὰ
2886 3157 2945 3206 τὸ
2978 3153 3173 3224 ἰδίωμα
3204 3157 3306 3223 τῆς
3335 3150 3550 3223 Γραφῆς
3590 3145 3690 3211 ἑξέ-

456 3249 570 3320 jam
628 3249 803 3303 factus
833 3261 973 3304 erat.
1009 3249 1115 3304 Alii
1162 3250 1368 3305 dictum
1417 3249 1648 3321 intelligi
1696 3249 1887 3304 volunt
1936 3264 2028 3316 per

2139 3255 2327 3318 λαὸον,
2377 3251 2632 3317 λέγοντες
2669 3267 2689 3301 ι
2727 3250 2860 3303 Ἰδοὺ
2920 3248 3145 3318 γέγονεν
3189 3247 3366 3317 Ἀδὰμ
3409 3244 3480 3308 ὡς
3526 3237 3600 3305 εἷς
3641 3236 3691 3302 ἒξ

461 3316 886 3409 pmceptimtem
951 3342 1234 3410 temporis.
1284 3356 1407 3411 quat
1453 3316 1624 3396 sacris
1681 3342 1905 3397 Litteris
1948 3355 2028 3395 esu

2141 3316 2323 3419 ἡμῶνς
2361 3364 2380 3398 ι
2415 3316 2695 3399 τουτέστιν
2721 3340 2819 3411 ὀψέ
2853 3316 2982 3395 ποτε
3024 3316 3429 3410 γενήσεταιίεῖς
3462 3336 3520 3401 ἐξ
3552 3332 3692 3403 ἡμῶν

460 3430 769 3488 familiaris.
815 3430 892 3485 En
949 3431 1127 3487 factus
1168 3443 1252 3489 est
1298 3433 1539 3489 Adamus
1587 3435 1742 3503 quasi
1786 3450 1929 3489 unus
1968 3435 2028 3489 de

2142 3439 2429 3510 ἄνθρωπος
2478 3435 2662 3505 ὅμοιος
2711 3432 2790 3504 τῷ
2829 3432 3021 3502 Ἀδάμ.
3075 3431 3250 3485 Τοῦτο
3304 3422 3690 3503 προληπτιιιιῖκι

463 3523 650 3587 nobis,
686 3524 789 3580 hoc
834 3535 937 3587 est,
969 3525 1184 3580 tandem
1235 3525 1530 3595 aliquando
1579 3527 1646 3582 de
1688 3529 1847 3583 nobis
1898 3544 2028 3583 unus

2139 3529 2216 3593 ὡς
2259 3529 2493 3597 ἔφημεν,
2533 3525 2745 3596 εἴρηται
2790 3523 2931 3576 κατὰ
2976 3521 3035 3574 τὸ
3088 3520 3287 3588 ἰδῖωμα
3325 3523 3421 3590 τῆς
3470 3512 3693 3587 Γραφῇ.

463 3616 629 3671 homo
691 3615 815 3681 (iet,
874 3617 1081 3673 Adamo
1143 3619 1359 3675 similis.
1415 3619 1835 3675 Consueverunt
1892 3620 2028 3675 enim

2139 3622 2261 3692 ἥτις
2282 3618 2441 3673 εἴωθε
2480 3618 2550 3671 τά
2584 3615 2848 3686 μέλλοντα
2877 3614 3137 3683 γενέσθαι
3164 3612 3241 3676 ὡς
3277 3614 3377 3684 ἤδη
3408 3611 3635 3682 παρόντα
3663 3605 3689 3672 ἦ

459 3708 681 3765 Littera:
728 3724 894 3765 sacra!
939 3710 1197 3778 peculiari
1228 3711 1464 3779 quodam
1496 3713 1658 3767 modo
1693 3729 1755 3767 ea
1793 3728 1916 3783 qua:
1951 3712 2028 3767 fu-

2142 3712 2236 3767 καὶ
2282 3710 2542 3785 γεγονότα
2590 3706 2956 3778 διαγορεύειν,
2998 3704 3142 3758 καθὰ
3188 3705 3288 3758 καὶ
3317 3704 3409 3757 ἐπὶ
3446 3700 3540 3770 τῆς
3577 3710 3692 3765 προ-

464 3812 587 3858 tura
611 3809 737 3856 sunt
766 3804 846 3858 sic
872 3801 1091 3862 efferre,
1119 3804 1275 3872 quasi
1315 3804 1361 3857 si
1396 3805 1693 3873 praesentia
1724 3804 1906 3859 forent
1944 3816 2028 3859 aut

2143 3807 2379 3876 μήτορος
2411 3804 2701 3874 εἰρημένον
2739 3802 3089 3869 εὑρίσκομεν.
3128 3799 3315 3868 Μήπω
3350 3796 3444 3851 καὶ
3472 3794 3576 3863 γὰρ
3603 3786 3690 3844 αὓι·

457 3894 571 3961 jam
620 3894 966 3949 accidissent.
1019 3894 1318 3972 Cojtsitniie
1367 3895 1626 3964 quiddam
1684 3896 1917 3966 proferri
1973 3902 2028 3950 «te

2140 3900 2240 3967 τῆς
2283 3895 2658 3968 παραχθείσης
2692 3894 2839 3962 λέγει
2873 3894 2956 3946 ὅτι
2988 3893 3212 3962 ἐποίησε
3259 3891 3351 3944 τὸν
3391 3889 3656 3956 ἄνθρωπον
3678 3894 3691 3908 ⁸

462 3995 639 4038 matre
665 3984 952 4039 hominum
1005 3985 1094 4041 illa
1133 3986 1392 4056 primmva
1429 3986 1678 4043 videmus
1707 4007 1722 4042 :
1757 4003 1883 4042 nam
1914 4002 2028 4042 cum

2142 3992 2310 4059 ἄρσεν
2348 3992 2443 4042 καὶ
2482 3987 2618 4059 οῆλυ
2668 3987 2926 4055 ἐποίησεν
2969 3985 3189 4047 αὐτοὺς,
3220 3987 3282 4045 ,εἰ
3327 3985 3422 4037 καὶ
3454 3978 3569 4035 καθ’
3595 3977 3694 4031 ἓτε-

433 4077 583 4147 .ipsa
638 4078 876 4132 necdum
924 4087 1105 4132 creata
1155 4076 1318 4144 foret,
1380 4079 1496 4134 haec
1546 4079 1902 4134 nihilominus
1953 4078 2028 4131 di-

2146 4101 2239 4153 ρον
2306 4083 2431 4136 νοῦν
2502 4082 2530 4133 ό
2605 4080 2881 4143 θειότατος
2937 4078 3296 4141 ’Δναστάσιος
3362 4080 3422 4130 τὸ
3476 4071 3694 4127 τοιοῦτον

463 4178 669 4224 cuntur
699 4188 711 4222 :
749 4189 768 4222 ι
803 4168 956 4225 Fecit
980 4171 1259 4229 hominem
1293 4175 1452 4240 deus,
1480 4182 1538 4228 et
1563 4173 1788 4243 quidem
1833 4186 2028 4227 marem

2144 4173 2333 4234 ἐνόησε
2375 4172 2517 4224 Θεῖον
2558 4174 2741 4243 ῥητόν.
2786 4172 2874 4224 Ἐν
2925 4170 3038 4241 γὰρ
3072 4170 3152 4239 τῷ
3204 4170 3336 4241 περί
3369 4166 3694 4222 ἀναστάσεως

463 4279 530 4318 ac
559 4261 815 4318 feminam
850 4278 947 4318 eos
979 4263 1128 4320 fecit.
1173 4284 1193 4318 ι
1223 4266 1454 4322 Divinos
1481 4275 1669 4319 autem
1696 4264 1781 4318 vir
1805 4263 2028 4318 Anasta-

2143 4264 2288 4334 λόγῳ
2328 4265 2493 4317 αὑτοῦ
2527 4266 2617 4316 καὶ
2663 4264 2787 4317 τάδε
2831 4263 3189 4331 περὶτούτων
3222 4259 3399 4327 λέγων
3444 4260 3693 4327 εὓρηται*

465 4354 584 4408 sius
621 4353 826 4409 dictum
870 4353 974 4410 hoc
1005 4356 1115 4411 allo
1152 4373 1373 4428 quoque
1411 4372 1574 4412 sensu
1612 4355 1781 4425 cepit.
1816 4353 1953 4409 Nam
1986 4355 2028 4407 in

2151 4376 2169 4409 ι
2203 4356 2376 4425 Διπλῆ
2416 4356 2499 4417 τίς
2547 4358 2699 4409 ἐστιν
2730 4359 2763 4425 ἡ
2803 4356 2902 4425 τῆς
2946 4354 3160 4423 φύσεως
3191 4355 3352 4423 ἡμῶν
3378 4344 3693 4410 κατασκευὴ.

463 4446 713 4500 oratione
753 4446 821 4501 dc
852 4445 1278 4505 Rcsurreetione
1315 4450 1481 4503 verba
1519 4448 1694 4517 ipsius
1727 4448 1843 4502 haec
1878 4462 2028 4515 repe-

2140 4447 2174 4517 ἦ
2200 4463 2259 4496 τε
2295 4444 2428 4514 “Pb;
2459 4445 2519 4496 τδ
2548 4444 2689 4498 θεῖον
2723 4438 3054 4513 ὦμοιωμὲνη
3096 4443 3191 4494 καὶ
3218 4443 3252 4511 ἡ
3293 4440 3431 4508 πρὸς
3471 4439 3565 4506 τὴν
3597 4433 3696 4485 δια-

465 4538 733 4591 riuntur;
775 4555 794 4588 ι
841 4535 1048 4605 Duplex
1092 4547 1177 4592 est
1228 4547 1437 4592 natum
1496 4546 1695 4591 nostrae
1740 4546 2028 4599 structura,

2144 4538 2318 4606 φορὰν
2357 4536 2568 4603 ταύτην
2598 4537 2705 4588 τῶν
2743 4535 3040 4605 σχημάτων
3072 4532 3381 4604 διῃρημένη
3414 4523 3695 4609 τελευταίαν

465 4628 616 4697 prior
660 4627 729 4682 ad
783 4626 1034 4683 Numinis
1085 4628 1505 4683 similitudinem
1554 4628 1926 4688 conformata.
1988 4642 2028 4683 et

2147 4629 2682 4683 κατασκευασθεῖσα.
2715 4647 2733 4679 ι
2772 4629 2880 4680 Καὶ
2929 4627 2990 4679 οὐ
3029 4626 3203 4678 ταῦτα
3242 4627 3425 4694 μόνον,
3454 4619 3582 4675 ἀλλά
3613 4613 3695 4667 καὶ

465 4719 634 4774 altera
682 4735 909 4775 sexuum
961 4720 1277 4775 discrimine
1326 4720 1602 4785 distincta,
1648 4736 1769 4790 qua!
1821 4722 2028 4790 quidcn'

2144 4719 2238 4789 τὴν
2284 4719 2446 4785 ἁγίαν
2499 4719 2752 4786 ἐπιφέρει
2814 4716 3034 4788 Γραφὴν
3082 4717 3111 4769 ὁ
3170 4714 3313 4777 θεῖος
3355 4707 3506 4772 οὗτος
3548 4705 3691 4771 ἀνὴρ.

465 4810 683 4877 ορῖίίοἰο
714 4798 905 4863 nostro
935 4818 1271 4878 postremum
1318 4812 1571 4865 accessit.
1610 4829 1627 4860 ι
1672 4811 1828 4881 103
1855 4812 2028 4881 Nequt

2143 4811 2283 4863 ὥστε
2331 4811 2390 4862 τὸ
2433 4810 2608 4878 δόγμα
2651 4808 2810 4861 τοῦτο
2861 4807 3116 4875 γενέσθαι
3161 4808 3517 4874 σαφέστερον.
3550 4798 3694 4862 Λέγει

468 4908 680 4953 tantum
728 4900 845 4955 hac
877 4899 1203 4955 Anastasius
1234 4900 1468 4969 profert,
1508 4902 1603 4956 sed
1634 4912 1798 4957 etiam
1831 4904 2028 4958 littera:

2142 4903 2250 4972 γὰρ
2295 4921 2312 4952 ι
2353 4904 2447 4953 καὶ
2476 4901 2702 4969 ἐποίησε
2737 4899 2825 4951 τὸν
2847 4899 3135 4969 ἄνθρωπον
3161 4915 3173 4929 ·
3210 4897 3330 4951 κατ’
3365 4893 3547 4948 εἰκόνα
3573 4883 3692 4940 Gabi

470 5000 652 5041 sacras
685 4986 899 5058 allegat,
927 5003 1035 5057 quo
1072 4988 1381 5044 doctrinam
1428 4989 1569 5044 hanc
1600 4991 1885 5046 clariorem
1923 4991 2041 5047 elli-

452 5064 598 5131 ‘ciat.
629 5077 721 5132 Sic
748 5077 897 5131 enim
926 5078 1003 5134 ait
1027 5096 1042 5134 :
1074 5077 1227 5134 Fecit
1253 5080 1529 5135 hominem
1555 5082 1713 5148 Deus,
1740 5094 1795 5138 et
1819 5086 2039 5154 quidem

454 5160 596 5221 'eum
635 5168 703 5223 ad
736 5167 1025 5238 imaginem
1070 5169 1164 5226 Dei
1197 5170 1343 5227 fecit.
1380 5171 1502 5227 llaec
1537 5175 1709 5243 prima
1746 5177 1913 5229 nostri
1954 5186 2041 5232 est

470 5260 707 5322 creatio.
755 5258 1022 5329 simplex,
1090 5262 1414 5325 uniformis,
1475 5281 1669 5334 expers
1728 5267 2039 5332 Societatis.

472 5353 766 5409 discrimen
805 5352 1015 5408 nullum
1045 5354 1292 5421 habens;
1319 5360 1520 5426 quippe
1549 5362 1613 5411 ad
1638 5359 1927 5429 i-ttaginem
1949 5361 2038 5415 Dei

473 5444 603 5500 fecit
630 5461 773 5499 eum.
801 5443 1059 5502 Succedit
1090 5445 1259 5503 altera
1290 5447 1542 5504 formatio
1581 5468 1594 5502 :
1639 5449 1840 5505 Marem
1865 5466 1929 5505 ac
1960 5452 2041 5505 fc—

473 5533 676 5588 minam
724 5534 852 5591 fecit
894 5550 1009 5591 eos.
1049 5537 1178 5604 Qua:
1211 5538 1430 5608 quidem
1468 5539 1542 5594 ita
1590 5556 1650 5594 se
1685 5541 1911 5594 omnino
1945 5547 2028 5593 tta-

2148 5544 2345 5597 αὐτόν·
2384 5545 2619 5597 ἐνταῦθα
2671 5544 2727 5598 δὲ
2766 5541 2922 5598 εἶπεν
2957 5545 3182 5610 αὐτοὺς,
3222 5546 3391 5614 ἄρσεν
3437 5542 3527 5593 καὶ
3572 5531 3689 5594 θῆλυ

441 5625 604 5710 Lbere
632 5627 695 5678 de
731 5627 911 5682 verbis
949 5628 1079 5696 ipsis
1108 5638 1191 5685 est
1224 5633 1573 5701 perspicuum
1605 5635 1771 5685 {nam
1814 5631 1937 5685 istic
1967 5632 2028 5685 ait

2150 5636 2408 5703 ἐποίησεν
2458 5635 2676 5697 αὐτούς.
2738 5636 2976 5707 Πρόσεχε
3038 5638 3118 5691 δέ.
3199 5638 3413 5705 Ἐπειδὴ
3476 5633 3506 5700 ἡ
3575 5623 3690 5690 ἁγία

472 5731 705 5771 numero
736 5719 998 5777 unitatis:
1039 5741 1058 5775 ι
1095 5724 1173 5781 Ad
1214 5724 1505 5795 imaginem
1541 5723 1636 5779 Dei
1672 5724 1794 5780 fecit
1818 5740 1972 5803 tcum,
2019 5744 2028 5774 ι

2151 5728 2342 5799 Γραφὴ
2374 5729 2713 5797 προ).αίιόὖεα
2749 5727 2867 5782 εἷπε
2890 5748 2908 5781 ι
2934 5730 3054 5787 κατ’
3087 5734 3266 5785 εἰκόνα
3293 5729 3427 5781 Θεοῦ
3462 5724 3688 5788 ἐποίηςεν

2142 4995 2400 5065 ἐποίησεν
2437 4994 2624 5051 αὐτόν.
2666 4993 2863 5063 Πρώτη
2911 4999 3132 5063 ποίησις
3170 4990 3331 5056 αὕτη,
3365 4986 3529 5054 ἁπλῆ.
3556 4976 3693 5050 μονό-

2141 5103 2362 5156 τροπος,
2387 5086 2590 5154 ἄζυγος
2600 5126 2613 5151 .
2659 5086 2734 5156 μὴ
2767 5086 2967 5155 ἔχουσά
2999 5103 3122 5139 τινα
3154 5085 3437 5154 διαφοράν.
3463 5079 3565 5134 Καὶ
3585 5085 3691 5129 κατ’

2142 5178 2331 5230 εἰκόνα
2405 5178 2512 5248 γὰρ
2577 5176 2715 5229 Θεοῦ
2772 5177 3029 5246 ἐποίησεν
3109 5177 3298 5232 αὐτόν.
3352 5172 3583 5241 Δευτέρα
3640 5163 3691 5216 δὲ

2140 5271 2380 5340 ποίησις,
2410 5272 2581 5339 ἀρσεν
2604 5270 2700 5324 καὶ
2727 5271 2863 5340 οῆλυ
2890 5271 3150 5340 ἐποίησεν
3179 5269 3398 5330 αὐτούς.
3436 5285 3454 5318 ι
3497 5265 3611 5315 Ὀτι
3642 5255 3691 5309 δὲ

2139 5361 2314 5414 ταῦτα
2361 5360 2537 5423 οὕτως
2589 5360 2723 5432 ἔχει,
2762 5362 2923 5432 δῆλον
2955 5363 3020 5414 ἐκ
3058 5363 3165 5416 τῶν
3198 5358 3457 5430 ῥημάτων
3502 5348 3686 5408 αὐτῶν.

2155 5452 2304 5506 Ἐκεῖ
2352 5453 2451 5522 μὲν
2489 5449 2645 5506 εἶπεν
2687 5453 2872 5516 αὐτὸν,
2895 5453 3017 5508 κατ’
3058 5454 3246 5507 εἰκόνα
3281 5449 3417 5504 Θεοῦ
3453 5447 3689 5511 ἐποίησεν

541 5873 589 5906 ⁸⁸
626 5872 780 5931 Num.
814 5896 899 5950 xx,
942 5884 1022 5940 l3.
1716 5881 1740 5895 ⁴
1790 5882 1855 5951 ’,Γ

2878 5974 2879 5977 “
2984 5970 3003 5999 ο(

2644 5998 2674 6015 ι,
