3936 6418
234 404 337 470 209

1508 420 1943 483 ANNALIUM
1986 423 2187 484 PARS
2230 424 2277 485 Ι.

3404 425 3511 488 Qi-‘J

234 516 414 581 otism,
471 538 491 571 ι
546 515 688 588 εἷτα,
748 523 889 595 μετὰ
935 524 1034 592 τὴν
1087 527 1254 582 αὐτοῦ
1314 529 1518 601 δηλαδὴ
1574 532 1815 596 ποίησιν,

1931 533 2014 589 ltie
2062 549 2194 589 vero
2238 549 2505 590 numerus
2553 535 2923 591 multitudinis
2958 542 3274 605 usurpatur.
3314 533 3515 590 Consi-

229 609 503 680 ἰπήγαγεν
571 631 592 666 ι
631 616 834 687 ’Ᾱρσεν
886 620 980 672 καὶ
1035 618 1169 689 θῆλυ
1223 621 1482 693 ἐποίησεν
1530 623 1751 687 αὐτοὺς,
1791 641 1809 675 ι

228 702 394 770 ἔδειξε
428 708 723 778 προφανῶς
747 712 830 764 ὅτι
862 710 1000 782 ἄλλη
1035 714 1257 781 ποίησις
1288 716 1475 787 ἐκείνη
1508 715 1605 768 καὶ
1646 717 1818 787 ἑτέρα

227 795 443 866 ποίησις
470 797 631 873 αὕτη,
665 804 698 871 ἡ
740 803 839 872 μὲν
878 804 945 857 τὸ
980 804 1075 858 τοῦ
1103 806 1456 876 Δημιουργοῦ
1491 807 1818 879 παριστῶσα

227 886 503 959 φιλότιμον
537 890 686 961 (κατ’
728 895 916 951 είκόνα
967 897 1078 966 γὰρ
1133 897 1270 951 θεοῦ
1310 901 1571 968 ἐποίησεν
1602 902 1814 970 αὐτὸν),

225 984 258 1053 ἡ
303 982 361 1036 δὲ
403 984 505 1056 τὴν
553 985 664 1039 τῶν
715 990 1019 1060 σχημάτων
1067 993 1497 1063 ὑπεμφαίνουσα
1543 994 1818 1064 διαφορὰν

227 1072 418 1143 (ἄρσεν
444 1077 697 1146 γάρ’καὶ
734 1080 866 1149 θῆλυ
916 1083 1176 1153 εποίησεν
1225 1084 1470 1154 αὐτούς).
1512 1088 1671 1138 Δοκεῖ
1720 1087 1818 1154 μὲν

222 1161 316 1217 οὖν
354 1167 383 1217 ό
432 1164 593 1235 λόγος
634 1170 817 1225 οὑτοσὶ
865 1173 1147 1242 φορτικὸς,
1182 1173 1320 1227 ἀλλὰ
1364 1178 1476 1238 τοῖς
1521 1177 1819 1247 ἑπομένοις

219 1257 299 1328 τῷ
362 1259 479 1329 ίδίῳ
525 1261 797 1333 λογισμῷ.
834 1263 958 1328 Τοῖς
1018 1264 1130 1335 γὰρ
1178 1265 1474 1336 ἐκζητοῦσι
1521 1268 1618 1331 τὰς
1666 1268 1818 1338 ἱερὰς

220 1351 330 1404 τῶν
374 1353 637 1423 Πατέρων
678 1357 898 1426 γραφὰς
952 1358 1045 1411 καὶ
1093 1358 1276 1428 πάσης
1322 1354 1613 1429 ἀποδοχῆς
1645 1359 1815 1425 ἄξιος,

219 1444 305 1498 ὅτι
332 1447 426 1499 καὶ
474 1447 652 1518 σαφὴς
680 1450 709 1501 ό
736 1449 977 1514 τοιοῦτός
1018 1451 1158 1507 ἐστι.
1192 1453 1303 1506 Καὶ
1350 1453 1518 1507 ἄκουε
1556 1453 1608 1504 τί
1648 1471 1817 1524 φησιν

219 1537 248 1588 ό
274 1536 347 1590 τὰ
380 1536 501 1592 θεῖα
534 1540 699 1608 σοφὸς
744 1540 1128 1606 Ἀναστάσιος.
1169 1543 1297 1608 Τοῖς
1330 1545 1440 1615 γὰρ
1472 1548 1817 1617 προειρημέ-

219 1649 334 1696 νοις
364 1638 459 1687 καὶ
506 1636 633 1689 τάδε
670 1638 992 1708 προσέθετο,
1034 1643 1336 1711 σαφηνίσαι
1371 1642 1543 1696 θέλων
1589 1645 1654 1696 ἐκ
1692 1643 1820 1696 παλλ-

221 1725 334 1778 λῶν
381 1728 444 1780 τὸ
498 1728 814 1800 λεγόμενον.
854 1751 873 1785 ι
930 1735 1173 1804 Δευτέρα
1224 1737 1408 1799 κτίσις
1447 1736 1570 1788 ἐστὶ
1617 1735 1713 1788 τοῦ
1745 1752 1806 1786 τε

220 1817 457 1892 ἄρρενος
500 1824 597 1876 καὶ
635 1823 729 1877 τοῦ
777 1824 972 1895 θήλεος
1023 1829 1693 1898 πρυσκατασκευασθεῖσα
1740 1828 1821 1897 τῷ

220 1911 526 1984 πλάσματι,
558 1915 637 1986 τῷ
688 1919 832 1971 κατὰ
876 1919 977 1990 τὴν
1019 1919 1250 1991 πρώτην
1296 1921 1543 1988 δηλονότι
1586 1937 1816 1991 γεγενη-

222 2004 377 2074 μένῳ
432 2007 554 2059 κατ’
594 2009 781 2062 εἰκόνα
833 2011 993 2077 Θεοῦ,
1026 2013 1086 2064 ὲν
1124 2006 1169 2081 ᾧ
1223 2012 1462 2082 διαφορά
1517 2014 1817 2083 σχημάτων

220 2096 324 2151 οὐκ
351 2092 444 2168 ἦν,
474 2099 557 2153 ὅτι
607 2100 742 2170 μηδὲ
794 2104 853 2155 ὲν
912 2107 977 2173 τῇ
1034 2103 1156 2174 θείᾳ
1211 2105 1307 2160 καὶ
1358 2106 1612 2176 μακτρίᾳ
1644 2107 1817 2157 εἰκόνι

221 2191 465 2245 τοιοῦτόν
500 2209 554 2245 τι
606 2196 972 2267 ἐπινενόηται.
1015 2217 1034 2249 ι
1084 2197 1145 2251 El
1168 2198 1226 2252 δὲ
1261 2199 1437 2253 ταῦτα
1469 2198 1646 2261 οὕτως
1679 2199 1816 2267 ἔχει,

224 2280 407 2350 λέγειν
468 2284 563 2339 οὖν
614 2287 842 2355 εὔλογον
890 2290 977 2342 ὅτι
1038 2291 1103 2343 ὲκ
1165 2292 1531 2362 προγνώσεως
1594 2294 1622 2345 ό
1687 2294 1819 2355 Θεὸς

231 2376 494 2447 τοιαύτην
525 2379 619 2432 ἀπ’
667 2382 841 2451 ἀρχῆς
879 2382 1239 2453 κατασκευὴν
1268 2384 1472 2438 δέδωκε
1500 2385 1579 2454 τῷ
1621 2385 1820 2453 Ἀδάμ,

231 2469 284 2522 εί
327 2486 389 2538 γε
434 2472 533 2537 τῆς
588 2472 851 2544 δευτέρας
895 2475 1016 2529 ἐστὶ
1064 2477 1299 2540 κτίσεως
1352 2479 1385 2543 ἡ
1435 2477 1660 2547 τοιαύτη
1712 2480 1823 2529 τῶν

234 2562 533 2631 σχημάτων
582 2563 839 2634 διαφορὰ,
878 2567 946 2636 ἢν
988 2564 1058 2638 δὴ
1101 2568 1195 2620 καὶ
1225 2568 1548 2635 ἀναγκαίως
1571 2569 1823 2638 ἐπήγαγε

238 2652 377 2720 μετὰ
419 2651 517 2722 τὴν
569 2652 817 2725 πρώτην,
850 2654 926 2719 ὡς
971 2657 1212 2728 εἴρηται,
1248 2659 1471 2728 ποίησιν
1495 2678 1509 2692 ο
1558 2659 1681 2712 οὐδὲ
1714 2660 1824 2729 γὰρ

240 2743 422 2814 ἠγνόει
459 2746 518 2798 τὸ
567 2746 1005 2819 συμϐησόμενον.
1044 2750 1151 2803 Καὶ
1205 2751 1468 2822 πρόσχες,
1512 2754 1562 2805 εί
1617 2753 1823 2822 βούλει,

236 2835 311 2906 τῷ
335 2838 685 2909 Δαμασκηνῷ
727 2840 948 2914 Ἰωάννῃ
981 2843 1116 2912 περὶ
1142 2842 1237 2896 τοῦ
1269 2842 1490 2913 πρώτου
1523 2845 1820 2914 ἀνθρώπου

1923 627 2082 683 deres
2127 629 2294 698 igitur
2330 629 2477 697 quod
2513 644 2638 683 cum
2672 630 2897 684 Litterae
2943 644 3115 684 sacrae
3163 628 3316 699 prius
3348 628 3515 682 dixis-

1921 728 2044 774 sent
2093 737 2107 773 :
2152 737 2171 766 ι
2226 718 2307 772 Ad
2355 719 2649 788 imaginem
2707 720 2800 773 Dei
2866 719 3171 781 feciteum,
3234 737 3253 768 ι
3316 718 3516 771 deinde

1920 812 2241 879 subiecerit,
2294 827 2420 883 pOSt
2472 813 2712 867 hominis
2765 816 3027 867 nimirum
3078 812 3513 866 formationem:

1927 923 1947 957 ι
1992 903 2195 959 Marem
2251 921 2316 959 ac
2363 905 2621 959 feminam
2673 906 2804 959 fecit
2853 921 2970 959 eos.
3013 924 3031 956 ι
3069 904 3283 970 Quibus
3328 902 3514 957 verbis

1922 997 2227 1051 clarissime
2261 999 2506 1053 ostendit
2556 999 2719 1052 aliam
2770 1014 2892 1052 esse
2945 998 3333 1051 formationem
3368 996 3513 1049 illam

1921 1088 2184 1156 priorem,
2214 1089 2377 1142 aliam
2425 1089 2570 1143 hanc
2604 1090 2993 1158 posteriorem.
3032 1088 3166 1141 Nam
3202 1088 3291 1140 illa
3328 1085 3513 1154 digni-

1923 1187 2088 1233 tatem
2121 1178 2344 1249 Opiftcis
2373 1188 2751 1250 repraesentat,
2792 1181 2857 1234 de
2888 1197 2993 1249 qua
3029 1179 3466 1234 seilicetdicitttr
3500 1195 3514 1233 :

1928 1287 1948 1322 ι
1999 1269 2078 1325 Ad
2134 1271 2427 1342 imaginem
2488 1271 2583 1326 Dei
2634 1273 2767 1327 fecit
2820 1289 2982 1338 eum;
3030 1292 3049 1325 ι
3109 1273 3226 1327 haec
3286 1286 3517 1325 sexuum

1920 1363 2220 1419 discrimen
2267 1365 2516 1421 denotat.
2556 1367 2710 1420 htsce
2767 1365 2952 1420 verbis
3009 1366 3520 1432 comprehensum:

1926 1473 1946 1506 ι
1994 1454 2199 1509 Marem
2244 1471 2310 1510 ac
2359 1456 2624 1510 feminam
2678 1456 2804 1511 fecit
2856 1472 2971 1511 eos.
3017 1476 3035 1509 ι
3080 1456 3308 1511 Videtur
3339 1465 3521 1509 autem

1919 1548 2038 1603 haec
2071 1548 2250 1602 oratio
2284 1565 2477 1618 parum
2528 1550 2852 1615 tolerabilis,
2883 1551 2977 1605 sed
3014 1549 3082 1605 iis
3116 1551 3206 1618 qui
3246 1550 3518 1603 rationem

1920 1641 2200 1710 pr0priam
2248 1652 2581 1711 sequuntur.
2628 1642 2762 1696 Nam
2811 1642 3048 1703 caeteris.
3095 1658 3251 1696 saera
3299 1642 3521 1695 Patrum

1921 1733 2126 1803 scripta
2160 1735 2681 1806 pervestigantibus,
2706 1737 2934 1790 omnino
2968 1736 3130 1806 digna
3170 1736 3527 1790 existimatur

1921 1843 2043 1897 qua}
2078 1827 2251 1896 recipi
2284 1827 2504 1892 debeat,
2527 1829 2836 1898 praesertim
2875 1842 2998 1881 eum
3036 1837 3228 1896 aperta
3266 1827 3336 1881 sit
3362 1835 3527 1897 atque

1925 1919 2109 1987 plana.
2177 1919 2319 1983 Quid
2389 1919 2532 1974 idem
2591 1919 2921 1973 Anastasius
2980 1919 3127 1972 dicat
3179 1918 3326 1973 audi.
3390 1918 3524 1971 Nam

1922 2011 2192 2066 hactenus
2236 2012 2506 2080 expositis
2544 2014 2659 2065 ltrec
2699 2013 2872 2065 etiam
2924 2012 3147 2079 adjecit,
3180 2011 3433 2080 pluribus
3471 2011 3524 2062 id

1920 2106 2064 2173 quod
2092 2105 2407 2175 protulerat
2438 2106 2725 2159 declarare
2757 2105 2971 2159 volens.
3012 2104 3268 2158 Secunda
3322 2102 3530 2156 creatio

1921 2207 2007 2252 est
2056 2199 2226 2253 maris
2281 2214 2345 2253 ac
2381 2198 2600 2253 feminae
2647 2198 2926 2263 formatio,
2964 2213 3085 2266 quae
3123 2196 3379 2266 ﬁgltl'nll)
3429 2192 3526 2247 ονε

1923 2290 2181 2352 accessit,
2212 2290 2360 2359 quod
2404 2291 2622 2345 ratione
2667 2289 2966 2345 creationis
3012 2292 3203 2359 primae
3237 2293 3304 2341 ait
3338 2288 3532 2354 imagi-

1924 2398 2054 2437 nem
2106 2383 2198 2437 Dei
2260 2384 2464 2437 factum
2517 2391 2657 2448 erat,
2693 2399 2794 2438 nec
2832 2397 3063 2437 sexuum
3096 2380 3395 2434 discrimen
3433 2380 3533 2432 ba-

1925 2473 2113 2538 bebat,
2139 2473 2358 2543 quando
2388 2490 2491 2527 nec
2544 2473 2597 2526 in
2642 2472 2828 2527 divina
2860 2472 2950 2525 illa
2988 2471 3255 2539 beataquc
3297 2468 3534 2538 imagine

1925 2567 2058 2637 quid
2091 2567 2360 2636 ejusmodi
2392 2566 2632 2620 exsistit.
2669 2566 2802 2631 Quae
2836 2578 2961 2619 cum
2996 2563 3071 2616 ita
3100 2564 3233 2625 sint,
3261 2578 3289 2615 a
3316 2562 3532 2616 ratione

1927 2675 2040 2713 non
2080 2659 2365 2721 abhorret,
2394 2656 2580 2713 dicere
2620 2659 2788 2712 Deum
2842 2672 2908 2711 ex
2972 2654 3314 2723 prtescientia
3368 2650 3529 2704 talem

1927 2753 1997 2805 ab
2031 2750 2190 2804 initio
2239 2759 2579 2805 structuram
2627 2747 2840 2802 Adamo
2876 2745 3242 2805 concessisse,
3276 2758 3398 2797 eum
3431 2742 3536 2795 hoc

1930 2858 2103 2899 sexus
2153 2843 2455 2898 discrimen
2513 2857 2542 2894 a
2592 2839 2830 2894 secunda
2885 2838 3171 2893 creatione
3225 2834 3533 2905 profectum

236 2927 442 2997 λέγοντι
475 2948 496 2984 ι
535 2930 704 2996 Εἰδὼς
746 2931 804 2985 δὲ
834 2935 862 2986 ὁ
894 2934 1259 3005 προγνὼστης
1290 2938 1423 3000 Θεὸς
1450 2939 1532 2990 ὅτι
1561 2938 1616 2989 ὲν
1650 2956 1823 3009 παρα-

1931 2937 2122 3000 fuerit,
2178 2951 2343 3005 quam
2392 2935 2710 2989 necessario
2756 2932 2951 3001 priori,
3006 2945 3109 2985 ceu
3168 2930 3374 2984 dictum
3430 2936 3536 2989 est,

239 3022 396 3076 ϐάσει
444 3027 735 3096 γενήσεται
798 3028 895 3081 καὶ
953 3029 1033 3082 ὅτι
1092 3029 1272 3101 φθορᾷ
1324 3031 1706 3094 ύποπεσείται,
1740 3031 1823 3085 διὰ

1931 3030 2153 3100 adjecit.
2189 3029 2303 3083 Nec
2348 3028 2497 3082 enim
2543 3026 2675 3096 quid
2724 3026 2975 3079 futurum
3031 3033 3179 3077 esset
3218 3020 3531 3091 ignorabat.

234 3115 392 3171 τοῦτο
421 3119 662 3189 παράγει
709 3119 769 3172 τὸ
790 3119 926 3190 θῆλυ
956 3122 1014 3188 ἐξ
1047 3122 1238 3179 αὐτοῦ.
1276 3142 1295 3175 ι
1333 3124 1497 3177 Ὥστε
1531 3127 1580 3177 εί
1621 3127 1696 3196 μὴ
1729 3128 1823 3195 τῆς

1933 3123 2002 3179 Et
2028 3126 2299 3186 animum,
2332 3121 2374 3176 si
2404 3121 2562 3185 libet,
2593 3120 2817 3175 adverte
2842 3116 3075 3172 Joannis
3103 3113 3427 3169 Damasceni
3460 3113 3529 3167 de

235 3211 532 3279 ἀγγελικῆς
558 3213 820 3278 ἐξέπιπτε
853 3214 1063 3285 βιοτῆς,
1090 3216 1193 3269 οὐκ
1224 3218 1290 3270 ἂν
1315 3219 1347 3286 ή
1380 3218 1491 3270 τῶν
1525 3219 1823 3288 σχημάτων

1938 3218 2160 3272 homine
2208 3218 2388 3281 primo
2429 3214 2636 3270 verbis.
2665 3214 2801 3280 Quia
2849 3212 2991 3267 Deus
3045 3211 3357 3265 futurorum
3394 3224 3539 3279 prae.

238 3302 377 3374 αὕτη
412 3307 977 3376 προσκατεσκεύαστο
1032 3309 1289 3380 διαφορὰ,
1326 3311 1408 3363 ὄτι
1454 3311 1592 3379 μηδὲ
1636 3310 1823 3381 χρείαν

1931 3310 2076 3366 scius
2114 3318 2273 3363 norat
2327 3307 2605 3362 hominem
2666 3306 2926 3359 mandato
2976 3318 3084 3357 non
3130 3302 3440 3371 periturum
3474 3316 3540 3355 ac

237 3391 350 3467 εἶχε
384 3397 586 3470 ταύτης
617 3400 645 3452 ό
678 3401 799 3454 κατ’
842 3401 1031 3455 εἰκόνα
1090 3403 1467 3470 γεγενημένος
1502 3402 1638 3455 θεοῦ
1692 3405 1823 3474 πρός

1931 3401 2176 3457 interitui
2203 3401 2450 3456 futurum
2481 3400 2806 3460 obnoxium,
2831 3397 3042 3451 ideirco
3073 3395 3335 3449 feminam
3367 3411 3437 3450 ex
3465 3410 3533 3450 eo

1932 3495 2213 3564 producit.
2270 3492 2535 3562 Adeoque
2589 3492 2632 3545 si
2699 3492 2870 3545 homo
2942 3489 3051 3544 vita
3116 3488 3365 3559 angelica
3426 3502 3541 3541 non

1931 3585 2256 3647 excidisset,
2288 3599 2521 3640 sexuum
2574 3584 2873 3637 discrimen
2911 3581 3121 3635 nullum
3168 3580 3371 3634 factum
3397 3576 3541 3635 fuis—

1932 3688 2038 3740 set,
2077 3679 2285 3750 quippe
2342 3677 2503 3746 cujus
2554 3676 2703 3731 haud
2763 3674 3009 3739 eguisset
3056 3674 3123 3727 ad
3163 3675 3384 3745 generis
3414 3690 3543 3743 pro-

236 3506 299 3557 τε
325 3491 424 3562 τὴν
469 3495 535 3547 ὲκ
577 3493 830 3565 διαδοχῆς
867 3495 963 3547 τοῦ
995 3496 1186 3562 γένους
1219 3496 1502 3562 σύστασιν,
1535 3496 1631 3550 ἅτε
1684 3497 1830 3549 κατὰ

236 3584 361 3648 τοὺς
394 3586 686 3658 ἀγγέλους,
712 3586 787 3651 ὼς
835 3585 951 3640 ἄνω
997 3586 1329 3656 διείληπται,
1362 3586 1578 3656 μέλλων
1622 3587 1833 3657 πληθύ-

235 3676 452 3732 νεσθαι.
501 3678 644 3731 Ἀλλ’
674 3677 1095 3749 ἐπαναληπτέον
1127 3678 1230 3731 κᾶν
1260 3674 1417 3743 αὖθις
1452 3679 1542 3732 τὸν
1573 3679 1757 3746 λόγον.

235 3773 579 3842 pagationetn
635 3773 683 3827 is
731 3772 826 3843 qui
878 3772 947 3827 ad
1030 3772 1326 3843 imaginem
1398 3771 1494 3827 Dei
1542 3773 1722 3827 factus
1764 3782 1904 3827 erat.
1946 3772 2081 3827 Nam
2139 3788 2293 3827 more
2345 3771 2686 3842 angelorum,
2747 3779 2806 3824 ut
2855 3768 3158 3822 indicatum
3215 3778 3298 3821 est
3352 3784 3539 3836 supra,

236 3876 414 3921 semet
449 3865 888 3937 amplificaturtzl
937 3865 1139 3922 fuerat.
1177 3866 1470 3928 Sedeuim
1500 3868 1568 3923 ad
1607 3868 1921 3923 institutam
1961 3867 2270 3923 orationem
2304 3866 2647 3951 redeundum
2681 3874 2785 3920 est.

754 3965 890 4031 "api
928 3963 1036 4018 τοῦ
1085 3963 1297 4033 ὄφεως.

303 4055 443 4110 Θεία
477 4061 617 4124 μετὰ
641 4058 741 4127 τὴν
766 4058 1083 4128 παράϐασιν
1105 4059 1242 4129 πρὶς
1271 4060 1365 4114 τὸν
1395 4060 1520 4128 ὅφιν
1546 4059 1831 4129 ἀπόφασις

242 4167 261 4201 ι
308 4150 404 4202 ἐπὶ
424 4149 506 4218 τῷ
548 4150 737 4218 στήθει
779 4151 875 4204 καὶ
908 4154 974 4223 τῇ
1004 4152 1184 4225 κοιλίᾳ
1228 4153 1494 4225 πορεύσῃ.
1535 4172 1555 4205 ι
1606 4152 1830 4223 Ἐπειδὴ

237 4244 468 4313 καρδίαν
514 4245 806 4313 ὴπάτησας
863 4249 957 4300 καὶ
1019 4246 1235 4301 κοιλίαν
1297 4247 1527 4309 ἔπεισας
1584 4246 1832 4317 ἅψασθαι

241 4335 570 4405 βρωμάτων,
604 4337 700 4390 ἐπὶ
743 4340 818 4407 τῷ
852 4339 1040 4409 στήθει
1092 4341 1187 4393 καὶ
1219 4341 1286 4410 τῇ
1320 4339 1502 4410 κοιλίᾳ
1554 4339 1828 4409 πορεύσῃ.

240 4430 373 4482 Οὐδὲ
400 4431 511 4500 γὰρ
551 4430 625 4492 ὡς
667 4430 835 4495 πόδας
884 4432 1227 4503 κεκτημένου
1268 4434 1327 4486 τὸ
1358 4433 1648 4502 πρότερον,
1687 4432 1832 4484 καθά

250 4520 514 4594 Ἰώσηπός
559 4522 621 4574 τὲ
667 4541 803 4599 φησι
847 4524 941 4577 καὶ
971 4526 1006 4596 ἠ
1051 4524 1327 4595 λεγομένη
1366 4523 1557 4595 Λεπτὴ
1588 4525 1831 4587 Γένεσις,

2545 3963 2623 4017 De
2653 3973 2919 4034 serpente.

2005 4058 2131 4114 llaec
2180 4068 2267 4115 est
2331 4057 2420 4112 illa
2476 4056 2571 4111 Dei
2628 4057 2695 4110 ad
2755 4063 3069 4123 serpentem
3129 4061 3251 4123 post
3300 4053 3544 4107 hominis

1933 4155 2145 4224 lapsum
2198 4152 2377 4207 oratio
2409 4168 2422 4204 :
2460 4149 2622 4222 104,
2662 4168 2680 4201 ι
2725 4150 2780 4202 In
2814 4156 3009 4218 pectus
3040 4162 3104 4201 ac
3132 4157 3381 4200 ventrem
3413 4161 3538 4200 ant-

1930 4247 2151 4303 bulabis
2183 4247 2253 4300 ⁸⁸.
2288 4266 2306 4297 ι
2352 4244 2467 4303 [loc
2501 4254 2588 4299 est
2621 4242 3070 4314 quandoquidem
3108 4257 3213 4295 cor
3250 4241 3539 4310 derepile

1940 4349 1995 4393 et
2041 4340 2221 4394 ventri
2264 4338 2588 4409 persuasisti
2645 4346 2704 4391 ut
2760 4338 2943 4391 cibum
2994 4336 3145 4389 illum
3196 4334 3539 4402 decerperet,

1942 4431 2151 4485 idcirco
2187 4432 2241 4485 in
2279 4440 2472 4499 pectus
2503 4446 2567 4484 ac
2598 4437 2845 4483 ventrem
2886 4426 3216 4482 ambulabis.
3241 4426 3358 4479 Non
3391 4425 3540 4479 enitr:

1942 4536 2239 4595 propterea
2276 4506 2421 4579 Delus
2469 4521 2941 4577 inambulatnrum
2998 4517 3176 4572 ventri
3227 4527 3539 4585 serpentem

240 4613 333 4667 νῦν
360 4609 723 4682 ἀποφαίνεται
756 4617 851 4670 τὸν
873 4618 976 4669 ἐπὶ
1003 4621 1068 4688 τῇ
1102 4618 1284 4687 κοιλίᾳ
1319 4619 1645 4688 περίπατον.
1688 4618 1823 4670 ’Λλλ¹

1939 4616 2280 4682 pronuntiat.
2344 4614 2500 4684 quasi
2550 4615 2704 4681 prius
2755 4611 2844 4665 ille
2897 4610 3068 4680 pedes
3125 4608 3428 4669 habuisset,
3482 4620 3542 4660 ut

242 4706 428 4779 ἐπειδὴ
480 4707 623 4761 κατὰ
674 4708 767 4760 τὸν
823 4711 1258 4782 χρυσορρήμονα
1305 4711 1561 4779 Ἰωάννην
1600 4711 1709 4763 ἀπὸ
1738 4710 1833 4763 τοῦ

241 4798 427 4870 ὀρθίου
478 4800 761 4871 σχήματος
813 4801 1071 4871 τοιαύτην
1100 4800 1286 4856 ἄδειαν
1316 4802 1478 4875 ἔσχεν
1506 4801 1651 4855 ὥστε
1699 4804 1837 4870 προς

243 4891 303 4945 τὺ
339 4887 437 4956 οὖς
464 4895 532 4962 τῇ
568 4890 679 4964 Εὔα
729 4892 1038 4964 πλησιάσαι
1091 4896 1183 4947 καὶ
1238 4895 1366 4963 περὶ
1412 4888 1679 4946 τοιούτων
1720 4895 1838 4947 δια-

244 4985 525 5056 λεχθῆναί,
576 4990 645 5055 τῇ
707 4990 775 5059 γῇ
821 4990 917 5044 καὶ
983 4986 1128 5041 πάνυ
1184 4986 1410 5046 δικαίως
1475 4987 1838 5057 ἐπισύρεσθαι.

247 5078 632 5149 κατεδικάσθη.
668 5081 730 5133 Ei
766 5079 876 5153 γὰρ
910 5081 1009 5134 καὶ
1035 5082 1210 5145 άπους
1241 5079 1301 5140 ἐξ
1329 5080 1507 5152 ἀρχῆς
1534 5079 1832 5133 διεπέπλα-

252 5185 365 5233 cra,
396 5170 537 5225 ἀλλὰ
574 5171 795 5237 κύκλοις
824 5172 985 5229 τινῶν
1012 5172 1261 5228 κάτωθεν
1293 5171 1537 5243 ἑλιγμῶν
1563 5173 1838 5243 ,ὲνορθού-

254 5278 408 5329 μενος
462 5266 783 5332 τεταμένας
833 5268 948 5331 τοῖς
999 5266 1259 5338 στήθεσιν
1308 5266 1567 5320 ῖππευσε.
1601 5265 1695 5317 Διὸ
1746 5265 1842 5318 καὶ

250 5354 343 5409 νῦν
380 5357 409 5409 ὁ
453 5355 580 5424 ὕφις
623 5357 888 5423 πολλάκις
930 5359 1278 5430 θυμούμενος
1325 5359 1613 5427 ἀνίστησιν
1644 5358 1840 5411 ἑαυτὸν

252 5449 344 5503 καὶ
392 5450 673 5514 κυκλικῶς
708 5449 1060 5523 ἑλισσόμενος
1099 5454 1309 5525 τρέχει.
1353 5450 1574 5524 Προσὰς
1609 5450 1665 5504 δὲ
1711 5451 1838 5505 ὅσον

255 5544 423 5611 δείξαι
465 5546 561 5599 τοῦ
606 5547 840 5602 παλαιοῦ
890 5547 1229 5619 βαδίσματος
1261 5549 1362 5620 τὴν
1394 5550 1645 5620 μνήμην.
1672 5548 1837 5600 πάλιν

255 5638 330 5710 τῷ
362 5640 460 5707 τῆς
505 5635 839 5710 ἀποφάσεως
890 5642 1295 5699 καταϐάλλεται
1357 5644 1529 5713 νόμῳ,
1585 5642 1729 5710 Ὅρα
1780 5639 1837 5693 δὲ

257 5731 522 5804 νουνεχῶς
564 5734 648 5788 ὅτι
688 5735 943 5791 τοσοῦτόν
967 5739 1085 5792 ἐστι
1114 5735 1253 5807 βαρὺ
1295 5737 1356 5788 τό
1392 5752 1513 5788 τινα
1552 5733 1674 5789 καθ’
1709 5735 1836 5789 ἑαύ-

327 5874 370 5907 "
408 5874 547 5931 Gen.
578 5892 663 5943 ιιι,
710 5878 794 5932 l4.

1934 4707 2207 4778 Iosephus
2238 4718 2290 4763 et
2326 4722 2528 4778 parvus
2560 4705 2664 4760 ille-
2687 4705 2753 4759 de
2792 4719 2977 4758 rerum
3007 4711 3129 4756 ortu
3164 4700 3301 4754 liber
3330 4700 3487 4753 aiunt
3525 4716 3538 4750 :

1938 4803 2033 4859 sed
2068 4803 2201 4871 quia
2232 4803 2299 4857 de
2325 4797 3006 4871 sententiaxllltrysostomi
3043 4795 3194 4866 prius
3224 4794 3538 4848 facultatem

1936 4898 2150 4963 habens
2180 4907 2367 4953 erecto
2405 4911 2641 4965 corpore
2681 4892 3046 4949 conveniendi
3095 4890 3257 4944 Evam
3309 4897 3365 4942 et
3416 4903 3541 4942 eum

1939 5008 2004 5048 ea
2059 4992 2434 5061 colloquendi,
2465 5004 2614 5043 nunc
2660 4987 2958 5042 damnatus
3005 4984 3194 5041 fuerit.
3224 4998 3288 5037 ac
3344 4982 3546 5036 merito

1939 5086 2185 5157 quidem,
2225 5094 2286 5139 ut
2332 5084 2485 5137 humi
2543 5093 2813 5152 serperet.
2852 5081 2986 5135 Nam
3040 5079 3252 5134 tametsi
3287 5077 3546 5135 abjnitio

1938 5193 2171 5247 serpens
2204 5177 2279 5231 ita
2310 5176 2570 5231 conditus
2601 5184 2719 5241 erat
2755 5190 2784 5227 a
2820 5173 2953 5238 Deo,
2985 5172 3226 5243 pedibus
3262 5171 3341 5225 uti
3391 5184 3545 5223 care-

1940 5281 2047 5333 ret,
2099 5277 2283 5324 tamen
2336 5268 2565 5323 orbibus
2609 5265 2941 5336 quihusdam
2991 5265 3263 5320 factarum
3314 5260 3545 5318 inferius

1941 5359 2395 5416 convolntionum
2452 5368 2675 5413 erectus
2724 5358 2792 5412 iis
2842 5357 2980 5429 ipsis
3039 5367 3272 5411 extenso
3316 5363 3543 5422 pectore

1946 5451 2099 5506 velut
2145 5451 2509 5521 inequitabat.
2560 5450 2771 5506 Idcirco
2810 5452 3061 5505 videmus
3100 5445 3375 5503 et~bodie
3426 5457 3540 5497 ser-

1948 5552 2169 5616 pentem
2207 5544 2405 5599 iratum
2441 5554 2619 5601 semet
2659 5545 2970 5617 erigereec
2999 5544 3054 5598 in
3084 5542 3248 5596 orbes
3277 5534 3535 5592 convolu-

1951 5647 2064 5693 tum
2119 5639 2393 5710 progredi.
2449 5640 2567 5707 Qno
2605 5636 2981 5709 facto.'quasi
3037 5632 3237 5690 veteris
3282 5631 3539 5684 incessus

1948 5732 2214 5788 memoria
2254 5733 2415 5788 nobis
2451 5734 2505 5787 in
2539 5742 2778 5789 tuentem
2813 5737 3089 5792 revocata,
3117 5737 3334 5781 rursum
3379 5721 3539 5793 juxta
