3936 6434
473 371 573 436 2.1

1753 382 2174 444 MlCH.\El.lS
2209 384 2479 447 GLYCE

3600 381 3692 443 ετξ

474 483 646 539 divini
694 485 1027 554 pronuntiati
1058 487 1228 556 legem
1284 501 1456 544 semet
1488 492 1748 546 demittit.
1785 496 2044 549 Caeterum

2160 496 2249 546 τὸν
2290 495 2648 564 ἁμαρτάνειν,
2681 496 2806 548 ὅσον
2850 494 2961 562 ἄρα
3013 493 3071 546 τὸ
3107 494 3201 547 καὶ
3256 494 3467 562 ἐτέρους
3506 493 3693 561 ἐνάγειν

473 576 776 645 prudenter
826 577 1145 633 obscrvabis
1190 596 1345 649 asque
1395 597 1561 651 grave
1594 598 1715 637 esse
1744 600 1942 655 quemp
1966 602 2053 640 am

468 668 608 721 alios
639 668 703 720 ad
740 670 1072 738 peccandum
1102 671 1407 740 impellere,
1428 690 1491 728 ac
1518 674 1564 728 si
1596 674 1880 743 delinquat
1916 678 2054 746 ipse.

476 758 767 827 Propterea
820 763 1035 832 gravior
1066 765 1342 831 serpentis
1376 781 1534 834 pmna
1576 765 1679 819 [uit
1710 782 1873 834 quam
1909 766 2052 829 Erae,

471 866 806 921 rursumque
858 854 1076 924 gravior
1114 854 1251 910 Eva:
1282 872 1444 925 quam
1491 855 1707 923 Adami,
1750 858 1894 927 quod
1922 858 2059 913 Ada-

476 959 620 996 mum
651 944 759 997 Eva
796 944 1127 1014 decepisset,
1160 947 1325 1000 Evam
1353 964 1603 1018 serpens.

542 1033 937 1090 Existimarunt
989 1045 1172 1091 autem
1219 1037 1527 1103 Manichaai,
1580 1041 1681 1094 hac
1735 1040 2055 1093 narratione

468 1129 625 1179 moti.
669 1124 825 1182 bruta
866 1143 1089 1199 quoque
1125 1132 1351 1198 praedita
1396 1147 1518 1186 esse
1545 1136 1727 1186 anima
1764 1133 1963 1186 mentis
1991 1147 2057 1187 ac

468 1218 845 1284 intelligentia:
890 1220 939 1273 vi
991 1221 1275 1288 participe.
1310 1221 1447 1274 Nam
1500 1223 1707 1292 absque
1737 1222 1827 1276 illo
1852 1224 1941 1285 sit,
1972 1221 2056 1275 in-

465 1310 684 1375 quiunt,
716 1309 857 1361 Dens
905 1310 1171 1378 supplicio
1230 1323 1537 1381 serpentem
1591 1329 1699 1367 non
1751 1312 2047 1369 affecisset.

469 1399 536 1453 At
569 1402 714 1453 enim
762 1400 863 1455 hoc
912 1401 1137 1481 minime
1171 1420 1364 1459 verum
1402 1420 1549 1465 esse.
1579 1407 1647 1460 de
1673 1406 1856 1461 verbis
1897 1407 2053 1461 hisce

469 1490 739 1547 Davidicis
820 1494 1114 1564 perspicue
1185 1504 1336 1565 patet
1402 1514 1423 1548 ι
1488 1495 1670 1551 Nolite
1735 1498 2051 1552 consimiles

462 1585 623 1650 equis
665 1593 720 1637 et
774 1585 936 1638 mulis
970 1586 1106 1652 lieri,
1136 1602 1257 1655 quae
1300 1587 1661 1657 intelligentia
1691 1596 1879 1642 carent
1912 1586 1980 1641 ⁸⁷.
2027 1607 2044 1639 ι

468 1674 685 1742 Alioqui
720 1676 762 1729 si
801 1691 1092 1746 pmpterea
1142 1687 1334 1747 putant
1382 1681 1572 1735 brutas
1601 1681 1809 1735 bestias
1854 1681 2052 1735 anima:

467 1768 842 1837 intelligentiae
870 1771 922 1823 vi
955 1770 1194 1839 praeditae
1234 1772 1527 1842 participes
1567 1787 1711 1840 esse,
1747 1775 1874 1842 quia
1919 1789 2052 1843 sup-

2162 587 2243 650 είς
2280 586 2576 655 ἁμαρτίαν.
2624 586 2782 640 Κατὰ
2831 585 2990 639 τοῦτο
3039 588 3135 639 καὶ
3168 585 3471 656 βαρυτέραν
3511 587 3692 655 ὑπέστη

2159 679 2256 746 τῆς
2307 674 2446 739 Εὑας
2489 675 2587 746 τὴν
2624 677 2868 732 κόλασιν.
2910 676 2976 733 Ἡ
3029 673 3142 729 Εὕα
3180 676 3344 729 πάλιν
3390 676 3481 729 τοῦ
3527 676 3695 746 Ἀδὰμ,

2159 768 2240 819 ὅτι
2279 766 2369 820 τὸν
2424 766 2593 836 Ἀδὰμ
2635 767 2922 835 ἠπάτησεν
2960 767 2993 836 ἡ
3035 763 3168 833 Εὔα,
3234 767 3330 820 καὶ
3382 766 3479 837 τὴν
3514 766 3700 822 Εὔανιό

2158 859 2304 927 ὄφις.

2241 1030 2379 1087 Ἀλλ’
2418 1035 2482 1087 ἐκ
2528 1033 2721 1087 τούτου
2762 1035 2955 1104 νοερᾶς
3005 1034 3259 1104 μετέχειν
3297 1033 3473 1105 ψυχῆς
3514 1034 3601 1088 καὶ
3643 1035 3702 1088 τά

2158 1125 2329 1194 ἄλογα
2353 1126 2402 1178 οί
2431 1126 2719 1194 Μανιχαῖοι
2764 1126 3024 1195 ἐνόμισαν
3046 1140 3060 1155 ·
3096 1127 3147 1179 εί
3179 1124 3253 1194 μὴ
3292 1126 3401 1194 γὰρ
3443 1125 3593 1180 τοῦτο
3622 1121 3699 1197 ἦν,

2157 1218 2231 1280 ὡς
2258 1218 2459 1270 ἐκεῖνοί
2492 1235 2676 1285 φασιν,
2705 1219 2806 1270 οὒκ
2841 1217 2906 1271 ἂν
2928 1218 3245 1287 ἐτιμώρησε
3266 1216 3356 1269 τὸν
3379 1217 3499 1285 ὅφιν
3522 1220 3547 1269 6
3567 1217 3698 1281 Θεὸς,

2158 1308 2256 1359 οὐκ
2290 1308 2355 1361 ἂν
2391 1309 2499 1379 ἀρᾷ
2529 1307 2938 1362 καθυπέὸαλεν.
2984 1307 3121 1361 Ἀλλ’
3143 1308 3245 1360 οὐκ
3276 1306 3394 1360 ἔστι
3423 1306 3593 1365 τοῦτα
3615 1309 3702 1360 οὐκ

2158 1400 2296 1452 ἔστι.
2336 1400 2445 1452 Καὶ
2493 1399 2654 1467 δῆλον
2708 1396 2769 1461 ἐξ
2819 1389 2895 1451 ὧν
2949 1398 2978 1451 ό
3036 1396 3324 1467 προφήτης
3372 1396 3517 1464 λέγει
3561 1397 3702 1448 Δαδὶδ

2161 1510 2178 1540 ι
2220 1491 2311 1560 Μὴ
2353 1490 2568 1557 γίνεσθε
2608 1491 2684 1551 ὡς
2724 1490 2893 1551 ἵππος
2941 1489 3039 1544 καὶ
3071 1489 3320 1559 ἡμίονος,
3354 1481 3435 1550 οἷς
3481 1487 3576 1540 οὑκ
3603 1487 3701 1539 ἔστι

2159 1582 2393 1642 σύνεσις.
2440 1600 2458 1631 ι
2495 1580 2707 1644 Ἀλλως
2758 1598 2820 1634 τε
2866 1581 2915 1633 εί
2964 1579 3054 1634 διὰ
3093 1581 3153 1632 τὸ
3201 1578 3577 1651 τιμωρηθῆναι
3625 1578 3701 1628 τὸν

2155 1670 2278 1738 ὅφιν
2310 1670 2529 1723 δοκοῦσι
2556 1671 2664 1724 ικαὶ
2704 1671 2772 1723 τὰ
2814 1670 2986 1737 ἄλογα
3012 1671 3205 1740 νοερᾶς
3246 1670 3494 1739 μετέχειν
3525 1668 3699 1737 ψυχῆς,

2154 1761 2212 1811 τὸ
2238 1758 2444 1813 κωλύον
2473 1760 2690 1822 πάντως
2727 1759 2882 1812 οὐδὲν
2910 1759 2986 1828 μὴ
3017 1760 3113 1812 καὶ
3143 1758 3231 1811 ἐπ’
3282 1757 3463 1811 αὑτῶν
3494 1755 3592 1810 τῶν
3619 1772 3704 1824 φυ-

465 1860 628 1927 plicio
686 1876 910 1931 serpens
966 1862 1199 1919 affectus
1257 1862 1448 1929 fuerit,
1497 1866 1633 1921 nihil
1682 1876 1766 1920 est
1820 1867 2044 1921 omnino

2155 1852 2259 1905 τῶν
2301 1851 2361 1903 τὸ
2409 1852 2653 1903 τοιοῦτον
2692 1851 2871 1919 δόγμα
2922 1852 3165 1921 κρατεῖν,
3207 1852 3262 1904 εί
3300 1867 3363 1918 γε
3417 1850 3512 1920 τὴν
3550 1852 3699 1919 συκῆν

420 1946 425 1949 ⁷
464 1952 606 2017 quod
645 1952 902 2022 impediat
931 1957 1226 2025 quominus
1272 1959 1465 2013 eadem
1498 1960 1550 2012 in
1589 1960 1880 2014 arboribus
1907 1976 2046 2029 quo-

463 2056 571 2105 que
642 2043 815 2097 valeat
881 2045 1104 2114 Opinio,
1175 2048 1398 2118 quando
1459 2048 1619 2105 ﬁcum
1682 2050 2045 2104 exsecrationi

460 2131 717 2187 Christus
766 2137 1025 2206 subjecit,
1074 2154 1198 2194 cum
1254 2141 1510 2195 esuriens
1571 2140 1808 2195 fructum
1864 2142 1917 2194 in
1982 2156 2043 2196 ea

465 2225 676 2279 nullum
738 2230 1029 2298 reperiret.
1073 2232 1274 2300 Dejicit
1313 2246 1444 2305 ergo
1483 2243 1795 2303 serpentem
1838 2235 1890 2288 in
1936 2244 2046 2288 ter—

462 2332 580 2371 ram
624 2317 786 2381 Deus,
821 2329 881 2373 ut
931 2324 1149 2377 tametsi
1193 2325 1316 2392 quis
1348 2325 1496 2379 haud
1535 2335 1726 2380 cernat
1770 2327 1900 2396 quid
1931 2326 2047 2379 dia-

465 2410 593 2463 Lolo
658 2411 939 2478 acciderit,
999 2415 1360 2473 nihilominus
1428 2431 1767 2488 serpentem,
1824 2418 1916 2488 qui
1979 2419 2047 2474 de

462 2503 735 2556 sententia
784 2504 1162 2577 Chrysostomi
1204 2508 1331 2563 olim
1383 2521 1602 2566 erectus
1647 2513 1845 2576 Slﬂb‘tl,
1892 2512 2044 2566 humi

465 2602 746 2660 repentem
780 2596 1004 2652 intuens
1037 2613 1224 2654 secum
1252 2601 1320 2657 ad
1342 2604 1588 2658 animum
1624 2614 1867 2667 revocet,
1896 2604 2043 2673 quod

464 2700 588 2738 cum
638 2687 896 2743 fm-inoris
957 2691 1124 2761 hujus
1176 2692 1505 2748 administer
1553 2696 1839 2761 multetur,
1873 2696 2046 2750 mnlto

466 2778 635 2846 magis
678 2779 1099 2837 existimandum
1140 2785 1213 2838 sit
1251 2784 1556 2856 principem
1603 2785 1732 2840 mali
1763 2796 2042 2841 auctorem

463 2867 667 2934 puniri.
727 2871 998 2926 Czeterum
1071 2876 1343 2945 supplicio
1408 2885 1722 2945 serpentem
1799 2876 2044 2932 alliciens

465 2960 628 3021 Deus,
685 2961 953 3029 ejusmodi
1005 2965 1134 3033 quid
1184 2965 1313 3020 facit
1357 2968 1516 3035 quale
1574 2968 1799 3021 liberum
1844 2983 2040 3022 amans

461 3060 635 3121 pater.
670 3050 784 3107 Non
836 3062 1047 3110 tantum
1092 3058 1241 3112 enim
1291 3060 1359 3114 is.
1392 3059 1549 3130 105
1585 3059 1653 3116 de
1687 3059 2042 3116 intevfectore

464 3145 557 3197 tilii
589 3148 670 3199 sui
718 3149 1046 3214 supplicium
1090 3151 1279 3210 sumit.
1320 3154 1415 3206 sed
1465 3154 1643 3220 ipsum
1678 3153 1841 3205 etiam
1874 3149 2040 3205 cmdis

2152 1944 2259 2009 ἀρᾷ
2311 1940 2694 1992 καθυπέϐαλὲν
2743 1942 2771 1992 6
2820 1941 3071 2009 Χριστὸς,
3114 1940 3281 2010 ἡνίκα
3332 1940 3583 1999 πεινάςας
3620 1940 3701 2006 οὑχ

2150 2028 2310 2101 εὗρεν
2358 2031 2567 2102 καρπὸν
2625 2036 2683 2085 ὲν
2722 2032 2887 2101 αὐτῇ.
2933 2030 3262 2084 ’Υποόἀλλει
3309 2031 3485 2084 τοίνυν
3532 2033 3557 2082 6
3586 2029 3697 2086 Θεὸς

2148 2130 2240 2180 τὸν
2269 2127 2392 2193 ὅφιν
2416 2127 2654 2195 κατάρα,
2682 2125 2773 2177 ίνα
2816 2125 2917 2178 κᾶν
2943 2125 3035 2177 τὸν
3063 2124 3313 2179 διάϐολον
3345 2126 3406 2177 οὑ
3446 2123 3609 2195 βλέπῃ
3630 2138 3699 2183 τις

2149 2219 2200 2272 τί
2234 2219 2425 2282 ἔπαθε,
2456 2218 2549 2271 τὸν
2581 2219 2703 2285 ὅφιν
2753 2219 2840 2269 ἀεὶ
2887 2217 3099 2287 βλέπων
3141 2218 3441 2287 συρόμενον
3470 2218 3555 2268 τόν
3588 2231 3699 2267 ποτε

2148 2313 2562 2378 δια-νεστηκότα,
2588 2311 2662 2371 ὼς
2697 2312 2723 2361 6
2752 2311 3172 2380 Χρυσορῤήμων
3211 2310 3398 2380 φησὶν,
3423 2309 3700 2377 ὑπόμνησιν

2149 2406 2289 2473 λάϐῃ
2330 2407 2412 2456 ὅτι
2447 2404 2495 2454 εί
2532 2405 2558 2452 6
2592 2401 2871 2469 ὑπουργὸς
2919 2401 3021 2471 τῆς
3073 2402 3273 2465 κακίας
3324 2401 3418 2454 ἐπὶ
3469 2401 3700 2453 τοσοῦτον

2149 2494 2466 2558 κολάζεται,
2500 2495 2633 2563 περὶ
2662 2492 2757 2545 τοῦ
2788 2491 3123 2561 πρωταιτίου
3165 2493 3219 2546 τί
3254 2492 3362 2564 χρὴ
3393 2493 3485 2546 καὶ
3519 2491 3697 2556 λέγειν.

2147 2587 2486 2656 Τιμωρεῖται
2550 2585 2641 2638 τὸν
2698 2584 2822 2653 ὅφιν
2873 2585 2903 2638 6
2967 2583 3098 2649 Θεὸς
3155 2585 3401 2639 τοιοῦτόν
3452 2603 3503 2639 τι
3554 2581 3700 2636 ποιῶν

2145 2676 2330 2728 ὁποῖον
2375 2676 2439 2745 δὴ
2500 2676 2594 2727 καὶ
2639 2673 3002 2745 φιλόστοργος
3037 2674 3244 2745 πατήρ.
3287 2676 3364 2729 Οὑ
3412 2677 3567 2745 μόνον
3606 2670 3698 2740 γὰρ

2145 2767 2235 2819 τὸν
2252 2767 2417 2836 φονέα
2443 2765 2538 2819 τοῦ
2561 2763 2694 2819 Υίοῦ
2715 2766 2884 2820 αὑτοῦ
2908 2769 3261 2837 τιμωρεῖται,
3288 2767 3426 2822 ἀλλὰ
3445 2767 3603 2821 καὶτὸ
3620 2764 3700 2818 τοῦ

2146 2859 2305 2923 φόνου
2349 2858 2582 2928 ὄργανον
2636 2858 2962 2913 συνθλάττει
3001 2874 3062 2911 τε
3108 2858 3204 2911 καὶ
3235 2861 3319 2922 είς
3354 2859 3517 2913 πολλὰ
3549 2870 3699 2910 καταο

2144 2951 2355 3020 τέμνει.
2385 2971 2403 3003 ι
2426 2952 2598 3013 Αὐτός
2631 2968 2722 3002 σου
2755 2954 2989 3020 τηρήσει
3016 2950 3119 3020 τὴν
3150 2952 3417 3023 κεφαλήν.
3456 2971 3473 3002 ι
3503 2951 3698 3011 Οὐκέτι,

2145 3044 2300 3111 φησι,
2332 3042 2467 3110 πρὸς
2493 3042 2809 3105 ἐπιϐουλὰς,
2833 3035 2877 3097 ὧ
2903 3042 3018 3112 btet,
3039 3042 3348 3116 ἀνθρώπων
3372 3042 3696 3115 παρρησιάσῃ

2145 3137 2290 3189 καθὰ
2339 3135 2403 3205 δὴ
2454 3135 2551 3188 καὶ
2596 3137 2654 3186 τὸ
2701 3136 2990 3212 πρότερον,
3041 3135 3180 3190 ἀλλὰ
3220 3139 3287 3190 σὺ
3338 3138 3434 3207 μὲν
3472 3133 3698 3189 τοσοῦτον

463 3235 889 3289 instrumentum
926 3238 1223 3309 confringit
1273 3256 1336 3293 ac
1394 3242 1598 3294 multas
1646 3240 1699 3292 in
1750 3251 1935 3309 partes
1963 3240 2044 3292 la—

2148 3226 2288 3291 ἕξεις
2326 3227 2436 3279 τῶν
2468 3225 2773 3296 ἀνθρώπων
2823 3227 2914 3280 τὸν
2961 3227 3126 3295 φόϐον
3175 3225 3320 3281 ὥστε
3366 3224 3698 3300 περιπατούν-

462 3332 633 3376 cerat.
688 3325 999 3380 Secundum
1042 3327 1157 3381 hac
1199 3328 1338 3383 Deus
1368 3330 1485 3383 ait:
1531 3349 1547 3380 ι
1585 3329 1912 3385 Observahit
1952 3327 2043 3382 ille

460 3427 628 3483 Caput
673 3424 824 3469 tuum
870 3418 935 3472 °".
985 3438 1002 3469 ι
1044 3418 1156 3472 Non
1198 3420 1309 3495 iam
1341 3422 1598 3489 amplius,
1638 3421 1839 3490 inquit,
1873 3419 2042 3474 aude—

2149 3341 2258 3375 των
2294 3324 2389 3374 καὶ
2430 3324 2656 3375 ἐκείνων
2705 3321 2924 3375 ἀκούων
2967 3324 3202 3392 φωλεοῖς
3253 3322 3699 3392 ὲγκατακρύπεειν

2150 3415 2361 3466 ἑαυτόν.

462 3506 546 3559 bis
593 3516 647 3560 tu
708 3516 935 3577 serpens
988 3510 1301 3567 hominibus
1361 3512 1589 3568 insidias
1666 3525 1907 3577 struere,
1967 3509 2115 3581 quod
2157 3509 2419 3560 hactenus
2467 3503 2673 3571 fecisti,
2722 3506 2817 3561 sed
2866 3514 3048 3562 tantus
3094 3509 3198 3564 erit
3251 3521 3429 3567 metus
3474 3516 3700 3575 tantaque

456 3604 696 3657 formido
741 3613 825 3657 tua
869 3615 926 3659 ut
956 3607 1367 3662 ambulantibus
1393 3608 1498 3663 illis
1534 3617 1701 3664 temet
1725 3610 1782 3662 in
1807 3608 2043 3662 latebras
2084 3614 2202 3658 tuas
2235 3603 2312 3656 sis
2337 3600 2647 3656 abditurus.

529 3694 720 3747 Tradit
746 3697 892 3747 enim
926 3694 1042 3749 suis
1090 3694 1145 3749 in
1181 3698 1432 3766 epistolis
1474 3713 1705 3768 magnus
1730 3698 1821 3752 ille
1852 3696 2037 3751 Maca-
2090 3686 2099 3701 ’

450 3791 572 3843 rius
606 3789 672 3841 de
714 3788 952 3852 diabolo,
989 3789 1233 3843 futurum
1273 3790 1444 3845 fuisse
1486 3803 1539 3843 ut
1576 3791 1760 3845 statim
1796 3802 1830 3843 a
1877 3790 2035 3858 lapsu

456 3881 719 3949 gehrnliat
765 3881 1095 3947 ιιηηόςιόιυτ,
1126 3882 1224 3936 sed
1273 3883 1321 3937 ei
1380 3884 1722 3939 concessisse
1769 3882 1940 3936 Deum
1980 3891 2039 3935 ut

458 3974 753 4024 humanum
817 3987 989 4038 genus
1031 3982 1395 4041 oppugnaret,
1428 3989 1537 4042 quo
1575 3973 1783 4028 Christi
1836 3973 2038 4027 milites

454 4077 576 4116 sese
611 4063 905 4130 probarent
931 4077 994 4116 ac
1020 4062 1386 4117 declararent.
1416 4064 1675 4119 Eamdem
1704 4065 1774 4118 ob
1811 4078 2033 4117 causam

454 4155 626 4224 magis
656 4153 817 4207 etiam
869 4154 1197 4209 damnabilis
1249 4156 1521 4226 supplicio
1562 4156 1800 4226 graviori
1836 4156 2037 4210 multa-

456 4246 626 4300 bitur.
664 4244 894 4299 Basilius
940 4248 997 4300 in
1048 4247 1203 4302 Isaia:
1248 4250 1385 4302 vatis
1435 4251 1788 4303 enarratione
1842 4250 2037 4319 hujus-

458 4336 602 4389 modi
654 4335 899 4404 quaedam
954 4336 1021 4391 de
1072 4336 1291 4392 diabolo
1318 4339 1567 4407 protulit.
1605 4337 1878 4392 Fortassis
1912 4349 2038 4392 ante

458 4428 793 4483 creationem
849 4428 1091 4484 hominis
1144 4429 1367 4484 diabolo
1419 4445 1639 4499 quoque
1698 4430 2037 4499 poenitentia:

456 4519 612 4575 locus
660 4520 882 4575 relictus
921 4520 1135 4584 fuisset,
1170 4511 1253 4575 ac‘
1279 4523 1550 4590 potuisset
1600 4523 1870 4591 superbus
1915 4523 2023 4585 ille,
2061 4513 2103 4567 1)

452 4626 770 4679 quanquam
818 4612 1017 4666 malum
1063 4612 1426 4666 inveteratum
1485 4613 1656 4677 foret,
1714 4624 1813 4682 per
1861 4613 2037 4682 paeni-

460 4703 689 4759 tentiam
737 4703 986 4760 adhibito
1022 4703 1125 4759 sibi
1178 4703 1424 4758 remedio
1472 4704 1764 4774 pristinam
1806 4704 1874 4758 ad
1906 4719 2040 4759 con-

456 4793 723 4850 ditionem
775 4798 1016 4865 seipsum
1059 4794 1373 4850 restituere.
1428 4795 1629 4849 Verum
1687 4806 2036 4866 posteaquam

458 4895 648 4940 secuta
672 4896 756 4940 est
790 4888 975 4941 mundi
1009 4887 1215 4941 creatio
1239 4887 1477 4957 itemque
1500 4889 1760 4954 paradisi,
1785 4905 1849 4944 ac
1873 4889 2037 4942 homo

462 4978 519 5030 in
560 4978 811 5046 paradiso
865 4979 1130 5034 exsistere
1162 4980 1353 5049 cwpit,
1378 4989 1435 5034 et
1463 4982 1775 5049 mandatum
1807 4990 1862 5035 et
1890 4982 2036 5034 invi-

452 5065 548 5121 dia
590 5065 790 5135 diaboli
839 5068 1069 5122 accessit
1121 5078 1176 5124 et
1225 5069 1462 5124 hominis
1510 5072 1688 5125 ornati
1729 5089 1755 5123 a
1794 5070 1907 5125 Deo
1937 5087 2039 5125 ca:-

462 5158 579 5221 des,
618 5173 684 5212 ex
727 5172 795 5211 eo
828 5161 1041 5215 scilicet
1089 5170 1337 5231 tempore
1379 5163 1576 5219 modus
1615 5166 1665 5219 ei
1704 5164 2043 5234 poenitentia:

459 5251 645 5306 nullus
696 5261 783 5307 est
830 5253 1075 5310 relictus.
1126 5255 1339 5325 Quippe
1388 5256 1432 5311 si
1485 5257 1659 5312 Esaus
1705 5257 2043 5327 pmnitcntiaa

461 5341 638 5398 locum
673 5361 781 5399 non
816 5346 1045 5409 invenit.
1084 5365 1209 5403 cum
1258 5349 1713 5421 primigeniorum
1753 5351 1877 5420 jura
1913 5367 2044 5404 ven-

459 5429 712 5502 didisset,
745 5438 869 5506 quis
915 5439 964 5495 ei
1009 5441 1232 5496 relicms
1261 5442 1333 5496 sit
1361 5443 1698 5512 paenitentiae
1738 5442 1910 5506 locus,
1940 5445 2035 5512 qui

533 5584 576 5617 ⁸⁷
619 5582 760 5639 Psal.
793 5604 939 5656 χχχι,
973 5588 1028 5644 8.
1098 5589 1150 5624 ³⁸
1179 5590 1317 5648 Gen.
1353 5608 1438 5658 ιιι,
1471 5592 1561 5647 16.

535 5726 648 5789 (93)
682 5730 835 5803 Quod
868 5733 932 5785 de
961 5734 1177 5789 Macarii
1211 5733 1383 5803 Magni
1414 5734 1666 5800 epistolis
1729 5734 1890 5787 habet
1953 5734 2037 5787 in-

470 5811 684 5867 terpres
708 5800 758 5853 in
783 5803 969 5859 codice
1000 5800 1319 5859 it‘nntischrf
1353 5803 1667 5856 referuntur
1721 5804 1785 5857 ad
1823 5815 2043 5872 aposto-

2227 3693 2286 3744 '0
2321 3691 2421 3760 μὲν
2471 3690 2565 3745 οὖν
2609 3692 2785 3761 μέγας
2841 3670 3128 3764 Μακάριοέ
3171 3697 3230 3749 ὲν
3277 3697 3578 3756 ἐπιστολαῖς
3614 3692 3702 3747 αὑ·-

2143 3784 2238 3837 τοῦ
2270 3784 2379 3854 (25)
2410 3785 2540 3853 περὶ
2578 3783 2673 3837 τοῦ
2704 3784 2953 3839 διαϐόλου
2981 3787 3146 3856 φησιν
3180 3788 3269 3841 ὅτι
3311 3789 3428 3860 ἅμα
3454 3787 3529 3855 τῷ
3555 3787 3700 3838 ἐκπε-

2145 3879 2258 3930 σεῖν
2302 3879 2368 3947 τῇ
2419 3876 2615 3948 γεέννῃ
2667 3878 3043 3949 παραδοθῆναι
3096 3879 3344 3949 ἔμελλεν,
3396 3878 3508 3934 ἀλλ’
3557 3874 3694 3941 είάθη

2144 3973 2423 4041 πολεμεῖν,
2455 3970 2545 4025 ἵνα
2572 3973 2819 4041 φανῶσιν
2853 3973 2904 4024 oi
2935 3968 3030 4026 τοῦ
3075 3974 3318 4044 Χριστοῦ
3355 3974 3693 4043 στρατιῶται·

2143 4064 2415 4118 ἀντιδίκου
2444 4065 2552 4132 γὰρ
2592 4064 2667 4136 μὴ
2700 4064 3068 4133 προκειμένου
3109 4067 3159 4119 οε
3203 4068 3415 4137 γνήρσιοι
3462 4057 3697 4133 στρατιῶ-

2140 4170 2231 4207 ται
2269 4154 2361 4207 τοῦ
2396 4154 2664 4225 βασιλέως
2688 4155 2749 4208 οὑ
2791 4154 3174 4223 φανεροῦνται.
3211 4156 3376 4211 Ὅθεν
3426 4154 3500 4216 ὡς
3551 4165 3697 4204 κατα-

2139 4245 2434 4318 δικὼτερος
2479 4247 2846 4317 σφοδροτέραν
2897 4250 3121 4318 εὑρήσει
3150 4248 3251 4317 τὴν
3297 4247 3529 4301 κόλασιν.
3567 4241 3620 4295 ’0
3646 4238 3693 4289 δὲ

2145 4338 2319 4408 μέγας
2353 4338 2642 4402 Βασίλειος
2690 4339 2748 4391 ἐν
2789 4341 2853 4409 τῇ
2901 4341 2981 4403 είς
3029 4341 3122 4394 τὸν
3170 4341 3456 4409 προφήτην
3489 4332 3696 4388 Ἠσαίαν

2141 4432 2410 4503 ἑρμηνείᾳ
2480 4434 2576 4485 καὶ
2637 4430 2763 4485 τάδε
2825 4432 2957 4501 περὶ
3026 4431 3122 4485 τοῦ
3173 4429 3421 4486 διαϐόλου
3476 4423 3692 4488 διέξεισι.

2143 4545 2162 4575 ι
2199 4524 2358 4594 Τάχα
2390 4524 2499 4595 γὰρ
2529 4522 2634 4594 πρὸ
2661 4522 2759 4577 τοῦ
2792 4523 3082 4592 κτισθῆναι
3108 4523 3203 4576 τὸν
3231 4522 3517 4594 ἄνθρωπον
3543 4514 3692 4568 τόπος

2141 4618 2238 4686 τῆς
2299 4617 2585 4685 μετανοίας
2642 4617 2737 4669 καὶ
2791 4615 2869 4686 τῷ
2931 4599 3161 4685 διαϐόλῲ
3212 4612 3553 4669 ὑπελείπετο,
3613 4599 3695 4654 καὶ

2142 4709 2373 4778 ἠδύνατο
2421 4711 2450 4761 ὁ
2504 4708 2694 4779 τῦφος,
2731 4710 2779 4761 εί
2829 4710 2926 4762 καὶ
2975 4707 3336 4778 ἀρχαιότερον
3380 4704 3584 4769 νόσημα
3615 4689 3693 4763 ἦν’

2141 4802 2289 4868 ὅμως
2323 4802 2411 4853 διὰ
2436 4802 2534 4868 τῆς
2569 4802 2862 4871 μετανοίας
2891 4800 3087 4853 ἑαυτὸν
3117 4799 3471 4868 έξιασάμενος
3494 4793 3691 4845 ἀποκα-

2140 4895 2408 4962 ταστῆσαι
2461 4893 2627 4944 αὑτὸν
2682 4895 2764 4956 είς
2823 4892 2899 4945 το
2934 4893 2994 4957 ἐξ
3042 4893 3239 4962 ἀρχῆς.
3277 4889 3394 4957 Ἀφ’
3443 4880 3579 4939 οὑδὲ
3612 4873 3695 4928 τοῦ

2144 4985 2352 5053 κόσμου
2408 4986 2439 5054 ή
2498 4983 2815 5053 κατασκευὴ
2858 4986 2952 5037 καὶ
3000 4983 3121 5036 τοῦ.
3151 4981 3495 5053 παραδείσου,
3550 4970 3634 5024 καὶ
3673 4968 3696 5015 ὁ

2143 5075 2426 5146 ἄνθρωπος
2458 5078 2515 5128 ἐν
2565 5074 2736 5147 αὐτῷ,
2769 5076 2862 5130 καὶ
2906 5075 3094 5146 ἐντολὴ
3130 5076 3225 5129 καὶ
3256 5074 3446 5146 φθόνος
3473 5064 3559 5119 τοῦ
3589 5061 3694 5113 δια-

2136 5169 2304 5222 ΰόλου
2353 5171 2449 5223 καὶ
2502 5169 2663 5237 φόνος
2708 5169 2804 5221 τοῦ
2854 5169 3252 5239 τετιμημένου,
3301 5158 3694 5245 ἀποκέκλεισται

2145 5260 2295 5328 αὑτῴ
2328 5263 2421 5312 καὶ
2463 5264 2491 5312 6
2536 5262 2701 5322 τόπος
2744 5261 2846 5329 τῆς
2899 5259 3211 5329 μετανοίας.
3244 5258 3306 5310 Et
3342 5259 3446 5323 γὰρ
3473 5252 3502 5301 ὁ
3543 5246 3693 5297 Ἦσαν

2152 5352 2441 5421 μετανοίας
2474 5354 2640 5405 τόπον
2669 5352 2766 5421 οὑχ
2799 5344 2927 5422 εὗρε
2968 5354 3037 5404 τὰ
3068 5349 3413 5421 πρωτοτόκια
3446 5334 3691 5401 ἀποδόμε“

2153 5460 2262 5505 νος,
2292 5443 2375 5506 τίς
2405 5444 2568 5505 τόπος
2596 5444 2981 5497 ὑπολέλειπται
3007 5443 3296 5514 μετανοίας
3328 5439 3406 5507 τῷ
3442 5436 3529 5487 τὸν
3556 5438 3692 5496 πρωο

2147 5734 2259 5788 lum
2283 5735 2567 5803 gentilium
2603 5737 2657 5788 S.
2701 5737 2928 5790 Paulum
2958 5736 3041 5792 bis
3072 5737 3255 5791 verbis
3292 5753 3304 5788 :
3348 5735 3406 5787 ὐ
3461 5729 3554 5799 μὲν
3607 5717 3688 5771 (οὖν

2156 5806 2328 5875 μέγας
2359 5807 2625 5874 μακάριος
2664 5809 2874 5860 Παῦλος
2903 5808 2961 5858 ὲν
2997 5809 3329 5869 ἐπιστολαῖς.
