3936 6420
110 465 128 485 .
194 427 286 492 ΞΠ

1351 489 1355 493 ,
1455 424 1863 487 ANNALIUM
1906 429 2103 492 PARS
2146 430 2192 490 ῐ.
2287 421 2303 438 ⁸

3335 424 3441 490 ﬂii

194 543 487 596 τὸπλαστον
557 540 940 597 ἀποκτείναντι
1004 542 1177 611 Ἀδάμ
1246 543 1341 595 καὶ
1400 541 1613 595 ἐκείνου
1670 542 1761 594 τδν

1884 544 2135 597 manium
2167 542 2314 597 illum
2346 541 2649 613 principem
2696 539 2922 596 humani
2956 538 3171 610 generis
3210 538 3439 594 interfe-

194 635 413 689 θάνατον
449 634 852 701 είσενεγκόντις
896 653 913 686 ι
960 634 1125 689 ’Λλλά
1158 637 1253 688 καὶ
1282 638 1309 688 6
1331 634 1588 704 Σιναῖτης
1614 634 1757 697 θεῖος

204 726 547 788 Ἀναστάσιος
600 727 682 788 εἰς
731 727 1090 797 ἐπιστροφὴν,
1122 727 1197 789 ὡς
1225 727 1423 790 ἔοικεν,
1449 725 1626 778 ἕλκων
1665 727 1760 778 καὶ

192 820 309 879 τοὺς
363 818 487 870 λίαν
544 819 1021 885 ἀπεγνωσμένους,
1079 821 1173 872 καὶ
1225 819 1353 873 τάδε
1414 819 1557 871 κατὰ
1608 818 1761 887 ῥῆμα

194 909 372 981 φησίν·
396 926 415 960 ι
451 910 514 962 El
542 910 843 977 Μανασσῆν
870 912 898 963 6
923 910 1054 973 Θεὸς
1077 909 1167 963 διὰ
1198 909 1491 979 μετανοίας
1515 908 1758 972 ἐδέξατο,

193 1003 322 1071 τάχα
347 1001 530 1072 τολμῶ
551 1002 727 1055 εἰπεῖν
747 1002 829 1053 ὅτι
859 1001 955 1053 καὶ⁵
986 1002 1080 1054 τὸν
1118 1000 1366 1055 διάϐολον
1395 999 1762 1071 μετανοοῦντα

192 1091 464 1160 ὁλοψύχως
526 1090 761 1156 δέξεται.
804 1108 825 1144 δ
885 1091 1085 1154 Καλῶς
1140 1091 1217 1145 δὲΔ
1246 1089 1401 1145 εἶπεν
1441 1092 1527 1145 δτι
1579 1090 1762 1158 τολμῶ

193 1185 396 1236 εἰπεῖν·
427 1183 532 1249 ὅρα
562 1183 671 1252 γάρ
700 1183 782 1235 ὅτι
812 1162 910 1235 κὰι
941 1184 969 1234 6
999 1182 1365 1253 Δαμασκηνὸς
1400 1182 1658 1252 Ἰωάννης
1696 1181 1758 1233 οὐ

192 1276 369 1328 δίδωσι
426 1274 507 1345 τῷ
554 1275 785 1346 διαϐόλῳ
833 1275 1146 1346 μετάνοιαν.
1187 1276 1351 1345 Λέγει
1394 1276 1492 1329 καὶ
1526 1274 1637 1345 γὰρ
1678 1274 1762 1327 ὅτι

193 1367 326 1435 ὅπερ
370 1367 489 1420 ἐστὶ
541 1367 656 1429 τοῖς
709 1365 1017 1435 ἀνθρώποις
1061 1368 1091 1420 6
1151 1367 1405 1430 θάνατος,
1447 1365 1609 1419 τοῦτο
1648 1366 1763 1427 τοῖς

195 1456 444 1524 ἀγγέλοις
473 1458 508 1528 ἡ
538 1456 810 1520 ἔκπτωσις
832 1471 848 1487 '
883 1458 1021 1527 μετά
1071 1459 1181 1527 γάρ
1203 1457 1304 1529 τὴν
1338 1457 1617 1510 ἔκπτωσιν
1660 1456 1763 1511 οὐκ

197 1550 337 1603 ἐστιν
368 1551 553 1614 αὐτοις
588 1550 872 1620 μετάνοια,
908 1550 1101 1620 ὤσπερ
1129 1550 1250 1603 οὐδὲ
1298 1552 1411 1612 τοῖς
1451 1547 1764 1619 ἀνθρώποις

201 1643 336 1709 μετά
368 1643 619 1697 θάνατον.
652 1643 765 1696 Οὐκ
797 1642 1015 1713 ἐνεδόθη
1051 1642 1109 1696 δὲ
1155 1642 1387 1705 καὶτοῖς
1435 1640 1766 1696 ἐκπεσοῦσιν
1822 1634 1827 1637 ’

198 1735 449 1802 ἀγγέλοις
492 1735 772 1805 μετάνοια,
818 1735 894 1796 ὡς
932 1735 961 1787 6
1005 1734 1278 1804 Νεμέσιός
1326 1749 1512 1803 φησιν,
1552 1733 1636 1785 ὅτι
1673 1732 1765 1785 καὶ

200 1826 487 1894 ἀσώματος
516 1827 548 1894 ἡ
577 1825 741 1894 φύσις
761 1825 942 1879 αὐτῶν
960 1839 977 1856 ⁸
1027 1825 1056 1877 6
1089 1825 1199 1893 γὰρ
1228 1825 1518 1894 ἄνθρωπος
1553 1823 1640 1876 διὰ
1668 1822 1766 1892 τὴν

1867 635 1942 687 rit
1977 635 2206 703 ejusque
2238 634 2400 688 morti
2433 649 2653 689 causam
2691 632 2961 703 praibuit?
2991 631 3220 685 Divinus
3259 640 3441 684 autem

1865 726 1967 793 vir,
1993 724 2310 780 Anastasius
2342 726 2428 778 ille
2453 725 2714 791 Sinaites,
2733 740 2843 795 quo
2867 724 3220 779 vehementer
3249 721 3447 790 despc-

1863 826 2012 871 ratos
2048 816 2322 876 homines.
2358 817 2434 870 uti
2463 817 2684 885 quidem
2733 815 2972 878 videtur,
3008 814 3074 868 ad
3121 813 3443 867 conversio-

1863 925 1989 964 nem
2039 909 2254 971 invitet,
2287 914 2407 965 meo
2465 910 2531 963 ad
2574 910 2807 963 verbum
2863 907 3068 978 profert
3106 923 3120 960 :
3159 924 3179 957 ‹
3228 905 3283 960 Si
3332 905 3446 959 Ilia-

1866 1020 2084 1059 nasscm
2150 1003 2291 1059 Deus
2343 1020 2440 1074 per
2498 1003 2881 1074 paenitentiam
2956 1002 3197 1069 recepit,
3263 999 3440 1053 ausim

1864 1096 2049 1151 dicere
2098 1096 2241 1165 quod
2290 1100 2453 1150 etiam
2508 1095 2782 1149 diabolum
2837 1101 2949 1148 toto
3010 1101 3234 1161 pectore
3281 1100 3445 1159 atque

1865 1189 2052 1241 animo
2081 1188 2494 1258 resipiscentem
2519 1186 2573 1240 in
2601 1188 2827 1257 gratiam
2854 1193 3174 1253 recepturus
3205 1181 3393 1237 fuerit.
3422 1201 3439 1233 ι

1865 1278 2074 1341 Quibus
2122 1279 2303 1333 verbis
2353 1287 2500 1333 recte
2528 1277 2662 1333 illud
2719 1275 2972 1337 inservit,
3022 1293 3041 1326 ε
3081 1274 3321 1326 Andeam
3363 1272 3446 1325 di-

1867 1387 2012 1427 cere.
2048 1390 2066 1423 »
2117 1358 2252 1425 Nain
2291 1380 2348 1425 et
2389 1372 2756 1426 Damascenus
2800 1368 2892 1423 ille
2938 1366 3182 1423 Joannes
3231 1362 3455 1417 diabolo

1867 1463 2246 1531 pcenitentiam
2313 1460 2517 1516 nullam
2579 1461 2807 1524 tribuit,
2871 1460 3028 1530 cujus
3106 1459 3225 1512 hac
3281 1455 3445 1511 verba

1868 1563 2042 1610 sunt:
2082 1572 2101 1605 ι
2150 1552 2307 1620 Quod
2355 1569 2503 1609 mors
2561 1561 2646 1609 est
2705 1552 3040 1615 hominibus,
3084 1549 3189 1604 hoc
3239 1545 3450 1618 angelis

1867 1653 1952 1698 est
1978 1644 2212 1713 lapsus:
2254 1644 2459 1714 quippe
2514 1653 2639 1715 post
2696 1645 2911 1713 lapsum
2958 1642 3104 1697 nulla
3154 1648 3325 1695 restat
3367 1639 3450 1693 eis

1866 1737 2209 1806 pmnitentia,
2251 1737 2709 1807 quemadmodum
2758 1751 2861 1791 nec
2906 1745 3030 1805 post
3077 1742 3307 1787 mortem
3346 1730 3449 1783 ho-

1869 1828 2131 1886 minibus.
2196 1848 2215 1882 ι
2264 1831 2327 1884 Et
2376 1822 2598 1900 quidem
2644 1829 2969 1899 ptemtentia
3018 1825 3188 1893 lapsis
3241 1820 3451 1896 angelis

200 1918 291 1971 τοῦ
314 1916 564 1987 σώματος
592 1917 878 1969 ἀσθένειαν
904 1916 1004 1985 τῆς
1030 1915 1320 1985 μετανοίας
1358 1915 1575 1985 ἔτυχεν.
1620 1914 1768 1968 Ἀλλ’

1884 1931 2155 1992 propterea
2211 1938 2320 1976 non
2376 1933 2462 1978 est
2506 1924 2791 1983 concessa,
2831 1919 2972 1974 sicut
3021 1915 3307 1971 Nemesius
3351 1911 3446 1975 ait,

202 2011 383 2079 ἔμοιγε
411 2009 599 2072 τέωςό
651 2009 805 2075 λόγος
860 2003 1019 2072 οὗτος
1075 2009 1135 2072 ὃς
1193 2007 1290 2063 ἐπὶ
1335 2009 1415 2079 τῷ
1472 2008 1646 2076 ’Δδάμ
1670 2007 1773 2059 οὐκ

205 2102 343 2155 ἔστιν
393 2101 660 2171 ἀποδοχῆς
710 2101 894 2165 ἀξιος.
924 2101 1063 2154 υὺδὲ
1123 2101 1235 2171 γὰρ
1279 2100 1385 2153 ὑπὸ
1440 2097 1772 2167 σωματικῶν

208 2193 502 2263 ἐπιθυμιῶν
536 2192 787 2263 ἡττηθεὶς
808 2196 837 2247 6
875 2192 1052 2261 Ἀδάμ
1078 2192 1278 2263 εὑρέθη
1315 2191 1642 2261 παραϐάτης
1670 2189 1773 2256 τῆς

212 2282 419 2350 ἐντολῆς
465 2283 667 2351 (ἄπαγε
709 2282 806 2352 τῆς
848 2282 1157 2352 Ὡριγένους
1199 2280 1651 2353 φρενοϐλαϐείας)
1691 2278 1774 2331 ὅτι

220 2374 348 2444 μηδι
385 2373 566 2445 χώραν
612 2370 756 2444 εἶχον
804 2370 968 2428 αὗται
1024 2358 1132 2442 πρδ
1171 2373 1270 2442 τῆς
1317 2372 1684 2443 παραϐάσεως
1715 2372 1776 2423 ὲν

223 2466 380 2535 αὐτῷ.
417 2468 524 2519 Καὶ
576 2466 629 2518 τί
666 2466 772 2537 χρὴ
827 2465 998 2518 πολλὰ
1063 2466 1278 2532 λέγειν;
1311 2464 1485 2526 Αὐτὸς
1530 2462 1560 2515 6
1605 2462 1776 2531 ’Δὸἁμ

215 2557 483 2628 ὲκϐὶέηθεῖς
536 2559 629 2612 τοῦ
693 2560 1024 2628 παραδείσου
1075 2559 1170 2610 καὶ
1219 2557 1488 2610 ἀπέναντι
1544 2554 1777 2617 καθίσας

217 2649 367 2701 αὐτοῦ
406 2650 538 2720 παρ’
582 2650 711 2717 ὅλην
756 2650 978 2720 ἐθρήνει
1012 2649 1111 2721 τὴν
1166 2648 1314 2719 ζωὴν
1345 2648 1535 2701 αὐτοῦ.
1578 2648 1695 2716 Ἐφ’
1734 2640 1778 2713 ᾧ

218 2742 514 2811 κάμπτεται
548 2746 577 2797 6
605 2743 760 2806 Θεὸς,
796 2744 892 2796 καὶ
929 2742 1111 2796 πάντα
1140 2745 1289 2795 ποιεῖ
1328 2744 1423 2795 καὶ⁵
1467 2742 1669 2809 πάσχει
1708 2739 1777 2793 δι’

220 2839 389 2893 αὐτόν.
437 2838 494 2891 '0
534 2838 589 2892 δὲ
618 2837 869 2901 διάϐολος
905 2835 1160 2891 ἐκπεσὼν
1188 2838 1250 2890 οὐ
1299 2838 1462 2907 μόνον
1486 2836 1587 2888 οὐκ
1615 2835 1780 2904 ἐθρή-

218 2948 388 2997 νησεν,
432 2931 572 2985 ἀλλά
620 2931 713 2984 καὶ
774 2932 916 2984 κατά
983 2929 1082 2983 τοῦ
1136 2928 1459 2998 πλάσματος
1514 2926 1776 2996 ὲλύττησε

220 3022 368 3088 θεοῦ,
400 3025 494 3077 και
533 3024 624 3076 τὸν
652 3023 786 3075 Θεὸν
827 3022 991 3076 αὑτὸν
1030 3006 1248 3074 διέϐαλε
1282 3020 1416 3089 πρὸς
1440 3020 1534 3073 τδν
1582 3018 1774 3088 Ἀδάμ.

220 3114 407 3167 Λοιπὸν
436 3115 576 3192 μετά
622 3114 720 3185 τὴν
743 3114 1022 3184 ἁμαρτίαν
1065 3112 1209 3166 οὓτω
1241 3111 1560 3166 διατεθέντα
1607 3127 1780 3181 μετα-

222 3203 356 3267 νοίας
380 3206 651 3276 ἐπιτυχεῖν
676 3205 894 3266 πάντως
920 3205 1227 3274 ἀμήχανον.

1874 2011 2003 2080 quia
2063 2013 2312 2080 corporis
2360 2027 2554 2079 expers
2608 2020 2693 2066 est
2744 2023 2933 2065 eorum
2996 1994 3216 2061 natura.
3274 2003 3452 2055 Homo

1875 2101 2021 2156 enim
2056 2110 2279 2171 propter
2312 2101 2739 2156 imbecillitatem
2794 2100 3040 2168 corporis
3070 2091 3448 2166 pmnitentiam

1875 2202 2213 2249 consecutus
2247 2202 2352 2247 est.
2386 2194 2520 2259 Quae
2554 2202 2736 2247 tamen
2772 2199 3021 2247 extrema
3071 2186 3264 2251 verba,
3304 2181 3451 2253 quod

1876 2284 2146 2339 Adamum
2200 2285 2417 2349 attinet,
2454 2285 2710 2354 equidem
2754 2280 3092 2339 admittenda
3140 2292 3250 2332 non
3297 2285 3452 2346 puto.

1876 2375 1990 2430 Nec
2033 2374 2180 2430 enim
2243 2375 2332 2428 ille
2395 2374 2671 2443 corporeis
2728 2390 2755 2426 a
2822 2369 3219 2443 cupiditatibus
3275 2367 3465 2422 victus.

1880 2466 2118 2519 mandati
2183 2466 2416 2519 violator
2462 2465 2643 2519 factus
2697 2473 2802 2520 est.
2836 2461 3099 2534 Apagesis
3147 2471 3272 2513 cum
3321 2455 3457 2508 istac

1878 2557 2164 2628 Origenica
2201 2559 2438 2611 insania.
2473 2557 2687 2626 Quippe
2719 2555 2933 2610 nullum
2970 2553 3074 2607 illa:
3118 2551 3302 2605 locum
3354 2547 3454 2599 ha-

1880 2650 2079 2703 bebant
2128 2648 2182 2702 in
2226 2648 2347 2716 ipso
2381 2655 2509 2701 ante
2543 2646 3061 2717 transgressionem.
3091 2640 3233 2708 Quid
3268 2637 3460 2693 multis

1879 2743 1996 2797 haec
2039 2741 2223 2794 verbis
2280 2739 2625 2794 indicemus?
2662 2739 2908 2794 Adamus
2956 2732 3214 2806 paradiso
3245 2732 3457 2802 eiectus

1876 2842 1933 2888 et
1965 2834 2085 2903 ejus
2115 2847 2181 2886 ex
2222 2832 2449 2885 adverso
2498 2832 2803 2885 collocatus
2831 2830 2991 2900 106
3021 2839 3241 2881 omnem
3284 2822 3455 2878 vitam

1880 2925 2147 2997 plorando
2200 2924 2388 2992 exigit.
2427 2923 2772 2993 Quapropter
2832 2921 2975 2975 Deus
3024 2918 3284 2979 ﬂectitur.
3317 2916 3471 2984 ejus-

1880 3035 1987 3089 que
2024 3002 2189 3074 eausa
2251 3018 2392 3071 nihil
2453 3033 2559 3070 non
2622 3016 2757 3071 facit
2805 3029 2869 3069 ac
2924 3016 3159 3089 patitur.
3206 3005 3463 3063 Diabolus

1882 3088 2062 3164 autem
2102 3108 2282 3177 lapsus
2323 3123 2434 3161 non
2483 3106 2647 3161 modo
2694 3119 2802 3158 non
2854 3118 3041 3158 casum
3072 3088 3230 3155 suum
3271 3096 3464 3165 deplo-

1887 3204 2045 3266 ravit,
2083 3218 2272 3255 verum
2306 3202 2470 3256 etiam
2498 3201 2590 3255 Dei
2623 3201 2942 3270 figmentum
2979 3196 3224 3251 Ῐιιτθηιεν
3244 3203 3464 3263 διετεθ-

225 3310 331 3362 sus,
368 3278 534 3354 Deum
588 3300 765 3368 ipsum
813 3298 1079 3353 adversus
1136 3296 1409 3352 Adamum
1468 3296 1795 3353 criminatus
1862 3307 1965 3353 est.
2042 3298 2163 3362 Quo
2217 3296 2435 3364 quidem
2485 3302 2645 3365 pacto
2711 3309 2836 3348 cum
2890 3290 3122 3351 aﬂ‘ectus
3187 3302 3218 3341 a
3265 3284 3473 3340 delicto

225 3386 393 3459 fuerit,
426 3392 617 3463 nequit
661 3392 888 3448 omnino
911 3392 1162 3475 accidere
1193 3391 1471 3462 particeps
1516 3399 1580 3446 ut
1624 3391 1959 3461 ptenitentim
1991 3390 2103 3445 ﬁat.

293 3489 481 3541 Ἄκουε
523 3489 579 3542 δὲ
621 3491 714 3541 καὶ
739 3489 792 3542 τί
832 3504 997 3558 φησιν
1025 3470 1431 3557 δΘεοδώρητος
1470 3489 1529 3540 ἑν
1561 3490 1630 3558 τῇ
1669 3488 1775 3541 Θε-

1948 3487 2088 3541 Audi
2119 3486 2250 3556 quid
2283 3486 2350 3539 de
2385 3484 2491 3538 hoc
2521 3484 2577 3537 in
2630 3497 2729 3535 sua
2777 3477 3182 3547 Therapeuticc
3216 3470 3471 3529 Theodo-

233 3585 523 3653 ραπευτικῇ
577 3581 745 3638 αὐτοῦ
808 3582 943 3652 περὶ
982 3582 1198 3637 τούτου.
1244 3580 1536 3653 Ἐπαρθεὶς
1582 3582 1612 3633 6
1671 3580 1788 3632 διάά

230 3673 369 3739 ϐσλος
404 3675 621 3744 λέγεται
654 3674 1038 3740 πεπτωκέναι,
1081 3669 1203 3728 εἶτα
1238 3671 1382 3727 κατά
1415 3672 1524 3727 τῶν
1569 3669 1784 3739 ἀνθρώδ

230 3781 339 3818 πων
389 3767 464 3830 ὡς
506 3767 679 3820 εικόνι
734 3765 872 3820 Θεοῦ
923 3767 1312 3838 τετιμημένων
1368 3765 1655 3833 λυττῆσαι,
1691 3764 1789 3817 καὶ

229 3859 311 3912 τὴν
341 3859 478 3913 κατά
506 3858 716 3913 τούτων
736 3858 1099 3922 ἀναδέξασθαι
1131 3858 1392 3927 πόλεμον,
1423 3857 1516 3911 τὸν
1539 3858 1596 3910 δὲ
1628 3873 1789 3920 ποιη-

228 3951 317 4020 τὴν
360 3956 425 4023 τῇ
456 3952 562 4006 τῶν
592 3946 844 4027 ἀγγέλων
889 3951 1188 4021 ἐπιστασίᾳ
1220 3952 1537 4022 φρουρῆσαι
1590 3950 1650 4002 τὸ
1681 3948 1789 4003 τῶν

230 4043 526 4114 ἀνθρώπων
550 4043 730 4112 γένος,
765 4044 916 4107 ὅπως
951 4042 1026 4114 μὴ
1067 4043 1162 4114 βίᾳ
1198 4046 1295 4098 καὶ
1321 4044 1600 4112 τυραννίδι
1642 4042 1789 4113 χρώ-

231 4151 403 4202 μενος,
444 4135 695 4206 ἀοράτως
753 4134 948 4198 ιπιὼν,
1006 4134 1181 4198 ἀδεῶς
1234 4134 1533 4207 διαφθείρῃ
1559 4133 1793 4198 οὒςοδιά

228 4227 414 4297 φθόνον
466 4228 757 4298 ἐμίσησεν.
813 4227 1027 4282 Οὐκοῦν
1057 4231 1086 4282 6
1147 4228 1345 4298 φθόνος
1405 4222 1584 4291 οὗτος,
1630 4222 1793 4299 μάλι-

226 4337 320 4373 στα
355 4320 413 4373 δὲ
476 4320 511 4390 ἠ
569 4318 803 4390 ἔπαρσις
852 4318 1021 4373 αὐτοῦ
1096 4320 1192 4372 καὶ
1235 4320 1467 4374 ἀπόνοια
1516 4319 1633 4389 (καὶ
1697 4319 1793 4372 νῦν

224 4416 331 4485 γὰρ
380 4413 474 4467 ὑπ’
510 4412 674 4467 αὑτὸν
724 4412 892 4485 ἀρχαὶ
957 4414 1055 4467 καὶ
1107 4413 1371 4479 ἐξουσίαι,
1431 4411 1506 4475 ὡς
1561 4415 1588 4466 6
1644 4410 1794 4463 Παῦ-

223 4506 308 4571 λος
340 4507 519 4577 φησι),
580 4505 720 4576 πρὸς
774 4507 988 4570 τούτοις
1025 4506 1083 4561 δὲ
1141 4507 1526 4576 ὴάπόγνωσις
1588 4505 1660 4575 (εἰ
1719 4503 1793 4574 μὴ

222 4599 328 4668 γάρ
383 4597 548 4653 τοῦτο
598 4593 690 4669 ἦν,
730 4600 833 4653 οὐκ
896 4598 965 4652 ἂν
1051 4598 1238 4666 ἔλεγον
1294 4599 1378 4651 ὅτι
1441 4598 1549 4666 πρὸ
1597 4598 1791 4668 καιροῦ

222 4686 381 4759 ἦλθες
431 4687 729 4759 βασανίσαι
783 4690 953 4760 ἡμᾶς)
1009 4690 1293 4759 μετανοεῖν
1334 4690 1424 4741 τὶν
1477 4687 1794 4756 ἀποστάτην

223 4783 317 4836 οὐκ
338 4782 423 4853 ἑᾷ.

679 4875 819 4940 Περὶ
845 4874 952 4927 τοῦ
990 4874 1362 4928 ἀποστὰτου.

292 4970 433 5037 Πρὸς
457 4969 571 5029 τοῖς
603 4967 914 5038 εἰρημένοις
958 4966 1155 5019 εἰδέναι
1187 4983 1246 5019 σε
1280 4968 1373 5019 καὶ
1416 4964 1573 5018 τοῦτο
1603 4963 1788 5035 βούλο-

231 5080 347 5129 μαι,
379 5063 462 5114 ὄτι
484 5063 512 5114 6
545 5061 855 5129 ἀποστάτης
896 5054 1053 5121 οὗτος
1089 5058 1339 5123 διάϐολος
1372 5061 1429 5111 ἐν
1457 5061 1577 5122 ταῖς
1625 5059 1794 5128 ἀγγε-

228 5153 405 5218 ὶιικαίς
457 5153 719 5221 δυνάμεσι
772 5152 1168 5223 πρωτοστάτης
1219 5146 1311 5218 ἦν,
1375 5151 1580 5217 ἀγαθὸς
1641 5149 1795 5220 παρά

229 5246 359 5300 Θεοῦ
392 5246 684 5313 γενόμενος
728 5244 824 5297 καὶ
850 5245 1021 5315 μηδὲν
1063 5243 1208 5313 ἴχνος
1229 5242 1425 5305 κακίας
1464 5242 1495 5313 ἢ
1529 5242 1796 5309 πονηρίας

231 5337 284 5391 ὲν
312 5336 491 5405 ἐαυτῷ
532 5338 734 5407 φέρων.
787 5338 970 5390 Πάντα
1009 5337 1120 5405 γάρ
1164 5336 1264 5389 ὅσα
1297 5335 1557 5406 ἐποίησεν
1597 5335 1626 5386 6
1668 5334 1804 5396 Θεὸς

232 5427 386 5491 καλά,
434 5429 527 5481 καὶ
580 5428 720 5483 καλά
757 5428 897 5483 λίαν.
952 5429 1140 5483 Κακὺν
1188 5427 1244 5480 δὲ
1284 5427 1437 5480 οὐδὲν
1477 5427 1736 5497 ἐποίησεν
1773 5428 1801 5480 6

232 5522 376 5585 Θεὸς.
427 5524 500 5575 Τὸ
548 5528 658 5592 γάρ
704 5525 873 5578 κακὸν
906 5524 1058 5578 οὐδὲν
1086 5524 1215 5579 ἄλλο
1258 5523 1468 5595 ἐστὶνὴ
1511 5522 1607 5576 τοῦ
1636 5522 1801 5576 καλοῦ

236 5615 602 5686 ἀναχώρησις,
628 5616 815 5689 ὥσπερ
867 5617 961 5671 οὖν
1002 5620 1098 5672 καὶ
1130 5619 1191 5670 τὸ
1236 5619 1426 5679 σκότος
1458 5617 1613 5671 οὐδὲν
1674 5616 1803 5671 ἄλλο

236 5706 376 5759 ἐστὶν
416 5708 449 5777 ἢ
497 5710 674 5773 φωτός
711 5711 983 5781 στέρησις.
1018 5708 1214 5773 Καλῶς
1246 5705 1339 5763 οὖν
1391 5708 1544 5764 εἶπεν
1587 5712 1614 5762 6
1644 5709 1802 5778 λόγος

298 5861 342 5891 ⁸⁹
367 5860 564 5929 Εξιιιιος.
596 5873 668 5924 vt,
706 5859 786 5912 l2.
861 5860 904 5891 "
941 5860 1126 5917 Matth.
1158 5874 1272 5927 vui,
1306 5857 1392 5918 ‘29.

1889 3580 2029 3634 ritus
2054 3576 2221 3633 dicat.
2258 3577 2394 3632 Cum
2453 3576 2617 3638 fastu,
2651 3575 2848 3642 inquit,
2885 3572 3060 3625 elatus
3108 3568 3302 3622 fuisset
3348 3565 3471 3620 dia-

1890 3670 2088 3733 holus,
2154 3668 2341 3738 lapsus
2392 3679 2517 3721 esse
2566 3663 2806 3720 dicitur.
2862 3646 3161 3726 contraque
3217 3655 3473 3711 homines

1889 3768 2182 3816 exornatos
2244 3758 2478 3829 imagine
2530 3756 2623 3810 Dei
2689 3754 2873 3808 furore
2930 3753 3162 3822 quodam
3230 3747 3472 3829 percit-us

1891 3854 2097 3909 bellum
2156 3852 2208 3904 in
2240 3865 2336 3905 eos
2385 3849 2650 3918 suscepit.
2685 3845 2882 3901 Verum
2914 3843 3095 3913 opifex
3149 3841 3239 3895 ille
3284 3853 3469 3892 rerum

1894 3945 2099 4016 angelis
2156 3942 2473 3998 hominibus
2513 3953 2746 4010 pricesse
2787 3937 2954 4007 jussis
3012 3935 3241 3988 mortale
3301 3943 3473 4001 genus

1893 4036 2151 4098 custodit,
2184 4049 2253 4089 ue
2285 4033 2339 4088 vi
2370 4049 2435 4088 ac
2464 4032 2673 4087 saevitia
2700 4045 2833 4085 usus
2862 4027 3132 4089 diabolus,
3166 4024 3475 4093 inaspecta-

1893 4131 2079 4186 biliter
2114 4143 2210 4184 eos
2263 4140 2572 4199 aggressus,
2608 4139 2744 4195 quos
2780 4124 2897 4178 odit
2924 4138 2991 4176 ex
3021 4118 3229 4175 invidia
3261 4115 3470 4187 perdat.

1895 4225 2240 4292 Quapropter
2268 4220 2356 4275 illa
2390 4216 2594 4272 invidia
2620 4256 2635 4279 ,
2673 4215 3087 4287 prasertimqne
3142 4212 3316 4267 fastus
3364 4210 3476 4265 ela-

1885 4316 2063 4372 dionis
2091 4326 2141 4368 et
2167 4313 2685 4381 dementatio(nam
2722 4307 2988 4376 hodieque
3033 4315 3158 4361 sunt
3186 4306 3331 4360 inter
3378 4316 3475 4357 eos

1898 4408 2123 4477 imperia
2145 4416 2199 4460 et
2233 4411 2552 4473 potestates.
2582 4400 3042 4468 quemadmodum
3076 4397 3276 4451 Paulus
3304 4392 3347 4424 "
3372 4392 3483 4462 ait).

1896 4513 1949 4558 et
1985 4511 2245 4572 przcterea
2280 4487 2593 4566 desperatio
2642 4494 2661 4558 (
2690 4495 2897 4562 absque
2921 4506 3027 4560 qua
3062 4491 3227 4551 foret,
3264 4501 3471 4556 nequa-

1896 4608 2057 4664 quam
2117 4592 2421 4646 dixissent:
2466 4604 2485 4638 ι
2531 4583 2899 4651 Quamobrem
2962 4590 3087 4635 ante
3138 4590 3354 4649 tempus
3407 4572 3491 4631 σιίι

1897 4685 2317 4743 excruciandum
2354 4698 2456 4736 nos
2482 4679 2678 4736 venisti
2711 4678 2805 4731 ὀἳ
2840 4677 2901 4744 ι)
2932 4675 3268 4731 desertorem
3322 4673 3485 4727 illum

1902 4782 1995 4836 Dei
2026 4775 2344 4850 pteniteutia
2384 4776 2459 4829 uti
2489 4787 2598 4827 non
2630 4772 2839 4827 sinunt.
3146 4775 3155 4784 ‘

2329 4868 2403 4922 De
2431 4872 2676 4938 apo‘stata
2709 4868 2816 4918 sive
2855 4861 3087 4915 diabolo.

1974 4964 2110 5020 Volo
2137 4972 2318 5019 autem
2359 4969 2560 5031 praeter
2598 4957 2836 5013 indicata
2866 4966 2918 5011 te
2968 4957 3070 5009 hoc
3101 4956 3265 5010 etiam
3316 4956 3489 5022 scire,

1901 5061 2237 5116 desertorem
2273 5055 2420 5109 hunc
2450 5052 2725 5108 diabolum
2756 5051 2994 5120 primum
3038 5050 3184 5103 inter
3213 5052 3491 5121 angelieas

1904 5150 2403 5224 potestatesulocum
2428 5146 2709 5209 habuisse,
2749 5160 2871 5199 cum
2900 5144 3077 5203 bonus
3108 5159 3137 5197 a
3171 5142 3281 5199 Deo
3305 5144 3485 5199 factus

1904 5253 2069 5306 esset,
2104 5258 2203 5298 nec
2238 5238 2405 5296 ullum
2440 5236 2755 5295 vitiositatis
2788 5246 2883 5291 aut
2914 5237 3281 5305 improbitatis
3337 5236 3391 5289 in
3424 5251 3491 5289 so

1904 5337 2196 5407 vestigium
2235 5333 2563 5389 contineret.
2602 5330 2736 5385 Nam
2770 5331 2953 5385 omnia
3003 5346 3124 5398 qua:
3175 5328 3305 5381 fecit
3338 5327 3488 5381 Deus

1901 5431 2044 5485 bona
2079 5434 2259 5491 erant,
2295 5436 2348 5481 et
2380 5426 2599 5496 quidem
2652 5423 2807 5479 valde
2858 5424 2997 5478 bona
3024 5464 3040 5489 ,
3098 5432 3221 5476 cum
3276 5419 3482 5473 malum

1903 5523 2111 5577 nullum
2170 5517 2497 5574 condiderit.
2534 5517 2748 5572 Etenim
2785 5517 2988 5570 malum
3026 5512 3160 5569 nihil
3217 5520 3301 5567 est
3331 5508 3478 5564 aliud

1902 5632 2065 5686 quam
2095 5632 2122 5667 a
2154 5612 2295 5669 bono
2326 5611 2587 5675 secessio,
2621 5609 3080 5681 quemadmodum
3115 5605 3286 5673 caligo
3343 5600 3484 5655 nihil

1903 5709 2050 5763 aliud
2082 5718 2163 5764 est
2218 5721 2380 5775 quam
2438 5705 2575 5760 lucis
2623 5703 2919 5773 tldt’tllpliO.
2947 5702 3287 5768 Quapropter
3337 5711 3487 5766 prm-
