3936 6432
522 295 628 355 219

1804 291 2230 352 MiCHAELIS
2267 288 2527 349 GLYC/E

3636 293 3712 357 ‘i'.(

516 421 968 471 commemorem,
1004 420 1205 475 parvus
1230 406 1319 463 ille
1350 408 1417 462 de
1448 423 1631 464 rerum
1656 414 1781 462 ortu
1804 407 1943 462 liber
1969 420 2087 460 nar-

2214 401 2356 454 Ἀλλ’
2383 402 2519 467 ἄφες
2550 400 2705 452 αὐτά.
2747 400 2873 463 Τοῖς
2918 399 3027 469 γὰρ
3061 398 3310 454 ὁπωσοῦν
3346 400 3645 468 ὲγκύπτουσι
3666 408 3720 476 τῇ

518 514 622 560 rat.
657 500 880 554 omnino
911 501 1004 555 tibi
1033 500 1353 569 rejicieuda,
1386 503 1462 555 uti
1494 516 1615 568 qua:
1661 517 1759 570 pro
1790 500 1917 553 ludo
1936 500 2093 569 joco-

516 609 625 665 que
658 593 862 647 ducant
911 600 1178 661 quotquot
1233 591 1416 661 aliquo
1443 590 1632 645 saltem
1668 590 1830 644 modo
1866 589 2096 643 Litteras

518 701 703 740 sacras
730 684 1123 752 inspectarunt.

1008 774 1084 828 De
1118 776 1312 828 tunicis
1345 774 1601 843 pelliceis.

597 870 757 940 109
796 868 1044 928 Tunicis,
1087 858 1349 935 inquiunt
1373 866 1600 919 Littera:
1626 878 1817 928 sacrae,
1851 863 2097 935 pelliceis

522 964 701 1016 induit
731 978 844 1015 eos.
904 958 1097 1012 Tradit
1150 957 1239 1010 hic
1286 956 1583 1026 Gregorius
1626 956 1857 1009 antistes
1897 953 2096 1025 Nysae-

516 1068 622 1107 nus
674 1049 965 1104 Dominum
1024 1046 1274 1116 pelliceis
1328 1045 1551 1114 quidem
1598 1044 1803 1097 tunicis
1845 1044 2096 1097 homines

515 1144 641 1200 illos
674 1139 927 1212 principe
956 1140 1077 1193 loco
1106 1138 1369 1192 formatos
1399 1136 1734 1199 amicivisse,
1771 1151 1879 1191 non
1912 1146 2092 1190 autem

520 1236 773 1307 pellibus.
801 1232 1016 1287 Etenim
1041 1230 1263 1298 quibus,
1290 1231 1542 1293 obsecro,
1565 1228 1815 1284 mactatis
1843 1227 2094 1281 animali-

520 1329 623 1382 bus
655 1325 820 1394 pelles
860 1323 1118 1383 detraxit,
1163 1329 1223 1374 ut
1278 1320 1591 1375 hominibus
1639 1320 1898 1373 amictum
1936 1334 2085 1387 repe-

521 1418 699 1473 riret?
752 1416 943 1470 Restat
968 1414 1132 1484 igitur
1157 1414 1324 1466 Deum
1353 1423 1503 1466 certo
1524 1411 1755 1466 consilio
1781 1411 1849 1465 de
1899 1418 2093 1463 natura

520 1508 810 1562 brutorum
861 1504 1088 1574 petitam
1136 1500 1524 1556 mortalitatem
1573 1499 1840 1555 indidisse
1885 1508 2095 1553 naturae

523 1599 650 1654 huic
702 1598 770 1652 ad
819 1595 1284 1651 immortalitatem
1335 1594 1593 1653 conditae.
1628 1608 1698 1646 ne
1731 1593 1931 1646 malum
1968 1607 2093 1660 per-

523 1702 747 1761 petuum
782 1688 942 1742 foret.
984 1686 1224 1740 Joannes
1250 1696 1434 1740 autem
1464 1683 1892 1755 Cbrysnstomus
1929 1683 2093 1737 hasce

519 1784 735 1838 tunieas
764 1779 1094 1848 intelligens,
1156 1784 1213 1829 ut
1263 1776 1427 1830 verba
1472 1784 1692 1841 sonant,
1727 1773 1941 1844 inquit:
1975 1792 1992 1824 ι
2035 1772 2091 1826 Si

517 1876 642 1943 quis
696 1883 782 1927 est
839 1870 1132 1924 hominum
1195 1867 1250 1921 in
1299 1867 1437 1920 alios
1466 1881 1661 1921 sensus
1698 1866 1899 1934 scripta
1931 1880 2090 1919 sacra

516 1962 907 2033 torquentium.
939 1960 1031 2029 qui
1075 1957 1362 2013 ambitiose
1398 1965 1550 2027 roget
1582 1955 1928 2034 undetpelles
1975 1955 2091 2009 ista:

520 2063 750 2123 reperta:
785 2051 1008 2116 luerint,
1040 2065 1164 2106 cum
1188 2048 1445 2104 animalia
1469 2048 1613 2102 nulla
1639 2056 1870 2102 mactata
1889 2048 2088 2111 forent,

515 2145 564 2198 is
597 2145 734 2197 sciat
773 2158 862 2196 me
892 2156 1108 2211 quoque
1138 2141 1452 2193 audientem
1479 2139 1547 2191 de
1572 2136 1789 2208 [Egypti
1819 2138 2089 2208 sanguine

515 2236 659 2287 scire
692 2248 896 2301 cupere
918 2247 1026 2301 quo
1077 2241 1241 2299 pacto
1288 2231 1432 2284 Deus
1462 2229 1645 2284 Nilum
1677 2229 1734 2282 in
1765 2234 2086 2298 sanguinem

515 2325 875 2390 converterit,
913 2324 1225 2392 qualianam
1270 2323 1524 2376 mactarit
1576 2322 1866 2376 animalia?
1918 2322 2088 2377 Nimi-

515 2431 636 2470 rum
685 2413 741 2470 in
794 2414 1119 2483 sanguinem
1165 2425 1531 2469 commutatus
1578 2421 1662 2468 est
1711 2412 1910 2478 amnis,
1962 2429 2085 2467 cum

2142 534 2153 541 .
2198 496 2328 563 ἁγίᾳ
2390 491 2580 562 Γραφῇ
2648 491 2817 559 γέλως
2871 492 3132 564 ἄντικρυς
3181 492 3393 552 δοκοῦσι
3446 495 3533 547 καὶ
3588 496 3723 563 caly-

2196 607 2303 641 νια.

2548 768 2686 835 Περὶ
2729 768 3000 836 χιτώνων
3028 764 3414 837 δερματίνων.

2272 878 2292 911 ι
2330 858 2441 913 Καὶ
2465 859 2702 928 χιτῶνας
2722 859 3082 927 δερματίνους
3113 859 3363 911 ἐνέδυσεν
3397 856 3596 922 αύτούς.
3628 877 3643 909 ι
3672 858 3721 913 '0

2198 951 2297 1020 μὲν
2320 951 2413 1005 οὖν
2440 952 2582 1014 οεῖος
2607 952 2912 1022 Γρηγὸριος
2938 952 2965 1003 6
2991 950 3210 1019 Νύσσης
3240 952 3399 1017 φησὶν
3423 952 3498 1003 ὅτι
3530 950 3724 1019 χιτῶνας

2195 1042 2549 1112 δερματίνους
2574 1042 2857 1095 ἐπιϐάλλει
2884 1044 2993 1105 τοῖς
3022 1041 3465 1112 πρωτοπλάστοις
3485 1043 3511 1092 6
3530 1041 3731 1108 Κύριος,’

2194 1133 2255 1185 ού
2294 1133 2538 1202 δέρματα
2565 1132 2644 1186 δέ.
2683 1133 2856 1185 Ποίων
2882 1135 2990 1203 γὰρ
3026 1133 3454 1202 ἀποσφαγέντων
3483 1132 3622 1194 ζώων
3652 1131 3727 1182 καὶ

2196 1224 2469 1291 δαρέντων
2493 1227 2789 1276 ἐπινοεῖται
2814 1225 2996 1286 αὐτοῖς
3017 1227 3050 1294 ή
3084 1225 3346 1295 περιϐολή
3372 1239 3386 1287 ;
3412 1224 3504 1276 Ἐκ
3528 1224 3614 1290 τῆς
3640 1221 3727 1272 τῶν

2194 1317 2407 1385 ἀλόγων
2428 1316 2634 1369 ’λοιπὸν
2681 1315 2897 1383 φύσεως
2931 1317 3236 1386 νεκρότητα
3288 1316 3579 1368 ἐντέθεικεν
3607 1314 3725 1365 οἱκο-

2195 1407 2437 1477 νομικῶς
2473 1412 2539 1479 τῇ
2570 1411 2648 1469 εἰς
2697 1408 3001 1461 ἀθανασίαν
3037 1410 3319 1479 κτισθείσῃ
3348 1408 3519 1476 φύσει,
3555 1406 3632 1457 ἵνα
3668 1404 3727 1479 μὴ

2196 1476 2465 1553 ἀοάνατον
2568 1498 2627 1550 τὸ
2659 1497 2850 1551 κακόν.
2886 1499 2944 1550 ὐ
2989 1498 3045 1551 δὲ
3076 1476 3474 1570 χρυσορρήμων
3510 1476 3730 1561 Ἰωάννής

2197 1591 2344 1644 κατά
2372 1591 2433 1642 τὸ
2461 1592 2699 1661 γράμμα
2725 1594 2851 1654 τοὺς
2897 1590 3175 1653 τοιούτους
3205 1592 3555 1660 ἐκλαμϐάνων
3593 1587 3732 1656 χιτῶ-

2197 1700 2292 1745 νας
2320 1684 2413 1735 καὶ
2455 1684 2582 1736 τάδε
2611 1683 2806 1751 φησίν·
2851 1701 2871 1734 ι
2907 1682 2966 1734 Ei
3012 1683 3179 1737 πόθεν
3212 1682 3511 1752 εὑρέθησαν
3538 1680 3601 1732 τὰ
3632 1678 3733 1743 δέρ-

2200 1791 2347 1845 ματα
2389 1775 2465 1844 μὴ
2494 1775 2813 1843 σφαγέντων
2845 1773 2952 1827 τῶν
2988 1773 3166 1839 ζώων,
3207 1771 3633 1842 φιλοτιμούμενοι
3658 1769 3731 1820 λέ-

2198 1884 2387 1937 γουσιν
2417 1867 2467 1919 οί
2494 1866 2888 1936 ἀλληγορηταὶ,
2924 1866 3120 1920 οὐκοῦν
3143 1868 3330 1921 ἀκούω
3359 1864 3504 1933 κάγὼ
3536 1858 3660 1930 αἷμα
3684 1864 3728 1913 ἐν

2198 1958 2484 2028 Αἰγύπτῳ,
2510 1960 2607 2011 καὶ
2642 1959 2789 2028 ζητῶ
2830 1958 2996 2011 πόθεν
3039 1960 3305 2027 μετέϐαλε
3340 1960 3428 2012 τὸν
3461 1956 3634 2010 Νεῖλον
3666 1952 3730 2014 τίς

2200 2044 2360 2119 αἷμα,
2397 2053 2522 2102 ποῖα
2551 2052 2740 2102 ἔθυσεν
2769 2050 2887 2114 ζῶα
2912 2069 2925 2117 ;
2964 2054 3059 2104 καὶ
3101 2055 3128 2105 6
3160 2052 3404 2121 ποταμὸς
3432 2051 3638 2118 γέγονεν
3664 2044 3729 2105 είς

2195 2138 2356 2211 αἷμα,
2391 2144 2481 2194 καὶ
2508 2143 2657 2194 οὐδὲν
2688 2137 2829 2212 αἷμα
2859 2143 3025 2214 ἐτύθη
3065 2144 3243 2207 ζώων.
3275 2145 3524 2214 Δέρματα
3549 2138 3631 2191 δύο
3657 2136 3729 2203 γέ·

2196 2250 2344 2298 γονε.
2391 2234 2485 2285 καὶ
2514 2233 2769 2302 ζητοῦσιν
2808 2235 2917 2289 ἀπὸ
2961 2236 3134 2288 ποίων
3166 2236 3322 2297 ζώων
3348 2235 3575 2302 ἐγένετο.
3615 2223 3730 2280 ἈΝ

2196 2322 2385 2395 ὥσπερ
2412 2326 2529 2377 ἐκεῖ
2562 2325 2720 2389 ὲκτδς
2751 2325 2890 2389 ςώου
2921 2322 3086 2395 αἷμα,
3132 2326 3309 2393 οὕτως
3344 2324 3570 2381 ἐνταῦθα
3600 2318 3731 2382 ἐκτὸς

2196 2414 2335 2479 ζώου
2372 2415 2566 2487 δέρμα.
2599 2434 2619 2470 ι

2127 1743 2167 1798 Β

514 2508 718 2563 animal
747 2508 956 2562 nullum
986 2514 1278 2562 mactatum
1306 2517 1471 2561 esset.
1524 2505 1719 2561 Itidem
1748 2506 1922 2576 pelles
1950 2505 2218 2584 exstitere
2246 2509 2389 2573 dure,
2433 2520 2596 2577 atque
2639 2511 2714 2565 illi
2782 2524 3036 2582 quaerunt
3090 2513 3159 2569 de
3221 2515 3417 2584 quibus
3446 2507 3732 2566 animalibus

514 2610 744 2670 sumptae
764 2600 1012 2655 iuerint?
1040 2608 1099 2653 ut
1122 2599 1197 2655 ibi
1223 2599 1430 2654 scilicet
1459 2599 1669 2668 absque
1700 2599 1921 2653 animali
1956 2600 2177 2669 sanguis
2207 2610 2348 2665 erat,
2383 2603 2455 2655 ita
2499 2604 2587 2657 hic
2636 2604 2842 2675 absque
2896 2606 3115 2661 animali
3155 2608 3372 2676 pellis.-

588 2693 700 2750 lloc
729 2708 948 2763 quoque
978 2691 1121 2749 scire
1164 2692 1352 2755 debes,
1410 2705 1520 2745 non
1558 2698 1846 2760 tantopere
1875 2699 2087 2759 patrem

515 2787 585 2841 tle
601 2786 903 2841 liberorum
922 2784 1251 2840 educatione
1278 2783 1571 2838 sollicitum
1595 2798 1717 2838 eSse
1740 2793 1902 2853 atque
1922 2792 2095 2836 mater

516 2885 623 2940 est,
671 2875 873 2946 quippe
912 2890 1033 2945 quae
1069 2874 1125 2930 id
1169 2873 1429 2944 temporis
1467 2873 1571 2928 sibi
1621 2874 1729 2928 dici
1777 2873 2091 2927 audiverit:

520 2967 689 3022 «Cum
720 2967 908 3021 dolore
930 2976 1091 3021 natos
1120 2970 1298 3035 partes
1319 2966 1419 3019 ⁵⁸.»
1459 2965 1775 3020 Secundum
1804 2965 1917 3019 haec
1949 2963 2096 3020 Deus

513 3058 623 3114 ait:
711 3055 1128 3113 «Exsecratione
1182 3057 1418 3127 quadam
1466 3055 1657 3110 infelix
1716 3057 1822 3110 erit
1893 3055 2094 3111 humus

514 3157 745 3220 propter
771 3163 832 3203 ea
861 3163 983 3218 qua:
1017 3146 1368 3218 designasti.»
1405 3146 1674 3200 Nimirum
1715 3160 1799 3200 me
1832 3157 2093 3216 peccante

515 3240 693 3295 solum
718 3240 1008 3293 sterilitate
1036 3239 1362 3308 ﬂagellatur,
1393 3237 1640 3306 adeoque
1668 3237 1857 3290 infelix
1887 3236 2088 3291 humus

513 3340 600 3385 est
629 3328 935 3383 latinorum
969 3339 1278 3383 uestrorum
1307 3343 1509 3385 causa:
1562 3329 1668 3383 hoc
1713 3337 1817 3395 est,
1870 3344 1991 3398 qua:
2019 3343 2088 3383 ex

514 3435 580 3476 ea
612 3431 936 3486 nascuntur,
969 3436 1079 3477 non
1101 3422 1214 3493 jam
1249 3422 1486 3492 amplius
1508 3430 1704 3491 sponte
1734 3422 2085 3490 proveniunt,

518 3514 595 3569 uti
628 3514 778 3579 prius
801 3524 1214 3569 consueverant.
1253 3515 1319 3569 Et
1342 3515 1470 3569 folia
1498 3514 1696 3575 ﬁculna
1728 3522 2083 3580 consuerunt,

516 3605 983 3671 immortalitatem
1013 3616 1303 3668 exuerunt,
1330 3605 1565 3661 amictus
1594 3605 1683 3660 ille
1710 3604 1979 3671 gloriosus
2003 3605 2084 3658 eis

515 3699 807 3767 ademptus
848 3708 950 3765 est,
985 3713 1291 3768 corpusque
1311 3699 1574 3753 nudatum
1602 3707 1658 3752 et
1688 3697 1744 3750 in
1783 3696 1958 3751 lutum
2000 3712 2085 3750 re-

510 3791 753 3847 dactum.
787 3789 859 3844 Ea
885 3792 1093 3847 scilicet
1112 3794 1192 3875 ‘de
1219 3809 1381 3848 causa
1406 3793 1506 3848 sibi
1540 3793 1768 3848 ﬁculnea
1794 3791 1920 3846 folia
1943 3806 2079 3846 cou-

510 3892 765 3938 suerunt.
824 3884 1014 3938 Artem
1063 3886 1234 3953 ipsam
1273 3884 1573 3941 consuendi
1621 3884 1768 3939 unde
1817 3883 2088 3953 repererit

512 3979 747 4034 scientia
783 3978 958 4048 ipsius
979 3978 1364 4048 ambigendum
1396 3994 1507 4033 non
1542 3988 1650 4033 est.

587 4076 766 4142 Atque
798 4074 905 4128 hoc
932 4073 1051 4128 loco
1076 4072 1503 4142 Cbrysostomus
1529 4088 1625 4128 eos
1652 4074 1847 4129 irridet
1873 4073 1966 4143 qui
1993 4088 2091 4143 pa-

512 4168 760 4221 radisum
801 4166 854 4218 in
885 4167 1026 4219 etelo
1063 4165 1337 4220 collocant
1366 4176 1420 4220 et
1467 4166 1803 4235 spiritualem
1842 4180 1965 4221 esse
1994 4183 2091 4221 vo-

514 4255 656 4309 lunt.
682 4252 892 4321 Quippe
924 4258 968 4306 si
1003 4253 1379 4321 superioribus
1412 4255 1533 4307 istis
1564 4254 1620 4309 in
1661 4255 1795 4309 locis
1826 4265 1967 4319 erat,
2006 4254 2091 4310 di-

517 4361 647 4400 cere
673 4346 944 4401 debebant
972 4343 1193 4398 Littera:
1224 4359 1395 4398 sacrae
1424 4343 1651 4398 ﬂumina
1683 4346 1804 4413 ers
1832 4346 2088 4402 deorsum

2267 2695 2507 2748 Γίνωσκε
2543 2697 2599 2749 δὲ
2636 2697 2719 2749 ὃτι
2749 2699 2810 2750 ού
2846 2702 3102 2753 τοσοῦτον
3146 2702 3174 2753 6
3214 2700 3395 2768 πατὴρ
3426 2699 3514 2749 ἐπὶ
3553 2696 3611 2764 τῇ
3644 2689 3731 2744 τῶν

2193 2786 2400 2838 παίδων
2425 2790 2704 2858 ἀνατροφῇ
2739 2791 2986 2860 μεριμνᾷ
3007 2791 3081 2854 ώς
3108 2793 3138 2859 ἡ
3168 2795 3375 2864 μήτηρ,
3398 2791 3477 2843 ὅτι
3506 2789 3591 2839 καὶ
3613 2778 3730 2849 αὐτὴ

2189 2879 2314 2931 τότε
2346 2879 2581 2949 ἤκουσεν
2604 2896 2620 2912 ·
2670 2899 2687 2930 ι
2737 2880 2825 2934 Ἐν
2856 2880 3056 2944 λύπαις
3092 2881 3220 2952 τέξῃ
3270 2884 3435 2936 τέκνα
3460 2898 3473 2911 ο
3506 2872 3733 2930 ἐπικατά-

2193 2985 2355 3039 ρατος
2383 2973 2415 3038 ἡ
2449 2970 2521 3039 γῆ
2556 2972 2612 3022 έν
2658 2972 2769 3033 τοῖς
2804 2971 2986 3040 ἔργοις
3039 2988 3154 3025 σου.
3192 2992 3212 3025 ι
3266 2972 3407 3040 Ἐγὼ
3437 2966 3726 3038 ἁμαρτάνων

2193 3062 2288 3115 καὶ
2340 3063 2373 3131 ἡ
2400 3061 2468 3130 γῆ
2501 3063 2619 3127 ταῖς
2666 3063 2924 3135 ἀφορίαις
2962 3063 3310 3135 μαστίζεται.
3334 3060 3729 3127 Ἐπικατάρατος

2196 3155 2231 3224 ἡ
2262 3154 2329 3223 γῆ
2361 3153 2448 3206 διὰ
2486 3155 2554 3207 τά
2597 3154 2735 3235 ἔργα
2788 3156 2968 3226 ἡμῶν,
3000 3157 3286 3213 τουτέστιν
3313 3157 3412 3226 οὐχ
3455 3147 3729 3221 ἕτοιμακεῦ·

2199 3243 2478 3310 ρίσκονται
2512 3245 2622 3297 ἀπὸ
2670 3248 2773 3316 γῆς
2812 3248 2881 3299 τὰ
2914 3248 3126 3301 ἐκεῖθεν
3174 3249 3527 3315 ἀναδιδόμενα
3568 3241 3728 3306 ὥσπερ

2190 3334 2255 3405 δὴ
2284 3336 2375 3386 καὶ
2410 3336 2471 3388 τὸ
2495 3335 2785 3406 πρότερον.
2819 3337 2928 3391 Καὶ
2949 3338 3197 3410 ἔρραψαν
3225 3338 3399 3407 φύλλα
3419 3336 3598 3405 συκῆς,
3617 3330 3731 3383 ἀπι-

2192 3425 2425 3479 δύσαντο
2472 3427 2571 3497 τὴν
2605 3428 2935 3491 ἀθανασίαν,
3000 3432 3033 3502 ή
3090 3433 3253 3505 στολὴ
3317 3425 3604 3509 περιῃρέθη
3645 3420 3729 3488 τῆς

2192 3516 2370 3586 δόξης,
2436 3517 2728 3590 ἐγυμνώθη
2783 3520 2844 3573 τὸ
2878 3521 3040 3594 σῶμα
3086 3526 3182 3577 καὶ
3223 3503 3295 3598 ἦν
3334 3503 3518 3577 λοιπὸν
3563 3512 3726 3583 πηλός.

2195 3607 2360 3662 Ὅθεν
2407 3611 2501 3662 καὶ
2557 3611 2734 3680 φύλλα
2790 3615 2963 3685 συκῆς
3009 3615 3338 3683 ῥάπτουσιν.
3374 3614 3532 3667 Ὅθεν
3560 3608 3611 3662 δὲ
3642 3602 3725 3673 τὴν

2191 3701 2469 3771 ραπτικὴν
2495 3697 2641 3772 εὗρε,
2678 3704 2752 3774 μὴ
2783 3705 2934 3777 ζήτει
2960 3726 2973 3739 ο
3005 3709 3054 3760 εἰ
3082 3709 3192 3780 γὰρ
3219 3706 3289 3782 ἦν
3316 3708 3449 3762 Θεοῦ
3469 3700 3638 3763 είκὼν,
3659 3698 3723 3768 μὴ

2191 3791 2537 3863 ἀμφιϐἀλλῃς
2573 3795 2702 3863 περὶ
2728 3796 2827 3867 τὴν
2855 3798 3056 3866 γνῶσιν
3081 3801 3271 3856 αὐτοῦ.

2126 3880 2314 3949 homo,
2365 3884 2477 3937 noli
2526 3901 2808 3954 quaerere:
2861 3904 2987 3944 nam
3038 3892 3085 3946 si
3127 3904 3247 3947 erat
3316 3894 3492 3963 imago
3543 3881 3727 3949 Βθίνάθ

2259 4075 2523 4130 Ἐνταῦθα
2576 4079 2674 4147 μὲν
2714 4079 2807 4132 οὖν
2838 4083 2866 4133 6
2901 4081 3324 4155 Χρυσορῤήμων
3369 4083 3609 4149 Ἰωάννης
3645 4078 3728 4143 ιμ’

2189 4164 2374 4228 παίζει
2416 4167 2512 4219 καὶ
2559 4170 2669 4229 τοῖς
2705 4172 2763 4221 ὲν
2795 4171 3010 4241 ούρανῷ
3058 4174 3280 4240 λέγουσι
3304 4175 3396 4227 τὸν
3432 4167 3726 4242 παράδεισον

2187 4250 2329 4308 εἶναι
2358 4258 2449 4307 καὶ
2470 4260 2864 4328 πνευματικόν.
2897 4261 2959 4313 Ei
2984 4264 3093 4333 γὰρ
3122 4263 3239 4318 ἀνω
3268 4262 3358 4338 ἦν,
3396 4254 3724 4331 κατέρχεσθαι

2187 4345 2253 4399 ἂν
2283 4347 2532 4415 ἐλέγοντο
2555 4350 2605 4403 οι
2633 4354 2888 4421 ποταμοὶ,
2924 4355 2983 4407 οὐ
3014 4356 3119 4425 μὴν
3159 4356 3502 4430 ἐξέρχεσοαι.
3540 4345 3728 4406 Ἐντεῦ-

515 4426 673 4503 ίυτῖί,
701 4451 812 4490 ιιοιι
839 4437 1012 4491 exire.
1064 4437 1197 4501 Qua:
1229 4436 1368 4489 ratio
1400 4436 1690 4506 Origenem
1732 4436 1880 4490 illum
1930 4451 2085 4493 exsc-

2190 4436 2283 4490 Οεν
2310 4435 2403 4492 οὖν
2433 4441 2461 4493 6
2496 4445 2802 4521 κατάρατος
2838 4444 3117 4516 Ὠριγένης
3150 4426 3579 4518 ἀπο-πνιγόμενος
3620 4436 3726 4507 trai-

516 4528 776 4582 crabilem
819 4528 974 4596 quasi
1015 4528 1339 4581 sulIocatum
1382 4525 1673 4581 manifesto
1715 4530 1964 4594 perimit,
2004 4529 2083 4584 si-

506 4620 735 4690 mulque
768 4633 966 4673 vanam
992 4617 1163 4683 ipsius
1194 4616 1523 4678 orationem,
1570 4631 1676 4686 qua
1707 4619 1951 4687 corporis
1980 4634 2080 4674 ex-

503 4719 722 4780 pertem
757 4707 1024 4761 Adamum
1059 4704 1208 4758 fecit.
1242 4703 1379 4757 Nam
1413 4706 1456 4759 si
1491 4707 1741 4774 corporis
1766 4708 1959 4762 fuisset
1982 4723 2079 4763 ex-

506 4815 663 4871 pers,
691 4812 803 4851 non
829 4795 1155 4864 sumpsisset
1180 4808 1342 4847 uuam
1367 4809 1432 4847 ex
1457 4810 1522 4848 eo
1556 4802 1762 4849 costam
1783 4798 1931 4851 Deus
1962 4814 2083 4851 mu-

505 4893 817 4958 lieremque
836 4884 906 4941 tle
933 4885 1024 4937 illa
1052 4884 1361 4938 formasset.
1386 4889 1569 4954 Itaque
1596 4888 1950 4957 perspicuum
1976 4898 2081 4956 est,

502 4982 660 5055 quod
698 4994 820 5033 eum
851 4993 916 5030 ex
948 4990 1014 5030 eo
1046 4987 1256 5034 c0stam
1294 4977 1611 5045 sumpserit,
1647 4994 1767 5047 qua:
1797 4979 1852 5033 in
1885 4995 2079 5049 exper-

506 5077 659 5132 tibus
687 5072 933 5136 corporis
963 5068 1109 5121 nulla
1141 5079 1244 5134 est,
1276 5069 1442 5122 statui
1471 5071 1668 5124 debeat
1705 5072 1864 5140 110
1898 5073 2077 5126 hami-

508 5177 637 5217 nem
654 5162 830 5232 primo
850 5158 1141 5212 formatum
1170 5160 1411 5228 corporis
1438 5171 1718 5230 expertem
1742 5177 1851 5215 non
1885 5160 2076 5219 fuisse.

513 5256 785 5308 Cancrum
851 5263 1203 5321 posteaquam
1259 5250 1500 5309 Adamus
1551 5254 1763 5323 ejectus
1824 5258 2083 5323 paradiso

512 5347 728 5406 luisset,
770 5342 936 5397 Eram
974 5358 1196 5396 uxorem
1250 5358 1404 5396 suam
1457 5348 1710 5412 coanovit
1740 5357 1793 5399 et
1835 5347 2069 5402 Cainuin

510 5438 841 5511 procreavit.
894 5435 1143 5501 Quonam
1193 5445 1376 5491 autem
1428 5446 1584 5506 pacto
1618 5440 1914 5510 cognorit?
1971 5457 2078 5494 non

509 5531 649 5585 citra
674 5529 921 5597 corporis
950 5527 1284 5584 aﬂ'ectiones.
1320 5529 1531 5599 Quippe
1570 5545 1692 5585 cum
1727 5531 1889 5584 homo
1920 5546 2076 5600 ange-

581 5694 626 5723 "
654 5691 790 5745 Gen.
826 5707 903 5755 ιιι,
930 5693 1011 5747 l6.

2189 4544 2361 4593 νεται,
2388 4531 2482 4583 καὶ
2516 4531 2718 4599 μᾶλλον
2752 4536 2808 4586 ἐν
2835 4531 2914 4598 οἷς
2941 4538 3332 4608 ὲκενολόγησεν
3356 4530 3633 4605 ἀσώματον
3651 4529 3726 4580 τὸν

2195 4615 2390 4687 ’Δδάμ.
2423 4618 2486 4671 Εί
2542 4621 2650 4701 γὰρ
2684 4623 2977 4694 ἀσώματος
3027 4624 3117 4699 ἦν,
3167 4630 3268 4682 οὐκ
3320 4632 3387 4683 ἂν
3433 4626 3584 4679 ἔλαϐε
3616 4622 3728 4690 μίαν

2182 4706 2291 4757 τῶν
2324 4706 2578 4778 πλευρῶν
2608 4713 2775 4767 αὐτοῦ
2820 4716 2850 4767 6
2878 4715 3008 4779 Θεὸς
3038 4720 3129 4770 καὶ
3158 4720 3480 4790 ᾠκοδόμησε
3532 4718 3621 4779 τὴν
3638 4727 3726 4778 θίν’

2183 4797 2377 4850 ναῖκα*
2409 4800 2678 4869 πρόδηλον
2731 4799 2825 4857 οὖν
2857 4805 2931 4868 ὼς
2959 4809 3147 4880 ἐπειδὴ
3190 4812 3428 4880 πλευρὰν
3473 4805 3651 4860 ἐλαϐεν
3675 4799 3724 4862 ἐξ

2201 4889 2393 4958 Ἀδὰμ,
2430 4891 2640 4961 πλευρά
2672 4894 2730 4946 δὲ
2756 4898 2866 4958 τοῖς
2890 4898 3204 4968 ἀσωμάτοις
3228 4905 3288 4955 οὐ
3316 4904 3619 4972 πρόσεστιν.
3640 4904 3724 4946 οακ

2184 4975 2254 5050 ἦν
2302 4983 2409 5053 ἄρα
2453 4982 2574 5038 κατ’
2623 4987 2835 5039 ἐκεῖνον
2889 4991 3182 5059 ἀσώματος
3225 4994 3254 5045 6
3304 4990 3720 5061 πρωτόπλαστος.

2187 5074 2343 5125 Μετά
2369 5075 2651 5140 μέντοι,τὸ
2681 5077 3018 5149 ἐκϐληθῆναι
3043 5083 3137 5135 τοῦ
3165 5085 3494 5155 πλραδείσου
3517 5082 3543 5132 ὁ
3577 5076 3723 5141 Ἀδάμ

2183 5164 2325 5231 ἔγνω
2359 5164 2504 5219 Εὕαν
2534 5166 2634 5237 τὴν
2658 5172 2894 5237 γυναῖκα
2924 5172 3111 5237 αὑτοῦ,
3143 5179 3237 5227 καὶ
3273 5176 3437 5245 γεννᾷ
3468 5171 3555 5224 τὸν
3580 5169 3717 5222 Κάῖν.

2186 5256 2368 5323 Ἔγνω
2392 5260 2448 5311 δὲ
2478 5261 2630 5325 πῶςὶ
2664 5263 2953 5330 ἐμπαθῶς,
2978 5267 3076 5333 τὴν
3116 5268 3413 5336 ἀγγελικῆς
3442 5258 3671 5317 ἐκπεσὼν
3698 5254 3722 5304 ὁ

2179 5347 2466 5419 ἄνθρωπος
2502 5350 2804 5423 διαγωγῆς,
2836 5357 3025 5427 ἐπειδὴ
3062 5360 3392 5430 παραϐάτης
3446 5356 3595 5424 ὤφθη
3634 5348 3720 5417 τῆς

2177 5440 2422 5508 ἐντολῆς,
2467 5443 2545 5513 τῷ
2581 5447 2846 5514 κτηνὼδει
2898 5449 3076 5522 τούτῳ
3132 5454 3318 5524 τρόπῳ
3356 5453 3447 5506 iui
3506 5435 3720 5515 ἐμπαθετ

2178 5544 2500 5602 περιέπεσε.
2551 5536 2737 5609 Ταύτῃ
2766 5555 2849 5592 τοι
2883 5544 2978 5595 καὶ
3014 5545 3339 5616 ὀδυρόμενος
3372 5547 3398 5598 6
3440 5533 3720 5595 A3615!“-
