3936 6420
203 325 288 391 $21
909 323 912 326 ’
1470 336 1878 399 ANNALIUM
1922 337 2119 398 PARS
2162 339 2205 399 ι.
2481 314 2487 331 “
3357 332 3465 395 9:22

208 460 319 511 γεν·
359 465 377 496 ι
421 448 584 516 υῐμοι
614 449 694 502 ὅτι
723 450 1009 522 ἄνθρωπος
1042 457 1098 507 ἐν
1143 458 1278 527 τιμῇ
1330 457 1405 510 ὢν
1450 458 1512 510 οὐ
1547 458 1762 526 συνῆκε.

1910 455 1985 509 ica
2022 455 2135 509 vita
2178 454 2493 516 excidisset,
2524 470 2588 508 ex
2613 466 2721 523 quo
2754 453 2989 507 manilati
3031 452 3264 507 violator
3298 462 3464 506 exsti-

208 539 666 629 ηαρασυνεϐλήθη
714 546 826 607 τοῖς
869 546 1119 629 ἀνοήτοις
1174 550 1395 620 κτήνεσι
1426 548 1762 620 accubitum-

1910 547 1965 610 it,
1998 546 2055 601 in
2084 554 2286 600 statum
2315 548 2439 600 vitae
2466 546 2753 600 brutorum
2784 544 3121 599 consimilem
3142 555 3193 597 et
3217 544 3464 599 aliectio-

206 628 264 697 θη
285 630 492 690 αὐτοῖς.
532 650 550 682 ι
590 634 744 687 Κατὰ
777 635 886 705 γὰρ
915 637 1075 691 τοῦτο
1105 641 1199 692 καὶ
1245 643 1273 694 6
1312 643 1489 711 μέγας
1518 642 1760 712 Μάξιμος

1907 641 2043 694 libus
2075 640 2377 694 obnoxium
2423 639 2609 709 lapsus
2634 645 2741 693 est.
2811 636 3024 691 ldcirco
3053 636 3295 691 Das-ides
3339 635 3461 704 plo—

205 722 257 771 ὶν
290 722 401 784 τοῖς
441 723 581 789 πρὸς
609 725 908 781 θαλάσσιον
939 728 1128 798 ἔλεγεν
1161 733 1246 789 ὅτι
1290 733 1360 787 τὰ
1388 735 1538 804 πάθη
1575 735 1759 800 ταῦτατ

1911 749 2009 788 ens
2062 733 2274 802 inquit:
2355 732 2483 786 «Hei
2538 731 2718 795 mihi,
2775 745 2900 785 cum
2973 729 3140 784 homo
3201 729 3465 799 dignitate

204 813 365 880 ήγουν
406 815 570 885 ἡδονὴ
619 815 769 889 λύπη
801 820 1070 888 ἐπιθυμία
1114 824 1211 876 καὶ
1262 827 1332 878 τὰ
1366 826 1530 880 λοιπὰ
1572 828 1758 891 πάντα1

1916 833 2146 885 oreret,
2211 824 2453 878 animum
2499 838 2607 876 non
2655 822 2924 887 advertit;
3015 820 3223 875 ideirco
3289 818 3465 873 brutis

206 907 267 974 τῇ
298 910 461 975 φύσει
488 908 605 961 τῶν
630 910 938 980 ἀνθρώπων
962 917 1398 985 προηγουμένως
1423 919 1485 971 οὐ
1525 919 1760 973 συνεκτί·

1903 917 2142 972 umentis
2168 926 2253 972 est
2285 924 2654 984 comparatus,
2696 914 2887 983 eisque
2925 914 3102 967 iactus
3133 912 3333 967 similis
3354 912 3457 964 ³⁸.»

205 997 425 1068 σθησαν,
476 1002 613 1055 ἀλλὰ
662 1003 751 1058 διὰ
795 1005 898 1076 τὴν
950 1007 1051 1077 τῆς
1106 1010 1448 1083 τελειότητος
1494 1010 1759 1067 ἑκπτωσιι

1908 1010 2023 1065 dein
2051 1010 2287 1065 eximius
2324 1010 2486 1063 etiam
2515 1008 2607 1062 ille
2636 1008 2913 1062 maximus
2944 1006 2999 1060 in
3037 1007 3103 1060 iis
3133 1006 3198 1058 ad
3231 1003 3462 1058 Thalas-

203 1092 491 1161 ἐπεισῆλθε
523 1098 698 1152 ταῦτα
724 1098 804 1169 τῷ
856 1101 1185 1172 ἁλογωτέρῳ
1219 1103 1376 1174 μέρει
1424 1108 1757 1177 προσφυέντι

1909 1101 2021 1154 ium
2045 1115 2166 1170 quae
2191 1100 2512 1169 perscripsit
2537 1099 2812 1168 exposuit,
2846 1089 3162 1153 aﬂectiones
3191 1095 3458 1149 nimirum

202 1184 295 1253 τῆς
349 1188 592 1254 φύσεως,
644 1189 714 1244 δι’
745 1184 822 1246 ὧν
858 1194 981 1247 ἀντὶ
1026 1198 1127 1265 τῆς
1165 1195 1315 1260 θείας
1354 1196 1448 1252 καὶ
1490 1198 1756 1269 μακαρίας

1904 1204 2063 1254 nasce,
2123 1190 2463 1259 voluptatem
2523 1190 2785 1256 dolorem
2826 1189 3155 1258 appetitum,
3210 1196 3458 1247 ca-teras,

202 1279 408 1375 εἰκόνος
426 1279 590 1375 εὐθυς
624 1281 742 1375 ἅμα
770 1287 836 1375 τῇ
866 1286 1178 1356 παραϐάσει
1223 1288 1623 1359 διαφανὴς,κα“ι
1652 1292 1756 1344 ἐπί-

1908 1282 2036 1337 nitio
2075 1298 2201 1337 cum
2255 1281 2540 1336 hominum
2577 1290 2771 1335 natura
2822 1294 2931 1335 non
2993 1280 3161 1334 fuisse
3191 1277 3462 1338 conditas,

199 1369 353 1433 δηλος
392 1371 453 1423 ἐν
485 1372 566 1437 τῷ
596 1369 869 1446 ἀνθρώπω
904 1379 1131 1445 γέγονεν
1162 1381 1193 1449 ή
1224 1380 1336 1432 τῶν
1372 1380 1587 1449 ἀλόγων
1617 1382 1753 1447 ζώωε

1910 1375 1972 1429 ed
2015 1382 2235 1444 propter
2271 1374 2622 1428 amissionem
2653 1371 3016 1443 periectionis
3057 1369 3368 1439 irrepsisse,
3400 1384 3464 1422 ac

200 1463 475 1529 ὁμοίωσις.
501 1466 648 1518 Ἔδει
670 1467 777 1538 γὰρ
809 1469 909 1538 τῆς
934 1469 1096 1534 ἀξίας
1127 1471 1223 1525 τοῦ
1270 1471 1433 1540 λόγου
1478 1474 1754 1542 καλυφθείι

1915 1467 2020 1521 arti
2055 1475 2271 1521 natura?
2292 1466 2456 1535 paulo
2482 1465 2703 1533 longius
2734 1480 2763 1519 a
2808 1464 3021 1518 ratione
3060 1461 3339 1515 recedenti
3372 1460 3466 1514 ad-

208 1572 302 1625 σης
330 1555 423 1622 ὑφ’
441 1550 516 1609 ὢν
537 1560 834 1629 γνωμικῶς
866 1562 1220 1618 ἐπεσπάσατο
1254 1565 1366 1618 τῶν
1388 1565 1602 1632 ἀλόγων
1636 1583 1762 1634 γνω·

1909 1562 2123 1621 ειεεὶεεε.
2179 1573 2281 1628 per
2302 1573 2441 1628 quas
2476 1558 2661 1613 statim
2704 1573 2812 1611 una
2856 1571 2983 1611 cum
3024 1551 3463 1624 transgressione

205 1651 507 1725 ρισμάτων,
547 1650 772 1715 ἐνδίκως
799 1652 902 1724 τήν
933 1653 1097 1723 φύσιν
1128 1656 1237 1709 τῶν
1278 1655 1586 1727 ἀνθρώπων
1618 1659 1759 1713 κολά·

2013 1651 2196 1706 divina
2248 1654 2520 1719 beateque
2551 1650 2790 1719 imagine
2820 1649 3110 1703 brutornm
3141 1643 3461 1699 animalium
3522 1680 3533 1685 μ

204 1733 411 1808 ζεσθαί,
444 1742 621 1810 σοφῶς
649 1745 732 1808 είς
762 1746 1121 1817 συναίσθησιν
1144 1747 1247 1818 τῆς
1281 1748 1510 1819 λογικῆς
1541 1750 1758 1820 μεγαλο-

1912 1743 2185 1797 imilitudo
2213 1743 2266 1796 in
2307 1741 2533 1795 homine
2558 1740 2844 1794 manifesta
2877 1747 2932 1794 et
2960 1737 3260 1807 conspicua
3288 1735 3462 1791 exsti-

213 1799 223 1801 ρ
397 1799 408 1808 .
519 1799 532 1810 .
602 1799 618 1806 -
710 1799 726 1808 -
1016 1799 1084 1817 ,η
1160 1799 1244 1818 η..
1284 1799 1507 1819 θην-η,
1541 1799 1745 1820 ταν-ν--

204 1828 347 1892 νσίας
372 1830 549 1886 ὶλθεῖν
585 1834 1011 1905 οἰκονομοῦντος
1034 1838 1129 1891 τοῦ
1157 1837 1297 1893 Θεοῦ
1337 1840 1429 1894 τὸν
1456 1840 1758 1911 ἄνθρωπον.

1904 1835 1965 1888 it.
2017 1836 2146 1890 Erat
2176 1834 2324 1887 enim
2358 1847 2586 1888 necesse
2618 1841 2679 1886 ut
2719 1838 2978 1901 cooperta
3014 1829 3250 1883 rationis
3277 1827 3457 1896 digni-

203 1920 346 1990 msljv
369 1922 469 1975 οὐκ
495 1925 811 1991 ἀναγκαίως
832 1927 908 1997 τῷ
933 1927 1047 1981 ὄντι
1079 1929 1383 2001 κατέδησεν
1418 1932 1563 2001 ἡμᾶς
1589 1932 1617 1984 6
1642 1930 1757 1993 Θεὸς

1904 1935 1990 1981 ate
2020 1937 2218 1980 natura
2252 1924 2568 1978 mortalium
2605 1923 2926 1991 aequissimo
2951 1921 3077 1990 jure
3111 1934 3208 1988 per
3248 1932 3312 1971 ea
3350 1932 3458 1985 pl-

203 2015 338 2077 μετᾶι
382 2013 481 2084 τήν
516 2016 828 2085 παράϐασιν
864 2022 986 2082 ταῖς
1021 2019 1343 2091 ἐπιθυμίαις
1387 2022 1638 2089 ταύταις,
1678 2025 1753 2092 ὑφ

1904 2022 2089 2077 tiretnr
2122 2021 2408 2075 brutorum
2441 2027 2652 2072 natura:
2673 2015 2873 2071 indicia
2888 2020 3302 2082 etargumenta,
3335 2024 3458 2078 qua:

198 2098 268 2159 ὧν
295 2107 387 2159 ἐπί
412 2124 467 2160 τε
497 2108 730 2179 βρώσεις
750 2111 844 2164 καὶ
869 2114 1059 2175 πόσεις
1093 2116 1189 2168 καὶ
1216 2117 1310 2170 ἐπὶ
1342 2118 1642 2188 ἀφροδίσια
1675 2137 1752 2172 καί

1904 2129 1994 2183 psa
2030 2111 2134 2167 sibi
2168 2120 2370 2180 sponte
2402 2124 2498 2163 sua
2532 2106 2844 2169 arcessivit,
2872 2105 3155 2174 sapienter
3187 2100 3458 2156 efficiente

201 2201 570 2270 ταφερόμεεα.
613 2202 897 2260 Ἐντεῦθεν
955 2207 1067 2277 γὰρ
1103 2209 1218 2272 τοῖς
1268 2214 1556 2281 γεννητοῖς
1613 2213 1755 2281 ήμῶι

1903 2210 1987 2261 leo
2027 2213 2089 2259 ut
2113 2204 2219 2258 hoc
2249 2212 2410 2273 pacto
2441 2199 2823 2270 intelligentiae
2853 2195 3142 2252 rationalis
3191 2192 3457 2262 amplitu~

205 2291 414 2360 σώμασι
444 2294 506 2347 τὺ
535 2295 828 2361 γεννᾶσθαί
865 2314 926 2350 τε
960 2299 1055 2351 καὶ
1086 2300 1390 2370 τρέφεσθαι
1433 2303 1530 2357 καὶ
1581 2303 1759 2373 διαμὲε

1905 2300 2060 2353 linem
2114 2297 2282 2351 homo
2329 2309 2517 2349 secum
2566 2291 2922 2361 expenderet.
2990 2287 3286 2342 Enimvero
3335 2294 3459 2353 post

204 2397 310 2435 νειν
330 2381 431 2445 ἕως
465 2383 743 2448 πλείστου,
776 2385 901 2441 καθ’
945 2388 1073 2441 ὅσον
1112 2389 1179 2442 ἂν
1207 2390 1427 2459 ἑκάστῳ
1456 2392 1550 2444 τοῦ
1585 2393 1758 2463 σώμα-

1903 2388 2376 2460 ransgressionem
2407 2398 2602 2454 reapse
2625 2397 2727 2437 nos
2759 2381 2907 2436 Deus
2933 2377 3329 2448 cupiditatibus
3347 2373 3457 2429 illis

202 2490 287 2536 τος
315 2476 347 2544 ἡ
375 2474 633 2541 σύστασις
680 2479 1027 2550 ἐπιδέχηται.
1056 2482 1165 2533 Kal
1216 2481 1327 2552 γὰρ
1371 2486 1435 2536 ὲκ
1485 2485 1756 2557 τεσσάρωι

1902 2485 2125 2556 ηιιίεενίι
2155 2493 2208 2538 et
2240 2480 2590 2544 constrinxit,
2617 2495 2718 2549 per
2741 2494 2881 2549 quas,
2906 2477 2972 2531 ad
3009 2476 3193 2530 cibum
3219 2516 3234 2539 ,
3267 2480 3456 2543 potum

207 2567 332 2619 αὐτὸ
355 2570 632 2637 στοιχείων
655 2571 1012 2640 συγκείμενον
1031 2574 1508 2631 ἐπακολουθοῦσαν
1531 2577 1588 2643 ἐξ
1605 2579 1761 2648 ἀνάγ-

1908 2593 1962 2634 es
1993 2577 2267 2632 Venereas
2296 2574 2655 2644 impellimur.
2730 2572 2872 2625 Hinc
2924 2577 3008 2624 est
3044 2569 3099 2623 in
3133 2565 3462 2635 corporibus

207 2674 299 2724 κης
321 2656 582 2728 κέκτηται
611 2659 713 2729 τὴν
744 2661 1009 2718 διάλυσιν.
1048 2664 1309 2730 Σύνθεσις
1348 2669 1460 2740 γὰρ
1489 2672 1634 2741 ἀρχὴ
1655 2671 1761 2725 δια-

1921 2672 2078 2727 ostris
2112 2685 2211 2740 per
2234 2668 2677 2740 procreationem
2711 2666 2766 2719 in
2798 2664 2979 2718 lucem
3013 2660 3197 2726 editis,
3226 2657 3371 2728 quod
3401 2667 3475 2712 et:

208 2752 460 2815 στάσεως,
507 2753 583 2815 ὡς
633 2756 661 2806 6
712 2753 964 2823 θεολόγος
1003 2760 1139 2827 φησι
1169 2759 1495 2839 Γρηγᾴριος.
1535 2763 1762 2817 Λέλυται

1931 2773 2172 2837 gnantur
2209 2772 2260 2816 et
2304 2762 2546 2825 alantur,
2583 2768 2638 2811 et
2680 2768 2787 2811 tam
2828 2757 2922 2810 diu
2974 2755 3210 2808 maxime
3255 2752 3479 2805 durent.

205 2839 289 2896 οὖν
310 2846 398 2897 ἐπὶ
420 2848 532 2898 τισὶ
557 2845 659 2912 μὲν
692 2847 902 2917 τάχιον,
924 2850 1017 2903 ἐπὶ
1044 2852 1157 2905 τισὶ
1181 2852 1239 2905 δὲ
1265 2854 1503 2924 βράδιον.
1525 2857 1634 2910 Καὶ
1651 2859 1759 2909 πεί-

1916 2854 2119 2908 uandiu
2153 2852 2421 2921 cujusque
2468 2848 2720 2919 corporis
2761 2843 3086 2901 constitutio
3125 2842 3252 2895 vitae
3280 2856 3452 2909 capax

207 2935 293 2989 οου
318 2938 395 3007 τῷ
442 2939 659 3011 μεγάλῳ
688 2941 943 3012 Κυρίλλῳ
976 2943 1228 3009 λέγοντι·
1267 2963 1287 2998 ι
1329 2947 1498 3001 Εῐασε
1532 2947 1589 3000 δὲ
1631 2952 1761 3018 μετᾶ

1918 2957 1979 3002 st.
2027 2944 2164 3001 Cum
2199 2945 2346 2999 enim
2381 2957 2585 3013 corpus
2626 2955 2691 2995 ex
2719 2937 3013 2994 elementis
3058 2944 3297 3006 quatuor
3324 2947 3456 2986 con-

204 3028 296 3100 τήν
343 3033 656 3086 ἀπόπτωσιν
694 3033 926 3087 ἕκαστον
977 3036 1007 3089 6
1040 3035 1173 3100 Θεὸς
1219 3037 1321 3109 τὴν
1372 3039 1571 3093 ἑαυτοῦ
1627 3041 1758 3112 ζωὴι

1906 3049 2005 3103 tct,
2041 3039 2115 3092 ita
2154 3037 2478 3092 necessario
2501 3041 2884 3102 comparatum
2922 3038 3007 3083 est
3043 3034 3103 3080 ut
3132 3026 3252 3093 ejus
3273 3024 3455 3103 disso-

208 3123 499 3195 ἐκπληροῦν
530 3125 605 3188 ὡς
635 3125 702 3180 ἂν
724 3125 886 3196 ἔτυχε
918 3128 1190 3196 κράσεως.
1242 3148 1263 3183 ι
1301 3130 1428 3185 Ἐπὶ
1454 3133 1565 3202 γὰρ
1594 3134 1762 3205 τούτῳ

1900 3132 2011 3187 υιὶο
2034 3130 2259 3197 tandem
2293 3135 2578 3199 sequatur.
2647 3122 2859 3193 Quippe
2908 3118 3233 3188 compositio
3277 3114 3453 3169 nostri

210 3217 295 3269 καὶ
322 3219 387 3270 τὰ
412 3219 714 3270 συστατικὰ
741 3219 841 3288 τῆς
872 3218 1020 3290 ζωῆς
1043 3221 1225 3291 ήμῶν,
1265 3223 1495 3294 καρδίαν
1522 3225 1764 3296 δηλονότι

1901 3233 2029 3278 irtus
2082 3223 2302 3276 initium
2356 3229 2464 3285 est,
2519 3212 2987 3288 quemadmodum
3023 3208 3319 3278 Gregorius
3364 3205 3455 3260 ille

209 3310 489 3379 ἐγκέφαλον
513 3306 666 3383 ἧπαρ
702 3313 796 3366 καὶ
818 3313 921 3366 ὅσα
946 3314 1201 3387 τοιαῦτα,
1230 3319 1478 3388 στερροῖς
1521 3319 1763 3374 ἅπαντα·

1899 3318 2162 3385 lteologus
2222 3314 2426 3383 inquit.
2484 3310 2693 3365 Idcirco
2754 3319 2957 3375 corpus
3018 3304 3074 3358 in
3126 3297 3453 3371 quibusdam

210 3402 351 3469 χὸθεν
373 3403 577 3466 ὀστέοις
597 3407 630 3475 ἡ
658 3403 820 3472 φύσις
850 3405 1214 3477 ἐφρούρησαν,
1252 3406 1395 3462 ὥστε
1422 3410 1497 3481 μὴ
1528 3412 1625 3464 καὶ
1645 3415 1764 3476 ταῖς

1903 3407 2104 3462 eierius
2140 3404 2483 3475 dissolvitur,
2540 3402 2594 3455 in
2646 3397 2771 3453 aliis
2818 3395 3052 3450 tardius.
3122 3389 3457 3446 Persuadeat

209 3493 478 3562 τυχούσαις
511 3494 819 3566 προφάσεσι
851 3476 1393 3570 καταϐλαπτομένων
1424 3476 1603 3556 αὐτῶν
1627 3503 1763 3557 ἑτοί-

1901 3515 1975 3553 ιοο
2004 3497 2172 3552 etiam
2214 3507 2449 3564 magnus
2478 3492 2570 3544 ille
2596 3488 2693 3544 tibi
2726 3485 2985 3556 Cyrillus,
3016 3481 3110 3552 qui
3135 3481 3215 3535 ait
3243 3500 3256 3535 :
3295 3476 3455 3532 «Post

212 3601 312 3650 μως
339 3584 476 3638 οὕτω
494 3587 587 3639 τὸν
609 3587 841 3641 θάνατον
868 3588 1119 3643 ἕπεσθαι.
1153 3590 1394 3656 Ταύταις
1429 3593 1623 3662 μέντοι
1644 3598 1766 3659 ταῖς

1898 3605 2081 3659 ipsum
2121 3586 2266 3641 Deus
2313 3581 2608 3651 unicuique
2648 3579 2816 3632 vitam
2865 3589 3025 3630 snam
3077 3572 3304 3641 explere
3349 3583 3452 3639 pro

208 3669 523 3744 ἐπιθυμίαις
544 3678 641 3731 καὶ
677 3678 873 3749 ἡδονὴν
903 3678 1098 3749 ὥσπερ
1148 3698 1203 3734 τι
1243 3683 1437 3755 δέλεαρ
1467 3681 1762 3755 ἐγκατέμι-

1898 3682 2082 3736 atione
2116 3675 2533 3748 temperamenti
2564 3671 2752 3728 sinit.)
2792 3667 2923 3722 Nam
2949 3667 3096 3721 illam
3125 3664 3197 3717 ob
3227 3677 3450 3718 causam

208 3765 305 3833 ξεν,
328 3769 400 3832 ὡς
429 3769 683 3824 ἐντεῦθεν
701 3774 858 3843 ἡμᾶς
887 3760 1124 3840 ἑτοίμως
1167 3758 1561 3829 καθέλκεσθαιξ
1597 3778 1659 3830 Et
1688 3780 1762 3848 μὴ

1899 3788 2056 3830 ιειιεε
2084 3788 2178 3829 eas
2217 3769 2465 3840 corporis
2489 3765 2662 3821 nostri
2698 3775 2819 3832 quae
2845 3761 3008 3813 vitam
3041 3765 3288 3810 nostram
3321 3769 3453 3808 con-

207 3861 306 3930 γὰρ
334 3862 489 3916 τοῦτο
512 3859 611 3933 ἦν,
640 3863 739 3916 οὐκ
770 3863 837 3917 ἂν
877 3863 972 3916 ἐπὶ
1003 3864 1238 3934 βρώσεις
1266 3867 1362 3920 καὶ
1386 3869 1576 3931 πόσεις
1610 3846 1761 3938 ὲτρέέ

1899 3868 2068 3929 inent,
2111 3862 2272 3932 cujus
2311 3857 2530 3930 generis
2581 3860 2711 3911 sunt
2765 3865 2885 3916 cor,
2941 3847 3252 3910 cerebrum,
3296 3846 3453 3914 jecur

204 3967 384 4021 χομεν,
417 3960 516 4007 οὐκ
545 3956 613 4008 ἂν
650 3955 982 4025 ἀφροδισίοις
1007 3956 1310 4026 ὁλοσχερῶς
1333 3935 1758 4031 προσεκείμεθα.

1905 3959 2086 4027 liaque
2119 3954 2270 4017 talia,
2305 3952 2479 4006 ﬁrmis
2511 3947 2733 4003 ossibus
2761 3943 3007 4011 undique
3039 3947 3236 3993 natura
3269 3935 3451 3989 muni-

209 4044 263 4095 Ei
292 4046 455 4125 δὲμὴ
484 4047 665 4112 τοῦτο,
700 4046 843 4116 τάχα
878 4047 944 4100 ἂν
982 4047 1041 4114 ἐξ
1067 4049 1317 4116 ἀνάγκης
1350 4026 1411 4102 το
1437 4026 1613 4118 γένος’
1632 4053 1763 4106 ἀπό-

1905 4051 1966 4114 ἱι;
1994 4026 2056 4103 ιιι
2083 4063 2155 4102 nc
2185 4061 2286 4116 per
2316 4041 2541 4113 quasvis
2571 4035 2892 4094 occasiones
2923 4031 3179 4086 fortuitas
3194 4028 3282 4082 'iis
3304 4026 3450 4081 laesis

205 4131 327 4187 λωλε
350 4121 408 4189 τὸ
427 4136 789 4207 ἀνθρώπινον.
824 4140 978 4192 Κατὰ
1003 4139 1160 4192 τοῦτο
1191 4140 1290 4210 μὲν
1307 4137 1400 4196 οὖν
1430 4145 1526 4196 καὶ
1556 4145 1588 4215 ἡ
1609 4145 1759 4216 γονὴ.

1902 4142 2145 4212 xtemplo
2179 4153 2333 4193 mors
2365 4139 2824 4202 consequeretur.
2883 4129 3063 4195 Atque
3093 4124 3180 4177 his
3212 4122 3281 4176 tle
3323 4119 3450 4189 qui—

207 4227 513 4298 πιρξττωμα
532 4223 646 4282 οἷον
665 4225 821 4294 οὖσα,
855 4231 1176 4298 κατεπείγει
1205 4232 1300 4284 καὶ
1324 4233 1451 4304 ἀνιᾷ
1478 4237 1571 4288 καὶ
1596 4236 1761 4304 ἁναγα

1894 4251 1970 4288 ius
2002 4243 2158 4286 antea
2213 4226 2381 4283 locuti
2427 4237 2642 4284 sumus,
2699 4212 3090 4290 cupiditatibus
3120 4214 3448 4283 voluptatem

205 4319 348 4384 κάξει
377 4319 438 4373 τὸ
463 4319 603 4384 ζῶον
641 4320 821 4390 ὀρμᾷν
852 4322 943 4374 ιπι
978 4323 1077 4390 τὴν
1125 4303 1639 4397 ἀπόκρισινίαῡτῆς,
1678 4303 1759 4381 ει-

1894 4338 2085 4393 iuoque
2110 4319 2257 4375 velut
2290 4331 2433 4373 escae
2455 4314 2872 4369 condimentum
2894 4306 3173 4377 quoddam
3207 4303 3448 4367 miscuit,

208 4412 430 4477 μεθόδως
463 4412 560 4465 καὶ
607 4411 766 4465 τοῦτο
795 4412 888 4465 τοῦ
938 4413 1074 4466 Θεοῦ
1108 4417 1568 4488 συγχωρήσαντος
1598 4417 1762 4470 ἕνεκα

1895 4422 1927 4466 ιι
1963 4391 2027 4466 ea
2057 4423 2155 4464 nos
2189 4405 2481 4461 commode
2515 4400 2792 4456 delenitos
2816 4397 3076 4452 ﬂecteret.
3114 4391 3251 4446 Nam
3290 4402 3449 4447 caete-

204 4507 291 4574 τῆς
310 4504 403 4557 τοῦ
429 4505 621 4572 γένους
649 4505 932 4575 διαμονῆς.
967 4505 1152 4560 Ταῦτα
1279 4482 1475 4574 Μάνης
1502 4509 1595 4563 καὶ
1619 4511 1758 4563 Οὐα-

1893 4504 2062 4572 'oquin
2093 4499 2159 4554 ad
2201 4497 2386 4572 cibum
2413 4502 2716 4563 potumque
2742 4503 2845 4544 nos
2875 4485 3017 4541 haud
3043 4482 3447 4545 conferremus,

204 4595 422 4662 λεντῦιος
447 4599 802 4670 ἠγνοηκότες,
832 4599 1109 4667 ὡς.ἔοικε,
1151 4605 1358 4672 κτίσμα
1392 4602 1485 4656 τοῦ
1510 4604 1758 4657 διασό).ου

1891 4606 1924 4650 ιι
1965 4594 2121 4663 ιιι
2155 4607 2185 4644 a
2239 4589 2402 4643 rebus
2431 4584 2694 4640 Venereis
2742 4596 2972 4659 prorsus
3024 4577 3445 4633 abstineremus.

204 4689 374 4758 ἔλεγον
400 4685 566 4754 εἶναι,
592 4689 683 4742 ὑπ’
713 4690 878 4744 αὐτοῦ
919 4709 980 4744 τε
1011 4691 1322 4763 πυροῦσθαι
1348 4695 1441 4746 καὶ
1467 4695 1605 4765 πρὸς
1646 4697 1758 4748 ἅτι-

1894 4689 2082 4755 ξυιιιιιε
2110 4683 2277 4739 rebus
2307 4680 2532 4735 omissis
2555 4691 2620 4730 ac
2651 4675 2910 4745 neglectis
2938 4671 3252 4726 necessario
3275 4684 3448 4740 genus

206 4778 320 4847 μίας
346 4778 756 4835 ἀποκυλίεσθαι.
791 4779 936 4850 Πλὴν
957 4780 1058 4833 οὐκ
1092 4762 1273 4851 ἀφῆκε
1300 4783 1438 4855 πρὸς
1465 4762 1760 4852 συναφείας

1894 4792 2174 4837 tumanum
2205 4773 2481 4830 interiret.
2516 4768 2658 4822 Hinc
2684 4767 2745 4821 lit
2767 4774 2825 4821 ut
2846 4762 3219 4832 semen,quod
3252 4775 3448 4831 super-

202 4874 336 4940 ήμᾶς
356 4876 384 4926 6
407 4872 541 4936 Θεὸς
570 4869 712 4927 εἶναι
749 4875 927 4943 πάντη
958 4877 1325 4945 κατωφερεϊς,
1352 4854 1475 4928 οὐδὲ
1522 4875 1620 4946 ζῇν
1644 4879 1756 4929 ἀνε.

1903 4877 2043 4930 nitas
2069 4868 2316 4942 quaedam
2348 4873 2452 4930 est,
2472 4877 2576 4917 nos
2601 4870 2814 4930 urgeat,
2840 4865 2897 4914 et
2935 4856 3185 4911 molestia
3212 4854 3453 4923 quadam

201 4964 504 5036 παισθήτως
562 4965 746 5017 εἴασεν
773 4963 848 5027 ὡς
893 4965 962 5018 τὰ
994 4965 1190 5034 ἄλογα.
1213 4967 1290 5037 Τῇ
1321 4967 1431 5036 γὰρ
1460 4967 1621 5038 ἡδονῇ
1667 4970 1755 5020 καὶ

1870 4963 2149 5027 adiciendo
2178 4967 2337 5031 cogat
2365 4966 2424 5011 ut
2460 4956 2585 5026 ejus
2614 4952 2684 5007 ad
2714 4950 3091 5006 excretionem
3130 4947 3424 5018 prOgrcdia

202 5060 377 5125 ἀηδίαν
403 5057 726 5122 συνέζευξεν
751 5056 852 5110 καὶ
886 5057 1197 5128 σύμμικτον
1230 5058 1436 5129 ταύτην
1472 5061 1756 5130 εποίησεν,

1906 5075 2012 5124 iur,
2046 5053 2257 5124 optima
2304 5048 2359 5101 id
2406 5049 2616 5100 ratione
2669 5042 3031 5113 permittente
3082 5042 3191 5095 Deo
3226 5047 3460 5108 propter

199 5150 261 5215 ὡς
294 5152 502 5205 ἐκεῖθεν
561 5151 660 5219 μὲν
693 5150 786 5202 ἐπὶ
836 5149 936 5220 τὴν
966 5151 1061 5204 τοῦ
1095 5150 1286 5219 γένους
1332 5151 1565 5225 αὔξησιν
1607 5152 1753 5206 ἕλκε·

1904 5148 2088 5207 eneris
2119 5144 2292 5199 nostri
2325 5137 2701 5194 durationem.
2742 5137 2875 5201 Quae
2901 5149 3027 5188 cum
3066 5133 3251 5187 Manes
3282 5143 3458 5201 atque

204 5246 335 5309 σθαι,
359 5241 613 5296 ἐντεῦθεν
638 5240 695 5293 δὲ
718 5240 1025 5305 ταλανίζειν
1054 5241 1308 5307 ἑαυτοὺς,
1334 5224 1758 5314 τῶνίπροτέρων

1903 5237 2188 5295 'alentinus
2221 5233 2560 5302 ignorarent,
2598 5226 2675 5280 uti
2710 5225 2933 5296 quidem
2952 5224 3193 5285 videtur,
3222 5234 3457 5275 carnem

200 5334 615 5405 ἐπιμεμνῆσθαι,
658 5331 750 5385 καὶ
790 5335 887 5404 τῆς
931 5335 1208 5404 ἁμαρτίας
1256 5333 1401 5403 μέγα
1454 5334 1754 5406 καταϐοᾷν,

1901 5347 1991 5387 sse
2023 5326 2222 5383 diaboli
2256 5321 2535 5393 opiﬁcium
2591 5318 2856 5374 dixerunt
2908 5329 2964 5371 et
2994 5314 3223 5370 accendi
3259 5314 3329 5366 ab
3357 5325 3451 5376 eo,

197 5424 255 5476 δι’
285 5427 351 5495 ἠν
371 5427 485 5487 τοῖς
519 5424 770 5493 ἀνοήτοις
798 5423 1361 5496 παρασυνεὸλήθημεν
1391 5426 1642 5495 κτήνεσι.

1898 5440 1978 5495 μιο
2022 5431 2214 5490 turpes
2264 5416 2320 5471 in
2368 5413 2627 5469 libidines
2677 5419 2925 5482 proruat.
2996 5408 3288 5462 Enimvero
3333 5417 3452 5459 non

197 5516 454 5570 concessit
485 5515 643 5569 nobis
676 5515 815 5572 Deus
847 5527 906 5571 ut
951 5516 1253 5587 nimiopere
1297 5516 1472 5572 simus
1500 5517 1568 5571 ad
1596 5519 1915 5588 complexus
1945 5515 2221 5569 Venereos
2284 5500 2580 5580 proclives,
2651 5519 2755 5561 nec
2784 5504 3069 5558 brutorum
3129 5501 3184 5554 in
3238 5509 3449 5550 ηυδε-ειη

196 5612 387 5677 absque
409 5622 575 5663 sensu
604 5606 818 5663 vivendi
887 5584 1214 5679 potestatem
1252 5609 1403 5665 fecit.
1466 5608 1601 5664 Nam
1678 5584 1941 5681 voluptati
1997 5603 2291 5677 quamdam
2332 5594 3174 5666 insuavitatemadiunxitatque
3197 5584 3445 5651 miscuit,

256 5761 298 5792 “
326 5758 473 5812 Psal.
503 5774 695 5824 XLVIII,
730 5761 811 5817 15.
