3936 6428
386 364 399 367 γλ
442 320 550 382 ἓΞᾶ

1727 319 1780 375 .Vl
1799 316 2153 376 .CHAELIS
2194 314 2462 376 GLYC/E

3586 314 3678 381 226

441 443 501 487 ι.ι
536 415 669 488 hinc
723 433 947 502 quidem
1019 435 1085 487 ad
1134 433 1353 503 generis
1396 434 1850 503 prepagationem
1921 430 2310 496 excitaremur,
2364 430 2491 486 inde
2531 443 2661 485 vero
2692 430 2947 485 miserias
2991 438 3215 485 nostras
3274 429 3669 502 deploraremus,

438 529 637 600 prioris
690 539 869 585 status
919 530 1237 585 memoriam
1292 529 1702 592 refricatemus,
1748 535 2033 597 peccatum
2068 527 2308 596 denique
2378 527 2621 597 graviﬂr
2693 526 3094 593 iueusarcmus,
3145 527 3302 598 cujus
3344 542 3498 583 causa
3539 541 3678 599 para-

438 623 545 676 disi
582 625 688 677 vita
734 622 954 691 spoliati
988 636 1179 675 smnus
1221 621 1507 690 brutisque
1534 619 1801 689 jumentis
1826 618 2036 675 similes
2075 618 2231 673 facti.
2956 610 2963 615 ’

831 717 909 770 De
942 717 1109 770 tribus
1141 717 1338 769 animae
1369 714 1633 784 partibus.

515 810 718 863 Prmter
745 810 858 862 haec
889 809 1051 862 etiam
1078 809 1210 862 illud
1241 809 1383 861 scire
1411 815 1465 860 te
1489 806 1639 870 volo,
1666 812 1877 874 partem
1907 819 2030 858 eam

443 905 609 959 animi
644 918 767 973 quze
818 902 1116 971 appetendi
1166 900 1485 955 facultatem
1520 900 1767 953 continet
1813 899 1866 950 in
1898 897 2037 965 jeci-

447 1012 584 1052 nore
613 995 799 1050 sedem
833 1010 987 1049 suam
1029 994 1305 1057 obtinere,
1336 994 1565 1047 alteram
1611 1009 1718 1061 qua
1763 989 2034 1044 irascendi

444 1089 528 1142 vis
586 1089 906 1143 continetur
954 1087 1011 1139 in
1051 1087 1238 1151 corde,
1296 1087 1526 1140 rationis
1572 1084 1813 1152 denique
1861 1084 2038 1136 domi-

449 1178 636 1233 eilium
661 1179 715 1231 in
766 1180 997 1231 cerebro
1021 1192 1164 1231 esse.
1233 1176 1408 1245 Atque
1463 1179 1601 1231 hanc
1642 1178 1812 1245 ipsam
1844 1176 2036 1235 {ratio-

446 1271 534 1323 nis
569 1269 889 1323 facultatem
930 1268 1268 1338 gubernator
1316 1268 1407 1322 ille
1456 1285 1634 1322 rerum
1665 1270 2038 1322 universitatis

450 1371 737 1430 propterea
775 1359 871 1413 tibi
901 1359 1147 1423 donavit,
1187 1368 1243 1411 ut
1271 1359 1340 1412 ab
1370 1358 1629 1411 irascibili
1661 1358 1917 1411 facultate
1940 1358 2038 1410 ad-

444 1453 600 1519 jutus
641 1451 859 1505 fortiter
898 1451 1174 1504 adversari
1211 1452 1383 1503 brutre
1415 1451 1773 1518 pet-nimiique
1828 1464 2035 1502 concu-

449 1543 735 1611 piscentiae
767 1545 968 1610 possis.
1022 1541 1356 1595 Noratenim
1391 1542 1651 1595 dominus
1706 1543 1797 1594 ille
1829 1553 2035 1596 natnrze

449 1644 689 1703 quantus
711 1642 857 1686 esset
887 1634 1007 1701 ejus
1038 1634 1297 1701 impetus.
1337 1632 1400 1686 Et
1432 1633 1574 1687 lianc
1602 1633 1898 1701 appetendi
1926 1632 2035 1687 vim

449 1729 635 1780 sedem
696 1727 749 1778 in
809 1726 1057 1793 jecinore
1120 1739 1274 1778 suam
1342 1725 1548 1777 habere
1597 1724 1840 1777 Galenus
1870 1724 2034 1777 etiam

451 1815 589 1886 Tityi
617 1825 1041 1869 commemorata
1081 1815 1262 1868 fabula
1293 1817 1512 1885 probat,
1549 1816 1600 1867 in
1636 1816 1777 1868 libro
1808 1815 2035 1884 quidem

446 1923 514 1960 eo
559 1910 648 1961 cui
686 1906 1064 1981 Diagnostices
1111 1907 1335 1959 titulum
1386 1905 1538 1969 fecit,
1593 1908 1754 1973 jecur
1790 1907 1912 1974 ejus
1968 1906 2038 1960 ab

447 2000 625 2067 aquila
658 2002 899 2065 comedi,
937 2000 993 2052 in
1029 2001 1202 2054 altero
1236 2009 1418 2053 autem
1451 1998 1590 2052 libro
1626 1999 1887 2068 singulari
1944 2000 2036 2069 qui

448 2104 534 2146 est
555 2092 623 2146 de
640 2093 804 2145 animi
827 2091 1095 2154 moribus,
1110 2106 1152 2148 .a
1173 2091 1488 2144 vulturibus
1511 2090 1765 2143 devorari
1793 2092 2037 2148 tradens.

451 2184 667 2238 Etenim
698 2181 891 2254 Tityus
945 2183 1052 2248 hic,
1108 2188 1167 2234 ut
1210 2193 1413 2235 extera:
1472 2182 1785 2251 disciplinac
1843 2180 2040 2236 fabulis

450 2276 828 2333 continentur.
867 2273 1129 2327 Latonam
1166 2273 1454 2326 adamasse
1503 2272 1845 2339 perhibetur.
1892 2287 2042 2325 earn-

455 2382 562 2431 qne
593 2367 663 2420 ob
690 2381 913 2417 causam
943 2365 1012 2416 ab
1050 2363 1196 2416 illius
1224 2362 1411 2417 liberis
1443 2360 1700 2431 Apolline
1748 2377 1810 2417 ac
1868 2362 2038 2416 Diana

455 2456 724 2526 supplicio
761 2456 1022 2515 affectus,
1079 2454 1288 2509 Galerio
1318 2453 1538 2523 quidem
1573 2464 1832 2508 narrante
1860 2455 2040 2508 horni-

460 2565 581 2603 nem
636 2548 715 2601 ιρι
764 2548 833 2601 ab
864 2547 1044 2616 aquila
1083 2548 1167 2600 vel
1219 2562 1248 2599 a
1278 2546 1593 2601 vulturibus
1619 2546 1873 2611 abnuni,
1921 2547 2041 2600 aliis

458 2655 588 2694 vero
621 2638 971 2694 tradentibus
996 2638 1212 2707 sagittis
1236 2652 1361 2691 eum
1390 2636 1560 2691 fuisse
1582 2640 1882 2703 conlisum,
1918 2654 2041 2707 qua:

453 2730 673 2798 quidem
702 2730 880 2783 adbnc
908 2726 1143 2798 jecinori
1169 2728 1289 2794 ejus
1330 2726 1655 2780 inbmreant.
1715 2728 1788 2779 De
1814 2742 1921 2793 quo
1957 2727 2043 2779 in-

457 2819 617 2890 tcliigi
671 2836 776 2873 non
808 2821 1041 2874 obscure
1074 2830 1250 2884 potest
1293 2827 1640 2888 appetentem
1695 2819 1893 2873 anima!
1930 2818 2038 2875 vim

456 2927 579 2967 esse
605 2912 658 2966 in
682 2912 928 2980 jecinore
955 2913 999 2964 si
1017 2922 1149 2965 tam.

523 3005 702 3074 Atque
736 3004 840 3057 boc
872 3004 993 3057 loco
1044 3003 1174 3071 quid
1218 3002 1319 3058 sim
1377 3003 1627 3060 dicturus
1672 3005 2038 3063 considerato.

454 3098 594 3151 Cum
639 3096 874 3150 rationis
909 3094 1141 3148 facultas
1175 3095 1467 3164 imperium
1504 3097 1717 3150 obtinet
1753 3097 1913 3165 eique
1961 3098 2041 3153 vis

457 3188 748 3243 irascibilis
796 3197 972 3256 paret,
1004 3197 1300 3256 appetente
1329 3188 1614 3245 debilitate
1643 3193 2044 3261 summisseque

453 3294 514 3334 se
538 3288 783 3350 gerente,
820 3288 930 3331 tum
963 3293 1098 3331 vero
1144 3279 1305 3346 112
1341 3294 1445 3332 nec
1475 3279 1915 3347 intemperanter
1942 3290 2040 3336 bo-

2435 712 2574 780 Περὶ
2606 710 2790 781 τριῷν
2816 708 3018 779 μερῶν
3058 707 3168 777 τῆς
3195 706 3420 778 ψυχῆς.

2216 806 2360 878 Πρὸς
2396 806 2611 867 τούτοις
2651 806 2853 858 εἰδέναι
2897 808 2996 858 καὶ
3020 802 3180 857 τοῦτό
3211 819 3270 856 σε
3313 801 3581 873 βούλομαι,
3615 803 3687 857 ὅτι

2140 900 2202 953 τδ
2227 898 2631 968 ἐπιθυμητικὸν
2665 897 2831 967 μέρος
2858 898 2958 965 τῆς
2983 896 3163 966 ψυχῆς
3192 895 3269 967 τῷ
3294 896 3461 966 ἥπατι
3489 895 3686 962 ἐγκαθί-

2137 991 2351 1060 δρυται,
2392 990 2454 1042 τδ
2501 990 2558 1042 δὲ
2607 988 2838 1059 Θυμικδν
2893 991 2952 1041 ὲν
3003 990 3071 1057 τῇ
3106 986 3305 1058 καρδίᾳ
3338 989 3562 1039 ποιεῖται
3604 987 3692 1056 τὴν

2138 1080 2377 1150 οἴκησιν,
2415 1080 2478 1133 τὸ
2503 1064 2561 1132 δὲ
2589 1077 2809 1147 λογικὸν
2836 1079 2895 1131 ὲν
2926 1076 3079 1148 αύτῷ
3106 1077 3183 1147 τῷ
3213 1077 3517 1147 ἐγκεφάλῳ.
3539 1076 3692 1131 Τοῦτο

2141 1172 2242 1240 μὲν
2272 1167 2367 1226 οὖν
2392 1172 2453 1224 τὸ
2483 1171 2702 1239 λογικὸν
2725 1169 3023 1240 ἐχαρίσατό
3053 1186 3137 1222 σοι
3166 1170 3194 1222 6
3215 1169 3322 1221 τῶν
3345 1169 3481 1222 ὅλων
3508 1169 3696 1237 πρύτα-

2141 1282 2242 1326 νις,
2290 1264 2379 1316 ἵνα
2406 1266 2694 1344 ⁹συμμάχῳ
2749 1262 2953 1331 καὶτῷ
3012 1259 3235 1331 ουμικῷ
3284 1260 3556 1330 χρώμενος
3587 1276 3695 1328 γεν-

2139 1373 2203 1409 να
2216 1356 2308 1418 ίως
2330 1353 2658 1407 ἀνθίστασαι
2691 1353 2835 1406 κατὰ
2861 1352 2959 1419 τῆς
3003 1352 3204 1420 ἀλόγου
3236 1351 3330 1405 καὶ
3361 1351 3697 1423 βοσκηματὼ-

2138 1448 2266 1509 δους
2295 1446 2496 1515 ψυχῆς,
2532 1446 2632 1514 τῆς
2671 1444 3079 1515 ἐπιθυμητικῆς
3116 1444 3352 1515 δηλαδή·
3393 1441 3500 1497 οἶδε
3540 1448 3639 1514 γὰρ
3671 1447 3695 1497 6

2138 1540 2242 1607 τῆς
2279 1536 2498 1607 φύσεως
2522 1536 2790 1605 δεσπότης
2821 1536 2924 1604 ὅση
2954 1552 3061 1605 περ
3088 1536 3303 1604 ἐκείνης
3327 1536 3472 1587 ἐστὶν
3493 1536 3524 1605 ἡ
3546 1535 3695 1605 ὁρμή.

2145 1631 2273 1683 ’Ὅτι
2306 1629 2367 1682 δὲ
2411 1629 2471 1682 τὸ
2499 1628 2599 1697 τῆς
2635 1628 2812 1697 ψυχῆς
2851 1627 3249 1697 ἐπιθυμητικὸν
3280 1627 3427 1699 αὑτῷ
3460 1628 3533 1696 τῷ
3548 1627 3699 1697 ἥπατι
3734 1644 3739 1651 ’

2140 1720 2555 1792 ὲγκαθίδρυταί,
2592 1721 2685 1774 καὶ
2717 1721 2809 1773 τὸν
2838 1719 3033 1773 Τιτυὸν
3058 1722 3300 1790 παράγει
3328 1722 3357 1773 6
3382 1719 3607 1789 Γαληνὸς
3629 1720 3700 1782 εἰς

2143 1816 2407 1871 σύστασιν
2440 1817 2634 1871 τούτου
2681 1816 2779 1870 τοῦ
2802 1816 2983 1883 λόγου,
3015 1817 3073 1868 ὲν
3123 1816 3222 1885 μὲν
3271 1820 3336 1885 τῇ
3365 1814 3699 1883 διαγνωστικῇ

2142 1909 2307 1962 αὑτοῦ
2342 1909 2449 1962 ὑπὸ
2505 1908 2666 1962 ἀετοῦ
2699 1910 2874 1976 λέγων
2922 1907 3090 1962 αὐτοῦ
3143 1908 3525 1963 κατεσθίεσθαι
3566 1909 3619 1961 τὸ
3643 1901 3699 1978 ἦ·

2072 2052 2113 2106 Β
2141 2016 2280 2069 παρ,
2322 2001 2380 2052 ἐν
2412 2000 2469 2053 δὲ
2497 2000 2574 2069 τῷ
2608 2002 2739 2070 περὶ
2762 2001 2913 2068 ἠθῶν
2938 2000 3121 2071 ψυχῆς
3166 2001 3469 2071 μονοδίϐλῳ
3499 2002 3597 2054 ὑπὸ
3620 2017 3701 2068 γιο-

2143 2091 2281 2145 πῶν.
2325 2091 2384 2146 '0
2416 2092 2526 2161 γὰρ
2552 2092 2747 2154 Τιτυὸς
2779 2085 2935 2155 οὗτος
2968 2094 3114 2148 κατὰ
3138 2095 3239 2165 τὴν
3262 2094 3367 2161 ἔξω
3401 2094 3701 2165 μυθολογίαν

2143 2183 2440 2254 ἐρασθῆναι
2473 2185 2693 2252 λέγεται
2715 2186 2813 2255 τῆς
2854 2185 3086 2257 Λητοῦς,
3121 2188 3207 2258 ἐφ’
3239 2180 3282 2256 ᾧ
3310 2190 3405 2243 καὶ
3442 2190 3585 2259 παρὰ
3605 2185 3702 2241 τῶν

2143 2277 2348 2328 παίδων
2376 2276 2546 2343 αὐτῆς
2564 2276 2907 2340 Ἀπόλλωνός
2931 2295 2989 2331 τε
3029 2280 3126 2332 καὶ
3154 2280 3475 2349 ’Δρτέμιδος
3502 2279 3698 2333 κολάσει

2144 2366 2652 2436 καθυποϐληοῆναι,
2709 2367 2804 2421 καὶ
2851 2366 2992 2420 κατὰ
3048 2368 3149 2437 μὲν
3199 2368 3295 2422 τὸν
3341 2365 3570 2439 Γαληνδν
3612 2364 3701 2418 ὑπὸ

2143 2456 2300 2510 ἀετοῦ
2346 2457 2458 2510 είτε
2506 2460 2602 2509 καὶ
2638 2457 2833 2525 γυπῶν
2877 2458 2938 2510 τὸ
2985 2452 3141 2529 ἧπαρ
3167 2461 3469 2519 ἐσθίεσθαι.
3496 2458 3627 2512 κατὰ
3651 2455 3701 2508 δέ

2142 2562 2295 2606 τινας
2330 2545 2528 2609 ἄλλους
2563 2545 2889 2616 τοξευθῆναι
2938 2548 3103 2600 αὐτὸν
3151 2545 3448 2600 κάντεῦθεν
3477 2544 3613 2615 ἔχειν
3642 2542 3701 2592 τὰ

2143 2636 2274 2708 βέλη
2311 2638 2722 2709 ἑμπεπαρμένα
2760 2638 2838 2709 τῷ
2866 2638 3060 2709 ἥπατι.
3086 2638 3329 2713 Εὔδηλον
3357 2637 3450 2694 οῦν
3475 2633 3705 2691 ἐντεῦθεν
3723 2626 3735 2639 ’

2142 2728 2220 2799 τῷ
2245 2729 2418 2800 ἥπατι
2451 2729 2513 2783 τὸ
2544 2732 2645 2801 τῆς
2672 2729 2849 2801 ψυχῆς
2884 2730 3295 2803 ἐπιθυμητικόν
3320 2733 3456 2788 ἔστι.

2217 3002 2462 3073 Πρόσεχε
2478 3003 2870 3062 λοιπόν.’οταν
2896 3005 2997 3078 μὲν
3018 3006 3128 3078 γὰρ
3148 3006 3208 3061 τὸ
3230 3007 3539 3077 λογιστικὸν
3556 3006 3701 3075 ἄρχῃ,

2146 3094 2472 3164 πειθόμενον
2503 3097 2601 3166 μὲν
2637 3098 2820 3168 ἑαυτῷ
2848 3098 2909 3153 τδ
2931 3098 3214 3169 θυμοειδὲς
3244 3100 3391 3171 ἔχον,
3425 3099 3634 3159 ἀσθενὲς
3655 3095 3703 3149 δὲ

2146 3188 2241 3240 καὶ
2293 3187 2548 3243 ταπεινὸν
2604 3190 2664 3243 τὸ
2716 3190 3146 3258 ἐπιθυμητικὸν,
3200 3192 3334 3248 οὗτε
3365 3192 3648 3251 ἀκόλαστος
3678 3186 3704 3239 6

2144 3277 2387 3342 τοιοῦτος
2432 3280 2546 3350 βίος
2575 3281 2703 3335 οὔτε
2730 3278 2843 3336 οἷον
2872 3286 2921 3337 0i
2948 3283 3144 3357 λῃσταὶ
3179 3287 3359 3356 βιοῦσι
3393 3287 3486 3339 καὶ
3524 3284 3704 3353 τύραν-

454 3369 635 3423 mines
662 3370 871 3433 vivunt,
912 3384 1013 3422 nec
1068 3370 1387 3436 praedonum
1425 3378 1520 3424 aut
1578 3380 1932 3439 tjrannoruin
1986 3374 2038 3427 in

2145 3384 2245 3433 vot,
2284 3367 2419 3423 ἀλλὰ
2474 3372 2672 3442 σεμνὸς
2732 3376 2906 3445 πάντη
2964 3377 3059 3429 καὶ
3100 3376 3332 3441 δίκαιος.
3372 3378 3481 3431 Καὶ
3533 3373 3703 3427 τούτου

459 3470 694 3519 rnorem,
724 3457 815 3509 sed
868 3456 1096 3509 honesta
1130 3457 1288 3524 plane
1340 3457 1597 3526 justaque
1650 3460 1756 3512 vita
1804 3462 2037 3532 degitur.

457 3544 572 3601 Hac
605 3549 673 3601 de
704 3562 760 3600 re
791 3548 1029 3603 dubitari
1066 3564 1175 3603 non
1201 3548 1388 3604 debet.
1427 3549 1561 3605 Nam
1595 3552 1637 3605 si
1666 3568 1753 3607 res
1783 3553 1858 3607 ita
1889 3570 2041 3611 coni-

457 3646 645 3708 parata
679 3653 789 3692 non
817 3638 982 3705 foret,
1023 3649 1080 3694 et
1102 3641 1149 3693 si
1181 3641 1433 3710 corporis
1457 3642 1512 3696 in
1538 3645 1728 3699 eadem
1762 3660 2039 3705 Structura

458 3744 566 3781 non
601 3728 689 3781 hic
713 3727 1107 3782 affectionibus
1154 3728 1299 3783 foret
1333 3720 1631 3797 obnoxius,
1665 3734 1756 3789 ille
1789 3752 1847 3791 se
1874 3753 2037 3807 supe-

458 3820 658 3874 riorem
695 3819 766 3873 iis
802 3820 1135 3885 declararet,
1164 3835 1506 3891 nequaquam
1538 3842 1774 3896 magnus
1813 3828 1906 3885 ille
1945 3830 2046 3884 Ba-

459 3910 617 3963 silius
664 3910 863 3964 lsaiam
923 3921 1104 3965 vatem
1150 3927 1421 3969 enarrans
1469 3919 1738 3985 quosdam
1772 3936 1802 3973 a
1844 3932 2043 3977 natura

460 4002 769 4073 praecellere
796 4003 1008 4059 diceret
1038 4004 1185 4071 aliis,
1216 4015 1267 4059 et
1298 4006 1471 4075 ipsius
1497 4012 1663 4063 etiam
1692 4012 1871 4065 carnis
1896 4027 2043 4066 com-

432 4156 439 4167 ,
464 4092 742 4158 paratione
768 4092 958 4146 multis
996 4105 1279 4160 praestare,
1317 4097 1433 4151 sive
1457 4098 1513 4152 in
1539 4100 1780 4154 scientiae
1810 4102 2043 4164 alicujus

464 4184 820 4251 perceptione
848 4184 967 4238 sive
1004 4184 1057 4238 in
1087 4186 1234 4240 cultu
1269 4188 1510 4245 virtutis.
1569 4189 1707 4245 tlinc
1737 4192 1925 4246 videre
1958 4203 2043 4248 est

465 4270 645 4325 varios
705 4274 978 4337 homines,
1037 4286 1408 4346 temperantes
1478 4288 1533 4333 et
1590 4279 2039 4350 intemperantes,

463 4362 753 4417 iracundos
785 4374 840 4417 et
863 4365 1044 4432 mites,
1078 4368 1380 4437 prudentes
1411 4377 1467 4423 et
1494 4370 1749 4432 stolidos,
1786 4379 1844 4424 ut
1877 4388 2041 4442 supra

464 4465 682 4519 quoque
710 4453 1050 4510 monuimus.
1087 4460 1266 4525 Atque
1294 4459 1411 4513 hac
1441 4457 1512 4512 de
1539 4454 1857 4515 conditione
1888 4463 2042 4517 dete-

465 4544 610 4597 riore
656 4545 710 4598 in
755 4546 951 4602 melius
1005 4551 1332 4604 commutari
1384 4559 1637 4619 possunt,
1687 4566 1752 4606 ac
1799 4554 2038 4611 vicissim

2147 3462 2308 3528 χέιριν
2353 3462 2728 3530 ἁμφιδάλλειν
2767 3464 2825 3516 οὐ
2853 3466 2981 3535 χρή.
3029 3466 3091 3520 Ei
3134 3469 3209 3537 μὴ
3246 3470 3358 3537 γὰρ
3381 3467 3537 3521 τοῦτο
3559 3461 3708 3530 ima!

2148 3549 2226 3619 μὴ
2280 3549 2340 3614 ἐξ
2396 3552 2565 3622 αὐτῆς
2617 3553 2718 3621 τῆς
2753 3552 3007 3624 σώματος
3048 3559 3407 3627 κατασκευῆς
3449 3549 3597 3619 οὗτος
3622 3554 3709 3623 μὶν

2146 3633 2252 3687 ὑπὸ
2285 3636 2476 3691 παθῶν
2514 3640 2741 3710 ἥττητο,
2771 3643 2979 3707 ἐκεῖνος
3011 3643 3067 3697 δὲ
3111 3646 3278 3699 πάλιν
3317 3646 3596 3716 ὲγδιρατὴς
3625 3642 3711 3694 αὕ-

2144 3728 2254 3782 τῶν
2296 3731 2682 3796 κατεφαίνετο,
2730 3734 2830 3787 οὐκ
2896 3734 2964 3789 ἂν
3001 3738 3030 3789 6
3084 3738 3264 3807 μέγας
3316 3739 3588 3801 Βασίλειος
3629 3736 3711 3789 τὸν

2147 3819 2435 3888 προφήτην
2477 3820 2703 3875 Ἡσαΐαν
2733 3822 3105 3894 ἐξηγούμενος
3131 3830 3330 3900 εἰσῆγέ
3355 3847 3509 3893 τινας
3536 3831 3597 3883 ἐκ
3625 3825 3713 3896 φύ·

2149 3925 2287 3971 σεως
2325 3908 2553 3979 ἔχοντάς
2606 3929 2732 3966 τινα
2771 3916 3170 3985 προτερήματα
3220 3920 3319 3974 καὶ
3351 3918 3494 3973 κατά
3532 3933 3593 3986 γε
3629 3912 3713 3983 τὴν

2149 3999 2439 4071 σύγκρισιν
2466 4002 2565 4071 τῆς
2598 4002 2804 4074 σαρκὸς
2835 4005 3047 4060 πολλῶν
3090 4008 3461 4081 διαφέροντας
3494 4010 3571 4071 τίς
3599 4004 3714 4059 ἀνά»

2145 4089 2311 4160 ληψιν
2351 4093 2663 4164 ἐπιστήμης
2689 4094 2723 4164 ἢ
2772 4096 3008 4166 ἄσκησιν
3053 4099 3282 4169 ἀρετῆς.
3322 4098 3600 4155 Ἐντεῦθεν
3634 4089 3717 4150 οὖν

2148 4183 2243 4233 καὶ
2274 4182 2531 4252 σώφρονα
2561 4184 2659 4238 ἴδοι
2692 4202 2778 4249 τις
2815 4187 2882 4241 ἂν
2919 4188 3010 4241 καὶ
3037 4190 3361 4254 ἀκόλαστον,
3394 4189 3611 4262 θυμὼδη
3634 4188 3717 4241 καὶ

2154 4274 2351 4342 πρᾶον,
2405 4276 2679 4345 ἐχέφρονα
2721 4280 2818 4332 καὶ
2870 4280 2947 4351 μὴ
2998 4280 3267 4353 τοιοῦτον,
3308 4285 3498 4356 ὥσπερ
3543 4280 3713 4353 δήκαὶ

2143 4365 2258 4428 τοῖς
2309 4364 2619 4438 ἔμπροσθεν
2688 4371 2928 4441 εἴρηται.
2986 4374 3173 4429 Ταῦτα
3232 4378 3334 4447 μὲν
3377 4373 3471 4432 οὖν
3513 4372 3703 4431 δύναιτ’
3774 4429 3780 4434 .

2144 4452 2212 4507 ἄν
2264 4472 2350 4518 τις
2380 4459 2475 4512 ἐπὶ
2508 4459 2569 4511 τὸ
2616 4462 2867 4532 κρετττον
2898 4468 3237 4536 μεταφέρειν
3286 4469 3399 4522 ἀπὸ
3432 4468 3525 4523 τοῦ
3554 4467 3714 4537 χείρο-

2143 4561 2254 4612 νος,
2311 4549 2406 4603 καὶ
2460 4551 2554 4602 ἐπὶ
2615 4554 2677 4605 τὸ
2726 4557 2909 4623 χεῖρον
2962 4552 3029 4609 αὖ
3075 4560 3447 4628 μετατρέπειν
3492 4559 3597 4612 ἀπὸ
3637 4553 3718 4610 τοῦ

464 4648 496 4687 a
536 4633 678 4688 bono
712 4635 768 4689 in
792 4636 950 4706 pejus
976 4638 1103 4692 licet
1131 4637 1449 4703 deflectere,
1478 4639 1939 4708 quemadmodum
1971 4659 2038 4699 ex

2145 4639 2474 4708 κρείττονος.
2522 4644 2629 4697 Καὶ
2678 4644 2838 4714 δῆλον
2866 4648 2923 4713 ἐξ
2956 4640 3031 4701 ὧν
3077 4649 3106 4700 6
3147 4649 3400 4720 θεολόγος
3435 4636 3721 4719 Γρηγόριος

358 4762 363 4767 η
468 4724 617 4778 hisce
646 4724 898 4796 Gregorii
926 4727 1188 4798 Tlieologi
1230 4730 1417 4784 verbis
1460 4731 1749 4798 perspicue
1780 4732 2038 4807 intelligi-

2148 4728 2371 4798 ἔλεγεν·
2414 4750 2433 4784 ι
2484 4732 2745 4805 ’Λρκετὺν
2790 4738 2867 4808 τῷ
2899 4740 3115 4808 σώματι
3164 4742 3401 4811 ἡκακία
3444 4742 3626 4795 αὐτου.
3662 4735 3721 4791 Τί

468 4829 619 4867 tuus:
652 4816 824 4872 (Satis
848 4831 954 4882 est,
990 4818 1193 4887 inquit,
1220 4820 1439 4888 corpori
1476 4835 1573 4873 sua
1611 4822 1899 4880 vitiositas.
1932 4828 2043 4882 Cur

462 4902 695 4958 flamina:
729 4907 986 4961 materies
1029 4908 1262 4976 amplior
1291 4908 1712 4977 suppeditetur?
1759 4929 1856 4968 cur
1904 4916 2039 4972 huic

464 4995 655 5050 bellua:
674 4999 1068 5051 nutrimentum
1088 4998 1331 5067 largius?
1363 5009 1423 5054 ut
1447 5000 1804 5059 intractabilis
1827 5007 2039 5063 scilicet

463 5088 554 5139 fiat
584 5102 646 5140 ac
689 5087 957 5142 rationem
991 5089 1256 5143 violentia
1293 5107 1390 5145 sua
1424 5105 1706 5162 superet.»
1773 5098 2034 5153 Animum

462 5176 623 5246 igitur
650 5178 942 5232 advertito.
984 5178 1253 5243 Quantam
1308 5182 1414 5236 sibi
1449 5187 1559 5239 vim
1593 5186 1828 5241 afferant
1860 5190 2038 5245 horni—

370 5294 381 5297 ι
462 5285 560 5321 nes
580 5269 614 5321 ii
648 5270 741 5337 qui
763 5267 906 5338 frugi
932 5271 1159 5339 quidem
1191 5287 1313 5328 esse
1345 5278 1577 5344 cupiunt
1610 5281 1889 5350 vitamque
1937 5299 2037 5337 an-

459 5360 688 5426 gelicam
722 5360 947 5425 imitari,
979 5377 1167 5417 verum
1224 5364 1535 5423 facultatem
1583 5381 1930 5441 appetentem
1981 5376 2034 5428 in

459 5464 518 5503 se
555 5449 785 5504 validam
808 5453 1054 5507 sentiunt
1081 5455 1302 5523 (etenim
1333 5470 1528 5514 natura
1562 5466 1791 5532 requirit
1823 5480 1889 5519 ea
1916 5481 2040 5534 quae

460 5554 560 5591 sua
588 5547 759 5603 sunt;
808 5540 966 5608 cujus
1012 5544 1277 5601 voluntati
1306 5556 1472 5618 atque
1510 5552 1752 5608 motibus
1780 5554 2042 5609 adversa-

467 5642 555 5684 tur
583 5632 828 5702 quisquis
874 5635 1040 5691 vitam
1082 5653 1246 5712 agere
1293 5652 1496 5697 castam
1528 5644 1812 5716 instituit),
1843 5663 2038 5715 quam-

476 5739 583 5782 συθ
612 5726 745 5780 adeo
770 5742 934 5795 grave
962 5733 1033 5787 sit
1071 5750 1371 5808 repugnare
1418 5747 1624 5793 naturae
1667 5740 1825 5806 velle,
1854 5741 1939 5794 cui
1966 5756 2043 5797 rc-

2145 4825 2202 4878 δὲ
2227 4826 2309 4879 δεῖ
2341 4831 2403 4899 τῇ
2443 4829 2599 4898 φλογὶ
2631 4833 2875 4896 πλείονος
2912 4834 3065 4905 ὕλης,
3105 4836 3182 4906 τῷ
3214 4837 3392 4908 οηρῖῳ
3419 4832 3722 4906 δαψιλεστὲ-
3804 4874 3819 4881 -

2149 4935 2249 4985 ρας
2273 4920 2520 4990 τροφῆςς
2578 4922 2666 4977 ἵνα
2702 4924 3068 4982 δυσκάθεκτον
3108 4929 3339 4999 γένηται
3387 4931 3483 4982 καὶ
3519 4929 3609 4982 τοῦ
3645 4928 3723 4979 λο-

2147 5010 2347 5079 γισμοῦ
2407 5012 2740 5085 βιαιότερον.
2789 5036 2810 5069 ›
2850 5020 3093 5091 Πρόσεχε
3147 5021 3241 5077 οῦν
3297 5024 3401 5077 ὅσα
3454 5022 3720 5091 βιάζουσιν

2146 5102 2371 5167 ἑαυτοὺς
2400 5106 2448 5157 οἱ
2494 5105 2739 5173 Θέλοντες
2785 5116 2888 5179 μὲν
2943 5119 3269 5186 σωφρονεῖν,
3316 5118 3538 5187 ἔχοντες
3581 5114 3635 5166 δὲ
3666 5111 3719 5163 τδ

2145 5195 2542 5265 ἐπιθυμητικὸν
2587 5201 2807 5270 ἰσχυρόν
2829 5218 2842 5232 °
2953 5208 3054 5272 μὲν
3082 5210 3189 5277 γὰρ
3233 5210 3398 5277 φύσις
3432 5210 3500 5261 τὰ
3529 5203 3719 5273 ἑαυτῆς

2146 5286 2202 5352 ἐξ
2229 5288 2474 5361 ἀνάγκης
2503 5292 2773 5363 ἐπιζητεῖ,
2798 5298 2827 5349 6
2863 5297 2919 5350 δὲ
2960 5300 3213 5366 ἁγνεύειν
3247 5302 3578 5371 αἱρούμενος
3614 5299 3717 5356 τοῖς

2148 5378 2417 5447 θελήμασι
2448 5384 2546 5453 τῆς
2581 5387 2786 5455 σαρκὸς
2812 5390 3131 5445 ἀντιπίπτει
3162 5394 3255 5447 καὶ
3286 5392 3407 5463 βίον
3441 5388 3719 5461 ἀγγελικὸν

2150 5471 2439 5537 μιμεῖσθαι
2470 5474 2786 5540 φιλονεικεῖ.
2814 5478 2980 5532 Ὅσον
3018 5482 3075 5534 δὲ
3123 5483 3266 5553 βαρῦ
3297 5484 3359 5535 τὸ
3392 5484 3529 5551 πρὶς
3565 5478 3719 5549 φύσιν

2149 5560 2441 5629 μάχεσθαι,
2476 5566 2567 5617 καὶ
2594 5561 2706 5620 οἷον
2734 5570 2984 5626 ἐντεῦθεν
3015 5573 3077 5625 τὸ
3100 5573 3361 5640 ἔπαθλον,
3400 5577 3429 5627 6
3464 5574 3561 5641 τῆς
3603 5566 3720 5622 Κλί-

2152 5668 2324 5719 μακος
2363 5654 2616 5726 Ἰωάννης
2637 5661 2664 5710 6
2691 5660 2995 5728 ἁγιώτατος
3025 5667 3291 5737 ἐδήλωσεν
3319 5667 3494 5730 οὕτως
3526 5659 3715 5717 εἰπών’

2159 5763 2177 5794 ι
2226 5744 2284 5797 Ὀ
2346 5746 2504 5815 σῶμα
2555 5752 2785 5821 νικήσας
2830 5754 2992 5823 φύσιν
3047 5759 3329 5830 ἐνίκησενο
3395 5762 3423 5812 6
3474 5759 3528 5811 δὲ
3569 5755 3719 5824 φύσιν
