3936 6416
161 417 253 485 29.5

1419 404 1827 475 ANNALIUM
1875 411 2076 472 PARS
2119 408 2167 474 Ι.

3308 399 3420 471 236

170 529 367 602 νικήσας
392 528 551 601 ὑπὲρ
584 528 745 599 φύσιν
776 528 994 606 ἐγένετο
1017 542 1032 560 ο
1073 527 1101 580 6
1135 525 1193 580 δὲ
1231 524 1392 579 τοῦτο
1422 524 1718 594 γενόμενος

1834 523 2063 591 spondet
2110 522 2281 591 ipsius
2345 522 2509 574 etiam
2561 512 2768 592 prremii
2822 521 3157 592 magnitudo.
3195 515 3416 581 sanctus
3489 542 3494 547 ‘

169 621 322 694 βραχύ
374 639 429 676 τι
484 622 617 691 παρ’
672 622 938 691 ἀγγέλους
965 621 1297 692 ἠλάττωται,
1332 620 1421 673 ἴνα
1474 621 1547 688 μὴ
1580 617 1730 684 λέγω

172 712 340 781 μηδέν.
380 730 403 764 ι
454 706 699 784 Πρόσεχε
728 710 801 764 δὲ
838 710 918 763 ὅτι
970 709 1064 762 καὶ
1101 709 1310 780 σφόδρα
1355 704 1730 776 βαρυαλγοῦσι

166 807 247 858 καὶ
271 805 522 874 ἄχθονται
549 805 604 857 οἱ
646 803 891 867 θέλοντες
933 803 1035 871 μὲν
1073 801 1397 870 σωφρονεῖν,
1423 797 1639 867 ἔχοντες
1671 794 1730 849 δὲ

165 897 218 949 τὸ
252 896 645 964 ἐπιθυμητικὸν
680 895 902 964 ἰσχυρὸν
949 890 1275 961 πολυπληθῆ
1310 908 1366 942 τε
1409 889 1509 959 τὴν
1538 887 1728 957 γονὴν,

167 988 290 1057 πρὸς
323 986 500 1052 ἔξοδον
529 972 617 1039 diei
641 985 1004 1054 ἐπειγομένου
1029 982 1120 1036 τοῦ
1153 974 1496 1053 ἐνοχλοῦντος
1520 970 1727 1042 οἴύτοῖςο

166 1084 248 1136 καὶ
276 1081 348 1151 μὴ
390 1081 533 1134 κατά
571 1096 624 1131 τι
652 1079 980 1149 ἀμφίϐαλλε.
1014 1080 1077 1132 El
1111 1078 1219 1146 γάρ
1245 1079 1273 1130 6
1307 1078 1567 1166 Διογένης
1591 1076 1733 1127 ὲκεί-

165 1191 240 1236 νος
274 1173 303 1225 6
326 1173 585 1238 Κυνικὸς,
615 1171 674 1224 τὸ
703 1172 802 1240 τῆς
857 1172 1074 1239 φύσεως
1121 1171 1286 1240 βάρος
1325 1171 1426 1223 οὐκ
1466 1166 1727 1233 ἐνεγκὼν,

162 1267 245 1317 καὶ
268 1263 441 1317 ταῦτα
470 1263 722 1317 τοσοῦτον
751 1263 1195 1327 ἀσκητικώτατος
1231 1260 1332 1325 ὣν,
1360 1264 1594 1329 γυναῖκα
1627 1262 1729 1330 ζη-

161 1355 309 1425 τῆσαι
349 1355 564 1423 λέγεται
595 1354 735 1410 ὥστε
791 1354 852 1407 τὸ
894 1353 1128 1425 βαρῦνον
1183 1346 1489 1425 ἀποθέσθαι
1529 1353 1625 1405 καὶ
1668 1353 1729 1405 τὸ

161 1443 341 1497 ἑαυτοῦ
372 1443 532 1512 σῶμα
561 1442 841 1513 κουφίσαι,
883 1444 937 1496 τί
975 1441 1082 1514 χρὴ
1113 1445 1207 1495 καὶ
1238 1442 1420 1511 λέγειν
1443 1443 1568 1496 ὅσον
1594 1441 1728 1495 ὑπο·-

163 1531 375 1602 μένουσι
401 1532 649 1602 κάματον
674 1520 724 1585 oi
753 1532 983 1602 σφοῖρὺν
1014 1531 1134 1604 μὲν,
1162 1528 1236 1596 ὠς
1264 1533 1505 1603 εἴρηται,
1529 1532 1727 1601 λαχόν-

159 1641 239 1687 τες
264 1623 323 1675 τὸ
363 1624 850 1695 ὲπιθυμητικδν,ἐν
877 1625 1067 1697 ἁγνείᾳ
1093 1624 1148 1677 δὲ
1180 1624 1474 1695 φυλάσσειν
1501 1625 1727 1688 ἑαυτοὺς

159 1715 628 1787 προθυμούμενοι;
674 1715 993 1780 Ἐντεῦθεν,
1051 1716 1336 1787 άγαπητὲ,
1396 1716 1506 1769 τῶν
1563 1715 1727 1769 ὁσίων

155 1805 313 1868 τινὲς,
365 1805 451 1859 ἵνα
481 1806 580 1877 τὴν
619 1807 854 1878 φυσικὴν
911 1806 1283 1861 άποσόέσιυσι“
1310 1806 1579 1891 πύρωσιν,
1631 1805 1722 1858 καὶ

1834 611 1925 664 illo
1967 611 2048 664 vir
2076 610 2316 665 Joannes
2349 622 2543 666 auctor
2565 613 2726 667 scalae
2753 614 2903 668 hisce
2925 608 3108 669 verbis
3134 613 3413 671 declarat:

1841 703 1971 769 «Qui
2033 719 2236 774 corpus
2285 704 2436 763 vicit,
2486 714 2740 759 naturam
2789 705 2959 774 vicit;
3013 706 3105 777 qui
3161 716 3414 762 naturam

1834 794 1989 860 vicit,
2019 809 2184 864 supra
2231 806 2483 849 naturam
2530 806 2708 851 semet
2742 798 2974 864 extulit;
3008 799 3113 854 hoc
3149 800 3244 868 qui
3282 816 3418 855 con-s

1839 897 2068 940 secutus
2121 897 2223 950 est,
2253 889 2478 959 paulum
2513 891 2723 961 angelis
2752 900 2837 944 est
2865 891 3116 960 inferior,
3138 909 3230 948 ..ne
3280 888 3415 949 nihil

1837 977 1907 1032 ab
1948 979 2014 1033 iis
2038 973 2257 1035 dilierre
2287 981 2488 1036 dicam.
2517 1001 2535 1033 ι
2573 983 2842 1041 Nimirum
2872 991 3010 1041 scito
3033 990 3286 1059 gravibus
3322 1006 3416 1043 eos

1836 1069 2100 1123 molestiis
2139 1086 2313 1141 premi
2346 1073 2439 1149 qui
2482 1074 2618 1128 casti
2692 1091 2817 1130 esse
2862 1077 3221 1143 desiderant,
3288 1096 3411 1134 cum

1831 1161 2133 1229 appetitum
2172 1162 2224 1216 in
2291 1179 2352 1217 sc
2396 1163 2594 1219 fortem
2647 1169 3003 1237 experiantur
3051 1184 3104 1225 et
3149 1173 3417 1241 genitu'at|

1832 1264 2083 1322 magnam
2112 1255 2350 1324 copiam,
2383 1271 2504 1326 quae
2546 1260 2750 1330 negotii
2785 1262 3084 1331 plurimum
3121 1266 3202 1319 eis
3234 1265 3414 1322 fu‘ces-
3459 1267 3465 1273 ’

1831 1342 1904 1396 sit
1949 1360 2015 1397 ac
2066 1360 2346 1414 nunquam
2400 1364 2536 1413 non,
2584 1359 2644 1403 ut
2692 1355 2994 1417 emittatur,
3045 1365 3223 1426 urget.
3271 1344 3417 1411 Nihil
3494 1418 3501 1421 _

1832 1430 1901 1486 de
1933 1430 2034 1486 hoc
2065 1433 2477 1504 ambigendum.
2537 1438 2753 1510 Quippe
2783 1442 2826 1496 si
2878 1441 3150 1515 Diogenes
3186 1447 3277 1501 ille
3311 1445 3417 1518 Cy;
3478 1476 3487 1483 -

1832 1521 2016 1585 nicus,
2072 1540 2197 1578 cum
2253 1542 2393 1582 onus
2438 1528 2566 1582 illud
2622 1542 2835 1588 natura:
2882 1538 3140 1605 nequiret.
3181 1539 3418 1608 amplius

1833 1612 2002 1684 ferre,
2032 1615 2196 1672 homo
2228 1621 2513 1690 perpetuis
2539 1634 2595 1677 et
2641 1626 2893 1682 maximis
2930 1629 3418 1686 exercitationibus

1831 1707 1897 1762 ad
1918 1706 2306 1766 abstinentiam
2331 1715 2779 1783 condocefactus,
2811 1716 3094 1776 mulierem
3121 1722 3418 1792 aliquando

1830 1798 2092 1869 quaesisse
2119 1801 2464 1871 perhibetur,
2492 1821 2602 1877 quo
2636 1824 2750 1863 rem
2783 1812 3066 1867 molestam
3098 1814 3203 1868 sibi
3243 1815 3420 1887 depo-z

157 1898 343 1966 γυμνοὶ
367 1897 429 1950 τὸ
463 1896 624 1968 σῶμα
649 1897 812 1966 μέσον
843 1896 1053 1951 ὑδάτων
1083 1896 1505 1967 διημερεύοντες
1537 1887 1727 1964 ὤφθη-

1834 1900 1983 1946 nerct
2014 1899 2070 1944 et
2099 1907 2297 1963 corpus
2325 1887 2674 1954 onere-velut
2705 1916 2939 1959 excusso
2970 1905 3202 1970 levaret,
3238 1925 3416 1978 quan-

158 2005 271 2042 σαν.
299 1988 503 2057 Μηδεὶς
543 1987 731 2042 λοιπὸν
770 1982 875 2043 ὲπὶ.’
891 1985 1062 2058 μέσου
1102 1986 1462 2058 προσφερέτω
1499 1986 1599 2056 τὴν
1632 1985 1727 2054 γέι-

157 2058 318 2147 νεσιν,
365 2080 555 2150 μηδεὶς
580 2081 678 2134 οὐκ
723 2078 962 2152 ἀγαθοὺς
1007 2079 1256 2150 ἀστέρων
1296 2070 1724 2149 προφασιζέσθω

159 2171 589 2241 σχηματισμούς.
633 2170 904 2241 ’Δστέρων
951 2169 1050 2239 μὲν
1090 2170 1200 2241 γάρ
1237 2172 1506 2239 κινήσεις,
1535 2169 1726 2223 ἀνατο-

156 2261 245 2323 λάς
290 2260 386 2313 καὶ
442 2259 628 2323 δύσεις
683 2258 883 2322 αὐτῶν,
926 2261 1040 2322 τοῖς
1080 2259 1428 2331 προσήκουσι
1478 2256 1725 2326 γίνεσθαι

159 2355 358 2422 καιροῖς
395 2351 748 2422 ᾠκονόμησεν
788 2354 815 2404 6
852 2351 1032 2420 σοφῶς
1070 2350 1140 2403 τά
1185 2352 1361 2405 πάντα
1406 2349 1724 2430 διευθιεῶν,

159 2447 224 2508 ὡς
248 2444 496 2499 ἐντεῦθεν
526 2445 683 2514 ἀέρος
722 2443 1209 2514 μετατρεπομένου
1259 2443 1353 2496 καὶ
1378 2442 1601 2512 ὃμῦρων
1626 2454 1726 2491 κα-

160 2537 612 2608 ταρρηγνυμένων
652 2533 926 2605 εὐκαίρως
980 2532 1242 2599 αὔξεσθαι
1290 2533 1358 2587 τά
1419 2533 1582 2600 φυτά.
1620 2530 1729 2584 Καὶ

162 2629 259 2696 γάρ
285 2629 392 2679 τῶν
422 2626 640 2697 τροφῶν
671 2625 744 2689 ὡς
791 2627 847 2679 ὲν
876 2625 1060 2690 κύκλῳ
1089 2624 1350 2693 διηνεκῶς
1386 2625 1730 2694 χορηγουμέ-

166 2734 263 2770 νων
292 2718 584 2786 ἀνελλιπὴς
608 2717 702 2769 καὶ
737 2719 768 2787 ὴ
808 2717 918 2771 τῶν
948 2714 1414 2786 προσφερομένων
1439 2715 1564 2776 τοὺς
1591 2730 1730 2785 καρ-

168 2810 314 2879 ποὺς,
333 2810 581 2878 διαμένει
606 2808 787 2877 φύσις,
816 2807 891 2871 ῶς
921 2807 1270 2875 εὑρίσκεσθαι
1303 2806 1404 2877 μὲν
1440 2806 1621 2858 ἐκεῖνα
1644 2805 1733 2859 διὰ

165 2902 273 2961 τοὺς
295 2900 562 2970 καρποὺς,
581 2903 702 2964 τοὺς
719 2901 776 2953 δὲ
792 2899 1039 2971 καρποὺς
1055 2900 1143 2953 διὰ
1164 2899 1233 2952 τὰ
1259 2896 1375 2962 ζῶα
1395 2901 1490 2953 καὶ
1517 2898 1608 2953 τὸν
1637 2899 1731 2953 άν-

178 2989 483 3062 θρωπον.ού
509 2984 935 3067 γνώμάςροιπίιν
956 2994 1004 3045 οἱ
1027 2991 1256 3059 ἀστέρες
1278 2991 1732 3060 μετατρέπουσιν,

178 3079 283 3130 οὐδὲ
308 3082 557 3152 καθάπερ
581 3097 631 3133 τι
650 3081 989 3150 ἀνδράποδον
1012 3080 1103 3135 τὸν
1122 3081 1243 3134 κατ’
1268 3082 1449 3135 εἰκόνα
1464 3079 1610 3134 Θεοῦ
1643 3096 1737 3133 πει

171 3171 430 3240 ριάγουσιν
445 3172 889 3246 ἄνθρωπονυὺἃ
907 3176 1014 3245 γὰρ
1027 3174 1107 3235 εἱς
1116 3174 1366 3226 τοσοῦτον
1379 3175 1445 3229 ἂν
1465 3173 1736 3245 εὑρεθεῖεν

1836 1988 1951 2035 tum
1990 1982 2112 2037 illos
2149 1987 2424 2042 sustinere
2454 1988 2658 2045 laboris
2689 2002 2855 2063 atque
2885 1996 3259 2059 molestiarum
3297 2001 3416 2055 exi-

1829 2073 2169 2128 stimandum
2193 2085 2299 2143 est,
2335 2078 2389 2131 in
2427 2080 2631 2149 quibus
2679 2099 2710 2138 a
2750 2095 2943 2141 natura
2987 2089 3288 2145 vehemens
3332 2092 3419 2147 est

1827 2163 2101 2231 appetitus
2127 2164 2386 2235 impetus,
2415 2183 2538 2222 cum
2573 2170 2929 2230 nihilominus
2967 2192 3185 2249 servare
3208 2181 3418 2251 seipsos

1830 2255 1887 2307 in
1909 2254 2260 2311 continentia
2295 2258 2510 2316 velint?
2574 2265 2754 2335 Atque
2785 2267 2926 2322 hanc
2948 2268 3019 2324 ob
3054 2286 3299 2339 causam,
3330 2275 3419 2327 di-

1830 2343 1974 2401 lecte
2003 2345 2101 2413 iili,
2157 2349 2380 2418 quidam
2433 2352 2538 2406 viri
2590 2342 2833 2426 religiosi
2884 2359 3044 2414 nudis
3082 2362 3416 2431 corporibus

1833 2447 1977 2493 totos
2003 2438 2122 2495 dies
2150 2441 2206 2496 in
2233 2438 2445 2500 media}
2475 2461 2652 2514 aquas
2680 2434 2861 2504 serue!
2887 2452 3159 2522 abiecisse
3194 2457 3418 2512 traduné

1835 2537 1945 2596 tur,
1971 2547 2078 2600 quo
2108 2532 2592 2592 inﬂammationem
2623 2549 2679 2594 et
2711 2551 2904 2598 aestum
2941 2543 3094 2599 illum
3130 2546 3289 2617 113
3318 2566 3421 2603 ua-

1835 2623 2067 2677 luralem
2107 2624 2539 2698 restinguerent.
2584 2630 2774 2700 Itaque
2808 2649 2972 2689 nemo
3003 2636 3234 2704 posthac
3281 2640 3416 2693 nati-

1826 2714 2063 2769 vitatem
2093 2731 2249 2771 suam
2285 2721 2339 2772 in
2382 2720 2625 2776 medium
2662 2723 2929 2793 proferat,
2976 2742 3141 2782 nemo
3170 2728 3418 2800 inauspi-

1834 2816 1988 2868 catos
2023 2796 2270 2863 siderum
2315 2812 2533 2880 positus
2576 2820 2631 2868 et
2672 2814 2815 2871 inter
2859 2832 2918 2872 se
2952 2818 3419 2877 confmmationes‘

1836 2909 2120 2953 causetur.
2151 2899 2284 2956 Nam
2311 2903 2533 2977 sapiens
2567 2904 2657 2961 ille
2690 2907 2998 2965 Moderator
3034 2911 3419 2970 universorum

1840 2976 2102 3060 praclaro
2136 2993 2368 3049 consilio
2395 2976 2657 3065 instituit,
2688 3008 2746 3054 ut
2771 3000 2886 3055 suis
2911 3004 3254 3074 temporibus
3280 3009 3418 3062 certi

1837 3080 2080 3135 siderum
2112 3092 2317 3150 motus,
2348 3093 2523 3153 ortus,
2561 3102 2788 3144 occasus
2822 3093 3100 3159 eveniant,
3136 3113 3244 3166 quo
3263 3113 3418 3153 com-

1840 3182 2054 3227 mutato
2084 3189 2182 3244 per
2205 3174 2305 3228 has
2331 3191 2526 3232 causas
2555 3193 2684 3234 aere
2710 3181 3016 3253 pluviisque
3042 3186 3418 3244 delabentihus‘

169 3236 349 3329 ἀδικοι,
377 3266 501 3329 τοὺς
535 3236 633 3335 ριὲν
670 3266 891 3335 μοιχοὺς
917 3236 1249 3331 ποιοῦντες,
1275 3266 1401 3329 τοὺς
1433 3265 1489 3319 δὲ
1533 3266 1726 3335 φονέας

1838 3264 2038 3337 planta:
2066 3266 2475 3320 incrementum
2502 3272 2793 3326 commode
2826 3287 3069 3332 sumant.
3101 3278 3236 3333 Cum
3272 3281 3415 3335 enim

168 3356 255 3407 καὶ
268 3355 541 3426 ᾶρπαγας.
578 3355 739 3409 Ἀλλά
761 3357 853 3409 καὶ
879 3355 984 3426 πρὸ
1010 3357 1116 3408 τῶν
1143 3356 1442 3427 ἀστέρωεδὸ
1464 3355 1726 3426 δημιουρ-

168 3445 256 3511 τδς
282 3446 455 3500 αὐτῶν
477 3447 572 3518 τὴν
592 3448 772 3503 αἰτίαν
793 3447 1151 3517 ἀποφέρεται,
1172 3448 1291 3499 εἶπε
1299 3464 1330 3517 ρ
1352 3447 1573 3501 τοιαῦτα
1595 3462 1729 3499 κατ-

170 3538 450 3592 εσκεύασεν
469 3538 504 3593 ά
523 3539 620 3609 τὴν
643 3540 906 3609 ἐπιφορὰν
923 3541 954 3609 ἡ
966 3542 1057 3608 μίν
1076 3538 1132 3603 ἐξ
1150 3538 1391 3608 ἀνάγκης
1414 3538 1525 3591 τῶν
1540 3537 1727 3590 κακῶν

172 3627 450 3702 ἐπιτίθησι,
467 3630 607 3684 καθά
624 3631 685 3700 δὴ
704 3632 799 3684 καὶ
817 3631 951 3701 πρὸς
964 3630 1205 3684 Φαῦστον
1225 3633 1250 3683 ὁ
1267 3632 1559 3700 κορυφαῖος
1576 3629 1727 3697 ἔλεγε

175 3719 385 3790 Πέτρος,
419 3723 631 3792 γενέσει
659 3723 755 3775 καὶ
784 3720 1093 3796 εἱμαρμένῃ
1130 3722 1191 3775 τὸ
1219 3724 1326 3776 πᾶν
1347 3722 1724 3792 ἐπιτρέποντα.
1760 3778 1765 3785 ,

1831 3350 2090 3408 alimenta
2123 3355 2361 3425 quodam
2386 3356 2534 3411 velut
2554 3360 2763 3414 ambitu
2786 3373 3053 3432 perpetuo
3070 3358 3423 3438 suppeditata

1835 3461 1945 3499 non
1989 3444 2396 3513 desiderantur,
2448 3447 2613 3503 etiam
2647 3449 2866 3507 illorum
2914 3465 3130 3519 natura,
3179 3460 3270 3529 qui
3308 3459 3419 3514 fru-

1834 3546 1958 3593 ctus
1989 3537 2139 3608 ipsos
2162 3538 2497 3609 percipiunt,
2528 3542 2617 3597 vel
2646 3559 2809 3613 egere
2836 3547 2914 3599 \el
2938 3548 3172 3603 deiicere
3204 3559 3415 3623 nequ't.

1839 3628 1912 3682 De
1942 3643 2050 3699 quo
2094 3628 2451 3702 intelligimus
2497 3632 2680 3688 sidera
2731 3637 2951 3705 quidem
3007 3656 3130 3695 cum
3176 3647 3418 3701 motibus

1837 3719 1954 3776 suis
1986 3719 2540 3789 fructuum,.fructus
2568 3732 2747 3778 autem
2778 3727 3095 3784 animalium
3143 3740 3199 3785 et
3230 3735 3413 3788 homié

172 3812 250 3866 nis
276 3829 393 3870 esse
427 3827 588 3870 causa
622 3813 821 3870 factos.
881 3814 1233 3889 Quapropter
1295 3817 1607 3870 animorum
1655 3814 1968 3869 voluntates
2034 3823 2199 3883 atque
2263 3815 2570 3871 sententias
2610 3816 2792 3872 sidera
2822 3835 2929 3874 non
2998 3831 3251 3890 mutant,
3309 3830 3418 3883 nee

169 3904 432 3963 hominem
463 3912 529 3964 ad
558 3910 845 3981 imaginem
879 3909 971 3965 Dei
1002 3909 1207 3965 factum
1258 3908 1519 3979 maniipii
1547 3908 1831 3977 cujusdam
1875 3908 2009 3963 vilis
2070 3907 2245 3963 instar
2298 3898 2405 3962 hac
2461 3907 2588 3964 illac
2648 3909 2875 3968 ducunt.
2940 3913 3062 3968 Non
3110 3924 3218 3971 tam
3265 3899 3415 3971 enini

168 4013 276 4069 ipsa
299 4002 841 4074 deprehenderentur
872 4004 1073 4075 iniusta
1100 4021 1242 4073 esse,
1313 4004 1577 4076 quosdam
1643 4003 1923 4060 adulteros
1979 4002 2295 4069 elIicicntia,
2329 4004 2593 4073 quosdam
2663 4006 2964 4064 homicidas
2996 4026 3060 4064 ac
3105 4014 3414 4083 praedones,

167 4111 320 4163 quam
352 4112 540 4152 eorum
571 4096 773 4168 opifex,
832 4101 924 4170 qui
974 4114 1307 4171 prteeipuam
1345 4100 1399 4154 in
1435 4101 1539 4156 hac
1574 4110 1726 4170 parte
1764 4099 1981 4171 culpam
2043 4109 2379 4164 mereretur,
2424 4099 2495 4155 ob
2534 4113 2621 4154 res
2689 4102 2975 4171 ejusmodi.
2999 4108 3248 4164 conditas
3295 4124 3417 4179 qua;

167 4192 470 4246 necessario
492 4207 594 4247 nos
620 4192 685 4247 ad
715 4191 854 4246 mala
878 4192 1142 4262 proclives
1161 4193 1475 4247 redderent.
1539 4193 1754 4247 Idcirco
1788 4209 1899 4247 non
1931 4191 2032 4248 abs
2065 4207 2122 4245 re
2151 4193 2373 4262 scripsit
2403 4195 2638 4251 eximius
2666 4195 2756 4251 ille
2814 4197 3008 4254 Petrus
3032 4204 3097 4255 ad
3131 4201 3415 4281 Faustum,

164 4286 415 4351 quosdam
448 4285 581 4341 falso
631 4287 947 4343 universum
998 4289 1102 4341 hoc
1149 4272 1413 4341 natalitiis
1442 4286 1715 4343 sideribus
1754 4297 1809 4367 et
1839 4286 1948 4342 fato
1976 4287 2344 4345 committere.

234 4376 374 4446 Ὀρα
426 4378 613 4430 λοιπὸν
666 4379 954 4450 νουνεχῶς,
1006 4380 1099 4433 καὶ
1157 4379 1232 4450 μὴ
1283 4381 1376 4432 ἐπὶ
1416 4380 1580 4432 πλέον
1610 4382 1726 4442 τοῖς

164 4463 335 4534 λόγοις
375 4468 556 4523 αὐτῶν
595 4469 849 4539 θορυσοῦ.
893 4471 955 4524 Εἰ
995 4472 1105 4542 γὰρ
1151 4474 1244 4526 καὶ
1282 4471 1535 4537 λέγουσιν
1571 4471 1655 4522 ὅτι
1685 4470 1720 4540 ἡ

1903 4379 2212 4436 Prudenter
2258 4382 2424 4454 igitur
2463 4380 2581 4440 haec
2629 4383 3019 4450 considerato,
3067 4397 3170 4441 nec
3219 4387 3417 4445 horum

1828 4473 2010 4529 verbis
2043 4475 2162 4544 plus
2189 4491 2348 4545 aequo
2394 4475 2701 4547 perturbari
2751 4487 2805 4534 te
2855 4476 3047 4531 sinito.
3083 4478 3218 4534 Cum
3265 4485 3415 4536 enim

169 4555 282 4630 ὥρα
320 4560 444 4615 καθ’
482 4561 612 4632 ῆνή
652 4560 909 4633 σύλληψις
935 4562 1030 4617 τοῦ
1078 4563 1597 4635 συλλαμόανομένου
1639 4561 1726 4631 γίε

1834 4563 2020 4620 dicunt
2044 4580 2166 4620 eam
2204 4567 2395 4622 horam
2428 4586 2532 4640 qua
2567 4571 2714 4627 fetus
2759 4570 3051 4643 conceptio
3093 4569 3206 4631 ﬁat.
3242 4571 3414 4628 fctum

130 4622 334 4719 1verat,
365 4622 548 4724 ἐκείνη
586 4622 680 4707 καὶ
703 4654 764 4707 τὸ
803 4622 1373 4727 πλαστουργούμένον.
1415 4622 1527 4709 εἴτε
1557 4622 1726 4728 ἄρρεν

165 4742 268 4796 εἴτε
302 4743 457 4816 θῆλυ,
486 4744 836 4801 διαπλάττειν
884 4748 1081 4817 ἄριστα
1131 4748 1343 4813 εἴωθεν,
1370 4747 1485 4800 ἀλλ’
1521 4735 1728 4813 εὐθέως

169 4828 562 4903 ἀνθυποφέρειν
589 4833 731 4905 ἔχεις
759 4836 852 4887 καὶ
885 4836 972 4900 σὺ,
998 4836 1095 4890 καὶ
1125 4837 1269 4890 οὕτω
1297 4837 1481 4905 λέγειν
1519 4839 1725 4904 αὐτοῖς,

169 4921 238 4984 ὡς
268 4923 423 4994 εἴπερ
477 4927 534 4979 ὲν
601 4926 699 4994 μιᾷ
758 4926 878 4997 ῶρᾳ
916 4928 1011 4980 καὶ
1048 4931 1112 4999 τῇ
1144 4932 1282 5000 αὐτῇ
1310 4931 1583 5001 καταϐολῇ
1617 4932 1727 4983 τῶν

169 5005 394 5077 διδύμων
429 5011 463 5079 ἡ
500 5008 763 5079 σύλληψις
790 5011 1024 5074 γίνεται,
1076 5012 1281 5082 ἔπρεπε
1316 5017 1531 5077 πάντως
1558 5013 1635 5086 μὴ
1667 5014 1727 5067 τὺ

174 5101 264 5165 μὲι
313 5103 491 5155 αὐτῶν
528 5104 719 5176 appet,
742 5107 801 5159 τδ
820 5106 876 5159 δὲ
893 5107 1048 5176 θῆλυ,
1073 5108 1190 5162 ἀλλ’
1226 5107 1432 5180 ἄρρενα
1447 5111 1539 5162 καὶ
1561 5109 1729 5179 ἄμφω

173 5194 303 5246 κατὰ
346 5194 443 5265 τὴν
478 5197 885 5264 ἐπικρατοῦσαν
929 5197 1080 5268 ὥραν
1128 5199 1161 5271 ἢ
1203 5200 1374 5270 θήλεα
1412 5201 1572 5254 ταυτὶ
1615 5201 1730 5255 δια-

176 5280 512 5341 πλάττεσθαι.
542 5285 697 5339 Οὕτω
729 5289 829 5358 μὲν
850 5285 943 5343 οὖν
966 5290 1075 5344 ἔδει
1106 5290 1181 5363 μὴ
1208 5294 1268 5344 τὸ
1300 5294 1398 5362 μὲν
1422 5292 1605 5347 αὐτῶν
1634 5293 1730 5345 tri-

175 5393 277 5445 χιον
323 5379 602 5450 τελευτᾷν,
633 5379 696 5430 τὸ
725 5381 782 5433 δὲ
821 5380 1061 5454 βράδιον,
1096 5383 1212 5437 ἀλλ’
1249 5383 1384 5452 ὁμοῦ
1418 5384 1511 5438 καὶ
1559 5383 1729 5453 ἄμφω

173 5464 268 5517 τῶν
290 5460 391 5520 ὧδε
428 5468 829 5534 μεθίστασθαι*
861 5473 1003 5527 κατὰ
1042 5474 1148 5543 γὰρ
1178 5475 1422 5536 ἐκείνους
1461 5475 1656 5539 εἰπεῖν,
1697 5474 1727 5528 6

171 5556 319 5624 αὐτὸς
372 5561 550 5631 ἀστὴρ
587 5561 824 5634 κάκείνῳ
868 5566 962 5619 καὶ
1004 5565 1180 5637 τούτῳ
1217 5564 1315 5636 τὴν
1355 5565 1501 5639 ζωὴν
1538 5567 1727 5637 ἐχαρί-

172 5662 312 5705 σατο.
355 5653 519 5706 Ἀλλὰ
547 5656 644 5707 καὶ
697 5657 791 5709 ἐπί
818 5674 927 5711 τισι
956 5659 1247 5730 παθήμασι
1299 5662 1392 5712 καὶ
1427 5658 1729 5729 σινώμασιν

170 5739 257 5812 ὑφ’
287 5736 361 5796 ὧν
401 5745 716 5800 ἁλίσκονται
755 5749 1012 5815 πολλάκις
1052 5753 1120 5803 τά
1152 5754 1292 5805 κατὰ
1335 5753 1550 5823 μήτραν
1581 5769 1728 5824 πηγ-

169 5832 367 5906 vipera.
412 5836 501 5905 (τά
526 5854 585 5891 τε
637 5839 747 5909 γάρ
783 5839 951 5910 θήλεα
1010 5843 1197 5913 σχῆμα
1229 5843 1489 5908 πολλάκις
1519 5844 1728 5918 ἀνδρῶν

366 5939 640 5997 ιἰτιιοι..
674 5939 790 5999 Gtt.
831 5940 1097 6004 CLVIII.-

1836 4656 2038 4725 ipsum,
2071 4666 2179 4712 tam
2228 4674 2433 4714 marem
2469 4678 2631 4732 quam
2679 4664 2999 4728 femineum,
3044 4666 3249 4736 optime
3296 4670 3409 4724 ior-

1832 4763 2004 4814 mare,
2041 4765 2167 4823 mox
2196 4751 2276 4806 eis
2308 4753 2552 4822 objicere
2579 4756 2821 4811 vicissim
2853 4767 3008 4826 potes
3032 4760 3179 4828 quod
3213 4761 3257 4813 si
3285 4762 3408 4831 quis

1831 4838 1955 4893 dem
2004 4857 2113 4896 una
2169 4851 2224 4898 et
2258 4845 2446 4901 eadem
2505 4847 2660 4912 hora,
2694 4865 2802 4904 una
2852 4861 2906 4904 et
2957 4852 3143 4907 eadetn
3188 4857 3413 4911 seminis

1830 4931 2143 5002 dejectione
2169 4938 2527 5007 gemellorum
2565 4941 2853 5012 conceptio
2896 4946 3010 5009 iiat,
3046 4945 3272 5001 omnino
3310 4964 3410 5003 ue-

1832 5037 1988 5080 cesse
2022 5028 2092 5081 sit
2119 5028 2355 5082 alterum
2383 5017 2728 5086 eo'rum'hon
2759 5049 2883 5089 esse
2920 5052 3151 5102 marem,
3178 5041 3413 5094 alterum

1831 5114 2114 5183 feminam,
2136 5119 2234 5173 sed
2256 5121 2340 5173 vel
2373 5123 2566 5177 ambos
2588 5139 2769 5180 mares
2793 5126 2876 5181 vel
2902 5125 3133 5182 feminas
3158 5130 3408 5187 forma-ri.

1830 5208 2208 5266 Consimiliter
2265 5211 2457 5266 eadem
2517 5217 2730 5271 ratione
2797 5230 3120 5289 sequeretur
3177 5224 3411 5280 alterum

1829 5315 2021 5355 eorum
2044 5317 2155 5356 non
2179 5302 2384 5357 debere
2406 5305 2567 5360 citius
2592 5309 2887 5382 exstingui,
2919 5314 3129 5370 tardius
3152 5318 3408 5380 alterum.

1832 5393 1927 5447 sed
1965 5403 2260 5465 utrumque
2291 5396 2452 5452 rebus
2500 5398 2757 5456 humanis
2794 5406 2999 5473 pariter
3033 5410 3219 5465 eximi.
3251 5411 3410 5477 Nam,

1833 5494 1892 5539 ut
1925 5485 2025 5554 ipsi
2059 5485 2378 5556 loquuntur,
2429 5489 2573 5544 idem
2621 5493 2773 5548 sidus
2808 5503 2918 5550 tam
2964 5498 3090 5553 huic
3135 5512 3298 5570 quam
3331 5503 3411 5556 illi
3511 5528 3519 5535 ~

1832 5575 1999 5630 vitam
2042 5579 2297 5646 praebuit.
2355 5578 2499 5646 Quin
2551 5585 2713 5638 etiam
2764 5602 2832 5642 eo
2863 5591 3307 5660 progrediuntur,
3350 5592 3413 5648 ut

1833 5667 2054 5721 morbos
2084 5668 2345 5735 quosdam
2393 5681 2447 5724 et
2502 5670 2706 5728 formas
2755 5691 2873 5744 qua:
2927 5677 3127 5731 fetibus
3172 5679 3232 5732 in
3289 5683 3407 5752 ipsa

1836 5757 2064 5813 matrice
2103 5773 2494 5830 nonnunquam
2530 5764 2789 5820 accidunt
2831 5766 3031 5835 (solent
3063 5770 3209 5825 enim
3238 5770 3439 5835 interc;

1837 5848 1961 5903 dum
1986 5847 2217 5905 l‘etnellze
2249 5851 2504 5906 verendis
2540 5851 2597 5906 in
2643 5853 2896 5924 partibus
2945 5857 3158 5914 virilem
3201 5861 3412 5921 habere
