3936 6420
182 388 280 451 229

1410 369 1814 434 ANNALlUM
1860 370 2052 434 PARS
2094 373 2141 435 Ι.

3316 330 3421 425 2:0

180 506 272 574 τῆς
317 500 465 571 ζωῆς
507 496 667 569 ἡμῶν
702 491 1107 568 περιείληπται,
1160 488 1254 544 καὶ
1287 488 1434 559 θριξὶ
1493 485 1744 556 κατὼχύ-

1873 486 2068 541 :unctis
2122 485 2371 542 sensibus
2448 500 2577 540 suos
2640 482 2795 555 quasi
2856 465 3035 536 fontes
3095 480 3425 549 suppeditat.

180 608 313 663 ρωσε
351 590 447 643 καὶ
489 588 700 649 ὀστέοις
738 585 860 656 ’πρὸ
918 582 1124 637 τούτων
1171 581 1445 652 στερροῖς.
1507 576 1744 630 ’Δπαλδν

179 684 230 737 δὲ
257 685 290 753 η
326 664 490 750 (ptiar;
519 679 708 732 τοῦτον
748 675 1032 748 εποίησεν,
1076 670 1266 740 ἐπειδὴ
1284 671 1405 732 ταῖς
1451 668 1742 735 αἰσθήσεσι

180 777 377 836 πάσαις
408 773 572 835 αὐτὸς
617 770 849 840 χορηγεῖ
908 766 1011 827 τὰς
1058 763 1268 831 πηγάς.
1297 761 1417 814 Ἵνα
1449 758 1507 811 δὲ
1566 756 1643 827 μὴ
1675 757 1743 825 τῇ

183 865 501 937 στερρότητι
565 860 676 914 τῶν
728 857 905 912 ὀστῶν
983 852 1406 924 συντριϐόμενος
1459 849 1588 918 περὶ
1646 849 1747 915 τὴν

183 958 388 1011 οἰκείαν
441 953 751 1026 βλάπτηται
816 950 1003 1019 φύσιν,
1053 945 1257 1007 ἁπαλὸς
1298 942 1392 995 καλ.
1442 943 1570 1011 γὰρ,
1625 938 1750 992 δυσὶ

88 1112 103 1119 ι
186 1045 436 1118 μήνιγξιν
471 1043 636 1099 αὐτὸν
679 1039 1011 1111 περιέλαὸε,ο
1035 1039 1131 1092 καὶ
1152 1036 1376 1095 ταύταις
1416 1034 1516 1102 οὐχ
1537 1030 1744 1093 ἁπλῶς,

186 1140 297 1194 ἀλλ’
320 1137 505 1208 ἁπαλῇ
550 1135 650 1207 μὲν
672 1132 806 1204 οὔσῃ
833 1135 898 1203 τῇ
930 1130 1134 1184 ἔσωθεν
1161 1129 1248 1183 διά
1289 1144 1353 1196 γε
1390 1126 1491 1196 τὴν
1521 1124 1616 1176 τοῦ
1659 1126 1753 1189 ἐγ·-

184 1231 420 1300 κεφάλου
475 1228 805 1292 ἀνάπαυσιν,
837 1223 1175 1295 στερροτέρα
1228 1220 1286 1272 δὲ
1325 1219 1491 1272 πάλιν
1512 1220 1578 1286 τῇ
1613 1214 1750 1279 ἕξω-

187 1323 296 1388 θεν,
355 1320 430 1383 ὡς
460 1318 715 1372 ἐντεῦθεν
762 1317 931 1387 ἄμφω
981 1309 1393 1382 φυλάττεσθαι⁶
1456 1306 1598 1361 οὕτω
1655 1304 1755 1375 μὲν

185 1408 277 1473 οὖν
298 1415 398 1467 καὶ
421 1412 517 1465 ἐπὶ
539 1412 640 1487 ⁸ις’-ἦς
694 1409 931 1480 καρδίας
986 1406 1237 1475 ἐποίησε,
1296 1401 1442 1455 καθὰ
1479 1399 1545 1471 δὴ
1598 1398 1696 1453 καὶ
1723 1398 1753 1451 ὀ

187 1506 589 1578 χρυσορῤήμων
633 1503 890 1571 Ἰωάννης
944 1501 1133 1569 φησὶν,
1200 1497 1410 1557 ὀστέοις
1462 1494 1564 1562 μὲν
1586 1506 1753 1578 Δπερι·

187 1573 499 1659 Ξὸκλάᾷόαξ,
572 1586 844 1665 παραθεὶς
905 1591 962 1645 δὲ
1040 1590 1177 1661 αὐτῇ
1242 1586 1500 1656 καθάπερ
1546 1573 1756 1637 ἁπαλὸν

190 1689 420 1759 στρῶμα
457 1688 551 1740 τὸν
585 1687 887 1756 πνεύμονα,
936 1683 1027 1737 ἴνα
1072 1682 1146 1753 μὴ
1181 1683 1248 1751 τῇ
1281 1677 1599 1748 ἀεικινησία
1660 1676 1756 1728 καὶ

190 1780 329 1848 αὕτη
358 1782 474 1841 τοῖς
522 1777 735 1837 ὀστέοις
797 1772 1171 1843 συντρίϐηται.
1223 1770 1386 1825 Ἀλλὰ
1424 1765 1756 1836 πολλαχόθεν

1861 577 2091 631 Rursum
2128 594 2199 632 ne
2232 587 2339 632 tam
2376 586 2560 632 tenera
2599 575 2905 631 substantia
2948 582 3169 642 prepter
3217 572 3426 627 ossium

1859 668 2119 724 duritiem
2148 670 2335 726 collisa
2362 670 2509 724 velut
2536 676 2865 723 attercretnr
2923 681 2988 720 ac
3036 665 3429 720 detrimentum

1855 771 2097 830 caperet,
2133 762 2347 816 duabus
2397 777 2518 816 eam
2573 761 2906 819 membranis
2947 758 3102 827 115
3148 767 3228 813 est
3284 772 3435 810 com-

1848 852 2035 922 ‘plexa‘,
2064 853 2237 920 iisque
2265 868 2370 906 non
2407 853 2569 906 unius
2592 852 2834 922 generis,
2888 851 2982 905 sed
3015 851 3278 905 interiore
3307 851 3433 919 qui-
3486 908 3499 916 ,

1857 943 1982 998 dem
2046 943 2192 997 molli
2252 944 2320 997 ob
2375 938 2582 996 cerebri
2640 944 2915 1010 quit-tem,
2984 945 3252 996 exteriore
3305 955 3447 1001 verat

1858 1033 2128 1095 Solidiori,
2160 1049 2268 1102 quo
2301 1049 2397 1102 per
2430 1034 2574 1085 illam
2606 1035 2891 1101 utriusque
2928 1034 3086 1086 saluti
3118 1036 3452 1111 consulere‘

1860 1137 1973 1179 tttr.
2008 1125 2155 1179 idem
2207 1127 2261 1177 in
2294 1126 2459 1179 corde
2508 1118 2740 1188 laetum,
2791 1125 3001 1178 Joanne
3048 1125 3439 1199 Clirysoxtomo

1861 1206 2019 1278 teste,
2047 1214 2188 1282 quod
2216 1212 2855 1281 ossibusquidem‘einxit
2887 1212 3029 1265 Deus
3055 1226 3070 1274 ;
3100 1212 3191 1264 sed
3236 1211 3440 1264 nihilo-

1861 1306 2046 1360 minus
2106 1304 2321 1370 eidem,
2375 1305 2531 1375 quasi
2587 1313 2829 1358 teneram
2880 1303 3169 1373 quamdam
3233 1312 3440 1359 vestem

1862 1397 2179 1467 stragulam,
2208 1396 2517 1466 pulmonem
2549 1396 2817 1465 adiunxit,
2850 1410 2915 1447 ne
2941 1405 2995 1447 et
3023 1395 3198 1462 ipsum
3233 1392 3295 1446 ad
3320 1407 3443 1446 ossa

1863 1495 2089 1557 propter
2159 1487 2582 1556 perpetuitatem
2639 1494 2820 1539 motus
2880 1484 3223 1545 allidcretnr.
3300 1481 3444 1547 Quin
3550 1480 3561 1492 '

1866 1577 2002 1632 illud
2033 1579 2220 1643 etiam,
2264 1578 2408 1647 quod
2458 1593 2568 1631 non
2605 1571 2930 1631 continuum
2975 1585 3028 1630 et
3071 1591 3237 1629 unum
3269 1575 3339 1628 sit
3381 1590 3445 1628 os

1867 1684 1974 1738 quo
2012 1670 2298 1725 cerebrum
2329 1669 2551 1740 tegitur,
2607 1669 2701 1723 sed
2732 1666 2880 1723 omni
2935 1685 2999 1722 ex
3044 1683 3196 1738 parte
3227 1679 3445 1723 suturas

1867 1761 2089 1828 habeat,
2128 1777 2288 1831 quam
2327 1762 2585 1832 przrclare
2617 1763 2925 1816 consultmn
2975 1765 3196 1816 sanitati
3243 1774 3445 1815 nostra:

191 1845 337 1944 ἔχειν
372 1870 553 1943 ῥαφὰς
585 1868 786 1936 πολλῆς
830 1865 1135 1935 ἀσφαλείας
1185 1862 1489 1923 ὑπόθεσις⁸
1537 1855 1762 1924 ἐξατμί-

1873 1857 1955 1917 sit,
1994 1866 2317 1926 argumento
2373 1864 2478 1911 est.
2537 1855 2670 1909 Nam
2726 1870 2825 1925 per
2874 1869 2971 1910 eas
3017 1869 3248 1924 vapores
3311 1869 3445 1909 suos

190 1963 344 2026 ζεται
374 1959 484 2028 γὰρ
542 1957 749 2009 ἐκεῖθεν
808 1953 993 2021 αὐτὸς,
1045 1951 1188 2005 ὥστε
1222 1950 1298 2020 μὴ
1355 1945 1760 2017 συμπνίγεσθαι

190 2051 295 2103 ὑπὸ
324 2048 437 2101 τῶν
478 2044 904 2115 ἀναφερομένων
959 2041 1173 2112 ἀτμῶν.
1231 2039 1424 2109 Πληγή
1484 2052 1547 2090 τε
1594 2035 1649 2087 εἰ
1676 2049 1764 2096 τις

191 2138 517 2210 ἐπενεχθείη
560 2138 712 2201 ποτὲ,
766 2135 867 2204 οὐχ
905 2130 1218 2203 ὁλοσχερῶς
1247 2133 1281 2201 ἡ
1314 2127 1490 2200 βλάϐη
1529 2128 1760 2196 γίνεταιο

190 2234 241 2287 εί
265 2235 367 2301 μὲν
387 2234 496 2298 γὲιρ
527 2228 586 2282 ἓν
618 2225 975 2295 καὶσυνεχὲς
1026 2221 1096 2294 ἦν
1141 2222 1204 2276 τὸ
1254 2220 1471 2285 ὀστοῦν,
1514 2219 1610 2273 καὶ
1666 2218 1766 2287 μία

195 2324 586 2391 κατενεχθεῖσα
611 2317 797 2390 πληγὴ
826 2317 888 2372 τὸ
939 2317 1050 2370 πᾶν
1080 2314 1412 2382 ἐλυμήνατο,
1456 2310 1536 2373 είς
1593 2308 1766 2363 πολλὰ

195 2413 250 2466 δὲ
273 2414 395 2466 νυνὶ
432 2411 822 2483 διαιρουμένου
860 2404 1124 2477 γενέσθαι
1157 2404 1320 2459 τοῦτο
1352 2404 1573 2465 πάντως
1619 2402 1766 2470 ἀμὴιο

197 2523 377 2576 χανον.
424 2506 482 2557 Et
511 2508 618 2573 γὰρ
669 2504 766 2556 καὶ
813 2498 1061 2569 συμϐαίη
1112 2498 1391 2569 τρωθῆναι
1453 2494 1620 2564 μέρος
1684 2492 1764 2557 ἓν,

201 2600 413 2668 ἀνάγκη
449 2598 605 2649 πᾶσα
656 2593 719 2649 τὸ
766 2592 892 2647 κατ’
957 2594 1135 2645 έκεῖνο
1190 2591 1251 2644 τὸ
1308 2589 1470 2659 μέρος
1517 2588 1768 2655 κείμενον

204 2690 396 2747 ὀστοῦν
433 2686 946 2760 παραόλάπτεσθαι,
982 2682 1148 2754 ἀσινῆ
1186 2683 1244 2737 δὲ
1277 2683 1345 2736 τὰ
1372 2681 1536 2734 λοιπὰ
1589 2680 1771 2733 πάντα

205 2780 673 2852 διαφυλάττεσθαι,
703 2777 797 2832 τοῦ
838 2776 1098 2847 συνεχοῦς
1158 2774 1262 2843 τῆς
1300 2773 1519 2843 πληγῆς
1589 2773 1772 2825 διακο-

215 2875 482 2945 πτομένου
512 2876 578 2945 τῇ
609 2872 716 2926 τῶν
749 2872 923 2925 ὀστῶν
961 2870 1248 2939 διαιρέσει.
1289 2867 1424 2937 Περὶ
1448 2865 1505 2919 δὲ
1533 2864 1642 2916 τῶν
1672 2864 1771 2934 τῆς

209 2942 447 3037 κεφαλῆς
470 2942 911 3035 περιττωμάτων
979 2963 1032 3016 τί
1066 2963 1173 3033 χρὴ
1208 2961 1302 3015 καὶ
1344 2959 1546 3026 λέγειν,
1600 2957 1657 3009 ετ
1705 2972 1773 3025 γε

213 3056 304 3118 τὰς
324 3058 601 3127 ἐκκρίσεις
636 3055 838 3119 αὐτῶν,
872 3054 946 3116 ὡς
1001 3053 1161 3123 ὁρᾷς,
1212 3053 1246 3121 ὴ
1280 3049 1551 3119 δσφρησις
1611 3046 1775 3099 πεπέ-

217 3163 473 3213 στευται;
527 3145 744 3215 Ἐπειδὴ
807 3144 916 3215 γᾶρ
970 3146 1096 3206 τοὺς
1126 3143 1373 3198 κάτωθεν
1450 3144 1774 3210 ἀναπεμποα

216 3236 399 3304 μένους
421 3235 627 3303 ἀτμοὺς
655 3233 731 3294 ὡς
771 3234 1144 3302 ὑπερκειμένη
1178 3231 1319 3300 αὕτη
1373 3230 1468 3283 τοῦ
1512 3231 1767 3299 σώματος

216 3327 565 3399 ὑποδέχεσθαι
606 3324 823 3387 εἴωθεν,
876 3326 910 3395 ἡ
939 3324 995 3376 δὲ
1024 3323 1233 3375 τούτων
1281 3322 1596 3391 πλημμύρα
1646 3330 1774 3373 πολ-

128 3432 131 3433 '
213 3414 306 3487 λὴν
334 3416 401 3471 ἂν
425 3416 720 3488 εἰργάσατο
751 3413 827 3485 τῷ
854 3415 1142 3483 ἐγκεφάλῳ
1179 3412 1278 3483 τὴν
1294 3411 1497 3481 λώϐην,
1517 3410 1636 3464 οὐδὲ
1652 3411 1775 3463 τού-

215 3524 305 3563 του
360 3509 738 3579 κατημέλησεν
770 3509 799 3560 ό
841 3508 951 3560 τῶν
1014 3506 1268 3561 ἁπάντων
1322 3504 1578 3574 ποιητὴς,
1632 3504 1773 3556 ἀλλὰ

218 3602 409 3671 πόρους
441 3600 595 3663 τινας
622 3602 682 3652 έν
707 3600 821 3661 τοῖς
857 3599 1070 3660 ὀστέοις
1121 3598 1500 3668 ἐργασάμενος
1533 3597 1602 3649 τὰ
1630 3594 1775 3665 ὑγρὰ

216 3692 303 3743 καὶ
337 3691 516 3762 παχέα
561 3690 670 3743 τῶν
710 3690 1147 3761 περιττωμάτων
1204 3690 1302 3741 ἐπὶ
1366 3690 1465 3759 τὴν
1513 3686 1773 3759 ὑπερῴαν

216 3779 459 3841 καὶτοὺς
489 3778 776 3848 μυκτῆρας
802 3777 1079 3849 ὡδήγησε,
1142 3778 1239 3831 καὶ
1273 3777 1367 3830 δύο
1422 3776 1639 3840 τούτοις
1685 3779 1776 3828 ὲκ-

218 3871 446 3939 κρίσεων
476 3872 740 3941 ἀπένειμε
784 3872 973 3941 μόρια,
1006 3869 1097 3923 ἵνα
1128 3869 1413 3939 συντόμως
1477 3868 1539 3922 τὸ
1578 3866 1775 3939 βλαὸε-

221 3963 309 4032 ρὸν
336 3963 663 4033 ἐκφορῆται.
697 3962 770 4015 Τὸ
795 3962 855 4015 δέ
898 3978 963 4030 γε
1021 3961 1273 4032 ἀτμῶδες
1312 3961 1642 4031 περίττωμα
1685 3961 1777 4015 διὰ

214 4055 315 4108 τῶν
358 4055 455 4108 τοῦ
520 4054 748 4123 κρανίου
787 4054 976 4125 ραφῶν
1041 4052 1250 4107 ἄνωθεν
1329 4052 1636 4117 ἐξωθεῖται.
1681 4053 1774 4123 Μὴ

218 4144 462 4218 θαύμαζε
501 4149 557 4201 ετ
592 4163 659 4215 γε
708 4145 915 4217 ψυχρός
970 4147 1123 4201 ἐστιν
1168 4149 1197 4200 6
1232 4145 1535 4218 ἐγκέφαλος
1588 4145 1774 4214 φύσει,

213 4242 303 4294 καὶ
331 4242 419 4295 ὃτι
473 4240 700 4311 μείζονα
727 4240 920 4295 τοῦτον
975 4241 1005 4294 6
1060 4240 1354 4312 ἄνθρωπος
1412 4239 1446 4311 ἦ
1492 4240 1563 4294 τὰ
1613 4239 1779 4293 λοιπὰ

214 4333 326 4396 ζῶα
358 4334 650 4403 κέκτηται.
692 4332 804 4405 Τὴν
832 4335 944 4405 γὰρ
1001 4336 1059 4388 έν
1109 4337 1178 4405 τῇ
1213 4334 1414 4406 καρδίᾳ
1467 4332 1780 4405 θερμότητα

214 4440 271 4477 τε
305 4425 402 4478 καὶ⁵
426 4424 580 4488 ζέσιν
635 4426 834 4495 χωρεῖν
862 4424 973 4484 ,ἐπὶ
1019 4423 1082 4477 τὸ
1134 4421 1406 4494 εὔκρατον
1447 4423 1697 4476 ἐντεῦθεν
1751 4424 1780 4475 6

1866 1946 2107 2009 emittit,
2170 1960 2242 1999 ne
2320 1962 2418 2016 per
2491 1945 2693 2000 halitus
2763 1962 2983 2000 sursum
3048 1951 3448 2001 contendentes

1867 2036 2204 2100 sull'occtur;
2237 2049 2291 2090 et
2323 2036 2519 2091 eadem
2549 2038 2761 2091 ratione
2794 2038 3178 2106 consequimur
3209 2049 3263 2091 ut
3298 2039 3447 2093 illata

1867 2125 2013 2181 forte
2044 2129 2272 2182 cerebro
2311 2130 2466 2198 plaga
2504 2143 2609 2181 non
2640 2138 2809 2183 totum
2853 2118 3033 2184 laedat.
3061 2132 3273 2200 Quippe
3308 2133 3352 2184 si
3382 2147 3446 2185 os

1869 2218 2189 2273 continuum
2230 2229 2286 2273 et
2316 2235 2485 2272 unum
2521 2219 2683 2285 foret,
2736 2222 2804 2275 ab
2839 2236 2951 2274 uno
2996 2222 3221 2276 vulnere
3272 2231 3447 2277 totum

1868 2308 2183 2364 laederetur.
2220 2309 2378 2365 Nunc
2412 2326 2532 2365 cum
2585 2311 2638 2365 in
2694 2326 2817 2365 ossa
2873 2314 3031 2383 plura
3084 2313 3320 2368 divisum
3354 2314 3446 2377 sit,

1871 2397 1989 2452 ﬁeri
2046 2398 2153 2453 hoc
2194 2400 2423 2454 omnino
2486 2400 2694 2471 nequit.
2750 2400 2884 2456 Nam
2938 2403 2983 2457 si
3040 2404 3275 2457 maxime
3324 2419 3449 2473 pars

1872 2506 1982 2543 una
2022 2492 2363 2559 vulneretur,
2417 2508 2645 2547 necesse
2698 2502 2785 2548 est
2844 2494 2976 2549 illud
3024 2510 3087 2550 os
3137 2495 3256 2550 lazdi
3304 2496 3451 2565 quod

1872 2581 1962 2635 illa
1995 2592 2078 2636 est
2107 2582 2160 2636 in
2188 2593 2341 2652 parte
2374 2584 2564 2651 situm,
2588 2600 2710 2638 cum
2743 2585 2913 2640 illaesa
2941 2595 3134 2640 cratera
3171 2597 3450 2651 maneant.

1874 2675 2120 2729 vulneris
2173 2676 2540 2730 continuitate
2558 2691 2658 2745 per
2684 2678 2892 2731 ossium
2920 2677 3241 2732 divisionem
3287 2679 3454 2734 inter-

1874 2774 2053 2834 rupta.
2085 2765 2225 2829 Quid
2257 2765 2333 2820 de‘
2356 2767 2554 2836 capitis
2584 2768 2951 2823 excrementis
2973 2769 3190 2824 dicam?
3221 2785 3451 2840 quorum

1818 2860 1833 2869 '
1880 2855 2148 2925 egestioni
2169 2871 2330 2911 nares
2348 2867 2496 2923 sunt,
2516 2859 2593 2911 uti
2621 2857 2798 2921 vides,
2824 2858 3133 2917 destinatze.
3152 2861 3285 2915 Cum
3304 2862 3449 2917 enim

1877 2954 2041 3016 caput
2062 2955 2318 3016 tanquam
2352 2950 2672 3018 supremum
2705 2950 2761 3003 in
2791 2965 3020 3019 corpore
3058 2951 3232 3023 locum
3261 2966 3455 3008 consec

1877 3049 2065 3093 cntum
2085 3053 2315 3109 vapores
2330 3032 2588 3095 deorsum
2609 3043 2970 3097 ascendentes
2987 3043 3241 3113 excipere
3258 3044 3449 3111 soleat,

1879 3145 2114 3200 quorum
2148 3131 2512 3187 redundantia
2541 3133 2769 3188 cerebro
2803 3134 3099 3202 plurimum
3135 3133 3452 3193 detrimenti

1876 3212 2108 3280 allatura
2143 3236 2280 3293 erat,
2310 3242 2382 3283 ne
2417 3228 2468 3281 id
2501 3228 2724 3298 quidem
2756 3229 2938 3295 upilex
2970 3230 3060 3285 ille
3083 3245 3264 3284 rerum
3284 3231 3456 3301 negli-

1874 3308 2005 3385 gere
2024 3317 2213 3382 voluit,
2247 3318 2341 3372 sed
2377 3319 2703 3387 quibusdam
2727 3321 2999 3374 meatibus
3016 3321 3224 3375 effectis
3245 3322 3297 3375 in
3322 3323 3455 3391 ipsis

1873 3413 2093 3467 ossibus
2110 3421 2458 3467 excrementa
2483 3412 2701 3466 humida
2733 3420 2788 3466 et
2811 3428 2993 3467 crassa
3038 3413 3095 3466 in
3136 3414 3372 3483 palatum
3391 3430 3456 3470 ac

1875 3520 2039 3559 nares
2079 3504 2330 3569 deduxit,
2367 3518 2504 3573 quas
2542 3505 2687 3572 ipsas
2734 3520 2952 3575 quoque
2995 3506 3130 3561 duas
3159 3507 3215 3559 in
3270 3517 3456 3576 partes
3546 3550 3549 3553 .

1874 3596 2084 3660 divisit,
2101 3596 2300 3666 quibus
2313 3611 2375 3651 ex
2386 3596 2554 3652 cretio
2571 3596 2682 3660 ﬂat,
2699 3599 3178 3668 utcompendiaria
3199 3598 3351 3669 quasi
3368 3599 3455 3655 via

1875 3689 2224 3758 breviterque
2247 3691 2408 3744 noxia
2435 3699 2731 3761 egerautur
2762 3699 2818 3746 et
2849 3702 3196 3746 excrementa
3233 3707 3455 3746 sursum

1877 3781 2188 3863 ealialantia
2223 3796 2320 3851 per
2354 3782 2525 3836 cranii
2556 3792 2779 3836 suturas
2830 3762 3047 3836 sursum
3082 3783 3453 3852 expellantur.

1874 3871 2064 3940 Neque
2107 3872 2320 3926 cerebri
2371 3881 2620 3927 naturam
2666 3888 2791 3928 esse
2840 3872 3092 3943 frigidam
3131 3871 3458 3943 miraberis,

1878 3975 1985 4016 nec
2020 3961 2168 4031 quod
2222 3964 2280 4015 in
2313 3962 2538 4019 bomine
2588 3964 2875 4021 cerebrum
2917 3963 2989 4018 sit
3026 3963 3261 4034 amplius
3290 3978 3458 4033 quam

1879 4053 1937 4109 in
1969 4052 2301 4111 animalibus
2330 4056 2571 4111 caeteris.
2604 4055 2741 4110 Nam
2783 4056 2910 4109 hinc
2944 4056 3111 4110 tradit
3137 4045 3459 4111 Aristoteles

1878 4145 2119 4200 calorem
2146 4145 2637 4212 ebullitionemque
2667 4144 2848 4200 cordis
2896 4147 3339 4215 temperatiorem
3384 4148 3464 4202 ef-

1882 4236 1993 4304 ﬁci,
2021 4246 2075 4293 et
2123 4237 2303 4307 ipsum
2354 4238 2642 4293 cerebrum
2682 4249 2910 4307 prOpter
2954 4240 3196 4293 calorem
3241 4255 3459 4295 sursum

1834 4341 1847 4352 '
1885 4330 2208 4386 tendentem
2261 4345 2374 4386 non
2428 4329 2663 4386 nimium
2703 4329 3092 4386 effervescere.
3144 4330 3297 4398 Quod
3328 4346 3462 4387 sane

1884 4424 1929 4479 si
1963 4422 2142 4489 ﬁeret,
2170 4437 2280 4477 non
2315 4437 2511 4492 parum
2542 4420 2863 4477 ell‘ectiones
2892 4423 3013 4491 ejus
3044 4423 3460 4492 impedirentur.

225 4515 605 4588 Ἀριστοτέλης
649 4518 835 4585 φησὶν,
898 4515 1063 4569 αὐτὸν
1095 4514 1152 4568 δὲ
1211 4511 1277 4570 αὖ
1312 4515 1403 4570 τὸν
1475 4515 1768 4585 ἐγκέφαλον

1887 4514 2066 4584 Atque
2092 4515 2198 4571 hoc
2232 4515 2354 4568 loco
2378 4521 2618 4567 mentem
2645 4512 2782 4566 mihi
2817 4513 2976 4567 relim
3008 4514 3290 4570 adhibeas.
3318 4515 3461 4582 Quia

218 4608 290 4678 μὴ
321 4607 869 4679 ὑπερθερμαίνεσθαι
898 4610 965 4678 τῇ
1006 4609 1399 4679 ἀναφερομένη
1453 4607 1772 4679 θερμότητι.

216 4700 356 4771 Ὅρα
389 4702 446 4754 δὲ
472 4702 738 4771 νουνεχῶς
765 4716 781 4732 ο
819 4688 1008 4770 ἐπειδὴ
1048 4702 1157 4770 γὰρ
1188 4702 1466 4771 ἡτοιαύτη
1502 4701 1780 4771 θερμότης

218 4793 418 4861 μείζων
448 4793 584 4856 ἐστὶ,
616 4791 816 4861 μείζων
861 4792 969 4861 ἄρα
1018 4793 1112 4844 καὶ
1150 4792 1298 4863 ήιξ.
1319 4792 1623 4861 ἐγκεφάλου
1677 4793 1781 4861 ψυ-

217 4885 415 4955 χρότης
452 4901 515 4936 τε
569 4884 702 4951 ὀμοῦ
744 4887 835 4937 καὶ
882 4884 1116 4953 ὑγρότης
1152 4884 1480 4951 ἀντίκειται,
1511 4879 1579 4955 ἧς
1615 4884 1779 4953 ὑγρό-

216 4994 374 5047 τητος
397 4976 562 5030 ἕνεκα
595 4975 691 5029 καὶ
729 4975 1023 5046 ὀψιαίτατα
1074 4976 1352 5045 πήγνυται
1408 4978 1472 5029 τὸ
1499 4982 1631 5047 περὶ
1677 4980 1777 5046 τὴν

217 5069 457 5141 κεφαλὴν
483 5069 697 5137 ὀστοῦν,
726 5070 755 5124 ὀ
809 5071 874 5140 δὴ
924 5069 1019 5123 καὶ
1081 5070 1298 5139 βρέγμα
1338 5068 1565 5127 καλοῦσί
1605 5087 1774 5132 τινες.

217 5160 373 5214 ’Δλλέι
403 5162 499 5216 καί⁵
530 5163 709 5232 ῥαφὰς
740 5162 961 5225 πλείους
991 5162 1020 5213 ὀ
1048 5162 1335 5231 ἄνθρωπος
1365 5161 1652 5231 κέκτηται,
1685 5162 1778 5215 καὶ

222 5253 418 5320 μᾶλλον
450 5253 478 5304 ὀ
509 5253 669 5324 ἀνήρ.
703 5252 858 5316 Τίνος
892 5253 1078 5306 ἕνεκεν
1107 5270 1122 5317 ;
1182 5253 1308 5306 Ὅτι
1368 5254 1463 5307 καὶ
1510 5254 1714 5309 πλείων
1753 5259 1781 5310 6

220 5344 516 5413 ἐγκέφαλος
571 5346 720 5415 αὐτῷ
760 5347 1075 5413 πρόσεστιν·
1110 5345 1198 5399 ἶνα
1261 5347 1394 5415 γοῦν
1461 5347 1702 5417 ἔμπνους
1752 5352 1779 5402 6

221 5437 378 5499 τάπος
406 5431 465 5509 ᾗ,
501 5435 768 5507 πλειόνων
799 5437 827 5487 ὀ
856 5436 996 5504 ἀνὴρ
1026 5434 1222 5505 ἐδεήθη
1270 5436 1483 5506 ῥαφῶνο
1517 5437 1628 5489 Καὶ
1686 5436 1781 5508 an“

223 5527 306 5594 ρος
338 5526 489 5596 μὲνό
531 5524 775 5587 τοιοῦτος
805 5529 898 5579 καὶ
928 5525 1221 5598 ἁπέριττος
1267 5526 1343 5581 ὣν
1386 5529 1611 5583 συνετόν
1659 5547 1781 5583 τινα

221 5620 357 5671 ποιεῖ
380 5619 477 5671 καὶ
508 5619 798 5685 νηφάλιον,
831 5617 1106 5688 κάθυγρος
1136 5618 1193 5672 δὲ
1224 5617 1300 5673 ὢν
1324 5621 1582 5673 τάναντία
1612 5626 1776 5688 ποιεῖ,

130 5734 138 5743 ι
220 5709 414 5780 νωθρὸν
437 5708 684 5781 δηλονότι
704 5708 800 5761 καὶ
816 5709 1031 5781 ὑπνώδη
1065 5714 1161 5764 καὶ
1191 5713 1456 5784 ῥᾴθυμον.
1492 5714 1602 5769 Καὶ
1620 5718 1783 5784 πρόσ-

222 5812 357 5866 σχες,
376 5800 422 5851 εἰ
449 5798 654 5869 βούλει,
675 5796 755 5866 τῷ
790 5796 1288 5869 σοφῳἬρακλείτῳ
1305 5816 1320 5832 ο
1348 5800 1614 5873 ξηροτέρη
1638 5805 1781 5877 ψυχὴ

1888 4621 2121 4677 magnus
2164 4615 2246 4661 est
2291 4606 2479 4661 cordis
2511 4605 2684 4669 calor,
2744 4605 2949 4661 idcirco
2977 4609 3140 4660 etiam
3172 4607 3345 4677 major
3381 4608 3458 4662 illi

1887 4699 2160 4771 frigiditas
2208 4700 2420 4755 cerebri
2457 4708 2512 4754 et
2568 4698 2867 4753 humiditas
2922 4700 3253 4769 opponitur;
3305 4701 3461 4772 cujus

1887 4790 2233 4847 hnmiditatis
2267 4806 2436 4846 causa
2465 4805 2727 4862 perquam
2770 4805 2898 4844 sero
2945 4789 3141 4860 capitis
3168 4804 3230 4845 os
3261 4805 3460 4845 conso-

1890 4883 2116 4950 lidotur,
2160 4884 2306 4953 quod
2345 4885 2566 4955 bregms
2608 4882 2857 4937 nonnulli
2901 4893 3121 4937 Vocant.
3149 4883 3216 4937 Et
3246 4894 3463 4939 suturas

1889 4979 2108 5046 capitis,
2165 4993 2266 5032 ceu
2298 4976 2561 5041 diximus,
2594 4978 2760 5030 homo
2795 4976 2976 5045 plures
3017 4975 3204 5042 habet,
3237 4991 3466 5044 praeser-

1892 5071 2099 5139 timque
2130 5070 2231 5125 vir.
2276 5069 2643 5135 Quamobrem
2684 5069 2871 5124 istuc?
2913 5068 3053 5135 Quia
3087 5069 3373 5125 cerebrum
3407 5072 3460 5126 in

1890 5176 1955 5217 eo
1999 5177 2216 5234 quoque
2264 5162 2443 5232 majus
2479 5168 2583 5218 est.
2623 5161 2690 5217 Ut
2733 5162 2901 5232 igitur
2942 5162 3035 5217 hic
3089 5161 3240 5217 locus
3275 5162 3468 5219 fetoris

1890 5270 2087 5323 expers
2122 5264 2267 5309 esset
2318 5256 2572 5317 maxime,
2604 5255 2686 5308 vir
2728 5255 2980 5324 pluribus
3016 5254 3235 5325 suturis
3273 5256 3470 5326 egebat

1893 5360 1992 5413 pro
2053 5344 2227 5413 ipsius
2283 5342 2542 5397 nimirum
2601 5344 2816 5399 cerebri
2866 5344 3253 5416 amplitudine.
3307 5345 3469 5414 116

1889 5434 2094 5502 Quodsi
2123 5435 2411 5490 cerebrum
2445 5435 2569 5506 quis
2592 5435 2795 5491 siccum
2828 5438 3161 5508 minimeque
3184 5446 3464 5508 gravatum

1889 5527 1959 5580 ab
1996 5525 2364 5581 excrementis
2419 5526 2651 5595 habeat,
2712 5529 2956 5597 prudens
3025 5539 3189 5599 atque
3246 5528 3465 5581 sobrius

1890 5619 2091 5687 evadit,
2130 5634 2252 5674 cum
2283 5620 2531 5689 ejusdem
2587 5620 2886 5676 humiditas
2932 5620 3269 5685 contrarium
3310 5619 3467 5689 quid-

1889 5714 2013 5769 dam
2045 5714 2262 5780 alliciat,
2318 5715 2597 5771 hominem
2640 5717 2899 5772 videlicet
2937 5716 3208 5781 desidem,
3239 5722 3491 5767 somno“

1890 5806 2123 5872 lentum,
2157 5805 2432 5878 ignavum.
2467 5806 2619 5863 Licet
2652 5809 2761 5863 hoc
2786 5808 2853 5863 de
2894 5805 3156 5878 sapientis
3200 5802 3461 5863 Heracliti
