3936 6422
198 365 307 434 237
1444 364 1848 427 ANNALIUM
1883 364 2079 426 PARS
2120 365 2200 428 II.
3343 367 3452 431 238

197 478 663 553 περιτρεπόμενα,
693 481 809 536 ενια
836 480 894 535 δὲ
935 477 1194 535 τοσοῦτόν
1226 480 1364 534 εἰσιν
1395 480 1767 552 ἀρρώστημα-

1877 480 2122 550 quazdam
2148 494 2338 535 eorum
2367 482 2577 551 optime
2617 494 2843 553 prorsus
2885 481 3078 536 affecta
3106 488 3253 542 sunt,
3289 495 3391 532 nec
3425 498 3452 533 a

196 574 323 631 τικὰ
354 574 474 639 ταῖς
528 576 594 629 hc
639 575 865 646 γενετῆς
915 576 1284 647 κατασκευαῖς
1318 570 1459 626 ὥστε
1512 573 1587 644 μὴ
1631 573 1767 643 πρὸς

1877 578 2037 629 rebus
2067 573 2404 629 extrinsecus
2434 573 2810 629 accidentibus
2839 574 2949 628 ullo
2975 573 3134 627 modo
3158 573 3450 632 laadnntur.

196 666 347 721 ούᾶν
386 667 779 739 ἀντιπράττειν
823 665 937 720 τῶν
986 665 1189 731 ἔξωθεν
1236 666 1447 727 αἰτίων,
1494 665 1631 720 ἀλλὰ
1667 666 1767 721 κᾶν

1877 680 1999 720 cum
2044 664 2149 723 alia
2202 674 2483 734 tantopere
2539 665 2805 720 debilitati
2847 679 2910 719 ac
2953 665 3160 720 morbis
3210 662 3450 717 obnoxia

199 759 407 829 θαλφθῇ
441 758 638 831 βραχὺ,
688 758 796 812 κᾶν
848 757 1068 830 ψυχθῇ,
1122 756 1227 811 κᾶν
1270 759 1628 829 ἁγρυπνήσῃ,
1660 757 1766 811 κᾶν

1877 758 1983 812 sint
2035 772 2102 812 ex
2159 757 2555 812 constitutione
2603 758 2835 828 quadam
2867 757 3126 821 naturali,
3156 764 3216 810 ut
3273 756 3454 809 causis

200 850 441 921 κοιμηθῇ
478 849 641 904 πλέον
673 850 768 904 τοῦ
796 850 1029 913 δέοντος,
1057 850 1260 913 εὐθέως
1285 850 1478 917 νοσεῖ),
1504 849 1647 903 οὕτω
1671 850 1766 904 καὶ

1877 850 2217 905 extrinsecus
2260 849 2641 905 accidentibus
2702 854 2962 904 resistere
3024 850 3105 904 vel
3174 848 3451 904 tantillum

199 942 290 994 επὶ
323 941 434 996 τῶν
474 941 665 1013 ψυχῶν
707 940 889 995 αὐτῶν
923 940 1253 994 διανοεῖσθαί
1283 959 1343 995 σε
1379 941 1555 1007 ἄξιον.

1877 950 2167 1014 nequeant.
2201 941 2471 995 Nimirum
2518 942 2564 997 si
2610 941 2772 1012 paulo
2821 942 2944 1011 plus
2976 956 3134 1011 mque
3178 940 3264 994 vel
3299 942 3450 993 inca-

200 1031 427 1097 lescant,
459 1030 545 1085 vel
574 1029 831 1100 frigeant,
858 1028 945 1085 vel
982 1029 1227 1102 vigilem,
1277 1030 1359 1087 vel
1387 1030 1685 1099 dormiant,
1729 1032 1992 1088 continuo
2035 1032 2258 1087 morbus
2331 1032 2705 1102 subsequitur.
2743 1027 2887 1085 Idem
2951 1033 3004 1085 in
3052 1030 3251 1085 animis
3289 1032 3455 1084 etiam

202 1122 494 1177 nsuvenire
519 1122 807 1193 cogitabis.
1489 1149 1495 1155 -

268 1213 424 1268 Μετὰ
455 1213 512 1267 δὲ
542 1213 716 1267 ταῦτα
745 1212 1239 1284 παραμυθούμενος
1261 1214 1353 1268 τὸν
1387 1213 1562 1285 Ἀδὰμ
1591 1217 1618 1269 6
1638 1215 1770 1280 Θεὸς

201 1309 264 1377 τῇ
311 1307 421 1361 ἀπὸ
462 1305 556 1360 τοῦ
612 1306 945 1375 παραδείσου
979 1325 1038 1359 τε
1083 1306 1459 1377 ἀδημονοῦντα
1493 1308 1769 1363 ὲκπτώσει

202 1402 294 1454 καὶ
310 1400 404 1469 τῷ
434 1399 528 1452 τοῦ
559 1399 728 1453 Ἀϐελ
757 1398 995 1471 θανάτῳ,
1034 1400 1235 1454 ἔδωκεν
1276 1400 1429 1472 αὐτῷ
1459 1403 1553 1456 τὸν
1579 1403 1770 1472 ἐνάρε-

199 1509 287 1547 τον
312 1491 447 1563 Σήθ.
466 1491 617 1546 Κατά
640 1492 748 1561 γὰρ
776 1494 933 1546 τοῦτο
968 1491 1065 1546 καὶ
1089 1493 1121 1564 ἠ
1150 1492 1260 1546 Εὕα
1283 1494 1469 1562 ἔλεγεν
1494 1513 1507 1527 ο
1540 1512 1559 1547 ι
1583 1495 1768 1561 Ἐξαν-

202 1582 391 1652 έστησέ
443 1599 534 1652 μοι
587 1585 615 1637 6
659 1582 790 1647 Θεὸς
838 1583 1059 1654 σπέρμα
1090 1583 1280 1655 ἕτερον
1316 1587 1438 1640 ἀντὶ
1466 1586 1561 1639 τοῦ
1600 1587 1766 1641 Ἀϐελ

200 1672 257 1725 δν
290 1672 578 1726 ἀπέκτεινε
612 1674 774 1729 Κάῑν.
809 1693 829 1727 ι

269 1764 510 1817 Γίνωσκε
543 1764 601 1818 δὲ
644 1766 738 1819 -ὄτι
798 1766 939 1837 πρὸς
989 1769 1110 1832 ταῖς
1158 1766 1348 1833 ἄλλαις
1387 1770 1635 1841 αἱρέσεσι
1670 1769 1767 1825 καὶ

1955 1216 2116 1287 120
2151 1213 2460 1272 Secundum
2495 1216 2611 1271 lucc
2639 1222 2696 1270 ut
2731 1214 2997 1270 Adamum
3032 1216 3174 1270 Deus
3203 1216 3458 1271 consola-
3504 1257 3511 1270 .

1880 1319 2051 1377 retur,
2088 1310 2178 1379 qui
2241 1320 2353 1365 tum
2410 1320 2633 1380 propter
2679 1309 3027 1364 amissionem
3063 1310 3300 1380 paradisi
3341 1319 3455 1364 tum

1881 1403 2031 1458 Abeli
2065 1404 2267 1458 caedem
2312 1417 2645 1472 magnopere
2700 1402 3071 1467 alllictaretur,
3103 1410 3457 1472 praestantem

1876 1494 1927 1548 ei
1990 1494 2192 1549 virtute
2247 1495 2416 1548 (ilium
2458 1494 2688 1549 Sethum
2752 1496 2923 1550 dedit.
2958 1495 3326 1561 Quamobrem
3371 1496 3459 1551 his

1877 1582 1987 1637 Eva
2023 1585 2203 1639 verbis
2240 1597 2323 1639 est
2356 1600 2455 1640 usa
2497 1602 2512 1640 :
2555 1605 2573 1637 ‹
2614 1586 2755 1640 Deus
2794 1587 2927 1641 mihi
2954 1589 3195 1643 sobolem
3224 1590 3457 1643 alteram

1868 1677 1929 1731 in
1961 1678 2137 1731 locum
2165 1678 2318 1733 Abeli
2345 1695 2372 1733 a
2400 1677 2572 1734 Caino
2601 1686 2869 1750 perempti
2899 1681 3147 1750 reposuit
3173 1683 3242 1736 ”.
3279 1700 3298 1732 ι

1944 1766 2097 1822 Scire
2126 1765 2296 1821 debes
2352 1782 2610 1837 magnum
2670 1767 2821 1820 illum
2880 1766 3248 1838 Epiphanium
3314 1768 3458 1821 inter

200 1852 297 1923 τὴν
342 1853 643 1925 λεγομένην
704 1857 814 1911 τῶν
875 1858 1192 1921 Καῖανιτῶν
1242 1862 1458 1932 αἵρεσιν
1508 1863 1536 1916 6
1594 1862 1767 1931 μέγας

1877 1869 2098 1913 caeteras
2122 1857 2493 1915 Caianitarum
2510 1873 2725 1929 quoque
2742 1867 2958 1913 est-ctam
2996 1873 3453 1913 commemorare.

211 1943 522 2013 Ἔπιφάνιος
573 1945 831 2017 ἔγραφεν.
871 1944 1035 2004 Οὗτοι
1088 1951 1189 2023 μὲν
1234 1947 1328 2006 οῦν
1382 1953 1524 2007 Κάῖν
1559 1952 1765 2023 ἐτίμων

204 2033 276 2098 ὡς
323 2035 557 2109 δύναμίν
600 2055 760 2103 τινα,
818 2039 1003 2110 ελεγον
1034 2042 1089 2096 δὲ
1128 2045 1211 2097 ὅτι
1266 2044 1330 2097 τὸ
1381 2044 1548 2098 καλὸν
1586 2046 1679 2098 καὶ
1704 2048 1767 2098 τὸ

203 2126 365 2179 κακὸν
388 2129 464 2199 μὴ
495 2129 636 2184 κατὰ
664 2130 890 2202 γνώμην
918 2129 1058 2187 εἶναι
1096 2133 1429 2206 ἀνθρώποις,
1462 2135 1600 2191 ἀλλὰ
1624 2135 1769 2191 κατὰ

206 2217 383 2284 φύσιν.
417 2220 632 2292 Τιμῶσι
659 2223 716 2277 δὲ
742 2228 837 2277 καὶ
873 2226 966 2280 τὸν
999 2226 1222 2280 Ἰούδανο
1250 2229 1339 2282 διὰ
1365 2228 1472 2299 γὰρ
1503 2228 1597 2283 τοῦ
1630 2247 1770 2301 προ-

206 2309 380 2365 δοῦναι
429 2313 523 2368 τὸν
568 2315 773 2388 Κύριον
826 2317 987 2390 ἔργον
1022 2321 1210 2387 καλὸν,
1259 2320 1428 2392 ἤγουν
1472 2321 1573 2394 τὴν
1610 2323 1771 2393 ἡμῶν

208 2404 479 2475 σωτηρίαν
532 2407 850 2478 εἰργάσατο.
895 2411 1006 2464 Καὶ
1059 2412 1266 2482 βιϐλίον
1314 2413 1371 2467 δὲ
1423 2416 1556 2486 παρ’
1588 2417 1771 2479 αὐτοῖς

220 2499 603 2556 Ἀναϐατιανδν
635 2502 954 2576 λεγόμενον,
987 2508 1246 2579 περιέχον
1270 2509 1306 2563 ἃ
1335 2506 1478 2565 εἶδεν
1498 2510 1526 2564 6
1553 2509 1771 2575 Παῦλος

210 2591 323 2644 καθ’
368 2592 428 2647 ὃν
463 2595 628 2667 ἀνέϐη
684 2599 874 2668 καιρὸν
935 2602 1014 2664 είς
1050 2600 1235 2672 τρίτον
1268 2602 1520 2674 οὐρανόν.
1554 2601 1770 2657 Βιϐλίον

211 2681 267 2733 δὲ
304 2684 365 2737 τδ
394 2685 638 2740 τοιοῦτόν
669 2690 785 2743 ἔστι
829 2691 965 2761 παρ’
1003 2691 1210 2767 αὐτοῖς,
1254 2694 1337 2748 ὅτι
1374 2694 1437 2746 οὐ
1469 2695 1772 2766 προσέσχον

214 2774 286 2843 τῷ
312 2778 530 2849 μεγάλῳ
579 2781 806 2851 Παύλῳ,
846 2783 1067 2855 ῥήματα
1134 2785 1234 2855 μὲν
1290 2784 1522 2840 ἀκοῦσαι
1554 2786 1770 2856 λέγοντι

216 2868 331 2921 κατ’
361 2871 536 2925 ἐκεῖνο
567 2873 784 2944 καιροῦ,
834 2877 906 2946 μὴ
949 2877 1148 2941 ἐξεῖναι
1191 2878 1247 2931 δὲ
1287 2894 1460 2932 ταυτα
1495 2876 1770 2947 γλώσσαις

217 2957 507 3027 ἀνθρώπων
534 2962 784 3034 λαλῆσαι.
810 2966 932 3021 Ὅτι
963 2968 1020 3021 δὲ
1069 2968 1138 3023 τὰ
1172 2969 1396 3040 ῥήματα
1431 2972 1615 3025 ἐκεῖνα
1644 2970 1771 3024 οὔτε

213 3046 536 3121 ὲλαλήθησαν
572 3054 694 3109 οὔτε
735 3059 845 3111 ’τινὶ¹
900 3058 1066 3130 μέχρι
1114 3061 1208 3114 τοῦ
1260 3060 1357 3115 νῦν
1391 3062 1768 3132 ἐγνώσθησαν,

1867 1951 2135 2007 Colehant
2200 1951 2275 2006 illi
2316 1952 2549 2007 Cainum
2613 1966 2714 2007 ceu
2751 1950 3043 2020 quamdam
3099 1959 3454 2021 potestatem,

1870 2045 2196 2113 aiebantque
2231 2045 2431 2099 bonum
2473 2056 2530 2098 et
2572 2044 2771 2097 malum
2826 2043 2880 2097 in
2916 2041 3233 2097 hominibus
3298 2056 3325 2094 a
3363 2058 3458 2095 vo-

1869 2135 2082 2191 luntate
2116 2136 2490 2207 nonpendere
2528 2150 2589 2190 ac
2641 2134 2937 2204 proﬁcisci,
2994 2134 3089 2188 sed
3146 2149 3173 2186 a
3233 2143 3452 2188 natura.

1869 2228 2036 2284 Iidem
2071 2237 2125 2283 et
2158 2228 2351 2283 Judam
2385 2228 2595 2282 honore
2629 2235 3059 2297 prosequuntur,
3093 2234 3152 2280 ut
3183 2226 3275 2296 qui
3323 2225 3453 2281 Ser-

1871 2330 2116 2377 vatorem
2148 2321 2433 2394 prodendo
2488 2321 2736 2390 praeclari
2797 2320 3002 2390 operis,
3044 2329 3247 2375 nostr.e
3291 2319 3456 2373 nitui-

1872 2430 1992 2471 rum
2029 2415 2240 2479 salutis,
2277 2422 2471 2469 auctor
2499 2412 2794 2468 exstiterit.
2854 2410 3257 2467 Circumfertur
3312 2410 3455 2481 apud

1872 2508 2096 2563 eosdem
2126 2507 2266 2561 libcr
2294 2521 2458 2575 quem
2493 2504 2898 2559 Anabatianum
2928 2501 3020 2574 (ab
3057 2503 3318 2573 ascensu)
3358 2521 3453 2558 vo-

1872 2605 2017 2649 cant.
2050 2593 2420 2651 Continentur
2453 2594 2557 2648 hoc
2584 2591 2648 2648 ea
2680 2607 2800 2662 qute
2854 2590 3055 2646 Paulus
3108 2592 3158 2647 id
3192 2595 3457 2669 temporis

1871 2686 2216 2757 conspexerit
2256 2701 2366 2757 quo
2395 2686 2445 2740 in
2484 2686 2680 2741 ccelum
2719 2684 2938 2739 tertium
2963 2677 3251 2747 ast-mulir,
3306 2692 3458 2748 lacu-

1871 2790 2005 2836 nent
2033 2782 2178 2847 hnn_c
2212 2779 2289 2833 illi
2313 2758 2532 2842 librum,
2560 2793 2668 2832 non
2702 2778 3202 2840 animadvertentes
3226 2784 3452 2840 Paulum

1838 2922 1851 2933 ,
1870 2872 2115 2943 profiteri
2146 2886 2206 2929 se
2232 2882 2342 2927 tum
2371 2872 2536 2928 verba
2565 2872 2807 2945 qumdam
2834 2878 3051 2932 audisse
3084 2895 3204 2948 qua:
3254 2880 3455 2950 linguis

1874 2966 2129 3025 humanis
2158 2965 2341 3021 eﬂ‘erri
2396 2967 2469 3022 sit
2515 2966 2693 3023 nefas.
2752 2969 2928 3039 Atque
2958 2969 3046 3023 illa
3097 2980 3245 3027 certe
3289 2974 3452 3027 verba

1872 3077 1973 3116 nec
1995 3061 2198 3131 prolata
2230 3060 2394 3115 fuisse
2430 3054 2693 3131 unquam,
2730 3077 2831 3117 nec
2870 3076 2899 3117 a
2960 3064 3272 3119 mortalium
3316 3081 3455 3135 quo-

214 3143 302 3251 ἶιαὶ
331 3146 358 3199 6
390 3146 637 3216 θεολόγος
690 3151 992 3222 Γρηγόριος
1053 3154 1111 3206 ὲν
1167 3153 1246 3225 τῷ
1301 3156 1431 3225 περὶ
1486 3154 1767 3224 θεολογίας

1877 3169 2033 3224 quam
2069 3154 2308 3223 cognita,
2340 3152 2636 3224 Gregorius
2665 3151 2829 3208 etiam
2892 3151 3199 3225 Theologus
3243 3154 3296 3209 in
3331 3171 3457 3210 ora-

215 3233 349 3307 λόγῳ
391 3241 557 3294 αὐτοῦ
604 3242 877 3297 δείκνυσιν
924 3243 1098 3307 οὕτως
1126 3245 1395 3318 εἰπών;‹
1435 3247 1497 3303 Εἰ
1548 3249 1648 3319 μὲν
1673 3247 1768 3301 οῦν

215 3326 406 3402 ἐκφορα
436 3332 662 3401 γέγονεν
716 3334 753 3390 ἃ
802 3337 881 3403 τῷ
939 3338 1136 3409 Παύλῳ
1184 3338 1460 3410 παρέσχεν
1514 3341 1541 3393 6
1586 3342 1768 3407 τρίτος

214 3420 427 3491 οὐρανὸς
457 3431 551 3479 καὶ
578 3428 611 3497 ἡ
637 3428 798 3500 μέχρι
842 3430 1051 3483 ἐκείνου
1079 3432 1274 3501 πρόοδο
1287 3450 1326 3501 τ,
1360 3434 1503 3503 τάχα
1543 3433 1609 3486 ἂν
1640 3435 1770 3504 περὶ

214 3509 341 3566 Θεοῦ
378 3515 540 3571 πλέον
586 3519 853 3589 ἔγνωμεν.
890 3541 910 3575 ι
966 3522 1127 3577 Ἀλλὰ
1164 3523 1260 3577 καὶ
1305 3526 1335 3578 6
1367 3526 1641 3597 χρυσοῤῥή
1654 3541 1772 3594 μων

227 3602 468 3678 Ἰωάννης
497 3610 555 3664 ιν
581 3615 703 3676 ταῖς
731 3614 811 3677 είς
837 3615 939 3684 τὴν
972 3616 1317 3687 Ἐξαήμερον
1341 3617 1509 3673 αὐτοῦ
1534 3618 1773 3687 ὁμιλίαις

212 3695 343 3752 οὕτω
379 3701 545 3771 φησίν
573 3717 588 3734 ⁸
626 3722 646 3755 ι
686 3704 747 3757 Et
775 3705 802 3757 6
832 3708 1008 3774 μέγας
1063 3707 1271 3772 Παῦλος
1302 3710 1332 3762 6
1366 3708 1476 3763 τῶν
1514 3708 1773 3779 ἀρρήτων

212 3787 425 3871 ἐκείνων
476 3794 740 3863 ῥημάτων
794 3797 1027 3851 ἀκοῦσαι
1081 3799 1462 3867 καταξιωθεὶς,
1493 3794 1570 3855 ὧν
1604 3801 1768 3871 μέχρι

212 3879 306 3948 τῆς
352 3868 591 3957 εήμερον
626 3887 801 3953 οὐδεὶς
845 3890 1006 3955 ἄλλος
1038 3892 1267 3963 ἤκουσε,
1294 3895 1528 3963 γράφων
1554 3868 1765 3962 ἔλεγεν,

222 3969 551 4041 ’Υπωπιάζω
579 3997 681 4048 μου
722 3982 784 4034 τὸ
813 3982 972 4052 σῶμα
1002 3984 1096 4037 καὶ
1127 3984 1474 4056 δουλαγωγῶ,
1510 3984 1561 4038 τί
1599 3984 1666 4039 ἂν
1693 3983 1771 4037 εί-

213 4080 399 4136 ποιμεν
422 4072 620 4141 ἡμετςς
664 4093 683 4125 ι
720 4075 830 4129 Καὶ⁵
862 4076 993 4146 περὶ
1024 4077 1229 4132 τούτων
1260 4079 1457 4144 οὕτως.

1874 3247 2023 3301 tione
2056 3262 2177 3315 qua:
2215 3253 2300 3300 est
2352 3245 2417 3299 de
2452 3254 2597 3300 recta
2627 3245 2931 3301 disserendi
2983 3246 3050 3301 de
3081 3248 3189 3301 Deo
3218 3248 3455 3312 ratione,

1874 3339 2056 3393 verbis
2088 3338 2239 3394 hisce
2276 3339 2656 3394 demonstrat:
2701 3357 2720 3391 ι
2752 3338 2953 3406 Quodsi
2999 3339 3168 3395 Paulo
3212 3341 3456 3396 licuisset

1876 3428 2031 3483 eﬂ‘ari
2070 3443 2133 3482 ea
2173 3444 2404 3500 quorum
2457 3429 2558 3497 ipsi
2586 3429 2954 3501 cognitionem
2986 3431 3183 3486 cmlum
3236 3436 3454 3487 tertium

1876 3528 1933 3574 et
1960 3534 2133 3589 usque
2159 3519 2227 3574 ad
2258 3519 2387 3574 illud
2422 3520 2730 3601 progressio
2786 3522 3174 3592 suppeditavit,
3220 3522 3457 3578 fortasse

1876 3612 1944 3667 de
1985 3612 2097 3665 Deo
2126 3610 2285 3666 nobis
2315 3610 2516 3679 aliquid
2568 3612 2801 3682 amplius
2834 3620 3132 3668 constaret.
3172 3633 3191 3666 ι
3258 3616 3455 3670 Consi-

1877 3703 2079 3757 militer
2120 3701 2361 3758 Joannes
2409 3702 2499 3758 ille
2527 3701 2952 3774 Chrysostomus
3007 3706 3061 3759 in
3112 3706 3456 3762 orationibus

1873 3796 1981 3849 illis
2003 3795 2202 3866 quibus
2240 3809 2405 3863 opera
2443 3810 2540 3850 sex
2563 3795 2773 3851 dierum
2805 3799 3103 3862 enarravit,
3158 3798 3243 3853 his
3272 3800 3456 3855 verbis

1875 3887 2048 3943 utitur
2078 3903 2092 3939 :
2125 3905 2145 3939 ι
2189 3886 2245 3941 Si
2288 3902 2515 3958 magnus
2552 3887 2642 3943 ille
2693 3886 2914 3953 Paulus,
2945 3905 3106 3959 quem
3163 3907 3229 3946 eo
3261 3892 3454 3962 digna-

1876 3988 1964 4036 tus
1993 3989 2078 4034 est
2121 3979 2330 4034 honore
2377 3980 2520 4033 Deus
2568 3987 2626 4033 ut
2666 3980 2883 4038 audiret
2931 3982 3223 4039 inell‘ahilia
3289 3987 3453 4041 verba

1878 4073 2009 4128 nulli
2039 4072 2107 4127 ad
2141 4073 2289 4127 hunc
2333 4086 2507 4155 usque
2540 4072 2682 4128 diem
2740 4074 2829 4128 alii
2854 4108 2859 4111 -
2885 4078 3195 4132 mortalium
3246 4079 3453 4140 audita.

211 4162 385 4222 dicere
407 4182 515 4223 non
539 4171 833 4226 dubitavit‘
865 4188 925 4229 se
953 4188 1151 4243 corpus
1169 4188 1326 4230 suum
1354 4174 1698 4231 contundere
1758 4184 1822 4226 ac
1861 4169 2129 4240 subigere,
2187 4168 2319 4238 quid
2358 4182 2459 4222 nos
2517 4168 2738 4224 tandem
2796 4170 2863 4225 de
2916 4173 3078 4227 nobis
3126 4173 3308 4232 dicere
3359 4194 3456 4249 par

206 4259 321 4312 est?
353 4280 374 4313 ι
409 4260 485 4317 Ac
520 4264 586 4318 de
615 4265 694 4319 his
721 4266 940 4336 quidem
968 4269 1253 4350 hactenus.

281 4353 339 4406 Ὀ
364 4356 422 4407 δὲ
464 4355 639 4427 Ἀδὰμ
669 4360 806 4427 μετὰ
830 4362 892 4413 τὸ
918 4360 1256 4431 ἐκϐληθῆναι
1281 4360 1377 4416 τοῦ
1422 4361 1764 4434 παραδείσου

208 4443 524 4514 (τηνικαῦτα
585 4448 697 4519 γὰρ
745 4449 974 4522 ἄρχεται
1035 4452 1069 4523 ἡ
1136 4448 1556 4523 χρονογραφὶα),
1591 4452 1767 4522 ζήσας

1945 4322 2187 4413 λόοιιιυε
2219 4364 2403 4412 autem
2446 4357 2661 4429 eiectus
2717 4373 2747 4413 e
2801 4338 3058 4430 paradiso
3108 4362 3264 4431 (hinc
3306 4366 3451 4419 enim

1877 4458 2188 4518 temporum
2209 4448 2847 4518 adnotatioinchoatur),
2879 4464 3006 4504 cum
3035 4467 3210 4508 annos
3238 4454 3343 4508 930
3374 4456 3454 4509 vi-

207 4538 489 4593 ὲννακόσια
549 4540 646 4612 ἔτη
703 4542 837 4612 πρὸς
891 4546 1007 4607 τοῖς
1070 4547 1368 4615 τριάκοντα
1415 4544 1650 4616 τελευτᾷ
1705 4547 1764 4598 έν

1877 4542 2051 4595 vendo
2080 4542 2380 4611 explesset,
2412 4543 2465 4595 in
2500 4539 2685 4597 Iudaea
2711 4553 2962 4598 mortuus
2993 4553 3099 4608 est,
3133 4545 3447 4618 ibidemque

216 4627 456 4701 Ἰουδαίᾳ,
492 4634 661 4687 κάκεῖ
691 4635 982 4689 τέθαπται.
1018 4637 1130 4690 Καὶ
1183 4636 1302 4701 πῶς
1329 4639 1516 4692 ἄκουε.
1560 4636 1619 4690 '0
1669 4635 1766 4707 μέν

204 4739 298 4788 Iac
342 4724 662 4790 Ἐπιφάνιος
714 4728 773 4780 έν
833 4730 946 4791 τοῖς
980 4730 1325 4797 Ηαναρίοις,
1376 4725 1639 4790 ὡσαύτως
1672 4728 1767 4782 καὶ

203 4815 229 4866 6
252 4815 425 4884 μέγας
450 4816 730 4882 Βασίλειος
763 4818 823 4872 ὲν
860 4822 926 4889 τῇ
953 4820 1034 4883 είς
1064 4820 1156 4873 τὸν
1189 4820 1482 4892 προφήτην
1531 4819 1766 4873 Ἡσαΐαν

203 4907 464 4980 ἑρμηνείᾳ
511 4908 660 4977 λέγει
705 4911 955 4983 ἄγραφον
1006 4911 1306 4983 παράδοσιν
1356 4910 1763 4982 περισώζεσθαι

203 5001 263 5068 τῇ
303 4998 606 5072 Ἐκκλησία
637 5000 771 5072 περὶ
830 5001 924 5055 τοῦ
975 5003 1168 5073 Ἀδὰμ,
1221 5003 1297 5067 ὡς
1341 5003 1506 5065 εὐθὺς
1539 5004 1675 5074 μετὰ
1706 5004 1767 5057 τὸ

206 5090 529 5163 ἐκϐληθῆναι
559 5092 654 5147 τοῦ
687 5095 1016 5164 παραδείσου
1050 5098 1132 5158 είς
1163 5095 1263 5169 τὴν
1301 5082 1560 5151 ἱΙουδιιιίοιν
1590 5096 1765 5150 ἐλθεῖν

205 5182 354 5253 χάριν
396 5187 749 5255 παρηγορίας
782 5179 858 5240 ὧν
886 5188 1192 5241 ἀπώλεσεν·
1245 5187 1386 5258 αὕτη
1425 5189 1518 5243 καὶ
1550 5188 1661 5260 γὰρ
1693 5190 1766 5258 γῆ

207 5275 334 5329 πίων
369 5277 641 5332 καλεῖται.
688 5278 897 5331 Ἐκεῖσε
949 5279 1137 5333 λοιπδν
1190 5279 1540 5350 ἐνδιατρίϐει,
1577 5272 1761 5335 ἐκεῖσε

207 5370 287 5420 καὶ
320 5367 616 5423 τέθαπται.
664 5367 860 5438 Θαῦμα
917 5369 1015 5440 μὲν
1060 5369 1156 5423 οῦν
1209 5370 1389 5424 ἐδόκει
1417 5372 1534 5434 τοῖς
1561 5371 1763 5441 ὁρῶσιν

205 5455 461 5527 ὴὲκείνου
494 5461 709 5532 κεφαλὴ
738 5461 838 5529 τῆς
881 5462 1085 5532 σαρκὸς
1121 5461 1495 5534 διαρρυείσης,
1535 5463 1619 5515 ὅτι
1659 5466 1754 5516 καὶ

204 5551 407 5619 πρῶτον
441 5553 648 5606 ἐκεῖνον
694 5553 932 5607 Ἰουδαία
968 5555 1164 5624 νεκρὸν
1207 5555 1449 5621 ἐδέξατο.
1487 5554 1579 5608 Ἐν
1600 5555 1757 5623 τόπῳ

1872 4633 2145 4705 sepultus.
2198 4631 2353 4689 Unde
2402 4634 2455 4688 id
2505 4643 2741 4703 constet,
2793 4635 2941 4690 audi.
3001 4635 3339 4706 Epiphanius
3391 4642 3446 4694 in

1869 4721 2122 4777 Panariia
2152 4731 2209 4778 et
2238 4723 2470 4779 Basilius
2500 4723 2555 4777 in
2592 4725 2745 4780 Isaia:
2776 4726 2912 4781 vatis
2946 4731 3299 4783 enarratione
3342 4740 3452 4785 tra-

1871 4814 2009 4869 dunt
2041 4814 2394 4869 traditionem
2426 4815 2715 4884 quamdam
2739 4832 2850 4871 non
2879 4818 3137 4887 scriptam
3172 4819 3224 4874 in
3258 4822 3450 4878 Eccle-

1870 4907 1950 4964 sia
2001 4907 2262 4974 retineri,
2299 4908 2568 4963 Adamum
2618 4908 2688 4963 de
2733 4910 3272 4979 paradiso-ejectum
3324 4931 3450 4971 mox

1869 5000 1922 5055 in
1956 5000 2197 5056 Iudaeam
2231 5000 2583 5070 pervenisse,
2617 5017 2727 5072 quo
2770 5002 2956 5057 damni
3008 5003 3135 5060 facti
3186 5008 3445 5064 solatium

1868 5092 2086 5162 aliquod
2144 5092 2400 5148 haberet.
2453 5091 2589 5147 Nam
2642 5095 2760 5163 ejus
2805 5104 2967 5150 terra?
3026 5096 3202 5152 solum
3245 5100 3449 5172 pingue

1870 5185 2042 5239 sacris
2081 5184 2134 5238 in
2168 5183 2394 5239 Litteris
2424 5184 2751 5255 appellatur,
2804 5188 2856 5240 in
2892 5203 2999 5258 qua
3032 5189 3293 5261 deinceps
3322 5208 3446 5248 cum

1872 5279 2099 5333 vixisset
2148 5278 2350 5333 ibidem
2408 5278 2661 5348 sepultus
2712 5278 2836 5334 fuit.
2882 5280 2946 5335 Et
2993 5283 3284 5339 videbatur
3327 5288 3447 5355 ejus

1866 5380 2051 5439 caput.
2098 5370 2189 5425 ubi
2224 5370 2335 5439 jam
2392 5384 2587 5425 carnes
2621 5369 3004 5447 deduxissent.
3041 5377 3236 5430 mirum
3267 5378 3445 5447 quod-

1864 5464 1989 5517 dam
2028 5462 2373 5517 intuentibus
2406 5468 2529 5517 esse
2561 5464 2963 5533 spectaculum,
2992 5468 3290 5537 praesertim
3317 5483 3440 5523 cum

1868 5556 2023 5624 121
2060 5553 2244 5610 Judtea
2277 5555 2512 5624 primum
2541 5555 2787 5627 omnium
2818 5557 3055 5612 cadaver
3084 5558 3256 5627 ipsius
3286 5572 3445 5613 exce—

207 5640 376 5699 λοιπόν
406 5661 517 5699 τινι
540 5645 905 5716 καταθέμενοι
939 5648 1000 5702 τὸ
1026 5647 1272 5701 τοιοῦτον
1301 5645 1552 5719 κρανίον,
1585 5646 1756 5703 τόπον

1877 5646 2261 5717 )issetlltaque
2295 5645 2420 5701 loco
2442 5647 2678 5716 quodam
2711 5646 2812 5703 hac
2856 5649 3029 5718 ipsius
3054 5647 3285 5704 calxaria
3310 5664 3442 5705 con-

1360 5740 1377 5767 ἱ

264 5821 307 5854 ’⁸
338 5819 476 5878 ϐου.
503 5837 581 5887 ιν,
766 5820 793 5856 ⁸⁸
828 5822 849 5879 1
876 5822 1003 5881 Cor.
1035 5842 1112 5890 ix,
1141 5825 1232 5880 27.
