3936 6428
431 370 533 435 24Ἱ

1687 387 1738 446 Μ
1756 387 2113 448 ICllAELiS
2151 387 2414 449 GLYCzﬁ

3567 391 3666 458 248

431 485 620 541 divino
640 486 924 544 decretum
963 489 1159 549 fuisset
1204 495 1442 552 consilio
1468 513 1563 568 per
1615 500 1794 571 ipsum
1832 518 2005 572 genus

2129 502 2249 557 ὒστε
2310 506 2381 560 δι’
2423 505 2585 559 αὑτὸν
2636 504 2799 569 αὖθις
2829 506 2890 561 τὸ
2945 507 3058 562 τῶν
3086 506 3391 580 ἀνθρώπων
3420 512 3669 581 συστῆσαι

431 577 732 634 humanum
774 580 1195 640 instaurandum
1245 602 1391 654 esse,
1451 605 1735 661 nunquam
1783 597 2011 651 omnino

431 671 747 726 carnalibus
814 689 937 728 eum
1015 678 1410 746 cupiditatibus
1471 698 1534 738 se
1602 682 2010 742 submissurum

432 759 619 816 fuisse.
652 764 879 832 Propter
908 769 1048 821 hanc
1068 783 1290 824 causam
1323 772 1463 828 Dens
1492 789 1617 831 eum
1653 786 1812 832 vocat
1839 779 2014 834 homi-

434 869 562 911 nam
615 856 790 913 aetatis
846 872 959 913 suae
1006 859 1305 933 integrum,
1367 880 1489 935 quas
1541 866 1703 936 plane
1760 884 2014 938 perversa

431 954 568 999 erat.
606 944 703 1000 Hic
749 948 839 1003 Dei
868 951 1205 1008 tolerantiam
1255 956 1387 1011 mihi
1436 961 1801 1017 considerato.
1867 963 2016 1018 Dilu-

432 1040 580 1093 vium
611 1039 797 1116 subito
852 1058 959 1098 non
1022 1046 1253 1113 invehit,
1285 1050 1376 1105 sed
1409 1053 1537 1107 totis
1593 1064 1813 1110 centum
1856 1057 2015 1112 annis

438 1146 567 1188 arca
612 1137 972 1193 construitur.
1022 1139 1249 1196 interim
1312 1144 1562 1202 homines
1609 1150 1792 1207 stolidi
1841 1150 2014 1207 Noam

431 1226 702 1282 voluntati
753 1230 954 1287 divinae
1030 1235 1428 1306 obsequentem
1504 1240 1824 1301 irridebant.
1899 1244 2015 1302 Iino

434 1319 648 1375 tametsi
696 1333 989 1378 cernerent
1030 1327 1315 1384 universas
1343 1330 1549 1387 belluas
1585 1333 1755 1397 coire,
1822 1351 2014 1406 quem-

434 1407 726 1463 admodum
755 1411 976 1470 divinus
999 1415 1090 1472 ille
1120 1418 1202 1472 vir
1230 1419 1574 1489 Ephraenius
1603 1425 1699 1491 ait.
1750 1426 2016 1497 elephan-

438 1509 522 1554 tos
547 1501 613 1555 ab
642 1498 792 1557 ludia
815 1502 1145 1577 Persidaque
1174 1510 1489 1580 adventare,
1518 1516 1707 1574 leones
1737 1533 1800 1575 ac
1821 1521 2017 1589 parda-

437 1589 578 1648 lides
617 1592 760 1650 inter
789 1611 919 1653 oves
950 1608 1114 1669 atque
1142 1616 1338 1673 capras
1367 1608 1681 1675 promiscue
1735 1612 2014 1678 accedere,

436 1685 658 1755 reptiles
689 1689 888 1748 bestias
920 1707 1043 1748 cum
1070 1698 1262 1755 avibus
1292 1703 1488 1777 eodem
1531 1718 1591 1759 se
1650 1718 2017 1777 persequente

436 1778 655 1839 nemine
707 1782 955 1839 conferre
982 1801 1045 1842 ac
1066 1773 1484 1849 circumarcam
1524 1773 1874 1862 commorari,
1926 1800 2013 1854 ni-

440 1869 550 1922 hilo
580 1880 756 1928 tamen
787 1878 957 1946 magis
999 1883 1338 1949 poenitentiae
1381 1889 1634 1945 stimulos
1681 1892 2013 1949 sentiebant.
2042 1856 2092 1917 Β

436 1961 584 2019 ldem
612 1980 681 2023 ne
709 1968 865 2024 nobis
893 1971 1122 2040 incidat.
1160 1991 1440 2049 nunquam
1473 1997 1581 2038 non
1635 1984 1945 2055 vigilemus.

730 2060 840 2121 Sed
917 2065 1062 2121 enim
1138 2070 1283 2126 unde
1374 2073 1489 2130 Noe
1550 2077 1818 2136 didicerat
1896 2098 2018 2153 quae

435 2149 708 2225 animalia
766 2157 992 2223 munda,
1081 2175 1205 2231 qua
1267 2163 1551 2223 immunda
1615 2180 1820 2236 essent,
1889 2149 2018 2229 cum

438 2242 684 2338 nondum
741 2244 793 2300 id
826 2252 1087 2338 temporis
1142 2268 1208 2309 ea
1258 2254 1437 2313 Moses
1463 2263 1840 2331 segregasset?
1870 2263 2020 2321 Hanc

439 2332 586 2387 enim
619 2332 979 2404 qnmionem
1008 2341 1434 2416 Chrysostomus
1473 2362 1676 2409 movet.
1714 2352 1854 2408 Num
1889 2371 2018 2425 pro-

444 2425 793 2485 ﬁciscebatur
813 2431 918 2488 hoc
940 2450 972 2489 a
992 2439 1228 2493 naturali
1251 2441 1483 2510 quadam
1501 2445 1833 2513 cognitione,
1854 2464 2016 2516 quam

444 2518 706 2583 habebat.
737 2538 806 2579 an
829 2540 859 2581 a
882 2528 1151 2596 sapientia
1182 2531 1445 2589 divinitus
1479 2536 1527 2589 ei
1553 2532 2018 2597 concessa?‘Prae-

442 2610 590 2666 clara
620 2614 864 2680 profecto
891 2633 978 2675 res
1014 2622 1189 2679 virtus
1220 2631 1324 2678 est.
1364 2625 1488 2682 llaec
1517 2626 1801 2684 Enochum
1831 2640 2019 2687 trans-

445 2701 591 2767 tulit,
614 2702 728 2781 hzec
756 2704 924 2762 Neam
940 2714 1303 2768 conservavit.
1327 2713 1462 2770 Nam
1482 2716 1607 2772 vide
1627 2720 1786 2787 mihi,
1808 2737 2016 2792 quaeso,

442 2792 574 2858 quid
610 2794 722 2851 liat.
745 2795 949 2858 Omnes
985 2802 1040 2858 id
1076 2806 1340 2875 temporis
1376 2807 1629 2866 homines
1661 2809 1809 2869 Deus
1846 2815 2017 2871 exitio

348 2945 353 2950 ,
386 2938 389 2943 ,
444 2882 726 2945 destinatas
764 2891 940 2948 solum
987 2895 1055 2952 ad
1082 2894 1255 2953 Neam
1302 2899 1479 2969 inquit
1505 2917 1525 2955 :
1566 2920 1585 2955 ι
1620 2902 1913 2974 Ingredere
1961 2916 2017 2963 tu

398 3024 409 3034 ,
447 2991 553 3035 una
582 2992 706 3033 eum
740 2983 888 3037 omni
926 2983 1131 3041 familia
1163 2997 1256 3045 tua
1291 2989 1351 3051 in
1375 3006 1580 3058 arcam,
1612 2995 1871 3063 quoniam
1898 2998 2021 3068 qui-

446 3066 571 3123 dem
604 3077 656 3123 te
702 3072 1067 3130 animadverti
1110 3092 1232 3134 esse
1270 3081 1515 3139 omnium
1560 3085 1723 3157 hujus
1769 3066 2016 3158 perversi

2115 598 2295 666 γένος,
2325 599 2426 654 οὐκ
2452 598 2519 653 ἂν
2544 597 2656 652 οὔδ’
2705 599 2846 663 ὅλως
2877 602 3177 669 σαρκικαῖς
3205 602 3522 673 ἐπιθυμίαις
3549 595 3670 659 ὺπέ-

2115 690 2255 759 κυψε
2272 707 2288 723 ο
2330 691 2473 746 κατὰ
2500 692 2609 762 γὰρ
2635 691 2794 746 τοῦτο
2816 694 2912 747 καὶ
2941 692 3145 747 τέλειον
3166 694 3329 748 αὐτὸν
3354 698 3409 748 ὲν
3431 700 3495 769 τῇ
3520 701 3670 769 γενεᾷ

2118 783 2286 837 αὑτοῦ
2326 783 2485 838 καλεί
2505 786 2532 838 ὁ
2557 786 2711 850 Θεὸς,
2732 788 2807 855 τῇ
2833 787 3245 859 διεστραμμένη
3273 788 3496 859 δηλαδή.
3535 790 3668 844 Ἀλλ’

2113 876 2217 946 ὅρα
2257 877 2642 949 μακροθυμίαν
2674 877 2770 932 τοῦ
2798 879 3092 934 Θωῦ.οὐκ
3125 881 3330 945 εὐθέως
3368 880 3557 949 ἐπάγει
3584 883 3669 936 τὸν

2117 968 2531 1038 κατακλυσμὸν,
2572 968 2694 1021 ἀλλ’
2739 968 2831 1039 ετή
2885 970 2982 1039 μὲν
3028 968 3226 1025 ἑκατὸν
3275 971 3546 1040 ἑτοιμάζει
3577 970 3670 1042 τὴν

2117 1058 2373 1122 κιϐωτὸν,
2430 1061 2536 1115 κᾶν
2569 1063 2617 1114 oi
2678 1061 2917 1133 ἄφρονες
2970 1062 3062 1117 τὸν
3111 1062 3236 1117 Νῶε
3268 1063 3528 1134 θελήματι
3550 1064 3672 1134 θείῳ

2118 1140 2564 1224 ὑπηρετούμενον
2614 1154 3061 1227 ἐξεμυκτήριζον.
3132 1157 3294 1211 Ἀλλὰ
3333 1142 3428 1212 καὶ
3458 1157 3674 1225 συναγό-

2121 1264 2259 1317 μενα
2310 1247 2550 1319 ὁρῶντες
2589 1247 2658 1301 τὰ
2689 1247 2858 1319 θηρία
2887 1249 3088 1312 πάντα,
3115 1248 3264 1303 καθά
3310 1266 3474 1319 φησιν
3494 1251 3521 1303 ὁ
3542 1250 3675 1312 θεῖος

2131 1339 2392 1409 Ἐφρατμ,
2417 1339 2721 1409 ἐλέφαντας
2767 1342 2865 1408 μὲν
2891 1340 3001 1395 ἀπὸ
3034 1341 3266 1412 Ἰνδικῆς
3311 1344 3400 1395 καὶ
3430 1342 3675 1412 Περσίδος

2117 1430 2414 1501 ἐρχόμενα,
2468 1431 2839 1495 λέονταςοκαὶ
2889 1431 3190 1502 παρδάλεις
3232 1434 3372 1502 μετὰ
3401 1433 3676 1503 προϐάτων

2119 1522 2217 1576 καὶ
2243 1523 2418 1591 αἰγῶν
2450 1522 2705 1592 μιγάδας,
2733 1523 2940 1594 ἕρπετὰ
2970 1524 3066 1577 καὶ
3099 1523 3326 1578 πετεινᾶ
3383 1523 3509 1603 ἄνευ
3540 1523 3675 1583 τινὸς

2118 1613 2406 1678 διώκοντος
2434 1615 2705 1685 ἐρχόμενα
2735 1615 2831 1669 καὶ
2862 1613 3051 1685 κύκλῳ
3077 1615 3176 1685 τῆς
3200 1615 3436 1669 κιδωτοῦ
3476 1614 3679 1678 αὐλιζῦ-

2123 1724 2282 1778 μενα,
2318 1708 2574 1779 οὐδαμῶς
2633 1708 3039 1778 κατενύγησαν.
3069 1708 3266 1768 ι’Δλλὰ
3306 1708 3381 1782 μὴ
3407 1707 3500 1763 καὶ
3527 1709 3676 1779 ἡμεῖς

2120 1799 2281 1853 τοῦτο
2313 1799 2609 1869 πάθοιμεν,
2632 1797 3040 1869 γρηγοροῦντες
3068 1797 3178 1854 ἀεί.

2933 1958 2966 1976 ι.

2197 2068 2371 2124 Πόθεν
2394 2069 2453 2123 δὲ
2485 2066 2632 2124 οϊδεν
2671 2072 2699 2125 ὁ
2720 2070 2850 2124 Νῶε
2883 2070 2952 2125 τὰ
2984 2070 3205 2142 καθαρᾶ
3253 2072 3353 2123 καὶ
3385 2069 3678 2141 ἀκάθαρτα,

2123 2163 2294 2234 μήπω
2323 2165 2421 2234 τῆς
2460 2162 2643 2217 αὐτῶν
2676 2162 3001 2234 διαιρέσεως
3056 2164 3211 2233 παρὰ
3263 2164 3511 2227 Μωσέως
3534 2176 3682 2231 γεγο-

2119 2254 2298 2319 νυίας,
2333 2255 2411 2317 ὡς
2455 2257 2483 2310 ὁ
2516 2255 2942 2328 Χρυσορῤἠμων
2972 2256 3170 2327 φησίνς
3223 2255 3325 2309 Ἐκ
3372 2256 3470 2324 τῆς
3500 2259 3683 2311 ἐναπο-

2121 2350 2384 2418 κειμένης
2413 2347 2565 2416 αὐτῷ
2597 2348 2833 2417 φυσικῆς
2862 2347 3141 2415 γνώσεως,
3162 2348 3195 2418 ἢ
3216 2348 3295 2402 ἐκ
3322 2348 3424 2418 τῆς
3452 2347 3684 2416 δοθείσης

2120 2438 2270 2511 αὐτῷ
2299 2441 2452 2510 παρὰ
2475 2440 2613 2494 Θεοῦ
2644 2441 2859 2509 σοφίας.
2905 2440 2997 2504 Ὠς
3030 2440 3198 2495 καλὸν
3237 2442 3269 2512 ἡ
3306 2441 3509 2513 ὰρετήί
3541 2438 3682 2507 Αὕτη

2119 2534 2214 2588 τὸν
2257 2534 2430 2603 Ἑνὼχ
2494 2533 2817 2603 μετέθηκεν,
2866 2530 3006 2602 αὕτη
3050 2532 3146 2586 τὸν
3200 2532 3335 2586 Νῶε
3378 2531 3686 2585 διεσώσατο.

2122 2625 2267 2693 Ὅρα
2289 2624 2398 2694 γὰρ
2424 2624 2508 2676 ὅτι
2543 2624 2757 2686 πάντας
2791 2622 3034 2685 ἐκείνους
3065 2622 3324 2692 ἀπωλείᾳ
3378 2619 3690 2693 παραδιδοὺς

2121 2718 2150 2770 ὁ
2171 2715 2306 2780 Θεὸς
2333 2714 2470 2785 πρὸς
2502 2714 2597 2768 τὸν
2624 2712 2751 2767 Νῶε
2780 2702 2968 2782 ἔλεγεν
2986 2730 3002 2745 ·
3043 2732 3062 2765 ι
3098 2713 3335 2766 Είσελθε
3380 2713 3445 2767 σὺ
3474 2712 3566 2767 καὶ
3592 2711 3689 2773 πᾶς
3760 2763 3773 2773 ,

2119 2811 2149 2864 ὁ
2175 2805 2321 2871 οἶκός
2378 2824 2476 2862 σου
2537 2808 2621 2868 είς
2670 2805 2774 2876 τὴν
2832 2805 3092 2871 κιϐωτὸν,
3117 2805 3200 2858 ὅτι
3233 2821 3308 2859 σε
3334 2802 3475 2859 εἶδον
3494 2802 3691 2863 δίκαιον

2121 2901 2365 2955 ἐναντίον
2395 2897 2532 2968 ἐμοῦ
2592 2898 2651 2950 ἐν
2705 2900 2773 2967 τῇ
2807 2898 2976 2967 γενεᾷ
3027 2895 3204 2967 ταύτῃ
3264 2899 3345 2967 τῇ
3372 2897 3582 2967 πονηρᾷ
3604 2893 3693 2947 καὶ

2119 2992 2555 3064 διεστραμμένη.
2598 3010 2616 3043 ι
2663 2988 2829 3044 Ἀλλὰ
2858 2989 3051 3060 καιρὸν
3078 2990 3257 3052 διδοὺς
3279 2990 3478 3053 αὐτοῖς
3499 2984 3696 3059 ὲμπρόο

2121 3086 2322 3155 θεσμον
2343 3086 2424 3147 ei;
2456 3083 2773 3155 μετάνοιαν,
2799 3082 2968 3152 φησίν
2993 3097 3009 3113 ⁸
3045 3099 3067 3133 ι
3105 3079 3449 3136 Ἐσονταιδδ
3478 3081 3533 3133 αί
3561 3079 3691 3149 ἠμέ-

446 3158 711 3228 pravique
742 3165 925 3263 saeculi
970 3182 1095 3222 meo
1140 3168 1197 3223 in
1243 3182 1541 3243 conspectu
1577 3174 1737 3234 facile
1771 3178 2016 3249 justissi-

2129 3195 2219 3248 ραι
2244 3176 2425 3230 αὐτῶν
2454 3175 2550 3243 ἐτη
2590 3171 2693 3243 ρκ’,
2733 3193 2751 3224 ι
2794 3172 2845 3226 εἰ
2878 3172 2974 3227 καὶ
3023 3169 3200 3225 ταῦτα
3232 3172 3416 3226 πάντα
3448 3170 3544 3224 οὐκ
3567 3168 3687 3236 ιζηο

448 3262 596 3302 mnm
618 3252 682 3305 ¹¹.
720 3271 740 3305 ι
780 3250 956 3313 Simul
986 3268 1198 3330 tempus
1221 3265 1434 3321 caeteris
1463 3266 1748 3324 definitum
1776 3271 1844 3326 ad
1875 3271 2015 3327 resi—

2130 3286 2231 3322 σαν
2262 3268 2351 3321 διὰ
2409 3267 2509 3335 τὴν
2565 3272 2767 3319 κακίαν
2820 3262 3042 3317 αὐτῶνθ
3070 3262 3123 3315 oi
3156 3262 3270 3332 γὰρ
3296 3262 3371 3332 μὴ
3394 3261 3686 3330 φθάσαντες

448 3343 770 3411 piscendum
809 3350 1055 3410 tribuens
1097 3355 1315 3426 inquit:
1351 3377 1372 3411 ι
1411 3357 1671 3431 Reliquos
1699 3363 1781 3418 eis
1819 3364 2013 3420 faciam

2129 3359 2212 3412 διὰ
2241 3358 2405 3428 μέσου
2428 3357 2536 3410 τῶν
2566 3356 2761 3410 ἑκατὸν
2796 3354 3151 3424 μετανοῆσαι,
3170 3352 3299 3408 οὐδὲ
3317 3355 3377 3407 ὲν
3394 3355 3503 3414 τοῖς
3524 3349 3685 3403 εἴκοσι

448 3448 627 3499 annos
656 3437 780 3492 120.
814 3459 834 3493 ι
875 3442 1193 3515 Quanquam
1225 3462 1298 3507 ne
1335 3451 1435 3508 hos
1465 3453 1688 3522 quidem
1727 3455 2015 3511 universos

2129 3450 2461 3520 μετενόησαν
2502 3448 2590 3502 ἄν.
2623 3446 2864 3515 Πρόσεχε
2917 3444 2977 3498 δὲ
3026 3443 3110 3498 ὅτι
3140 3443 3275 3499 ποτὲ
3324 3444 3421 3514 μὲν
3449 3442 3516 3512 ἠν
3539 3442 3690 3494 ὑπισ-

447 3529 697 3585 vixcrunt
726 3545 950 3604 propter
982 3537 1252 3608 insignem
1289 3547 1731 3613 perversitatem.
1759 3545 1891 3601 Nam
1925 3547 2018 3617 qui

2129 3543 2323 3612 [νεῖται
2377 3539 2562 3594 δοῦναι
2630 3537 2774 3608 ζωὴν
2812 3535 3114 3611 ὑποτέμνει
3140 3575 3155 3599 ,
3203 3534 3285 3598 ὡς
3315 3534 3567 3596 ἐνταῦθα,
3601 3531 3688 3585 ἐὰν

450 3621 600 3688 prius
645 3624 881 3682 durante
932 3629 1033 3685 100
1079 3646 1350 3690 annorum
1387 3637 1677 3692 intervallo
1707 3653 1823 3693 ιιοιι
1878 3639 2019 3693 resi-

2129 3635 2199 3706 μὴ
2239 3633 2689 3704 μετανοήσωμεν,
2722 3627 2859 3683 ποτε
2890 3628 2949 3682 δὲ
2972 3627 3218 3681 ἀπειλῶν
3253 3628 3519 3683 ἀπολέσαι
3541 3622 3689 3676 τοῦτο

449 3725 700 3783 puerant,
722 3718 863 3774 intra
886 3721 1076 3793 viginti
1101 3742 1275 3781 annos
1304 3729 1685 3797 paenitentiam
1710 3731 1881 3784 acturi
1909 3745 2019 3786 non

2129 3728 2180 3781 ad
2221 3729 2370 3781 ποιεῖ
2400 3723 2866 3797 μετανοησάντων
2895 3720 3082 3791 ἡμῶν,
3104 3722 3182 3784 ώς
3212 3720 3312 3791 syri
3338 3719 3450 3772 τῶν
3484 3716 3692 3770 Νινευῖο

445 3815 626 3865 erant.
650 3811 827 3881 Atque
851 3813 957 3868 hoc
986 3815 1107 3871 loco
1136 3818 1268 3872 mihi
1290 3819 1523 3874 observa
1559 3819 1729 3875 Deum
1752 3820 2019 3876 nonnun-

2129 3821 2231 3874 τῶν
2262 3819 2413 3873 ἐστιν
2438 3818 2601 3899 tam.

447 3918 608 3969 quam
663 3907 823 3961 nobis
857 3924 872 3938 ·
896 3912 1345 3982 resipiscentibus
1386 3930 1510 3970 eam
1578 3916 1741 3971 vitam
1777 3917 2092 3987 praecidere
2130 3931 2293 3987 quam
2328 3915 2482 3984 prius
2513 3910 2892 3983 pollicebatur,
2918 3916 2979 3965 ut
3005 3908 3098 3964 hic
3131 3906 3249 3962 ﬁeri
3275 3906 3542 3969 videmus,
3567 3913 3694 3955 non-

447 4011 726 4067 nunquam
775 4003 1040 4059 minatu‘m
1095 4023 1155 4063 se
1200 4010 1543 4080 perditurum
1599 4025 1794 4082 reapse
1849 4011 2019 4066 minas

2129 4027 2175 4065 li]
2206 4008 2457 4078 exsequi,
2520 4007 2682 4062 nobis
2750 4003 3236 4077 resipiscentibus;
3278 4002 3335 4057 id
3363 3999 3507 4079 quod
3534 3994 3693 4051 Nine-

449 4090 577 4147 vitis
607 4095 856 4152 videmus
877 4104 1225 4159 usuvenisse.

526 4182 795 4241 Cmterum
820 4204 960 4259 aqua
992 4208 1157 4263 supra
1188 4195 1343 4265 ipsos
1375 4208 1588 4251 montes
1648 4197 1893 4252 excrevit
1956 4196 2019 4251 ad

2208 4194 2285 4249 Τδ
2308 4196 2365 4248 δὲ
2392 4195 2537 4266 ὕδωρ
2572 4193 2763 4264 ὑψώθη
2800 4193 2990 4246 ἐπάνω
3027 4188 3138 4243 τῶν
3178 4189 3358 4260 ὀρέων
3387 4190 3477 4243 ἐπὶ
3510 4186 3698 4255 πήχεσι

455 4274 521 4339 15
560 4292 733 4346 usque
763 4281 1001 4349 cubitus,
1036 4296 1097 4339 ut
1127 4285 1374 4340 eveniret
1399 4286 1542 4355 quod
1596 4285 1840 4340 futurum
1878 4285 2019 4339 Deus

2136 4288 2553 4351 πεντεκαίδεκα,
2615 4286 2702 4340 ίνα
2750 4286 2822 4339 τὰ
2849 4284 2950 4353 τῆς
2981 4282 3134 4346 θείας
3184 4281 3449 4352 πληρωθῇ
3492 4275 3696 4345 ἀποφά-

451 4366 691 4421 minatus
718 4370 936 4426 luerat:
974 4392 995 4426 ι
1020 4375 1293 4445 Quidquid
1330 4387 1509 4448 ortum
1542 4386 1627 4431 est
1659 4375 1877 4440 delebo,
1908 4390 2018 4430 non

454 4460 707 4518 homines
741 4465 938 4530 solum,
972 4467 1068 4521 sed
1096 4469 1264 4523 etiam
1295 4484 1494 4538 pecora
1546 4478 1603 4523 et
1660 4469 1903 4538 reptilia,
1963 4479 2021 4523 et

455 4555 732 4621 s'olnrres,
764 4574 885 4626 quas
914 4561 1014 4613 sub
1042 4562 1186 4616 ctelo
1213 4571 1343 4616 sunt
1379 4562 1444 4615 ¹³.
1490 4581 1508 4615 ι
1547 4561 1760 4631 Quippe
1818 4561 1865 4615 si
1899 4570 2026 4615 tan-

454 4655 566 4701 tam
590 4650 656 4703 ad
678 4650 1024 4707 altitudinem
1056 4668 1161 4707 non
1189 4654 1547 4717 excrevisset,
1583 4654 1838 4708 volucres
1857 4653 2031 4707 haud-

453 4757 728 4818 quaquam
756 4747 1069 4816 periissent.
1098 4745 1166 4800 Et
1191 4747 1413 4816 quidem
1462 4762 1658 4814 aquam
1689 4747 1917 4817 huiusce
1948 4747 2032 4801 di-

454 4835 587 4890 luvii
622 4848 836 4893 montes
880 4839 1044 4895 etiam
1099 4840 1531 4896 sublimissimos
1587 4840 1895 4907 operuisse,
1945 4838 2031 4893 vel

454 4927 587 4983 hinc
621 4929 881 5001 colligere
934 4932 1084 4986 licet.
1120 4931 1349 4996 Quidam
1405 4947 1530 4985 cum
1574 4946 1608 4986 e
1639 4930 1829 4985 Libani
1869 4945 2032 4986 cacu-

457 5020 699 5077 minibus
726 5023 794 5076 ad
823 5031 1133 5077 structuras
1178 5022 1534 5077 aediﬁciorum
1579 5039 1708 5078 saxa
1769 5038 2033 5091 congere-

460 5121 605 5177 rent.
637 5124 995 5171 asseruerunt
1021 5130 1081 5169 sc
1116 5116 1257 5169 intra
1312 5115 1503 5171 Libani
1533 5115 1909 5171 concavitates
1944 5130 2030 5169 re-

462 5207 672 5275 perisse
716 5208 894 5276 pisces
934 5208 1220 5263 induratos
1251 5210 1304 5263 in
1336 5210 1467 5263 limo
1495 5209 1731 5275 deﬁxos,
1765 5208 1841 5262 uti
1871 5207 2034 5264 lose-

459 5299 602 5383 phns
640 5304 801 5356 etiam
836 5307 1114 5359 memoriae
1146 5302 1407 5371 prodidit.

528 5395 666 5450 Cum
698 5396 964 5452 diluvium
1032 5398 1307 5462 desiisset,
1367 5397 1478 5453 Noe
1529 5398 1642 5453 Deo
1698 5395 2032 5453 sacriﬁcium

459 5489 680 5546 obtulit.
712 5488 1077 5557 Quamobrem
1145 5492 1331 5547 istuc?
1376 5488 1444 5545 Ut
1482 5491 1548 5546 iis
1612 5491 1704 5560 qui
1741 5488 2034 5558 aliquando

458 5583 633 5637 futuri
657 5591 844 5638 essent
872 5583 1223 5647 infirmiores,
1266 5585 1437 5639 Deum
1471 5583 1768 5653 benignum
1812 5596 1877 5634 ac
1901 5595 2035 5649 pro-

460 5672 658 5741 pit‘um
691 5672 966 5738 redderet,
1000 5674 1143 5731 sicut
1165 5676 1401 5730 eximius
1430 5674 1520 5731 ille
1557 5673 1795 5745 Cyrillus
1829 5671 1928 5737 ait,
1961 5684 2032 5726 ne

547 5840 587 5871 "
622 5840 737 5895 Gen
795 5858 887 5910 vn,
923 5843 969 5898 l.
1072 5844 1114 5877 ”
1149 5844 1286 5900 Cen.
1320 5860 1389 5907 vr,
1428 5842 1479 5894 7.

2136 4397 2293 4444 σεως.
2332 4399 2351 4432 ι
2394 4378 2714 4447 Ἐξαλείψω,
2739 4377 2848 4445 γάρ
2881 4393 3037 4446 φησι,
3068 4376 3255 4428 πᾶσαν
3275 4374 3375 4445 τὴν
3408 4372 3697 4438 ἐξανάστα-

2135 4490 2219 4526 σιν
2245 4472 2311 4544 ἢν
2338 4473 2592 4544 ἐποίησα,
2623 4471 2732 4524 ἀπὸ
2756 4469 3053 4539 ἀνθρώποιο
3077 4468 3184 4530 ἕως
3200 4472 3455 4537 κτήνους,
3477 4465 3572 4518 καὶ
3597 4461 3698 4515 ἀπὸ

2135 4565 2382 4635 ἑρπετῶν
2411 4564 2517 4626 ἕως
2544 4562 2808 4615 πετεινῶν
2843 4560 3105 4613 ὕποκὰτω
3137 4559 3231 4613 τοῦ
3266 4556 3521 4628 οὐρανοῦ.
3564 4574 3584 4608 ι
3641 4552 3698 4605 E!

2132 4658 2208 4729 μὴ
2239 4658 2349 4728 γὰρ
2403 4655 2598 4727 ὑψώθη
2640 4652 2918 4715 τοσοῦτον,
2956 4653 3055 4705 οὐκ
3093 4651 3159 4705 ἂν
3211 4652 3275 4705 τὸ
3307 4653 3416 4705 τῶν
3447 4646 3701 4703 πετεινῶν

2129 4748 2380 4801 ἀπώλετο
2408 4748 2593 4817 γένος.
2652 4742 2776 4796 Ὅτι
2806 4741 2862 4795 δὲ
2888 4742 3146 4811 ὑπεράνω
3191 4741 3303 4794 τῶν
3362 4739 3702 4810 ὐῂλοτέρων

2128 4840 2301 4909 ὀρέων
2330 4837 2545 4907 ἐπήρθη
2577 4836 2640 4889 τὸ
2683 4833 2828 4905 ὕδωρ
2862 4835 2956 4888 inti.
2989 4832 3086 4886 τοῦ
3124 4828 3536 4900 κατακλυσμοῦ,
3571 4828 3702 4880 καν-

2130 4931 2322 4988 τεῦθεν
2352 4929 2661 4983 πιστοῦται.
2704 4928 2902 4990 Λίθους
2931 4925 3041 4995 γάρ
3079 4941 3222 4986 τινες
3261 4925 3327 4976 ὲκ
3348 4922 3458 4976 τῶν
3489 4920 3580 4974 τοῦ
3617 4920 3704 4972 Λι-

2135 5025 2303 5079 ϐάνου
2359 5021 2679 5092 ἁκρωρειῶν
2751 5020 2835 5081 εἱς
2891 5016 3180 5086 οἰκοδομὰς
3224 5013 3699 5087 μετακομίζοντες.

2137 5114 2538 5170 διεϐεϐαιοῦντο
2565 5112 2640 5174 ώς
2670 5105 2829 5182 εὗρον
2855 5111 2913 5163 ἐν
2950 5111 3062 5172 τοῖς
3096 5109 3405 5176 κοιλώμασι
3430 5105 3523 5158 τοῦ
3546 5101 3703 5156 Λιδά-

2140 5227 2233 5262 νου
2268 5206 2459 5278 ἰχθύας
2496 5201 2991 5274 τεταριχευμένους
3019 5201 3111 5253 καὶ
3134 5203 3202 5271 τῇ
3241 5199 3349 5253 ί).ύῖ
3374 5195 3699 5264 πεπηγότας,

2142 5299 2286 5354 καθὰ
2315 5314 2451 5369 φησι
2490 5284 2586 5349 καί
2630 5297 2915 5365 Ἰώσηπος.

2211 5390 2370 5446 Μετὰ
2400 5389 2457 5442 δὲ
2506 5387 2606 5457 τὴν
2634 5386 2729 5441 τοῦ
2769 5385 3161 5455 κατακλυσμοῦ
3217 5381 3433 5435 παῦλαν
3465 5375 3652 5431 θυσίαν
3677 5373 3704 5425 6

2137 5483 2261 5538 Νῶε
2292 5462 2370 5551 τῷ
2399 5478 2518 5549 Θεῷ
2552 5479 2841 5549 ἀνήνεγκε.
2866 5478 3025 5540 Τίνος
3050 5476 3271 5541 suae);
3301 5471 3420 5526 Ἰνα
3440 5471 3563 5532 ’τοῖς
3589 5468 3702 5519 ἐσο-

2142 5574 2324 5647 μένοις
2393 5576 2453 5626 ὲν
2489 5571 2747 5643 ἀσθενείᾳ
2812 5568 3178 5638 συγγνώμονά
3212 5583 3271 5619 τε
3324 5564 3422 5616 καὶ
3478 5554 3704 5630 γαληνὸν

2142 5664 2671 5738 προσαπεργάσηται
2722 5668 2818 5717 τὸν
2860 5664 3036 5729 ¹Θεὸν,
3070 5662 3148 5726 ὡς
3180 5664 3209 5716 ὁ
3259 5659 3436 5730 μέγας
3491 5651 3703 5718 διέξεισὸ
