3936 6460
190 423 296 491 249
316 504 321 507 _

1346 452 1353 459 ι
1435 415 1849 478 ANNALIUM
1889 417 2084 476 PARS
2130 417 2210 477 ll.

3362 417 3473 481 250

187 533 477 606 Κύριλλος,
505 531 592 588 ἵνα
626 533 702 606 μὴ
732 529 898 587 πάλιν
927 530 1027 600 μία
1051 529 1197 584 κατά
1231 528 1453 585 πάντων
1483 527 1772 582 ἐλεύσεται

1882 539 2102 581 rursum
2134 522 2434 596 aliquando
2466 539 2612 582 unus
2645 524 2915 581 adversus
2972 540 3171 582 omnes
3208 524 3470 583 .ferretur

185 626 383 695 ψῆφος,
414 625 651 696 δευτέρῳ
705 623 1083 694 κατακλυσμῷ
1114 623 1180 676 τὸ
1205 621 1553 693 ἀνθρώπικον
1584 622 1776 676 ὑποτι-

187 716 340 770 θεῖσα
373 717 554 785 γένος.
596 715 715 785 Ἐφ’
760 709 804 786 ᾦ
834 716 930 770 καὶ
974 710 1098 770 εἶπε
1150 715 1288 785 πρὸς
1324 713 1493 768 αὐτὸν
1522 716 1549 769 ὁ
1598 713 1730 779 Θεὸς
1756 730 1771 746 ο

191 809 556 879 ι-Διανοηθεὶς
608 808 800 873 οὐκέτι,
850 808 1152 881 προσθήσω
1199 808 1294 861 τοῦ
1349 808 1775 878 καταράσασθαι

186 901 283 970 τὴν
306 902 410 973 γῆν
447 898 535 954 διὰ
566 900 634 954 τά
669 898 808 970 ἔργα
839 899 953 954 ’τῶν
987 898 1319 971 ἀνθρώπων,
1345 897 1430 950 ὅτι
1465 896 1710 964 ἔγκειται
1738 897 1773 968 ἡ

190 993 399 1046 διάνοια
439 990 535 1045 τοῦ
593 990 887 1062 ἀνθρώπου
925 990 1021 1045 ἐπὶ
1083 990 1298 1059 πονηρά
1337 989 1401 1042 ἐκ
1430 989 1707 1059 νεότητος.
1746 1007 1768 1041 ι

190 1083 391 1137 Τούτου
418 1084 600 1154 χάριν,
624 1083 700 1146 ώς
729 1080 968 1155 εἴρηται,
1003 1082 1199 1137 Θυσίαν
1225 1083 1493 1154 ἀνήνεγκε
1519 1080 1597 1151 τῷ
1629 1081 1771 1152 Θεῷ.

191 1174 345 1229 Κατὰ
374 1175 482 1245 γάρ
515 1175 675 1228 τοῦτο
697 1175 789 1227 καὶ
816 1174 957 1228 ἑπτὰ
974 1174 1116 1227 ἐπτά
1131 1170 1417 1226 ἐκέλευσεν
1445 1174 1473 1226 ὁ
1499 1171 1632 1235 Θεὸς
1661 1171 1773 1226 ἀπὸ

185 1268 291 1323 τῶν
325 1268 587 1338 καθαρῶν
611 1268 941 1341 εἰσαχθῆναι
987 1268 1045 1321 ἐν
1074 1269 1143 1338 τῇ
1174 1265 1416 1335 κιϐωτῷ,
1454 1265 1550 1319 δύο
1581 1265 1674 1319 δύο
1714 1264 1772 1318 δὲ

187 1362 291 1415 ἀπὸ
317 1361 429 1415 τῶν
455 1362 808 1434 ἀκαθάρτων.
843 1360 1062 1432 Ἐπειδὴ
1085 1362 1197 1433 γὰρ
1226 1360 1422 1431 ἔμελλε
1463 1361 1773 1431 συγχωρεῖν

184 1456 294 1518 ταῖς
329 1454 643 1526 ἀνθρώποις
680 1456 1012 1526 μεταλαϐεῖν
1044 1456 1250 1527 κρεῶν,
1309 1454 1538 1525 ἔμελλον
1591 1454 1649 1508 δὲ
1675 1452 1773 1508 καὶ

187 1547 378 1610 θυσίας
411 1548 747 1618 προσφέρειν
784 1547 935 1618 αύτῷ
965 1547 1065 1619 τῆς
1089 1547 1376 1610 εὐσεϐείας
1403 1548 1452 1600 οί
1486 1546 1769 1617 τρόφιμοι,

188 1640 413 1694 πλείονα
442 1641 512 1695 τὰ
545 1639 763 1713 καθαρά
794 1641 1145 1714 φυλαχθῆναι
1172 1641 1507 1713 προσέταξε,
1542 1639 1641 1704 τὰς
1670 1638 1772 1709 μὲν

184 1737 332 1804 τρεῖς
360 1732 626 1804 συζυγίας
670 1737 761 1798 ἐἰς
814 1735 914 1808 τὴν
968 1733 1203 1807 αὔξησιν
1253 1733 1350 1789 τοῦ
1378 1734 1595 1803 γένους,
1624 1732 1685 1786 τὸ
1713 1732 1772 1786 δὲ

185 1825 440 1897 περιττὸν
468 1825 529 1879 ἓν
557 1827 639 1891 εἰς
665 1825 879 1884 θυσίαν.
940 1825 1114 1898 Ὀεδη
1156 1828 1253 1882 καὶ
1296 1825 1573 1899 πεποίηκε
1627 1824 1772 1896 μετά

183 1918 275 1970 τὸν
311 1919 720 1989 κατακλυσμὸν,
752 1918 863 1973 ἀπὸ
890 1918 1112 1974 πάντων
1154 1919 1266 1973 τῶν
1304 1917 1569 1989 καθαρῶν
1596 1933 1770 1988 προσ-

184 2010 415 2080 αγαγὼν
444 2010 521 2082 τῷ
554 2010 697 2081 Θεῷ,
728 2012 806 2078 ὡς
833 2007 975 2066 εἶναι
1003 2011 1163 2083 δῆλον
1184 2011 1267 2066 ὅτι
1292 2028 1358 2080 γε
1386 2009 1584 2065 τούτου
1608 2009 1773 2081 χάριν

184 2105 284 2159 ἀνά
308 2105 451 2159 ama
472 2087 806 2177 προσέταξεν
830 2107 891 2175 ἐξ
911 2106 1149 2179 ἑκάστου
1167 2106 1357 2174 γένους
1376 2105 1488 2159 τῶν
1511 2105 1772 2177 καθαρῶν

183 2199 239 2250 ἑν
267 2201 335 2269 τῇ
369 2198 587 2269 κιϐωτῷ
616 2199 962 2270 εἰσαχθῆναι,
997 2200 1086 2254 ἵνα
1103 2199 1165 2253 τὸ
1185 2199 1244 2253 ἓν
1275 2198 1414 2265 ζῶον
1444 2198 1504 2264 ἐξ
1535 2198 1771 2253 ἑκάστου

184 2290 375 2355 γένους
410 2292 439 2343 ὁ
471 2290 591 2343 Νῶε
651 2292 981 2363 προσφέρων
1040 2292 1117 2362 μὴ
1135 2288 1430 2363 διαφθείρῃ
1478 2291 1577 2356 τὰς
1608 2289 1774 2355 συζυ-

184 2381 329 2451 γίας.
352 2381 632 2457 Τοσοῦτον
665 2383 724 2438 δὲ
770 2383 871 2456 τὴν
922 2383 1019 2438 τοῦ
1047 2383 1174 2437 Νῶε
1208 2384 1534 2455 προαίρεσιν
1569 2381 1669 2436 ἐπὶ
1703 2385 1771 2454 τῇ

184 2479 521 2546 προσαγωγῇ
540 2477 639 2548 τῆς
664 2476 856 2550 θυσίας
881 2477 1185 2542 ἀπεδέξατο
1205 2478 1235 2539 ό
1268 2477 1426 2543 Θεὸς,
1447 2476 1525 2540 ὡς
1546 2477 1642 2531 καὶ
1674 2475 1799 2546 τὴν.

183 2566 406 2638 Γραφὴν
425 2567 598 2632 οὕτως
624 2571 802 2623 εἰπεῖν
821 2585 837 2602 ο
864 2588 884 2622 ι
902 2570 1016 2623 Καὶ
1043 2568 1348 2641 ώσφράνθη
1373 2568 1574 2641 Κύριος
1592 2556 1772 2639 ὀσμὴν

185 2658 436 2721 εὐωδίας.
482 2677 504 2711 ι
530 2659 688 2714 Μετὰ
717 2659 944 2731 γνώμης
976 2661 1163 2715 λοιπὸν
1196 2659 1386 2731 ὑγιοῦς
1416 2661 1514 2715 καὶ
1537 2662 1571 2730 η
1582 2661 1689 2730 μᾶς
1711 2659 1774 2714 τὸ

184 2752 298 2804 πᾶν
326 2750 655 2821 ἐργάζεσθαι
683 2752 815 2824 χρή.
842 2753 906 2807 Ei
933 2752 992 2806 δὲ
1015 2752 1115 2826 μὴ,
1148 2753 1251 2808 κᾶν
1274 2751 1455 2815 ὁτιοῦν
1485 2752 1775 2823 προσάξω-

187 2861 308 2912 μεν,
342 2844 832 2915 ἀποστραφήσεται
854 2844 989 2899 αὐτὸ
1008 2847 1037 2898 ό
1057 2846 1216 2911 Θεός.
1252 2845 1398 2916 Ὅρα
1430 2845 1540 2916 γὰρ
1560 2847 1648 2900 ὅτι
1675 2847 1773 2901 καὶ

183 2936 423 2991 ἐνταῦθα
475 2939 511 3008 ὴ
540 2938 635 2993 τοῦ
678 2937 892 2994 δικαίου
949 2937 1128 3009 ἀρετὴ
1156 2942 1252 2993 τὸν
1288 2939 1497 2995 καπνὸν
1536 2939 1631 2993 καὶ
1673 2938 1772 3009 τὴν

185 3031 413 3084 κνίσσαν
474 3031 651 3101 ὀσμὴν
706 3031 939 3096 εὐωδίας
977 3033 1313 3101 εἰργάσατο.
1344 3030 1491 3086 Ἀλλ’
1540 3030 1636 3084 ἐπὶ
1663 3012 1773 3085 ἐῶν

197 3122 469 3177 Ἰουδαίων
500 3125 535 3189 ἡ
564 3123 674 3178 τῶν
712 3124 1107 3194 προσαγόντων
1139 3124 1377 3195 πονηρία
1409 3124 1471 3178 τὺ
1517 3123 1774 3196 θυμίαμα

183 3216 244 3271 τὺ
278 3217 479 3282 εὐῶδες
507 3210 790 3289 βδέλυγμα
814 3217 1056 3289 ὀφθῆναι
1082 3218 1524 3290 παρεσκεύασεν.

265 3482 326 3538 '0
362 3484 463 3554 μὲν
514 3485 609 3542 οὖν
678 3487 942 3560 Ἰώσηπος
971 3485 1071 3542 καὶ
1111 3487 1232 3541 κατ’
1258 3487 1421 3541 αὑτὸν
1444 3484 1537 3541 τὸν
1561 3486 1778 3558 κόρακα

184 3576 275 3633 τὸν
302 3577 645 3633 ἀπολνθὲντα
672 3582 823 3652 παρά
851 3580 948 3635 τοῦ
975 3579 1099 3634 Νῶε
1127 3579 1223 3634 τοῦ
1281 3580 1415 3635 ίδείν
1459 3582 1509 3633 εί
1536 3582 1597 3633 τὸ
1628 3580 1774 3653 ὕδωρ

112 3732 115 3733 ν
184 3672 482 3738 ἐκόπασεν,
519 3675 938 3746 ἐναντιούμενος
981 3675 1236 3746 φαίνεται
1292 3677 1361 3746 τῇ
1398 3674 1494 3728 τοῦ
1523 3675 1774 3739 Μωσέως

188 3764 420 3838 ἱστορίᾳ.
464 3764 837 3838 ’Υποστρέψαι
885 3768 982 3823 καὶ
1030 3767 1141 3839 γὰρ
1197 3767 1351 3843 πρὸς.
1382 3766 1483 3838 τὴν
1542 3766 1775 3821 κιϐωτὸν

183 3854 335 3925 λέγει
361 3858 454 3910 τὸν
479 3858 719 3930 κόρακα,
745 3859 819 3923 ώς
844 3860 941 3914 ἐπὶ
966 3860 1115 3931 πάσῃ
1138 3861 1206 3931 τῇ
1248 3863 1320 3931 γῇ
1341 3857 1437 3912 τοῦ
1469 3857 1663 3925 ὕδατος
1692 3860 1774 3915 ἔτι

184 3947 562 4020 λιμνάζοντος.
604 3952 662 4006 '0
688 3951 743 4007 δὲ
773 3953 981 4025 Μωσῆς
1012 3954 1144 4024 περὶ
1165 3954 1374 4008 τούτων
1393 3953 1539 4008 οὕτω
1566 3955 1736 4025 φησίν
1754 3967 1772 3985 ⁸

191 4058 212 4092 ι
248 4043 360 4101 Καὶ
405 4043 504 4113 οὐχ
560 4030 901 4115 ύπέστρεψεν
948 4045 979 4098 ὁ
1018 4044 1192 4116 κόραξ
1212 4044 1319 4109 ἕως
1344 4041 1407 4099 οὗ
1433 4045 1710 4116 ἐξηράνθη
1739 4047 1775 4116 ή

182 4133 281 4203 γῆ.
316 4153 336 4187 ι
360 4136 515 4189 Κατά
549 4136 659 4207 γὰρ
710 4136 871 4190 τοῦτο
926 4137 1024 4191 καὶ
1074 4138 1414 4210 περιστερὰν
1447 4136 1776 4193 ἀπέστειλεν

184 4224 436 4298 ὕστερον,
462 4225 560 4280 ἆτε
587 4229 652 4300 δη
688 4228 1087 4300 παλινοστῆσαι
1117 4231 1210 4283 τοῦ
1244 4216 1479 4302 κόρακος
1509 4231 1648 4302 πρὸς
1662 4232 1776 4303 ἀύ-

178 4318 273 4369 τὸν
306 4319 385 4386 μὴ
426 4317 775 4390 θελήσαντος.
844 4319 1007 4376 Ἀλλά
1055 4323 1152 4375 καὶ
1193 4312 1506 4392 ἱστορικοὺς
1562 4321 1776 4390 εἰσάγει

180 4413 335 4475 τινας
370 4414 399 4465 ὀ
440 4412 724 4482 Ἰώσηπος,
747 4414 876 4485 περί
901 4432 956 4468 τι
986 4413 1247 4483 λέγοντας
1275 4415 1403 4487 ὅρος
1435 4416 1537 4487 τῆς
1571 4418 1775 4489 Ἀρμε-

180 4507 299 4570 νίας
334 4504 673 4581 ὑψηλότατον
702 4508 760 4561 ἐν
783 4508 859 4577 τῷ
880 4507 979 4561 τοῦ
1006 4509 1399 4579 κατακλυσμοῦ
1437 4515 1773 4581 πεφευγέναι

1878 618 2144 686 calculus,
2176 634 2286 689 quo
2310 632 2496 695 genus
2532 619 2847 673 mortalium
2881 619 3040 674 alteri
3077 619 3293 675 diluvio
3328 623 3467 678 sub-

1872 711 2163 784 jiceretur.
2194 711 2409 768 Idcirco
2437 712 2584 771 Deus
2615 712 2699 768 his
2736 729 2862 768 eum
2903 715 3088 771 verbis
3120 716 3419 784 compellat
3451 734 3470 772 :

1884 824 1903 859 ι
1941 805 2122 861 Statui
2160 821 2287 862 cum
2325 805 2510 861 animo
2552 822 2677 863 meo
2726 823 3011 877 nunquam
3067 810 3332 879 deinceps
3363 819 3474 865 ter-

1877 914 1993 953 ram
2028 908 2179 955 tanta
2213 900 2436 955 diritate
2475 892 2726 977 prosequi
2759 911 2984 971 propter
3023 902 3314 957 hominum
3337 902 3470 958 faci-

1878 1008 2038 1059 nora,
2085 1008 2320 1063 quorum
2356 993 2720 1063 cogitationes
2749 1003 2803 1047 et
2834 994 3018 1048 studia
3055 994 3180 1049 inde
3214 1009 3393 1065 usque
3433 1009 3463 1049 a
3494 1030 3495 1033 η

1875 1088 2065 1156 pueris
2094 1088 2160 1143 ad
2179 1103 2346 1158 prava
2369 1102 2599 1157 quaeque
2622 1086 2886 1156 proclivia
2917 1100 3046 1142 sunt
3067 1086 3164 1141 “.i
3198 1086 3353 1142 Hanc.
3372 1088 3471 1158 igi-

1878 1186 1965 1234 tur
1985 1178 2056 1234 ob
2074 1194 2297 1233 causam
2319 1179 2651 1235 sacriﬁcium
2675 1179 2814 1234 illud
2835 1180 3059 1242 obtulit,
3094 1180 3255 1250 cujus
3298 1181 3464 1235 etiam
3492 1218 3497 1229 .

1875 1280 2133 1341 reSpectu
2153 1272 2510 1328 mandaverat
2531 1272 2677 1328 Deus
2698 1283 2760 1328 ut
2783 1288 2851 1328 ex
2878 1275 3106 1329 mundis
3130 1273 3469 1328 animalibus

1875 1363 1932 1418 in
1962 1378 2148 1419 aream
2187 1373 2441 1435 septena,
2478 1380 2544 1420 ex
2575 1365 2877 1421 immundis
2908 1365 3036 1419 bina
3066 1364 3468 1435 reciperentur.

1874 1454 2010 1510 Nam
2026 1455 2122 1526 qui
2164 1471 2194 1511 ο
2225 1457 2487 1513 carnibus
2506 1458 2760 1514 vescendi
2794 1466 3119 1527 potestatem
3148 1456 3472 1512 mortalibus

1875 1549 2125 1605 facturus
2155 1561 2295 1615 erat,
2324 1559 2491 1621 atque
2525 1550 2695 1605 etiam
2725 1551 2979 1606 litaturos
3027 1549 3134 1605 sibi
3185 1549 3474 1621 religiosus

1879 1642 2037 1712 127
2058 1642 2313 1699 homines
2328 1644 2557 1710 sciebat,
2571 1643 2784 1700 idcirco
2804 1642 3134 1699 mundorum
3149 1634 3469 1698 animalium

1874 1735 2053 1803 major
2100 1748 2369 1789 numerus
2421 1742 2676 1790 servatus
2721 1742 2828 1801 est,
2867 1749 3106 1804 quorum
3154 1735 3256 1788 tria
3315 1734 3477 1804 paria

1879 1826 2100 1897 generis
2129 1825 2495 1889 incremento,
2529 1826 2801 1897 reliquum
2831 1826 3101 1882 sacriﬁcio
3129 1825 3471 1882 destinatum

1874 1927 2057 1985 esset;
2091 1917 2144 1974 id
2175 1920 2319 1990 ‘quod
2345 1935 2378 1973 a
2409 1919 2620 1975 diluvio
2651 1917 2765 1975 Noe
2793 1934 2907 1974 non
2940 1919 3206 1990 neglexit,
3225 1919 3294 1973 de
3318 1920 3468 1972 onnti

1874 2010 2204 2066 mundorum
2243 2027 2503 2082 pecorum
2538 2027 2741 2083 genere
2770 2012 2883 2068 Deo
2918 2012 3177 2067 victimas
3208 2009 3471 2065 ollereus.

1873 2105 1953 2160 Ex
1990 2121 2102 2174 quo
2143 2106 2436 2175 perspicue
2463 2106 2593 2161 licet
2625 2105 2934 2178 intelligere
2968 2115 3261 2176 promeres
3297 2104 3472 2160 fuiSse

1871 2206 2235 2269 pra-ceptum,
2257 2208 2558 2269 utseptena
2587 2198 2642 2253 in
2675 2212 2861 2253 aream
2891 2194 3148 2261 aniinalia
3183 2210 3471 2254 sumeren-

1873 2300 1986 2357 tur,
2027 2308 2099 2347 ne
2133 2291 2249 2349 Noe
2300 2308 2472 2348 unum
2504 2292 2710 2347 animal
2761 2308 2829 2347 ex
2859 2295 3057 2361 quovis
3103 2308 3305 2364 genere
3358 2290 3485 2347 Deo

1872 2390 2122 2436 mactans
2150 2381 2269 2452 ipsa
2310 2382 2461 2452 paria
2501 2382 2837 2437 distraheret
2866 2390 3034 2453 atque
3063 2398 3471 2453 corrumperet.

1871 2473 2147 2531 Cteterum'
2173 2471 2346 2546 usQné
2367 2475 2507 2532 adeo
2536 2475 2763 2531 Deus‘in
2795 2477 3076 2532 oblatione
3105 2477 3269 2545 huius
3293 2478 3474 2533 sacri—

1874 2565 1982 2621 ﬁcii
2031 2564 2161 2623 Noae
2193 2568 2439 2623 studium
2470 2583 2537 2624 ac
2579 2569 2919 2625 voluntatem
2971 2571 3247 2641 probavit,
3294 2581 3354 2626 ιιι
3389 2571 3477 2626 his

1874 2659 1950 2713 uti
1979 2658 2159 2713 verbis
2182 2659 2411 2715 Litterae,
2433 2675 2606 2717 sacrae
2648 2674 2762 2716 non
2807 2661 3217 2716 dubitavi-rint:
3257 2679 3278 2712 ι
3312 2662 3476 2717 Dele-

1874 2760 2053 2807 ctatus
2073 2763 2162 2808 est
2184 2751 2329 2808 Deus
2356 2753 2542 2808 odoris
2574 2754 2722 2808 illius
2756 2755 3115 2810 suavitate".
3158 2773 3178 2808 ι
3217 2755 3473 2824 Quapro-

1874 2832 1999 2914 pter
2026 2859 2127 2901 nos
2159 2861 2379 2916 quoque
2412 2846 2550 2900 nihil
2584 2862 2695 2901 non
2738 2847 2928 2902 animo
2958 2862 3098 2902 sano
3122 2858 3177 2902 et
3214 2863 3356 2918 puro
3392 2848 3489 2902 (δι’

1874 2939 2108 3004 ciamus,
2129 2938 2342 3010 absque
2362 2953 2472 3009 quo
2487 2938 2680 3004 fuerit,
2705 2940 2935 2994 omnino
2958 2939 3106 2995 Deus
3127 2940 3476 2997 aversabitnr

1875 3031 2245 3101 quodcunque
2277 3033 2498 3088 tandem
2538 3043 2570 3087 a
2614 3032 2776 3088 nobis
2820 3032 3109 3088 oll'eratur.
3142 3030 3282 3087 Nam
3318 3033 3477 3089 vides

1877 3122 1969 3179 hic
2002 3123 2263 3204 virtutem
2296 3123 2429 3193 justi
2472 3123 2714 3181 hominis
2745 3124 2817 3179 de
2847 3124 2968 3194 ipso
3001 3125 3154 3180 fumo
3185 3139 3253 3180 ac
3276 3125 3475 3183 nidore

1876 3215 2267 3273 suavissimum
2294 3216 2523 3273 odorem
2568 3215 2842 3281 effecisse,
2878 3234 3007 3273 cum
3052 3218 3199 3288 apud
3249 3218 3470 3275 Judaeos

1878 3314 2121 3385 pravitas
2156 3312 2507 3370 offerentium
2548 3313 2759 3370 faceret
2795 3322 2855 3369 ut
2899 3313 3115 3370 sumtus
3145 3313 3311 3370 etiam
3359 3313 3477 3369 fra-

1877 3404 2266 3476 grantissimus
2294 3420 2325 3459 a
2362 3406 2477 3461 Deo
2507 3406 2712 3476 piaculi
2749 3406 2872 3462 loco
2908 3406 3227 3461 duceretur.
3502 3394 3519 3405 ”

1947 3494 2220 3552 Caeterum
2257 3496 2313 3551 in
2346 3496 2667 3552 narratione
2708 3496 2779 3552 de
2805 3512 2996 3563 corvo,
3026 3499 3120 3567 qui
3152 3513 3183 3552 α
3237 3496 3353 3552 Noa
3386 3494 3476 3553 (ii-

1876 3587 2084 3646 missus
2110 3588 2297 3644 fuitut
2326 3588 2644 3658 exploraret
2668 3603 2741 3644 an
2787 3605 2930 3659 aqua
2958 3589 3278 3654 defecisset,
3311 3589 3475 3647 Jose-

1877 3680 2023 3751 phus
2041 3679 2287 3737 historias
2309 3679 2475 3735 Mosis
2488 3690 2683 3750 aperte
2702 3679 3033 3757 refragatur.
3055 3682 3193 3736 Com
3206 3692 3477 3737 memorat

1877 3773 2027 3829 enim
2056 3786 2283 3826 corvum
2305 3771 2462 3826 illum
2487 3771 2555 3826 ad
2585 3786 2768 3829 arcam
2796 3773 3115 3838 revertisse,
3150 3774 3309 3843 quasi
3334 3789 3474 3842 aqua

1876 3880 1979 3937 per
2009 3879 2233 3921 omnem
2270 3874 2545 3921 terrarum
2571 3865 2765 3921 orbem
2796 3866 2978 3921 adhuc
3010 3875 3378 3936 restagnaret.
3403 3871 3478 3921 At

1877 3957 2057 4013 Moses
2091 3956 2207 4012 haec
2239 3958 2293 4012 in
2336 3957 2486 4014 hunc
2518 3958 2745 4013 modum
2773 3968 3003 4015 narrat:
3035 3977 3054 4011 ι
3096 3955 3214 4013 Non
3247 3959 3478 4014 revertit

1877 4063 2101 4117 corvus,
2160 4049 2341 4123 donec
2380 4051 2450 4105 ab
2508 4052 2669 4121 aquis
2721 4050 2995 4107 exsiccata
3046 4059 3191 4107 terra
3244 4050 3408 4108 foret.
3446 4070 3470 4104 ι

1876 4136 2012 4192 Nam
2043 4138 2136 4194 illa
2172 4139 2289 4210 ipsa
2325 4138 2395 4195 de
2414 4154 2581 4195 causa
2614 4140 2930 4197 columbam
2968 4142 3233 4214 deinceps
3266 4144 3476 4213 emisit,

1877 4230 2026 4301 quod
2073 4246 2281 4287 corvus
2305 4232 2489 4288 redire
2520 4233 2812 4290 noluisset.
2848 4235 2994 4290 Idem
3039 4235 3312 4306 Josepbus
3340 4253 3474 4309 pro-

1878 4324 1971 4380 bat
2029 4325 2366 4382 auctoritate
2429 4316 2798 4397 quorumdam
2857 4329 3276 4400 historicorum,
3333 4328 3499 4404 quos'

1878 4417 2037 4481 citat,
2082 4416 2275 4471 diluvii
2321 4425 2574 4486 tempore
2614 4417 2884 4486 quosdam
2910 4417 3167 4474 homines
3190 4420 3243 4474 in
3273 4420 3478 4476 altissi-
3553 4447 3557 4451 -

1877 4524 2031 4588 mum
2056 4508 2335 4564 Armeniae
2375 4518 2618 4565 montem
2640 4509 2979 4581 confugisse,
3009 4522 3178 4581 atque
3208 4511 3281 4567 ibi
3312 4515 3476 4570 saluti

180 4599 359 4670 καιρῷ
385 4580 825 4670 τώγ’ἀνθρώπων
850 4601 1024 4668 τινὰς,
1067 4603 1292 4657 κάκεῖσε
1339 4580 1620 4675 σωτηρίας
1680 4605 1771 4660 διὰ

1879 4583 1994 4658 suae
2027 4617 2129 4672 per
2172 4602 2348 4672 ipsius
2394 4602 2603 4659 montis
2653 4602 3049 4660 sublimitatem
3100 4606 3473 4663 consuluisse.

177 4692 242 4744 τὸ
297 4690 431 4762 ὕψος
476 4696 687 4763 τυχεῖν.
739 4692 880 4748 Ἀλλ’
919 4694 1027 4760 ἔξω
1079 4695 1366 4765 βάλλουσιν
1414 4698 1616 4752 ἐκεῖνοι
1673 4699 1768 4752 τοῦ

181 4785 411 4847 σκοποῦ,
462 4789 562 4839 καὶ
609 4786 710 4856 τῆς
753 4786 971 4851 εὐθείας
1020 4789 1223 4859 πόρρω
1253 4806 1356 4844 που
1390 4792 1673 4861 φέρονται.
1706 4793 1770 4847 Εἰ

178 4877 291 4946 γάρ
321 4876 513 4948 ὑψώθη
566 4879 691 4930 τότε
735 4879 797 4932 τὸ
837 4878 984 4951 ὕδωρ
1032 4881 1223 4935 ἐπάνω
1268 4883 1379 4937 τῶν
1413 4883 1769 4955 ύψηλοτάτων

177 4975 356 5043 ὁρέων
378 4975 473 5027 ἐπὶ
489 4976 689 5046 πήχεσι
713 4979 1133 5045 πεντεκαίδεκα,
1153 4981 1301 5035 καθά
1319 4980 1520 5052 Μωσῆς
1542 4983 1771 5054 ἱστορεῖ,

177 5068 284 5121 οὐκ
313 5069 382 5131 ἂν
401 5068 583 5121 ὁτιοῦν
612 5069 916 5142 ὑπελείφθη
961 5072 1267 5141 τηνικαῦτα
1292 5074 1440 5144 ὅρος,
1478 5074 1554 5139 ὡς
1589 5073 1771 5146 οἴμαι,

177 5164 307 5224 τοὺς
338 5163 397 5215 ἐν
421 5159 573 5232 αὐτῷ
594 5164 943 5231 πεφευγότας
991 5163 1176 5235 ἰσχύον
1214 5165 1473 5230 ἀϐλαϐεῖς
1503 5166 1773 5225 διασώσα-

180 5252 329 5306 σθαι.

261 5346 546 5430 ἨΔμέντοι
602 5353 835 5418 κιϐωτὸς
886 5359 1220 5429 τριακοσέων
1283 5358 1384 5428 μὲν
1426 5359 1652 5430 πηχέων
1703 5360 1768 5414 τὸ

180 5418 476 5517 μῆκοῖήῆν,
515 5450 851 5519 πεντήκοντα
978 5453 1039 5506 τὸ
1097 5418 1323 5519 πλάτος,
1342 5456 1405 5508 τὸ
1446 5418 1583 5525 hic;
1610 5456 1766 5528 τριά-

177 5554 362 5592 κοντα.
405 5538 591 5609 ιΙῆχυν
647 5542 706 5599 δὲ
750 5544 968 5599 ἀκούων
1000 5545 1077 5619 μὴ
1118 5549 1375 5620 τοιαύτην
1399 5545 1544 5603 εἶναι
1571 5551 1764 5622 νόμιζε

177 5633 337 5687 ὁποία
370 5635 450 5698 τίς
510 5637 629 5688 ἐστι
668 5639 801 5708 παρ’
861 5640 1015 5710 ἡμῖν.
1073 5640 1211 5695 ἀλλὰ
1242 5644 1655 5715 γεωμετρικήν.
1701 5644 1764 5700 '0

178 5727 288 5796 γὰρ
314 5727 546 5798 Μωσῆς,
572 5733 897 5806 γεωμέτρης
945 5736 1004 5802 ἐξ
1036 5736 1315 5806 Αἰγύπτου
1346 5736 1448 5806 ὢν,
1498 5737 1763 5809 τοιαύτην

249 5910 293 5943 “
325 5909 462 5968 Gen.
497 5915 747 5989 vttt,721.~
816 5917 862 5953 ³⁸
886 5920 1023 5981 ibid.

1880 4697 2084 4755 Verum
2119 4696 2173 4752 hi
2231 4711 2262 4750 a
2292 4710 2483 4767 scopo,
2536 4696 2683 4767 quod
2718 4697 2942 4764 dicitur,
2972 4697 3299 4757 aberrarunt
3329 4707 3386 4755 et
3441 4716 3473 4756 a

1879 4789 2074 4846 semita
2133 4798 2285 4844 recta
2337 4789 2502 4862 longe
2555 4788 2922 4846 deflexerunt.
2953 4789 3088 4845 Nam
3117 4790 3162 4846 si
3218 4806 3361 4862 aqua
3417 4793 3476 4849 id

1881 4886 2145 4955 temporis
2194 4898 2363 4955 supra
2390 4893 2608 4939 montes
2642 4898 2892 4955 quosque
2936 4884 3367 4942 sublimissimos
3401 4888 3472 4942 ad

1882 4979 1946 5033 15
1984 4992 2160 5049 usque
2212 4977 2432 5033 cubitos
2487 4977 2755 5042 excrevit,
2800 4979 3261 5047 quemadmodum
3295 4979 3478 5037 Moses
3537 5049 3544 5055 _

1875 5071 2160 5126 memoriae
2224 5069 2494 5139 prodidit,
2536 5069 2725 5124 nullus
2753 5084 2877 5125 mea
2927 5070 3149 5140 quidem
3202 5075 3477 5131 sententia

1874 5178 2035 5218 mons
2084 5164 2330 5232 reliquus
2361 5176 2484 5217 esse
2525 5162 2728 5230 potuit,
2758 5163 2853 5233 qui
2881 5179 2913 5219 a
2952 5164 3201 5234 periculo
3228 5178 3475 5225 servaret

1872 5257 2148 5313 immunes
2169 5264 2441 5327 quotquot
2474 5255 2531 5310 in
2563 5272 2690 5312 eum
2730 5257 3137 5329 confugissent.

1941 5352 2097 5407 Arcm
2135 5352 2313 5422 ipsius
2341 5350 2628 5421 longitudo
2656 5351 2771 5408 500
2802 5354 3023 5409 cubitos
3059 5355 3323 5425 habebat,
3346 5357 3503 5411 lati--

1872 5446 2009 5501 tudo
2039 5445 2131 5508 50,
2162 5443 2397 5500 altitudo
2428 5445 2518 5500 50.
2546 5444 2685 5500 Cum
2711 5457 2895 5504 autem
2927 5449 3097 5505 cubiti
3143 5452 3478 5506 vocabulum

1870 5537 2051 5606 audis,
2083 5553 2195 5592 non
2245 5538 2410 5592 talem
2443 5538 2671 5611 intelligi
2702 5550 2920 5611 putato,
2967 5543 3150 5613 qualis
3183 5540 3326 5613 apud
3375 5558 3473 5599 nos

1868 5640 1955 5687 est
1984 5631 2038 5686 in
2064 5646 2192 5699 usu,
2219 5629 2316 5686 sed
2345 5631 2771 5702 geometricum.
2797 5631 2979 5689 loses
3005 5634 3177 5700 enim,
3204 5634 3299 5706 qui
3323 5635 3471 5706 apud

1867 5722 2159 5798 Aigyptios
2193 5734 2372 5781 artem
2428 5725 2752 5796 geometria:
2800 5726 3113 5795 didicisset,
3145 5728 3202 5782 in
3256 5729 3363 5786 hac
3401 5729 3495 5785 de‘
