  <div class='ocr_page' id='page_1' title='image "/cluster/home/n/w/nwhite01/storage/ocr_20150623/158/coo.31924054870633/161.png"; bbox 0 0 3936 6458; ppageno 0'>
   <div class='ocr_carea' id='block_1_1' title="bbox 455 406 554 473">
    <p class='ocr_par' dir='ltr' id='par_1_1' title="bbox 455 406 554 473">
     <span class='ocr_line' id='line_1_1' title="bbox 455 406 554 473; baseline -0.02 0"><span class='ocrx_word' id='word_1_1' title='bbox 455 406 554 473; x_wconf 69' lang='lat'><strong>251</strong></span> 
     </span>
    </p>
   </div>
   <div class='ocr_carea' id='block_1_2' title="bbox 1705 414 2428 487">
    <p class='ocr_par' dir='ltr' id='par_1_2' title="bbox 1705 414 2428 487">
     <span class='ocr_line' id='line_1_2' title="bbox 1705 414 2428 487; baseline 0.006 -14"><span class='ocrx_word' id='word_1_2' title='bbox 1705 414 2129 487; x_wconf 72' lang='lat' dir='ltr'><strong>MICIIAELIS</strong></span> <span class='ocrx_word' id='word_1_3' title='bbox 2169 416 2428 477; x_wconf 76' lang='lat' dir='ltr'><strong>GLYLAt‘.</strong></span> 
     </span>
    </p>
   </div>
   <div class='ocr_carea' id='block_1_3' title="bbox 3588 422 3686 490">
    <p class='ocr_par' dir='ltr' id='par_1_3' title="bbox 3588 422 3686 490">
     <span class='ocr_line' id='line_1_3' title="bbox 3588 422 3686 490; baseline 0 0"><span class='ocrx_word' id='word_1_4' title='bbox 3588 422 3686 490; x_wconf 69' lang='lat'><strong>252</strong></span> 
     </span>
    </p>
   </div>
   <div class='ocr_carea' id='block_1_4' title="bbox 444 518 2032 608">
    <p class='ocr_par' dir='ltr' id='par_1_4' title="bbox 444 518 2026 597">
     <span class='ocr_line' id='line_1_4' title="bbox 444 518 2026 597; baseline 0 -19"><span class='ocrx_word' id='word_1_5' title='bbox 444 534 573 578; x_wconf 85' lang='lat' dir='ltr'><strong>arca</strong></span> <span class='ocrx_word' id='word_1_6' title='bbox 640 522 953 577; x_wconf 74' lang='lat' dir='ltr'><strong>narratione</strong></span> <span class='ocrx_word' id='word_1_7' title='bbox 1014 523 1258 578; x_wconf 87' lang='lat' dir='ltr'><strong>cubitum</strong></span> <span class='ocrx_word' id='word_1_8' title='bbox 1300 518 1571 595; x_wconf 74' lang='lat' dir='ltr'><strong>ejusmodi</strong></span> <span class='ocrx_word' id='word_1_9' title='bbox 1626 526 1883 597; x_wconf 89' lang='lat' dir='ltr'><strong>intelligit</strong></span> <span class='ocrx_word' id='word_1_10' title='bbox 1935 526 2026 595; x_wconf 90' lang='lat' dir='ltr'><strong>qui</strong></span> 
     </span>
    </p>
   </div>
   <div class='ocr_carea' id='block_1_5' title="bbox 2139 518 3687 608">
    <p class='ocr_par' dir='ltr' id='par_1_5' title="bbox 2139 528 3687 608">
     <span class='ocr_line' id='line_1_5' title="bbox 2139 528 3687 608; baseline 0.006 -28"><span class='ocrx_word' id='word_1_11' title='bbox 2139 528 2236 598; x_wconf 57' lang='grc' dir='ltr'><strong>ἔφη</strong></span> <span class='ocrx_word' id='word_1_12' title='bbox 2280 532 2457 600; x_wconf 79' lang='grc' dir='ltr'>πῆχυν</span> <span class='ocrx_word' id='word_1_13' title='bbox 2480 531 2573 584; x_wconf 74' lang='grc' dir='ltr'><strong>ἐπὶ</strong></span> <span class='ocrx_word' id='word_1_14' title='bbox 2598 531 2697 601; x_wconf 83' lang='grc' dir='ltr'>τῆς</span> <span class='ocrx_word' id='word_1_15' title='bbox 2727 531 2990 598; x_wconf 75' lang='grc' dir='ltr'>κιϐωτοῦ,</span> <span class='ocrx_word' id='word_1_16' title='bbox 3018 532 3142 604; x_wconf 78' lang='grc' dir='ltr'>ἥτις</span> <span class='ocrx_word' id='word_1_17' title='bbox 3190 533 3418 603; x_wconf 86' lang='grc' dir='ltr'>ὀργυιὰν</span> <span class='ocrx_word' id='word_1_18' title='bbox 3444 539 3687 608; x_wconf 70' lang='grc' dir='ltr'>μεγίστην</span> 
     </span>
    </p>
   </div>
   <div class='ocr_carea' id='block_1_6' title="bbox 446 615 2028 687">
    <p class='ocr_par' dir='ltr' id='par_1_6' title="bbox 446 615 2028 687">
     <span class='ocr_line' id='line_1_6' title="bbox 446 615 2028 687; baseline 0.001 -19"><span class='ocrx_word' id='word_1_19' title='bbox 446 616 745 681; x_wconf 79' lang='lat' dir='ltr'><strong>maximam</strong></span> <span class='ocrx_word' id='word_1_20' title='bbox 777 618 960 668; x_wconf 84' lang='lat' dir='ltr'><strong>ulnam</strong></span> <span class='ocrx_word' id='word_1_21' title='bbox 997 615 1256 669; x_wconf 79' lang='lat' dir='ltr'><strong>clliceret.</strong></span> <span class='ocrx_word' id='word_1_22' title='bbox 1296 615 1430 669; x_wconf 79' lang='lat' dir='ltr'><strong>Nam</strong></span> <span class='ocrx_word' id='word_1_23' title='bbox 1460 615 1699 687; x_wconf 62' lang='lat' dir='ltr'><strong>Egyptii</strong></span> <span class='ocrx_word' id='word_1_24' title='bbox 1736 617 1923 685; x_wconf 85' lang='lat' dir='ltr'><strong>pruni,</strong></span> <span class='ocrx_word' id='word_1_25' title='bbox 1947 631 2028 669; x_wconf 81' lang='lat' dir='ltr'><strong>re-</strong></span> 
     </span>
    </p>
   </div>
   <div class='ocr_carea' id='block_1_7' title="bbox 444 702 2027 778">
    <p class='ocr_par' dir='ltr' id='par_1_7' title="bbox 444 702 2027 778">
     <span class='ocr_line' id='line_1_7' title="bbox 444 702 2027 778; baseline 0.001 -19"><span class='ocrx_word' id='word_1_26' title='bbox 444 707 657 761; x_wconf 78' lang='lat' dir='ltr'><strong>ferente</strong></span> <span class='ocrx_word' id='word_1_27' title='bbox 686 706 912 776; x_wconf 81' lang='lat' dir='ltr'><strong>Cyrillo,</strong></span> <span class='ocrx_word' id='word_1_28' title='bbox 944 709 1301 777; x_wconf 78' lang='lat' dir='ltr'><strong>geometriam</strong></span> <span class='ocrx_word' id='word_1_29' title='bbox 1334 719 1557 778; x_wconf 82' lang='lat' dir='ltr'><strong>propter</strong></span> <span class='ocrx_word' id='word_1_30' title='bbox 1608 702 2027 777; x_wconf 77' lang='lat' dir='ltr'><strong>amplitudinem</strong></span> 
     </span>
    </p>
   </div>
   <div class='ocr_carea' id='block_1_8' title="bbox 446 799 2033 869">
    <p class='ocr_par' dir='ltr' id='par_1_8' title="bbox 446 799 2033 869">
     <span class='ocr_line' id='line_1_8' title="bbox 446 799 2033 869; baseline -0.001 -17"><span class='ocrx_word' id='word_1_31' title='bbox 446 806 608 852; x_wconf 80' lang='lat' dir='ltr'><strong>terrae</strong></span> <span class='ocrx_word' id='word_1_32' title='bbox 637 813 746 852; x_wconf 69' lang='lat' dir='ltr'><strong>suae</strong></span> <span class='ocrx_word' id='word_1_33' title='bbox 775 799 1004 868; x_wconf 81' lang='lat' dir='ltr'><strong>ejusque</strong></span> <span class='ocrx_word' id='word_1_34' title='bbox 1026 799 1354 853; x_wconf 80' lang='lat' dir='ltr'><strong>divisionem</strong></span> <span class='ocrx_word' id='word_1_35' title='bbox 1389 808 1733 869; x_wconf 80' lang='lat' dir='ltr'><strong>repererunt,</strong></span> <span class='ocrx_word' id='word_1_36' title='bbox 1764 814 1887 851; x_wconf 91' lang='lat' dir='ltr'><strong>cum</strong></span> <span class='ocrx_word' id='word_1_37' title='bbox 1917 813 2033 851; x_wconf 80' lang='lat' dir='ltr'><strong>mo—</strong></span> 
     </span>
    </p>
   </div>
   <div class='ocr_carea' id='block_1_9' title="bbox 445 889 2029 958">
    <p class='ocr_par' dir='ltr' id='par_1_9' title="bbox 445 889 2029 958">
     <span class='ocr_line' id='line_1_9' title="bbox 445 889 2029 958; baseline -0.001 -16"><span class='ocrx_word' id='word_1_38' title='bbox 445 898 533 942; x_wconf 79' lang='lat' dir='ltr'><strong>tus</strong></span> <span class='ocrx_word' id='word_1_39' title='bbox 571 889 814 944; x_wconf 87' lang='lat' dir='ltr'><strong>siderum</strong></span> <span class='ocrx_word' id='word_1_40' title='bbox 878 891 1247 945; x_wconf 79' lang='lat' dir='ltr'><strong>consideratio</strong></span> <span class='ocrx_word' id='word_1_41' title='bbox 1300 893 1371 945; x_wconf 87' lang='lat' dir='ltr'><strong>sit</strong></span> <span class='ocrx_word' id='word_1_42' title='bbox 1433 908 1462 944; x_wconf 84' lang='lat' dir='ltr'><strong>a</strong></span> <span class='ocrx_word' id='word_1_43' title='bbox 1516 890 1721 945; x_wconf 65' lang='lat' dir='ltr'><strong>Graecis</strong></span> <span class='ocrx_word' id='word_1_44' title='bbox 1765 889 2029 958; x_wconf 79' lang='lat' dir='ltr'><strong>perfecta.</strong></span> 
     </span>
    </p>
   </div>
   <div class='ocr_carea' id='block_1_10' title="bbox 441 981 2031 1053">
    <p class='ocr_par' dir='ltr' id='par_1_10' title="bbox 441 981 2031 1053">
     <span class='ocr_line' id='line_1_10' title="bbox 441 981 2031 1053; baseline 0.001 -18"><span class='ocrx_word' id='word_1_45' title='bbox 441 998 674 1052; x_wconf 88' lang='lat' dir='ltr'><strong>quorum</strong></span> <span class='ocrx_word' id='word_1_46' title='bbox 696 984 1113 1037; x_wconf 87' lang='lat' dir='ltr'><strong>observationes</strong></span> <span class='ocrx_word' id='word_1_47' title='bbox 1140 984 1302 1053; x_wconf 79' lang='lat'><strong>128</strong></span> <span class='ocrx_word' id='word_1_48' title='bbox 1324 984 1511 1053; x_wconf 73' lang='lat' dir='ltr'><strong>prima:</strong></span> <span class='ocrx_word' id='word_1_49' title='bbox 1536 982 1674 1051; x_wconf 85' lang='lat' dir='ltr'><strong>apud</strong></span> <span class='ocrx_word' id='word_1_50' title='bbox 1704 981 2031 1051; x_wconf 77' lang='lat' dir='ltr'><strong>Babylonios</strong></span> 
     </span>
    </p>
   </div>
   <div class='ocr_carea' id='block_1_11' title="bbox 442 1068 2031 1129">
    <p class='ocr_par' dir='ltr' id='par_1_11' title="bbox 442 1068 2031 1129">
     <span class='ocr_line' id='line_1_11' title="bbox 442 1068 2031 1129; baseline -0.001 -3"><span class='ocrx_word' id='word_1_51' title='bbox 442 1074 794 1128; x_wconf 74' lang='lat' dir='ltr'><strong>exstiterant.</strong></span> <span class='ocrx_word' id='word_1_52' title='bbox 838 1074 1030 1128; x_wconf 88' lang='lat' dir='ltr'><strong>Itidem</strong></span> <span class='ocrx_word' id='word_1_53' title='bbox 1064 1068 1315 1129; x_wconf 69' lang='lat' dir='ltr'><strong>doctrina</strong></span> <span class='ocrx_word' id='word_1_54' title='bbox 1346 1089 1700 1127; x_wconf 85' lang='lat' dir='ltr'><strong>numerorum</strong></span> <span class='ocrx_word' id='word_1_55' title='bbox 1733 1089 1762 1127; x_wconf 89' lang='lat' dir='ltr'><strong>a</strong></span> <span class='ocrx_word' id='word_1_56' title='bbox 1803 1073 2031 1127; x_wconf 75' lang='lat' dir='ltr'><strong>I’hceni-</strong></span> 
     </span>
    </p>
   </div>
   <div class='ocr_carea' id='block_1_12' title="bbox 442 1164 2028 1235">
    <p class='ocr_par' dir='ltr' id='par_1_12' title="bbox 442 1164 2028 1235">
     <span class='ocr_line' id='line_1_12' title="bbox 442 1164 2028 1235; baseline -0.002 -16"><span class='ocrx_word' id='word_1_57' title='bbox 442 1179 566 1219; x_wconf 87' lang='lat' dir='ltr'><strong>cum</strong></span> <span class='ocrx_word' id='word_1_58' title='bbox 602 1165 1004 1219; x_wconf 75' lang='lat' dir='ltr'><strong>mercatoribus</strong></span> <span class='ocrx_word' id='word_1_59' title='bbox 1034 1176 1118 1219; x_wconf 88' lang='lat' dir='ltr'><strong>est</strong></span> <span class='ocrx_word' id='word_1_60' title='bbox 1155 1165 1420 1235; x_wconf 79' lang='lat' dir='ltr'><strong>profecta.</strong></span> <span class='ocrx_word' id='word_1_61' title='bbox 1471 1164 1548 1218; x_wconf 73' lang='lat' dir='ltr'><strong>lie</strong></span> <span class='ocrx_word' id='word_1_62' title='bbox 1601 1165 1686 1217; x_wconf 88' lang='lat' dir='ltr'><strong>his</strong></span> <span class='ocrx_word' id='word_1_63' title='bbox 1741 1165 2028 1217; x_wconf 84' lang='lat' dir='ltr'><strong>hactenus.</strong></span> 
     </span>
    </p>
   </div>
   <div class='ocr_carea' id='block_1_13' title="bbox 519 1255 2029 1317">
    <p class='ocr_par' dir='ltr' id='par_1_13' title="bbox 519 1255 2029 1317">
     <span class='ocr_line' id='line_1_13' title="bbox 519 1255 2029 1317; baseline -0.002 -7"><span class='ocrx_word' id='word_1_64' title='bbox 519 1258 651 1311; x_wconf 78' lang='lat' dir='ltr'><strong>l’ost</strong></span> <span class='ocrx_word' id='word_1_65' title='bbox 680 1272 856 1311; x_wconf 83' lang='lat' dir='ltr'><strong>annos</strong></span> <span class='ocrx_word' id='word_1_66' title='bbox 909 1272 938 1311; x_wconf 94' lang='lat' dir='ltr'><strong>a</strong></span> <span class='ocrx_word' id='word_1_67' title='bbox 982 1258 1187 1310; x_wconf 78' lang='lat' dir='ltr'><strong>diluvio</strong></span> <span class='ocrx_word' id='word_1_68' title='bbox 1223 1258 1328 1311; x_wconf 76' lang='grc'><strong>556</strong></span> <span class='ocrx_word' id='word_1_69' title='bbox 1386 1257 1554 1311; x_wconf 86' lang='lat' dir='ltr'><strong>turris</strong></span> <span class='ocrx_word' id='word_1_70' title='bbox 1613 1264 1698 1309; x_wconf 88' lang='lat' dir='ltr'><strong>est</strong></span> <span class='ocrx_word' id='word_1_71' title='bbox 1740 1255 2029 1317; x_wconf 74' lang='lat' dir='ltr'><strong>:edilicata,</strong></span> 
     </span>
    </p>
   </div>
   <div class='ocr_carea' id='block_1_14' title="bbox 451 1344 2033 1416">
    <p class='ocr_par' dir='ltr' id='par_1_14' title="bbox 451 1344 2033 1416">
     <span class='ocr_line' id='line_1_14' title="bbox 451 1344 2033 1416; baseline -0.003 -15"><span class='ocrx_word' id='word_1_72' title='bbox 451 1349 768 1402; x_wconf 88' lang='lat' dir='ltr'><strong>hominibus</strong></span> <span class='ocrx_word' id='word_1_73' title='bbox 799 1349 852 1399; x_wconf 90' lang='lat' dir='ltr'><strong>in</strong></span> <span class='ocrx_word' id='word_1_74' title='bbox 905 1364 966 1401; x_wconf 82' lang='lat' dir='ltr'><strong>ea</strong></span> <span class='ocrx_word' id='word_1_75' title='bbox 999 1347 1330 1416; x_wconf 79' lang='lat' dir='ltr'><strong>perﬁcienda</strong></span> <span class='ocrx_word' id='word_1_76' title='bbox 1364 1346 1492 1398; x_wconf 89' lang='lat' dir='ltr'><strong>totis</strong></span> <span class='ocrx_word' id='word_1_77' title='bbox 1542 1346 1613 1397; x_wconf 70' lang='lat'><strong>40</strong></span> <span class='ocrx_word' id='word_1_78' title='bbox 1641 1344 1804 1398; x_wconf 87' lang='lat' dir='ltr'><strong>annis</strong></span> <span class='ocrx_word' id='word_1_79' title='bbox 1854 1345 2033 1398; x_wconf 86' lang='lat' dir='ltr'><strong>incas-</strong></span> 
     </span>
    </p>
   </div>
   <div class='ocr_carea' id='block_1_15' title="bbox 448 1422 2032 1499">
    <p class='ocr_par' dir='ltr' id='par_1_15' title="bbox 448 1422 2032 1499">
     <span class='ocr_line' id='line_1_15' title="bbox 448 1422 2032 1499; baseline -0.003 -6"><span class='ocrx_word' id='word_1_80' title='bbox 448 1455 569 1493; x_wconf 83' lang='lat' dir='ltr'><strong>sum</strong></span> <span class='ocrx_word' id='word_1_81' title='bbox 598 1422 1002 1493; x_wconf 74' lang='lat' dir='ltr'><strong>laborantibus.</strong></span> <span class='ocrx_word' id='word_1_82' title='bbox 1040 1439 1487 1492; x_wconf 80' lang='lat' dir='ltr'><strong>Cohortabantur</strong></span> <span class='ocrx_word' id='word_1_83' title='bbox 1519 1437 1690 1499; x_wconf 90' lang='lat' dir='ltr'><strong>enim,</strong></span> <span class='ocrx_word' id='word_1_84' title='bbox 1725 1450 1826 1488; x_wconf 87' lang='lat' dir='ltr'><strong>ceu</strong></span> <span class='ocrx_word' id='word_1_85' title='bbox 1854 1434 2032 1489; x_wconf 83' lang='lat' dir='ltr'><strong>Moses</strong></span> 
     </span>
    </p>
   </div>
   <div class='ocr_carea' id='block_1_16' title="bbox 447 1531 2026 1607">
    <p class='ocr_par' dir='ltr' id='par_1_16' title="bbox 447 1531 2026 1607">
     <span class='ocr_line' id='line_1_16' title="bbox 447 1531 2026 1607; baseline -0.003 -22"><span class='ocrx_word' id='word_1_86' title='bbox 447 1542 637 1607; x_wconf 78' lang='lat' dir='ltr'><strong>narrat</strong></span> <span class='ocrx_word' id='word_1_87' title='bbox 665 1533 732 1594; x_wconf 82' lang='lat'><strong>“,</strong></span> <span class='ocrx_word' id='word_1_88' title='bbox 762 1532 997 1586; x_wconf 77' lang='lat' dir='ltr'><strong>invicem</strong></span> <span class='ocrx_word' id='word_1_89' title='bbox 1025 1536 1083 1585; x_wconf 83' lang='lat' dir='ltr'><strong>ut</strong></span> <span class='ocrx_word' id='word_1_90' title='bbox 1106 1534 1303 1585; x_wconf 86' lang='lat' dir='ltr'><strong>lateres</strong></span> <span class='ocrx_word' id='word_1_91' title='bbox 1324 1531 1571 1584; x_wconf 81' lang='lat' dir='ltr'><strong>facerent</strong></span> <span class='ocrx_word' id='word_1_92' title='bbox 1592 1537 2026 1597; x_wconf 71' lang='lat' dir='ltr'><strong>coquerentque,</strong></span> 
     </span>
    </p>
   </div>
   <div class='ocr_carea' id='block_1_17' title="bbox 449 1620 2032 1691">
    <p class='ocr_par' dir='ltr' id='par_1_17' title="bbox 449 1620 2032 1691">
     <span class='ocr_line' id='line_1_17' title="bbox 449 1620 2032 1691; baseline 0.001 -17"><span class='ocrx_word' id='word_1_93' title='bbox 449 1625 652 1691; x_wconf 83' lang='lat' dir='ltr'><strong>quibus</strong></span> <span class='ocrx_word' id='word_1_94' title='bbox 689 1625 882 1678; x_wconf 82' lang='lat' dir='ltr'><strong>urbem</strong></span> <span class='ocrx_word' id='word_1_95' title='bbox 918 1626 1226 1691; x_wconf 86' lang='lat' dir='ltr'><strong>turrimque</strong></span> <span class='ocrx_word' id='word_1_96' title='bbox 1253 1624 1355 1676; x_wconf 87' lang='lat' dir='ltr'><strong>sibi</strong></span> <span class='ocrx_word' id='word_1_97' title='bbox 1389 1630 1760 1682; x_wconf 78' lang='lat' dir='ltr'><strong>exstruerem,</strong></span> <span class='ocrx_word' id='word_1_98' title='bbox 1793 1635 1917 1689; x_wconf 70' lang='lat' dir='ltr'><strong>qua:</strong></span> <span class='ocrx_word' id='word_1_99' title='bbox 1953 1620 2032 1675; x_wconf 81' lang='lat' dir='ltr'><strong>fa-</strong></span> 
     </span>
    </p>
   </div>
   <div class='ocr_carea' id='block_1_18' title="bbox 451 1712 2026 1785">
    <p class='ocr_par' dir='ltr' id='par_1_18' title="bbox 451 1712 2026 1785">
     <span class='ocr_line' id='line_1_18' title="bbox 451 1712 2026 1785; baseline -0.004 -15"><span class='ocrx_word' id='word_1_100' title='bbox 451 1717 613 1784; x_wconf 73' lang='lat' dir='ltr'><strong>stigio</strong></span> <span class='ocrx_word' id='word_1_101' title='bbox 637 1717 834 1771; x_wconf 54' lang='lat' dir='ltr'><strong>caelum</strong></span> <span class='ocrx_word' id='word_1_102' title='bbox 860 1716 1170 1785; x_wconf 76' lang='lat' dir='ltr'><strong>attingeret.</strong></span> <span class='ocrx_word' id='word_1_103' title='bbox 1201 1714 1602 1781; x_wconf 80' lang='lat' dir='ltr'><strong>Quamobrem?</strong></span> <span class='ocrx_word' id='word_1_104' title='bbox 1630 1713 1698 1768; x_wconf 90' lang='lat' dir='ltr'><strong>Ut</strong></span> <span class='ocrx_word' id='word_1_105' title='bbox 1722 1712 1765 1766; x_wconf 89' lang='lat' dir='ltr'><strong>si</strong></span> <span class='ocrx_word' id='word_1_106' title='bbox 1790 1714 2026 1764; x_wconf 85' lang='lat' dir='ltr'><strong>alterum</strong></span> 
     </span>
    </p>
   </div>
   <div class='ocr_carea' id='block_1_19' title="bbox 451 1803 2031 1877">
    <p class='ocr_par' dir='ltr' id='par_1_19' title="bbox 451 1803 2031 1877">
     <span class='ocr_line' id='line_1_19' title="bbox 451 1803 2031 1877; baseline -0.002 -18"><span class='ocrx_word' id='word_1_107' title='bbox 451 1807 716 1860; x_wconf 87' lang='lat' dir='ltr'><strong>diluvimn</strong></span> <span class='ocrx_word' id='word_1_108' title='bbox 751 1809 1050 1877; x_wconf 85' lang='lat' dir='ltr'><strong>ingrueret,</strong></span> <span class='ocrx_word' id='word_1_109' title='bbox 1085 1807 1152 1860; x_wconf 88' lang='lat' dir='ltr'><strong>ad</strong></span> <span class='ocrx_word' id='word_1_110' title='bbox 1177 1808 1298 1877; x_wconf 86' lang='lat' dir='ltr'><strong>ejus</strong></span> <span class='ocrx_word' id='word_1_111' title='bbox 1329 1822 1390 1860; x_wconf 87' lang='lat' dir='ltr'><strong>se</strong></span> <span class='ocrx_word' id='word_1_112' title='bbox 1424 1806 1682 1859; x_wconf 81' lang='lat' dir='ltr'><strong>verticem</strong></span> <span class='ocrx_word' id='word_1_113' title='bbox 1713 1803 2031 1857; x_wconf 79' lang='lat' dir='ltr'><strong>conferrent</strong></span> 
     </span>
    </p>
   </div>
   <div class='ocr_carea' id='block_1_20' title="bbox 451 1893 2027 1966">
    <p class='ocr_par' dir='ltr' id='par_1_20' title="bbox 451 1893 2027 1966">
     <span class='ocr_line' id='line_1_20' title="bbox 451 1893 2027 1966; baseline -0.001 -18"><span class='ocrx_word' id='word_1_114' title='bbox 451 1911 627 1965; x_wconf 76' lang='lat' dir='ltr'><strong>mque</strong></span> <span class='ocrx_word' id='word_1_115' title='bbox 658 1907 816 1966; x_wconf 87' lang='lat' dir='ltr'><strong>pacto</strong></span> <span class='ocrx_word' id='word_1_116' title='bbox 841 1898 1137 1951; x_wconf 83' lang='lat' dir='ltr'><strong>imminens</strong></span> <span class='ocrx_word' id='word_1_117' title='bbox 1165 1899 1233 1950; x_wconf 88' lang='lat' dir='ltr'><strong>ab</strong></span> <span class='ocrx_word' id='word_1_118' title='bbox 1259 1896 1419 1966; x_wconf 82' lang='lat' dir='ltr'><strong>aquis</strong></span> <span class='ocrx_word' id='word_1_119' title='bbox 1445 1898 1673 1949; x_wconf 83' lang='lat' dir='ltr'><strong>exitium</strong></span> <span class='ocrx_word' id='word_1_120' title='bbox 1699 1893 2027 1964; x_wconf 74' lang='lat' dir='ltr'><strong>eﬂugerent.</strong></span> 
     </span>
    </p>
   </div>
   <div class='ocr_carea' id='block_1_21' title="bbox 451 1985 2034 2055">
    <p class='ocr_par' dir='ltr' id='par_1_21' title="bbox 451 1985 2034 2055">
     <span class='ocr_line' id='line_1_21' title="bbox 451 1985 2034 2055; baseline -0.001 -14"><span class='ocrx_word' id='word_1_121' title='bbox 451 1985 663 2041; x_wconf 79' lang='lat' dir='ltr'><strong>Vanum</strong></span> <span class='ocrx_word' id='word_1_122' title='bbox 699 1990 846 2044; x_wconf 88' lang='lat' dir='ltr'><strong>hunc</strong></span> <span class='ocrx_word' id='word_1_123' title='bbox 885 1990 1126 2044; x_wconf 86' lang='lat' dir='ltr'><strong>laborem</strong></span> <span class='ocrx_word' id='word_1_124' title='bbox 1158 2000 1215 2044; x_wconf 89' lang='lat' dir='ltr'><strong>et</strong></span> <span class='ocrx_word' id='word_1_125' title='bbox 1236 1997 1496 2044; x_wconf 86' lang='lat' dir='ltr'><strong>conatum</strong></span> <span class='ocrx_word' id='word_1_126' title='bbox 1534 2003 1726 2043; x_wconf 85' lang='lat' dir='ltr'><strong>eorum</strong></span> <span class='ocrx_word' id='word_1_127' title='bbox 1768 1988 1910 2041; x_wconf 89' lang='lat' dir='ltr'><strong>Deus</strong></span> <span class='ocrx_word' id='word_1_128' title='bbox 1939 2003 2034 2055; x_wconf 83' lang='lat' dir='ltr'><strong>per</strong></span> 
     </span>
    </p>
   </div>
   <div class='ocr_carea' id='block_1_22' title="bbox 448 2064 2035 2152">
    <p class='ocr_par' dir='ltr' id='par_1_22' title="bbox 448 2064 2035 2152">
     <span class='ocr_line' id='line_1_22' title="bbox 448 2064 2035 2152; baseline -0.002 -18"><span class='ocrx_word' id='word_1_129' title='bbox 448 2079 833 2135; x_wconf 76' lang='lat' dir='ltr'><strong>confusionem</strong></span> <span class='ocrx_word' id='word_1_130' title='bbox 866 2064 1176 2152; x_wconf 70' lang='lat' dir='ltr'><strong>linguarum</strong></span> <span class='ocrx_word' id='word_1_131' title='bbox 1201 2080 1462 2136; x_wconf 88' lang='lat' dir='ltr'><strong>inhibuit.</strong></span> <span class='ocrx_word' id='word_1_132' title='bbox 1493 2080 1674 2135; x_wconf 83' lang='lat' dir='ltr'><strong>Verba</strong></span> <span class='ocrx_word' id='word_1_133' title='bbox 1704 2080 1927 2149; x_wconf 87' lang='lat' dir='ltr'><strong>quidem</strong></span> <span class='ocrx_word' id='word_1_134' title='bbox 1948 2095 2035 2131; x_wconf 87' lang='lat' dir='ltr'><strong>sa-</strong></span> 
     </span>
    </p>
   </div>
   <div class='ocr_carea' id='block_1_23' title="bbox 453 2172 2032 2245">
    <p class='ocr_par' dir='ltr' id='par_1_23' title="bbox 453 2172 2032 2245">
     <span class='ocr_line' id='line_1_23' title="bbox 453 2172 2032 2245; baseline -0.003 -20"><span class='ocrx_word' id='word_1_135' title='bbox 453 2173 563 2228; x_wconf 84' lang='lat' dir='ltr'><strong>cris</strong></span> <span class='ocrx_word' id='word_1_136' title='bbox 593 2173 650 2227; x_wconf 91' lang='lat' dir='ltr'><strong>in</strong></span> <span class='ocrx_word' id='word_1_137' title='bbox 708 2173 927 2228; x_wconf 81' lang='lat' dir='ltr'><strong>Litteris</strong></span> <span class='ocrx_word' id='word_1_138' title='bbox 952 2173 1070 2228; x_wconf 69' lang='lat' dir='ltr'><strong>lucc</strong></span> <span class='ocrx_word' id='word_1_139' title='bbox 1108 2174 1367 2245; x_wconf 84' lang='lat' dir='ltr'><strong>leguntur</strong></span> <span class='ocrx_word' id='word_1_140' title='bbox 1401 2190 1415 2227; x_wconf 88' lang='lat'><strong>:</strong></span> <span class='ocrx_word' id='word_1_141' title='bbox 1456 2191 1476 2224; x_wconf 86' lang='grc'><strong>‹</strong></span> <span class='ocrx_word' id='word_1_142' title='bbox 1517 2172 1595 2226; x_wconf 75' lang='lat' dir='ltr'><strong>En</strong></span> <span class='ocrx_word' id='word_1_143' title='bbox 1635 2188 1741 2225; x_wconf 90' lang='lat' dir='ltr'><strong>una</strong></span> <span class='ocrx_word' id='word_1_144' title='bbox 1773 2181 1857 2224; x_wconf 90' lang='lat' dir='ltr'><strong>est</strong></span> <span class='ocrx_word' id='word_1_145' title='bbox 1886 2186 2032 2224; x_wconf 88' lang='lat' dir='ltr'><strong>mor-</strong></span> 
     </span>
    </p>
   </div>
   <div class='ocr_carea' id='block_1_24' title="bbox 454 2264 2032 2335">
    <p class='ocr_par' dir='ltr' id='par_1_24' title="bbox 454 2264 2032 2335">
     <span class='ocr_line' id='line_1_24' title="bbox 454 2264 2032 2335; baseline 0 -18"><span class='ocrx_word' id='word_1_146' title='bbox 454 2264 642 2318; x_wconf 80' lang='lat' dir='ltr'><strong>talium</strong></span> <span class='ocrx_word' id='word_1_147' title='bbox 670 2267 841 2331; x_wconf 88' lang='lat' dir='ltr'><strong>natio,</strong></span> <span class='ocrx_word' id='word_1_148' title='bbox 885 2266 974 2335; x_wconf 88' lang='lat' dir='ltr'><strong>qui</strong></span> <span class='ocrx_word' id='word_1_149' title='bbox 1003 2266 1188 2320; x_wconf 84' lang='lat' dir='ltr'><strong>cuttoti</strong></span> <span class='ocrx_word' id='word_1_150' title='bbox 1241 2265 1437 2320; x_wconf 89' lang='lat' dir='ltr'><strong>eodem</strong></span> <span class='ocrx_word' id='word_1_151' title='bbox 1481 2280 1742 2319; x_wconf 84' lang='lat' dir='ltr'><strong>sermone</strong></span> <span class='ocrx_word' id='word_1_152' title='bbox 1778 2271 2032 2317; x_wconf 88' lang='lat' dir='ltr'><strong>utuntur.</strong></span> 
     </span>
    </p>
   </div>
   <div class='ocr_carea' id='block_1_25' title="bbox 456 2356 2036 2427">
    <p class='ocr_par' dir='ltr' id='par_1_25' title="bbox 456 2356 2036 2427">
     <span class='ocr_line' id='line_1_25' title="bbox 456 2356 2036 2427; baseline -0.001 -18"><span class='ocrx_word' id='word_1_153' title='bbox 456 2357 569 2427; x_wconf 86' lang='lat' dir='ltr'><strong>Age</strong></span> <span class='ocrx_word' id='word_1_154' title='bbox 597 2358 1021 2424; x_wconf 83' lang='lat' dir='ltr'><strong>descendamus,</strong></span> <span class='ocrx_word' id='word_1_155' title='bbox 1050 2367 1106 2412; x_wconf 88' lang='lat' dir='ltr'><strong>et</strong></span> <span class='ocrx_word' id='word_1_156' title='bbox 1138 2358 1210 2412; x_wconf 91' lang='lat' dir='ltr'><strong>ibi</strong></span> <span class='ocrx_word' id='word_1_157' title='bbox 1247 2372 1434 2413; x_wconf 88' lang='lat' dir='ltr'><strong>eorum</strong></span> <span class='ocrx_word' id='word_1_158' title='bbox 1461 2371 1772 2411; x_wconf 87' lang='lat' dir='ltr'><strong>sermonem</strong></span> <span class='ocrx_word' id='word_1_159' title='bbox 1804 2356 1876 2409; x_wconf 87' lang='lat' dir='ltr'><strong>ita</strong></span> <span class='ocrx_word' id='word_1_160' title='bbox 1901 2370 2036 2410; x_wconf 80' lang='lat' dir='ltr'><strong>con-</strong></span> 
     </span>
    </p>
   </div>
   <div class='ocr_carea' id='block_1_26' title="bbox 456 2448 2031 2518">
    <p class='ocr_par' dir='ltr' id='par_1_26' title="bbox 456 2448 2031 2518">
     <span class='ocr_line' id='line_1_26' title="bbox 456 2448 2031 2518; baseline -0.002 -15"><span class='ocrx_word' id='word_1_161' title='bbox 456 2449 774 2514; x_wconf 79' lang='lat' dir='ltr'><strong>fundamus,</strong></span> <span class='ocrx_word' id='word_1_162' title='bbox 804 2452 971 2505; x_wconf 87' lang='lat' dir='ltr'><strong>utalii</strong></span> <span class='ocrx_word' id='word_1_163' title='bbox 999 2453 1231 2505; x_wconf 86' lang='lat' dir='ltr'><strong>aliorum</strong></span> <span class='ocrx_word' id='word_1_164' title='bbox 1252 2452 1682 2505; x_wconf 87' lang='lat' dir='ltr'><strong>orationcmnon</strong></span> <span class='ocrx_word' id='word_1_165' title='bbox 1705 2448 2031 2518; x_wconf 76' lang='lat' dir='ltr'><strong>intelligant.</strong></span> 
     </span>
    </p>
   </div>
   <div class='ocr_carea' id='block_1_27' title="bbox 430 2540 2032 2613">
    <p class='ocr_par' dir='ltr' id='par_1_27' title="bbox 430 2540 2032 2613">
     <span class='ocr_line' id='line_1_27' title="bbox 430 2540 2032 2613; baseline -0.002 -16"><span class='ocrx_word' id='word_1_166' title='bbox 430 2542 642 2613; x_wconf 84' lang='lat' dir='ltr'><strong>’ltaque</strong></span> <span class='ocrx_word' id='word_1_167' title='bbox 702 2545 851 2599; x_wconf 89' lang='lat' dir='ltr'><strong>illine</strong></span> <span class='ocrx_word' id='word_1_168' title='bbox 881 2559 977 2599; x_wconf 90' lang='lat' dir='ltr'><strong>eos</strong></span> <span class='ocrx_word' id='word_1_169' title='bbox 1009 2560 1109 2612; x_wconf 87' lang='lat' dir='ltr'><strong>per</strong></span> <span class='ocrx_word' id='word_1_170' title='bbox 1139 2559 1331 2599; x_wconf 88' lang='lat' dir='ltr'><strong>omnes</strong></span> <span class='ocrx_word' id='word_1_171' title='bbox 1389 2554 1563 2598; x_wconf 83' lang='lat' dir='ltr'><strong>terras</strong></span> <span class='ocrx_word' id='word_1_172' title='bbox 1620 2543 1904 2605; x_wconf 87' lang='lat' dir='ltr'><strong>Dominus,</strong></span> <span class='ocrx_word' id='word_1_173' title='bbox 1938 2540 2032 2610; x_wconf 90' lang='lat' dir='ltr'><strong>qui</strong></span> 
     </span>
    </p>
   </div>
   <div class='ocr_carea' id='block_1_28' title="bbox 452 2634 2035 2705">
    <p class='ocr_par' dir='ltr' id='par_1_28' title="bbox 452 2634 2035 2705">
     <span class='ocr_line' id='line_1_28' title="bbox 452 2634 2035 2705; baseline -0.001 -17"><span class='ocrx_word' id='word_1_174' title='bbox 452 2635 596 2689; x_wconf 85' lang='lat' dir='ltr'><strong>Deus</strong></span> <span class='ocrx_word' id='word_1_175' title='bbox 621 2645 727 2699; x_wconf 90' lang='lat' dir='ltr'><strong>est,</strong></span> <span class='ocrx_word' id='word_1_176' title='bbox 759 2636 1041 2704; x_wconf 84' lang='lat' dir='ltr'><strong>dissipavit</strong></span> <span class='ocrx_word' id='word_1_177' title='bbox 1078 2636 1143 2689; x_wconf 84' lang='lat'><strong>&quot;.</strong></span> <span class='ocrx_word' id='word_1_178' title='bbox 1175 2655 1193 2686; x_wconf 76' lang='grc' dir='ltr'><strong><em>ι</em></strong></span> <span class='ocrx_word' id='word_1_179' title='bbox 1232 2638 1297 2691; x_wconf 70' lang='lat' dir='ltr'><strong>lit</strong></span> <span class='ocrx_word' id='word_1_180' title='bbox 1330 2635 1591 2705; x_wconf 82' lang='lat' dir='ltr'><strong>appellari</strong></span> <span class='ocrx_word' id='word_1_181' title='bbox 1621 2643 1911 2703; x_wconf 63' lang='lat' dir='ltr'><strong>eruperunt</strong></span> <span class='ocrx_word' id='word_1_182' title='bbox 1938 2634 2035 2687; x_wconf 81' lang='lat' dir='ltr'><strong>ho-</strong></span> 
     </span>
    </p>
   </div>
   <div class='ocr_carea' id='block_1_29' title="bbox 452 2726 2029 2798">
    <p class='ocr_par' dir='ltr' id='par_1_29' title="bbox 452 2726 2029 2798">
     <span class='ocr_line' id='line_1_29' title="bbox 452 2726 2029 2798; baseline 0 -17"><span class='ocrx_word' id='word_1_183' title='bbox 452 2728 633 2783; x_wconf 77' lang='lat' dir='ltr'><strong>mines</strong></span> <span class='ocrx_word' id='word_1_184' title='bbox 662 2728 731 2783; x_wconf 89' lang='lat' dir='ltr'><strong>ab</strong></span> <span class='ocrx_word' id='word_1_185' title='bbox 765 2743 831 2782; x_wconf 84' lang='lat' dir='ltr'><strong>co</strong></span> <span class='ocrx_word' id='word_1_186' title='bbox 864 2741 1114 2798; x_wconf 77' lang='lat' dir='ltr'><strong>tempore</strong></span> <span class='ocrx_word' id='word_1_187' title='bbox 1146 2729 1395 2798; x_wconf 80' lang='lat' dir='ltr'><strong>Mempes</strong></span> <span class='ocrx_word' id='word_1_188' title='bbox 1427 2744 1456 2781; x_wconf 88' lang='lat' dir='ltr'><strong>a</strong></span> <span class='ocrx_word' id='word_1_189' title='bbox 1514 2727 1786 2781; x_wconf 85' lang='lat' dir='ltr'><strong>sermonis</strong></span> <span class='ocrx_word' id='word_1_190' title='bbox 1816 2726 2029 2798; x_wconf 86' lang='lat' dir='ltr'><strong>lingua-</strong></span> 
     </span>
    </p>
   </div>
   <div class='ocr_carea' id='block_1_30' title="bbox 449 2820 2035 2890">
    <p class='ocr_par' dir='ltr' id='par_1_30' title="bbox 449 2820 2035 2890">
     <span class='ocr_line' id='line_1_30' title="bbox 449 2820 2035 2890; baseline 0 -16"><span class='ocrx_word' id='word_1_191' title='bbox 449 2836 569 2874; x_wconf 84' lang='lat' dir='ltr'><strong>rum</strong></span> <span class='ocrx_word' id='word_1_192' title='bbox 606 2831 874 2890; x_wconf 65' lang='lat' dir='ltr'><strong>terraeque</strong></span> <span class='ocrx_word' id='word_1_193' title='bbox 905 2822 1201 2876; x_wconf 72' lang='lat' dir='ltr'><strong>divisione.</strong></span> <span class='ocrx_word' id='word_1_194' title='bbox 1229 2821 1492 2875; x_wconf 84' lang='lat' dir='ltr'><strong>Furiosus</strong></span> <span class='ocrx_word' id='word_1_195' title='bbox 1528 2821 1621 2875; x_wconf 83' lang='lat' dir='ltr'><strong>ille</strong></span> <span class='ocrx_word' id='word_1_196' title='bbox 1642 2821 1905 2875; x_wconf 73' lang='lat' dir='ltr'><strong>Julianus</strong></span> <span class='ocrx_word' id='word_1_197' title='bbox 1932 2820 2035 2874; x_wconf 87' lang='lat' dir='ltr'><strong>hoc</strong></span> 
     </span>
    </p>
   </div>
   <div class='ocr_carea' id='block_1_31' title="bbox 395 2915 2033 2987">
    <p class='ocr_par' dir='ltr' id='par_1_31' title="bbox 395 2915 2033 2987">
     <span class='ocr_line' id='line_1_31' title="bbox 395 2915 2033 2987; baseline -0.001 -19"><span class='ocrx_word' id='word_1_198' title='bbox 395 2980 399 2983; x_wconf 96' lang='lat'><em>_</em></span> <span class='ocrx_word' id='word_1_199' title='bbox 448 2915 614 2968; x_wconf 76' lang='lat' dir='ltr'><strong>etiam</strong></span> <span class='ocrx_word' id='word_1_200' title='bbox 649 2916 796 2970; x_wconf 89' lang='lat' dir='ltr'><strong>inter</strong></span> <span class='ocrx_word' id='word_1_201' title='bbox 827 2916 930 2969; x_wconf 86' lang='lat' dir='ltr'><strong>alia</strong></span> <span class='ocrx_word' id='word_1_202' title='bbox 964 2917 1209 2987; x_wconf 75' lang='lat' dir='ltr'><strong>scripsit,</strong></span> <span class='ocrx_word' id='word_1_203' title='bbox 1240 2916 1409 2970; x_wconf 80' lang='lat' dir='ltr'><strong>Deum</strong></span> <span class='ocrx_word' id='word_1_204' title='bbox 1450 2917 1888 2984; x_wconf 87' lang='lat' dir='ltr'><strong>conspicientem</strong></span> <span class='ocrx_word' id='word_1_205' title='bbox 1931 2916 2033 2967; x_wconf 83' lang='lat' dir='ltr'><strong>ho-</strong></span> 
     </span>
    </p>
   </div>
   <div class='ocr_carea' id='block_1_32' title="bbox 451 3005 2032 3075">
    <p class='ocr_par' dir='ltr' id='par_1_32' title="bbox 451 3005 2032 3075">
     <span class='ocr_line' id='line_1_32' title="bbox 451 3005 2032 3075; baseline -0.002 -15"><span class='ocrx_word' id='word_1_206' title='bbox 451 3005 629 3062; x_wconf 87' lang='lat' dir='ltr'><strong>mines</strong></span> <span class='ocrx_word' id='word_1_207' title='bbox 660 3008 715 3060; x_wconf 91' lang='lat' dir='ltr'><strong>in</strong></span> <span class='ocrx_word' id='word_1_208' title='bbox 746 3008 916 3061; x_wconf 86' lang='lat' dir='ltr'><strong>altum</strong></span> <span class='ocrx_word' id='word_1_209' title='bbox 943 3022 1046 3075; x_wconf 89' lang='lat' dir='ltr'><strong>ope</strong></span> <span class='ocrx_word' id='word_1_210' title='bbox 1074 3009 1243 3063; x_wconf 88' lang='lat' dir='ltr'><strong>turris</strong></span> <span class='ocrx_word' id='word_1_211' title='bbox 1274 3006 1544 3068; x_wconf 86' lang='lat' dir='ltr'><strong>sublatos,</strong></span> <span class='ocrx_word' id='word_1_212' title='bbox 1573 3006 1841 3074; x_wconf 81' lang='lat' dir='ltr'><strong>eaquede</strong></span> <span class='ocrx_word' id='word_1_213' title='bbox 1866 3018 2032 3058; x_wconf 85' lang='lat' dir='ltr'><strong>causa</strong></span> 
     </span>
    </p>
   </div>
   <div class='ocr_carea' id='block_1_33' title="bbox 448 3095 2029 3181">
    <p class='ocr_par' dir='ltr' id='par_1_33' title="bbox 448 3095 2029 3181">
     <span class='ocr_line' id='line_1_33' title="bbox 448 3095 2029 3181; baseline -0.004 -28"><span class='ocrx_word' id='word_1_214' title='bbox 448 3114 559 3153; x_wconf 90' lang='lat' dir='ltr'><strong>non</strong></span> <span class='ocrx_word' id='word_1_215' title='bbox 619 3100 969 3154; x_wconf 87' lang='lat' dir='ltr'><strong>mediocriter</strong></span> <span class='ocrx_word' id='word_1_216' title='bbox 1008 3100 1408 3181; x_wconf 49' lang='lat' dir='ltr'><strong>perturbatum,</strong></span> <span class='ocrx_word' id='word_1_217' title='bbox 1449 3097 1740 3153; x_wconf 88' lang='lat' dir='ltr'><strong>commoda</strong></span> <span class='ocrx_word' id='word_1_218' title='bbox 1794 3095 2029 3164; x_wconf 86' lang='lat' dir='ltr'><strong>quadam</strong></span> 
     </span>
    </p>
   </div>
   <div class='ocr_carea' id='block_1_34' title="bbox 2131 622 3688 699">
    <p class='ocr_par' dir='ltr' id='par_1_34' title="bbox 2131 622 3688 699">
     <span class='ocr_line' id='line_1_34' title="bbox 2131 622 3688 699; baseline 0.005 -25"><span class='ocrx_word' id='word_1_219' title='bbox 2131 622 2301 675; x_wconf 76' lang='grc' dir='ltr'>ποιεῖ.</span> <span class='ocrx_word' id='word_1_220' title='bbox 2341 623 2695 692; x_wconf 66' lang='grc' dir='ltr'>Πρῶτοιαγάρ</span> <span class='ocrx_word' id='word_1_221' title='bbox 2739 624 3055 699; x_wconf 83' lang='grc' dir='ltr'>Αἰγύπτιοι,</span> <span class='ocrx_word' id='word_1_222' title='bbox 3089 625 3236 679; x_wconf 84' lang='grc' dir='ltr'>καθά</span> <span class='ocrx_word' id='word_1_223' title='bbox 3260 643 3391 696; x_wconf 82' lang='grc' dir='ltr'>φησι</span> <span class='ocrx_word' id='word_1_224' title='bbox 3417 626 3688 698; x_wconf 77' lang='grc' dir='ltr'>Κύριλλος,</span> 
     </span>
    </p>
   </div>
   <div class='ocr_carea' id='block_1_35' title="bbox 2128 708 3689 786">
    <p class='ocr_par' dir='ltr' id='par_1_35' title="bbox 2128 708 3689 786">
     <span class='ocr_line' id='line_1_35' title="bbox 2128 708 3689 786; baseline 0.004 -24"><span class='ocrx_word' id='word_1_225' title='bbox 2128 710 2227 779; x_wconf 74' lang='grc' dir='ltr'>τὴν</span> <span class='ocrx_word' id='word_1_226' title='bbox 2265 715 2617 783; x_wconf 78' lang='grc' dir='ltr'>γεωμετρίαν</span> <span class='ocrx_word' id='word_1_227' title='bbox 2656 708 2816 785; x_wconf 78' lang='grc' dir='ltr'>εὖρον</span> <span class='ocrx_word' id='word_1_228' title='bbox 2843 714 2909 766; x_wconf 85' lang='grc' dir='ltr'>ὲκ</span> <span class='ocrx_word' id='word_1_229' title='bbox 2934 713 3030 767; x_wconf 80' lang='grc' dir='ltr'>τοῦ</span> <span class='ocrx_word' id='word_1_230' title='bbox 3060 716 3298 769; x_wconf 80' lang='grc' dir='ltr'><strong>ἀπλέτου</strong></span> <span class='ocrx_word' id='word_1_231' title='bbox 3344 715 3442 785; x_wconf 81' lang='grc' dir='ltr'>τῆς</span> <span class='ocrx_word' id='word_1_232' title='bbox 3473 720 3570 786; x_wconf 76' lang='grc' dir='ltr'>γῆς</span> <span class='ocrx_word' id='word_1_233' title='bbox 3598 716 3689 770; x_wconf 78' lang='grc' dir='ltr'>καὶ</span> 
     </span>
    </p>
   </div>
   <div class='ocr_carea' id='block_1_36' title="bbox 2129 804 3690 878">
    <p class='ocr_par' dir='ltr' id='par_1_36' title="bbox 2129 804 3690 878">
     <span class='ocr_line' id='line_1_36' title="bbox 2129 804 3690 878; baseline 0.005 -24"><span class='ocrx_word' id='word_1_234' title='bbox 2129 805 2226 870; x_wconf 81' lang='grc' dir='ltr'>τῆς</span> <span class='ocrx_word' id='word_1_235' title='bbox 2259 804 2600 873; x_wconf 78' lang='grc' dir='ltr'><strong>διαιρέσεως.</strong></span> <span class='ocrx_word' id='word_1_236' title='bbox 2647 806 2715 860; x_wconf 88' lang='grc' dir='ltr'><em>Ἢ</em></span> <span class='ocrx_word' id='word_1_237' title='bbox 2754 806 2811 860; x_wconf 76' lang='grc' dir='ltr'><strong>δὲ</strong></span> <span class='ocrx_word' id='word_1_238' title='bbox 2840 806 2949 863; x_wconf 82' lang='grc' dir='ltr'>τῶν</span> <span class='ocrx_word' id='word_1_239' title='bbox 2971 809 3314 877; x_wconf 78' lang='grc' dir='ltr'><strong>φαινομένων</strong></span> <span class='ocrx_word' id='word_1_240' title='bbox 3346 808 3541 878; x_wconf 78' lang='grc' dir='ltr'><strong>θεωρία</strong></span> <span class='ocrx_word' id='word_1_241' title='bbox 3572 808 3690 876; x_wconf 73' lang='grc' dir='ltr'>παρ’</span> 
     </span>
    </p>
   </div>
   <div class='ocr_carea' id='block_1_37' title="bbox 2134 895 3688 970">
    <p class='ocr_par' dir='ltr' id='par_1_37' title="bbox 2134 895 3688 970">
     <span class='ocr_line' id='line_1_37' title="bbox 2134 895 3688 970; baseline 0.002 -21"><span class='ocrx_word' id='word_1_242' title='bbox 2134 895 2394 964; x_wconf 84' lang='grc' dir='ltr'>Ἓλλησιν</span> <span class='ocrx_word' id='word_1_243' title='bbox 2433 897 2753 967; x_wconf 81' lang='grc' dir='ltr'>ἐτελειώθη,</span> <span class='ocrx_word' id='word_1_244' title='bbox 2788 900 2901 953; x_wconf 83' lang='grc' dir='ltr'><strong>τῶν</strong></span> <span class='ocrx_word' id='word_1_245' title='bbox 2932 902 3161 969; x_wconf 85' lang='grc' dir='ltr'>πρώτων</span> <span class='ocrx_word' id='word_1_246' title='bbox 3199 900 3487 970; x_wconf 79' lang='grc' dir='ltr'>τηρήσεων</span> <span class='ocrx_word' id='word_1_247' title='bbox 3511 902 3565 952; x_wconf 66' lang='grc' dir='ltr'>ἐν</span> <span class='ocrx_word' id='word_1_248' title='bbox 3595 901 3688 952; x_wconf 83' lang='lat' dir='ltr'><strong>Ba-</strong></span> 
     </span>
    </p>
   </div>
   <div class='ocr_carea' id='block_1_38' title="bbox 2132 987 3690 1063">
    <p class='ocr_par' dir='ltr' id='par_1_38' title="bbox 2132 987 3690 1063">
     <span class='ocr_line' id='line_1_38' title="bbox 2132 987 3690 1063; baseline 0.004 -25"><span class='ocrx_word' id='word_1_249' title='bbox 2132 987 2332 1041; x_wconf 78' lang='grc' dir='ltr'>ϐυλῶνι</span> <span class='ocrx_word' id='word_1_250' title='bbox 2359 991 2690 1059; x_wconf 83' lang='grc' dir='ltr'>γενομένων.</span> <span class='ocrx_word' id='word_1_251' title='bbox 2711 991 2784 1046; x_wconf 84' lang='grc' dir='ltr'>Τὸ</span> <span class='ocrx_word' id='word_1_252' title='bbox 2809 991 2867 1046; x_wconf 80' lang='grc' dir='ltr'><strong>δὲ</strong></span> <span class='ocrx_word' id='word_1_253' title='bbox 2890 994 3017 1063; x_wconf 77' lang='grc' dir='ltr'>περὶ</span> <span class='ocrx_word' id='word_1_254' title='bbox 3039 993 3164 1055; x_wconf 81' lang='grc' dir='ltr'>τοὺς</span> <span class='ocrx_word' id='word_1_255' title='bbox 3188 992 3449 1061; x_wconf 69' lang='grc' dir='ltr'>ἀριθμοὺς</span> <span class='ocrx_word' id='word_1_256' title='bbox 3476 993 3577 1045; x_wconf 75' lang='grc' dir='ltr'><strong>ἀπὸ</strong></span> <span class='ocrx_word' id='word_1_257' title='bbox 3596 992 3690 1045; x_wconf 82' lang='grc' dir='ltr'><strong>τῶν</strong></span> 
     </span>
    </p>
   </div>
   <div class='ocr_carea' id='block_1_39' title="bbox 2130 1079 3690 1153">
    <p class='ocr_par' dir='ltr' id='par_1_39' title="bbox 2130 1079 3690 1153">
     <span class='ocr_line' id='line_1_39' title="bbox 2130 1079 3690 1153; baseline 0.003 -25"><span class='ocrx_word' id='word_1_258' title='bbox 2130 1079 2390 1148; x_wconf 80' lang='grc' dir='ltr'>ἐμπόρων</span> <span class='ocrx_word' id='word_1_259' title='bbox 2439 1081 2703 1135; x_wconf 85' lang='grc' dir='ltr'>Φοινίκων</span> <span class='ocrx_word' id='word_1_260' title='bbox 2765 1080 2990 1153; x_wconf 61' lang='grc' dir='ltr'><strong>⁸ἤρξατο.</strong></span> <span class='ocrx_word' id='word_1_261' title='bbox 3043 1082 3154 1137; x_wconf 82' lang='grc' dir='ltr'><strong>Καὶ</strong></span> <span class='ocrx_word' id='word_1_262' title='bbox 3209 1083 3341 1151; x_wconf 74' lang='grc' dir='ltr'>περὶ</span> <span class='ocrx_word' id='word_1_263' title='bbox 3370 1083 3468 1150; x_wconf 79' lang='grc' dir='ltr'>μὲν</span> <span class='ocrx_word' id='word_1_264' title='bbox 3500 1081 3690 1134; x_wconf 86' lang='grc' dir='ltr'>τούτων</span> 
     </span>
    </p>
   </div>
   <div class='ocr_carea' id='block_1_40' title="bbox 2130 1168 2326 1233">
    <p class='ocr_par' dir='ltr' id='par_1_40' title="bbox 2130 1168 2326 1233">
     <span class='ocr_line' id='line_1_40' title="bbox 2130 1168 2326 1233; baseline 0.01 -10"><span class='ocrx_word' id='word_1_265' title='bbox 2130 1168 2326 1233; x_wconf 79' lang='grc' dir='ltr'>οὕτως.</span> 
     </span>
    </p>
   </div>
   <div class='ocr_carea' id='block_1_41' title="bbox 2201 1261 3691 1334">
    <p class='ocr_par' dir='ltr' id='par_1_41' title="bbox 2201 1261 3691 1334">
     <span class='ocr_line' id='line_1_41' title="bbox 2201 1261 3691 1334; baseline 0 -19"><span class='ocrx_word' id='word_1_266' title='bbox 2201 1262 2360 1315; x_wconf 82' lang='grc' dir='ltr'>Μετὰ</span> <span class='ocrx_word' id='word_1_267' title='bbox 2402 1262 2460 1316; x_wconf 68' lang='grc' dir='ltr'><strong>δὲ</strong></span> <span class='ocrx_word' id='word_1_268' title='bbox 2522 1263 2856 1317; x_wconf 83' lang='grc' dir='ltr'>πεντακόσια</span> <span class='ocrx_word' id='word_1_269' title='bbox 2918 1261 3214 1334; x_wconf 82' lang='grc' dir='ltr'>τριάκοντα</span> <span class='ocrx_word' id='word_1_270' title='bbox 3257 1265 3351 1317; x_wconf 73' lang='grc' dir='ltr'>καὶ</span> <span class='ocrx_word' id='word_1_271' title='bbox 3380 1262 3437 1330; x_wconf 81' lang='grc' dir='ltr'><strong>ἒξ</strong></span> <span class='ocrx_word' id='word_1_272' title='bbox 3465 1262 3555 1334; x_wconf 81' lang='grc' dir='ltr'>ἔτη</span> <span class='ocrx_word' id='word_1_273' title='bbox 3605 1261 3691 1316; x_wconf 73' lang='grc' dir='ltr'>τοῦ</span> 
     </span>
    </p>
   </div>
   <div class='ocr_carea' id='block_1_42' title="bbox 2129 1353 3692 1425">
    <p class='ocr_par' dir='ltr' id='par_1_42' title="bbox 2129 1353 3692 1425">
     <span class='ocr_line' id='line_1_42' title="bbox 2129 1353 3692 1425; baseline 0.001 -21"><span class='ocrx_word' id='word_1_274' title='bbox 2129 1353 2523 1423; x_wconf 84' lang='grc' dir='ltr'>κατακλυσμοῦ</span> <span class='ocrx_word' id='word_1_275' title='bbox 2560 1356 2593 1424; x_wconf 81' lang='grc' dir='ltr'><strong>ἠ</strong></span> <span class='ocrx_word' id='word_1_276' title='bbox 2644 1354 2737 1409; x_wconf 86' lang='grc' dir='ltr'>τοῦ</span> <span class='ocrx_word' id='word_1_277' title='bbox 2800 1354 3014 1425; x_wconf 83' lang='grc' dir='ltr'>πύργου</span> <span class='ocrx_word' id='word_1_278' title='bbox 3061 1356 3289 1424; x_wconf 89' lang='grc' dir='ltr'>γέγονεν</span> <span class='ocrx_word' id='word_1_279' title='bbox 3343 1354 3692 1423; x_wconf 78' lang='grc' dir='ltr'>οἰκοδόμησις,</span> 
     </span>
    </p>
   </div>
   <div class='ocr_carea' id='block_1_43' title="bbox 2134 1445 3717 1519">
    <p class='ocr_par' dir='ltr' id='par_1_43' title="bbox 2134 1445 3717 1519">
     <span class='ocr_line' id='line_1_43' title="bbox 2134 1445 3717 1519; baseline 0.003 -22"><span class='ocrx_word' id='word_1_280' title='bbox 2134 1447 2687 1517; x_wconf 81' lang='grc' dir='ltr'>ματαιοπονησάντων</span> <span class='ocrx_word' id='word_1_281' title='bbox 2709 1447 2799 1498; x_wconf 72' lang='grc' dir='ltr'><strong>ἐπὶ</strong></span> <span class='ocrx_word' id='word_1_282' title='bbox 2825 1446 2997 1518; x_wconf 78' lang='grc' dir='ltr'>ταύτῃ</span> <span class='ocrx_word' id='word_1_283' title='bbox 3020 1448 3129 1500; x_wconf 82' lang='grc' dir='ltr'>τῶν</span> <span class='ocrx_word' id='word_1_284' title='bbox 3160 1445 3465 1519; x_wconf 80' lang='grc' dir='ltr'>ἀνθρώπων</span> <span class='ocrx_word' id='word_1_285' title='bbox 3488 1447 3717 1519; x_wconf 54' lang='grc' dir='ltr'>ἐκείνων</span> 
     </span>
    </p>
   </div>
   <div class='ocr_carea' id='block_1_44' title="bbox 2130 1535 3702 1610">
    <p class='ocr_par' dir='ltr' id='par_1_44' title="bbox 2130 1535 3702 1610">
     <span class='ocr_line' id='line_1_44' title="bbox 2130 1535 3702 1610; baseline 0.001 -20"><span class='ocrx_word' id='word_1_286' title='bbox 2130 1541 2189 1592; x_wconf 78' lang='grc' dir='ltr'>ὲν</span> <span class='ocrx_word' id='word_1_287' title='bbox 2231 1539 2374 1592; x_wconf 65' lang='grc' dir='ltr'>ἔτεσι</span> <span class='ocrx_word' id='word_1_288' title='bbox 2398 1541 2834 1610; x_wconf 76' lang='grc' dir='ltr'>τεσσαράκοντα.</span> <span class='ocrx_word' id='word_1_289' title='bbox 2868 1558 2888 1591; x_wconf 70' lang='grc' dir='ltr'><strong><em>α</em></strong></span> <span class='ocrx_word' id='word_1_290' title='bbox 2932 1541 3043 1594; x_wconf 80' lang='lat' dir='ltr'><strong>Kal</strong></span> <span class='ocrx_word' id='word_1_291' title='bbox 3068 1535 3215 1603; x_wconf 63' lang='lat' dir='ltr'><strong>alite,</strong></span> <span class='ocrx_word' id='word_1_292' title='bbox 3260 1540 3372 1608; x_wconf 84' lang='grc' dir='ltr'>γάρ</span> <span class='ocrx_word' id='word_1_293' title='bbox 3400 1555 3582 1609; x_wconf 67' lang='grc' dir='ltr'>φησιν,</span> <span class='ocrx_word' id='word_1_294' title='bbox 3615 1539 3702 1591; x_wconf 78' lang='grc' dir='ltr'><strong>ἄν·</strong></span> 
     </span>
    </p>
   </div>
   <div class='ocr_carea' id='block_1_45' title="bbox 2131 1631 3700 1705">
    <p class='ocr_par' dir='ltr' id='par_1_45' title="bbox 2131 1631 3700 1705">
     <span class='ocr_line' id='line_1_45' title="bbox 2131 1631 3700 1705; baseline 0 -20"><span class='ocrx_word' id='word_1_295' title='bbox 2131 1635 2351 1704; x_wconf 80' lang='grc' dir='ltr'>θρωπος</span> <span class='ocrx_word' id='word_1_296' title='bbox 2404 1634 2479 1705; x_wconf 80' lang='grc' dir='ltr'>τῷ</span> <span class='ocrx_word' id='word_1_297' title='bbox 2516 1634 2745 1705; x_wconf 79' lang='grc' dir='ltr'><strong>πλησίον</strong></span> <span class='ocrx_word' id='word_1_298' title='bbox 2773 1634 2960 1701; x_wconf 82' lang='grc' dir='ltr'>αὐτοῦ,</span> <span class='ocrx_word' id='word_1_299' title='bbox 2987 1634 3152 1687; x_wconf 83' lang='grc' dir='ltr'>Δεῦτε</span> <span class='ocrx_word' id='word_1_300' title='bbox 3178 1633 3274 1688; x_wconf 72' lang='grc' dir='ltr'>καὶ</span> <span class='ocrx_word' id='word_1_301' title='bbox 3306 1631 3700 1701; x_wconf 84' lang='grc' dir='ltr'>πλινθεύσωμεν</span> 
     </span>
    </p>
   </div>
   <div class='ocr_carea' id='block_1_46' title="bbox 2133 1724 3700 1798">
    <p class='ocr_par' dir='ltr' id='par_1_46' title="bbox 2133 1724 3700 1798">
     <span class='ocr_line' id='line_1_46' title="bbox 2133 1724 3700 1798; baseline -0.001 -19"><span class='ocrx_word' id='word_1_302' title='bbox 2133 1726 2408 1791; x_wconf 72' lang='grc' dir='ltr'>πλίνθους,</span> <span class='ocrx_word' id='word_1_303' title='bbox 2435 1728 2531 1781; x_wconf 71' lang='grc' dir='ltr'>καὶ</span> <span class='ocrx_word' id='word_1_304' title='bbox 2556 1729 2886 1798; x_wconf 82' lang='grc' dir='ltr'>ὀπτήσωμεν</span> <span class='ocrx_word' id='word_1_305' title='bbox 2902 1727 3090 1798; x_wconf 29' lang='grc' dir='ltr'>μαύτὰς</span> <span class='ocrx_word' id='word_1_306' title='bbox 3119 1729 3277 1797; x_wconf 75' lang='grc' dir='ltr'>πυρὶ,</span> <span class='ocrx_word' id='word_1_307' title='bbox 3307 1727 3400 1778; x_wconf 72' lang='grc' dir='ltr'><strong>καὶ</strong></span> <span class='ocrx_word' id='word_1_308' title='bbox 3423 1724 3700 1793; x_wconf 73' lang='grc' dir='ltr'>οἰκοδομή·</span> 
     </span>
    </p>
   </div>
   <div class='ocr_carea' id='block_1_47' title="bbox 2135 1793 3699 1890">
    <p class='ocr_par' dir='ltr' id='par_1_47' title="bbox 2135 1793 3699 1890">
     <span class='ocr_line' id='line_1_47' title="bbox 2135 1793 3699 1890; baseline -0.004 -17"><span class='ocrx_word' id='word_1_309' title='bbox 2135 1837 2320 1890; x_wconf 89' lang='grc' dir='ltr'>σωμεν</span> <span class='ocrx_word' id='word_1_310' title='bbox 2353 1823 2566 1883; x_wconf 77' lang='grc' dir='ltr'><strong>ἑαυτοῖς</strong></span> <span class='ocrx_word' id='word_1_311' title='bbox 2608 1793 2763 1874; x_wconf 62' lang='lat' dir='ltr'><strong>iusin</strong></span> <span class='ocrx_word' id='word_1_312' title='bbox 2788 1793 3153 1889; x_wconf 48' lang='grc' dir='ltr'>καὶθπύργον,</span> <span class='ocrx_word' id='word_1_313' title='bbox 3181 1793 3241 1873; x_wconf 73' lang='grc' dir='ltr'><strong>οὗ</strong></span> <span class='ocrx_word' id='word_1_314' title='bbox 3264 1818 3418 1871; x_wconf 74' lang='grc' dir='ltr'>ἔσται</span> <span class='ocrx_word' id='word_1_315' title='bbox 3441 1817 3477 1888; x_wconf 75' lang='grc' dir='ltr'><strong>ἡ</strong></span> <span class='ocrx_word' id='word_1_316' title='bbox 3502 1815 3699 1885; x_wconf 70' lang='grc' dir='ltr'>κεφαλὴ</span> 
     </span>
    </p>
   </div>
   <div class='ocr_carea' id='block_1_48' title="bbox 2133 1905 3701 1982">
    <p class='ocr_par' dir='ltr' id='par_1_48' title="bbox 2133 1905 3701 1982">
     <span class='ocr_line' id='line_1_48' title="bbox 2133 1905 3701 1982; baseline -0.003 -20"><span class='ocrx_word' id='word_1_317' title='bbox 2133 1911 2238 1975; x_wconf 78' lang='grc' dir='ltr'>ἓως</span> <span class='ocrx_word' id='word_1_318' title='bbox 2262 1911 2358 1964; x_wconf 85' lang='grc' dir='ltr'>τοῦ</span> <span class='ocrx_word' id='word_1_319' title='bbox 2391 1912 2645 1982; x_wconf 79' lang='grc' dir='ltr'>οὐρανοῦ.</span> <span class='ocrx_word' id='word_1_320' title='bbox 2681 1930 2700 1964; x_wconf 76' lang='grc' dir='ltr'><strong><em>ι</em></strong></span> <span class='ocrx_word' id='word_1_321' title='bbox 2728 1913 2827 1966; x_wconf 74' lang='grc' dir='ltr'><strong>Διὰ</strong></span> <span class='ocrx_word' id='word_1_322' title='bbox 2858 1912 2991 1966; x_wconf 78' lang='grc' dir='ltr'>τίδὲ</span> <span class='ocrx_word' id='word_1_323' title='bbox 3020 1913 3117 1966; x_wconf 77' lang='grc' dir='ltr'>καὶ</span> <span class='ocrx_word' id='word_1_324' title='bbox 3143 1906 3516 1973; x_wconf 77' lang='grc' dir='ltr'>τίνος’ἒνεκεν</span> <span class='ocrx_word' id='word_1_325' title='bbox 3531 1905 3701 1969; x_wconf 73' lang='grc' dir='ltr'>τοῦ-τος</span> 
     </span>
    </p>
   </div>
   <div class='ocr_carea' id='block_1_49' title="bbox 2136 1994 3704 2073">
    <p class='ocr_par' dir='ltr' id='par_1_49' title="bbox 2136 1994 3704 2073">
     <span class='ocr_line' id='line_1_49' title="bbox 2136 1994 3704 2073; baseline -0.005 -19"><span class='ocrx_word' id='word_1_326' title='bbox 2136 1998 2255 2056; x_wconf 74' lang='grc' dir='ltr'><strong>Ἵνα</strong></span> <span class='ocrx_word' id='word_1_327' title='bbox 2294 2002 2682 2072; x_wconf 76' lang='grc' dir='ltr'><strong>κατακλυσμὸς</strong></span> <span class='ocrx_word' id='word_1_328' title='bbox 2743 2002 2791 2055; x_wconf 80' lang='grc' dir='ltr'>εί</span> <span class='ocrx_word' id='word_1_329' title='bbox 2850 2003 3077 2073; x_wconf 82' lang='grc' dir='ltr'>γένηται</span> <span class='ocrx_word' id='word_1_330' title='bbox 3139 1999 3419 2070; x_wconf 84' lang='grc' dir='ltr'>δεύτερος,</span> <span class='ocrx_word' id='word_1_331' title='bbox 3475 1995 3566 2049; x_wconf 79' lang='grc' dir='ltr'><strong>ἐπὶ</strong></span> <span class='ocrx_word' id='word_1_332' title='bbox 3612 1994 3704 2061; x_wconf 83' lang='grc' dir='ltr'>τὴν</span> 
     </span>
    </p>
   </div>
   <div class='ocr_carea' id='block_1_50' title="bbox 2133 2086 3704 2164">
    <p class='ocr_par' dir='ltr' id='par_1_50' title="bbox 2133 2086 3704 2164">
     <span class='ocr_line' id='line_1_50' title="bbox 2133 2086 3704 2164; baseline -0.006 -17"><span class='ocrx_word' id='word_1_333' title='bbox 2133 2094 2299 2147; x_wconf 72' lang='grc' dir='ltr'>αὑτοῦ</span> <span class='ocrx_word' id='word_1_334' title='bbox 2328 2093 2577 2164; x_wconf 80' lang='grc' dir='ltr'>κορυφὴν</span> <span class='ocrx_word' id='word_1_335' title='bbox 2606 2094 2981 2164; x_wconf 82' lang='grc' dir='ltr'>ἀναδράμωσι,</span> <span class='ocrx_word' id='word_1_336' title='bbox 3009 2090 3310 2145; x_wconf 79' lang='grc' dir='ltr'><strong>κάντεῦθεν</strong></span> <span class='ocrx_word' id='word_1_337' title='bbox 3333 2089 3424 2142; x_wconf 77' lang='grc' dir='ltr'>τὸν</span> <span class='ocrx_word' id='word_1_338' title='bbox 3444 2086 3504 2152; x_wconf 73' lang='grc' dir='ltr'>ἐξ</span> <span class='ocrx_word' id='word_1_339' title='bbox 3527 2086 3704 2148; x_wconf 82' lang='grc' dir='ltr'>ὓδατος</span> 
     </span>
    </p>
   </div>
   <div class='ocr_carea' id='block_1_51' title="bbox 2131 2176 3705 2254">
    <p class='ocr_par' dir='ltr' id='par_1_51' title="bbox 2131 2176 3705 2254">
     <span class='ocr_line' id='line_1_51' title="bbox 2131 2176 3705 2254; baseline -0.007 -17"><span class='ocrx_word' id='word_1_340' title='bbox 2131 2184 2356 2254; x_wconf 76' lang='grc' dir='ltr'>ὖλεθρον</span> <span class='ocrx_word' id='word_1_341' title='bbox 2384 2184 2714 2253; x_wconf 79' lang='grc' dir='ltr'>φεύξωνται.</span> <span class='ocrx_word' id='word_1_342' title='bbox 2748 2181 2936 2253; x_wconf 80' lang='grc' dir='ltr'>Ταύτῃ</span> <span class='ocrx_word' id='word_1_343' title='bbox 2962 2198 3046 2235; x_wconf 81' lang='grc' dir='ltr'><strong>τοι</strong></span> <span class='ocrx_word' id='word_1_344' title='bbox 3075 2179 3172 2234; x_wconf 75' lang='grc' dir='ltr'>καὶ</span> <span class='ocrx_word' id='word_1_345' title='bbox 3193 2181 3297 2251; x_wconf 81' lang='grc' dir='ltr'>τὴν</span> <span class='ocrx_word' id='word_1_346' title='bbox 3324 2176 3705 2250; x_wconf 76' lang='grc' dir='ltr'>ματαιοπονίαν</span> 
     </span>
    </p>
   </div>
   <div class='ocr_carea' id='block_1_52' title="bbox 2133 2266 3706 2342">
    <p class='ocr_par' dir='ltr' id='par_1_52' title="bbox 2133 2266 3706 2342">
     <span class='ocr_line' id='line_1_52' title="bbox 2133 2266 3706 2342; baseline -0.006 -13"><span class='ocrx_word' id='word_1_347' title='bbox 2133 2276 2316 2330; x_wconf 81' lang='grc' dir='ltr'>αὐτῶν</span> <span class='ocrx_word' id='word_1_348' title='bbox 2366 2276 2641 2329; x_wconf 72' lang='grc' dir='ltr'>ἐκώλυσεν</span> <span class='ocrx_word' id='word_1_349' title='bbox 2675 2278 2703 2328; x_wconf 93' lang='lat'><strong>6</strong></span> <span class='ocrx_word' id='word_1_350' title='bbox 2752 2273 2890 2336; x_wconf 78' lang='grc' dir='ltr'>Θεὸς</span> <span class='ocrx_word' id='word_1_351' title='bbox 2951 2272 3041 2327; x_wconf 80' lang='grc' dir='ltr'>διὰ</span> <span class='ocrx_word' id='word_1_352' title='bbox 3077 2272 3178 2342; x_wconf 83' lang='grc' dir='ltr'>τῆς</span> <span class='ocrx_word' id='word_1_353' title='bbox 3240 2272 3556 2342; x_wconf 82' lang='grc' dir='ltr'>συγχύσεως</span> <span class='ocrx_word' id='word_1_354' title='bbox 3602 2266 3706 2320; x_wconf 83' lang='grc' dir='ltr'><strong>τῶν</strong></span> 
     </span>
    </p>
   </div>
   <div class='ocr_carea' id='block_1_53' title="bbox 2132 2360 3705 2438">
    <p class='ocr_par' dir='ltr' id='par_1_53' title="bbox 2132 2360 3705 2438">
     <span class='ocr_line' id='line_1_53' title="bbox 2132 2360 3705 2438; baseline -0.005 -17"><span class='ocrx_word' id='word_1_355' title='bbox 2132 2367 2417 2438; x_wconf 80' lang='grc' dir='ltr'><strong>γλωσσῶν.</strong></span> <span class='ocrx_word' id='word_1_356' title='bbox 2464 2368 2571 2419; x_wconf 80' lang='grc' dir='ltr'><strong>Καὶ</strong></span> <span class='ocrx_word' id='word_1_357' title='bbox 2635 2367 2802 2422; x_wconf 70' lang='grc' dir='ltr'>ἄκουε</span> <span class='ocrx_word' id='word_1_358' title='bbox 2830 2366 2930 2435; x_wconf 73' lang='grc' dir='ltr'>τῆς</span> <span class='ocrx_word' id='word_1_359' title='bbox 2980 2365 3205 2433; x_wconf 80' lang='grc' dir='ltr'>Γραφῆς</span> <span class='ocrx_word' id='word_1_360' title='bbox 3234 2362 3384 2417; x_wconf 80' lang='grc' dir='ltr'>οὕτω</span> <span class='ocrx_word' id='word_1_361' title='bbox 3410 2360 3667 2429; x_wconf 76' lang='grc' dir='ltr'><strong>λεγούσης</strong></span> <span class='ocrx_word' id='word_1_362' title='bbox 3691 2372 3705 2388; x_wconf 88' lang='grc'><strong>·</strong></span> 
     </span>
    </p>
   </div>
   <div class='ocr_carea' id='block_1_54' title="bbox 2141 2447 3709 2530">
    <p class='ocr_par' dir='ltr' id='par_1_54' title="bbox 2141 2447 3709 2530">
     <span class='ocr_line' id='line_1_54' title="bbox 2141 2447 3709 2530; baseline -0.007 -17"><span class='ocrx_word' id='word_1_363' title='bbox 2141 2479 2161 2513; x_wconf 70' lang='grc' dir='ltr'>ε</span> <span class='ocrx_word' id='word_1_364' title='bbox 2205 2462 2314 2514; x_wconf 85' lang='lat' dir='ltr'><strong>Kal</strong></span> <span class='ocrx_word' id='word_1_365' title='bbox 2370 2457 2493 2514; x_wconf 79' lang='grc' dir='ltr'>εἷπε</span> <span class='ocrx_word' id='word_1_366' title='bbox 2553 2461 2781 2530; x_wconf 79' lang='grc' dir='ltr'>Κύριος,</span> <span class='ocrx_word' id='word_1_367' title='bbox 2821 2479 2839 2510; x_wconf 77' lang='grc' dir='ltr'><strong>ι</strong></span> <span class='ocrx_word' id='word_1_368' title='bbox 2876 2459 3013 2513; x_wconf 73' lang='grc' dir='ltr'>Ἰδοὺ</span> <span class='ocrx_word' id='word_1_369' title='bbox 3041 2458 3196 2525; x_wconf 79' lang='grc' dir='ltr'>γένος</span> <span class='ocrx_word' id='word_1_370' title='bbox 3229 2455 3290 2508; x_wconf 76' lang='grc' dir='ltr'>ἓν</span> <span class='ocrx_word' id='word_1_371' title='bbox 3341 2455 3434 2507; x_wconf 78' lang='grc' dir='ltr'>καὶ</span> <span class='ocrx_word' id='word_1_372' title='bbox 3457 2452 3626 2524; x_wconf 82' lang='grc' dir='ltr'><strong>χεῖλος</strong></span> <span class='ocrx_word' id='word_1_373' title='bbox 3654 2447 3709 2503; x_wconf 76' lang='grc' dir='ltr'>ιν</span> 
     </span>
    </p>
   </div>
   <div class='ocr_carea' id='block_1_55' title="bbox 2135 2542 3710 2625">
    <p class='ocr_par' dir='ltr' id='par_1_55' title="bbox 2135 2542 3710 2625">
     <span class='ocr_line' id='line_1_55' title="bbox 2135 2542 3710 2625; baseline -0.007 -18"><span class='ocrx_word' id='word_1_374' title='bbox 2135 2555 2379 2625; x_wconf 79' lang='grc' dir='ltr'>πάντων.</span> <span class='ocrx_word' id='word_1_375' title='bbox 2413 2552 2577 2606; x_wconf 83' lang='grc' dir='ltr'>Δεῦτε</span> <span class='ocrx_word' id='word_1_376' title='bbox 2611 2553 2705 2605; x_wconf 76' lang='grc' dir='ltr'>καὶ</span> <span class='ocrx_word' id='word_1_377' title='bbox 2741 2550 3085 2611; x_wconf 74' lang='grc' dir='ltr'>καταϐάντες</span> <span class='ocrx_word' id='word_1_378' title='bbox 3133 2548 3462 2619; x_wconf 81' lang='grc' dir='ltr'>συγχέωμεν</span> <span class='ocrx_word' id='word_1_379' title='bbox 3490 2547 3602 2598; x_wconf 67' lang='grc' dir='ltr'>ἐκεῖ</span> <span class='ocrx_word' id='word_1_380' title='bbox 3621 2542 3710 2615; x_wconf 77' lang='grc' dir='ltr'>τὴν</span> 
     </span>
    </p>
   </div>
   <div class='ocr_carea' id='block_1_56' title="bbox 2136 2633 3710 2714">
    <p class='ocr_par' dir='ltr' id='par_1_56' title="bbox 2136 2633 3710 2714">
     <span class='ocr_line' id='line_1_56' title="bbox 2136 2633 3710 2714; baseline -0.007 -17"><span class='ocrx_word' id='word_1_381' title='bbox 2136 2643 2413 2714; x_wconf 80' lang='grc' dir='ltr'>γλῶσσαν,</span> <span class='ocrx_word' id='word_1_382' title='bbox 2452 2644 2540 2696; x_wconf 77' lang='grc' dir='ltr'>ἵνα</span> <span class='ocrx_word' id='word_1_383' title='bbox 2579 2643 2655 2712; x_wconf 83' lang='grc' dir='ltr'>μὴ</span> <span class='ocrx_word' id='word_1_384' title='bbox 2688 2640 2996 2694; x_wconf 80' lang='grc' dir='ltr'><strong>ἀκούσωσιν</strong></span> <span class='ocrx_word' id='word_1_385' title='bbox 3018 2639 3258 2702; x_wconf 68' lang='grc' dir='ltr'>ἕκαστος</span> <span class='ocrx_word' id='word_1_386' title='bbox 3287 2639 3393 2708; x_wconf 81' lang='grc' dir='ltr'>τῆς</span> <span class='ocrx_word' id='word_1_387' title='bbox 3418 2636 3598 2706; x_wconf 80' lang='grc' dir='ltr'>φωνῆς</span> <span class='ocrx_word' id='word_1_388' title='bbox 3622 2633 3710 2687; x_wconf 79' lang='grc' dir='ltr'>τοῦ</span> 
     </span>
    </p>
   </div>
   <div class='ocr_carea' id='block_1_57' title="bbox 2136 2727 3715 2806">
    <p class='ocr_par' dir='ltr' id='par_1_57' title="bbox 2136 2727 3715 2806">
     <span class='ocr_line' id='line_1_57' title="bbox 2136 2727 3715 2806; baseline -0.007 -15"><span class='ocrx_word' id='word_1_389' title='bbox 2136 2737 2390 2806; x_wconf 79' lang='grc' dir='ltr'><strong>πλησίον.</strong></span> <span class='ocrx_word' id='word_1_390' title='bbox 2445 2736 2558 2789; x_wconf 80' lang='lat' dir='ltr'><strong>Kal</strong></span> <span class='ocrx_word' id='word_1_391' title='bbox 2631 2735 2942 2804; x_wconf 73' lang='grc' dir='ltr'>διέσπειρεν</span> <span class='ocrx_word' id='word_1_392' title='bbox 3013 2734 3215 2797; x_wconf 80' lang='grc' dir='ltr'>αὐτοὺς</span> <span class='ocrx_word' id='word_1_393' title='bbox 3259 2732 3465 2804; x_wconf 81' lang='grc' dir='ltr'>Κύριος</span> <span class='ocrx_word' id='word_1_394' title='bbox 3514 2731 3544 2784; x_wconf 83' lang='grc' dir='ltr'><strong>ὁ</strong></span> <span class='ocrx_word' id='word_1_395' title='bbox 3589 2727 3715 2789; x_wconf 79' lang='grc' dir='ltr'>Θεὸς</span> 
     </span>
    </p>
   </div>
   <div class='ocr_carea' id='block_1_58' title="bbox 2135 2820 3713 2897">
    <p class='ocr_par' dir='ltr' id='par_1_58' title="bbox 2135 2820 3713 2897">
     <span class='ocr_line' id='line_1_58' title="bbox 2135 2820 3713 2897; baseline -0.008 -15"><span class='ocrx_word' id='word_1_396' title='bbox 2135 2828 2346 2883; x_wconf 69' lang='grc' dir='ltr'><strong>ἐκεῖθεν</strong></span> <span class='ocrx_word' id='word_1_397' title='bbox 2374 2828 2468 2881; x_wconf 75' lang='grc' dir='ltr'><strong>ἐπὶ</strong></span> <span class='ocrx_word' id='word_1_398' title='bbox 2514 2829 2808 2897; x_wconf 82' lang='grc' dir='ltr'>πρόσωπον</span> <span class='ocrx_word' id='word_1_399' title='bbox 2852 2826 3030 2894; x_wconf 82' lang='grc' dir='ltr'><strong>πάσης</strong></span> <span class='ocrx_word' id='word_1_400' title='bbox 3052 2827 3152 2894; x_wconf 82' lang='grc' dir='ltr'>τῆς</span> <span class='ocrx_word' id='word_1_401' title='bbox 3185 2825 3317 2895; x_wconf 79' lang='grc' dir='ltr'>γῆς.</span> <span class='ocrx_word' id='word_1_402' title='bbox 3361 2841 3382 2878; x_wconf 74' lang='grc' dir='ltr'><strong>ι</strong></span> <span class='ocrx_word' id='word_1_403' title='bbox 3408 2820 3713 2895; x_wconf 82' lang='grc' dir='ltr'>Τηνικαῦτα</span> 
     </span>
    </p>
   </div>
   <div class='ocr_carea' id='block_1_59' title="bbox 2137 2916 3718 2989">
    <p class='ocr_par' dir='ltr' id='par_1_59' title="bbox 2137 2916 3718 2989">
     <span class='ocr_line' id='line_1_59' title="bbox 2137 2916 3718 2989; baseline -0.005 -14"><span class='ocrx_word' id='word_1_404' title='bbox 2137 2922 2234 2975; x_wconf 62' lang='grc' dir='ltr'><strong>καὶ⁷</strong></span> <span class='ocrx_word' id='word_1_405' title='bbox 2262 2921 2522 2989; x_wconf 86' lang='grc' dir='ltr'><strong>Μέροπες</strong></span> <span class='ocrx_word' id='word_1_406' title='bbox 2560 2918 2857 2971; x_wconf 85' lang='grc' dir='ltr'>καλοῦνται</span> <span class='ocrx_word' id='word_1_407' title='bbox 2896 2918 3005 2972; x_wconf 78' lang='grc' dir='ltr'><strong>ἀπὸ</strong></span> <span class='ocrx_word' id='word_1_408' title='bbox 3042 2916 3135 2971; x_wconf 86' lang='grc' dir='ltr'>τοῦ</span> <span class='ocrx_word' id='word_1_409' title='bbox 3165 2916 3447 2989; x_wconf 85' lang='grc' dir='ltr'>μερισμοῦ</span> <span class='ocrx_word' id='word_1_410' title='bbox 3480 2916 3577 2985; x_wconf 83' lang='grc' dir='ltr'>τῆς</span> <span class='ocrx_word' id='word_1_411' title='bbox 3614 2930 3718 2981; x_wconf 84' lang='grc' dir='ltr'>φω-</span> 
     </span>
    </p>
   </div>
   <div class='ocr_carea' id='block_1_60' title="bbox 2134 3004 3718 3083">
    <p class='ocr_par' dir='ltr' id='par_1_60' title="bbox 2134 3004 3718 3083">
     <span class='ocr_line' id='line_1_60' title="bbox 2134 3004 3718 3083; baseline -0.013 -7"><span class='ocrx_word' id='word_1_412' title='bbox 2134 3014 2236 3083; x_wconf 69' lang='lat' dir='ltr'><strong>viis</strong></span> <span class='ocrx_word' id='word_1_413' title='bbox 2266 3013 2486 3083; x_wconf 81' lang='grc' dir='ltr'>καὶτῆς</span> <span class='ocrx_word' id='word_1_414' title='bbox 2519 3012 2646 3079; x_wconf 78' lang='grc' dir='ltr'>γῆς.</span> <span class='ocrx_word' id='word_1_415' title='bbox 2694 3008 2754 3065; x_wconf 89' lang='grc' dir='ltr'><strong>Ὀ</strong></span> <span class='ocrx_word' id='word_1_416' title='bbox 2802 3012 2862 3063; x_wconf 78' lang='grc' dir='ltr'><strong>δὲ</strong></span> <span class='ocrx_word' id='word_1_417' title='bbox 2921 3010 3233 3081; x_wconf 81' lang='grc' dir='ltr'>παράφρων</span> <span class='ocrx_word' id='word_1_418' title='bbox 3299 3007 3590 3070; x_wconf 76' lang='grc' dir='ltr'>Ἰουλιανὸς</span> <span class='ocrx_word' id='word_1_419' title='bbox 3629 3004 3718 3057; x_wconf 79' lang='grc' dir='ltr'>καὶ</span> 
     </span>
    </p>
   </div>
   <div class='ocr_carea' id='block_1_61' title="bbox 2135 3099 3795 3175">
    <p class='ocr_par' dir='ltr' id='par_1_61' title="bbox 2135 3099 3795 3175">
     <span class='ocr_line' id='line_1_61' title="bbox 2135 3099 3795 3175; baseline -0.005 -15"><span class='ocrx_word' id='word_1_420' title='bbox 2135 3107 2294 3160; x_wconf 81' lang='grc' dir='ltr'>τοῦτο</span> <span class='ocrx_word' id='word_1_421' title='bbox 2329 3104 2469 3175; x_wconf 77' lang='grc' dir='ltr'>πρὸς</span> <span class='ocrx_word' id='word_1_422' title='bbox 2515 3108 2631 3168; x_wconf 80' lang='grc' dir='ltr'>τοῖς</span> <span class='ocrx_word' id='word_1_423' title='bbox 2657 3104 2841 3167; x_wconf 79' lang='grc' dir='ltr'>ἄλλοις</span> <span class='ocrx_word' id='word_1_424' title='bbox 2889 3103 3131 3173; x_wconf 65' lang='grc' dir='ltr'><strong>ἔλεγεν,’</strong></span> <span class='ocrx_word' id='word_1_425' title='bbox 3165 3105 3251 3157; x_wconf 81' lang='grc' dir='ltr'>ὅτι</span> <span class='ocrx_word' id='word_1_426' title='bbox 3282 3103 3511 3174; x_wconf 81' lang='grc' dir='ltr'>θεωρῶν</span> <span class='ocrx_word' id='word_1_427' title='bbox 3533 3099 3719 3159; x_wconf 84' lang='grc' dir='ltr'>αὐτοὺς</span> <span class='ocrx_word' id='word_1_428' title='bbox 3778 3108 3795 3117; x_wconf 82' lang='grc'><strong>’</strong></span> 
     </span>
    </p>
   </div>
   <div class='ocr_carea' id='block_1_62' title="bbox 449 3188 2032 3274">
    <p class='ocr_par' dir='ltr' id='par_1_62' title="bbox 449 3188 2025 3262">
     <span class='ocr_line' id='line_1_62' title="bbox 449 3188 2025 3262; baseline -0.003 -16"><span class='ocrx_word' id='word_1_429' title='bbox 449 3192 664 3246; x_wconf 81' lang='lat' dir='ltr'><strong>ratione</strong></span> <span class='ocrx_word' id='word_1_430' title='bbox 698 3208 763 3246; x_wconf 90' lang='lat' dir='ltr'><strong>ac</strong></span> <span class='ocrx_word' id='word_1_431' title='bbox 794 3194 900 3258; x_wconf 88' lang='lat' dir='ltr'><strong>via,</strong></span> <span class='ocrx_word' id='word_1_432' title='bbox 934 3193 1136 3262; x_wconf 77' lang='lat' dir='ltr'><strong>linguis</strong></span> <span class='ocrx_word' id='word_1_433' title='bbox 1167 3193 1311 3247; x_wconf 89' lang='lat' dir='ltr'><strong>inter</strong></span> <span class='ocrx_word' id='word_1_434' title='bbox 1335 3207 1393 3247; x_wconf 87' lang='lat' dir='ltr'><strong>se</strong></span> <span class='ocrx_word' id='word_1_435' title='bbox 1419 3190 1669 3247; x_wconf 81' lang='lat' dir='ltr'><strong>confusis</strong></span> <span class='ocrx_word' id='word_1_436' title='bbox 1707 3188 2025 3243; x_wconf 85' lang='lat' dir='ltr'><strong>ulteriorem</strong></span> 
     </span>
    </p>
   </div>
   <div class='ocr_carea' id='block_1_63' title="bbox 2139 3188 3720 3274">
    <p class='ocr_par' dir='ltr' id='par_1_63' title="bbox 2139 3191 3720 3269">
     <span class='ocr_line' id='line_1_63' title="bbox 2139 3191 3720 3269; baseline -0.006 -17"><span class='ocrx_word' id='word_1_437' title='bbox 2139 3198 2471 3269; x_wconf 70' lang='grc' dir='ltr'>ὑψουμένους</span> <span class='ocrx_word' id='word_1_438' title='bbox 2529 3197 2619 3251; x_wconf 85' lang='grc' dir='ltr'><strong>διὰ</strong></span> <span class='ocrx_word' id='word_1_439' title='bbox 2666 3195 2763 3249; x_wconf 82' lang='grc' dir='ltr'>τοῦ</span> <span class='ocrx_word' id='word_1_440' title='bbox 2821 3195 3060 3267; x_wconf 82' lang='grc' dir='ltr'>πύργου,</span> <span class='ocrx_word' id='word_1_441' title='bbox 3102 3199 3200 3250; x_wconf 77' lang='grc' dir='ltr'>καὶ</span> <span class='ocrx_word' id='word_1_442' title='bbox 3264 3199 3329 3252; x_wconf 83' lang='grc' dir='ltr'>οὐ</span> <span class='ocrx_word' id='word_1_443' title='bbox 3392 3193 3605 3266; x_wconf 83' lang='grc' dir='ltr'><strong>μικρῶς</strong></span> <span class='ocrx_word' id='word_1_444' title='bbox 3634 3191 3720 3244; x_wconf 74' lang='grc' dir='ltr'><strong>ἐπὶ</strong></span> 
     </span>
    </p>
   </div>
   <div class='ocr_carea' id='block_1_64' title="bbox 449 3282 1145 3352">
    <p class='ocr_par' dir='ltr' id='par_1_64' title="bbox 449 3282 1145 3352">
     <span class='ocr_line' id='line_1_64' title="bbox 449 3282 1145 3352; baseline -0.003 -15"><span class='ocrx_word' id='word_1_445' title='bbox 449 3297 738 3337; x_wconf 82' lang='lat' dir='ltr'><strong>ascensum</strong></span> <span class='ocrx_word' id='word_1_446' title='bbox 773 3282 1145 3352; x_wconf 83' lang='lat' dir='ltr'><strong>prohibuisse.</strong></span> 
     </span>
    </p>
   </div>
   <div class='ocr_carea' id='block_1_65' title="bbox 515 3454 2033 3543">
    <p class='ocr_par' dir='ltr' id='par_1_65' title="bbox 515 3454 2033 3543">
     <span class='ocr_line' id='line_1_65' title="bbox 515 3454 2033 3543; baseline -0.003 -13"><span class='ocrx_word' id='word_1_447' title='bbox 515 3454 999 3530; x_wconf 52' lang='lat' dir='ltr'><strong>Cteterum’turris</strong></span> <span class='ocrx_word' id='word_1_448' title='bbox 1028 3475 1143 3543; x_wconf 88' lang='lat' dir='ltr'><strong>ipsa</strong></span> <span class='ocrx_word' id='word_1_449' title='bbox 1191 3472 1259 3528; x_wconf 70' lang='lat'><strong>72</strong></span> <span class='ocrx_word' id='word_1_450' title='bbox 1301 3471 1687 3542; x_wconf 71' lang='lat' dir='ltr'><strong>praefectorum</strong></span> <span class='ocrx_word' id='word_1_451' title='bbox 1728 3485 1894 3541; x_wconf 82' lang='lat' dir='ltr'><strong>opera</strong></span> <span class='ocrx_word' id='word_1_452' title='bbox 1926 3470 2033 3527; x_wconf 84' lang='lat' dir='ltr'><strong>fuit</strong></span> 
     </span>
    </p>
   </div>
   <div class='ocr_carea' id='block_1_66' title="bbox 448 3564 2028 3637">
    <p class='ocr_par' dir='ltr' id='par_1_66' title="bbox 448 3564 2028 3637">
     <span class='ocr_line' id='line_1_66' title="bbox 448 3564 2028 3637; baseline -0.005 -12"><span class='ocrx_word' id='word_1_453' title='bbox 448 3578 748 3630; x_wconf 78' lang='lat' dir='ltr'><strong>exstructa,</strong></span> <span class='ocrx_word' id='word_1_454' title='bbox 781 3583 1014 3637; x_wconf 88' lang='lat' dir='ltr'><strong>quorum</strong></span> <span class='ocrx_word' id='word_1_455' title='bbox 1051 3568 1118 3621; x_wconf 82' lang='lat' dir='ltr'><strong>ad</strong></span> <span class='ocrx_word' id='word_1_456' title='bbox 1146 3581 1438 3620; x_wconf 87' lang='lat' dir='ltr'><strong>numerum</strong></span> <span class='ocrx_word' id='word_1_457' title='bbox 1467 3565 1663 3634; x_wconf 70' lang='lat' dir='ltr'><strong>linguae</strong></span> <span class='ocrx_word' id='word_1_458' title='bbox 1688 3579 1906 3635; x_wconf 90' lang='lat' dir='ltr'><strong>quoque</strong></span> <span class='ocrx_word' id='word_1_459' title='bbox 1939 3564 2028 3619; x_wconf 87' lang='lat' dir='ltr'><strong>di-</strong></span> 
     </span>
    </p>
   </div>
   <div class='ocr_carea' id='block_1_67' title="bbox 445 3657 2071 3729">
    <p class='ocr_par' dir='ltr' id='par_1_67' title="bbox 445 3657 2071 3729">
     <span class='ocr_line' id='line_1_67' title="bbox 445 3657 2071 3729; baseline -0.004 -12"><span class='ocrx_word' id='word_1_460' title='bbox 445 3663 579 3717; x_wconf 70' lang='lat' dir='ltr'><strong>visa:</strong></span> <span class='ocrx_word' id='word_1_461' title='bbox 607 3670 757 3729; x_wconf 79' lang='lat' dir='ltr'><strong>sunt,</strong></span> <span class='ocrx_word' id='word_1_462' title='bbox 785 3675 910 3715; x_wconf 89' lang='lat' dir='ltr'><strong>eum</strong></span> <span class='ocrx_word' id='word_1_463' title='bbox 945 3672 1106 3714; x_wconf 87' lang='lat' dir='ltr'><strong>antea</strong></span> <span class='ocrx_word' id='word_1_464' title='bbox 1144 3672 1401 3712; x_wconf 82' lang='lat' dir='ltr'><strong>sermone</strong></span> <span class='ocrx_word' id='word_1_465' title='bbox 1432 3657 1723 3727; x_wconf 83' lang='lat' dir='ltr'><strong>Lnguaque</strong></span> <span class='ocrx_word' id='word_1_466' title='bbox 1761 3672 1892 3720; x_wconf 85' lang='lat' dir='ltr'><strong>una,</strong></span> <span class='ocrx_word' id='word_1_467' title='bbox 1925 3671 2029 3711; x_wconf 87' lang='lat' dir='ltr'><strong>ceu</strong></span> <span class='ocrx_word' id='word_1_468' title='bbox 2067 3707 2071 3711; x_wconf 81' lang='lat'><strong>.</strong></span> 
     </span>
    </p>
   </div>
   <div class='ocr_carea' id='block_1_68' title="bbox 445 3747 2029 3815">
    <p class='ocr_par' dir='ltr' id='par_1_68' title="bbox 445 3747 2029 3815">
     <span class='ocr_line' id='line_1_68' title="bbox 445 3747 2029 3815; baseline -0.003 -9"><span class='ocrx_word' id='word_1_469' title='bbox 445 3752 653 3807; x_wconf 87' lang='lat' dir='ltr'><strong>dictum</strong></span> <span class='ocrx_word' id='word_1_470' title='bbox 685 3762 787 3815; x_wconf 85' lang='lat' dir='ltr'><strong>est,</strong></span> <span class='ocrx_word' id='word_1_471' title='bbox 817 3766 1009 3806; x_wconf 85' lang='lat' dir='ltr'><strong>omnes</strong></span> <span class='ocrx_word' id='word_1_472' title='bbox 1068 3758 1377 3805; x_wconf 88' lang='lat' dir='ltr'><strong>uterentur.</strong></span> <span class='ocrx_word' id='word_1_473' title='bbox 1419 3750 1580 3803; x_wconf 81' lang='lat' dir='ltr'><strong>Solus</strong></span> <span class='ocrx_word' id='word_1_474' title='bbox 1620 3747 1866 3804; x_wconf 81' lang='lat' dir='ltr'><strong>lleberus</strong></span> <span class='ocrx_word' id='word_1_475' title='bbox 1898 3748 2029 3804; x_wconf 78' lang='lat' dir='ltr'><strong>reli-</strong></span> 
     </span>
    </p>
   </div>
   <div class='ocr_carea' id='block_1_69' title="bbox 442 3841 2026 3915">
    <p class='ocr_par' dir='ltr' id='par_1_69' title="bbox 442 3841 2026 3915">
     <span class='ocr_line' id='line_1_69' title="bbox 442 3841 2026 3915; baseline -0.003 -19"><span class='ocrx_word' id='word_1_476' title='bbox 442 3860 676 3915; x_wconf 78' lang='lat' dir='ltr'><strong>quorum</strong></span> <span class='ocrx_word' id='word_1_477' title='bbox 714 3845 885 3898; x_wconf 91' lang='lat' dir='ltr'><strong>stulto</strong></span> <span class='ocrx_word' id='word_1_478' title='bbox 909 3842 1128 3898; x_wconf 83' lang='lat' dir='ltr'><strong>conatui</strong></span> <span class='ocrx_word' id='word_1_479' title='bbox 1168 3856 1278 3894; x_wconf 91' lang='lat' dir='ltr'><strong>non</strong></span> <span class='ocrx_word' id='word_1_480' title='bbox 1316 3855 1576 3894; x_wconf 83' lang='lat' dir='ltr'><strong>assensus</strong></span> <span class='ocrx_word' id='word_1_481' title='bbox 1604 3841 1847 3911; x_wconf 80' lang='lat' dir='ltr'><strong>linguam</strong></span> <span class='ocrx_word' id='word_1_482' title='bbox 1869 3855 2026 3896; x_wconf 83' lang='lat' dir='ltr'><strong>suam</strong></span> 
     </span>
    </p>
   </div>
   <div class='ocr_carea' id='block_1_70' title="bbox 443 3936 2031 4008">
    <p class='ocr_par' dir='ltr' id='par_1_70' title="bbox 443 3936 2031 4008">
     <span class='ocr_line' id='line_1_70' title="bbox 443 3936 2031 4008; baseline -0.006 -12"><span class='ocrx_word' id='word_1_483' title='bbox 443 3940 712 4006; x_wconf 86' lang='lat' dir='ltr'><strong>retinuit;</strong></span> <span class='ocrx_word' id='word_1_484' title='bbox 744 3940 811 3993; x_wconf 86' lang='lat' dir='ltr'><strong>de</strong></span> <span class='ocrx_word' id='word_1_485' title='bbox 841 3955 953 4008; x_wconf 86' lang='lat' dir='ltr'><strong>quo</strong></span> <span class='ocrx_word' id='word_1_486' title='bbox 983 3936 1261 4007; x_wconf 80' lang='lat' dir='ltr'><strong>colligitur</strong></span> <span class='ocrx_word' id='word_1_487' title='bbox 1288 3936 1356 3989; x_wconf 87' lang='lat' dir='ltr'><strong>ab</strong></span> <span class='ocrx_word' id='word_1_488' title='bbox 1398 3936 1563 3990; x_wconf 90' lang='lat' dir='ltr'><strong>initio</strong></span> <span class='ocrx_word' id='word_1_489' title='bbox 1595 3936 1854 3990; x_wconf 84' lang='lat' dir='ltr'><strong>mortales</strong></span> <span class='ocrx_word' id='word_1_490' title='bbox 1901 3949 2031 3988; x_wconf 87' lang='lat' dir='ltr'><strong>usos</strong></span> 
     </span>
    </p>
   </div>
   <div class='ocr_carea' id='block_1_71' title="bbox 446 4025 2031 4101">
    <p class='ocr_par' dir='ltr' id='par_1_71' title="bbox 446 4025 2031 4101">
     <span class='ocr_line' id='line_1_71' title="bbox 446 4025 2031 4101; baseline -0.005 -15"><span class='ocrx_word' id='word_1_491' title='bbox 446 4032 713 4087; x_wconf 84' lang='lat' dir='ltr'><strong>llebraica</strong></span> <span class='ocrx_word' id='word_1_492' title='bbox 768 4032 949 4101; x_wconf 80' lang='lat' dir='ltr'><strong>lingua</strong></span> <span class='ocrx_word' id='word_1_493' title='bbox 986 4030 1175 4082; x_wconf 81' lang='lat' dir='ltr'><strong>fuisse.</strong></span> <span class='ocrx_word' id='word_1_494' title='bbox 1229 4028 1421 4083; x_wconf 80' lang='lat' dir='ltr'><strong>Atlanii</strong></span> <span class='ocrx_word' id='word_1_495' title='bbox 1461 4038 1612 4083; x_wconf 86' lang='lat' dir='ltr'><strong>certe</strong></span> <span class='ocrx_word' id='word_1_496' title='bbox 1644 4038 1896 4097; x_wconf 83' lang='lat' dir='ltr'><strong>posteros</strong></span> <span class='ocrx_word' id='word_1_497' title='bbox 1928 4025 2031 4079; x_wconf 83' lang='lat' dir='ltr'><strong>hac</strong></span> 
     </span>
    </p>
   </div>
   <div class='ocr_carea' id='block_1_72' title="bbox 446 4117 2034 4191">
    <p class='ocr_par' dir='ltr' id='par_1_72' title="bbox 446 4117 2034 4191">
     <span class='ocr_line' id='line_1_72' title="bbox 446 4117 2034 4191; baseline -0.005 -14"><span class='ocrx_word' id='word_1_498' title='bbox 446 4137 571 4177; x_wconf 72' lang='lat' dir='ltr'><strong>esse</strong></span> <span class='ocrx_word' id='word_1_499' title='bbox 605 4122 840 4187; x_wconf 88' lang='lat' dir='ltr'><strong>locutos,</strong></span> <span class='ocrx_word' id='word_1_500' title='bbox 878 4126 1003 4174; x_wconf 80' lang='lat' dir='ltr'><strong>inde</strong></span> <span class='ocrx_word' id='word_1_501' title='bbox 1032 4125 1252 4189; x_wconf 85' lang='lat' dir='ltr'><strong>quoque</strong></span> <span class='ocrx_word' id='word_1_502' title='bbox 1280 4120 1572 4191; x_wconf 81' lang='lat' dir='ltr'><strong>colligitur,</strong></span> <span class='ocrx_word' id='word_1_503' title='bbox 1599 4119 1745 4188; x_wconf 90' lang='lat' dir='ltr'><strong>quod</strong></span> <span class='ocrx_word' id='word_1_504' title='bbox 1769 4126 1827 4171; x_wconf 89' lang='lat' dir='ltr'><strong>et</strong></span> <span class='ocrx_word' id='word_1_505' title='bbox 1858 4117 2034 4170; x_wconf 81' lang='lat' dir='ltr'><strong>Abra-</strong></span> 
     </span>
    </p>
   </div>
   <div class='ocr_carea' id='block_1_73' title="bbox 447 4209 2034 4291">
    <p class='ocr_par' dir='ltr' id='par_1_73' title="bbox 447 4209 2034 4291">
     <span class='ocr_line' id='line_1_73' title="bbox 447 4209 2034 4291; baseline -0.004 -21"><span class='ocrx_word' id='word_1_506' title='bbox 447 4217 593 4270; x_wconf 86' lang='lat' dir='ltr'><strong>hami</strong></span> <span class='ocrx_word' id='word_1_507' title='bbox 627 4216 833 4270; x_wconf 83' lang='lat' dir='ltr'><strong>l&#39;atnilia</strong></span> <span class='ocrx_word' id='word_1_508' title='bbox 866 4216 1115 4269; x_wconf 85' lang='lat' dir='ltr'><strong>eamdem</strong></span> <span class='ocrx_word' id='word_1_509' title='bbox 1147 4215 1421 4284; x_wconf 87' lang='lat' dir='ltr'><strong>usurparit</strong></span> <span class='ocrx_word' id='word_1_510' title='bbox 1452 4222 1511 4291; x_wconf 84' lang='lat' dir='ltr'><strong>et</strong></span> <span class='ocrx_word' id='word_1_511' title='bbox 1539 4212 1783 4265; x_wconf 80' lang='lat' dir='ltr'><strong>Adamus</strong></span> <span class='ocrx_word' id='word_1_512' title='bbox 1818 4209 1909 4263; x_wconf 90' lang='lat' dir='ltr'><strong>ille</strong></span> <span class='ocrx_word' id='word_1_513' title='bbox 1944 4223 2034 4264; x_wconf 87' lang='lat' dir='ltr'><strong>sc-</strong></span> 
     </span>
    </p>
   </div>
   <div class='ocr_carea' id='block_1_74' title="bbox 445 4298 2030 4376">
    <p class='ocr_par' dir='ltr' id='par_1_74' title="bbox 445 4298 2030 4376">
     <span class='ocr_line' id='line_1_74' title="bbox 445 4298 2030 4376; baseline -0.006 -16"><span class='ocrx_word' id='word_1_514' title='bbox 445 4306 689 4370; x_wconf 88' lang='lat' dir='ltr'><strong>eundus,</strong></span> <span class='ocrx_word' id='word_1_515' title='bbox 735 4305 828 4376; x_wconf 89' lang='lat' dir='ltr'><strong>qui</strong></span> <span class='ocrx_word' id='word_1_516' title='bbox 859 4304 1114 4358; x_wconf 77' lang='lat' dir='ltr'><strong>Christus</strong></span> <span class='ocrx_word' id='word_1_517' title='bbox 1150 4311 1267 4369; x_wconf 81' lang='lat' dir='ltr'><strong>est,</strong></span> <span class='ocrx_word' id='word_1_518' title='bbox 1315 4302 1458 4358; x_wconf 86' lang='lat' dir='ltr'><strong>Deus</strong></span> <span class='ocrx_word' id='word_1_519' title='bbox 1507 4300 1602 4355; x_wconf 88' lang='lat' dir='ltr'><strong>ille</strong></span> <span class='ocrx_word' id='word_1_520' title='bbox 1630 4309 1843 4353; x_wconf 89' lang='lat' dir='ltr'><strong>noster.</strong></span> <span class='ocrx_word' id='word_1_521' title='bbox 1881 4298 2030 4352; x_wconf 87' lang='lat' dir='ltr'><strong>ldem</strong></span> 
     </span>
    </p>
   </div>
   <div class='ocr_carea' id='block_1_75' title="bbox 446 4388 2034 4467">
    <p class='ocr_par' dir='ltr' id='par_1_75' title="bbox 446 4388 2034 4467">
     <span class='ocr_line' id='line_1_75' title="bbox 446 4388 2034 4467; baseline -0.006 -13"><span class='ocrx_word' id='word_1_522' title='bbox 446 4399 909 4454; x_wconf 86' lang='lat' dir='ltr'><strong>animadvertitur</strong></span> <span class='ocrx_word' id='word_1_523' title='bbox 924 4399 998 4451; x_wconf 76' lang='lat' dir='ltr'><strong>&#39;ex</strong></span> <span class='ocrx_word' id='word_1_524' title='bbox 1025 4396 1389 4467; x_wconf 75' lang='lat' dir='ltr'><strong>inscriptione</strong></span> <span class='ocrx_word' id='word_1_525' title='bbox 1410 4392 1612 4456; x_wconf 82' lang='lat' dir='ltr'><strong>crucis,</strong></span> <span class='ocrx_word' id='word_1_526' title='bbox 1635 4403 1692 4446; x_wconf 87' lang='lat' dir='ltr'><strong>et</strong></span> <span class='ocrx_word' id='word_1_527' title='bbox 1710 4392 1862 4446; x_wconf 88' lang='lat' dir='ltr'><strong>hisce</strong></span> <span class='ocrx_word' id='word_1_528' title='bbox 1881 4388 2034 4446; x_wconf 84' lang='lat' dir='ltr'><strong>Chri-</strong></span> 
     </span>
    </p>
   </div>
   <div class='ocr_carea' id='block_1_76' title="bbox 448 4483 2029 4559">
    <p class='ocr_par' dir='ltr' id='par_1_76' title="bbox 448 4483 2029 4559">
     <span class='ocr_line' id='line_1_76' title="bbox 448 4483 2029 4559; baseline -0.008 -12"><span class='ocrx_word' id='word_1_529' title='bbox 448 4495 518 4547; x_wconf 90' lang='lat' dir='ltr'><strong>sti</strong></span> <span class='ocrx_word' id='word_1_530' title='bbox 548 4491 733 4546; x_wconf 80' lang='lat' dir='ltr'><strong>verbis</strong></span> <span class='ocrx_word' id='word_1_531' title='bbox 779 4504 905 4545; x_wconf 88' lang='lat' dir='ltr'><strong>eum</strong></span> <span class='ocrx_word' id='word_1_532' title='bbox 962 4490 1041 4544; x_wconf 89' lang='lat' dir='ltr'><strong>ait</strong></span> <span class='ocrx_word' id='word_1_533' title='bbox 1070 4488 1341 4559; x_wconf 78' lang='lat' dir='ltr'><strong>Ephatha,</strong></span> <span class='ocrx_word' id='word_1_534' title='bbox 1391 4487 1496 4541; x_wconf 89' lang='lat' dir='ltr'><strong>hoc</strong></span> <span class='ocrx_word' id='word_1_535' title='bbox 1557 4496 1637 4539; x_wconf 89' lang='lat' dir='ltr'><strong>est</strong></span> <span class='ocrx_word' id='word_1_536' title='bbox 1672 4483 1935 4552; x_wconf 78' lang='lat' dir='ltr'><strong>&#39;Aperitor</strong></span> <span class='ocrx_word' id='word_1_537' title='bbox 1964 4483 2029 4537; x_wconf 77' lang='lat'><strong>“.</strong></span> 
     </span>
    </p>
   </div>
   <div class='ocr_carea' id='block_1_77' title="bbox 2132 3285 3721 3359">
    <p class='ocr_par' dir='ltr' id='par_1_77' title="bbox 2132 3285 3721 3359">
     <span class='ocr_line' id='line_1_77' title="bbox 2132 3285 3721 3359; baseline -0.006 -15"><span class='ocrx_word' id='word_1_538' title='bbox 2132 3289 2311 3359; x_wconf 84' lang='grc' dir='ltr'>τούτῳ</span> <span class='ocrx_word' id='word_1_539' title='bbox 2345 3288 2628 3358; x_wconf 68' lang='grc' dir='ltr'>πτοηθεὶς,</span> <span class='ocrx_word' id='word_1_540' title='bbox 2653 3287 2962 3358; x_wconf 83' lang='grc' dir='ltr'>εύμεθόδως</span> <span class='ocrx_word' id='word_1_541' title='bbox 2998 3290 3185 3355; x_wconf 81' lang='grc' dir='ltr'>αὐτοῖς</span> <span class='ocrx_word' id='word_1_542' title='bbox 3236 3287 3446 3342; x_wconf 82' lang='grc' dir='ltr'>κωλύει</span> <span class='ocrx_word' id='word_1_543' title='bbox 3483 3289 3581 3356; x_wconf 78' lang='grc' dir='ltr'>τὴν</span> <span class='ocrx_word' id='word_1_544' title='bbox 3603 3285 3721 3339; x_wconf 70' lang='grc' dir='ltr'>ἄνο-</span> 
     </span>
    </p>
   </div>
   <div class='ocr_carea' id='block_1_78' title="bbox 2131 3377 3284 3447">
    <p class='ocr_par' dir='ltr' id='par_1_78' title="bbox 2131 3377 3284 3447">
     <span class='ocr_line' id='line_1_78' title="bbox 2131 3377 3284 3447; baseline 0.001 -16"><span class='ocrx_word' id='word_1_545' title='bbox 2131 3379 2218 3431; x_wconf 84' lang='grc' dir='ltr'>δον</span> <span class='ocrx_word' id='word_1_546' title='bbox 2252 3378 2342 3431; x_wconf 86' lang='grc' dir='ltr'>διὰ</span> <span class='ocrx_word' id='word_1_547' title='bbox 2376 3378 2475 3446; x_wconf 83' lang='grc' dir='ltr'>τῆς</span> <span class='ocrx_word' id='word_1_548' title='bbox 2507 3377 2821 3446; x_wconf 87' lang='grc' dir='ltr'>συγχύσεως</span> <span class='ocrx_word' id='word_1_549' title='bbox 2850 3378 2960 3433; x_wconf 76' lang='grc' dir='ltr'>τῶν</span> <span class='ocrx_word' id='word_1_550' title='bbox 2992 3380 3284 3447; x_wconf 83' lang='grc' dir='ltr'><strong>γλωσσῶν.</strong></span> 
     </span>
    </p>
   </div>
   <div class='ocr_carea' id='block_1_79' title="bbox 2213 3470 3722 3543">
    <p class='ocr_par' dir='ltr' id='par_1_79' title="bbox 2213 3470 3722 3543">
     <span class='ocr_line' id='line_1_79' title="bbox 2213 3470 3722 3543; baseline 0.003 -19"><span class='ocrx_word' id='word_1_551' title='bbox 2213 3471 2275 3524; x_wconf 83' lang='lat'><strong>&#39;0</strong></span> <span class='ocrx_word' id='word_1_552' title='bbox 2302 3471 2485 3541; x_wconf 82' lang='grc' dir='ltr'>μέντοι</span> <span class='ocrx_word' id='word_1_553' title='bbox 2511 3470 2723 3539; x_wconf 84' lang='grc' dir='ltr'>πύργος</span> <span class='ocrx_word' id='word_1_554' title='bbox 2766 3472 3014 3536; x_wconf 73' lang='grc' dir='ltr'>ἐκτίζετο</span> <span class='ocrx_word' id='word_1_555' title='bbox 3034 3478 3075 3527; x_wconf 91' lang='grc' dir='ltr'>ο¹</span> <span class='ocrx_word' id='word_1_556' title='bbox 3100 3474 3194 3527; x_wconf 77' lang='grc' dir='ltr'>καὶ</span> <span class='ocrx_word' id='word_1_557' title='bbox 3221 3473 3270 3543; x_wconf 85' lang='grc' dir='ltr'><strong>β’</strong></span> <span class='ocrx_word' id='word_1_558' title='bbox 3303 3475 3402 3529; x_wconf 79' lang='grc' dir='ltr'><strong>τοῦ</strong></span> <span class='ocrx_word' id='word_1_559' title='bbox 3427 3471 3722 3540; x_wconf 76' lang='grc' dir='ltr'>κτίσματος</span> 
     </span>
    </p>
   </div>
   <div class='ocr_carea' id='block_1_80' title="bbox 2131 3562 3727 3638">
    <p class='ocr_par' dir='ltr' id='par_1_80' title="bbox 2131 3562 3727 3638">
     <span class='ocr_line' id='line_1_80' title="bbox 2131 3562 3727 3638; baseline -0.004 -19"><span class='ocrx_word' id='word_1_560' title='bbox 2131 3565 2396 3636; x_wconf 77' lang='grc' dir='ltr'>ἀρχηγῶν</span> <span class='ocrx_word' id='word_1_561' title='bbox 2428 3562 2624 3618; x_wconf 79' lang='grc' dir='ltr'>ὅντων.</span> <span class='ocrx_word' id='word_1_562' title='bbox 2654 3564 2815 3619; x_wconf 81' lang='grc' dir='ltr'>Κατὰ</span> <span class='ocrx_word' id='word_1_563' title='bbox 2838 3567 3065 3631; x_wconf 83' lang='grc' dir='ltr'>τούτους</span> <span class='ocrx_word' id='word_1_564' title='bbox 3109 3566 3304 3621; x_wconf 80' lang='grc' dir='ltr'>λοιπὸν</span> <span class='ocrx_word' id='word_1_565' title='bbox 3338 3569 3439 3622; x_wconf 78' lang='grc' dir='ltr'><strong>καὶ</strong></span> <span class='ocrx_word' id='word_1_566' title='bbox 3467 3569 3501 3638; x_wconf 77' lang='grc' dir='ltr'><strong>ἠ</strong></span> <span class='ocrx_word' id='word_1_567' title='bbox 3533 3563 3727 3633; x_wconf 82' lang='grc' dir='ltr'>διαίρε-</span> 
     </span>
    </p>
   </div>
   <div class='ocr_carea' id='block_1_81' title="bbox 2132 3652 3727 3727">
    <p class='ocr_par' dir='ltr' id='par_1_81' title="bbox 2132 3652 3727 3727">
     <span class='ocr_line' id='line_1_81' title="bbox 2132 3652 3727 3727; baseline 0 -20"><span class='ocrx_word' id='word_1_568' title='bbox 2132 3670 2217 3719; x_wconf 87' lang='grc' dir='ltr'><strong>σις</strong></span> <span class='ocrx_word' id='word_1_569' title='bbox 2262 3656 2378 3709; x_wconf 83' lang='grc' dir='ltr'><strong>τῶν</strong></span> <span class='ocrx_word' id='word_1_570' title='bbox 2430 3655 2693 3724; x_wconf 84' lang='grc' dir='ltr'>γλωσσῶν</span> <span class='ocrx_word' id='word_1_571' title='bbox 2728 3657 2944 3725; x_wconf 78' lang='grc' dir='ltr'>γέγονε,</span> <span class='ocrx_word' id='word_1_572' title='bbox 3008 3657 3224 3727; x_wconf 86' lang='grc' dir='ltr'>χείλους</span> <span class='ocrx_word' id='word_1_573' title='bbox 3279 3652 3441 3723; x_wconf 73' lang='grc' dir='ltr'>ὄντος</span> <span class='ocrx_word' id='word_1_574' title='bbox 3492 3658 3612 3719; x_wconf 64' lang='grc' dir='ltr'><strong>ἑνὸς</strong></span> <span class='ocrx_word' id='word_1_575' title='bbox 3638 3657 3727 3709; x_wconf 77' lang='grc' dir='ltr'>καὶ</span> 
     </span>
    </p>
   </div>
   <div class='ocr_carea' id='block_1_82' title="bbox 2130 3747 3725 3822">
    <p class='ocr_par' dir='ltr' id='par_1_82' title="bbox 2130 3747 3725 3822">
     <span class='ocr_line' id='line_1_82' title="bbox 2130 3747 3725 3822; baseline 0.001 -23"><span class='ocrx_word' id='word_1_576' title='bbox 2130 3751 2317 3817; x_wconf 77' lang='grc' dir='ltr'>φωνῆς</span> <span class='ocrx_word' id='word_1_577' title='bbox 2346 3748 2438 3801; x_wconf 78' lang='grc' dir='ltr'>ἐπὶ</span> <span class='ocrx_word' id='word_1_578' title='bbox 2478 3750 2613 3803; x_wconf 78' lang='grc' dir='ltr'>πᾶσι</span> <span class='ocrx_word' id='word_1_579' title='bbox 2645 3750 2795 3817; x_wconf 80' lang='grc' dir='ltr'>μιᾶς,</span> <span class='ocrx_word' id='word_1_580' title='bbox 2827 3748 2902 3813; x_wconf 85' lang='grc' dir='ltr'>ὡς</span> <span class='ocrx_word' id='word_1_581' title='bbox 2936 3750 3147 3804; x_wconf 79' lang='grc' dir='ltr'>ἄνωθεν</span> <span class='ocrx_word' id='word_1_582' title='bbox 3174 3752 3426 3822; x_wconf 68' lang='grc' dir='ltr'>εἴρηται.</span> <span class='ocrx_word' id='word_1_583' title='bbox 3470 3753 3644 3812; x_wconf 83' lang='grc' dir='ltr'>Μόνος</span> <span class='ocrx_word' id='word_1_584' title='bbox 3671 3747 3725 3801; x_wconf 68' lang='grc' dir='ltr'><strong>δὲ</strong></span> 
     </span>
    </p>
   </div>
   <div class='ocr_carea' id='block_1_83' title="bbox 2129 3822 3727 3917">
    <p class='ocr_par' dir='ltr' id='par_1_83' title="bbox 2129 3822 3727 3917">
     <span class='ocr_line' id='line_1_83' title="bbox 2129 3822 3727 3917; baseline 0 -24"><span class='ocrx_word' id='word_1_585' title='bbox 2129 3843 2158 3894; x_wconf 97' lang='lat'><strong>6</strong></span> <span class='ocrx_word' id='word_1_586' title='bbox 2197 3840 2370 3911; x_wconf 76' lang='grc' dir='ltr'>Ἔϐερ</span> <span class='ocrx_word' id='word_1_587' title='bbox 2401 3822 2477 3912; x_wconf 69' lang='grc' dir='ltr'>μῆ</span> <span class='ocrx_word' id='word_1_588' title='bbox 2508 3841 2948 3911; x_wconf 74' lang='grc' dir='ltr'>συγκατατεοεὶς</span> <span class='ocrx_word' id='word_1_589' title='bbox 2974 3844 3040 3913; x_wconf 84' lang='grc' dir='ltr'>τῇ</span> <span class='ocrx_word' id='word_1_590' title='bbox 3074 3840 3458 3917; x_wconf 83' lang='grc' dir='ltr'>ματαιοπονίᾳ</span> <span class='ocrx_word' id='word_1_591' title='bbox 3486 3844 3593 3898; x_wconf 85' lang='grc' dir='ltr'>τῶν</span> <span class='ocrx_word' id='word_1_592' title='bbox 3622 3843 3727 3894; x_wconf 77' lang='grc' dir='ltr'>λοιο</span> 
     </span>
    </p>
   </div>
   <div class='ocr_carea' id='block_1_84' title="bbox 2131 3920 3729 4006">
    <p class='ocr_par' dir='ltr' id='par_1_84' title="bbox 2131 3920 3729 4006">
     <span class='ocr_line' id='line_1_84' title="bbox 2131 3920 3729 4006; baseline 0.001 -22"><span class='ocrx_word' id='word_1_593' title='bbox 2131 3932 2250 3986; x_wconf 81' lang='grc' dir='ltr'><strong>πῶν</strong></span> <span class='ocrx_word' id='word_1_594' title='bbox 2282 3936 2339 3986; x_wconf 82' lang='grc' dir='ltr'>ὲν</span> <span class='ocrx_word' id='word_1_595' title='bbox 2367 3935 2433 4001; x_wconf 83' lang='grc' dir='ltr'>τῇ</span> <span class='ocrx_word' id='word_1_596' title='bbox 2466 3932 2575 4003; x_wconf 72' lang='grc' dir='ltr'>ἰδίᾳ</span> <span class='ocrx_word' id='word_1_597' title='bbox 2603 3932 2827 4004; x_wconf 77' lang='grc' dir='ltr'>γλώσσῃ</span> <span class='ocrx_word' id='word_1_598' title='bbox 2879 3934 3118 4003; x_wconf 69' lang='grc' dir='ltr'>ἔμεινεν.</span> <span class='ocrx_word' id='word_1_599' title='bbox 3138 3920 3153 3930; x_wconf 49' lang='grc'><strong><em>’</em></strong></span> <span class='ocrx_word' id='word_1_600' title='bbox 3182 3935 3461 4006; x_wconf 76' lang='grc' dir='ltr'><strong>Ἀρχῆθεν</strong></span> <span class='ocrx_word' id='word_1_601' title='bbox 3492 3934 3673 3987; x_wconf 73' lang='grc' dir='ltr'>λοιπῦν</span> <span class='ocrx_word' id='word_1_602' title='bbox 3695 3930 3729 4000; x_wconf 68' lang='grc' dir='ltr'>ἡ</span> 
     </span>
    </p>
   </div>
   <div class='ocr_carea' id='block_1_85' title="bbox 2148 4023 3730 4100">
    <p class='ocr_par' dir='ltr' id='par_1_85' title="bbox 2148 4023 3730 4100">
     <span class='ocr_line' id='line_1_85' title="bbox 2148 4023 3730 4100; baseline -0.002 -21"><span class='ocrx_word' id='word_1_603' title='bbox 2148 4023 2374 4096; x_wconf 78' lang='grc' dir='ltr'>Ἐὅραῒς</span> <span class='ocrx_word' id='word_1_604' title='bbox 2398 4026 2573 4096; x_wconf 79' lang='grc' dir='ltr'>φωνή.</span> <span class='ocrx_word' id='word_1_605' title='bbox 2607 4027 2730 4078; x_wconf 79' lang='grc' dir='ltr'>Ὀτι</span> <span class='ocrx_word' id='word_1_606' title='bbox 2748 4025 2805 4079; x_wconf 80' lang='grc' dir='ltr'><strong>δὲ</strong></span> <span class='ocrx_word' id='word_1_607' title='bbox 2825 4027 2890 4097; x_wconf 83' lang='grc' dir='ltr'><strong>τῇ</strong></span> <span class='ocrx_word' id='word_1_608' title='bbox 2928 4025 3195 4097; x_wconf 75' lang='grc' dir='ltr'>Ἐϐραίων</span> <span class='ocrx_word' id='word_1_609' title='bbox 3222 4027 3455 4100; x_wconf 75' lang='grc' dir='ltr'>γλώσσῃ</span> <span class='ocrx_word' id='word_1_610' title='bbox 3496 4025 3730 4098; x_wconf 80' lang='grc' dir='ltr'>ἐχρῶντο</span> 
     </span>
    </p>
   </div>
   <div class='ocr_carea' id='block_1_86' title="bbox 2132 4116 3729 4189">
    <p class='ocr_par' dir='ltr' id='par_1_86' title="bbox 2132 4116 3729 4189">
     <span class='ocr_line' id='line_1_86' title="bbox 2132 4116 3729 4189; baseline -0.001 -16"><span class='ocrx_word' id='word_1_611' title='bbox 2132 4120 2182 4174; x_wconf 82' lang='grc' dir='ltr'>οἱ</span> <span class='ocrx_word' id='word_1_612' title='bbox 2214 4119 2324 4170; x_wconf 74' lang='grc' dir='ltr'><strong>ἀπὸ</strong></span> <span class='ocrx_word' id='word_1_613' title='bbox 2351 4118 2446 4171; x_wconf 80' lang='grc' dir='ltr'><strong>τοῦ</strong></span> <span class='ocrx_word' id='word_1_614' title='bbox 2491 4116 2691 4188; x_wconf 67' lang='grc' dir='ltr'>’Δδὰμ,</span> <span class='ocrx_word' id='word_1_615' title='bbox 2726 4118 2886 4188; x_wconf 72' lang='grc' dir='ltr'>δῆλον</span> <span class='ocrx_word' id='word_1_616' title='bbox 2913 4119 3014 4189; x_wconf 82' lang='grc' dir='ltr'>μὲν</span> <span class='ocrx_word' id='word_1_617' title='bbox 3042 4119 3140 4172; x_wconf 74' lang='grc' dir='ltr'>καὶ</span> <span class='ocrx_word' id='word_1_618' title='bbox 3180 4121 3301 4183; x_wconf 61' lang='grc' dir='ltr'><strong>ἀπο</strong></span> <span class='ocrx_word' id='word_1_619' title='bbox 3330 4121 3427 4175; x_wconf 83' lang='grc' dir='ltr'><strong>τοῦ</strong></span> <span class='ocrx_word' id='word_1_620' title='bbox 3465 4122 3561 4175; x_wconf 77' lang='grc' dir='ltr'>καὶ</span> <span class='ocrx_word' id='word_1_621' title='bbox 3608 4119 3729 4179; x_wconf 78' lang='grc' dir='ltr'>τοὺς</span> 
     </span>
    </p>
   </div>
   <div class='ocr_carea' id='block_1_87' title="bbox 2131 4209 3732 4283">
    <p class='ocr_par' dir='ltr' id='par_1_87' title="bbox 2131 4209 3732 4283">
     <span class='ocr_line' id='line_1_87' title="bbox 2131 4209 3732 4283; baseline -0.001 -19"><span class='ocrx_word' id='word_1_622' title='bbox 2131 4212 2278 4281; x_wconf 80' lang='grc' dir='ltr'>ἀμφὶ</span> <span class='ocrx_word' id='word_1_623' title='bbox 2314 4210 2408 4263; x_wconf 72' lang='grc' dir='ltr'>τὸν</span> <span class='ocrx_word' id='word_1_624' title='bbox 2440 4209 2692 4282; x_wconf 75' lang='grc' dir='ltr'>Ἀδραὰμ</span> <span class='ocrx_word' id='word_1_625' title='bbox 2714 4214 2779 4281; x_wconf 79' lang='grc' dir='ltr'>τῇ</span> <span class='ocrx_word' id='word_1_626' title='bbox 2816 4210 3042 4282; x_wconf 79' lang='grc' dir='ltr'>τοιαύτῃ</span> <span class='ocrx_word' id='word_1_627' title='bbox 3061 4210 3308 4283; x_wconf 80' lang='grc' dir='ltr'>χρᾶσθαι</span> <span class='ocrx_word' id='word_1_628' title='bbox 3324 4213 3619 4282; x_wconf 70' lang='grc' dir='ltr'>διαλέκτῳ,</span> <span class='ocrx_word' id='word_1_629' title='bbox 3643 4209 3732 4277; x_wconf 83' lang='grc' dir='ltr'><strong>δῆ-</strong></span> 
     </span>
    </p>
   </div>
   <div class='ocr_carea' id='block_1_88' title="bbox 2132 4296 3731 4374">
    <p class='ocr_par' dir='ltr' id='par_1_88' title="bbox 2132 4296 3731 4374">
     <span class='ocr_line' id='line_1_88' title="bbox 2132 4296 3731 4374; baseline -0.003 -18"><span class='ocrx_word' id='word_1_630' title='bbox 2132 4303 2227 4356; x_wconf 87' lang='grc' dir='ltr'><strong>λον</strong></span> <span class='ocrx_word' id='word_1_631' title='bbox 2267 4301 2323 4355; x_wconf 80' lang='grc' dir='ltr'><strong>δὲ</strong></span> <span class='ocrx_word' id='word_1_632' title='bbox 2355 4302 2450 4355; x_wconf 79' lang='grc' dir='ltr'>καὶ</span> <span class='ocrx_word' id='word_1_633' title='bbox 2499 4302 2608 4356; x_wconf 83' lang='grc' dir='ltr'><strong>ἀπὸ</strong></span> <span class='ocrx_word' id='word_1_634' title='bbox 2629 4301 2723 4355; x_wconf 79' lang='grc' dir='ltr'><strong>τοῦ</strong></span> <span class='ocrx_word' id='word_1_635' title='bbox 2750 4302 2844 4356; x_wconf 79' lang='grc' dir='ltr'>τὸν</span> <span class='ocrx_word' id='word_1_636' title='bbox 2875 4302 3130 4373; x_wconf 86' lang='grc' dir='ltr'>δεύτερον</span> <span class='ocrx_word' id='word_1_637' title='bbox 3171 4296 3349 4374; x_wconf 66' lang='grc' dir='ltr'>’Δδέιμ</span> <span class='ocrx_word' id='word_1_638' title='bbox 3375 4303 3617 4374; x_wconf 84' lang='grc' dir='ltr'>Χριστὸν</span> <span class='ocrx_word' id='word_1_639' title='bbox 3644 4299 3731 4351; x_wconf 84' lang='grc' dir='ltr'>τὸν</span> 
     </span>
    </p>
   </div>
   <div class='ocr_carea' id='block_1_89' title="bbox 2132 4393 3730 4467">
    <p class='ocr_par' dir='ltr' id='par_1_89' title="bbox 2132 4393 3730 4467">
     <span class='ocr_line' id='line_1_89' title="bbox 2132 4393 3730 4467; baseline -0.004 -19"><span class='ocrx_word' id='word_1_640' title='bbox 2132 4393 2268 4448; x_wconf 80' lang='grc' dir='ltr'>Θεὸν</span> <span class='ocrx_word' id='word_1_641' title='bbox 2299 4393 2461 4465; x_wconf 82' lang='grc' dir='ltr'>ήμῶν</span> <span class='ocrx_word' id='word_1_642' title='bbox 2485 4395 2555 4465; x_wconf 77' lang='grc' dir='ltr'>τῇ</span> <span class='ocrx_word' id='word_1_643' title='bbox 2590 4393 2863 4466; x_wconf 71' lang='grc' dir='ltr'>Ἐϐραίων</span> <span class='ocrx_word' id='word_1_644' title='bbox 2885 4397 3125 4466; x_wconf 77' lang='grc' dir='ltr'>χρᾶσθαι</span> <span class='ocrx_word' id='word_1_645' title='bbox 3148 4399 3330 4467; x_wconf 80' lang='grc' dir='ltr'>φωνῇ.</span> <span class='ocrx_word' id='word_1_646' title='bbox 3367 4398 3482 4451; x_wconf 82' lang='grc' dir='ltr'><strong>Καὶ</strong></span> <span class='ocrx_word' id='word_1_647' title='bbox 3512 4393 3730 4467; x_wconf 77' lang='grc' dir='ltr'>δηλοῦσι</span> 
     </span>
    </p>
   </div>
   <div class='ocr_carea' id='block_1_90' title="bbox 2138 4483 3732 4560">
    <p class='ocr_par' dir='ltr' id='par_1_90' title="bbox 2138 4483 3732 4560">
     <span class='ocr_line' id='line_1_90' title="bbox 2138 4483 3732 4560; baseline -0.002 -20"><span class='ocrx_word' id='word_1_648' title='bbox 2138 4488 2239 4558; x_wconf 80' lang='grc' dir='ltr'>μὲν</span> <span class='ocrx_word' id='word_1_649' title='bbox 2269 4486 2429 4541; x_wconf 84' lang='grc' dir='ltr'>τοῦτο</span> <span class='ocrx_word' id='word_1_650' title='bbox 2460 4488 2557 4541; x_wconf 80' lang='grc' dir='ltr'>καὶ</span> <span class='ocrx_word' id='word_1_651' title='bbox 2591 4487 2661 4540; x_wconf 85' lang='grc' dir='ltr'><strong>τὰ</strong></span> <span class='ocrx_word' id='word_1_652' title='bbox 2695 4487 2755 4541; x_wconf 76' lang='grc' dir='ltr'>ὲν</span> <span class='ocrx_word' id='word_1_653' title='bbox 2792 4486 2872 4556; x_wconf 83' lang='grc' dir='ltr'>τῷ</span> <span class='ocrx_word' id='word_1_654' title='bbox 2899 4487 3139 4559; x_wconf 83' lang='grc' dir='ltr'>σταυρῷ,</span> <span class='ocrx_word' id='word_1_655' title='bbox 3200 4488 3302 4560; x_wconf 80' lang='grc' dir='ltr'><strong>οὐχ</strong></span> <span class='ocrx_word' id='word_1_656' title='bbox 3336 4483 3505 4555; x_wconf 78' lang='grc' dir='ltr'>ἧττον</span> <span class='ocrx_word' id='word_1_657' title='bbox 3544 4487 3600 4539; x_wconf 81' lang='grc' dir='ltr'><strong>δὲ</strong></span> <span class='ocrx_word' id='word_1_658' title='bbox 3634 4486 3732 4538; x_wconf 80' lang='grc' dir='ltr'><strong>κὰ-</strong></span> 
     </span>
    </p>
   </div>
   <div class='ocr_carea' id='block_1_91' title="bbox 448 4576 2032 4654">
    <p class='ocr_par' dir='ltr' id='par_1_91' title="bbox 448 4576 2031 4654">
     <span class='ocr_line' id='line_1_91' title="bbox 448 4576 2031 4654; baseline -0.006 -15"><span class='ocrx_word' id='word_1_659' title='bbox 448 4586 581 4639; x_wconf 88' lang='lat' dir='ltr'><strong>ltem</strong></span> <span class='ocrx_word' id='word_1_660' title='bbox 630 4585 779 4654; x_wconf 92' lang='lat' dir='ltr'><strong>quod</strong></span> <span class='ocrx_word' id='word_1_661' title='bbox 838 4582 968 4638; x_wconf 88' lang='lat' dir='ltr'><strong>alibi</strong></span> <span class='ocrx_word' id='word_1_662' title='bbox 1009 4583 1087 4637; x_wconf 87' lang='lat' dir='ltr'><strong>ait</strong></span> <span class='ocrx_word' id='word_1_663' title='bbox 1134 4598 1149 4638; x_wconf 85' lang='lat'><strong>:</strong></span> <span class='ocrx_word' id='word_1_664' title='bbox 1198 4601 1217 4633; x_wconf 73' lang='grc' dir='ltr'><strong>ι</strong></span> <span class='ocrx_word' id='word_1_665' title='bbox 1251 4579 1427 4634; x_wconf 82' lang='lat' dir='ltr'><strong>Talita</strong></span> <span class='ocrx_word' id='word_1_666' title='bbox 1460 4576 1630 4642; x_wconf 87' lang='lat' dir='ltr'><strong>cumi,</strong></span> <span class='ocrx_word' id='word_1_667' title='bbox 1678 4593 1699 4627; x_wconf 71' lang='grc' dir='ltr'><strong><em>ι</em></strong></span> <span class='ocrx_word' id='word_1_668' title='bbox 1755 4578 1859 4630; x_wconf 90' lang='lat' dir='ltr'><strong>hoc</strong></span> <span class='ocrx_word' id='word_1_669' title='bbox 1901 4584 2031 4630; x_wconf 91' lang='lat' dir='ltr'><strong>est:</strong></span> 
     </span>
    </p>
   </div>
   <div class='ocr_carea' id='block_1_92' title="bbox 2139 4576 3734 4654">
    <p class='ocr_par' dir='ltr' id='par_1_92' title="bbox 2139 4577 3734 4652">
     <span class='ocr_line' id='line_1_92' title="bbox 2139 4577 3734 4652; baseline -0.001 -18"><span class='ocrx_word' id='word_1_670' title='bbox 2139 4585 2295 4638; x_wconf 87' lang='grc' dir='ltr'>κεῖνα</span> <span class='ocrx_word' id='word_1_671' title='bbox 2326 4584 2388 4635; x_wconf 77' lang='grc' dir='ltr'>ὲν</span> <span class='ocrx_word' id='word_1_672' title='bbox 2412 4577 2493 4646; x_wconf 75' lang='grc' dir='ltr'><strong>οἷς</strong></span> <span class='ocrx_word' id='word_1_673' title='bbox 2513 4581 2700 4648; x_wconf 78' lang='grc' dir='ltr'>ἔλεγεν</span> <span class='ocrx_word' id='word_1_674' title='bbox 2730 4582 2982 4652; x_wconf 71' lang='grc' dir='ltr'>Ἐςοαθὰ,</span> <span class='ocrx_word' id='word_1_675' title='bbox 3007 4600 3028 4634; x_wconf 74' lang='grc' dir='ltr'><strong><em>ι</em></strong></span> <span class='ocrx_word' id='word_1_676' title='bbox 3047 4583 3302 4637; x_wconf 83' lang='grc' dir='ltr'>τουτέστι</span> <span class='ocrx_word' id='word_1_677' title='bbox 3325 4582 3734 4652; x_wconf 78' lang='grc' dir='ltr'><strong>Διανοίχθητι,</strong></span> 
     </span>
    </p>
   </div>
   <div class='ocr_carea' id='block_1_93' title="bbox 456 4668 2036 4750">
    <p class='ocr_par' dir='ltr' id='par_1_93' title="bbox 456 4668 2036 4750">
     <span class='ocr_line' id='line_1_93' title="bbox 456 4668 2036 4750; baseline -0.006 -20"><span class='ocrx_word' id='word_1_678' title='bbox 456 4697 475 4730; x_wconf 74' lang='grc' dir='ltr'>ε</span> <span class='ocrx_word' id='word_1_679' title='bbox 513 4676 720 4741; x_wconf 84' lang='lat' dir='ltr'><strong>Puella,</strong></span> <span class='ocrx_word' id='word_1_680' title='bbox 753 4692 916 4750; x_wconf 85' lang='lat' dir='ltr'><strong>surge</strong></span> <span class='ocrx_word' id='word_1_681' title='bbox 937 4677 1002 4730; x_wconf 76' lang='lat'><strong>&quot;.</strong></span> <span class='ocrx_word' id='word_1_682' title='bbox 1042 4694 1061 4727; x_wconf 75' lang='grc' dir='ltr'><strong>ι</strong></span> <span class='ocrx_word' id='word_1_683' title='bbox 1101 4674 1301 4730; x_wconf 80' lang='lat' dir='ltr'><strong>Eadem</strong></span> <span class='ocrx_word' id='word_1_684' title='bbox 1333 4676 1400 4726; x_wconf 88' lang='lat' dir='ltr'><strong>de</strong></span> <span class='ocrx_word' id='word_1_685' title='bbox 1447 4686 1507 4724; x_wconf 90' lang='lat' dir='ltr'><strong>re</strong></span> <span class='ocrx_word' id='word_1_686' title='bbox 1537 4684 1768 4740; x_wconf 84' lang='lat' dir='ltr'><strong>magnus</strong></span> <span class='ocrx_word' id='word_1_687' title='bbox 1792 4668 2036 4739; x_wconf 83' lang='lat' dir='ltr'><strong>Epipha-</strong></span> 
     </span>
    </p>
   </div>
   <div class='ocr_carea' id='block_1_94' title="bbox 450 4762 2034 4825">
    <p class='ocr_par' dir='ltr' id='par_1_94' title="bbox 450 4762 2034 4825">
     <span class='ocr_line' id='line_1_94' title="bbox 450 4762 2034 4825; baseline -0.004 -2"><span class='ocrx_word' id='word_1_688' title='bbox 450 4770 577 4824; x_wconf 87' lang='lat' dir='ltr'><strong>nius</strong></span> <span class='ocrx_word' id='word_1_689' title='bbox 601 4769 690 4825; x_wconf 89' lang='lat' dir='ltr'><strong>ille</strong></span> <span class='ocrx_word' id='word_1_690' title='bbox 708 4770 789 4824; x_wconf 88' lang='lat' dir='ltr'><strong>sic</strong></span> <span class='ocrx_word' id='word_1_691' title='bbox 809 4770 1032 4825; x_wconf 88' lang='lat' dir='ltr'><strong>disserit</strong></span> <span class='ocrx_word' id='word_1_692' title='bbox 1055 4786 1068 4822; x_wconf 89' lang='lat'><strong>:</strong></span> <span class='ocrx_word' id='word_1_693' title='bbox 1095 4786 1113 4819; x_wconf 80' lang='grc' dir='ltr'><strong>ι</strong></span> <span class='ocrx_word' id='word_1_694' title='bbox 1139 4768 1274 4820; x_wconf 87' lang='lat' dir='ltr'><strong>Post</strong></span> <span class='ocrx_word' id='word_1_695' title='bbox 1289 4763 1553 4819; x_wconf 73' lang='lat' dir='ltr'><strong>diluvium</strong></span> <span class='ocrx_word' id='word_1_696' title='bbox 1581 4762 1845 4817; x_wconf 75' lang='lat' dir='ltr'><strong>aediﬁcata</strong></span> <span class='ocrx_word' id='word_1_697' title='bbox 1867 4763 2034 4816; x_wconf 85' lang='lat' dir='ltr'><strong>turris</strong></span> 
     </span>
    </p>
   </div>
   <div class='ocr_carea' id='block_1_95' title="bbox 448 4857 2036 4929">
    <p class='ocr_par' dir='ltr' id='par_1_95' title="bbox 448 4857 2036 4929">
     <span class='ocr_line' id='line_1_95' title="bbox 448 4857 2036 4929; baseline -0.004 -14"><span class='ocrx_word' id='word_1_698' title='bbox 448 4871 553 4916; x_wconf 88' lang='lat' dir='ltr'><strong>est.</strong></span> <span class='ocrx_word' id='word_1_699' title='bbox 596 4859 740 4915; x_wconf 83' lang='lat' dir='ltr'><strong>Vixit</strong></span> <span class='ocrx_word' id='word_1_700' title='bbox 768 4860 819 4916; x_wconf 92' lang='lat' dir='ltr'><strong>id</strong></span> <span class='ocrx_word' id='word_1_701' title='bbox 853 4860 1117 4929; x_wconf 86' lang='lat' dir='ltr'><strong>temporis</strong></span> <span class='ocrx_word' id='word_1_702' title='bbox 1155 4857 1427 4919; x_wconf 81' lang='lat' dir='ltr'><strong>lleberus,</strong></span> <span class='ocrx_word' id='word_1_703' title='bbox 1458 4863 1653 4908; x_wconf 87' lang='lat' dir='ltr'><strong>auctor</strong></span> <span class='ocrx_word' id='word_1_704' title='bbox 1682 4864 1732 4908; x_wconf 90' lang='lat' dir='ltr'><strong>et</strong></span> <span class='ocrx_word' id='word_1_705' title='bbox 1765 4869 2036 4924; x_wconf 82' lang='lat' dir='ltr'><strong>propaga-</strong></span> 
     </span>
    </p>
   </div>
   <div class='ocr_carea' id='block_1_96' title="bbox 452 4945 2030 5021">
    <p class='ocr_par' dir='ltr' id='par_1_96' title="bbox 452 4945 2030 5021">
     <span class='ocr_line' id='line_1_96' title="bbox 452 4945 2030 5021; baseline -0.006 -15"><span class='ocrx_word' id='word_1_706' title='bbox 452 4961 538 5006; x_wconf 91' lang='lat' dir='ltr'><strong>tor</strong></span> <span class='ocrx_word' id='word_1_707' title='bbox 590 4950 1127 5021; x_wconf 71' lang='lat' dir='ltr'><strong>Hebraiczegentis,</strong></span> <span class='ocrx_word' id='word_1_708' title='bbox 1179 4961 1342 5016; x_wconf 87' lang='lat' dir='ltr'><strong>quem</strong></span> <span class='ocrx_word' id='word_1_709' title='bbox 1396 4945 1691 5014; x_wconf 87' lang='lat' dir='ltr'><strong>perhibent</strong></span> <span class='ocrx_word' id='word_1_710' title='bbox 1738 4957 2030 5013; x_wconf 83' lang='lat' dir='ltr'><strong>prepterea</strong></span> 
     </span>
    </p>
   </div>
   <div class='ocr_carea' id='block_1_97' title="bbox 450 5020 2033 5112">
    <p class='ocr_par' dir='ltr' id='par_1_97' title="bbox 450 5020 2033 5112">
     <span class='ocr_line' id='line_1_97' title="bbox 450 5020 2033 5112; baseline -0.004 -16"><span class='ocrx_word' id='word_1_711' title='bbox 450 5043 592 5112; x_wconf 88' lang='lat' dir='ltr'><strong>quod</strong></span> <span class='ocrx_word' id='word_1_712' title='bbox 628 5059 754 5098; x_wconf 90' lang='lat' dir='ltr'><strong>cum</strong></span> <span class='ocrx_word' id='word_1_713' title='bbox 816 5020 1008 5097; x_wconf 78' lang='lat' dir='ltr'><strong>turrim</strong></span> <span class='ocrx_word' id='word_1_714' title='bbox 1064 5037 1479 5095; x_wconf 77' lang='lat' dir='ltr'><strong>exstruentibus</strong></span> <span class='ocrx_word' id='word_1_715' title='bbox 1528 5036 1844 5090; x_wconf 78' lang='lat' dir='ltr'><strong>commercii</strong></span> <span class='ocrx_word' id='word_1_716' title='bbox 1893 5036 2033 5090; x_wconf 88' lang='lat' dir='ltr'><strong>nihil</strong></span> 
     </span>
    </p>
   </div>
   <div class='ocr_carea' id='block_1_98' title="bbox 453 5127 2031 5205">
    <p class='ocr_par' dir='ltr' id='par_1_98' title="bbox 453 5127 2031 5205">
     <span class='ocr_line' id='line_1_98' title="bbox 453 5127 2031 5205; baseline -0.006 -15"><span class='ocrx_word' id='word_1_717' title='bbox 453 5136 758 5201; x_wconf 89' lang='lat' dir='ltr'><strong>habuisset,</strong></span> <span class='ocrx_word' id='word_1_718' title='bbox 804 5137 1049 5205; x_wconf 81' lang='lat' dir='ltr'><strong>linguam</strong></span> <span class='ocrx_word' id='word_1_719' title='bbox 1097 5147 1253 5186; x_wconf 87' lang='lat' dir='ltr'><strong>suam</strong></span> <span class='ocrx_word' id='word_1_720' title='bbox 1294 5129 1607 5183; x_wconf 87' lang='lat' dir='ltr'><strong>retinuisse.</strong></span> <span class='ocrx_word' id='word_1_721' title='bbox 1641 5127 1767 5184; x_wconf 81' lang='lat' dir='ltr'><strong>Fuit</strong></span> <span class='ocrx_word' id='word_1_722' title='bbox 1808 5130 1928 5199; x_wconf 87' lang='lat' dir='ltr'><strong>ejus</strong></span> <span class='ocrx_word' id='word_1_723' title='bbox 1965 5144 2031 5182; x_wconf 79' lang='lat' dir='ltr'><strong>ex</strong></span> 
     </span>
    </p>
   </div>
   <div class='ocr_carea' id='block_1_99' title="bbox 454 5221 2032 5298">
    <p class='ocr_par' dir='ltr' id='par_1_99' title="bbox 454 5221 2032 5298">
     <span class='ocr_line' id='line_1_99' title="bbox 454 5221 2032 5298; baseline -0.007 -15"><span class='ocrx_word' id='word_1_724' title='bbox 454 5230 689 5298; x_wconf 87' lang='lat' dir='ltr'><strong>posteris</strong></span> <span class='ocrx_word' id='word_1_725' title='bbox 724 5228 1092 5289; x_wconf 86' lang='lat' dir='ltr'><strong>Abrahamus,</strong></span> <span class='ocrx_word' id='word_1_726' title='bbox 1123 5235 1180 5278; x_wconf 90' lang='lat' dir='ltr'><strong>et</strong></span> <span class='ocrx_word' id='word_1_727' title='bbox 1216 5222 1443 5277; x_wconf 82' lang='lat' dir='ltr'><strong>Hebra-a</strong></span> <span class='ocrx_word' id='word_1_728' title='bbox 1493 5221 1677 5292; x_wconf 81' lang='lat' dir='ltr'><strong>lingua</strong></span> <span class='ocrx_word' id='word_1_729' title='bbox 1722 5236 1928 5291; x_wconf 83' lang='lat' dir='ltr'><strong>nomen</strong></span> <span class='ocrx_word' id='word_1_730' title='bbox 1963 5222 2032 5274; x_wconf 90' lang='lat' dir='ltr'><strong>ab</strong></span> 
     </span>
    </p>
   </div>
   <div class='ocr_carea' id='block_1_100' title="bbox 451 5312 2109 5389">
    <p class='ocr_par' dir='ltr' id='par_1_100' title="bbox 451 5312 2109 5389">
     <span class='ocr_line' id='line_1_100' title="bbox 451 5312 2109 5389; baseline -0.005 -13"><span class='ocrx_word' id='word_1_731' title='bbox 451 5321 645 5376; x_wconf 84' lang='lat' dir='ltr'><strong>eodem</strong></span> <span class='ocrx_word' id='word_1_732' title='bbox 677 5318 840 5389; x_wconf 73' lang='lat'><strong>129</strong></span> <span class='ocrx_word' id='word_1_733' title='bbox 857 5318 1086 5387; x_wconf 86' lang='lat' dir='ltr'><strong>accepit.</strong></span> <span class='ocrx_word' id='word_1_734' title='bbox 1115 5334 1134 5367; x_wconf 73' lang='grc' dir='ltr'><strong>ι</strong></span> <span class='ocrx_word' id='word_1_735' title='bbox 1166 5315 1474 5370; x_wconf 78' lang='lat' dir='ltr'><strong>Assentitur</strong></span> <span class='ocrx_word' id='word_1_736' title='bbox 1502 5315 1632 5370; x_wconf 88' lang='lat' dir='ltr'><strong>huic</strong></span> <span class='ocrx_word' id='word_1_737' title='bbox 1654 5323 1711 5368; x_wconf 90' lang='lat' dir='ltr'><strong>et</strong></span> <span class='ocrx_word' id='word_1_738' title='bbox 1738 5312 2041 5382; x_wconf 82' lang='lat' dir='ltr'><strong>Josephus.</strong></span> <span class='ocrx_word' id='word_1_739' title='bbox 2101 5325 2109 5335; x_wconf 82' lang='lat'><strong><em>&#39;</em></strong></span> 
     </span>
    </p>
   </div>
   <div class='ocr_carea' id='block_1_101' title="bbox 453 5405 2036 5479">
    <p class='ocr_par' dir='ltr' id='par_1_101' title="bbox 453 5405 2036 5479">
     <span class='ocr_line' id='line_1_101' title="bbox 453 5405 2036 5479; baseline -0.004 -15"><span class='ocrx_word' id='word_1_740' title='bbox 453 5411 840 5466; x_wconf 84' lang='lat' dir='ltr'><strong>Theodoretus</strong></span> <span class='ocrx_word' id='word_1_741' title='bbox 892 5424 1023 5465; x_wconf 82' lang='lat' dir='ltr'><strong>vero</strong></span> <span class='ocrx_word' id='word_1_742' title='bbox 1058 5416 1306 5479; x_wconf 82' lang='lat' dir='ltr'><strong>posteros</strong></span> <span class='ocrx_word' id='word_1_743' title='bbox 1350 5405 1544 5462; x_wconf 84' lang='lat' dir='ltr'><strong>Adatni</strong></span> <span class='ocrx_word' id='word_1_744' title='bbox 1579 5407 1764 5477; x_wconf 80' lang='lat' dir='ltr'><strong>lingua</strong></span> <span class='ocrx_word' id='word_1_745' title='bbox 1815 5405 2036 5476; x_wconf 85' lang='lat' dir='ltr'><strong>Syriaca</strong></span> 
     </span>
    </p>
   </div>
   <div class='ocr_carea' id='block_1_102' title="bbox 453 5501 1444 5571">
    <p class='ocr_par' dir='ltr' id='par_1_102' title="bbox 453 5501 1444 5571">
     <span class='ocr_line' id='line_1_102' title="bbox 453 5501 1444 5571; baseline -0.002 -14"><span class='ocrx_word' id='word_1_746' title='bbox 453 5504 572 5558; x_wconf 86' lang='lat' dir='ltr'><strong>vult</strong></span> <span class='ocrx_word' id='word_1_747' title='bbox 592 5517 718 5556; x_wconf 86' lang='lat' dir='ltr'><strong>usos</strong></span> <span class='ocrx_word' id='word_1_748' title='bbox 748 5501 945 5556; x_wconf 79' lang='lat' dir='ltr'><strong>fuisse.</strong></span> <span class='ocrx_word' id='word_1_749' title='bbox 1431 5564 1444 5571; x_wconf 15' lang='grc' dir='ltr'><strong>γ</strong></span> 
     </span>
    </p>
   </div>
   <div class='ocr_carea' id='block_1_103' title="bbox 527 5588 2037 5648">
    <p class='ocr_par' dir='ltr' id='par_1_103' title="bbox 527 5588 2037 5648">
     <span class='ocr_line' id='line_1_103' title="bbox 527 5588 2037 5648; baseline -0.005 0"><span class='ocrx_word' id='word_1_750' title='bbox 527 5593 669 5648; x_wconf 76' lang='lat' dir='ltr'><strong>Seiri</strong></span> <span class='ocrx_word' id='word_1_751' title='bbox 705 5604 886 5646; x_wconf 85' lang='lat' dir='ltr'><strong>autem</strong></span> <span class='ocrx_word' id='word_1_752' title='bbox 918 5593 1077 5648; x_wconf 87' lang='lat' dir='ltr'><strong>debet</strong></span> <span class='ocrx_word' id='word_1_753' title='bbox 1110 5592 1460 5648; x_wconf 76' lang='lat' dir='ltr'><strong>Chanaztnem</strong></span> <span class='ocrx_word' id='word_1_754' title='bbox 1489 5590 1683 5646; x_wconf 87' lang='lat' dir='ltr'><strong>Chami</strong></span> <span class='ocrx_word' id='word_1_755' title='bbox 1720 5589 1886 5643; x_wconf 81' lang='lat' dir='ltr'><strong>ﬁlium</strong></span> <span class='ocrx_word' id='word_1_756' title='bbox 1914 5588 2037 5642; x_wconf 88' lang='lat' dir='ltr'><strong>ani-</strong></span> 
     </span>
    </p>
   </div>
   <div class='ocr_carea' id='block_1_104' title="bbox 457 5684 2033 5744">
    <p class='ocr_par' dir='ltr' id='par_1_104' title="bbox 457 5684 2033 5744">
     <span class='ocr_line' id='line_1_104' title="bbox 457 5684 2033 5744; baseline -0.003 -3"><span class='ocrx_word' id='word_1_757' title='bbox 457 5687 745 5741; x_wconf 80' lang='lat' dir='ltr'><strong>madverso</strong></span> <span class='ocrx_word' id='word_1_758' title='bbox 776 5696 975 5742; x_wconf 87' lang='lat' dir='ltr'><strong>terram</strong></span> <span class='ocrx_word' id='word_1_759' title='bbox 1000 5686 1209 5744; x_wconf 85' lang='lat' dir='ltr'><strong>Libano</strong></span> <span class='ocrx_word' id='word_1_760' title='bbox 1230 5687 1465 5743; x_wconf 83' lang='lat' dir='ltr'><strong>vicinam</strong></span> <span class='ocrx_word' id='word_1_761' title='bbox 1503 5684 1741 5740; x_wconf 79' lang='lat' dir='ltr'><strong>fertilem</strong></span> <span class='ocrx_word' id='word_1_762' title='bbox 1772 5697 1892 5740; x_wconf 78' lang='lat' dir='ltr'><strong>esse</strong></span> <span class='ocrx_word' id='word_1_763' title='bbox 1909 5697 2033 5738; x_wconf 86' lang='lat' dir='ltr'><strong>sua-</strong></span> 
     </span>
    </p>
   </div>
   <div class='ocr_carea' id='block_1_105' title="bbox 527 5851 949 5920">
    <p class='ocr_par' dir='ltr' id='par_1_105' title="bbox 527 5851 949 5920">
     <span class='ocr_line' id='line_1_105' title="bbox 527 5851 949 5920; baseline 0.012 -15"><span class='ocrx_word' id='word_1_764' title='bbox 527 5854 570 5886; x_wconf 79' lang='lat'>“</span> <span class='ocrx_word' id='word_1_765' title='bbox 602 5851 743 5906; x_wconf 81' lang='lat' dir='ltr'><strong>Gen.</strong></span> <span class='ocrx_word' id='word_1_766' title='bbox 780 5869 853 5920; x_wconf 70' lang='grc' dir='ltr'><strong>ιι,</strong></span> <span class='ocrx_word' id='word_1_767' title='bbox 894 5855 949 5912; x_wconf 80' lang='grc'>5.</span> 
     </span>
    </p>
   </div>
   <div class='ocr_carea' id='block_1_106' title="bbox 2139 4673 3734 4744">
    <p class='ocr_par' dir='ltr' id='par_1_106' title="bbox 2139 4673 3734 4744">
     <span class='ocr_line' id='line_1_106' title="bbox 2139 4673 3734 4744; baseline -0.004 -17"><span class='ocrx_word' id='word_1_768' title='bbox 2139 4675 2236 4728; x_wconf 70' lang='grc' dir='ltr'><strong>καλ⁸</strong></span> <span class='ocrx_word' id='word_1_769' title='bbox 2282 4673 2450 4728; x_wconf 83' lang='grc' dir='ltr'>πάλιν</span> <span class='ocrx_word' id='word_1_770' title='bbox 2504 4673 2781 4743; x_wconf 75' lang='grc' dir='ltr'>ἀλλαχοῦ·</span> <span class='ocrx_word' id='word_1_771' title='bbox 2818 4693 2838 4726; x_wconf 74' lang='grc' dir='ltr'>ε</span> <span class='ocrx_word' id='word_1_772' title='bbox 2875 4675 3084 4728; x_wconf 77' lang='grc' dir='ltr'>Ταλιθὰ</span> <span class='ocrx_word' id='word_1_773' title='bbox 3133 4674 3341 4744; x_wconf 85' lang='grc' dir='ltr'>κοῦμι,</span> <span class='ocrx_word' id='word_1_774' title='bbox 3393 4694 3415 4727; x_wconf 72' lang='grc' dir='ltr'><strong><em>ι</em></strong></span> <span class='ocrx_word' id='word_1_775' title='bbox 3463 4675 3734 4733; x_wconf 72' lang='grc' dir='ltr'>τουτέστι,</span> 
     </span>
    </p>
   </div>
   <div class='ocr_carea' id='block_1_107' title="bbox 2145 4751 3738 4835">
    <p class='ocr_par' dir='ltr' id='par_1_107' title="bbox 2145 4751 3738 4835">
     <span class='ocr_line' id='line_1_107' title="bbox 2145 4751 3738 4835; baseline -0.001 -20"><span class='ocrx_word' id='word_1_776' title='bbox 2145 4781 2164 4815; x_wconf 72' lang='grc' dir='ltr'>ι</span> <span class='ocrx_word' id='word_1_777' title='bbox 2208 4764 2303 4817; x_wconf 85' lang='grc' dir='ltr'><strong>Σοὶ</strong></span> <span class='ocrx_word' id='word_1_778' title='bbox 2330 4763 2476 4831; x_wconf 81' lang='grc' dir='ltr'>λέγω</span> <span class='ocrx_word' id='word_1_779' title='bbox 2496 4762 2573 4834; x_wconf 83' lang='grc' dir='ltr'><strong>τῷ</strong></span> <span class='ocrx_word' id='word_1_780' title='bbox 2603 4751 2870 4834; x_wconf 59' lang='grc' dir='ltr'>κορασίιίῖ.</span> <span class='ocrx_word' id='word_1_781' title='bbox 2916 4782 2936 4817; x_wconf 85' lang='grc'><strong>›</strong></span> <span class='ocrx_word' id='word_1_782' title='bbox 2995 4765 3139 4835; x_wconf 81' lang='grc' dir='ltr'>Πρὸς</span> <span class='ocrx_word' id='word_1_783' title='bbox 3184 4764 3415 4829; x_wconf 81' lang='grc' dir='ltr'>τούτοις</span> <span class='ocrx_word' id='word_1_784' title='bbox 3474 4765 3536 4817; x_wconf 77' lang='grc' dir='ltr'><strong>δὲ</strong></span> <span class='ocrx_word' id='word_1_785' title='bbox 3586 4762 3738 4815; x_wconf 66' lang='grc' dir='ltr'>καὶὸ</span> 
     </span>
    </p>
   </div>
   <div class='ocr_carea' id='block_1_108' title="bbox 2144 4853 3738 4927">
    <p class='ocr_par' dir='ltr' id='par_1_108' title="bbox 2144 4853 3738 4927">
     <span class='ocr_line' id='line_1_108' title="bbox 2144 4853 3738 4927; baseline -0.001 -20"><span class='ocrx_word' id='word_1_786' title='bbox 2144 4857 2319 4925; x_wconf 77' lang='grc' dir='ltr'>μέγας</span> <span class='ocrx_word' id='word_1_787' title='bbox 2361 4853 2682 4923; x_wconf 82' lang='grc' dir='ltr'>Ἐπιφάνιος</span> <span class='ocrx_word' id='word_1_788' title='bbox 2713 4856 2843 4924; x_wconf 74' lang='grc' dir='ltr'>περὶ</span> <span class='ocrx_word' id='word_1_789' title='bbox 2877 4855 3084 4909; x_wconf 83' lang='grc' dir='ltr'>τούτων</span> <span class='ocrx_word' id='word_1_790' title='bbox 3114 4853 3259 4909; x_wconf 77' lang='grc' dir='ltr'>οὕτω</span> <span class='ocrx_word' id='word_1_791' title='bbox 3284 4858 3435 4927; x_wconf 71' lang='grc' dir='ltr'><strong>φησί</strong></span> <span class='ocrx_word' id='word_1_792' title='bbox 3456 4872 3474 4890; x_wconf 75' lang='grc'><strong>⁸</strong></span> <span class='ocrx_word' id='word_1_793' title='bbox 3536 4876 3556 4910; x_wconf 75' lang='grc' dir='ltr'>ι</span> <span class='ocrx_word' id='word_1_794' title='bbox 3586 4853 3738 4909; x_wconf 82' lang='grc' dir='ltr'><strong>Μετὰ</strong></span> 
     </span>
    </p>
   </div>
   <div class='ocr_carea' id='block_1_109' title="bbox 2139 4926 3739 5023">
    <p class='ocr_par' dir='ltr' id='par_1_109' title="bbox 2139 4926 3739 5023">
     <span class='ocr_line' id='line_1_109' title="bbox 2139 4926 3739 5023; baseline -0.001 -23"><span class='ocrx_word' id='word_1_795' title='bbox 2139 4950 2231 5001; x_wconf 83' lang='grc' dir='ltr'>τὸν</span> <span class='ocrx_word' id='word_1_796' title='bbox 2276 4946 2669 5017; x_wconf 78' lang='grc' dir='ltr'>κατακλυσμὸν</span> <span class='ocrx_word' id='word_1_797' title='bbox 2716 4950 2744 5000; x_wconf 92' lang='lat'><strong>6</strong></span> <span class='ocrx_word' id='word_1_798' title='bbox 2805 4947 3038 5019; x_wconf 86' lang='grc' dir='ltr'>πύργος,</span> <span class='ocrx_word' id='word_1_799' title='bbox 3093 4944 3213 5001; x_wconf 75' lang='grc' dir='ltr'>εἶτα</span> <span class='ocrx_word' id='word_1_800' title='bbox 3263 4926 3507 5023; x_wconf 66' lang='grc' dir='ltr'>δ”Εὸερ</span> <span class='ocrx_word' id='word_1_801' title='bbox 3564 4950 3593 5001; x_wconf 93' lang='lat'><strong>6</strong></span> <span class='ocrx_word' id='word_1_802' title='bbox 3629 4947 3739 5001; x_wconf 85' lang='grc' dir='ltr'>τῶν</span> 
     </span>
    </p>
   </div>
   <div class='ocr_carea' id='block_1_110' title="bbox 2153 5044 3734 5116">
    <p class='ocr_par' dir='ltr' id='par_1_110' title="bbox 2153 5044 3734 5116">
     <span class='ocr_line' id='line_1_110' title="bbox 2153 5044 3734 5116; baseline -0.001 -19"><span class='ocrx_word' id='word_1_803' title='bbox 2153 5044 2422 5116; x_wconf 81' lang='grc' dir='ltr'>Ἐϐραίων</span> <span class='ocrx_word' id='word_1_804' title='bbox 2442 5045 2729 5113; x_wconf 76' lang='grc' dir='ltr'>πρόγονος,</span> <span class='ocrx_word' id='word_1_805' title='bbox 2752 5044 2812 5097; x_wconf 87' lang='grc' dir='ltr'>ὃν</span> <span class='ocrx_word' id='word_1_806' title='bbox 2836 5044 3054 5112; x_wconf 80' lang='grc' dir='ltr'>λέγουσι</span> <span class='ocrx_word' id='word_1_807' title='bbox 3077 5046 3152 5116; x_wconf 82' lang='grc' dir='ltr'>μὴ</span> <span class='ocrx_word' id='word_1_808' title='bbox 3173 5044 3519 5115; x_wconf 79' lang='grc' dir='ltr'>βουληθέντα</span> <span class='ocrx_word' id='word_1_809' title='bbox 3546 5059 3734 5099; x_wconf 79' lang='grc' dir='ltr'>κοινω-</span> 
     </span>
    </p>
   </div>
   <div class='ocr_carea' id='block_1_111' title="bbox 2141 5134 3738 5207">
    <p class='ocr_par' dir='ltr' id='par_1_111' title="bbox 2141 5134 3738 5207">
     <span class='ocr_line' id='line_1_111' title="bbox 2141 5134 3738 5207; baseline -0.005 -16"><span class='ocrx_word' id='word_1_810' title='bbox 2141 5137 2306 5206; x_wconf 74' lang='grc' dir='ltr'>νῆσαι</span> <span class='ocrx_word' id='word_1_811' title='bbox 2337 5139 2450 5201; x_wconf 83' lang='grc' dir='ltr'>τοῖς</span> <span class='ocrx_word' id='word_1_812' title='bbox 2480 5137 2572 5189; x_wconf 79' lang='grc' dir='ltr'>τὸν</span> <span class='ocrx_word' id='word_1_813' title='bbox 2600 5135 2815 5206; x_wconf 86' lang='grc' dir='ltr'>πύργον</span> <span class='ocrx_word' id='word_1_814' title='bbox 2833 5136 3201 5204; x_wconf 77' lang='grc' dir='ltr'>οἰκοδομοῦσι,</span> <span class='ocrx_word' id='word_1_815' title='bbox 3229 5139 3421 5207; x_wconf 83' lang='grc' dir='ltr'>μεῖναι</span> <span class='ocrx_word' id='word_1_816' title='bbox 3452 5139 3513 5191; x_wconf 80' lang='grc' dir='ltr'>ὲν</span> <span class='ocrx_word' id='word_1_817' title='bbox 3536 5139 3603 5206; x_wconf 80' lang='grc' dir='ltr'>τῇ</span> <span class='ocrx_word' id='word_1_818' title='bbox 3632 5134 3738 5201; x_wconf 77' lang='grc' dir='ltr'>ἰδίᾳ</span> 
     </span>
    </p>
   </div>
   <div class='ocr_carea' id='block_1_112' title="bbox 2145 5227 3735 5299">
    <p class='ocr_par' dir='ltr' id='par_1_112' title="bbox 2145 5227 3735 5299">
     <span class='ocr_line' id='line_1_112' title="bbox 2145 5227 3735 5299; baseline -0.003 -18"><span class='ocrx_word' id='word_1_819' title='bbox 2145 5230 2385 5299; x_wconf 79' lang='grc' dir='ltr'>γλώττῃ.</span> <span class='ocrx_word' id='word_1_820' title='bbox 2448 5228 2655 5282; x_wconf 85' lang='grc' dir='ltr'>Τούτου</span> <span class='ocrx_word' id='word_1_821' title='bbox 2706 5230 2931 5297; x_wconf 75' lang='grc' dir='ltr'>ἔκγονος</span> <span class='ocrx_word' id='word_1_822' title='bbox 2985 5231 3013 5281; x_wconf 90' lang='lat'><strong>6</strong></span> <span class='ocrx_word' id='word_1_823' title='bbox 3081 5229 3362 5298; x_wconf 77' lang='grc' dir='ltr'>’Λὸραάμ,</span> <span class='ocrx_word' id='word_1_824' title='bbox 3420 5229 3548 5281; x_wconf 79' lang='grc' dir='ltr'>ὅθεν</span> <span class='ocrx_word' id='word_1_825' title='bbox 3584 5227 3735 5291; x_wconf 78' lang='grc' dir='ltr'>καὶὴ</span> 
     </span>
    </p>
   </div>
   <div class='ocr_carea' id='block_1_113' title="bbox 2152 5317 3740 5419">
    <p class='ocr_par' dir='ltr' id='par_1_113' title="bbox 2152 5317 3740 5419">
     <span class='ocr_line' id='line_1_113' title="bbox 2152 5317 3740 5419; baseline -0.001 -46"><span class='ocrx_word' id='word_1_826' title='bbox 2152 5321 2384 5393; x_wconf 81' lang='grc' dir='ltr'>Ἐϐραία</span> <span class='ocrx_word' id='word_1_827' title='bbox 2423 5321 2664 5389; x_wconf 85' lang='grc' dir='ltr'>γλῶττα.</span> <span class='ocrx_word' id='word_1_828' title='bbox 2706 5340 2725 5373; x_wconf 72' lang='grc' dir='ltr'>ι</span> <span class='ocrx_word' id='word_1_829' title='bbox 2753 5322 2836 5375; x_wconf 67' lang='grc' dir='ltr'><strong>Τὰ</strong></span> <span class='ocrx_word' id='word_1_830' title='bbox 2872 5323 3013 5375; x_wconf 80' lang='grc' dir='ltr'>αὐτὰ</span> <span class='ocrx_word' id='word_1_831' title='bbox 3046 5322 3104 5374; x_wconf 84' lang='grc' dir='ltr'><strong>δὲ</strong></span> <span class='ocrx_word' id='word_1_832' title='bbox 3142 5320 3364 5384; x_wconf 86' lang='grc' dir='ltr'>τούτοις</span> <span class='ocrx_word' id='word_1_833' title='bbox 3408 5322 3510 5406; x_wconf 74' lang='grc' dir='ltr'>καὶ</span> <span class='ocrx_word' id='word_1_834' title='bbox 3553 5317 3740 5419; x_wconf 53' lang='grc' dir='ltr'>ἰιίόσηο</span> 
     </span>
    </p>
   </div>
   <div class='ocr_carea' id='block_1_114' title="bbox 2139 5403 3734 5485">
    <p class='ocr_par' dir='ltr' id='par_1_114' title="bbox 2139 5403 3734 5485">
     <span class='ocr_line' id='line_1_114' title="bbox 2139 5403 3734 5485; baseline -0.001 -18"><span class='ocrx_word' id='word_1_835' title='bbox 2139 5415 2241 5478; x_wconf 74' lang='grc' dir='ltr'>πός</span> <span class='ocrx_word' id='word_1_836' title='bbox 2265 5431 2422 5484; x_wconf 83' lang='grc' dir='ltr'>φησι.</span> <span class='ocrx_word' id='word_1_837' title='bbox 2458 5417 2566 5468; x_wconf 81' lang='lat' dir='ltr'><strong>Kal</strong></span> <span class='ocrx_word' id='word_1_838' title='bbox 2600 5409 2747 5469; x_wconf 75' lang='grc' dir='ltr'>οὗτοι</span> <span class='ocrx_word' id='word_1_839' title='bbox 2782 5416 2880 5485; x_wconf 79' lang='grc' dir='ltr'>μὲν</span> <span class='ocrx_word' id='word_1_840' title='bbox 2905 5415 3078 5478; x_wconf 72' lang='grc' dir='ltr'>οὕτως</span> <span class='ocrx_word' id='word_1_841' title='bbox 3095 5430 3112 5448; x_wconf 88' lang='grc'><strong>·</strong></span> <span class='ocrx_word' id='word_1_842' title='bbox 3144 5418 3173 5468; x_wconf 90' lang='lat'><strong>6</strong></span> <span class='ocrx_word' id='word_1_843' title='bbox 3197 5415 3253 5467; x_wconf 76' lang='grc' dir='ltr'><strong>δὲ</strong></span> <span class='ocrx_word' id='word_1_844' title='bbox 3277 5403 3644 5483; x_wconf 63' lang='grc' dir='ltr'><strong>Θεοδώρητοῖ</strong></span> <span class='ocrx_word' id='word_1_845' title='bbox 3668 5409 3734 5477; x_wconf 74' lang='grc' dir='ltr'>τῇ</span> 
     </span>
    </p>
   </div>
   <div class='ocr_carea' id='block_1_115' title="bbox 2138 5504 3687 5577">
    <p class='ocr_par' dir='ltr' id='par_1_115' title="bbox 2138 5504 3687 5577">
     <span class='ocr_line' id='line_1_115' title="bbox 2138 5504 3687 5577; baseline 0.003 -20"><span class='ocrx_word' id='word_1_846' title='bbox 2138 5505 2287 5576; x_wconf 69' lang='grc' dir='ltr'>Σύρᾳ</span> <span class='ocrx_word' id='word_1_847' title='bbox 2312 5506 2526 5577; x_wconf 83' lang='grc' dir='ltr'>γλώττῃ</span> <span class='ocrx_word' id='word_1_848' title='bbox 2553 5508 2678 5569; x_wconf 77' lang='grc' dir='ltr'>τοὺς</span> <span class='ocrx_word' id='word_1_849' title='bbox 2707 5508 2766 5574; x_wconf 74' lang='grc' dir='ltr'>ἐξ</span> <span class='ocrx_word' id='word_1_850' title='bbox 2819 5504 2992 5577; x_wconf 62' lang='grc' dir='ltr'><strong>’Ᾰδὰμ</strong></span> <span class='ocrx_word' id='word_1_851' title='bbox 3018 5506 3256 5577; x_wconf 81' lang='grc' dir='ltr'>χρᾶσθαί</span> <span class='ocrx_word' id='word_1_852' title='bbox 3276 5521 3480 5575; x_wconf 78' lang='grc' dir='ltr'>φησιν.</span> <span class='ocrx_word' id='word_1_853' title='bbox 3678 5538 3687 5545; x_wconf 94' lang='grc'><strong><em>-</em></strong></span> 
     </span>
    </p>
   </div>
   <div class='ocr_carea' id='block_1_116' title="bbox 2220 5594 3737 5669">
    <p class='ocr_par' dir='ltr' id='par_1_116' title="bbox 2220 5594 3737 5669">
     <span class='ocr_line' id='line_1_116' title="bbox 2220 5594 3737 5669; baseline -0.001 -20"><span class='ocrx_word' id='word_1_854' title='bbox 2220 5597 2418 5650; x_wconf 84' lang='grc' dir='ltr'>Ἰστέον</span> <span class='ocrx_word' id='word_1_855' title='bbox 2444 5598 2501 5650; x_wconf 72' lang='grc' dir='ltr'>δὲ</span> <span class='ocrx_word' id='word_1_856' title='bbox 2551 5599 2635 5652; x_wconf 80' lang='grc' dir='ltr'>ὅτι</span> <span class='ocrx_word' id='word_1_857' title='bbox 2662 5602 2691 5653; x_wconf 90' lang='lat'><strong>6</strong></span> <span class='ocrx_word' id='word_1_858' title='bbox 2733 5599 2832 5653; x_wconf 79' lang='grc' dir='ltr'>τοῦ</span> <span class='ocrx_word' id='word_1_859' title='bbox 2874 5600 3006 5669; x_wconf 85' lang='grc' dir='ltr'><strong>Χὰμ</strong></span> <span class='ocrx_word' id='word_1_860' title='bbox 3044 5600 3158 5664; x_wconf 80' lang='grc' dir='ltr'>υἱὸς</span> <span class='ocrx_word' id='word_1_861' title='bbox 3208 5599 3444 5652; x_wconf 77' lang='grc' dir='ltr'>Χαναὰν</span> <span class='ocrx_word' id='word_1_862' title='bbox 3473 5596 3603 5652; x_wconf 58' lang='lat' dir='ltr'><strong>itSth</strong></span> <span class='ocrx_word' id='word_1_863' title='bbox 3634 5594 3737 5663; x_wconf 73' lang='grc' dir='ltr'><strong>τὴν</strong></span> 
     </span>
    </p>
   </div>
   <div class='ocr_carea' id='block_1_117' title="bbox 2134 5680 3735 5765">
    <p class='ocr_par' dir='ltr' id='par_1_117' title="bbox 2134 5680 3735 5765">
     <span class='ocr_line' id='line_1_117' title="bbox 2134 5680 3735 5765; baseline 0.001 -24"><span class='ocrx_word' id='word_1_864' title='bbox 2134 5692 2273 5760; x_wconf 68' lang='grc' dir='ltr'>πρὸς</span> <span class='ocrx_word' id='word_1_865' title='bbox 2327 5690 2417 5744; x_wconf 74' lang='grc' dir='ltr'><strong>τὸν</strong></span> <span class='ocrx_word' id='word_1_866' title='bbox 2477 5692 2709 5747; x_wconf 83' lang='grc' dir='ltr'>Λίϐανον</span> <span class='ocrx_word' id='word_1_867' title='bbox 2741 5693 2844 5762; x_wconf 78' lang='grc' dir='ltr'>γῆν</span> <span class='ocrx_word' id='word_1_868' title='bbox 2897 5695 2980 5746; x_wconf 77' lang='grc' dir='ltr'>ὅτι</span> <span class='ocrx_word' id='word_1_869' title='bbox 3034 5692 3215 5765; x_wconf 84' lang='grc' dir='ltr'>ἀγαθή</span> <span class='ocrx_word' id='word_1_870' title='bbox 3266 5680 3735 5764; x_wconf 54' lang='grc' dir='ltr'>ιστιγμστὰττὴν</span> 
     </span>
    </p>
   </div>
   <div class='ocr_carea' id='block_1_118' title="bbox 1026 5796 2430 5917">
    <p class='ocr_par' dir='ltr' id='par_1_118' title="bbox 1026 5796 2430 5917">
     <span class='ocr_line' id='line_1_118' title="bbox 1026 5796 2430 5917; baseline -0.002 -7"><span class='ocrx_word' id='word_1_871' title='bbox 1026 5855 1065 5887; x_wconf 86' lang='grc'>¹⁷</span> <span class='ocrx_word' id='word_1_872' title='bbox 1096 5855 1231 5910; x_wconf 83' lang='lat' dir='ltr'><strong>ibid.</strong></span> <span class='ocrx_word' id='word_1_873' title='bbox 1263 5854 1318 5909; x_wconf 88' lang='grc'>6.</span> <span class='ocrx_word' id='word_1_874' title='bbox 1346 5796 1361 5817; x_wconf 35' lang='grc'>⁸</span> <span class='ocrx_word' id='word_1_875' title='bbox 1396 5855 1442 5887; x_wconf 76' lang='grc'>’⁸</span> <span class='ocrx_word' id='word_1_876' title='bbox 1481 5852 1646 5908; x_wconf 80' lang='lat' dir='ltr'><strong>Marc.</strong></span> <span class='ocrx_word' id='word_1_877' title='bbox 1681 5867 1775 5915; x_wconf 80' lang='lat' dir='ltr'><strong>vn,</strong></span> <span class='ocrx_word' id='word_1_878' title='bbox 1808 5851 1898 5905; x_wconf 54' lang='lat' dir='ltr'><strong>3i.</strong></span> <span class='ocrx_word' id='word_1_879' title='bbox 1982 5852 2022 5884; x_wconf 72' lang='grc' dir='ltr'><strong>ιθ</strong></span> <span class='ocrx_word' id='word_1_880' title='bbox 2065 5850 2226 5905; x_wconf 74' lang='lat' dir='ltr'><strong>Marc.</strong></span> <span class='ocrx_word' id='word_1_881' title='bbox 2260 5867 2311 5917; x_wconf 84' lang='grc' dir='ltr'><strong>ν,</strong></span> <span class='ocrx_word' id='word_1_882' title='bbox 2346 5852 2430 5907; x_wconf 62' lang='lat' dir='ltr'><strong>ll.</strong></span> 
     </span>
    </p>
   </div>
   <div class='ocr_carea' id='block_1_119' title="bbox 3798 2329 3831 2352">
    <p class='ocr_par' dir='ltr' id='par_1_119' title="bbox 3798 2329 3831 2352">
     <span class='ocr_line' id='line_1_119' title="bbox 3798 2329 3831 2352; baseline 0 0"><span class='ocrx_word' id='word_1_883' title='bbox 3798 2329 3831 2352; x_wconf 56' lang='grc' dir='ltr'><strong>κ</strong></span> 
     </span>
    </p>
   </div>
  </div>
