3936 6424
242 390 355 454 253

1492 391 1892 452 ANNALIUM
1937 393 2129 453 PARS
2172 393 2245 455 ll.

3390 400 3498 466 2.34

228 502 380 573 ’πρὸς
411 502 608 565 αὐτοὺς
639 502 1014 572 κληροδοσίαν,
1048 502 1143 556 καὶ
1166 501 1436 572 κρείττων
1475 504 1574 574 τῆς
1616 505 1806 557 ἑαυτοί

1920 520 2026 574 que
2057 504 2363 576 nteliorem,
2406 521 2531 579 post
2576 512 2899 569 divisionem
2950 515 3094 570 inter
3125 514 3253 575 Noae
3298 517 3502 577 liberos

243 595 369 662 γῆς,
394 594 729 665 τυραννικῶς
754 594 1108 666 καθήρπαξεν
1129 596 1322 666 αὐτὴν,
1355 597 1448 648 καὶ
1473 599 1601 660 τοὺς
1636 599 1699 650 ἐκ
1724 597 1816 650 τοῦ

241 684 360 756 Σήμ
388 684 759 755 κληρονόμους
787 687 998 739 ἐκεῖθεν
1025 686 1279 757 ἐξήλασε.
1301 685 1406 740 Καὶ
1435 686 1579 741 οὕτω
1610 690 1758 741 πᾶσα
1781 689 1815 758 ή

241 777 313 846 γῆ
340 780 440 846 τῆς
468 777 802 844 ἐπαγγελίας
831 779 926 830 τοῦ
952 778 1174 831 Χαναὰν
1198 778 1645 850 προσηγορεύθη.
1712 780 1818 832 Καὶ

250 868 512 938 Ἰώσηπῡς
537 869 592 921 δέ
618 886 786 938 φησιν
815 869 903 922 ὅτε
926 868 1150 923 Χαναὰν
1179 871 1442 940 τέταρτος
1467 868 1543 924 ῶν
1572 871 1666 922 τοῦ
1688 871 1818 941 Χὰμ

238 963 390 1025 παῖς,
427 960 526 1031 τὴν
599 961 862 1015 Ἰουδαίαν
911 962 1261 1032 καλουμένην
1300 963 1531 1032 οἰκήσας
1591 964 1817 1017 Χαναὰν

236 1053 329 1123 ἀφ’
369 1053 563 1105 ἑαυτοῦ
598 1071 772 1124 προση
782 1054 1058 1124 γόρευσεν.

315 1145 375 1199 '0
405 1147 462 1199 δὲ
509 1109 957 1216 Σὴμ.γεννᾷιτὸν
1004 1146 1277 1218 Ἀρφαξᾶ,
1339 1146 1600 1220 Ἀρφαξᾶ.
1627 1148 1683 1202 δὲ
1724 1109 1844 1202 τὸν.

172 1270 193 1283 ρ
235 1240 460 1314 Καϊνᾶν.
521 1232 692 1304 Οὗτος
745 1241 803 1295 δὲ
840 1242 869 1293 ὁ
908 1242 1139 1310 Καϊνᾶς,
1197 1243 1273 1307 ὥς
1331 1260 1466 1314 φησι
1516 1240 1813 1313 Γεῶργιος,

233 1310 616 1402 συνεγράψαντο
646 1335 747 1403 τὴν
797 1334 1188 1406 ἀστρονομίαν,
1231 1310 1484 1406 εὑρηκὼς
1518 1338 1619 1408 τὴν
1641 1310 1814 1409 ’παρὰ

229 1422 323 1476 τοῦ
354 1424 462 1494 Σὴθ
491 1427 586 1480 καὶ
616 1425 726 1479 τῶν
749 1425 915 1480 αὐτοῦ
940 1427 1145 1481 τέκνων
1167 1427 1488 1482 ὲκτεθείσαν
1516 1429 1815 1496 ὀνομασίαν

229 1514 338 1569 τῶν
395 1517 644 1587 ἀστέρων
699 1520 758 1570 ὲν
799 1518 971 1571 πλακὶ
1030 1518 1211 1591 λιθίνῃ
1268 1523 1690 1593 γεγραμμένην.
1749 1524 1813 1576 Ol

229 1606 339 1678 γὰρ
375 1609 469 1662 τοῦ
493 1609 599 1681 Σὴθ
624 1609 840 1678 έγγονοι
869 1612 1285 1682 προμυηθέντες
1315 1613 1524 1667 ἄνωθεν
1558 1616 1658 1683 τὴν
1687 1615 1816 1685 μέλ-

228 1700 429 1753 λουσαν
461 1701 718 1768 γενέσθαι
744 1702 955 1774 φθορὰν
985 1704 1093 1759 τῶν
1137 1705 1446 1775 ἀνθρώπων
1483 1707 1576 1761 διά
1607 1724 1669 1761 τε
1703 1724 1831 1779 non

235 1790 325 1860 ρδς
367 1791 465 1843 καὶ
514 1790 732 1856 ὕδατος,
767 1794 866 1848 καὶ
918 1796 1252 1866 ποιήσαντες
1293 1797 1390 1851 δύο
1421 1798 1812 1871 στήλας,.μίαν

235 1882 336 1954 μὲν
368 1882 601 1955 λιθίνην,
627 1884 825 1956 ἑτέραν
843 1886 899 1940 δὲ
924 1886 1227 1959 πλινθίνην,
1250 1889 1500 1961 ἔγραψαν
1531 1893 1599 1947 τὰ
1632 1890 1698 1947 ὲει
1719 1893 1813 1947 τοῦ

229 1978 454 2031 πάππου
485 1977 665 2032 αὐτῶν
694 1978 802 2048 Σὴθ
837 1979 1132 2034 ἐκτεθέντα
1180 1981 1411 2051 οὐράνια
1433 1983 1634 2051 πάντα,
1666 1987 1817 2055 λογισ-

230 2066 458 2136 σάμενοι
514 2067 598 2121 ὅτι
649 2069 700 2121 εί
743 2068 844 2139 μὲν
888 2069 957 2123 δι’
988 2069 1185 2133 ὓδατος
1220 2072 1249 2124 ὁ
1304 2073 1513 2143 κόσμος
1540 2075 1812 2149 φθαρῇ,ή

226 2158 400 2231 λιθίνη
462 2161 633 2233 στήλη
680 2163 834 2231 μενεί
878 2165 974 2217 καὶ
1024 2164 1094 2216 τὰ
1145 2165 1204 2219 ἐν
1257 2166 1398 2237 αὐτῇ
1439 2172 1813 2239 γεγραμμένοι

229 2253 382 2324 (ἣτις
410 2253 578 2324 στήλη
614 2253 756 2323 μετά
798 2256 891 2310 τὸν
919 2256 1309 2327 κατακλυσμὸν
1362 2263 1445 2321 εἰς
1496 2262 1557 2314 τὸ
1600 2263 1811 2334 Σίόιρον

225 2344 351 2416 ὅρος
369 2346 575 2415 ἔμεινε,
593 2346 691 2401 καὶ
711 2344 862 2400 ἐστιν
886 2345 992 2411 ἕως
1016 2347 1164 2419 ἄρτι,
1183 2346 1260 2411 ὦς
1294 2366 1461 2420 φησιν
1500 2350 1808 2424 Ἰώσηπος),

225 2440 276 2492 εί
303 2438 362 2493 δὲ
393 2439 484 2494 διὰ
505 2439 678 2511 πυρὸς
709 2441 935 2510 γένηται
971 2443 1004 2512 ή
1053 2441 1254 2512 φθορὰ,
1293 2446 1453 2513 μενεί
1494 2444 1571 2512 ἂν,
1591 2446 1626 2515 ή
1654 2447 1812 2502 πλιν-

225 2536 368 2606 θίνη.
704 2562 719 2577 ο

296 2633 574 2705 ’Δνεφάνη
613 2633 671 2688 δὲ
699 2636 766 2689 ὲκ
797 2635 899 2705 τῆς
919 2634 1014 2688 τοῦ
1039 2634 1160 2706 Σήμ
1184 2634 1362 2706 φυλῆς
1386 2637 1578 2709 ἕτερος
1619 2655 1810 2708 γιγαν-

222 2725 452 2796 τογενὴς
501 2724 740 2798 τοῦνομα
791 2712 1022 2798 Κρόνος.
1076 2725 1247 2791 Οὗτος
1310 2730 1455 2783 πάνυ
1511 2731 1807 2799 γενόμενος

160 2874 169 2880 _
223 2816 448 2881 δυνατὸς
473 2820 568 2873 καὶ
599 2818 832 2882 πολλοὺς
861 2820 1158 2886 ὑποτάξας,
1185 2805 1405 2891 πρῶτος
1442 2822 1722 2889 κατέδειξε
1746 2825 1806 2879 τὸ

222 2904 533 2974 βασιλεύειν
566 2908 660 2960 καὶ
692 2906 799 2961 τῶν
827 2908 1006 2962 ἄλλων
1059 2911 1307 2981 κρατεῖν,
1339 2912 1435 2963 καὶ
1475 2911 1805 2980 βασιλεύσας

221 3000 438 3071 πρῶτος
471 3000 774 3072 Ἀσσυρίων
801 3002 896 3071 ἐτη
927 2998 1015 3066 νς¹
1059 3003 1298 3065 ὑπέταξε
1336 3005 1520 3057 πᾶσαν
1559 3004 1663 3075 τὴν
1699 3010 1807 3077 γῆν

218 3078 504 3163 Περσίδος.
527 3092 686 3145 Μετὰ
711 3093 769 3145 δὲ
794 3093 1002 3163 Κρόνον
1025 3091 1350 3147 ἐϐασίλευσε
1378 3095 1543 3157 Νῖνος
1575 3094 1672 3164 ἐτη
1701 3092 1803 3164 νβ’,

1924 599 2120 654 iactam
2169 618 2266 672 per
2299 605 2407 658 vim
2462 607 2601 676 hanc
2633 609 2804 675 ipsam
2844 610 3112 679 rapuisse,
3156 627 3219 666 ac
3253 624 3505 682 pesteros

1923 704 1986 744 ex
2017 706 2080 745 ea
2112 692 2257 748 Semi
2298 695 2541 761 eiecisse.
2579 699 2699 763 Quo
2739 700 2939 753 factum
2973 711 3034 755 ut
3064 701 3322 758 universa
3359 714 3505 761 terra

1922 779 2011 834 illa
2039 784 2422 851 promissionis
2455 786 2765 845 Chanaanis
2814 793 2965 862 regio
2997 804 3306 848 vocaretur.
3339 793 3504 850 εἰοεοη

1923 873 2064 940 phus
2090 890 2311 946 quoque
2332 891 2729 936 commemorat
2753 897 2785 937 a
2819 884 3114 941 Chanaaue
3135 883 3504 943 Chananteam

1920 961 2093 1019 fuisse
2121 968 2477 1035 appellatam.

1991 1144 2188 1199 Semus
2221 1154 2404 1201 autem
2469 1146 2784 1217 Arphaxam
2829 1151 3160 1223 procreavit,
3221 1155 3503 1224 Arphaxas

1918 1236 2242 1305 Cainanem,
2276 1241 2368 1309 qui
2401 1251 2625 1297 auclore
2657 1240 2891 1314 Georgio
2919 1243 3077 1299 libris
3105 1248 3501 1303 astronomiam

1917 1330 2240 1398 complexus
2283 1340 2383 1399 est,
2411 1349 2535 1388 cum
2591 1333 2992 1404 appellationes
3049 1337 3293 1393 siderum
3324 1355 3355 1394 a
3408 1342 3506 1396 Se-

1918 1422 2016 1477 tho
2043 1422 2275 1491 ejusque
2315 1423 2553 1492 posteris
2580 1423 2850 1480 iudicatas
2871 1435 2927 1481 et
2958 1426 3172 1497 lapidea
3206 1429 3261 1484 in
3319 1432 3503 1487 tabula

1917 1498 2251 1583 perscriptas
2318 1515 2636 1584 repetisset.
2702 1515 2838 1571 Nam
2900 1532 3026 1573 cum
3071 1518 3109 1573 ii
3159 1521 3330 1575 multo
3377 1532 3504 1579 ante

1916 1604 2148 1660 fuissent
2174 1606 2354 1660 edocti
2390 1607 2633 1660 futurum
2672 1616 2730 1662 ut
2759 1609 3010 1666 homines
3049 1620 3157 1666 tam
3193 1630 3293 1685 per
3322 1616 3529 1686 igncm'

1916 1715 2080 1769 quam
2116 1715 2312 1769 aquam
2349 1700 2667 1765 interirent,
2700 1702 2902 1759 erectis
2935 1703 3154 1761 duabus
3206 1707 3501 1775 columnis,

1923 1807 2155 1862 quarum
2202 1809 2309 1847 una
2343 1793 2558 1865 lapidea
2593 1794 2758 1861 foret,
2812 1796 2982 1851 altera
3022 1798 3289 1867 latericia,
3334 1801 3502 1858 etule-

1888 1882 2086 1937 ’stinm
2146 1878 2333 1938 rerum
2388 1884 2795 1955 descriptiones
2821 1888 2891 1942 ab
2942 1903 3046 1945 avo
3107 1891 3383 1959 expositas
3435 1892 3504 1948 iis

1916 1975 2051 2043 ipsis
2084 1975 2513 2046 insculpseraut,
2543 1992 2668 2032 cum
2710 1992 2897 2032 secum
2963 1980 3202 2036 rationes
3254 1982 3354 2038 has
3399 1984 3502 2038 ini-

1913 2065 2142 2130 vissent,
2169 2066 2440 2136 siquidem
2478 2069 2799 2124 usuveniret
2829 2077 2890 2124 ut
2916 2084 3017 2141 per
3040 2086 3236 2141 aquam
3260 2075 3502 2131 mundus

1914 2156 2188 2222 interiret,
2216 2159 2488 2227 lapideam
2530 2161 2842 2216 columnam
2869 2176 2996 2217 cum
3037 2163 3316 2234 inscriptis
3348 2165 3498 2220 litte-

1913 2250 1991 2304 ris
2026 2250 2460 2321 superfuturam,
2487 2269 2607 2323 qua:
2628 2269 2761 2309 sane
2794 2264 2918 2324 post
2933 2255 3203 2310 diluvium
3227 2258 3282 2310 in
3312 2267 3502 2314 monte

1914 2343 2098 2399 Sidiro
2129 2344 2278 2400 salva
2318 2353 2538 2415 reperta
2577 2354 2660 2401 est
2704 2346 2978 2423 hodieque
3011 2356 3203 2415 restat,
3255 2348 3501 2420 Josepho

1914 2442 2057 2489 teste
2085 2453 2100 2501 ;
2135 2434 2221 2489 sin
2247 2450 2347 2505 per
2378 2435 2562 2506 ignem
2590 2440 2835 2492 mundus
2875 2449 3351 2510 corrumperetur,
3383 2456 3517 2496 orum

1912 2527 2047 2582 nino
2080 2513 2469 2597 superaturam
2497 2529 2816 2585 columnam
2848 2531 3179 2587 latericiam.

1984 2618 2256 2672 Caeterum
2296 2633 2361 2671 ex
2421 2618 2595 2688 stirpe
2635 2618 2783 2674 Semi
2830 2620 3055 2690 quidam
3126 2622 3358 2693 exStitit,
3415 2623 3498 2694 gi-

1906 2718 2136 2779 ‘gantum
2161 2709 2374 2780 origine
2407 2720 2582 2778 satus,
2610 2712 2696 2765 cui
2721 2724 2923 2768 nomen
2956 2721 3107 2769 esset
3138 2713 3376 2771 Cronus.
3396 2715 3519 2774 Hic.

1909 2817 2033 2856 cum
2064 2817 2315 2872 magnam
2372 2802 2441 2857 ad
2509 2804 2808 2872 potentiam
2855 2813 3005 2861 esset
3058 2817 3283 2862 evectus
3319 2809 3498 2879 impe-

1907 2894 2102 2966 rioque
2148 2910 2249 2950 suo
2308 2896 2512 2952 multos
2567 2897 2832 2953 mortales
2876 2898 3223 2969 subiecisset,
3283 2900 3498 2970 primus

1907 2989 2168 3058 regnandi
2194 2988 2417 3044 modum
2439 2996 2496 3044 et
2523 2988 2666 3049 alios
2691 2990 2795 3046 sub
2812 2990 3002 3062 iugum
3034 2991 3286 3048 mittendi
3308 3001 3495 3049 osten-

1907 3081 2026 3147 dit;
2094 3096 2331 3148 cumque
2397 3080 2655 3151 princeps
2718 3083 3071 3153 Assyriorum
3140 3098 3310 3154 regno
3349 3094 3495 3141 totos

210 3184 274 3246 ὃς
302 3162 374 3253 γε
410 3184 512 3254 τὴν
537 3184 746 3236 οἰκείαν
774 3162 992 3255 μητέρα
1034 3185 1345 3255 Σεμίραμιν
1374 3183 1558 3238 λαϐὼν
1585 3162 1670 3249 είς
1705 3162 1803 3254 γυ-

1911 3170 1976 3224 56
2007 3185 2183 3227 annos
2216 3171 2509 3239 potiretur,
2540 3172 2856 3227 universam
2898 3173 3003 3228 sibi
3045 3162 3321 3232 Persidem
3346 3174 3495 3231 dicto

208 3277 405 3340 ναῑχα,
424 3275 586 3346 νόμος
609 3273 830 3342 ἐγένετο
852 3275 1095 3347 Πέρσαις
1127 3275 1433 3346 λαμϐάνειν
1459 3278 1561 3342 τὰς
1591 3278 1802 3333 ἑαυτῶν

212 3370 465 3443 μητέρας
501 3371 596 3423 καὶ
655 3369 911 3438 ἀδελφάς.
981 3369 1073 3433 Ἐξ
1099 3362 1162 3422 οὗ
1211 3371 1405 3437 γένους
1460 3372 1678 3440 ἐγένετο
1708 3372 1804 3426 καὶ

212 3462 575 3534 Ζωρόαστρος
604 3464 634 3516 ὁ
673 3462 1003 3533 περιϐόητος
1060 3462 1291 3532 Περσῶν
1346 3464 1707 3534 ἀστρονόμος,
1744 3464 1802 3528 ὃς

211 3549 342 3609 εἰπε
398 3556 509 3616 τοῖς
566 3553 830 3622 Πέρσαις,
894 3570 915 3604 ι
969 3551 1097 3605 Ἐὰν
1130 3551 1314 3626 καύσῃ
1344 3570 1414 3623 με
1446 3554 1506 3608 τὸ
1546 3555 1801 3625 οὐράνιον

212 3647 329 3719 πῦρ
357 3688 373 3714 ,
412 3664 433 3698 ι
488 3644 679 3718 (τοῦτο
716 3645 825 3716 γὰρ
874 3645 968 3700 καὶ
1018 3642 1247 3716 ηὔχετο)
1303 3665 1322 3698 ι
1365 3646 1561 3700 λάϐετε
1589 3648 1655 3700 ὲκ
1692 3648 1802 3700 τῶν

209 3744 418 3798 ὀστέων
449 3758 576 3813 μου,
613 3741 708 3794 καὶ
745 3740 1053 3810 φυλάσσετε
1085 3740 1165 3801 είς
1207 3740 1471 3795 σύστασιν
1505 3742 1602 3812 τῆς
1645 3742 1798 3810 βασι-

196 3835 366 3897 ηλείας
392 3833 570 3902 ὑμῶν.
609 3851 630 3884 ι
682 3834 746 3886 Ὃ
782 3832 848 3903 δή
886 3832 982 3885 καὶ
1004 3834 1253 3901 γέγονεν.
1313 3832 1403 3885 Ἐν
1426 3831 1485 3885 δὲ
1508 3835 1623 3897 ταῖς
1658 3834 1803 3886 ἱστο-

214 3930 365 4000 ρίαις
389 3921 478 3991 αἶς
503 3926 775 3998 ἐχρήσατο
801 3924 943 3979 κατὰ
978 3923 1271 3978 Ἰουλιανοῦ
1295 3926 1323 3978 ὁ
1342 3924 1591 3994 θεολόγος
1625 3926 1800 3995 μέγας

207 4020 516 4092 Γρηγόριος
543 4019 638 4072 καὶ
668 4017 794 4071 τάδε
821 4015 978 4087 φησί’
1013 4016 1125 4086 Τὴν
1153 4017 1522 4087 ἀστρονομίαν
1543 4015 1797 4086 λέγονται

209 4113 433 4185 πρῶτον
471 4113 768 4183 εὑρηκέναι
792 4108 1132 4164 Βαϐυλώνιοι
1153 4108 1242 4162 διὰ
1267 4109 1649 4182 Ζωροάστρου,
1678 4109 1801 4164 δεύ-

208 4220 373 4275 τερον
423 4201 484 4256 δὲ
515 4201 763 4266 ἐδέξαντο
825 4200 875 4253 οί
924 4198 1241 4268 Αἰγύπτιοι.
1303 4200 1416 4270 Τὴν
1467 4200 1524 4254 δὲ
1560 4199 1798 4270 μαγείαν

211 4291 375 4368 εὖρον
400 4293 601 4364 Μῆδοι,
627 4289 744 4345 είτα
779 4290 1017 4363 Πέρσαι.
1042 4291 1309 4360 Διαφέρει
1336 4290 1394 4344 δὲ
1435 4292 1640 4367 μαγεία
1667 4308 1802 4363 γοη-

208 4391 388 4452 τείας.
425 4387 538 4442 Καὶ
563 4388 598 4456 ὴ
626 4385 728 4456 μὲν
761 4386 965 4456 μαγεία
992 4384 1286 4454 ἐπίκλησίς
1325 4387 1495 4449 ἐστιν,
1530 4384 1606 4450 ὥς
1638 4401 1794 4454 φασι,

209 4478 489 4550 δαιμόνων
519 4473 873 4544 ἀγαθοποιῶν
906 4472 1044 4541 πρὸς
1083 4471 1293 4541 ἀγαθοῦ
1319 4488 1468 4535 τινος
1493 4471 1756 4525 σύστασιν
1778 4487 1792 4501 ο

1906 3262 2222 3316 audientem
2249 3261 2512 3317 reddidit.
2551 3261 2686 3317 Post
2727 3261 2970 3339 Cronum
3009 3262 3080 3317 52
3104 3279 3282 3319 annos
3315 3264 3496 3321 Ninus

1905 3355 2177 3425 regnavit,
2196 3346 2302 3424 'qui
2339 3369 2466 3410 cum
2497 3362 2733 3410 matrem
2778 3370 3105 3427 germanam
3172 3356 3499 3414 Semiran.i-
3574 3380 3579 3389 ι

1904 3447 2029 3503 dem
2080 3449 2439 3503 matrimonio
2473 3449 2579 3505 sibi
2628 3449 2926 3520 iunxisset,
2957 3451 3045 3504 lex
3095 3451 3241 3521 apud
3296 3450 3496 3509 Persas

1903 3539 2152 3604 inolevit,
2190 3556 2298 3610 qua
2330 3540 2414 3596 fas
2440 3550 2590 3596 esset
2616 3553 2822 3598 matres
2863 3557 2927 3598 ac
2961 3558 3186 3599 sorores
3211 3544 3266 3598 in
3291 3559 3495 3600 uxores

1902 3633 2133 3689 ducere.
2155 3634 2365 3689 Prodiit
2385 3650 2451 3690 ex
2479 3635 2583 3690 hac
2605 3635 2810 3689 familia
2837 3643 2891 3689 et
2910 3634 3222 3701 Zeroaster,
3263 3637 3495 3709 insignis

1902 3743 1967 3782 ac
2001 3728 2395 3783 celeberrimus
2454 3728 2546 3784 ille
2608 3727 2898 3784 Persarum
2951 3738 3343 3795 astronomus;
3393 3732 3488 3800 qui

1902 3820 2085 3875 Persis
2127 3804 2386 3890 prméepit
2418 3828 2478 3874 ut
2532 3820 2577 3875 si
2614 3820 2683 3875 ab
2719 3821 2845 3891 igne
2877 3820 3088 3877 easiesti
3136 3832 3487 3885 exureretur,
3530 3896 3535 3899 ι

1902 3913 1959 3968 id
2005 3911 2151 3982 quod
2181 3912 2320 3966 votis
2350 3912 2642 3981 expetebat
2674 3922 2732 3968 ut
2777 3913 2953 3978 ﬁeret,
3011 3913 3219 3968 ossium
3261 3908 3490 3971 suoruni

1902 4003 2168 4073 reliquias
2199 4015 2503 4071 sumerent,
2543 4020 2747 4074 easque
2776 4005 2844 4062 ad
2901 4005 3489 4077 regniexcitationem

1902 4105 2332 4163 conservarent;
2367 4096 2453 4164 cui
2481 4097 2828 4167 praedictioni
2874 4110 3109 4154 eventus
3144 4099 3347 4154 deinde
3401 4114 3491 4153 re-

1900 4189 2143 4260 spondit.
2178 4188 2239 4242 ln
2270 4189 2516 4243 historiis
2553 4188 2663 4243 illis
2686 4190 2888 4259 quibus
2917 4189 3182 4245 adversus
3209 4190 3489 4244 lulianum

1900 4281 2198 4353 Gregorius
2228 4281 2321 4335 ille
2347 4279 2666 4349 Theologus
2698 4297 2828 4344 usus
2848 4290 2952 4346 est,
2983 4281 3098 4335 haec
3138 4281 3300 4336 etiam
3320 4284 3488 4336 verba

1899 4373 2256 4443 reperiuntur
2318 4372 2779 4427 :‘Astronomiam
2840 4372 3004 4442 primi
3056 4370 3338 4443 Babylonii
3392 4387 3490 4442 per

1901 4464 2252 4520 Zoroastrum
2302 4464 2579 4519 invenisse
2620 4463 3002 4533 perhibentur.
3050 4478 3079 4516 a
3119 4463 3324 4533 quibus
3365 4477 3484 4518 eam

209 4540 441 4638 γοητεία
462 4565 521 4619 δέ
559 4566 677 4619 ἐστι
710 4563 983 4633 δαιμόνων
1016 4561 1331 4615 κακοποιῶν
1379 4563 1507 4632 περὶ
1545 4560 1671 4622 τοὺς
1702 4560 1798 4613 τά-

1911 4559 2167 4628 deinceps
2208 4555 2455 4627 {Egyptii
2497 4556 2835 4627 acceperint.
2870 4554 3043 4626 Magia
3078 4553 3360 4609 Medorum
3397 4555 3487 4607 in~

210 4681 345 4734 φους
378 4660 712 4731 είλουμένων
740 4659 834 4713 ἐπὶ
866 4657 1041 4712 κακοῦ
1074 4672 1219 4718 τινος
1246 4655 1529 4718 σύστασις.
1565 4654 1795 4724 Γοητεία

209 4758 265 4811 δὲ
293 4752 538 4827 ἤκουσεν
567 4751 679 4807 ἀπὸ
705 4751 814 4805 τῶν
864 4750 1007 4819 γοῶν
1064 4751 1161 4802 καὶ
1193 4750 1305 4801 τῶν
1340 4746 1559 4817 θρήνων
1594 4745 1703 4798 τῶν
1737 4747 1795 4797 ὲν

209 4850 322 4911 τοῖς
352 4847 552 4913 τάφοις
586 4842 911 4912 γινομένων,
951 4837 1160 4908 μαγεία
1186 4837 1244 4889 δὲ
1287 4837 1398 4889 ἀπὸ
1426 4835 1796 4904 Μαγουσαίιιὶν

211 4938 332 5010 ἦτοι
369 4934 621 5006 Περσῶν,
653 4931 779 4987 ὅθεν
814 4930 936 5002 ἔσχε
968 4931 1065 4983 καὶ
1096 4929 1193 4999 τὴν
1221 4930 1430 5000 ἀρχήν·
1468 4925 1679 4996 Μαγὼς
1707 4930 1799 4996 ὲγ-

212 5029 500 5100 χωρίωςοὶ
531 5026 738 5095 Πέρσαι
767 5023 1042 5090 λέγονται.
1062 5021 1132 5110 ,Ὀ
1161 5021 1347 5089 μέντοι
1387 5019 1560 5089 μέγας
1594 5017 1807 5111 Κρριλέ

213 5125 301 5187 λος
333 5126 393 5176 ὲν
417 5123 532 5182 τοίς
561 5120 704 5172 κατὰ
752 5114 1043 5170 Ἰουλιανοῦ
1075 5115 1170 5167 καὶ
1203 5114 1331 5168 τάδε
1368 5113 1598 5183 γράφων
1626 5112 1796 5185 εὓρη-

214 5234 325 5279 ται,
350 5211 603 5283 ὅτγμετὰ
634 5209 925 5264 ἐννακόσια
960 5206 1058 5276 ἔτη
1112 5204 1205 5258 τοῦ
1242 5204 1635 5274 κατακλυσμοῦ
1685 5206 1796 5261 τῶν

226 5307 531 5387 Ἀσσυρίων
558 5303 907 5387 ἐϐασίλευσεν
936 5299 1206 5370 Ἀρϐυλος
1242 5299 1459 5370 πρῶτος
1490 5301 1547 5352 ἐν
1577 5299 1792 5369 ἀνθρὼ-

220 5378 551 5466 ποιξ.οὖτος
573 5399 701 5468 ἔσχε
732 5378 944 5466 πρῶτος
978 5397 1056 5456 είς
1087 5394 1282 5447 ἑαυτὸν
1313 5393 1373 5446 τὸ
1399 5394 1497 5463 τῆς
1541 5393 1798 5464 θεότητος

217 5495 406 5566 θνομα.
451 5493 612 5546 Ἀλλὰ.
644 5490 738 5544 καί
772 5488 933 5550 Νῖνος
963 5486 992 5538 ὀ
1023 5485 1237 5540 ἐκείνου
1269 5487 1398 5548 παῖς
1424 5485 1643 5555 πρῶτος
1656 5486 1798 5553 ,Ἀσ-

224 5588 426 5658 συρίων
454 5583 732 5654 ἐπιφανῶς
789 5578 1115 5650 βασιλεῦσαι
1149 5578 1389 5647 λέγεται,
1418 5570 1481 5632 οὗ
1506 5578 1798 5648 ἐπώνυμος

223 5680 259 5748 ἡ
308 5677 551 5749 Νινευὴ,
607 5672 674 5748 ἧς
725 5675 796 5727 τὰ
838 5673 996 5743 τείχη
1058 5670 1372 5741 Σεμίραμις
1435 5671 1798 5742 μεγαλοφυῶς

223 5771 383 5827 Et:st
392 5774 572 5827 ἀσατο.

1902 4660 2129 4706 ventum
2155 4660 2262 4713 est,
2293 4665 2324 4705 a
2354 4650 2557 4721 quibus
2600 4649 2669 4705 ad
2724 4649 2920 4704 Persas
2981 4646 3245 4701 manavit.
3287 4645 3487 4700 Dillert
3562 4664 3571 4667 -

1902 4741 2080 4797 hama
2144 4742 2346 4813 goctia,
2404 4740 2552 4811 quod
2613 4741 2792 4812 magia
2845 4740 2916 4793 sit
2972 4735 3306 4813 imploratio,
3342 4735 3489 4789 sicut

1824 4824 1839 4843 ’
1900 4833 2076 4891 aiunt,
2104 4830 2476 4885 beneﬁcorum
2510 4830 2794 4897 geniorum
2834 4828 2902 4883 ad
2964 4827 3092 4882 boni
3131 4826 3363 4896 alicuius
3407 4825 3489 4888 ef-

1901 4923 2222 4986 fectionem,
2278 4921 2459 4992 goetia
2527 4936 2658 4975 viro
2715 4919 3089 4975 maleﬁcorum
3131 4912 3517 4988 compellatio

1901 5016 2330 5088 geniorum,qui
2364 5015 2573 5069 circum
2631 5014 2884 5082 sepulcra
2935 5011 3274 5073 volutantur,
3331 5008 3491 5079 130

1900 5112 1969 5167 ad
2006 5112 2131 5165 mali
2163 5110 2400 5180 alicujus
2431 5107 2807 5163 effectionem.
2840 5106 2904 5160 Et
2944 5104 3137 5176 goetia:
3172 5119 3378 5158 nomen
3412 5104 3488 5158 fa-

1899 5214 2049 5261 ctum
2086 5215 2171 5260 est
2195 5220 2225 5258 a
2259 5202 2564 5275 ploratibus
2597 5210 2654 5255 et
2701 5199 2984 5264 lamentis,
3032 5214 3153 5269 quae
3190 5212 3491 5255 consueve-

1900 5309 2033 5356 runt
2067 5298 2120 5352 in
2157 5295 2429 5367 sepulcris
2485 5297 2772 5361 exsistere,
2804 5307 2931 5347 cum
2996 5291 3170 5361 magia
3209 5290 3426 5344 dicatur
3457 5304 3490 5343 a

1903 5391 2209 5463 Magusaeis,
2232 5391 2334 5443 hoc
2365 5397 2450 5442 est
2470 5386 2676 5465 Persis,
2709 5384 2957 5457 eiusdem
2983 5370 3319 5449 auctoribus.
3350 5377 3487 5432 Nam

1904 5483 2102 5541 Persas
2136 5483 2318 5554 Magos
2353 5481 2619 5551 appellari
2659 5480 2844 5549 lingua
2880 5476 3016 5548 ipsis
3044 5472 3337 5529 vernacula
3362 5485 3492 5525 con-

1905 5586 2037 5632 stat.
2077 5576 2316 5649 Cyrillus
2359 5583 2564 5638 autem,
2621 5574 2679 5626 in
2710 5570 2870 5626 libris
2910 5569 3177 5624 adversus
3207 5563 3490 5618 Iulianum

1904 5671 2151 5740 scriptis,
2189 5668 2359 5724 rcl'ert
2390 5677 2515 5739 post
2547 5680 2723 5724 annos
2754 5679 2784 5719 a
2814 5662 3025 5719 diluvio
3058 5664 3366 5730 nongentos
3386 5655 3495 5710 Ar-

1905 5762 2091 5833 bylnm
2147 5776 2331 5831 regem
2388 5760 2627 5832 Assyriis
2715 5756 3085 5826 imperitasse,
3140 5751 3233 5822 qui
3277 5747 3492 5820 primus

233 5862 503 5920 horninum
533 5863 638 5921 sibi
660 5863 962 5940 divinitatis
1017 5846 1446 5934 appellationem
1495 5858 1791 5931 arrogarit.
1831 5855 2094 5939 Eiusdem
2157 5857 2300 5965 titius
2368 5855 2543 5910 Ninus
2581 5852 2791 5924 primus
2819 5849 2962 5918 apud
2995 5847 3244 5917 Assyrios
3263 5850 3493 5925 regnum
