3936 6424
441 393 550 458 255

1704 393 1756 454 Μ
1773 395 2129 454 [CHAELIS
2171 394 2428 454 GLYth

3595 388 3694 456 2.56

439 511 637 566 illustri
707 512 918 568 ratione
970 509 1386 566 administrasse
1439 509 1783 578 perhibetur,
1837 525 1867 565 a
1912 526 2022 581 quo
2054 526 2252 567 nomen
2280 504 2511 565 inditum
2568 508 2687 562 urbi
2751 506 2996 574 Ninevae,
3029 520 3191 576 quam
3245 505 3564 562 Semiramis
3592 525 3696 560 ma-

443 606 637 673 guitice
666 606 935 660 manibus
959 606 1151 659 cinxit.

512 696 645 750 Post
673 697 837 751 turris
868 696 1312 760 aediﬁcationem,
1344 696 1410 749 de
1440 711 1546 764 qua
1598 697 1763 750 locuti
1815 711 2019 762 sumus,

2202 694 2358 752 Μετὰ
2391 695 2447 748 δὲ
2477 693 2578 762 τὴν
2606 695 2994 764 πυργοποιίαν,
3031 693 3104 755 ώς
3149 693 3388 763 εἴρηται,
3421 694 3694 748 διασκεδα-

444 787 696 840 homincs
738 788 863 841 hinc
895 788 1026 842 inde
1063 787 1296 856 dispersi
1328 789 1393 840 ad
1457 789 1596 842 facta
1662 788 1908 857 qumdam
1929 783 2044 842 ab?

443 877 604 930 surda
635 878 1042 944 exorbitarnnt,
1084 893 1146 932 ac
1184 879 1404 932 tandem
1463 879 1646 932 miseri
1679 881 2023 932 deastrorum

443 967 623 1022 cultus
657 984 901 1023 errorem
936 971 1172 1038 amplexi
1207 978 1356 1033 sunt,
1391 985 1418 1022 a
1487 970 1643 1024 malis
1699 969 1875 1040 geniis
1921 971 2023 1024 hoc

438 1062 672 1128 quodam
707 1061 868 1115 modo
931 1061 1167 1130 decepti.
1229 1062 1467 1115 Octavus
1509 1077 1538 1114 a
1587 1060 1698 1116 Noe
1744 1061 2023 1115 Seruchus

441 1151 864 1206 simulacrorum
953 1152 1366 1207 formandorum
1449 1155 1714 1207 rationem
1792 1153 2019 1206 invenit.

431 1243 647 1299 ‘Fertur
685 1245 831 1298 enim
889 1246 1145 1302 homines
1174 1247 1265 1314 qui
1304 1245 1622 1314 praeclarum
1673 1244 1892 1314 aliquod
1942 1242 2023 1298 fa-

437 1338 596 1392 cinus
649 1337 974 1405 edidissent,
1018 1347 1322 1392 statuarum
1389 1349 1444 1392 et
1486 1339 1864 1392 columnarum
1917 1339 2020 1392 ho-

441 1429 672 1484 noribus
737 1444 984 1484 ornasse.
1053 1428 1253 1483 Verum
1315 1429 1518 1498 posteri
1574 1443 1695 1482 cum
1752 1429 2018 1498 majorum

444 1531 686 1575 mentem
743 1531 799 1575 et
831 1522 1123 1576 consilium
1177 1523 1514 1592 ignorarent,
1573 1537 1750 1590 neque
1814 1522 2022 1576 scirent

439 1619 654 1666 statuas
685 1611 802 1665 illas
831 1612 1112 1666 memoriae
1145 1626 1308 1664 causa
1368 1611 1663 1665 collocatas
1713 1625 1854 1676 esse,
1889 1626 2021 1680 pau-

439 1702 592 1756 latim
619 1702 886 1772 principis
927 1701 1176 1757 omnium
1212 1701 1481 1756 malorum
1505 1702 1748 1756 auctoris
1782 1703 2016 1772 impulsu

440 1795 521 1848 sic
549 1793 730 1848 colere
775 1791 1144 1847 consimiliter
1178 1807 1366 1846 secum
1420 1793 1651 1848 allectos
1692 1803 1745 1848 ct
1777 1795 2016 1849 interitui

439 1884 712 1938 obnoxios
745 1883 995 1938 homines
1014 1892 1326 1952 emperunt,
1360 1899 1424 1937 ac
1475 1884 1519 1938 si
1565 1884 1640 1939 dii
1691 1884 1868 1940 forent
1917 1887 2018 1940 im-

439 1975 741 2037 mortales;
789 1975 1035 2042 adeoque
1087 1988 1246 2026 saera
1302 1972 1549 2041 quadam
1597 1973 1678 2028 eis
1736 1975 2018 2046 excogita-

2133 789 2352 852 σθέντες
2413 788 2565 841 ἐνθεν
2595 787 2851 840 κάκεῖθεν
2879 787 2928 838 οἱ
2975 786 3251 855 ἄνθρωποι
3279 787 3419 855 πρὸς
3469 789 3695 852 ἀτόπους

2131 881 2362 950 πράξεις
2416 878 2866 948 ὲξεκυλίσθησαν,
2911 879 3006 930 καὶ
3035 877 3346 930 τελευταῖον
3382 877 3517 948 πρὸς
3549 879 3696 930 εἰδωο

2128 971 2396 1040 λομανίαν
2423 971 2912 1039 ἀπεπλανήθησαν,
2951 969 3055 1019 ὑπὸ
3088 967 3197 1020 τῶν
3228 968 3502 1036 δαιμόνων
3525 969 3694 1022 αὐτῶν

2128 1063 2506 1133 ἀπατηθέντες
2533 1061 2746 1115 τουτονῑ
2779 1062 2870 1114 τὸν
2898 1061 3101 1128 τρόπον
3127 1064 3174 1112 οἱ
3197 1059 3445 1114 δείλαιοι.
3500 1058 3559 1113 Ὀ
3592 1062 3694 1130 γὰρ

2126 1155 2235 1208 ἀπὸ
2260 1155 2353 1207 τοῦ
2388 1154 2512 1207 Νῶε
2545 1154 2728 1223 ὄγδοος
2760 1155 2965 1227 Σεροῦχ
2991 1154 3058 1204 τά
3097 1153 3203 1204 τῶν
3236 1153 3571 1222 ἀγαλμάτων
3599 1155 3694 1222 ἀρ-

2127 1244 2297 1315 χῆθεν
2360 1243 2594 1317 εὕρατο·
2629 1245 2844 1312 λέγεται
2895 1245 3004 1312 γὰρ
3039 1236 3198 1304 οὗτος
3243 1243 3372 1303 τοὺς
3400 1241 3560 1309 ἔργον
3589 1235 3694 1294 οἷον
3759 1259 3780 1272 ·-

2126 1338 2330 1407 δήποτε
2362 1337 2615 1408 λαμπρὸν
2642 1336 3085 1405 ἐπιδειξαμένους
3141 1334 3397 1404 ἀνδριᾶσι
3433 1335 3527 1388 καὶ
3565 1335 3689 1400 στήο

2127 1427 2250 1488 λαις
2286 1429 2540 1498 τιμῆσαι.
2567 1427 2632 1480 Oi
2661 1427 2719 1481 δὲ
2744 1425 2885 1497 μετά
2923 1424 3099 1478 ταῦτα
3144 1423 3244 1493 τὴν
3281 1423 3393 1477 τῶν
3422 1423 3693 1493 προγόνων

2126 1519 2503 1589 ἀγνοήσαντες
2549 1519 2796 1589 γνώμην,
2857 1518 2951 1571 καὶ
2987 1517 3068 1570 ὅτι
3130 1517 3353 1586 μνήμης
3385 1517 3548 1569 ἕνεκα
3575 1516 3693 1579 τοὺς

2128 1611 2457 1681 ἀνδριάντας
2514 1609 2773 1680 ἔστησαν,
2836 1607 2979 1662 κατὰ
3007 1609 3203 1678 μικρὸν
3249 1606 3592 1674 πλανώμενοι
3627 1607 3688 1674 τῇ

2123 1701 2218 1755 τοῦ
2246 1701 2568 1771 ἀρχεκάκου
2617 1699 2926 1770 συνεργείᾳ,
2952 1701 3026 1762 ὡς
3073 1698 3366 1761 ἀθανάτοις
3406 1698 3547 1760 θεοῖς
3584 1699 3690 1758 τοῖς

2125 1790 2486 1860 ὁμοιοπαθέσι
2534 1789 2920 1858 καὶκφθαρτοῖς
2945 1787 3254 1858 ἀνθρώποις
3287 1785 3689 1856 προσετέθησαν

2125 1887 2224 1938 καὶ
2271 1869 2466 1947 θυσίας
2526 1883 2711 1945 αὐτοῖς
2752 1882 3077 1951 ἐπενόησαν,
3123 1879 3234 1944 τῶν
3292 1879 3558 1948 δαιμόνων
3583 1879 3690 1939 τοῖς

2129 1975 2340 2040 ξοάνοις
2365 1975 2788 2044 ἑνοικησάντων.
2843 1972 3124 2026 Ἐντεῦθεν
3168 1971 3355 2032 ἄλλοις
3403 1973 3495 2022 καὶ
3520 1969 3688 2031 ἄλλοις

441 2076 591 2130 runt,
625 2067 757 2134 ipsis
791 2065 949 2119 malis
1004 2064 1180 2135 geniis
1231 2064 1372 2118 intra
1419 2053 1639 2119 statuas.
1679 2065 2018 2121 domicilium

2126 2068 2268 2128 θεοῖς
2291 2066 2351 2120 τὸ
2375 2065 2486 2120 τῶν
2516 2065 2822 2134 ἀνθρώπων
2851 2064 3006 2133 γένος
3039 2063 3386 2133 ὲλάτρευσεν.
3407 2063 3687 2130 Αἰγύπτιοι

438 2157 862 2214 collocantibus.
898 2157 1034 2210 lliue
1073 2156 1276 2210 factum
1310 2165 1368 2210 ut
1420 2157 1679 2227 deinceps
1708 2174 1881 2229 genus
1912 2159 2020 2214 hu-

437 2263 656 2303 manum
698 2250 820 2301 aliis
855 2256 1021 2316 atque
1054 2247 1176 2300 aliis
1206 2247 1313 2301 diis
1360 2247 1620 2316 religiose
1654 2250 1907 2304 serviret.
1940 2252 2020 2306 Ac

437 2336 679 2406 {Egyptii
711 2335 932 2404 quidem
961 2349 1126 2403 supra
1155 2343 1381 2388 caeteros
1425 2333 1491 2386 ad
1521 2333 1856 2402 impietatem
1904 2351 1988 2390 ma

439 2428 647 2480 ximam
676 2425 917 2495 prolapsi
971 2421 1104 2479 sunt
1133 2440 1149 2478 :
1207 2426 1334 2476 naui
1379 2424 1538 2488 feles,
1572 2425 1783 2488 simios,
1815 2425 2018 2492 hircos,

439 2519 631 2582 boves,
685 2517 994 2573 crocodilos
1042 2517 1368 2582 coluerunt;
1406 2527 1570 2585 atque
1603 2518 1656 2568 in
1704 2517 1893 2584 primis
1921 2517 2018 2573 bo-

437 2625 560 2664 vem
594 2608 746 2663 illum
783 2609 948 2663 variis
992 2608 1268 2663 coloribus
1303 2608 1608 2676 praeditum,
1651 2597 1813 2676 queui
1854 2608 2013 2679 Apim

435 2705 726 2756 vocabant.
759 2702 894 2758 Cum
927 2702 1074 2756 enim
1131 2702 1230 2756 hos
1274 2701 1420 2770 apud
1473 2701 1622 2770 ipsos
1664 2703 2014 2768 nascebatur,

435 2793 531 2862 qui
557 2793 614 2846 in
641 2794 824 2862 lingua
860 2802 916 2846 et
951 2793 1121 2845 cauda
1171 2801 1326 2844 notas
1357 2789 1618 2860 quasdam
1659 2792 1912 2856 referret,
1957 2799 2017 2845 et

437 2885 494 2938 in
535 2885 712 2938 fronte
739 2883 1156 2937 similitudinem
1221 2886 1360 2936 luna'
1421 2881 1720 2938 dimidiata!
1773 2883 2019 2937 imitarea

435 2978 920 3045 tur,perhitariter
953 2979 1184 3030 choreas
1218 2977 1558 3030 ductitabant
1605 2985 1659 3030 et
1715 2986 2016 3031 .onventus

2121 2157 2178 2211 δὲ
2207 2159 2410 2226 μᾶλλον
2435 2158 2544 2210 τῶν
2566 2156 2744 2210 ἄλλων
2803 2158 2882 2219 εἰς
2914 2155 3107 2207 ἀοεῖαν
3137 2152 3464 2218 ἐξώκειλαν·
3519 2151 3689 2205 αἰλού-

2125 2267 2258 2320 ρους
2285 2249 2395 2319 γάρ
2432 2247 2529 2302 καὶ
2583 2248 2853 2317 πιθήκους
2904 2243 3302 2311 ἐσεϐάσθησαν,
3376 2244 3604 2314 τράγους
3633 2257 3687 2294 τε

2121 2341 2325 2410 ὁμοίως
2353 2341 2448 2394 καὶ
2480 2340 2608 2410 βόας
2633 2341 2726 2392 καὶ
2749 2338 3149 2408 κροκοδείλους.
3189 2335 3362 2388 Πλέον
3395 2336 3452 2387 δὲ
3477 2334 3580 2386 τῶν
3602 2333 3688 2386 ἀλ-

2120 2434 2230 2488 λων
2251 2434 2346 2486 τὸν
2379 2429 2552 2486 Ἀπιν
2577 2413 2922 2496 ὲσεῦάζοντο,
2953 2429 3082 2500 βοῦν
3107 2429 3243 2482 ὄντα
3272 2428 3570 2497 πολύχρουν
3595 2425 3686 2478 αὐ-

2119 2525 2230 2579 τόν.
2272 2523 2464 2577 Ἦνίκα
2497 2524 2606 2593 γὰρ
2632 2522 2892 2592 ἐγεννήθη
2923 2519 3162 2581 τοιοῦτος
3189 2519 3317 2589 βγῦς
3351 2517 3477 2588 παρ’
3511 2515 3683 2576 αὐτοῖς

2120 2615 2275 2684 παρὰ
2311 2617 2377 2686 τῇ
2433 2614 2652 2684 γλώττῃ
2695 2614 2876 2682 φᾶρων
2932 2616 3024 2665 καὶ
3051 2616 3119 2682 τῇ
3151 2614 3343 2680 κέρκῳ
3387 2612 3685 2678 σήμαντρα,

2118 2705 2380 2769 ὡσαύτως
2405 2705 2557 2776 παρά
2580 2704 2658 2775 τῷ
2692 2703 2930 2775 μετώπῳ
2957 2703 3184 2772 σελήνης
3205 2701 3361 2756 ῶσπε
3370 2717 3402 2772 ρ
3417 2699 3684 2769 διχότομον

2123 2798 2370 2869 μίμημα,
2426 2798 2680 2868 ἐχόρευον
2733 2795 2979 2866 φαιδρῶς
3035 2796 3130 2848 καὶ
3163 2791 3565 2864 ὲπανηγύριζον
3595 2789 3684 2842 an

2117 2889 2254 2942 Θεοῦ
2291 2889 2698 2961 καινοπρεποῦς
2717 2889 2899 2952 αὐτοῖς
2947 2887 3379 2957 ὲνδημήσαντος.
3412 2885 3537 2953 ,Καὶ
3562 2881 3683 2949 περὶ

2126 2982 2226 3048 μὲν
2252 2979 2460 3034 τούτων
2487 2979 2548 3032 οῦ
2557 2998 2684 3042 τως.

353 3065 364 3075 “
433 3070 685 3140 publicos
761 3070 1163 3134 celebrabant,
1236 3070 1396 3139 quasi
1479 3083 1653 3124 novus
1735 3068 2010 3139 quispiam
2055 3069 2194 3126 deus
2242 3073 2312 3127 ad
2369 3073 2521 3142 ipsos
2569 3087 2630 3127 se
2693 3071 3042 3127 contulisset.
3117 3075 3196 3127 Ac
3243 3074 3314 3130 de
3363 3072 3449 3128 his
3480 3067 3684 3141 quidem

445 3168 740 3221 hactenus.

508 3254 681 3311 Recte
715 3267 898 3310 autem
922 3264 1148 3311 octavus
1187 3271 1216 3310 a
1265 3257 1374 3314 Noe
1416 3257 1692 3314 Seruehus
1724 3259 1895 3313 fuisse
1926 3259 2010 3312 di-

436 3350 601 3403 citur.
640 3347 853 3417 Quippe
902 3347 1165 3404 Cainanis
1203 3349 1345 3404 ﬁlius
1393 3350 1497 3404 fuit
1537 3350 1682 3413 Sala,
1710 3353 1801 3421 qui
1830 3349 2009 3406 llebe-

2194 3261 2418 3329 Ὅγδοος
2451 3262 2508 3315 δὲ
2540 3261 2648 3314 ἀπὸ
2679 3263 2772 3316 τοῦ
2786 3262 2908 3314 Νῶε
2941 3262 3158 3330 λέγεται
3179 3256 3325 3315 εῖναι
3353 3263 3382 3314 6
3408 3259 3604 3330 Σερούχ
3623 3273 3636 3287 ο
3658 3257 3684 3307 6

2117 3352 2228 3425 γὰρ
2255 3355 2460 3408 Καῖνᾶν
2479 3355 2646 3425 γεννᾷ
2667 3356 2758 3407 τὸν
2772 3354 2941 3419 Σαλᾶ,
2960 3357 2988 3408 6
3013 3354 3156 3408 Σαλᾶ
3175 3354 3466 3424 τδνἘϐερ,
3483 3352 3510 3404 6
3528 3348 3686 3416 Ἔϐερ

436 3455 558 3494 rum
621 3439 980 3508 procreavit,
1038 3437 1280 3495 lleberus
1336 3442 1681 3507 Phaleeum,
1743 3442 2011 3498 Phalccus

2126 3447 2212 3500 τὸν
2243 3446 2444 3512 Φαλὲκ,
2477 3448 2506 3498 6
2547 3446 2727 3499 Φάλεκ
2765 3445 2860 3499 τὸν
2893 3446 3125 3514 Ῥαγαῦ,
3164 3448 3194 3500 6
3243 3447 3450 3514 Ῥαγαῦ
3477 3446 3565 3498 τὸν
3593 3443 3684 3494 Σε-

439 3531 748 3602 llagauum,
806 3533 1060 3603 llagauus
1112 3531 1440 3596 Sernchum,
1479 3535 1760 3588 Seruchus
1809 3533 2017 3590 Nacho-

437 3639 576 3686 rem,
612 3624 831 3678 Nachor
887 3624 1155 3687 Thdram,
1192 3627 1371 3680 Thara
1430 3627 1676 3681 divinum
1736 3627 2014 3682 hominem

437 3719 834 3780 Abrahamunt,
893 3719 1238 3774 Abrahamus
1289 3717 1559 3785 lsaaCum,
1611 3718 1830 3775 lsaaeus
1860 3720 2018 3776 Jaco-

437 3809 609 3872 hum,
667 3806 906 3861 Jacohus
959 3808 1252 3862 duodecim
1309 3809 1638 3868 familiarum
1699 3812 2016 3881 principes,

440 3897 752 3961 llubenum,
788 3896 1132 3960 Simeonem,
1167 3897 1416 3963 Le\ium,
1449 3899 1670 3962 Judam,
1705 3912 1956 3964 caeteros,
1989 3914 2018 3952 a

438 3991 638 4058 quibus
680 4001 814 4044 ortze
865 3999 995 4044 sunt
1033 3990 1316 4044 duocecim
1381 3992 1559 4046 tribus
1606 3992 1894 4045 lsraelicae.
1947 3993 2020 4045 De

442 4082 755 4136 Ahrahamo
810 4083 1084 4151 Josephus
1143 4085 1422 4138 memoria:
1489 4085 1726 4152 prodidit
1784 4083 1909 4137 e'um
1966 4083 2019 4137 in

442 4173 740 4244 IEgyplum
801 4175 1002 4229 itinere
1060 4184 1318 4243 suscepto
1374 4191 1726 4229 numerorum
1783 4175 2023 4230 sidereo-

446 4279 677 4334 rumque
741 4276 987 4320 motuum
1035 4267 1340 4321 doctrinam
1399 4283 1522 4320 cum
1566 4266 1840 4337 Aigyptiis
1871 4283 2021 4322 com-

446 4361 795 4420 municasw,
855 4360 946 4428 qui
1007 4369 1135 4413 ante
1191 4359 1486 4414 Ahrahami
1537 4369 1834 4414 adventum
1884 4361 2022 4416 nihil

445 4447 640 4500 Iturutn
719 4448 872 4519 131
929 4451 1207 4520 cognitum
1261 4435 1590 4518 habuerint,
1647 4454 1716 4508 ab
1752 4453 2024 4526 Egyptiis

444 4541 704 4612 deinceps
769 4545 835 4596 ad
885 4545 1108 4600 Grazeos
1174 4559 1449 4601 manasse.
1515 4547 1784 4617 Georgius
1841 4558 2022 4602 autem

446 4636 558 4688 Ltec
617 4635 685 4688 de
733 4635 1045 4690 Abrahamo
1073 4636 1257 4701 tradit,
1299 4648 1487 4691 natum
1519 4637 1730 4691 scilicet
1751 4653 1926 4693 annos
1957 4639 2024 4695 M

441 4742 738 4796 agnoscere
798 4727 972 4782 Deum
1035 4729 1310 4798 cmpisse,
1362 4745 1426 4784 ac
1484 4731 1721 4800 primum
1776 4733 2022 4786 omnium

442 4821 588 4872 clara
622 4835 753 4873 voce
791 4820 958 4873 Deum
995 4836 1181 4874 rerum
1222 4821 1474 4890 opiﬁcem
1513 4825 1860 4892 przedicasse.
1885 4824 2022 4878 Cum

443 4912 588 4964 enim
625 4913 821 4966 caelum
875 4913 1038 4966 modo
1065 4928 1318 4968 serenum
1357 4922 1519 4969 modo
1555 4915 1800 4969 nubilum
1833 4933 2023 4972 eerne-

445 5016 548 5067 ret,
605 5021 793 5058 secum
844 5007 958 5074 ipse
1000 5005 1469 5070 ratiocinabatur,
1527 5010 1740 5062 etiamsi
1781 5011 1849 5063 ab
1901 5012 2021 5064 aliis

446 5111 546 5166 pro
597 5098 698 5150 deo
753 5097 1069 5164 coleretur,
1128 5115 1252 5154 esse
1301 5110 1481 5154 tamen
1529 5102 1689 5156 deum
1741 5105 2022 5171 haudqua-

449 5203 610 5253 quam
651 5203 836 5258 posse.
869 5190 1016 5244 Idem
1062 5191 1130 5246 de
1180 5192 1328 5258 sole,
1361 5194 1426 5248 de
1467 5194 1614 5259 luna,
1655 5196 1718 5248 de
1749 5196 2020 5250 sideribus

449 5278 694 5347 reliquis
724 5283 1019 5344 statuebat,
1058 5289 1118 5334 ttt
1172 5283 1264 5351 qui
1304 5291 1450 5337 esset
1497 5283 1726 5353 insignis
1765 5296 2016 5338 astrono-

447 5388 609 5434 mus;
643 5389 881 5441 eumque
919 5375 1042 5428 talis
1081 5374 1245 5439 foret,
1277 5391 1307 5429 a
1355 5375 1466 5432 Deo
1513 5379 1828 5432 vocabatur.
1864 5379 2024 5433 Addit

449 5482 574 5547 cum
610 5466 968 5522 Abimeleeho
1004 5464 1312 5534 imperante
1360 5468 1519 5522 famis
1549 5486 1711 5524 causa
1769 5470 1823 5523 in
1861 5470 2022 5541 [Εεν-

446 5570 599 5628 ptum
633 5559 1012 5623 descendisse,
1039 5575 1100 5612 ae
1133 5561 1411 5629 sapientes
1433 5561 1736 5632 [Egyplios,
1769 5564 1860 5629 qui
1897 5566 2019 5632 opi-

452 5649 642 5702 niones
675 5651 737 5701 de
772 5650 1018 5704 nzttalitio
1051 5648 1230 5706 sidere
1275 5666 1336 5706 ac
1370 5651 1482 5706 fato
1534 5652 2021 5720 amplecterentur,

449 5742 653 5806 pudore
681 5738 902 5796 allectos
931 5741 1128 5796 vicisse
1161 5759 1176 5797 :
1214 5759 1334 5798 nam
1370 5754 1730 5814 posteaquam
1765 5744 1833 5798 ad
1865 5746 2023 5813 agni-

450 5831 655 5886 tionem
711 5831 802 5886 Dei
845 5844 1192 5903 pervenerat,
1251 5850 1362 5891 non
1405 5837 1516 5906 jam
1583 5833 1744 5891 astris
1798 5834 2034 5905 amplius

2123 3536 2276 3609 ρούχ.
2305 3534 2474 3602 Οὗτος
2503 3539 2559 3592 δὲ
2586 3541 2614 3593 6
2648 3539 2855 3609 Σεροὺχ
2883 3540 3050 3609 γεννᾷ
3069 3539 3163 3592 τὸν
3189 3539 3422 3611 Ναχώρ,
3444 3542 3471 3592 6
3496 3533 3686 3604 Ναχὼρ

2121 3630 2212 3682 τὸν
2245 3630 2422 3700 Θάρα,
2451 3633 2546 3684 καὶ
2576 3631 2604 3683 6
2636 3630 2790 3700 Θὰρα
2829 3629 2924 3683 τὸν
2989 3629 3284 3684 θεσπέσιον
3326 3631 3592 3702 Ἀϐραάμ.
3629 3625 3694 3676 ’0¹

2132 3720 2390 3791 Ἀδραάμ
2441 3723 2606 3791 γεννᾷ
2649 3722 2740 3773 τὸν
2806 3720 3016 3787 Ἰσαὰκ,
3052 3721 3081 3773 6
3113 3722 3308 3776 Ἰσαὰκ
3340 3722 3431 3776 τὸν
3477 3714 3685 3778 Ἰακὼϐ,

2121 3813 2220 3866 καὶ
2269 3815 2297 3867 6
2340 3814 2534 3867 Ἰακώϐ
2595 3813 2723 3874 τοὺς
2764 3811 2974 3866 δώδεκα
3001 3815 3374 3884 πατριάρχας,
3420 3809 3684 3883 Ῥουδεὶμ,

2123 3903 2374 3975 Συμεὼν,
2405 3905 2564 3968 Λευὶ,
2612 3904 2816 3957 Ἰούδαν
2850 3903 3098 3967 καὶτοὺς
3126 3905 3377 3970 λοιποὺς,
3407 3902 3499 3972 ἀφ’
3521 3897 3593 3955 ὧν
3634 3899 3684 3951 αἱ

2121 3997 2330 4050 δώδεκα
2359 3997 2524 4066 φυλαὶ
2552 3997 2650 4050 τοῦ
2687 3997 2930 4067 Ἰσραήλ.
2954 3999 3063 4050 Καὶ
3093 3999 3408 4067 τηνικαῦτα
3441 3997 3538 4066 μὲν
3565 3990 3686 4059 περὶ

2121 4087 2217 4139 τοῦ
2253 4087 2504 4156 Ἀϐραὰμ
2533 4087 2706 4152 οὕτως
2737 4091 2904 4156 φησὶν
2961 4087 3250 4157 Ἰώσηπος,
3309 4089 3394 4142 ὅτι
3423 4079 3684 4140 κατελθὼν

2127 4179 2205 4242 εις
2239 4179 2515 4247 Αιγυπτον
2577 4180 2952 4250 ἀριθμητικὴν
3013 4180 3200 4243 αὐτοῖς
3265 4179 3555 4251 ἐχαρίσατο
3598 4170 3686 4225 καὶ

2124 4273 2195 4326 τὰ
2227 4273 2360 4342 περὶ
2390 4274 2758 4342 ἀστρονομίας
2812 4273 2998 4334 αὐτοῖς
3051 4272 3379 4341 παρέδωκε·
3427 4268 3533 4340 πρὸ
3591 4262 3687 4332 γὰρ

2124 4364 2226 4417 τοῦ
2279 4363 2533 4433 Ἀϐραὰμ
2589 4364 2686 4432 τῆς
2717 4366 2896 4416 ὲκεῐσε
2950 4361 3255 4433 παρουσίας
3313 4362 3420 4414 τῶν
3447 4356 3690 4410 τοιούτων

2126 4456 2354 4524 ἀμαθῶς
2389 4452 2535 4525 εἷχοι
2564 4456 2878 4522 Αἰγύπτιοι.
2926 4457 3060 4510 Ἀπὸ
3096 4454 3384 4507 Χαλδαίων
3407 4447 3500 4504 οὖν
3530 4447 3690 4500 ταῦτα

2127 4549 2602 4616 καταπεφοίτηκεν
2621 4548 2700 4608 εἰς
2717 4545 3016 4610 Αἴγυπτον,
3037 4544 3294 4596 κάκεῖθεν
3311 4546 3390 4604 εἰς
3409 4541 3686 4604 Ἓλληνας-

2085 4685 2094 4694 .
2138 4640 2200 4691 ³0
2238 4639 2294 4692 δὲ
2328 4639 2602 4708 Γεώργιος
2653 4639 2785 4706 περὶ
2829 4636 3025 4690 τούτου
3062 4636 3339 4688 καὶιτάδε.
3376 4626 3688 4695 ὈἋόραὰμ

2128 4731 2264 4784 ἐτῶν
2299 4731 2355 4783 ιδ’
2378 4717 2460 4784 ὢν
2477 4731 2804 4798 θεογνωσίας
2833 4731 3060 4800 ήρξατο,
3093 4729 3189 4781 καὶ
3217 4729 3432 4800 πρῶτος
3461 4725 3546 4774 τὸν
3567 4715 3687 4769 Θεὸν

2128 4825 2460 4894 δημιουργὸν
2531 4822 2890 4892 ἁνεκὴρυξεν.
2960 4822 3132 4890 Ὁρῶν
3173 4824 3284 4891 γὰρ
3316 4814 3540 4887 οὐρανὸν
3567 4807 3688 4862 ποτὲ

2133 4918 2231 4985 μὲν
2257 4916 2514 4986 λαμπρὸν
2546 4916 2676 4968 ποτὲ
2709 4915 2766 4967 δὲ
2819 4915 3060 4985 ζοφώδη,
3095 4915 3220 4968 καθ’
3243 4913 3438 4967 ἑαυτὸν
3469 4909 3648 4970 ἔλεγεν
3669 4914 3685 4928 ⁸

2136 5026 2154 5058 ι
2191 5007 2252 5058 El
2277 5009 2369 5060 καὶ
2392 5007 2630 5075 τιμῶσιν
2655 5005 2820 5058 αὑτὸν
2850 5005 3051 5075 ἕτεροι,
3084 5005 3199 5057 ἀλλ’
3221 5007 3320 5058 οὐκ
3359 5003 3471 5054 ἐστι
3506 4996 3637 5054 θεός.
3664 5007 3680 5037 ι

2136 5097 2370 5167 Ὀμοξως
2404 5097 2564 5163 ἔλεγε
2601 5101 2760 5148 τοῦτο
2799 5097 2940 5149 κάπὶ
2982 5096 3060 5164 τῷ
3094 5097 3252 5164 ἡλίῳ,
3278 5097 3342 5163 τῇ
3372 5091 3564 5157 σελήνῃ
3599 5081 3685 5133 καὶ

2126 5193 2235 5250 τοί,
2272 5190 2483 5249 λοιποῖς
2541 5189 2811 5257 ἀστράσι·
2862 5192 2957 5239 καὶ
3016 5189 3125 5256 γὰρ
3171 5185 3500 5255 ἀστρονόμος
3530 5179 3684 5241 ἄκρος

2126 5279 2216 5354 ἢν.
2252 5284 2368 5350 Ἐφ’
2473 5281 2715 5333 τοιοῦτον
2743 5280 2867 5332 ιδὼν
2905 5282 2932 5328 6
2953 5280 3084 5341 Θεὸς
3109 5279 3387 5332 ἐκάλεσεν.
3415 5269 3570 5325 Ἀλλά
3597 5259 3685 5351 καῖ

2129 5377 2220 5428 ἐπὶ
2264 5373 2557 5443 Ἀὅιμέλεχ
2611 5373 2747 5443 φησὶ
2783 5372 3066 5424 κατελθεῖν
3119 5373 3282 5424 αὑτὸν
3311 5369 3390 5430 εἰς
3423 5364 3682 5426 Αιγυπτον

2128 5469 2213 5521 διὰ
2237 5468 2328 5519 τὸν
2359 5466 2538 5535 λιμὸν,
2573 5468 2666 5518 καὶ
2691 5468 2815 5525 τοὺς
2850 5467 3029 5518 ἐκεῖσε
3069 5467 3192 5518 τότε
3223 5455 3572 5525 καταισχῦναι
3601 5461 3682 5499 σο-

2132 5557 2268 5624 φοὺς
2314 5556 2410 5609 καὶ
2448 5555 2794 5625 εἱμαρμένην
2854 5556 3204 5620 δοξάζοντας.
3245 5553 3395 5606 Μετὰ
3442 5547 3546 5615 γὰρ
3592 5535 3680 5604 τὴν

2134 5642 2468 5717 θεογνωσίαν
2499 5651 2681 5703 οὐκέτι
2707 5652 3000 5722 προσέχειν
3025 5651 3288 5719 ἀστράσιν
3311 5642 3484 5714 ἤθελε,
3510 5625 3683 5722 καὶ-ἦν

2140 5744 2267 5795 ἰδεῖν
2281 5742 2366 5795 ἐπ’
2388 5743 2538 5814 αὐτῷ
2563 5719 2998 5812 πεπληρωμένον
3027 5741 3088 5793 τὸ
3118 5740 3212 5793 τοῦ
3259 5728 3573 5790 Ἀποστόλου
3591 5719 3678 5787 (θ’θ’

2141 5834 2232 5887 τὸν
2262 5835 2322 5887 τὸ
2348 5834 2540 5902 λέγον*
2583 5851 2603 5884 ι
2648 5832 2728 5886 Τὰ
2749 5835 2858 5904 γὰρ
2890 5835 3100 5904 ἀόρατα
3142 5833 3274 5886 αὐτο
3293 5827 3322 5879 ῦ
3353 5823 3456 5881 ἀπὸ
3485 5814 3700 5872 κτίσεως,
