3936 6424
235 481 342 545 269

237 682 450 746 Παῦλος
486 684 624 751 ἐφη·
665 701 683 734 ι
726 682 864 752 Οὐχὶ
895 683 1100 747 πάντες
1137 684 1244 736 εἰσί
1265 684 1620 754 λειτουργικὰ
1648 684 1816 737 πνεύ-

244 793 417 844 ματα,
473 779 555 837 εἰς
592 775 875 831 διακονίαν
926 775 1370 846 ἀποστελλόμενα
1401 777 1489 830 διὰ
1517 779 1643 841 τοὺς
1693 777 1819 846 μέλ-

177 915 182 919 .
238 867 429 925 λοντας
473 865 836 934 κληρονομεῖν
883 867 1160 936 σωτηρίαν
1192 887 1204 932 ;
1238 886 1256 919 ι
1289 868 1536 933 Ἐδειξεν
1585 868 1677 922 οῦν
1731 869 1820 922 διὰ

238 956 445 1012 τούτων
473 956 660 1024 σαφῶς
696 957 779 1012 ὅτι
826 959 1126 1027 δυνάμεσιν
1179 959 1498 1027 ἀγγελικαῖς
1539 961 1610 1014 τὰ
1640 962 1821 1014 πάντα

239 1052 520 1120 οἰκονομεῖ
549 1049 644 1102 καὶ
665 1050 739 1114 ὠς
775 1051 932 1104 οὐδὲν
968 1053 1304 1122 ἀπρονόητον
1331 1054 1438 1107 τῶν
1474 1055 1598 1124 τῇδε
1631 1055 1727 1108 καὶ
1745 1053 1820 1117 ὡς

242 1143 401 1212 ἔτυχε
459 1143 710 1212 φέρεται.
749 1144 861 1200 Καὶ
894 1145 967 1214 μή
1025 1161 1118 1212 μοι
1167 1145 1316 1213 λέγε,
1367 1146 1513 1210 τίνος
1548 1147 1741 1200 ἕνεκεν
1788 1148 1821 1217 ἡ

244 1234 376 1301 ἁγία
412 1233 602 1304 Γραφὴ
650 1235 868 1303 πρῶτον
900 1235 1231 1305 ἀνέρχεσθαι
1267 1238 1392 1299 τοὺς
1443 1237 1708 1306 ἀγγέλους
1741 1233 1822 1290 εἷ-

245 1345 367 1390 πεν,
407 1325 508 1380 εἷθ’
537 1327 713 1390 οὕτως
765 1330 1171 1398 κατέρ.χεσθαι;
1210 1328 1354 1399 ἔχεις
1383 1330 1493 1401 γὰρ
1521 1332 1690 1396 αὐτὴν
1727 1330 1826 1398 τὴν

1473 477 1882 568 ΑΝΝΑμυΜ
1921 477 2117 539 PARS
2157 480 2236 542 Il.

239 593 390 647 θείαν
421 591 643 660 ἐδήλουν
683 590 993 646 διακονίαν·
1050 592 1180 661 περὶ
1239 592 1448 648 τούτων
1492 595 1603 665 γὰρ
1635 595 1730 647 καὶ
1786 595 1842 649 ὀί

1957 609 2079 646 nam
2141 593 2546 648 descendentes
2585 594 2779 660 "angeli
2812 635 2826 658 ,

3380 475 3487 538 270

2911 593 3375 663 quemadmodum
3445 603 3500 647 et

1921 701 2149 756 magnus
2201 686 2288 740 ille
2345 686 2579 756 Cyrillus
2638 687 2732 752 ait,
2795 686 3162 740 ministerium
3250 685 3501 740 divinum

1921 779 2320 848 signiﬁcabant.
2359 777 2491 832 Nam
2524 779 2593 832 de
2649 778 2856 848 angelis
2885 785 2941 832 et
3003 777 3209 832 Paulus
3273 777 3447 846 inquit
3487 794 3500 830 :

1929 871 2156 926 cNonne
2184 883 2311 927 sunt
2335 886 2527 927 omnes
2556 871 2862 925 administri
2897 871 3147 940 spiritus,
3175 870 3264 938 qui
3291 869 3358 922 ad
3400 868 3504 922 mi-

1922 965 2208 1020 ni-sterium
2253 966 2572 1035 ablegantur
2615 971 2839 1033 propter
2868 977 2964 1016 eos
3004 961 3094 1030 qui
3120 962 3351 1014 saiutcm
3381 959 3513 1011 ade-

1923 1058 2071 1125 pturi
2105 1056 2387 1110 sunt~"?w
2428 1055 2794 1121 Quamobrem
2839 1055 2982 1106 Deus
3044 1066 3140 1119 per
3189 1052 3305 1104 haec
3350 1048 3511 1102 nobis

1923 1147 2070 1202 clare
2094 1148 2342 1202 ostendit
2372 1147 2556 1201 omnia
2609 1161 2668 1200 se
2698 1162 2796 1216 per
2857 1153 3166 1214 potestates
3231 1141 3512 1211 angelicas

1924 1239 2253 1307 gubernare,
2284 1253 2384 1292 nec
2411 1238 2712 1308 quidquam
2738 1237 2791 1290 in
2823 1235 2990 1305 rebus
3020 1234 3278 1289 humanis
3306 1234 3515 1299 absque

1929 1329 2266 1397 providentia
2294 1329 2519 1411 fortuito
2547 1326 2907 1398 geri.'Neque
2933 1327 3020 1380 hic
3047 1325 3322 1396 objeceris
3353 1323 3512 1383 mihi,

245 1417 409 1495 ἁγίαν
435 1417 656 1489 Γραφὴν
687 1420 894 1474 καὶτὸν
926 1419 1056 1491 περὶ
1086 1420 1277 1474 τούτου
1307 1421 1466 1490 λόγον
1491 1422 1831 1494 διευκρινοῦ-

1948 1420 2538 1490 ιυαιιιοὺτειηιίιὶιιρτρε
2577 1435 2749 1475 sacrae
2773 1427 2999 1473 narrent
3026 1419 3250 1488 angelos
3277 1418 3514 1487 primum

246 1510 345 1564 σάν
379 1527 482 1564 σοι.
514 1509 639 1563 Τῶν
669 1510 976 1580 ἀνθρώπων
1017 1512 1251 1576 ἕκαστος
1287 1513 1505 1583 φύλακα
1557 1519 1656 1585 τῆς
1693 1519 1825 1568 ἐαυ-

245 1603 341 1655 τοῦ
371 1602 516 1672 ζωῆς
551 1603 694 1658 θεῖον
725 1604 958 1673 ἄγγελον
1003 1607 1288 1678 κέκτηται,
1323 1608 1397 1670 ὡς
1437 1607 1690 1662 ἐντεῦθεν
1731 1608 1828 1662 καὶ

246 1693 344 1762 τὴν
376 1693 500 1745 καθ’
534 1695 691 1763 ήμῶν
725 1693 904 1764 ὁρμὴν
942 1695 1051 1748 τῶν
1075 1696 1351 1764 δαιμόνων
1383 1698 1827 1767 ἀναχαιτίζεσθαι

249 1787 294 1854 (ι
323 1785 673 1856 Παρεμϐαλεῖ
695 1806 740 1851 ι,
771 1788 878 1857 γάρ
907 1805 1093 1858 φησιν,
1126 1790 1385 1858 «ἄγγελος
1412 1792 1617 1860 Κυρίου
1635 1792 1829 1860 ,κύκλῳ

249 1877 360 1929 τῶν
402 1878 752 1949 φοϐουμένων
784 1880 947 1933 αὑτὸν
999 1883 1048 1950 ι)
1102 1883 1194 1934 καὶ
1234 1884 1332 1945 τὰς
1370 1885 1615 1955 αἰτήσεις
1670 1886 1828 1955 ήμῶν

248 1967 549 2034 ἀνάγεσθαι
594 1969 731 2038 πρὸς
771 1969 864 2022 τὸν
913 1969 1046 2022 Θεὸν
1090 1971 1159 2025 δι’
1205 1973 1409 2030 αὐτῶν.
1455 1975 1564 2028 Καὶ
1596 1976 1830 2030 πειθέτω

249 2062 396 2129 ἡμᾶς
427 2059 588 2123 αὐτὸς
617 2063 644 2114 6
669 2061 870 2131 Κύριος
899 2062 957 2114 ἐν
985 2063 1339 2131 Εὑαγγελίοις
1361 2065 1537 2135 λέγων
1555 2083 1568 2098 ’
1596 2085 1614 2118 t
1638 2069 1831 2138 Ὁρᾶτε

253 2158 328 2222 μὴ
366 2155 819 2225 καταφρονήσητε
848 2156 967 2218 ἐνὸς
997 2155 1108 2210 τῶν
1133 2157 1352 2229 μικρῶν
1381 2161 1620 2213 τούτων’
1647 2161 1696 2212 οἰ
1725 2164 1834 2231 γάρ

246 2243 474 2310 ἄγγελοι
534 2245 714 2298 αὐτῶν
767 2247 1037 2316 διηνεκῶς
1086 2249 1257 2319 ὁρῶσι
1304 2250 1366 2303 τὺ
1416 2253 1712 2322 πρόσωπον
1738 2251 1834 2308 τοῦ

256 2340 467 2407 Πατρός
511 2356 613 2407 μου
644 2340 738 2392 τοῦ
792 2341 851 2393 ἐν
900 2341 1172 2412 οὐρανοῖς,
1221 2362 1240 2396 θ
1279 2344 1434 2398 οὐδὲν
1463 2345 1592 2399 ἄλλο
1620 2346 1839 2400 ποιοῦν-

250 2445 364 2493 τες,
391 2430 466 2490 ὡς
503 2429 532 2488 6
567 2429 625 2482 ἐν
649 2431 1024 2500 πατριάρχαις
1051 2432 1298 2502 ἀοίδιμος
1329 2451 1464 2504 φησι
1495 2435 1834 2506 Νικηφόρος,

236 2523 283 2608 κῆ
311 2521 410 2575 τὰς
461 2522 711 2592 αἰτήσεις
743 2523 902 2592 ήμῶν
958 2523 1279 2592 εἰσάγοντες
1335 2528 1415 2588 εἰς
1462 2529 1532 2583 τὰ
1579 2522 1836 2597 ὧτατοῦ

252 2613 461 2683 Κυρίου
491 2614 738 2668 Σαϐαὼθ.
787 2615 1133 2670 Ἐπιϐεὸαιοῖ
1161 2618 1334 2690 ταῦτα
1381 2623 1473 2678 καὶ
1505 2623 1533 2674 6
1562 2620 1839 2688 Θειότατος

265 2705 507 2774 Ῥαφαὴλ
559 2706 695 2776 πρὸς
737 2707 828 2760 τὸν
893 2709 1090 2781 Τωὸὴτ
1147 2710 1320 2774 οὕτως
1373 2713 1582 2766 εἰπών·
1635 2735 1652 2767 ι
1707 2717 1835 2771 Ὅτε

255 2798 547 2886 προσηύξω
580 2799 642 2850 σὺ
680 2800 774 2854 καὶ
806 2801 838 2871 ἡ
869 2800 1061 2870 νύμφη
1100 2821 1218 2868 σου,
1253 2804 1366 2874 ἐγὼ
1397 2809 1756 2878 προσήγαγον
1777 2811 1838 2863 τὸ

258 2891 604 2958 μνημόσυνον
634 2895 735 2957 τῆς
785 2895 1098 2966 προσευχῆς
1139 2914 1232 2949 σου
1281 2898 1517 2952 ἐνώπιον
1546 2901 1639 2954 τοῦ
1680 2903 1838 2971 ἁγίου

255 2983 414 3046 Θεοῦ,
449 2984 546 3035 καὶ
597 2983 690 3036 νῦν
741 2987 1033 3042 ἀπέστειλέ
1079 3007 1145 3058 με
1195 2990 1457 3044 ἰάσασθαί
1510 3010 1568 3044 σε
1605 2995 1702 3047 καὶ
1740 2995 1840 3066 τὴν

256 3075 474 3146 νύμφην
511 3094 604 3128 σου
644 3077 886 3148 Σάρραν.
927 3097 945 3130 ι
1005 3081 1168 3134 Ἀλλὰ
1219 3084 1314 3134 καί
1353 3085 1380 3134 6
1419 3087 1842 3156 καταπεμφθεὶς

257 3166 348 3220 ἐπὶ
374 3165 676 3248 Κορνήλιον
707 3167 796 3220 τὸν
841 3168 1254 3241 ἑκατοντάρχην
1301 3169 1442 3248 θεῖος
1475 3174 1712 3242 ἄγγελος
1746 3175 1842 3234 οῦ-

1929 1511 2250 1569 ascendisse
2279 1514 2640 1583 acdeinceps
2669 1513 3056 1568 desaendisse.
3089 1510 3223 1565 Nam
3263 1511 3394 1579 ipsae
3421 1510 3515 1563 tibi

1933 1605 2096 1675 hujus
2132 1605 2209 1661 rei
2248 1607 2518 1660 rationem
2576 1606 2855 1675 aperiunt.
2917 1604 3165 1670 Quilibet
3201 1591 3365 1657 homo
3394 1601 3519 1656 vitae

1931 1713 2044 1756 sua:
2067 1698 2356 1766 praesidem
2390 1699 2644 1768 angelum
2681 1699 2869 1761 habet,
2923 1707 2983 1751 ut
3013 1696 3119 1750 hoc
3147 1704 3307 1764 pacto
3345 1693 3518 1748 malo-

1933 1808 2055 1845 rum
2089 1792 2372 1862 geniorum
2410 1793 2464 1845 in
2519 1807 2621 1845 nos
2677 1792 2919 1860 impetus
2976 1790 3260 1859 frangatur
3295 1807 3309 1842 :
3343 1787 3522 1857 jungit

1933 1885 2104 1950 enim,
2146 1894 2206 1938 ut
2236 1884 2324 1938 ille
2350 1882 2513 1945 ait”,
2565 1884 2794 1953 angelus
2827 1881 3039 1936 Domini
3097 1889 3272 1935 castra
3324 1880 3522 1934 castris

1937 1978 1992 2032 in
2021 1976 2256 2031 circuitu
2291 1975 2600 2030 timentium
2635 1991 2784 2028 eum.
2835 1973 3064 2030 Nostras
3121 1974 3284 2026 etiam
3330 1986 3523 2042 preces

1938 2072 2184 2142 ipsorum
2244 2087 2413 2141 opera
2477 2069 2716 2140 perferri
2782 2069 2849 2124 ad
2907 2069 3076 2122 Deum
3117 2067 3378 2120 Dominus
3407 2066 3524 2134 ipse

1937 2165 2098 2219 nobis
2137 2164 2490 2235 persuadeat,
2532 2163 2624 2233 qui
2658 2163 2833 2217 sacris
2866 2162 2918 2216 in
2957 2161 3270 2229 Evangeliis
3303 2159 3522 2227 inquit:

1945 2279 1964 2314 ι
1994 2259 2198 2314 Cavete
2222 2272 2291 2312 ne
2313 2273 2481 2312 unum
2507 2271 2573 2312 ex
2602 2254 2994 2326 hisee-pusillis
3017 2252 3329 2324 despiciatis
3361 2269 3372 2306 τ
3395 2269 3523 2306 nam

1939 2351 2115 2424 angeli
2153 2365 2342 2407 eorum
2375 2359 2642 2420 perpetuo
2672 2348 2866 2403 faciem
2908 2346 3091 2402 Patris
3141 2346 3249 2400 mei
3286 2343 3528 2400 cmlestis

1939 2448 2222 2502 intuentur
2241 2445 2341 2502 ³⁸.»
2383 2443 2519 2498 nihil
2557 2443 2770 2497 scilicet
2802 2441 2951 2496 aliud
2993 2451 3239 2510 agentes.
3273 2437 3532 2508 quemad-

1943 2537 2166 2591 modum
2194 2535 2542 2590 clarissimus
2592 2533 2684 2586 ille
2717 2530 3030 2602 patriarcha
3060 2528 3406 2598 Niccpltorus
3447 2527 3530 2580 Io-

1940 2631 2148 2701 quitur,
2182 2644 2345 2698 quam
2388 2627 2534 2696 quod
2590 2641 2785 2696 preces
2843 2633 3067 2678 nostras
3121 2622 3187 2676 ad
3239 2636 3403 2675 aures
3439 2619 3530 2674 Dei

1942 2719 2182 2774 Sabaoth
2217 2717 2497 2772 deferunt.
2557 2714 2704 2770 Idem
2765 2715 2990 2784 angelus
3046 2713 3138 2767 ille
3177 2712 3396 2766 divinus
3429 2709 3534 2764 Ra-

1941 2811 2170 2883 phaelus
2197 2809 2510 2874 confirmat,
2547 2823 2672 2862 cum
2709 2808 2860 2862 hisce
2898 2807 3079 2862 verbis
3113 2807 3371 2861 Tubmum
3398 2807 3534 2860 allo—

1942 2903 2134 2972 quitur
2171 2919 2186 2954 :
2226 2884 2376 2966 ιριιο
2413 2909 2664 2968 tempore
2707 2906 2761 2952 tu
2818 2912 3104 2966 nurusque
3156 2905 3245 2950 tua
3278 2895 3534 2965 precabi-

1945 2996 2104 3056 mini,
2163 3009 2266 3064 ego
2328 2992 2664 3063 precationis
2729 2999 2835 3044 ture
2891 3001 3310 3043 monumentum
3349 3005 3530 3045 coram

1945 3097 2139 3144 sancto
2166 3087 2259 3140 illo
2295 3085 2405 3140 Deo
2438 3083 2835 3146 subvehebatur,
2890 3082 3053 3152 138
3107 3083 3198 3152 qui
3259 3097 3344 3134 me
3392 3097 3538 3140 nunc

1947 3179 2094 3235 misit
2124 3181 2189 3233 ad
2223 3189 2272 3233 te
2313 3192 2620 3248 nurumque
2675 3186 2820 3231 tuam
2863 3176 3081 3230 Sarram
3129 3175 3407 3230 sanandos
3437 3176 3531 3226 “ﬁt

258 3277 363 3324 τως
391 3243 527 3330 πρὸς
556 3261 719 3314 αὐτὸν
749 3261 904 3331 ἐλεγε
925 3280 937 3292 ·
967 3283 985 3316 ι
1015 3265 1311 3335 Κορνήλιε,
1333 3243 1393 3319 *αἱ
1426 3272 1730 3340 προσευχαί
1755 3289 1842 3326 σου

1953 3271 2328 3332 Consimiliter
2366 3271 2594 3336 angelus
2632 3269 2722 3323 ille
2757 3269 2998 3332 divinus,
3059 3267 3152 3336 qui
3209 3269 3272 3320 ad
3333 3270 3540 3320 (Torne-

261 3357 352 3408 καὶ
399 3355 455 3406 αί
508 3355 876 3425 ἐλεημοσύναι
909 3373 1000 3409 σου
1053 3357 1330 3429 ἀνέϐησαν
1375 3361 1456 3423 εἰς
1489 3364 1844 3432 μνημόσυνον

263 3452 492 3508 ἐνώπιον
508 3451 603 3505 τοῦ
628 3452 788 3507 Θεοῦ.
815 3454 1060 3508 Κάλεσαι
1092 3455 1150 3522 ἐξ
1191 3457 1418 3527 Ἰόππης
1447 3459 1538 3512 τὸν
1571 3460 1838 3532 Πέτρον.»

265 3545 328 3601 ΕΞ
377 3543 433 3596 δὲ
477 3544 655 3598 ταῦτα
690 3545 864 3609 οὕτως
915 3545 1054 3617 ἔχει,
1091 3547 1164 3614 εἰ,
1214 3549 1404 3612 καθὼς.
1440 3551 1843 3619 ἀποδέδεικται,

263 3634 369 3689 τῶν
405 3635 707 3705 ἀνθρώπων
741 3637 970 3702 ἕκαστος
1004 3638 1237 3707 ἄγγελον
1297 3639 1570 3710 κέκτηται
1608 3644 1708 3707 τὰς
1756 3645 1846 3699 αἰ-

263 3731 451 3799 τήσεις
483 3731 639 3800 ἡμῶν
669 3731 964 3798 εἰσάγοντα
1001 3734 1082 3794 εἰς
1105 3733 1170 3784 τὰ
1203 3726 1315 3786 ὦτα
1350 3735 1555 3804 Κυρίου
1588 3736 1843 3802 Σαϐαὼθ,

266 3821 478 3888 ἀνάγκη
515 3821 662 3873 πᾶσα
711 3823 840 3884 τοὺς
896 3824 1166 3892 ἀγγέλους
1217 3842 1436 3894 πρωτον
1488 3828 1844 3898 ἀνέρχεσθαι,

267 3913 358 3968 καὶ
389 3914 458 3973 δι’
489 3913 669 3967 αὐτῶν
724 3915 820 3976 τὰς
874 3915 1120 3985 αἰτήσεις
1167 3918 1351 3987 ήμῶν,
1403 3915 1506 3972 εἶθ’
1539 3920 1713 3983 οὕτως
1749 3925 1848 3988 τὰς

269 4004 417 4068 θείας
447 4006 653 4060 ἄνωθεν
685 4008 894 4079 δωρεὰς
929 4010 1303 4079 κατέρχεσθαι
1337 4012 1474 4082 πρὸς
1503 4015 1676 4083 ἡμᾶς.
1725 4015 1850 4069 Ἐπὶ

268 4100 370 4170 γάρ
404 4098 580 4170 τούτῳ
632 4100 726 4152 καὶ
782 4101 1052 4168 ἀγγέλους
1104 4099 1246 4156 εἶδεν
1297 4104 1698 4175 ἀνερχομένους
1757 4111 1851 4161 καὶ

270 4191 710 4260 κιτερχομένους
736 4193 764 4246 ὁ
799 4193 1073 4264 μακάριος
1117 4195 1313 4248 Ἰακώό
1336 4213 1348 4226 ·
1375 4196 1463 4250 διὰ
1487 4197 1596 4268 γὰρ
1617 4199 1847 4266 τούτων,

269 4283 342 4346 ὼς
392 4283 638 4354 εἴρηται,
693 4284 1089 4354 λειτουργικῶν
1141 4286 1315 4344 ὄντων
1363 4291 1717 4358 πνευμάτων,
1759 4293 1852 4344 καὶ

268 4373 677 4445 οἰκονομοῦνται
714 4376 795 4442 τὰ¹
822 4377 948 4448 τῇδε
978 4377 1156 4435 πάντα
1187 4381 1285 4433 καὶ
1318 4380 1689 4450 διεξάγονται.
1725 4386 1852 4451 ¹Καὶ

269 4467 396 4537 περὶ
433 4467 533 4537 μὲν
557 4466 766 4525 τούτων
805 4468 1002 4533 οὕτως.

1953 3365 2091 3418 lium
2156 3363 2546 3418 centurionem
2599 3361 2803 3415 missus
2841 3360 2975 3422 fuit,
3041 3375 3163 3413 eum
3199 3359 3538 3426 compellat:

1960 3455 2232 3520 «Corneli,
2261 3463 2368 3509 tute
2414 3463 2610 3525 'preccs
2661 3469 2727 3507 ac
2779 3453 3014 3523 benigna
3047 3453 3190 3506 facta
3240 3458 3304 3505 ael
3342 3451 3533 3514 Deum,

1954 3565 2056 3604 ceu
2123 3548 2203 3602 tui
2287 3555 2711 3601 monumentum
2773 3545 3088 3615 quoildatnf,
3152 3545 3542 3603 ascenderunt.

1956 3641 2144 3709 Itaque
2166 3639 2398 3708 Joppem
2441 3638 2666 3691 mittens
2700 3637 2919 3690 Petrum
2953 3637 3223 3690 arcessito
3249 3635 3356 3688 ιι.»
3412 3636 3548 3700 Qua;

1956 3747 2083 3786 cum
2112 3731 2184 3784 ita
2213 3731 2346 3792 sint,
2401 3739 2617 3784 etcum
2659 3728 2896 3797 quilibet
2947 3727 3136 3792 homo,
3186 3743 3281 3778 cett
3315 3728 3549 3780 deumn-

1957 3824 2271 3886 stravimus,
2305 3823 2796 3893 angelumJtabeat
2855 3835 3050 3889 preces
3101 3833 3230 3873 snas
3282 3822 3348 3872 ad
3385 3836 3548 3872 anns

1959 3917 2054 3970 Dei
2087 3913 2722 3980 Sabaotlrdcferentem,
2752 3913 2981 3967 omnino
3018 3926 3248 3966 necesse
3272 3921 3357 3964 est
3384 3927 3550 3979 ange-

1959 4013 2042 4067 los
2072 4013 2310 4083 primum
2343 4011 2666 4075 ascendere,
2703 4020 2870 4079 atque
2899 4024 3005 4063 una
3035 4024 3160 4062 cum
3195 4008 3330 4076 ipsis
3358 4023 3552 4075 prccca

1959 4120 2180 4174 quoque
2205 4113 2444 4168 nostras,
2475 4102 2678 4156 deinde
2716 4117 2850 4154 vero
2872 4099 3064 4154 divina
3115 4113 3349 4153 munera
3399 4097 3554 4154 coali-

1961 4207 2050 4252 tus
2079 4197 2147 4251 ad
2169 4211 2273 4249 nos
2305 4195 2615 4265 pervenire.
2643 4193 2776 4247 Nam
2815 4193 3023 4248 ideirco
3057 4193 3253 4246 beatus
3285 4191 3373 4244 ille
3391 4190 3554 4245 Jaco-

1962 4289 2066 4343 hus
2099 4287 2322 4359 angelos
2348 4284 2710 4340 ascendentes
2762 4293 2820 4337 et
2869 4283 3114 4354 vicissim
3155 4281 3557 4335 deseendcntcs

1961 4381 2120 4442 vidit,
2151 4395 2248 4449 per
2280 4393 2430 4447 quos.
2455 4386 2710 4445 tanquam
2744 4374 2974 4442 Spiritus
3000 4371 3356 4427 administros
3386 4409 3403 4430 ,
3458 4387 3555 4425 ceu

1961 4473 2231 4534 diximus,
2269 4485 2365 4524 res
2397 4479 2630 4522 Ierrome
2660 4466 3063 4535 gubernantur.
3127 4464 3240 4518 [loc
3295 4462 3457 4517 modo
3490 4463 3560 4517 du

1965 4562 2053 4616 his
2087 4574 2412 4630 responsum
2448 4566 2597 4611 esto.
3493 4573 3498 4576 -

350 4646 742 4716 Ἀνερχόμενον
774 4649 830 4710 δὲ
864 4649 957 4704 τὸν
1005 4651 1204 4713 Ἰακὼϐ
1239 4652 1347 4705 ἀπὸ
1387 4653 1482 4706 τοῦ
1515 4654 1725 4718 Λάϐαν,
1759 4658 1842 4708 καὶ

2035 4654 2309 4709 Caeterum
2346 4657 2717 4705 revertentem
2770 4664 2806 4702 a
2861 4647 3082 4701 Labane
3107 4644 3402 4707 Iacobum.
3463 4651 3554 4714 qui

270 4738 358 4790 τδν
405 4740 570 4794 Ἠσαῦ
604 4741 835 4806 δεδιότα,
867 4742 1292 4814 πᾳραθαρῤύνει
1327 4745 1420 4798 καὶ
1454 4744 1616 4809 αὖθις
1660 4749 1688 4798 6
1722 4747 1857 4811 Θεθις

273 4831 518 4886 παλαίων
549 4833 668 4901 μετ’
700 4833 868 4886 αὐτοῦ
903 4833 1010 4897 ἕως
1039 4835 1187 4905 πρωῒ
1215 4837 1328 4896 ζκαὶ
1360 4837 1568 4894 πείθων
1598 4838 1858 4900 ἐντεῦθεν

276 4925 348 4998 μὴ
393 4926 715 4994 φοϐεῖσθαι’
761 4927 809 4981 εί
859 4928 968 4999 γάρ
1026 4930 1167 4996 μετὰ
1219 4931 1356 4984 Θεοῦ
1389 4931 1640 4999 δυνατὸς,
1679 4932 1860 5003 πολλῷ

277 5018 478 5086 μᾶλλον
519 5020 658 5087 μετὰ
705 5019 1034 5090 ἀνθρώπων.
1095 5020 1269 5078 Τοῦτο
1326 5024 1383 5078 δὲ
1447 5025 1542 5078 καὶ
1588 5025 1616 5076 6
1664 5026 1861 5079 Ἰακὼϐ

273 5105 544 5174 ἐδήλωσεν
587 5105 794 5159 εἰπών⁹
830 5095 865 5160 ἰ
895 5106 1052 5163 Εἶδον
1081 5110 1174 5163 τὸν
1216 5111 1354 5164 Θεὸν
1395 5112 1692 5182 πρόσωπον
1725 5114 1861 5184 πρὺς

277 5196 590 5265 πρόσωπον,
639 5197 732 5250 καὶ
770 5199 952 5270 ἐσώθη
993 5217 1094 5270 μου
1138 5202 1170 5272 ή
1219 5201 1386 5272 ψυχή,
1446 5222 1464 5254 ι
1501 5205 1784 5258 τουτέστιν
1825 5208 1858 5274 ἡ

275 5286 576 5356 τεθνηκυῖα
629 5287 816 5360 ὥσπερ
870 5289 976 5343 ὑπὸ
1020 5291 1172 5354 δέους
1229 5293 1471 5363 θάρσους
1525 5295 1858 5364 ἐνεπλήσθη.

277 5378 592 5448 τηνικαῦτα
615 5380 708 5434 καὶ
742 5381 965 5453 Ἰσραὴλ
1001 5384 1441 5454 μετονομάζεται
1474 5387 1550 5449 ὡς
1579 5389 1637 5440 ἐν
1663 5406 1870 5456 φαντα-

279 5473 370 5543 σίᾳ
401 5471 539 5524 Θεοῦ
599 5473 916 5542 γενόμενος.
958 5475 1020 5530 '0
1056 5477 1243 5545 μέντοι
1282 5479 1478 5532 Ἰακὼϐ
1530 5480 1867 5544 διυπνισθεὶς

279 5565 532 5636 χωλεύων
545 5561 746 5636 ἧν,-ὡς
770 5567 802 5635 ἡ
838 5566 1050 5636 ἱστορία
1079 5568 1380 5640 δηλοιἼνα
1409 5573 1465 5634 δὲ
1497 5572 1572 5643 μὴ
1605 5574 1744 5644 μετὰ
1772 5573 1870 5646 τὴν

278 5657 538 5730 τελευτήν
571 5659 668 5712 τοῦ
693 5659 906 5715 δικαίου
935 5662 1140 5733 σϐεσθῇ
1172 5666 1204 5734 ή
1239 5664 1378 5735 πρὸς
1415 5665 1580 5722 αὑτὸν
1606 5666 1700 5720 τοῦ
1734 5668 1870 5721 Θεοῦ

280 5751 598 5828 κηδεμονία,
641 5742 921 5822 σοφίζεται
953 5753 1054 5826 τὴν
1085 5756 1216 5830 περὶ
1248 5759 1442 5811 τούτου
1492 5759 1719 5829 μνήμην
1749 5759 1870 5830 διη-

351 5868 393 5901 ⁹⁷
417 5869 586 5925 llehr.
626 5886 664 5937 ι,
709 5872 789 5927 Η.

870 5871 914 5904 ³⁸
945 5872 1088 5929 Psal.
1126 5891 1320 5940 xxxiii,
1352 5875 1403 5930 8.

283 5939 369 5994 ὅθ.

1484 5875 1528 5906 ³⁸
1554 5875 1744 5933 Matth.
1784 5891 1940 5942 ιιι-ιιι,
1974 5875 2060 5930 Ἰθ.
2138 5875 2178 5907 ³ο
2209 5873 2349 5929 Tnb.
2387 5888 2486 5935 xtl,
2526 5870 2606 5925 l2.

1968 4747 2172 4806 Esaum
2230 4745 2457 4802 fratrem
2509 4757 2863 4813 magnopere.
2905 4741 3278 4805 formidabat,
3338 4756 3556 4793 rursum

1970 4838 2116 4897 Deus
2149 4838 2492 4902 consolatur,
2557 4835 2702 4890 lucta
2764 4849 2888 4893 cum
2944 4833 3066 4901 ipso
3125 4833 3188 4887 ad
3225 4832 3556 4886 matutinum

1968 4948 2146 5003 usque
2171 4929 2476 4990 diluculum
2541 4941 2910 4997 congressus;
2970 4941 3082 4994 quo
3132 4926 3354 4994 quidem
3418 4925 3562 4980 facto

1969 5021 2303 5092 persuadere
2329 5017 2535 5081 Iacobo
2574 5016 2746 5078 voluit
2793 5030 2864 5077 ne
2907 5014 3040 5082 quid
3105 5014 3211 5070 sibi
3268 5024 3560 5072 metueret.

1963 5115 2098 5169 Nam
2154 5113 2197 5166 si
2229 5111 2493 5171 adversus
2553 5107 2724 5165 Deum
2757 5121 2902 5184 sese
2956 5106 3244 5162 robustum
3304 5118 3562 5176 praestare

1963 5215 2200 5279 poterat,
2229 5203 2403 5264 multo
2430 5201 2604 5271 magis
2638 5201 2809 5262 robur
2847 5200 3120 5262 adversus
3169 5200 3424 5254 homines
3468 5201 3564 5254 ba-

1970 5303 2152 5361 bebal,
2178 5298 2500 5368 Signiﬁcare
2530 5295 2705 5349 voluit
2733 5295 2839 5350 hoc
2873 5295 2989 5366 ipse
3006 5295 3266 5358 Jacohus.
3299 5311 3421 5350 cum
3448 5295 3559 5347 ait:

1977 5395 2252 5449 «Pa-msens
2286 5397 2610 5460 praesentem
2647 5387 2820 5449 Deum
2849 5390 3139 5458 conspexi,
3173 5397 3230 5443 et
3276 5387 3564 5442 incolumi-

1972 5496 2138 5548 tatem
2171 5484 2355 5537 anima
2389 5497 2508 5541 mea
2541 5491 2840 5538 consecuta
2883 5491 2968 5536 est
2987 5481 3090 5542 ",D
3158 5482 3262 5541 hoc
3299 5487 3404 5537 est,
3442 5493 3563 5546 quae

1975 5586 2185 5635 tantum
2214 5589 2326 5628 non
2379 5589 2493 5642 pra:
2552 5573 2850 5628 formidine
2885 5583 3103 5628 mortua
3158 5582 3294 5632 erat,
3363 5569 3562 5622 ﬁducia

1973 5668 2179 5738 repleta
2210 5674 2316 5720 est.
2346 5661 2504 5718 Tunc
2534 5672 2588 5717 et
2623 5664 2852 5718 nomine
2884 5670 3097 5716 mutato
3127 5658 3314 5714 lsraeli
3369 5657 3563 5726 appel«

1973 5759 2235 5814 lationem
2269 5755 2510 5826 accepit,
2548 5765 2604 5809 ut
2632 5755 2725 5826 qui
2757 5755 2855 5810 Dei
2883 5738 3181 5825 quamdam
3219 5749 3564 5803 informatio-

2686 5872 2726 5902 “
2756 5871 2874 5926 Act.
2915 5887 2966 5934 κ,
2997 5870 3047 5924 οἱ.
3133 5867 3175 5898 δ’
3215 5867 3349 5923 Gen.
3389 5883 3560 5934 χχχιι,
