3936 6422
365 492 480 558 275
1615 485 2039 546 menaeus
2081 481 2343 544 GLYC/E
3220 554 3224 558 ,
3528 465 3642 527 976

272 585 286 594 l
365 620 478 663 tem
500 604 668 663 venit.
703 600 857 654 caesis
913 599 1327 669 quadringentis
1359 597 1642 652 hominum
1686 595 1947 659 millibus,
1979 617 1991 654 Α

2096 592 2338 662 αμήλους
2369 587 2480 658 γὰρ
2513 584 2827 658 ἔμπροσθεν
2849 583 2946 653 τῆς
2975 579 3344 651 παρατάξεως.
3367 578 3478 649 (28)
3507 597 3643 650 προ-

363 715 486 752 (‘lttlt
520 709 760 754 amnem,
807 693 898 760 qui
930 705 1094 760 supra
1131 690 1353 744 modum
1387 689 1783 752 exundaverat,
1819 701 1944 741 rur-

2096 684 2360 744 είναντος,
2395 680 2489 731 καὶ
2515 677 2626 732 τῶν
2655 675 2956 732 ἀντιθέτων
2985 674 3170 726 ἵππων
3194 673 3273 736 είς
3303 673 3483 742 φυγὴν
3510 689 3634 742 τραρ

365 804 484 845 sum
511 785 833 854 transjieere
859 797 968 836 non
999 789 1242 850 possent.

2096 776 2290 839 εέντων,
2343 775 2631 841 κρατεῖται
2691 770 2788 838 μὲν
2846 769 2874 820 6
2932 768 3190 836 Κροῖσος,
3251 764 3530 818 ἀπώλοντο
3585 765 3644 822 δὲ

2057 868 2299 938 χιλιάδες
2329 863 2375 918 υ⁹
2394 883 2409 899 ο
2440 863 2562 916 οὐδὲ
2601 861 2709 933 γὰρ
2741 862 2927 930 ἴσχυον
2958 859 3323 929 ἀντιπερᾶσαι
3355 859 3446 912 τὸν
3477 876 3645 912 ποτα-

2061 960 2162 1028 μὸν
2198 959 2305 1028 πλη
2317 976 2353 1026 μ
2361 975 2432 1024 μυ
2443 955 2660 1026 ροῦντα.

438 1054 579 1123 Cyro
618 1051 812 1104 Darius
851 1049 992 1104 ﬁlius
1021 1048 1305 1112 successit,
1348 1046 1512 1101 Dario
1579 1049 1950 1112 Artaxerxes;

2130 1053 2282 1106 Μετὰ
2307 1051 2366 1104 δὲ
2400 1049 2584 1116 Κῦρον
2615 1049 2840 1116 Δαρεῖος
2866 1049 2893 1099 6
2921 1045 3037 1110 υίὺς
3063 1043 3252 1106 αὐτοῦ,
3286 1039 3408 1121 εἶτα
3449 1042 3648 1102 Ἀρτα-

368 1157 480 1211 quo
513 1149 774 1208 regnante
825 1137 1045 1207 quidam
1097 1137 1149 1190 in
1188 1136 1340 1190 Italia
1406 1137 1564 1191 Palas
1621 1137 1856 1191 exstitit.
1905 1137 1959 1191 Is

2097 1141 2276 1212 έρξης,
2313 1143 2396 1209 ἐφ’
2423 1135 2483 1194 οὗ
2501 1136 2570 1210 ἦν
2597 1157 2682 1202 τις
2713 1138 2974 1208 ἐνΊταλίᾳ
2995 1139 3220 1208 ὀνόματι
3254 1137 3456 1198 Πάλας.
3481 1127 3650 1196 Οὗτος

368 1234 596 1286 domum
652 1239 994 1284 exstructam
1063 1227 1515 1283 absePalatium
1572 1237 1952 1296 nuncupavit:

2100 1234 2255 1294 τίσας
2292 1217 2445 1285 οἷκον
2473 1231 2743 1283 Παλάτιον
2777 1229 3086 1298 ὠνόμασεν,
3127 1228 3251 1282 ὅθεν
3279 1229 3339 1280 τὸ
3367 1227 3650 1296 βασιλικὸν

370 1323 517 1376 unde
546 1337 661 1375 mos
699 1321 921 1374 inolevit
960 1331 1019 1374 ut
1051 1319 1197 1374 ardes
1239 1320 1402 1388 regia:
1447 1319 1709 1388 palatium
1765 1319 1958 1373 dican-

2096 1322 2488 1392 amtxnrﬁptov
2531 1320 2797 1372 παλάτιον
2825 1319 3067 1387 λέγεται.
3123 1320 3230 1370 Καὶ
3261 1323 3287 1371 ὁ
3333 1317 3434 1388 μὲν
3468 1317 3652 1386 Γεὼρο

373 1423 482 1466 tnr.
518 1412 643 1466 Haec
681 1422 766 1464 est
797 1411 1011 1480 Georgii
1067 1411 1354 1465 sententia.
1409 1409 1650 1465 Zonaras
1685 1425 1816 1464 vero
1847 1425 1962 1464 me-

2096 1432 2182 1477 ‘tOC
2207 1413 2402 1477 οὕτως,
2437 1413 2465 1464 6
2497 1413 2552 1465 δὲ
2598 1413 2859 1481 Ζωναρᾶς
2917 1412 3046 1480 περὶ
3091 1411 3284 1463 τούτου
3337 1409 3432 1462 καὶ
3485 1409 3649 1462 τάδε·

372 1503 560 1556 moria:
613 1503 884 1577 prodidit_
928 1503 1150 1556 domum
1209 1501 1617 1572 imperatoriam
1694 1501 1960 1570 palatium

2142 1507 2207 1559 'H
2239 1506 2296 1558 δὲ
2328 1505 2438 1558 τῶν
2473 1504 2892 1574 αὐτοκρατόρων
2941 1503 3196 1556 κατοικία
3229 1503 3492 1556 παλάτιον
3519 1503 3653 1554 (bvo-

370 1594 554 1647 vncari
600 1605 890 1663 propterea
919 1594 1067 1662 quod
1124 1593 1181 1648 in
1233 1603 1419 1648 monte
1476 1592 1744 1656 Palatino,
1799 1608 1962 1662 quem

2096 1599 2278 1670 ιάσθη,
2320 1600 2402 1652 ὅτι
2437 1600 2496 1650 ὲν
2536 1598 2654 1669 δρει
2709 1591 2786 1667 τῷ
2844 1595 3162 1666 καλουμένῳ
3202 1595 3476 1665 Παλατίῳ,
3523 1597 3581 1647 ὲν
3611 1587 3656 1662 ᾧ

369 1685 500 1737 olim
530 1683 1161 1738 inhabitavitFaustulus
1182 1685 1228 1738 is
1249 1685 1340 1752 qui
1371 1683 1662 1739 Romulum
1690 1685 1961 1750 educavit,

2096 1693 2408 1756 lauseoﬁlo;
2444 1693 2630 1760 διῆγεν
2673 1693 2702 1745 6
2751 1691 2841 1744 τὸν
2883 1689 3168 1760 Ῥωμύλον
3226 1688 3589 1758 θρεψάμενος,
3627 1691 3657 1741 6

371 1772 551 1827 Caesar
578 1773 800 1826 domum
830 1773 1102 1826 habuerit.
1137 1772 1251 1838 Qua
1279 1773 1347 1828 de
1377 1789 1543 1829 causa
1567 1774 1772 1829 factum
1809 1775 1878 1830 sit
1905 1783 1968 1829 ut

2096 1787 2289 1854 ἱαῖσαρ
2317 1783 2474 1855 ᾤκει,
2501 1783 2595 1837 καὶ
2627 1781 2716 1835 διὰ
2744 1781 2926 1846 τοῦτο,
2955 1781 3058 1833 κᾶν
3091 1778 3327 1849 ἀλλαχοῦ
3357 1795 3458 1831 που
3492 1795 3660 1830 κατα-

375 1862 588 1916 tametsi
611 1862 730 1918 aliis
758 1863 922 1916 etiam
957 1865 1012 1917 in
1057 1863 1189 1920 locis
1215 1866 1516 1934 imperator
1563 1865 1716 1936 141
1769 1866 1960 1920 diver-
1995 1923 2035 1980 Β

375 1961 447 1980 ιιι
515 1953 875 1980 -ιὲΙιζΙΛ--ιζκηη
919 1955 1208 1980 Ι..υ...ξιξ..-...
1263 1957 1377 1980 με..-
1411 1957 1668 1980 _-I_a:---_-
1725 1959 1938 1980 At--‘--_

372 1961 474 2018 tat,
515 1953 877 2008 nihilominus
919 1955 1210 2025 hospitium
1259 1957 1379 2026 ejus
1411 1957 1670 2026 palatium
1721 1959 1958 2012 dicatur.

2096 1985 2203 2037 χει.
2244 1986 2262 2018 ι
2301 1967 2456 2021 Μετὰ
2483 1967 2539 2020 δὲ
2569 1967 2743 2020 ταῦτα
2783 1962 2996 2034 Ῥῶμος
3034 1965 3061 2015 6
3089 1963 3279 2025 κτίσας
3308 1962 3407 2030 τὴν
3439 1959 3663 2029 Ῥώμην

375 2045 688 2105 Secundum
722 2047 837 2101 hzec
865 2050 1054 2103 vixere
1084 2048 1310 2112 Romus,
1371 2051 1464 2118 qui
1497 2049 1726 2102 Romam
1768 2050 1962 2103 condi-

2096 2063 2162 2114 ιαὶ
2201 2060 2411 2130 Ῥῆμος
2446 2061 2474 2112 6
2501 2059 2728 2128 ἀδελφὸς
2764 2057 2953 2114 αὐτοῦ.
2986 2042 3147 2111 Οὗτοι
3194 2055 3480 2117 κτίσαντες
3525 2052 3661 2104 ναὸν

372 2135 474 2200 dit,
511 2145 567 2190 et
597 2134 768 2190 frater
797 2136 916 2204 ejus
975 2138 1202 2193 Remus.
1264 2137 1327 2191 Hi
1357 2155 1481 2193 cum
1515 2137 1639 2193 Jovi
1698 2139 1962 2208 templum

2101 2154 2144 2223 ᾦ
2209 2155 2294 2206 Διὶ
2354 2152 2710 2207 Καπετώλιον
2765 2150 2987 2221 Ῥώμης
3037 2149 3350 2218 ὠνόμασαν,
3410 2147 3666 2199 τουτέστι

374 2227 796 2291 exstruxissent,
829 2230 880 2284 ei
911 2245 1112 2284 nomen
1140 2230 1392 2300 Capitolii
1421 2232 1609 2285 Romae
1665 2231 1963 2295 dederunt,

2096 2244 2316 2314 ιεφαλὴν
2355 2243 2456 2312 τῆς
2487 2243 2714 2303 πόλεως.
2758 2241 2819 2293 '0
2849 2242 3036 2310 μέντοι
3077 2237 3288 2305 Ῥῶμος
3311 2235 3403 2289 τὸν
3437 2235 3650 2304 Ῥἦμον

379 2320 481 2372 hoc
512 2327 598 2373 est
637 2320 806 2374 totius
847 2320 998 2373 urbis
1031 2322 1227 2390 capitis
1252 2322 1368 2376 sive
1414 2321 1660 2377 verticis.
1695 2321 1825 2376 Inae
1860 2322 1969 2376 Ro—

2096 2333 2360 2397 ›ονεύσα;,
2395 2333 2488 2385 καὶ
2517 2333 2606 2385 τὸν
2633 2332 2802 2402 δῆμον
2831 2330 2974 2401 ὁρῶν
3026 2330 3407 2394 στασιάζοντα,
3445 2325 3668 2396 πρῶτος

380 2423 501 2460 ¹¹¹¹¹³
569 2407 855 2463 Ῑ¹¹¹θτίθ⁰ι⁰
915 2409 1111 2473 ιῖθωοο
1164 2425 1290 2465 cum
1321 2412 1583 2481 Populum
1638 2411 1967 2466 εθάίιίοῖιθῐη
2074 2425 2300 2480 ἱππικὸν
2321 2423 2648 2478 ἀπετέλεσεν
2674 2425 2754 2486 είς
2779 2424 2948 2493 τιμὴν
2974 2423 3071 2476 τοῦ
3093 2422 3246 2492 ἡλίου
3276 2419 3502 2474 καὶτῶν
3537 2435 3667 2471 τεσ-

377 2498 658 2553 concitare
679 2510 951 2563 cerneret,
980 2503 1190 2571 primus
1207 2501 1364 2558 ludos
1389 2511 1682 2573 equestres
1712 2503 1765 2557 in
1796 2503 1970 2558 hono-

2096 2517 2258 2587 τάρων
2291 2515 2595 2584 στοιχείων.
2643 2512 2806 2566 Ἀλλά
2836 2513 2932 2565 καὶ
2963 2510 3136 2575 οὕτως
3169 2512 3202 2581 ή
3243 2510 3396 2572 πόλις
3429 2507 3668 2578 ἐταράσ-

384 2603 500 2642 rem
527 2586 674 2644 Solis
711 2599 764 2645 et
792 2600 1026 2660 quatuor
1072 2592 1469 2648 elementorum
1525 2594 1782 2650 instituit.
1832 2593 1970 2648 Cum

2096 2586 2217 2662 πετο.
2251 2606 2569 2677 Ἐρωτήσας
2598 2605 2693 2659 οὖν
2715 2605 2794 2668 είς
2825 2604 2886 2657 τὸ
2909 2599 3164 2673 μαντεῖον
3191 2600 3278 2655 διὰ
3309 2601 3362 2654 τί
3393 2602 3449 2662 ἐς
3467 2597 3667 2651 τοσού-

380 2694 450 2733 ne
473 2679 576 2734 hac
608 2680 829 2749 quidem
849 2682 1062 2737 ratione
1085 2691 1263 2738 motus
1294 2685 1483 2739 urbani
1511 2685 1689 2740 sedari
1724 2695 1968 2755 possent,

2096 2716 2167 2753 τον
2194 2700 2228 2768 ἡ
2266 2697 2418 2759 πόλις
2449 2695 2934 2768 σείεται,ῆκουσεν
2958 2709 2973 2726 ο
3009 2712 3029 2745 t
3069 2692 3132 2746 El
3166 2692 3241 2762 μὴ
3280 2691 3600 2759 συγκαθίσει
3641 2692 3671 2743 6

381 2779 771 2839 percunctatus
804 2783 888 2827 est
915 2775 1198 2828 oraculum
1235 2789 1485 2844 quaenam
1519 2776 1715 2830 horum
1759 2776 1973 2831 tumul-

2096 2791 2307 2858 ίδελφός
2365 2807 2460 2844 σου
2519 2789 2661 2856 μετά
2691 2787 2806 2848 σοῦ,
2839 2787 2939 2839 οὐκ
2969 2789 3035 2840 ἂν
3057 2788 3090 2852 ή
3117 2786 3271 2846 πόλις
3303 2784 3597 2853 ἡρεμήσει.
3623 2779 3670 2833 ἰ

2073 1877 2196 1948 λύῃ,
2229 1879 2328 1946 τὴν
2377 1876 2472 1930 τοῦ
2533 1875 2800 1930 παλατίου
2843 1873 3036 1941 κλῆσιν
3072 1874 3101 1942 ἡ
3144 1871 3442 1941 καταγωγὴ
3490 1869 3658 1922 αὑτοῦ

382 2869 538 2917 tuum
591 2877 755 2918 causa
791 2863 953 2919 foret.
1009 2866 1380 2936 Responsum.
1439 2867 1496 2920 ni
1529 2867 1751 2921 fratrem
1785 2883 1974 2922 secum

382 2953 576 3010 eodem
611 2955 755 3010 solio
792 2958 1018 3020 locaret,
1055 2959 1246 3012 urbem
1281 2957 1507 3013 minime
1533 2959 1975 3028 conquieturam,

383 3046 728 3117 Quapropter
764 3062 933 3104 aureo
957 3049 1147 3104 fratris
1181 3050 1480 3105 simulacro
1505 3049 1668 3114 facto,
1708 3051 1760 3105 id
1797 3051 1979 3121 ipsum

383 3137 524 3193 solio
553 3155 677 3205 suo,
713 3140 931 3209 quoties
962 3156 1062 3210 pro
1095 3141 1360 3196 tribunali
1396 3143 1635 3209 sederet,
1675 3143 1904 3214 recepit.

2090 2881 2426 2948 Ἐντύπωμα
2448 2880 2682 2952 ποιήσας
2709 2876 2802 2930 τοῦ
2817 2877 3046 2948 ἀδελφοῦ
3074 2875 3312 2948 χρυσοῦν
3345 2874 3677 2964 συνεκάθιςδ

2090 2975 2208 3046 μετ’
2241 2973 2410 3030 αὑτοῦ
2443 2973 2538 3026 καὶ
2571 2971 2912 3042 συνέκρινεν.

460 3229 582 3296 Quo
629 3240 874 3300 tempore
901 3232 1045 3288 filius
1095 3233 1416 3288 Artaxerxis
1444 3232 1630 3288 Ochus
1685 3233 1978 3306 Egyptum

2165 3233 2305 3286 Ὅτε
2346 3234 2373 3286 6
2401 3230 2496 3284 τοῦ
2533 3231 2589 3284 ’Δ
2602 3229 2897 3302 ρταξέρξου
2923 3231 3037 3293 υίὸς
3068 3226 3237 3301 Ὦχος
3267 3235 3376 3303 τὴν
3400 3231 3682 3300 Αἴγυπτον

385 3321 700 3390 occupavit,
737 3337 831 3376 rex
857 3321 1148 3393 [Egyptius
1170 3323 1488 3378 Nectenabo
1519 3334 1675 3380 veste
1725 3341 1983 3382 commu-
2010 3364 2019 3369 -

395 3421 536 3476 tata,
565 3412 621 3465 in
666 3411 1040 3469 Macedoniam
1063 3414 1290 3485 aufugit,
1312 3429 1436 3470 cum
1471 3424 1634 3471 antea
1668 3432 1764 3486 per
1795 3419 1988 3472 vatici-

392 3504 696 3569 nationem,
729 3510 851 3573 qu’te
875 3505 1017 3574 pelvl
1037 3504 1177 3560 solet
1201 3504 1340 3569 ﬁeri,
1365 3505 1609 3561 futurum
1641 3509 1990 3579 cognovisset

393 3603 454 3650 ut
479 3593 746 3666 Egyptus
774 3595 828 3650 in
855 3596 1092 3651 hostium
1123 3606 1444 3666 potestatem
1476 3598 1723 3665 veniret;
1755 3614 1990 3670 cumque

395 3703 493 3757 per
531 3688 794 3758 quasdam
829 3689 1139 3759 praestigias
1183 3687 1434 3760 Philippo
1460 3691 1572 3760 regi
1603 3699 1658 3746 et
1688 3689 1991 3762 Olympiadi

393 3780 608 3852 coniugi
627 3781 745 3850 ejus
761 3781 1350 3851 innotuisset,;occultis
1367 3782 1857 3840 machinationibus
1879 3784 1994 3837 fur-

396 3871 564 3926 tivam
593 3886 715 3927 cum
742 3886 805 3926 ea
837 3872 1292 3930 consuetudinem
1319 3873 1513 3930 habuit
1545 3886 1602 3930 et
1621 3875 1992 3931 Alexandrum

399 3967 732 4036 procreavit.
777 3965 1062 4038 Philippus
1117 3966 1477 4023 Macedonum
1535 3984 1705 4039 regno
1760 3970 1992 4038 potitus.

400 4055 680 4114 Thessalia
715 4058 945 4127 imperio
991 4058 1230 4129 adjecta,
1263 4059 1458 4114 urbem
1497 4060 1551 4114 in
1604 4076 1670 4116 ea
1725 4061 1992 4127 condidit,

403 4160 568 4216 quam
598 4148 1050 4204 Thessalonicam
1073 4150 1392 4219 appellavit.
1447 4150 1510 4206 Ei
1543 4153 1814 4209 successit
1852 4152 1998 4209 .Ale-

397 4237 636 4302 xander,
683 4237 778 4306 qui
833 4253 957 4293 cum
1015 4239 1278 4295 adversus
1337 4239 1534 4296 Persas
1590 4252 1755 4312 atque
1811 4245 1997 4300 Medos

404 4328 814 4398 expeditionem
861 4331 1218 4400 suscepisset,
1268 4347 1298 4386 a
1325 4332 1530 4389 Judaeis
1565 4335 1723 4404 petiit
1783 4346 1845 4391 ut
1887 4337 1994 4392 sibi

406 4418 591 4487 copias
643 4419 944 4476 auxiliares
1005 4421 1313 4478 mitterent.
1367 4423 1445 4479 Re
1494 4440 1606 4486 non
1679 4425 1992 4496 impetrata,

406 4509 552 4578 quod
584 4509 662 4564 illi
691 4510 940 4566 dicerent
970 4527 1028 4566 se
1054 4511 1216 4566 Dario
1252 4513 1458 4570 findere
1492 4515 1819 4586 coniunctos
1847 4533 1992 4586 esse,

2091 3328 2383 3397 κατέσχεν,
2420 3327 2448 3379 6
2473 3326 2726 3396 βασιλεὺς
2759 3326 2930 3394 αὐτῆς
2953 3318 3284 3378 Νεκτεναϐὼ
3319 3325 3552 3392 ἀλλάξας
3577 3327 3684 3398 τὴν

2091 3419 2296 3490 ἐσθῆτα
2320 3419 2525 3488 ἔφυγεν
2551 3419 2631 3480 είς
2671 3417 3036 3483 Μακεδονίαν,
3082 3417 3170 3472 διὰ
3218 3417 3688 3487 λεκανομαντείας

2092 3509 2367 3580 προγνοὺς
2411 3507 2512 3578 τὴν
2564 3506 2848 3576 Αἰγύπτου
2898 3508 3253 3578 κατάσχεσιν,
3310 3509 3402 3561 καὶ
3457 3507 3544 3561 διὰ
3582 3509 3684 3571 τὰς

2093 3599 2260 3654 αύτοῦ
2285 3598 2628 3670 μαγγανείας
2657 3597 2936 3668 γνώριμος
2966 3599 3178 3667 γίνεται
3205 3597 3461 3670 Φιλίππῳ
3490 3599 3582 3652 καὶ
3611 3602 3683 3670 τῇ

2094 3691 2316 3759 γυναικὶ
2354 3688 2520 3750 αὐτοῦ
2558 3687 2904 3759 Ὀλυμπιάδι,
3051 3690 3146 3743 zeal.
3207 3689 3537 3759 μιγνύμενος
3589 3690 3688 3744 διὰ

2099 3780 2358 3852 μηχανῶν
2391 3780 2548 3834 ἔτεκε
2570 3779 2664 3833 τὸν
2689 3778 3065 3848 Ἀλέξανδρον.
3106 3780 3168 3834 '0
3203 3781 3387 3850 μέντοι
3417 3781 3688 3846 Φίλιππος

2069 3871 2442 3934 ’Μακεδονίας
2500 3870 2836 3940 βασιλεύσας
2899 3873 3000 3925 καὶ
3051 3871 3356 3925 Θεσσαλίαν
3408 3872 3689 3938 ὑποτάξας

2097 3963 2254 4018 πόλιν
2289 3965 2350 4017 ὲν
2388 3963 2526 4030 αὐτῇ
2555 3961 2730 4026 κτίζει
2761 3963 2857 4018 καὶ
2890 3962 3296 4034 Θεσσαλονίκην
3328 3962 3500 4017 καλεῖ.
3527 3965 3690 4018 Μετὰ

2097 4054 2288 4109 τοῦτον
2325 4055 2697 4125 Ἀλέξανδρος.
2724 4053 2860 4107 Ὅτε
2893 4053 3078 4107 τοίνυν
3106 4047 3263 4117 οὗτος
3288 4055 3432 4108 κατά
3459 4056 3692 4126 Περσῶν

2096 4147 2192 4201 καὶ
2251 4147 2453 4216 Μήδων
2516 4145 2770 4216 ὥρμησε,
2829 4145 3155 4218 συμμαχίαν
3207 4145 3337 4208 τοὺς
3399 4147 3690 4211 Ἰουδαίους

2100 4237 2358 4309 ἐζήτησε.
2391 4237 2501 4296 Καὶ
2552 4236 2628 4307 μὴ
2659 4236 2841 4290 λαϐὼν
2877 4236 3177 4306 (συνθήκας
3221 4237 3330 4308 γὰρ
3377 4234 3522 4307 εἶχον
3548 4239 3693 4306 πρὸς

2097 4332 2322 4401 Δαρεῖον
2378 4328 2454 4398 μὴ
2511 4328 2769 4398 πολεμεῖν
2803 4329 2991 4397 αὐτὸν)
3025 4330 3184 4401 ἐπῄει
3223 4330 3347 4382 κατ’
3389 4329 3591 4385 αὐτῶν.
3627 4331 3694 4382 Ὀ

2097 4422 2229 4490 γοῦν
2256 4422 2551 4491 ἀρχιερεὺς
2581 4420 2720 4491 πρὸς
2751 4419 3016 4490 ἔκπληξιν
3051 4421 3149 4488 τὴν
3179 4421 3502 4491 θαυμαστὴν
3545 4420 3694 4474 ὲκεί-

2099 4529 2198 4580 νην
2243 4511 2436 4582 στολὴν
2480 4511 2847 4576 ἐνδυσάμενος
2890 4510 2968 4581 τῷ
3013 4509 3346 4582 ’Δλεξάνδρῳ
3382 4511 3692 4582 ὑπήντησε.

335 4622 339 4625 ·
408 4615 518 4670 quo
555 4601 930 4655 contineretur
952 4615 1022 4655 ne
1058 4601 1563 4659 bellumadversus
1600 4605 1781 4673 ipsum
1834 4622 1991 4676 gere-

2097 4605 2206 4658 Καὶ
2243 4604 2303 4667 ὃς
2333 4603 2659 4672 ἐκπλαγεὶς,
2709 4602 3016 4658 κάντεῦθεν.
3059 4603 3156 4656 τοῦ
3202 4604 3370 4656 ἵππου
3418 4603 3690 4667 καταϐὰς,

414 4701 557 4758 rent,
589 4702 739 4748 recta
767 4693 821 4748 in
850 4709 946 4748 eos
1006 4709 1131 4748 cum
1189 4696 1435 4750 exercitu
1493 4699 1800 4752 contendit.
1857 4698 1994 4754 Tum

414 4793 546 4837 vero
575 4781 820 4848 pontifex
853 4783 1125 4838 maximus
1151 4785 1377 4838 terroris
1405 4800 1570 4839 causa
1604 4795 1810 4840 vestem
1849 4787 1993 4842 illam

412 4873 792 4927 admirandam
825 4873 1050 4928 indutus
1079 4873 1323 4934 occurrit
1375 4877 1721 4944 Alexandro;
1765 4880 1856 4948 qui
1886 4879 1998 4935 for-

420 4967 628 5024 midine
659 4969 946 5037 perculsus
988 4976 1043 5023 et
1078 4983 1145 5023 ex
1199 4984 1342 5037 equo
1405 4971 1660 5039 delapsus
1720 4971 1786 5026 ad
1837 4974 2002 5040 pedes

420 5061 686 5132 pontificis
714 5061 933 5117 accidit.
975 5063 1054 5114 Ad
1075 5060 1216 5113 hanc
1243 5076 1355 5114 rem
1389 5077 1512 5116 cum
1551 5063 1801 5118 homines
1821 5075 2005 5117 extra-

2101 4695 2180 4766 τῷ
2228 4697 2480 4768 ἀρχιερεῖ
2511 4697 2847 4766 προσέπεσε.
2885 4695 3008 4748 Τῶν
3059 4693 3193 4761 γοῦν
3239 4695 3552 4762 ἀλλοφύλων
3597 4695 3684 4748 Ex»

2105 4789 2423 4856 πλαγέντων
2446 4787 2582 4856 ἔφη’
2624 4806 2643 4839 r
2677 4786 2754 4840 Ού
2786 4788 2878 4839 τὸν
2924 4787 3073 4857 ἱερέα
3094 4786 3406 4857 προσκυνῶ,
3439 4786 3578 4840 ἀλλά
3600 4785 3696 4840 τὸν

2107 4880 2202 4932 ὑπ’
2228 4879 2395 4932 αὑτοῦ
2440 4878 2756 4948 τιμώμενον
2805 4878 2977 4931 Θεόνο
3016 4877 3247 4948 τοιούτῳ
3286 4879 3398 4949 γὰρ
3448 4879 3696 4948 σχήματι

2110 4973 2206 5026 καὶ
2233 4973 2325 5025 τὸν
2355 4971 2490 5025 Θεθιν
2523 4967 2667 5024 εἶδον
2708 4971 2850 5024 κατὰ
2890 4971 3117 5041 Περσῶν
3153 4971 3500 5042 θαρρύναντά
3531 4985 3621 5038 με.
3669 4985 3691 5019 ι

2114 5064 2236 5134 Ἐφ’
2271 5057 2315 5130 ᾧ
2343 5066 2436 5116 καὶ
2465 5062 2661 5122 θυσίαν
2703 5064 2885 5114 ὲκεῖσε
2923 5061 3000 5130 τῷ
3037 5062 3156 5133 Θεῷ
3185 5063 3583 5133 προσήνεγκεν.

420 5153 509 5210 nei
585 5169 916 5224 magnopere
977 5155 1456 5223 obstupescerent,
1504 5155 1787 5226 respondit
1858 5157 2170 5211 Alexander
2243 5171 2352 5210 non
2421 5170 2481 5210 se
2541 5155 2962 5226 congenulaudo
3020 5155 3364 5211 sacerdotem
3416 5157 3696 5221 venerari,

496 5339 610 5426 @8)
643 5341 713 5426 lp‘
732 5339 802 5426 Ἑλ
830 5340 857 5393 6
887 5340 1078 5426 δηΛξαὶ
1140 5340 1389 5426 γέγονενε
1405 5412 1421 5426 ς
1441 5344 1582 5426 Καὶ.
1607 5343 1749 5396 οὓτω
1787 5343 1991 5426 Λθάρσρς

2114 5346 2238 5395 σίαν
2313 5342 2482 5396 Siculi
2546 5344 2742 5426 nostri,
2807 5344 2902 5412 qui
2942 5343 3082 5426 Cyro
3135 5340 3305 5396 filium
3359 5341 3580 5426 Darium
3629 5355 3702 5396 ac

421 5412 637 5482 ἐκεῖνος
658 5410 886 5482 ἐλαϐεν.
922 5411 1091 5465 Ὀθεν
1127 5413 1222 5465 καὶ
1246 5412 1533 5482 καμήλους
1561 5410 1889 5480 ἔμπροσθεν’
1907 5415 2006 5480 τῆς

422 5480 788 5550 παρατάξεως
846 5491 894 5536 el
963 5497 1084 5549 qua:
1124 5480 1453 5550 sequuntur,
1501 5485 1720 5537 omissis
1761 5483 1828 5537 iis
1881 5499 2003 5550 qua:

419 5568 489 5606 ex
534 5561 721 5623 nostro
776 5551 968 5623 codice
1022 5568 1050 5603 a
1105 5564 1365 5623 quopiam
1423 5569 1489 5606 ex
1541 5553 1769 5623 longiori
1819 5553 2004 5621 aliqua

425 5621 740 5690 narratione
776 5621 1035 5690 decerpta
1067 5620 1190 5675 cum
1219 5620 1374 5674 Valiis
1407 5620 1728 5676 excudenda
1777 5620 2001 5678 curavi-

425 5707 566 5745 tuus.
598 5689 798 5762 Yerum
831 5692 1009 5746 omnis
1038 5692 1153 5744 haec
1178 5761 1186 5762 ί
1208 5693 1275 5744 de
1309 5691 1450 5762 Cyro
1487 5702 1541 5747 et
1606 5693 1828 5748 Danielc
1879 5710 2002 5748 nar-

428 5765 564 5833 ratio
589 5759 835 5833 fabulam
869 5763 1146 5833 olet,rcum
1176 5759 1453 5833 Babylottc
1479 5772 1590 5816 llllll
1615 5765 1754 5833 apud
1779 5765 1996 5818 Uarium

425 5830 640 5883 Me..um
678 5832 730 5884 in
767 5832 941 5903 pretio
970 5832 1176 5886 viveret
1217 5832 1429 5896 Daniel,
1465 5849 1590 5886 cum
1617 5830 1822 5903 a—Cyro
1843 5834 1997 5888 devi-

427 5909 546 5954 ctus
606 5909 691 5954 est
763 5902 998 5956 Croesus.
1081 5903 1214 5968 Quis
1279 5917 1412 5958 vero
1489 5903 1625 5958 ferat
1704 5902 1995 5968 ἅνιστορο-

2113 5428 2510 5474 successorem,
2571 5413 2730 5467 Dario
2783 5411 2912 5466 vero
2971 5413 3327 5468 Artaxerxem
3384 5411 3698 5481 subjiciat:

2113 5499 2288 5551 eoque
2327 5491 2593 5553 regnante
2618 5483 2672 5537 in
2712 5483 2866 5537 Italia
2894 5483 3094 5537 vixisse
3140 5481 3449 5553 Palantetn.
3491 5498 3520 5535 a
3582 5497 3699 5549 quo

2111 5554 2318 5608 dictum
2347 5551 2420 5608 sit
2446 5553 2711 5606 Palatium
2751 5571 2764 5607 :
2817 5567 2941 5606 cum
2991 5551 3246 5606 ducentis
3298 5567 3362 5607 ac
3417 5554 3700 5618 quinqua-

2109 5626 2257 5695 ginta
2291 5633 2418 5677 ante
2451 5622 2761 5695 [)ar_ium__et
2808 5625 3167 5695 Artaxerxem
3204 5622 3372 5695 annis
3423 5621 3701 5676 Romulus

2109 5691 2330 5752 vixerit,
2371 5703 2429 5747 et
2458 5693 2634 5748 Pallas
2687 5693 2925 5747 Evandri
2980 5692 3126 5746 filius
3178 5691 3244 5745 ad
3307 5691 3496 5746 Enca:
3555 5702 3700 5745 tcm—

2107 5781 2238 5832 pora
2273 5762 2602 5820 referendus
2659 5764 2751 5830 sit,
2807 5764 3017 5834 aliquot
3060 5771 3188 5818 ante
3238 5763 3533 5817 Romulum
3587 5776 3696 5828 sae,-

2107 5835 2264 5890 culis.
