3936 6470
144 456 147 461 ’
168 459 258 527 277

1387 466 1795 532 ANNALIUM
1833 471 2030 534 PARS
2071 438 2164 537 1r;

3292 486 3406 549 2’38

168 586 249 641 Sed
294 576 510 639 cultum
574 579 643 637 ab
707 594 775 636 eo
825 579 1022 647 Deum,
1081 596 1244 651 quem
1309 582 1577 653 ejusmodi
1629 584 1817 640 habitu
1857 590 2206 658 conspexerit
2246 606 2304 646 se
2339 604 2530 650 eant-ra
2574 595 2772 654 Persas
2807 596 3159 672 instigantcm
3211 612 3268 656 et
3298 604 3431 657 ani-

170 689 411 735 mantem.
439 673 591 729 Hanc
621 673 691 729 ob
720 688 937 730 causam
963 674 1073 729 Deo
1103 690 1321 753 quoque
1348 691 1462 731 rem
1505 692 1720 732 sacram
1763 677 2152 753 Hierosolymis
2181 685 2330 755 fecit.

228 765 393 834 Οὗτος
425 769 528 841 μὲν
571 765 667 822 οῦν
705 769 800 823 καὶ
846 771 995 825 πάνυ
1041 768 1223 838 σοφῶς
1259 752 1356 825 καὶ
1407 770 1731 841 εὐμηχάνως

1906 778 2098 845 Itaque
2125 752 2385 867 de’inceps
2431 783 2731 849 prudenter
2756 784 3052 841 admodum
3096 752 3444 845 acsolerter

170 862 434 933 ἐχειροῦτο
462 863 531 917 τὰ
574 860 790 917 πάντα·
825 862 1247 933 μετενδυόμενος
1291 863 1401 934 γὰρ
1442 864 1731 935 εἰσήρχετο

173 954 455 1026 πανταχοῦ,
492 940 585 1007 καὶ
626 953 1057 1008 κατασκοπεύων
1105 953 1277 1017 οὕτως
1331 955 1505 1011 ἐνίκα.
1565 955 1736 1025 Τοῦτο

172 1049 303 1099 ποιεῖ
332 1046 429 1098 καὶ
461 1044 555 1097 ἐπὶ
576 1046 644 1116 τῇ
673 1045 818 1116 χήρᾳ
848 1044 1131 1114 Κανδάκη.
1168 1044 1310 1098 Ἀλλ’
1341 1045 1484 1099 ἑάλω
1502 1062 1518 1078 ·
1546 1028 1733 1115 ἐκείνη

172 1138 270 1207 γάρ
290 1136 357 1191 τά
402 1138 722 1206 συστήματα
754 1134 920 1189 αὐτοῦ
957 1136 1207 1207 μαθοῦσα
1250 1132 1339 1208 (ἦν
1379 1139 1488 1208 γὰρ
1517 1139 1608 1190 τὸν
1637 1137 1734 1206 μὲν

172 1230 270 1286 τῶν
298 1228 589 1300 ὀφθαλμῶν
621 1228 884 1298 γλαυκὸς,
904 1229 997 1282 τὸν
1026 1229 1082 1283 δὲ
1116 1228 1305 1300 μέλας)
1340 1230 1457 1301 ἅμα
1486 1230 1565 1296 τῷ
1608 1231 1737 1284 ἰδεῖν

173 1323 323 1377 αὐτὸν
353 1316 504 1380 εἴπεο
533 1340 552 1373 ι
584 1319 812 1373 Βασιλεῦ
829 1319 1169 1390 Ἀλέξανδρε,
1191 1318 1283 1371 τὸν
1304 1318 1508 1386 κόσμον
1524 1319 1733 1385 ἕλαόες,

175 1418 260 1471 καὶ
303 1414 438 1485 γυνή
479 1431 540 1467 σε
579 1412 913 1484 παρέλαϐεν.
947 1431 966 1464 ι
1002 1413 1107 1466 Ἤν
1140 1412 1235 1467 καὶ
1281 1411 1466 1466 λαϐὼν
1510 1415 1590 1477 εἰς
1633 1429 1735 1475 γυ-

175 1511 344 1572 ναῖκα,
373 1509 468 1562 καὶ
501 1509 581 1571 είς
604 1504 881 1575 Αἴγυπτον
909 1504 1187 1571 ἀπελθὼν,
1224 1506 1322 1560 xui.
1360 1506 1458 1576 τὴν
1489 1505 1737 1575 μεγάλην

186 1599 583 1672 Ἀλεξάνδρειαν
610 1599 825 1662 κτίσας,
884 1600 980 1654 καὶ
1032 1600 1381 1670 ὑποστρέψας
1427 1601 1509 1663 εἰς
1559 1600 1737 1653 Βχόυο

176 1693 332 1759 λῶνα,
360 1691 586 1761 τελευτᾷ
616 1691 755 1751 ὲτῶν
779 1690 882 1761 λβ’,
917 1692 1128 1746 δώδεκα
1156 1691 1247 1746 καί
1286 1692 1423 1760 μόνα
1451 1693 1739 1762 κρατήσας

176 1785 288 1854 ἔτη,
315 1781 730 1854 φρονιμώτατος
778 1784 999 1838 πάντων
1051 1783 1150 1838 καὶ
1211 1784 1610 1854 ἀνδρειότατος.
1641 1784 1743 1837 Διὰ

102 1856 128 1870 “
177 1875 276 1944 γὰρ
312 1873 469 1928 τοῦτο
519 1874 613 1926 καί
646 1873 857 1943 πτηνήν
888 1874 1054 1927 αὐτὸν
1102 1873 1370 1943 πάρδαλιν
1397 1875 1424 1927 ὁ
1454 1874 1740 1943 προφήτης

177 1964 408 2034 προεῖδε,
445 1964 507 2018 τὸ
540 1964 794 2034 ῥαγδαῖον
822 1962 985 2037 αὐτοῦ
1014 1966 1108 2018 καὶ
1144 1965 1237 2037 όξὺ
1275 1964 1601 2034 παριστῶσα
1645 1964 1741 2017 καί

175 2059 232 2113 τὸ
255 2057 410 2127 ἄφνω
454 2058 744 2129 διαπτῆναι
798 2058 934 2127 μετά
957 2058 1235 2128 τροπαίων
1260 2057 1358 2128 τήν
1385 2058 1737 2127 οἰκουμένην.

176 2154 402 2219 Λέγεται
431 2151 488 2204 δὲ
522 2151 605 2204 ὅτι
643 2153 738 2203 καὶ
768 2149 1061 2218 φιλοσόφου
1102 2147 1250 2211 τινος
1298 2148 1532 2218 ἤκουσεν
1561 2143 1759 2200 εἰπόν-’

173 2260 263 2306 τος
310 2241 574 2312 ἀπείρους
629 2235 769 2293 εἶναι
829 2242 1107 2308 κόσμουςμ
1137 2239 1231 2294 καὶ
1292 2238 1435 2306 μέγα
1486 2236 1749 2300 στενάξας

182 2336 285 2404 ἔφη
307 2349 323 2365 ο
353 2352 372 2385 ι
393 2332 665 2401 ’Δπείρων
705 2330 877 2384 ὄντων
926 2328 1151 2401 μηδενὸς
1175 2325 1286 2397 ἐγὼ
1334 2327 1674 2397 κεκράτηκα.
1723 2345 1742 2378 ι

191 2426 347 2480 Ἀλλὰ
397 2425 490 2479 καί
545 2425 636 2482 ἐπὶ
674 2423 997 2494 σωφροσύνῃ
1056 2421 1435 2490 ἐθαυμάζετοο
1492 2420 1589 2482 τὰς
1640 2421 1751 2487 γὰρ

177 2518 399 2590 Δαρείου
465 2515 776 2586 Θυγατέρας
833 2511 1221 2584 αἰχμαλώτους
1283 2511 1570 2582 κρατήσας
1627 2510 1749 2563 οὐδὲ

180 2611 304 2665 ἰδεῖν
361 2608 645 2679 ἠνέσχετο,
704 2607 950 2676 ἀπρεπὲς
1009 2604 1148 2659 εἶναι
1199 2604 1372 2657 εἰπὼν
1419 2605 1510 2656 τὸν
1547 2603 1747 2672 ἄνδρας

178 2702 528 2773 κρατήσαντα
571 2698 705 2753 ὑπὸ⁹
733 2698 1015 2768 γυναικῶν
1058 2696 1422 2768 κρατηθῆναι.
1471 2696 1747 2759 Ὡσαύτως

177 2796 231 2855 δὲ
261 2795 357 2849 καὶ
392 2794 490 2847 ἐπὶ
526 2792 820 2863 φιλοσοφία
857 2791 953 2846 καὶ
997 2790 1287 2861 ἀγχινοίᾳο
1331 2789 1410 2860 τῷ
1445 2789 1554 2859 γὰρ
1598 2788 1749 2857 Ἀρι-

180 2887 420 2940 στοτὲλει
474 2882 954 2955 παρηκολούθησε.
1017 2879 1479 2946 Πολεμικῶτατος
1537 2878 1594 2935 δὲ
1660 2875 1755 2930 καὶ

175 2979 574 3049 τολμηρότατος
601 2975 700 3051 ὣν,
729 2980 825 3030 καὶ
863 2973 988 3034 ἰδὼν
1030 2975 1323 3044 ὁμώνυμον
1365 2969 1516 3041 αὐτῷ
1576 2969 1754 3024 νεανία

179 3089 307 3131 σκον
332 3070 455 3126 τινὰ
493 3068 682 3145 δειλῶς
707 3070 1036 3145 μαχόμενον,
1062 3062 1254 3125 εἰπενὲ
1284 3083 1305 3121 ι
1337 3062 1408 3119 Ἦ
1430 3061 1521 3119 τὸν
1553 3062 1755 3134 τρόπον

179 3162 403 3233 ᾇλλαξον
432 3162 467 3234 ἦ
492 3163 589 3232 τὴν
614 3140 838 3232 κλῆσιν.
876 3178 895 3214 ι

1837 869 2123 935 occupavit
2149 868 2370 936 omnia;
2399 886 2529 926 nam
2564 883 2715 929 veste
2758 883 2974 931 mutata
3026 891 3086 932 se
3115 879 3326 947 quaevis
3354 878 3427 933 ad

1836 956 1954 1013 loca
1982 959 2326 1026 conferebat,
2356 974 2410 1025 ,οι
2433 964 2650 1019 cunctis
2671 965 2974 1037 exploratis
3009 968 3242 1023 victoria
3275 970 3428 1024 facili

1838 1049 2167 1118 potiebatur.
2195 1051 2398 1107 Eadem
2423 1062 2543 1109 arte
2578 1056 2872 1113 Candacen
2907 1058 3131 1131 viduam
3165 1076 3431 1132 agressu-

1838 1156 1932 1194 rus
1956 1140 2293 1212 interceptus
2316 1152 2436 1209 est;
2466 1146 2742 1201 nam‘cum
2780 1159 2844 1203 ea
2881 1157 3040 1204 notas
3070 1149 3242 1219 ipsius
3279 1151 3429 1205 ἱηιΙί-

1839 1230 2032 1302 ciaque
2096 1235 2367 1290 naturalia
2417 1236 2781 1307 percepisset,
2818 1240 2967 1308 quod
3021 1240 3162 1296 alter
3217 1242 3439 1297 scilicet

1839 1323 2034 1375 oculus
2055 1323 2111 1377 ei
2142 1323 2407 1383 caeruleus
2430 1324 2567 1379 alter
2596 1325 2750 1395 niger
2795 1337 2964 1390 esset,
3013 1328 3179 1384 simul
3204 1345 3269 1384 ac
3300 1344 3426 1383 eum

1842 1412 2035 1467 intuita
2075 1422 2181 1476 est,
2219 1414 2392 1481 dixit:
2438 1433 2458 1466 ι
2485 1414 2743 1473 Mundum
2782 1426 2838 1472 tu
2865 1418 3126 1488 quidem,
3152 1435 3247 1474 rex
3297 1420 3432 1476 Ale-

1842 1504 2069 1569 xander,
2098 1506 2398 1576 occupasti,
2440 1517 2495 1562 at
2528 1517 2579 1565 te
2632 1509 2826 1565 mulier
2847 1512 3011 1579 cepit.
3053 1529 3075 1564 t
3128 1511 3298 1581 igitur
3327 1512 3437 1568 hac

1840 1611 2010 1651 uxore
2037 1597 2222 1663 ducta,
2258 1600 2313 1653 in
2340 1600 2632 1671 {Egyptum
2669 1602 2952 1670 proiectus
2998 1619 3251 1674 magnam
3283 1605 3429 1659 illam

1839 1688 2219 1744 Alexandriam
2241 1691 2510 1746 condidit.
2571 1692 2700 1747 Inde
2762 1693 3090 1765 Babylonem
3151 1708 3434 1756 reversus,

1840 1794 2012 1835 annos
2040 1782 2152 1850 jam
2181 1782 2253 1836 32
2295 1791 2479 1846 natus,
2511 1784 2676 1838 rebus
2710 1785 2968 1840 humanis
3000 1786 3245 1848 excedit.
3300 1801 3436 1842 cum

1839 1870 2125 1925 duodecim
2159 1881 2369 1927 tantum
2410 1873 2569 1945 142
2596 1876 2779 1930 annos
2796 1876 3141 1946 imperasset,
3169 1878 3254 1931 vir
3285 1877 3435 1931 haud

1840 1962 2005 2018 dubie
2038 1963 2479 2034 sapientissimus
2524 1982 2596 2037 ac
2644 1967 2976 2023 fortissimus
3019 1970 3286 2025 omnium.
3345 1967 3437 2022 ld-

1844 2053 1994 2107 circo
2022 2067 2173 2109 vates
2194 2071 2319 2111 eum
2349 2072 2409 2112 se
2464 2060 2821 2127 Conspexisse
2864 2060 3032 2114 tradit
3091 2061 3143 2114 in
3192 2061 3455 2114 volucris
3563 2095 3574 2108 .

1849 2145 2147 2215 pardalidis
2176 2148 2381 2216 specie,
2406 2149 2597 2204 volens
2615 2150 2721 2205 hoc
2747 2158 2909 2220 pacto
2942 2151 3205 2220 impetum
3257 2159 3314 2205 et
3340 2165 3437 2205 ce—

1849 2237 2119 2292 leritatem
2152 2237 2324 2309 ipsius
2343 2239 2655 2306 ostendere,
2687 2242 2943 2312 quodque
2973 2244 3160 2297 subito
3186 2243 3439 2298 victoriis

1850 2327 1965 2382 suis
1989 2327 2176 2382 orbem
2221 2338 2490 2385 terrarum
2541 2334 2943 2401 pervolaverit.‘
2990 2335 3288 2390 Perhibent
3333 2337 3437 2391 ali-

1852 2420 2076 2488 quando
2132 2436 2258 2476 eum
2310 2424 2648 2479 inaudivisse
2680 2425 2748 2480 de
2793 2425 3121 2497 philosopho
3174 2428 3437 2498 quodam,
3508 2441 3517 2453 ’

1852 2513 1942 2580 qui
1978 2514 2212 2568 mundos
2239 2515 2483 2570 inﬁnitos
2502 2531 2627 2572 esse
2653 2516 2881 2572 diceret.
2902 2517 3041 2573 Tum
3065 2535 3195 2574 vero
3226 2520 3437 2590 gemitu

1853 2604 2057 2674 ingenti
2094 2606 2254 2660 edito
2289 2624 2304 2661 :
2348 2624 2366 2657 ι
2396 2607 2570 2671 itane,
2607 2608 2704 2670 ait,
2739 2608 2937 2664 inﬁniti
2988 2619 3138 2671 sunt.
3191 2626 3317 2665 cum
3338 2627 3441 2680 ego

1855 2709 1924 2748 ne
1958 2711 2122 2748 unum
2149 2695 2370 2763 quidem
2401 2696 2579 2751 adhuc
2608 2697 2937 2754 devicerim?
2972 2718 2990 2752 ι
3026 2700 3202 2755 Etiam
3223 2702 3441 2771 pudicis-

1854 2785 1940 2839 tize
1976 2786 2352 2857 castitatisque
2390 2788 2615 2841 nomine
2643 2796 2913 2859 magnam
2956 2791 3176 2847 laudem
3213 2792 3437 2851 meruit.

1851 2874 1989 2930 Cum
2017 2876 2164 2930 enim
2189 2878 2437 2947 captivas
2489 2876 2636 2933 Darii
2702 2877 2841 2934 ﬁlias
2894 2896 2993 2935 sua
3044 2881 3102 2936 in
3168 2891 3442 2951 potestate

1853 2969 2101 3034 haberet,
2128 2985 2195 3025 ne
2231 2970 2431 3025 intueri
2469 2969 2689 3041 quidem
2718 2986 2812 3027 eas
2834 2973 3029 3037 voluit,
3059 2973 3204 3043 quod
3234 2989 3436 3043 nequa-

1852 3078 2017 3134 quam
2068 3063 2266 3118 decere
2313 3062 2521 3117 diceret
2554 3077 2679 3117 eum
2731 3062 2823 3131 qui
2874 3063 3024 3118 viros
3069 3063 3377 3128 devicisset,
3410 3079 3443 3119 a

1855 3153 2180 3213 mulieribus
2206 3154 2372 3210 vinci.
2410 3151 2530 3208 Non
2562 3152 2743 3208 minus
2771 3168 2837 3208 ex
2865 3155 3212 3224 philosovbia
3236 3162 3293 3210 et
3311 3170 3445 3212 acu-

178 3258 322 3312 mine
344 3254 543 3325 ingenii
572 3253 758 3309 laudes
779 3251 1009 3323 adeptus
1070 3259 1174 3315 est,
1210 3259 1270 3306 ut
1325 3248 1421 3328 qui
1474 3245 1824 3303 Aristotelem
1859 3245 2198 3311 audivisset;
2246 3259 2485 3314 cumque
2536 3244 2592 3299 in
2625 3243 2825 3315 proeliis
2873 3245 3336 3301 concitatissimos
3387 3254 3445 3303 et

177 3347 570 3403 audacissimus
609 3352 776 3410 esset,
835 3343 976 3401 forte
1027 3342 1382 3412 conSpicatus
1443 3336 1744 3409 aliquando
1783 3336 2075 3408 quemdam
2145 3335 2548 3393 adolescentem
2613 3334 2719 3390 sibi
2755 3336 3163 3406 cognominem,
3206 3335 3299 3408 qui
3334 3343 3448 3392 tre-

176 3445 301 3517 pide
333 3450 594 3515 pugnaret
623 3456 638 3494 :
671 3459 688 3493 ι
718 3438 818 3497 Vel
851 3439 1108 3515 indolem,
1132 3457 1149 3491 ι
1180 3437 1379 3508 inquit,
1417 3454 1437 3489 ι
1461 3448 1513 3491 et
1529 3435 1773 3490 animum
1814 3433 1960 3489 bunc
1985 3442 2212 3500 mutato,
2252 3433 2336 3488 vel
2357 3447 2580 3489 nomen.
2629 3452 2650 3486 ι

247 3533 417 3601 Οὗτος
451 3539 548 3608 μὲν
580 3535 676 3592 οῦν
716 3535 1072 3607 Ἀλέξανδρος
1100 3534 1200 3588 καὶ
1238 3534 1405 3605 μέχρι
1460 3532 1570 3586 τῶν
1613 3532 1754 3601 ἐνιδο-

1858 3596 1869 3599 _
1931 3529 2066 3588 Cum
2091 3533 2158 3585 ad
2202 3529 2364 3586 Indos
2415 3540 2693 3586 extremos
2748 3531 3043 3601 ipsumque
3080 3530 3359 3587 Oceanum
3391 3539 3451 3587 et

176 3631 356 3687 τάτων
395 3628 573 3685 Ἰνδῶν
604 3628 696 3686 καὶ
725 3625 893 3682 αὑτοῦ
928 3625 1022 3680 τοῦ
1052 3625 1304 3680 ὠκεανοῦ
1334 3624 1431 3678 καί
1460 3624 1563 3694 τῆς
1597 3621 1757 3693 μεγί-

180 3738 318 3795 στης
347 3723 512 3791 νήσου
551 3718 662 3775 τῶν
716 3717 1065 3790 Βραχμάνων
1127 3717 1366 3786 φθάσας,
1407 3709 1485 3769 ὧν
1521 3714 1617 3769 καὶ
1666 3713 1759 3767 τὸν

180 3812 489 3885 θαυμάσιον
543 3812 660 3883 βίον
704 3809 992 3880 θαυμάσας
1034 3808 1130 3863 καὶ
1161 3808 1262 3880 τήν
1310 3807 1392 3869 εἰς
1435 3805 1570 3860 Θεὸν
1600 3804 1758 3861 εὐσέ-

180 3906 338 3962 ϐειάν
367 3921 432 3958 τε
485 3902 582 3957 καὶ
613 3901 872 3974 λατρείαν
905 3899 1207 3967 ἐξεπλάγη,
1244 3898 1304 3950 ὲν
1355 3888 1400 3964 ᾧ
1456 3895 1608 3965 τόπῳ
1667 3892 1761 3947 καὶ

182 3995 390 4066 στήλην
428 3993 634 4064 στήσας
666 3990 1020 4062 ὑπέγραψεν⁸
1061 4007 1080 4041 ι
1131 3988 1275 4057 Ἐγὼ
1306 3991 1478 4058 μέγας
1502 3986 1759 4052 Ἀλέξαν-

183 4087 313 4158 δρος
351 4085 605 4156 βασιλεὺς
644 4083 856 4153 ἔφθασα
907 4083 1071 4154 μέχρι
1112 4082 1328 4137 τούτου.
1368 4099 1388 4134 ι
1436 4080 1523 4135 Ἐν
1578 4077 1763 4147 ἐκείνῃ

176 4185 244 4252 τῇ
273 4183 428 4250 νήσῳ
462 4177 815 4234 κατοικοῦσιν
835 4179 886 4230 οἰ
922 4177 1209 4245 λεγόμενοι
1242 4172 1551 4243 Μακρόὸιοι
1575 4190 1588 4204 ο
1625 4170 1762 4236 ζῶσι

180 4270 290 4339 γὰρ
324 4265 507 4329 αὐτῶν
536 4266 589 4320 οἰ
614 4264 842 4330 πλείους
863 4265 994 4335 περί
1041 4262 1112 4321 τὰ
1166 4261 1364 4315 ἑκατὸν
1416 4259 1762 4330 πεντήκοντα

179 4357 275 4428 ᾇτη
309 4354 402 4410 διά
435 4353 534 4424 τὴν
582 4350 677 4409 τοῦ
713 4353 876 4420 ἀέρος
908 4348 1211 4420 εὐκρασίαν
1252 4347 1438 4411 καὶτὰ
1473 4345 1762 4425 ἀνεξερεύο

179 4466 322 4519 νητα
340 4446 441 4501 τοῦ
473 4444 610 4499 Θεοῦ
641 4443 930 4515 κρίματα.,
958 4437 1173 4499 Ἐκέῖσε
1203 4439 1395 4510 ὀπώρα
1427 4440 1517 4492 τὸν
1545 4438 1763 4499 ἅπαντα

178 4540 379 4611 χρόνον
422 4536 485 4590 οὐ
522 4535 726 4590 λείπει.
764 4535 915 4589 Ἐκεῖ
965 4533 1034 4588 τὰ
1070 4535 1303 4602 μέγιστα
1332 4529 1512 4602 κάρυα
1549 4531 1644 4584 καὶ
1696 4530 1765 4584 τά

177 4629 523 4700 δυσπόριστα
576 4624 852 4707 ἀρώματα
897 4627 995 4687 καὶ
1033 4627 1067 4697 ή
1103 4626 1391 4697 Μαγνῆτις
1417 4622 1566 4689 λίθος
1588 4639 1602 4653 ·
1632 4621 1765 4692 παρ’

177 4718 261 4789 οἷς
283 4723 387 4777 οὐκ
414 4721 531 4774 ἐστι
558 4719 910 4791 τετράποδον,
947 4719 1050 4773 οὐκ
1088 4712 1261 4782 οἰνος,
1302 4716 1404 4771 οὐκ
1449 4715 1638 4787 ἄρτος,
1666 4714 1766 4784 οὑχ

182 4817 423 4885 ἱμάτιον.
466 4813 685 4883 Μικρᾶς
723 4811 781 4875 δὲ
822 4810 1044 4881 όπώρας
1075 4812 1171 4865 καὶ
1202 4809 1395 4877 ὓδατος
1429 4806 1766 4863 ἀπολαύουσι

179 4909 275 4961 τὸν
307 4905 555 4976 ποταμὸν
598 4903 992 4973 παροικοῦντες
1027 4904 1122 4957 καὶ
1150 4905 1227 4973 τῷ
1255 4901 1375 4973 Θεῷ
1401 4899 1644 4970 γνησίως
1675 4898 1769 4953 λατ-
1800 4888 1843 4943 Ι)

180 4997 500 5068 τρεύοντες.
553 4995 666 5063 Καὶ
709 4996 763 5049 οἰ
796 4995 896 5066 μὲν
944 4995 1138 5065 ἄνδρες
1186 4995 1269 5057 εἰς
1300 4993 1547 5064 ποταμὸν
1573 5009 1768 5064 παροι-

183 5087 398 5150 κοῦσιν,
439 5087 498 5139 αἰ
524 5086 582 5141 δὲ
610 5088 865 5155 γυναῖκες
893 5085 1076 5143 αὐτῶν
1100 5084 1351 5142 ἐντεῦθέν
1397 5087 1505 5150 εἰσι.
1541 5068 1767 5138 τοῦπο-

185 5179 370 5250 ταμοῦ
393 5179 607 5246 Γάγγου
625 5177 718 5231 τοῦ
737 5176 1143 5257 παραρρέοντος
1165 5179 1245 5242 εἰς
1273 5176 1632 5254 τδνεώκεανον
1669 5177 1766 5229 ἐπὶ

182 5273 251 5333 τὸ
275 5272 445 5342 μέρος
470 5274 566 5342 τῆς
582 5271 793 5335 Ἰνδίας.
825 5271 938 5325 Καὶ
962 5270 1016 5324 οἰ
1044 5271 1143 5341 μὲν
1169 5269 1363 5342 ἄνδρες
1396 5268 1606 5339 περῶσι
1626 5267 1766 5337 πρὸς

184 5364 291 5426 τὰς
319 5365 588 5431 γυναῖκας
620 5362 842 5426 Ἰούλιον
874 5363 971 5414 καὶ
1014 5359 1351 5432 Αὔγουστον,
1396 5361 1529 5432 παρ’
1578 5355 1663 5423 οἷς
1712 5359 1771 5412 ὑ-

185 5457 462 5527 πάρχουσι
493 5455 837 5526 ψυχρότεροι,
867 5455 964 5508 τοῦ
982 5454 1135 5526 ήλίου
1166 5456 1305 5526 πρὸς
1340 5455 1487 5528 ἡμᾶς
1520 5453 1774 5523 comesu-

184 5566 305 5612 τος.
335 5546 648 5618 Τηνικαῦτα
692 5548 803 5618 γὰρ
849 5546 1107 5618 εῦκρατοι
1167 5547 1449 5616 γενόμενοι
1522 5546 1660 5617 προς
1697 5539 1777 5598 οἷ-

190 5656 362 5709 στρον
395 5638 665 5692 κινεῖσθαι
690 5637 961 5707 λέγονται.
991 5639 1102 5693 Καὶ
1130 5640 1454 5709 ποιήσαντες
1489 5638 1627 5707 μετὰ
1655 5637 1765 5692 τῶν

185 5730 471 5797 γυναικῶν
493 5728 675 5801 αὐτῶν
696 5731 908 5801 ἡμέρας
929 5731 1340 5801 τεσσαράκοντα
1364 5729 1526 5797 πάλιν
1545 5732 1768 5784 ἀντιπε-

192 5817 353 5889 ptinet.
388 5817 524 5872 Μεθ’
567 5819 595 5871 ὂ
644 5818 701 5872 δὲ
747 5818 948 5890 τέκῃή
998 5820 1139 5889 γυνὴ
1167 5819 1262 5873 δύο
1304 5821 1527 5884 παῖδας,
1579 5819 1768 5874 οὐκέτι

188 5908 504 5984 μίγνυνται.
523 5909 649 5974 Ἐάν
681 5909 740 5967 δέ
767 5928 849 5974 τις
879 5911 1074 5984 εὑρεοῆ
1108 5909 1323 5973 ⁵στείρα
1360 5892 1520 5986 μέχρι
1546 5929 1772 5977 πενταε-

1862 3623 2155 3693 maximam
2185 3622 2590 3677 Brachmanum
2612 3621 2845 3676 insulam
2870 3623 3230 3692 pervenisset,
3253 3638 3446 3678 eorum

1865 3730 1996 3787 erga
2021 3716 2191 3771 Deum
2229 3715 2492 3784 pietatem
2532 3715 2853 3784 cultumque
2878 3715 3110 3771 miratus
3136 3716 3447 3771 columnam

1865 3808 2059 3863 statuit
2109 3822 2234 3863 cum
2258 3806 2627 3874 inscriptione
2652 3806 2972 3874 huiusmodi
3010 3823 3024 3861 :
3069 3826 3089 3858 ι
3124 3807 3442 3862 Alexander

1867 3916 1959 3954 rex
2007 3901 2293 3968 hucusque
2316 3899 2619 3968 penetravi.
2655 3918 2673 3950 ι
2707 3897 2782 3952 Ea
2808 3899 2862 3953 in
2895 3898 3073 3953 insula
3110 3898 3202 3967 qui
3240 3898 3451 3953 Macro-

1866 3993 1943 4049 bii
1974 4001 2238 4048 vocantur
2265 4007 2297 4047 a
2327 3991 2588 4047 diuturna
2635 3992 2770 4057 vita,
2810 3991 3039 4063 degunt.
3091 3988 3224 4045 Nam
3256 3991 3449 4061 majori

1868 4099 1931 4140 ex
1967 4092 2119 4154 parte
2148 4085 2341 4139 vivunt
2396 4083 2519 4139 istic
2573 4083 2827 4138 homines
2871 4083 2938 4138 ad
2985 4096 3160 4138 annos
3190 4082 3298 4160 15θῆ
3322 4096 3454 4153 pro-

1868 4183 1991 4243 pter
2017 4172 2163 4231 aeris
2220 4173 2478 4229 idoneum
2559 4177 2792 4230 maxime
2840 4182 3332 4243 temperamentum
3394 4182 3454 4228 et
3532 4210 3541 4215 -

1869 4264 2363 4335 imperscrutabilia
2391 4264 2486 4320 Dei
2530 4264 2764 4334 judicia.
2826 4265 2989 4320 Nullo
3022 4264 3151 4320 anni
3207 4274 3453 4334 tempore

1871 4354 2083 4410 fructus
2114 4355 2314 4410 maturi
2354 4355 2578 4410 desunt.
2603 4355 2901 4411 Abundant
2929 4365 2985 4410 et
3014 4355 3268 4412 maximis
3295 4355 3455 4410 nuci-

1870 4447 1976 4504 bus
2015 4456 2070 4502 et
2122 4447 2402 4513 aromatis,
2437 4462 2558 4514 quae
2586 4447 2721 4502 tanti
2752 4461 2854 4501 nos
2894 4447 3236 4513 redimimus,
3290 4457 3345 4502 et
3373 4446 3453 4501 la-

1871 4540 2003 4610 pide.
2029 4551 2306 4613 ntaguete.
2332 4538 2728 4610 Quadrupedes
2782 4538 2987 4594 bestias
3016 4539 3191 4593 nullas
3224 4539 3448 4604 habent,

1874 4646 1974 4687 nec
1995 4630 2182 4687 vinum
2207 4647 2310 4687 nec
2342 4646 2539 4700 panem
2566 4646 2665 4686 nec
2694 4639 2895 4686 vestes.
2955 4629 3038 4685 Ad
3069 4628 3270 4684 ﬁumen
3301 4629 3454 4684 habi-

1873 4732 2051 4778 tantes
2074 4724 2286 4794 exiguis
2308 4722 2585 4778 fructibus
2602 4731 2659 4778 et
2691 4738 2831 4792 aqua
2854 4720 3101 4777 contenti
3127 4729 3277 4785 sunt,
3316 4721 3454 4775 Deo-

1873 4832 1979 4887 quc
2003 4832 2139 4886 pura
2162 4825 2216 4871 et
2246 4815 2455 4886 integra
2483 4815 2744 4885 religione
2770 4814 3050 4869 serviunt.
3096 4810 3211 4866 Viri
3236 4811 3305 4867 ad
3352 4810 3454 4867 llu-

1871 4908 2039 4965 minis
2071 4907 2219 4979 ripas
2247 4911 2522 4969 accolunt,
2555 4906 2774 4962 femina!
2801 4921 2867 4960 ex
2891 4906 3064 4960 altera
3098 4892 3321 4975 ‘Gangis
3350 4903 3455 4957 llu-

1872 5000 1943 5054 vii
1971 5008 2129 5069 parte
2157 4999 2364 5069 degunt
2400 4996 2606 5052 Indiam
2631 5012 2845 5062 versus,
2879 4998 2969 5065 qui
3006 4996 3228 5064 quidem
3257 4997 3455 5052 ﬂuvius

1869 5087 1926 5145 in
1979 5086 2260 5142 Oceanum
2327 5095 2504 5143 semet
2552 5094 2842 5144 exonerat.
2896 5086 3043 5142 Julia
3102 5097 3161 5142 et
3207 5087 3456 5156 Augusto

1869 5177 2149 5237 mensibus
2181 5176 2248 5233 ad
2270 5190 2465 5231 uxores
2486 5174 2586 5230 viri
2622 5173 2988 5242 transiiciunt,
3025 5174 3175 5245 quod
3199 5173 3267 5228 iis
3301 5173 3456 5245 frigi-

1868 5267 2049 5325 diores
2078 5268 2208 5334 sint,
2245 5267 2362 5323 sole
2418 5274 2672 5321 nostrum
2717 5265 2783 5319 ad
2844 5266 3115 5320 ﬁnitorem
3163 5267 3458 5322 sublimius

1872 5370 2220 5430 assurgente.
2262 5358 2418 5420 Tunc
2442 5359 2705 5415 nimirum
2734 5359 3017 5414 consecuti
3056 5369 3458 5429 temperamen-

1874 5463 1988 5508 tum
2019 5452 2265 5523 corporis
2298 5451 2563 5523 optimum
2596 5460 2765 5508 (nstro
2785 5451 3021 5522 quodam
3063 5451 3327 5508 concitari
3378 5449 3457 5504 l‘e-

1874 5554 2096 5609 runtur.
2128 5543 2349 5600 Exactis
2373 5553 2558 5599 autem
2602 5543 2749 5615 apud
2780 5559 2977 5599 uxores
3001 5542 3070 5597 4|)
3105 5543 3298 5598 diebus
3344 5557 3453 5594 amv

1874 5651 2000 5692 nem
2068 5636 2311 5694 vicissim
2368 5635 2737 5704 transjiciunt.
2810 5634 3052 5691 Femina:
3098 5642 3453 5704 posteaquam

1874 5728 2078 5784 liberos
2099 5729 2238 5783 duos
2267 5727 2322 5783 in
2353 5727 2531 5783 lucem
2564 5727 2809 5799 edidere,
2858 5742 2973 5780 rem
2996 5742 3117 5779 cum
3176 5723 3307 5779 viris
3340 5737 3456 5776 am-

1875 5821 2017 5891 plius
2072 5820 2279 5887 nullam
2340 5819 2561 5875 habent.
2607 5819 2812 5886 Quodsi
2864 5834 2972 5889 qua
3013 5827 3157 5874 totos
3212 5819 3455 5887 quinque

1877 5928 2052 5979 annos
2082 5911 2287 5979 sterilis
2314 5913 2640 5980 reperiatur,
2671 5911 2932 5978 religione
2978 5910 3212 5972 quadam
3245 5925 3274 5963 a
3307 5910 3456 5967 coitu
