3936 6420
236 381 340 443 289
1467 371 1831 434 ANNALlUl

1932 372 2108 433 PARS
2152 369 2236 433 II.
3374 371 3480 435 29.)

238 495 480 567 ροῦντος.
510 492 621 546 Kal.
666 487 839 545 ταῦτα
878 490 1114 559 λέγουσα
1149 489 1270 553 ταῖς
1294 488 1642 567 τοῦΔΠατρός
1674 505 1807 560 χερ-

1932 495 2077 551 asset,
2115 486 2206 556 qui
2239 484 2444 541 Mosam
2495 486 2726 543 intuitus
2763 487 2924 561 159
2952 497 3176 559 propter
3214 488 3482 561 insignem

237 558 322 641 2m
348 583 592 654 ἐντίθησι
638 581 699 635 τὸ
741 558 965 652 βρέφος.
1006 578 1069 633 Ὀ
1104 580 1150 633 δ’
1195 558 1505 650 ἐπιτίθῆσιν
1549 558 1701 645 αὐτῷ
1740 558 1808 632 τὸ

1932 577 2236 647 elegantiam
2287 577 2478 634 formae
2505 595 2613 633 non
2644 558 3073 650 obstupesceret.
3112 580 3255 637 Hine
3280 558 3483 638 factum

237 678 497 747 διάδημα.
517 674 648 728 ’0δέ
669 673 873 742 Μωσῆς
891 674 1193 744 καταφέρει
1211 688 1272 725 τε
1299 673 1432 725 αὐτὸ
1456 672 1552 725 καὶ
1573 675 1684 735 τοῖς
1706 688 1809 729 πο-

1932 676 1970 723 ιι
1998 669 2312 725 Tbermutis
2339 685 2436 738 per
2465 686 2523 725 se
2556 672 2761 728 sterilis
2783 687 2907 727 eum
2938 674 3038 729 sibi
3079 675 3388 743 adoptaret,
3419 678 3486 730 ad

273 787 295 803 ο
376 766 665 830 ἐπιϐαίνει,
711 766 854 819 κατὰ
905 765 1214 835 νηπιότητα
1261 764 1445 834 δῆθεν.
1494 763 1661 816 Ταῦτ’
1714 760 1808 815 οὖν

1932 775 2095 830 'egcm
2124 760 2443 829 adduceret,
2480 778 2699 818 omnem
2731 765 2843 834 regi
2877 775 3176 835 exponeret
3203 767 3371 827 animi
3400 768 3485 820 sui

242 859 365 914 ίδὼν
400 860 429 912 6
477 856 956 930 ἱερογραμματεὺς
996 857 1201 913 ἐκεῖνος
1246 851 1508 924 ὥρμησεν
1551 854 1810 905 ἀποκτεῖ-

1932 850 2265 917 senteutiam,
2299 851 2557 907 nimirum
2590 855 2702 924 regi
2753 854 2896 911 hunc
2925 872 3299 914 successorem
3345 859 3488 922 fore.

242 970 327 1007 ναι
374 952 557 1016 αὐτὸν,
607 948 964 1020 παροτρύνων
1016 948 1098 1010 είς
1161 945 1296 1000 αὐτὸ
1351 943 1509 998 τοῦτο
1563 945 1660 996 καὶ
1714 944 1809 999 τὸν

1932 939 2008 1009 [ui
2063 939 2233 995 lilium
2290 956 2357 997 ex
2390 957 2447 998 se
2502 953 2690 999 natum
2725 947 2952 1003 omnino
2998 950 3205 1004 nullum
3244 952 3485 1007 haberet.

242 1045 460 1116 Φαραώ.
495 1043 691 1098 Φθάνει
735 1042 781 1095 δ’
824 1040 991 1094 αὐτὸν
1015 1041 1049 1110 ή
1085 1038 1393 1108 Θερμουθὶς
1423 1037 1808 1107 ἐξαρπάσασα.

1932 1032 2089 1101 itque
2135 1033 2223 1087 liis
2255 1032 2418 1089 dictis
2467 1033 2728 1090 infantem
2782 1038 2836 1090 in
2871 1054 3063 1095 manus
3097 1041 3269 1110 patris
3318 1043 3491 1111 depo-

248 1139 474 1192 Ἐκτοτε
503 1133 598 1190 οὖν
627 1134 807 1197 καλῶς
835 1132 1190 1202 άνττρέφετο.
1222 1126 1355 1184 Εἶτα
1400 1129 1536 1198 δήλη
1577 1128 1671 1180 καὶ
1699 1130 1812 1192 τοῖς

1932 1123 2114 1189 misse,
2162 1125 2251 1194 qui
2296 1141 2419 1182 mox
2451 1141 2577 1180 eum
2627 1126 2792 1182 fascia
2830 1131 2993 1201 regali
3018 1132 3317 1186 ornaverit.
3353 1133 3491 1187 Tum

243 1230 615 1298 Αίγυπτίοιςή
644 1224 813 1298 ἀρετὴ
835 1223 1003 1278 αὐτοῦ
1028 1225 1263 1293 γίνεται.
1293 1220 1550 1283 Αἰθίοπες
1580 1222 1811 1289 ἐκστρα-

1932 1213 2119 1271 llosem
2153 1216 2348 1286 puerili
2378 1217 2614 1286 quadam
2647 1219 3001 1291 simplicitate
3032 1223 3099 1277 de
3126 1223 3305 1292 capite
3343 1224 3490 1280 illam

244 1323 462 1377 τεΰουσι
506 1321 630 1374 κατ’
667 1319 865 1373 αὐτῶν.
913 1312 1456 1386 Ἀντιστρατεύονται
1496 1314 1591 1365 καὶ
1639 1303 1808 1376 οῦτοι,

1932 1304 2221 1362 ietraxisse
2258 1322 2322 1362 ac
2347 1309 2693 1379 proculcasse
2721 1311 2978 1380 pedibus.
3013 1314 3085 1368 Ea
3116 1329 3174 1368 re
3201 1324 3494 1385 conspecta

244 1412 589 1483 ἑκατέρωθεν
612 1410 668 1464 δέ
696 1411 796 1465 οὐκ
817 1407 991 1476 ὀλίγοι
1025 1406 1339 1459 πίπτουσιν.
1376 1400 1540 1455 Ὅθεν
1585 1401 1615 1453 6
1655 1399 1812 1469 βασι-

1932 1399 2195 1455 hominem
2228 1400 2379 1455 illum
2419 1416 2698 1457 sacrarum
2730 1402 3062 1460 Litterarum
3098 1406 3495 1476 peritissimum

242 1507 372 1570 λεὺς
427 1504 617 1559 θεόθεν
660 1501 953 1573 ὁδηγηθεὶς
1006 1499 1189 1553 πείθει
1247 1496 1350 1564 τὴν
1400 1491 1676 1561 θυγατέρα
1721 1490 1815 1542 τὸν

1932 1489 1982 1544 Id
2012 1489 2276 1546 infantem
2305 1495 2610 1550 necandum
2627 1495 2960 1560 accurrisse,
2988 1497 3153 1568 idque
3184 1508 3243 1553 ut
3267 1501 3496 1555 omnino

242 1597 447 1655 Μωσέα
489 1594 796 1666 παρασχεῖν
851 1592 1180 1663 στρατηγόν.
1229 1589 1462 1659 Δέχεται
1519 1583 1579 1637 τὸ
1629 1582 1812 1650 ἔργον,

1932 1582 2075 1639 ieret
2129 1582 2472 1641 Pharaonem
2523 1590 2873 1643 exhortatum
2899 1601 3040 1644 esse.
3072 1588 3272 1647 Verum
3319 1592 3499 1647 Ther-

243 1691 365 1746 κατ’
390 1689 669 1745 Αἰθιόπων
697 1687 866 1759 ὁρμᾷ.
910 1686 1018 1738 Καὶ
1062 1684 1154 1738 διὰ
1204 1683 1307 1752 γῆς
1343 1680 1560 1751 μέλλων
1586 1675 1817 1730 διελθεῖν

1932 1674 2110 1730 mutim
2171 1675 2321 1732 hunc
2370 1679 2732 1735 antevertisse
2775 1680 3088 1750 Mosemque
3140 1684 3494 1754 surripuisse.

243 1787 471 1857 ἐρήμου,
498 1783 628 1838 ἔνθα
653 1782 858 1853 ἑρπετὰ
880 1779 1033 1834 δεινὰ
1057 1778 1368 1850 ἐτρέφοντο,
1392 1775 1446 1827 τί
1469 1771 1816 1844 μηχανᾶταις

1932 1765 2002 1820 ΑΙ)
2032 1780 2097 1822 eo
2127 1774 2372 1838 tempore
2395 1767 2563 1824 fuisse
2586 1771 2845 1839 praeclare
2869 1772 3159 1829 admodum
3182 1775 3497 1841 educatum,

244 1851 543 1948 Ιίλέγματά
577 1851 700 1928 τινα
743 1871 958 1943 ἐμφερῆ
1007 1869 1262 1930 κιϐωτοῖς
1292 1869 1355 1931 ἐκ,
1406 1864 1592 1935 βίϐλου
1644 1876 1817 1913 κατα-

1932 1864 1974 1911 et
2030 1857 2166 1928 ipsis
2204 1859 2340 1915 adeo
2391 1858 2664 1931 Egyptiis
2701 1862 2956 1917 virtutem
2987 1862 3112 1933 ejus
3166 1865 3496 1933 innotuisse,
3601 1876 3611 1886 ‘

246 1947 521 2034 σκευάζει,
552 1968 647 2020 καὶ
675 1965 973 2036 πληρώσας
1005 1962 1163 2017 ἴϐεων
1191 1955 1434 2030 ἐόιόμιζε.
1463 1951 1811 2025 Πολεμιώτα-

1932 1947 2007 2018 [ui
2038 1964 2164 2003 cum
2196 1949 2491 2020 aliquando
2537 1953 2801 2008 adversus
2830 1969 2891 2009 se
2930 1954 3179 2011 viderent
3210 1957 3499 2027 [Ethiopes

246 2079 335 2116 τον
362 2060 420 2114 δέ
453 2061 569 2113 ἐστι
601 2061 715 2123 τοῖς
748 2056 905 2126 ὕφεσι
934 2055 1097 2109 τοῦτο
1141 2054 1201 2107 τὸ
1245 2053 1405 2117 ζῶον·
1442 2045 1709 2119 φεύγουσί
1753 2061 1811 2097 τε

1932 2041 2311 2109 :xpcditionem
2341 2044 2644 2113 suscipere,
2678 2045 2783 2114 ipsi
2840 2061 3066 2116 quoque
3087 2057 3277 2104 castra
3306 2049 3500 2104 castris

245 2152 354 2222 γὰρ
401 2147 794 2220 ἐπερχομένας,
841 2147 938 2200 καὶ
989 2145 1379 2212 ἀνθιστάμενοι
1425 2137 1677 2207 καθάπερ
1719 2134 1810 2190 ὕπ’

1932 2132 2209 2191 tostilibus
2230 2135 2611 2204 opposuerint.
2645 2134 2743 2191 llic
2769 2153 2894 2192 cum
2925 2140 3186 2210 utrinque
3208 2157 3315 2196 non
3337 2141 3501 2213 pauci

245 2244 458 2311 ἐλάφων
486 2243 863 2313 ἁρπαζόμενοι
911 2239 1331 2293 καταπίνονται.
1383 2231 1706 2303 Χειροήθεις
1754 2226 1814 2281 δέ

1932 2223 2196 2292 :aderent,
2255 2226 2366 2297 regi
2398 2226 2587 2283 divino
2616 2231 2854 2299 quodam
2888 2230 3152 2288 instinctu
3178 2234 3341 2290 ﬁliam
3374 2251 3500 2306 per-
3532 2268 3537 2271 -

245 2339 383 2390 εἰσιν
413 2337 467 2389 al
499 2334 655 2398 ἴϐεις,
700 2334 795 2387 καὶ⁹
823 2332 962 2403 πρὸς
999 2330 1163 2400 μόνον
1204 2327 1267 2381 τὸ
1296 2327 1403 2379 τῶν
1434 2325 1612 2393 ὄφεων
1658 2321 1811 2389 γένος

1932 2316 2158 2372 suasisse
2188 2327 2282 2373 'ut
2336 2318 2541 2374 Mosem
2593 2322 2708 2377 suis
2754 2323 2948 2381 ducem
3002 2326 3503 2398 imperatoremque

245 2429 449 2498 ἄγριοι.
483 2426 824 2497 Παρέρχεται
854 2420 949 2477 οὖν
973 2420 1062 2476 διὰ
1089 2422 1301 2474 τούτων
1347 2418 1446 2489 τὴν
1479 2414 1817 2486 θηροτρόφον

1932 2408 2268 2464 :oncederet.
2300 2410 2356 2464 Id
2390 2412 2638 2468 muneris
2665 2415 2870 2471 Mosem
2904 2416 3112 2487 imponi
3142 2420 3246 2473 sibi
3283 2431 3501 2490 passum

399 2518 710 2589 Συμϐάλλει
736 2518 849 2580 τοῖς
882 2510 1121 2582 Αἰθίοψι,
1158 2509 1302 2564 κατά
1339 2524 1463 2561 τινα
1505 2506 1672 2572 νῆσον
1705 2503 1819 2557 διά-

1932 2496 2110 2564 'uisse,
2151 2498 2208 2553 in
2250 2500 2439 2557 hostes
2467 2501 2762 2574 Ethiopes
2785 2508 2972 2578 copias
3007 2511 3299 2577 eduxisse;
3326 2513 3504 2582 quod-

247 2588 405 2680 γουσι
452 2588 831 2679 δυσπόρθητον
882 2604 1055 2677 οὖσαν⁴
1089 2603 1179 2656 διὰ
1222 2601 1284 2655 sb
1317 2598 1583 2669 ποταμοῖς
1621 2596 1817 2666 περιρ-

1932 2602 2024 2664 rue
2062 2588 2241 2643 solum
2308 2590 2584 2660 quoddam
2613 2593 2891 2651 desertum
2919 2607 3306 2668 peragraturus
3335 2613 3502 2667 esset,

168 2761 172 2764 ι
248 2678 489 2776 ῥέεσθαι.
520 2678 729 2773 Θάρϐις
743 2701 821 2754 ’δέ
850 2701 884 2767 ἠ
919 2696 1013 2752 τοῦ
1054 2696 1320 2767 βασιλέως
1351 2688 1817 2761 θυγάτηροδεξιῶς

1932 2682 1975 2732 in
2003 2695 2110 2750 quo
2141 2696 2337 2752 magna
2375 2683 2650 2753 reptilittm
2685 2687 2972 2743 noxiorum
3004 2692 3158 2760 capia
3213 2691 3380 2757 foret,
3418 2694 3504 2748 in-

249 2793 669 2862 άπομαχόμενον
700 2790 887 2860 ὁρῶσα
937 2788 1030 2842 τὸν
1071 2786 1275 2842 Μωσέα
1319 2786 1399 2847 είς
1429 2783 1612 2853 ἔρωτα
1643 2778 1818 2834 δεινὸν

249 2874 478 2939 ὤλισθεν
506 2881 692 2938 αὐτοῦ.
729 2883 838 2943 Καὶ
883 2880 1170 2951 περιόντος
1208 2878 1303 2932 τοῦ
1352 2877 1564 2939 πάθους
1608 2875 1820 2943 πέμπει

248 2976 386 3046 πρὸς
417 2974 580 3027 αὐτὸν
622 2973 730 3026 τῶν
774 2971 1004 3025 οἰκετῶν
1048 2970 1178 3033 τοὺς
1224 2965 1606 3029 πιστοτάτους,
1643 2962 1822 3018 διοιλε⁶

250 3067 462 3138 γομένη
487 3067 614 3136 περὶ
639 3065 834 3135 γάμων
866 3063 962 3116 καὶ
991 3061 1093 3134 τὴν
1142 3059 1298 3115 πόλιν
1346 3054 1697 3129 προδιδοῦσα.
1734 3054 1823 3107 Γί-

1920 2778 2076 2850 signe
2121 2781 2380 2849 quiddam
2428 2784 2681 2842 molitum
2731 2787 2923 2845 fuisse.
2985 2791 3257 2849 Nimirum
3308 2797 3504 2853 corbes

1921 2871 2186 2941 quosdam
2229 2877 2497 2932 rotundos
2529 2878 2648 2934 ﬁeri
2679 2895 2939 2949 curasse;
2984 2885 3041 2939 in
3088 2901 3183 2941 eos
3231 2890 3515 2959 conjectas‘

1923 2963 2039 3018 ibes
2066 2979 2254 3021 secum
2278 2967 2635 3037 deportasse;
2688 2971 2808 3028 ibes
2839 2975 2987 3030 enim
3018 2978 3367 3048 serpentibus
3418 2980 3506 3035 in-

1925 3051 2232 3113 festissima:
2258 3066 2407 3125 sunt,
2432 3061 2524 3130 qui
2551 3061 2773 3131 quidem
2797 3069 3241 3135 easaccedentes
3265 3069 3504 3141 fugiunt,

249 3177 399 3214 νεται
428 3158 626 3222 ταῦτα,
655 3159 892 3209 τελεῖται
921 3153 993 3207 τά
1017 3153 1112 3207 τοῦ
1146 3151 1356 3222 γάμου.
1388 3146 1823 3212 ΤοὶιςίΑίθίοπας

261 3254 274 3261 -
447 3253 469 3261 ..
597 3250 610 3261 ι
657 3236 662 3244 ¹
716 3248 729 3261 ι
818 3247 868 3261 .ι
1034 3246 1048 3261 ι
1138 3260 1141 3261 ,
1187 3242 1259 3261 -1,
1305 3239 1399 3261 -Δμ,
1441 3239 1649 3261 ιρι.-ξ·.--
1683 3240 1790 3261 1...).

1932 3161 1991 3203 ac
2013 3148 2060 3204 si
2104 3151 2375 3218 restitent,
2409 3154 2635 3224 perinde
2663 3166 2825 3229 atque
2851 3174 2880 3214 a
2904 3160 3081 3231 cervis
3110 3162 3505 3234 deglutiuntur.

251 3253 491 3323 ἀναιρεῖ,
524 3250 623 3304 καὶ
652 3236 776 3311 τοὺς
804 3246 1144 3315 Αἰγυπτίους
1180 3242 1260 3304 είς
1302 3239 1401 3311 τὴν
1438 3239 1649 3294 ἑαυτῶν
1678 3240 1823 3295 ἀπά-

254 3354 340 3406 γει
356 3342 482 3407 γῆν.
511 3339 735 3392 Ἔκτοτε
750 3332 844 3391 οὖν
868 3333 1062 3403 φθόνος
1078 3331 1221 3386 κατά
1243 3329 1510 3406 Μωσέως·
1533 3329 1824 3385 ἐπτοοῦντο

254 3433 361 3499 γάρ
392 3428 624 3500 κμήποτε
651 3429 772 3481 κατ’
818 3427 1133 3495 Αἰγυπτίων
1176 3423 1500 3494 νεωτερίσῃ.
1545 3418 1822 3475 Μανθάνει

254 3522 448 3589 ταῦτα,
502 3521 598 3574 acati.
652 3519 831 3574 λαθὼν
884 3518 1091 3585 ἔξεισιν
1139 3516 1370 3579 ἐκεῖθεν,
1406 3514 1501 3566 καὶ
1538 3512 1648 3566 τῶν
1686 3510 1824 3567 ὁδῶν

256 3613 680 3683 φυλασσομένων
701 3613 792 3666 διὰ
821 3612 921 3680 τῆς
943 3611 1153 3681 ἐρήμου
1181 3609 1420 3661 ποιεῖται
1442 3605 1533 3660 τὸν
1556 3602 1822 3676 δρασμόν.

269 3707 585 3776 Ἐφίσταται
605 3709 682 3775 τῷ
708 3703 908 3775 φρέατι
947 3701 1079 3756 ἔνθα
1119 3700 1215 3755 τοῦ
1249 3698 1525 3770 Ῥαγουὴλ
1570 3699 1627 3752 at
1658 3696 1827 3765 θυγαο

254 3800 410 3869 τέρες
439 3800 512 3853 τὰ.
555 3798 847 3869 θρέμματα
895 3794 1166 3860 ἐπότιζον.
1216 3793 1541 3862 Ἀνήνεκται
1585 3787 1663 3858 τῷ
1702 3786 1828 3842 Ῥα-

255 3889 427 3959 γουὴλ
448 3887 519 3942 τὰ
539 3888 671 3958 περὶ
697 3886 793 3939 τοῦ
822 3886 1070 3948 Μωσέως
1094 3922 1110 3951 ,
1169 3883 1254 3946 τίς
1298 3876 1368 3935 τε
1412 3876 1483 3951 ἦν
1522 3882 1622 3934 καὶ
1678 3880 1828 3942 ὅπως

182 3972 187 3975 ’
256 3982 377 4046 ταῖς
407 3979 574 4034 αὐτοῦ
605 3979 942 4051 θυγατράσιν
977 3975 1256 4047 ἐπαμῦναι
1287 3974 1387 4027 οὐκ
1424 3970 1672 4041 ὤκνησεν
1699 3988 1713 4002 ·
1742 3969 1827 4039 ἐφ’

319 4074 413 4126 καὶ
444 4073 696 4147 γαμϐρὸν
718 4073 812 4125 τὸν
847 4072 1053 4126 Μωσέα
1087 4070 1259 4125 ποιεῖ.
1308 4066 1366 4122 '0
1402 4068 1586 4137 μέντοι
1618 4065 1829 4135 Μωσῆς

254 4167 515 4222 τοιούτων
539 4167 718 4239 τυχὼν
745 4167 857 4220 τῶν
894 4165 1051 4237 παρὰ
1078 4164 1174 4218 τοῦ
1211 4163 1445 4235 Ἰοθόρου
1498 4160 1679 4233 (τοῦτο
1718 4161 1830 4230 γὰρ

255 4251 325 4327 ἦν
353 4257 632 4328 ἐπίκλημα
658 4256 735 4327 τῷ
775 4255 1115 4326 Ῥαγουήλῳ)
1146 4255 1335 4325 διῆγεν
1381 4252 1576 4307 αὐτόοι
1603 4250 1831 4322 ποιμαί-

258 4364 364 4400 νων
419 4351 487 4402 τὰ
533 4348 882 4418 βοσκήματα.
930 4346 1253 4415 Τηνικαῦτα
1304 4347 1399 4398 καὶ
1440 4345 1567 4399 κατ’
1601 4344 1736 4400 αὐτὸ
1768 4341 1831 4396 τὸ

215 4408 468 4537 -ξΣίναιον
519 4408 775 4510 περιάγει
819 4408 1166 4499 αὐτὰίένθα
1211 4437 1305 4491 καὶ
1338 4437 1430 4489 τὸν
1478 4434 1611 4488 Θεὸν
1639 4435 1742 4506 ὁρᾷ
1770 4435 1832 4486 ἐκ

1925 3240 1991 3297 Ει
2021 3251 2150 3298 sunt
2180 3245 2306 3304 ibes
2354 3248 2581 3306 omnino
2609 3251 2822 3309 cicures
2873 3268 2939 3310 se
2981 3266 3306 3322 mansueta,
3346 3259 3523 3330 inque

1925 3346 2242 3406 serpentum
2272 3355 2445 3412 genus
2472 3344 2648 3399 solum
2676 3345 2993 3404 immaniter
3024 3352 3276 3406 saeviunt.
3305 3352 3508 3408 llarum

1926 3427 2096 3500 igitur
2125 3445 2231 3501 ope
2265 3431 2469 3490 Mosem
2521 3435 2856 3494 inaccessam
2892 3439 3135 3511 alioquin
3158 3452 3356 3499 terram
3387 3434 3514 3516 per-

1926 3533 2182 3588 agrasse;
2241 3536 2467 3576 manum
2529 3538 2655 3579 cum
2701 3524 3061 3598 Ethiopibus
3119 3533 3507 3600 conseruisse,

1926 3609 2023 3680 qui
2043 3611 2334 3678 quamdam
2361 3612 2596 3668 insulam
2616 3614 2926 3672 incolerent
2952 3618 3103 3673 aditu
3129 3621 3511 3689 perdiliicilem

1928 3711 2219 3771 propterea
2245 3703 2392 3774 quod
2430 3704 2686 3760 amnibus
2726 3707 2970 3777 undique
3000 3709 3512 3770 circumﬂuentibus

1928 3804 2297 3861 clauderetur.
2316 3804 2453 3861 Tum
2467 3806 2798 3863 Tharbidem
2812 3811 2959 3882 regis
2974 3810 3294 3882 Ethiopum
3319 3814 3510 3881 ﬁliam,

1928 3912 2050 3967 quae
2081 3896 2286 3953 Mosem
2313 3898 2530 3954 naviter
2552 3899 2845 3955 admodum
2870 3902 3205 3971 praeliantem
3236 3916 3508 3975 cerneret,

1928 3987 2246 4044 vehementi
2299 3990 2418 4060 eius
2465 4006 2655 4047 amore
2706 4002 2920 4063 captam
2952 4008 3107 4060 esse,
3163 3977 3509 4069 famulosque

1933 4080 2037 4136 sibi
2073 4082 2371 4139 fidissimos
2417 4083 2483 4139 ad
2533 4084 2713 4154 ipsum
2767 4085 3076 4146 indicanda;
3105 4088 3273 4143 animi
3315 4091 3397 4144 sui
3431 4090 3514 4147 al—

1880 4230 1885 4233 ,
1932 4171 2188 4230 feetionis
2229 4189 2396 4230 causa
2430 4175 2684 4241 misisse;
2718 4174 2881 4232 simul
2939 4179 3176 4250 eonjugii
3234 4182 3516 4238 mentione
3631 4248 3637 4253 ,

1932 4262 2077 4319 facta
2127 4264 2279 4321 urbis
2334 4265 2704 4335 proditionem
2749 4281 2873 4322 esse
2905 4268 3221 4337 pollicitam.
3254 4271 3365 4326 llis-
3395 4274 3517 4342 eius

1934 4353 2224 4424 postulatis
2257 4354 2462 4411 Mosen:
2496 4357 2793 4423 adnuisse;
2820 4360 3042 4430 nuptias
3072 4360 3240 4416 fuisse
3270 4363 3516 4420 celebra-

1938 4452 2039 4510 tas,
2078 4442 2372 4516 Etltiopes
2423 4447 2764 4512 interfectos,
2800 4448 3087 4521 Egyptios
3132 4452 3188 4506 in
3219 4455 3394 4509 solum
3420 4473 3517 4525 pa-

256 4532 356 4602 τῆς
410 4530 572 4600 βάτου
622 4531 896 4585 καλοῦντα
943 4529 1131 4585 αὐτόν.
1190 4529 1252 4582 '0
1302 4528 1436 4588 Θεὸς
1479 4527 1829 4587 ἀποστέλλων

1938 4537 2100 4591 trium
2131 4538 2407 4595 reductos.
2439 4540 2524 4596 Ab
2569 4554 2635 4595 eo
2672 4547 2926 4610 tempore
2970 4540 3136 4598 fuisse
3179 4541 3384 4600 Mosem
3418 4562 3514 4601 ex—

258 4626 396 4692 πρὸς
423 4622 621 4692 Φαραὼ
666 4623 761 4677 τὸν
790 4623 1020 4689 Μωσέα,
1074 4622 1170 4675 καὶ
1217 4619 1652 4690 ὑπισχνούμενος
1688 4637 1829 4690 συμ-

258 4708 518 4785 παρεῖναι
552 4716 723 4786 αὐτῷ,
756 4716 893 4786 πρὸς
918 4717 1100 4769 πίστιν
1128 4704 1222 4770 τοῦ
1253 4714 1417 4783 λόγου
1451 4716 1528 4778 είς
1559 4713 1829 4782 δράκοντα

263 4805 589 4874 μεταϐάλλει
632 4806 731 4878 τὴν
781 4805 980 4877 ῥάϐδον
1031 4804 1219 4862 αὐτοῦ.
1285 4807 1346 4861 Ὀ
1387 4805 1572 4877 μέντοι
1623 4805 1832 4874 Μωσῆς

258 4897 778 4969 παρρησιασάμενος
821 4897 960 4969 πρὸς
1003 4897 1226 4967 Φαραὼ,
1279 4899 1380 4968 τὴν
1430 4897 1628 4969 ῥάϐδον
1661 4896 1828 4950 αὑτοῦ
1868 4946 1873 4947 ,

256 4991 396 5042 κατὰ
424 4989 610 5056 γῆςτε
639 4990 824 5058 ῥίπτει
849 4993 944 5045 καὶ
968 4991 1049 5053 είς
1082 4988 1208 5058 ὄφιν
1240 4989 1592 5060 μεταϐάλλει.
1617 4989 1830 5044 Οὐκοῦν
1850 4992 1875 5011 κ

259 5081 553 5150 περιιοῦσα
573 5081 669 5144 τὰς
687 5081 797 5135 τῶν
821 5082 1140 5149 Αἰγυπτίων
1163 5082 1417 5152 ῥάϐδους,
1446 5083 1503 5137 αἳ
1535 5082 1831 5154 δράκοντες

171 5196 175 5215 ι
259 5172 498 5237 ἐδόκουν,
531 5173 814 5244 κατήσθιε.
850 5175 960 5233 Καὶ
992 5173 1139 5228 οὕτω
1176 5175 1276 5245 μὲν
1313 5177 1341 5228 ὀ
1384 5173 1671 5245 Ἰώσηπος,
1717 5177 1746 5228 ὁ
1773 5174 1832 5228 δὲ

261 5247 548 5327 Νἶισσαεῦς
575 5263 713 5327 θεῖος
741 5264 1044 5335 Γρηγόριός
1091 5281 1259 5335 φησιν
1303 5265 1387 5318 ὅτι
1412 5265 1504 5319 διά
1549 5264 1710 5318 τοῦτο
1736 5265 1832 5318 ἐπὶ

267 5356 365 5425 μὲν
399 5355 688 5425 τῆςνβάτου
736 5356 833 5408 καὶ
870 5356 964 5408 τοῦ
1008 5356 1226 5427 Ἰσραὴλ
1263 5357 1293 5409 6
1326 5354 1458 5420 Θεὸς
1491 5358 1589 5429 τὴν
1635 5357 1832 5429 ῥάϐδον

264 5449 344 5512 είς
363 5448 488 5516 ὅφιν
524 5450 871 5520 μεταϐάλλει,
901 5451 993 5502 ἐπὶ
1013 5451 1071 5504 δέ
1092 5438 1188 5503 τοῦ
1207 5449 1409 5521 Φαραὼ
1436 5452 1515 5513 είς
1536 5449 1830 5519 δράκοντα,

265 5541 353 5596 ἶνα
390 5542 469 5614 τῷ
498 5545 720 5613 μεγέθει
774 5543 1104 5615 καταπλήξῃ
1153 5543 1377 5606 αὐτούς.
1429 5543 1602 5609 Δῆλον
1642 5542 1703 5594 δέ
1749 5542 1833 5594 ὅτι

266 5635 463 5704 ἀληθὲς
489 5635 651 5689 τοῦτο
679 5638 739 5690 τὸ
769 5640 998 5708 σημεῖον
1025 5633 1116 5708 ἦν,
1150 5636 1211 5689 τὸ
1238 5635 1295 5688 δέ
1325 5634 1435 5689 τῶν
1472 5638 1662 5704 μάγων
1697 5650 1835 5703 φαν-

264 5729 444 5782 τασία’
475 5728 556 5781 διὸ
582 5728 678 5783 καὶ
711 5730 992 5800 κατεπόθη
1021 5730 1128 5782 ὑπὸ
1153 5731 1252 5800 τῆς
1284 5728 1543 5799 ἀληθείας
1569 5729 1600 5798 ή
1628 5745 1837 5797 φαντα-

269 5819 382 5874 σία.
420 5818 560 5873 Ἀλλ’
590 5820 691 5872 οὐκ
717 5819 964 5875 ἐντεῦθεν
992 5824 1018 5876 6
1045 5818 1246 5892 Φαραῶ
1275 5820 1548 5887 πείθεται,
1581 5819 1835 5891 μαίνεται

580 5916 848 5979 ΡΑΤῐιοῐ..
886 5920 1005 5979 Gn.
1044 5918 1289 5982 CLVIII

1934 4631 2174 4702 positum
2212 4633 2456 4701 invidie,
2506 4633 2931 4691 formidantibus
2970 4633 3243 4706 Egyptiis
3297 4653 3365 4692 ne
3414 4641 3515 4694 ali-

1935 4725 2152 4792 quando
2188 4725 2353 4780 etiam
2388 4725 2653 4782 adversus
2685 4741 2744 4782 se
2780 4741 2953 4781 novas
2979 4742 3068 4782 res
3097 4728 3400 4783 moliretur.
3444 4732 3514 4786 lis

1937 4816 2337 4872 animadversis
2395 4818 2734 4874 subtraxisse
2785 4833 2845 4873 se
2899 4818 3123 4883 Mosem,
3184 4827 3240 4873 et
3293 4822 3511 4890 cognito

1936 4907 2055 4963 vias
2098 4909 2401 4978 itineraque
2437 4910 2640 4978 passim
2697 4907 2936 4965 obsideri
2984 4925 3014 4964 a
3044 4912 3381 4978 custodibus,
3419 4930 3514 4985 per

1939 4999 2292 5054 solitudinem
2329 5000 2575 5053 instituta
2615 4998 2739 5071 fuga
2788 4999 2949 5055 saluti
2985 5015 3099 5056 suae
3152 5003 3512 5060 consuluisse.

1939 5088 2081 5144 lliuc
2107 5090 2175 5143 ad
2225 5097 2451 5159 puteum
2485 5089 2824 5158 pervenisse,
2859 5089 2954 5145 ubi
2987 5090 3114 5146 ﬁliae
3150 5090 3377 5165 Ragueli
3418 5111 3510 5166 pa-

1941 5188 2156 5258 ternum
2227 5194 2394 5248 pecus
2446 5181 2813 5250 adaquabant.
2879 5180 3002 5238 Mox
3055 5182 3227 5239 relata
3273 5185 3516 5258 Raguelu

1941 5255 2109 5326 fuisse
2164 5287 2286 5341 qua:
2338 5269 2514 5327 Moses
2549 5271 2790 5341 fecisset,
2827 5274 2952 5342 quis
3005 5284 3172 5343 esset,
3212 5292 3321 5347 quo
3359 5255 3516 5349 pacto

1942 5362 2156 5417 ﬁliabus
2199 5362 2374 5434 ipsius
2406 5364 2528 5419 sine
2553 5366 2903 5421 cunctatione
2931 5368 3315 5424 succurrisset.
3358 5369 3518 5440 150

1941 5453 2038 5510 His
2089 5454 2238 5509 illum
2277 5454 2441 5510 rebus
2490 5466 2794 5526 permotum
2835 5456 3044 5514 Mosem
3098 5459 3201 5514 sibi
3252 5474 3515 5528 generum

1942 5547 2221 5603 ascivisse.
2253 5546 2476 5603 Talibus
2505 5550 2758 5604 affectum
2792 5548 2998 5605 Mosem
3025 5550 3303 5606 beneliciis
3328 5551 3396 5603 ab
3417 5549 3514 5607 Jo-

1945 5638 2103 5691 tIiOro
2136 5636 2224 5708 (id
2259 5637 2404 5692 enim
2448 5636 2687 5708 Raguelo
2720 5647 3141 5710 cognomentum
3173 5638 3365 5708 fuisse)
3391 5654 3516 5694 cum

1943 5746 2010 5784 eo
2036 5731 2403 5799 victitasseae
2443 5732 2616 5786 soceri
2652 5746 2818 5802 pecus
2842 5733 3078 5801 pavisse.
3110 5729 3354 5799 Cumque
3384 5730 3517 5786 illud

1939 5821 2092 5891 juxta
2126 5821 2362 5877 Sinteum
2396 5832 2636 5877 montem
2669 5812 3121 5887 circumduceret,
3159 5820 3326 5876 Deum
3353 5820 3422 5876 ab
3452 5837 3517 5879 eo

3006 5915 3082 5973 10
