3936 6434
455 369 579 434 “illi

1729 364 2151 425 MlCllAELlS
2190 363 2456 430 GLYC/B

3599 376 3693 438 29?.

448 482 1048 555 conspectum‘fuisse.
1074 482 1164 551 qui
1202 497 1326 536 eum
1370 497 1436 535 ex
1469 480 1649 534 medio
1690 479 1828 532 rubo
1869 493 2039 533 arces-

2156 480 2211 532 δὲ
2245 479 2470 546 μᾶλλον,
2507 479 2740 544 καὶτοῖς
2780 459 3061 546 Ἰουδαίοις
3087 481 3178 534 ὲπὶ
3211 484 3366 538 πλέον
3393 487 3693 550 ἐπιτίθεται.

439 603 450 610 -
477 589 642 633 seret.
670 577 979 633 Secundum
1015 576 1126 629 inec
1148 574 1351 628 Mosem
1381 574 1686 643 ablegatum
1717 571 1785 626 ad
1811 571 2049 624 Pharao-

437 690 446 698 ’
478 686 604 726 nem
637 686 670 724 ~a
693 671 836 733 ’Deo,
870 668 962 736 qui
992 667 1040 722 ei
1074 665 1420 736 polliceretur
1444 679 1503 718 se
1525 677 1743 732 semper
1763 663 1863 730 ipsi
1888 653 2047 716 adfli-

441 777 444 782 ·
477 775 694 826 turum;
753 767 918 830 utque
948 759 1214 830 promisso
1253 757 1388 811 ﬁdes
1433 756 1606 818 ﬁeret,
1635 753 1892 808 baculum
1929 755 2050 822 ejus

446 854 531 906 =in
557 853 849 906 draconem
883 857 1278 904 commutatum
1309 846 1498 901 fuisse.
1558 846 1693 900 Tum
1726 843 1932 901 Mosam
1961 845 2048 899 in-

449 943 690 1012 ~~trcpidc
717 951 892 996 semet
942 941 1082 1010 apud
1127 937 1464 992 Pharaonem
1518 944 1798 1008 gerentem
1844 933 2048 1003 virgam

459 1049 632 1087 suam
658 1032 809 1086 humi
846 1029 1140 1102 projeeisse
1173 1044 1237 1084 ac
1270 1029 1323 1082 in
1358 1037 1668 1096 serpentem
1692 1026 2048 1082 convertisse.

471 1124 626 1178 illam
663 1137 794 1177 vero
826 1123 1006 1188 virgas
1035 1119 1440 1191 Egyptiorum,
1481 1132 1605 1187 quae
1629 1131 1752 1171 esse
1781 1116 2053 1171 dracones

2155 571 2322 624 Ὅθεν
2345 571 2442 626 καὶ
2473 558 2724 640 μαᾶτίζει
2747 573 2916 626 αὑτὸν
2937 575 2965 625 δ
2986 573 3138 637 Θιός.
3169 575 3299 638 Ταῖς
3317 577 3695 647 ἐπενεχθείσαις

2153 661 2224 726 δὲ,
2245 660 2368 713 κατ’
2400 660 2570 714 αὑτοῦ
2603 660 2823 731 μάστιξι
2852 662 2949 715 καὶ
2972 663 3232 734 τοιαύτην
3261 663 3408 731 λέγει
3434 669 3694 736 προσεῖναι

2155 751 2396 824 μάστιγα
2421 769 2436 784 ·
2469 753 2710 822 φθειρῶν
2740 755 2851 822 γὰρ
2896 755 3009 814 τοῖς
3058 755 3373 820 Αἰγυπτίοις
3418 757 3692 826 ἐξήνθησεν

2152 841 2377 912 ἄπειρόν
2421 860 2476 896 τι
2526 841 2731 913 πλῆθος
2779 843 2993 897 ἔνδοθεν
3043 843 3456 912 ἀναδιδομένων,
3501 847 3585 914 ὑφ’
3625 840 3694 901 ὦν

2151 932 2349 984 ἐκεῖνοι
2384 933 2570 996 κακῶς
2605 932 2888 987 ἀπώλοντο
2909 974 2926 999 ,
2965 937 3104 1004 μήτε
3133 935 3386 1004 λουτροῖς,
3416 939 3544 1004 μήτε
3587 939 3697 1006 xpl-

2154 1040 2273 1078 σισι
2304 1025 2618 1094 φαρμάκων
2648 1024 2962 1096 διαφθεῖραι
3013 1027 3076 1079 τὸ
3124 1027 3283 1094 γένος
3335 1026 3506 1080 αὑτῶν
3553 1028 3700 1081 δυνά-

2157 1131 2332 1184 μενοι.
2372 1116 2484 1169 Καὶ
2513 1116 2657 1170 οὕτω
2691 1118 2788 1186 μὲν
2813 1119 2843 1169 δ
2883 1117 3172 1187 Ἰώσηπος.
3261 1146 3286 1153 -

475 1219 813 1278 viderentur,
860 1215 1152 1268 obeuntem
1223 1211 1537 1266 devorasse.
1577 1207 1897 1278 Huiusmodi
1947 1223 2080 1263 sane
2115 1207 2334 1278 Josephi
2371 1209 2438 1264 de
2470 1209 2554 1264 bis
2608 1209 2771 1264 rebus
2801 1210 2968 1280 gestis
2997 1220 3179 1266 exstat
3243 1210 3498 1266 narratio.
3539 1209 3698 1265 Caele-

475 1326 596 1365 rum
629 1307 849 1362 divinus
880 1306 968 1360 ille
999 1306 1080 1360 vir
1126 1303 1421 1374 Gregorius
1454 1301 1744 1372 Nyssensis
1778 1300 1870 1373 ait
1917 1309 2205 1370 propterea
2267 1299 2439 1356 Deum
2497 1301 2554 1355 in
2617 1302 2755 1356 rubo
2778 1302 3000 1371 quidem
3033 1311 3386 1372 conspectum
3432 1303 3626 1373 virgam
3648 1300 3700 1352 in

475 1411 782 1472 serpentem
817 1407 1076 1463 mutasse,
1107 1410 1293 1452 coram
1337 1394 1627 1449 Pharaone
1689 1406 1819 1446 vero
1867 1390 1926 1446 in
1989 1389 2306 1455 draconem,
2357 1401 2417 1446 ut
2487 1391 2605 1462 ipsa
2663 1387 3042 1464 magnitudine
3087 1393 3432 1450 formidinem
3481 1391 3701 1447 homini-

474 1495 577 1547 bus
620 1492 908 1547 incuteret.
959 1487 1054 1543 Est
1107 1494 1290 1541 autem
1335 1485 1684 1556 perspicuum
1739 1482 2043 1553 prodigium
2085 1481 2230 1538 istuc
2292 1497 2482 1550 reapse
2527 1482 2732 1539 factum
2799 1497 2942 1549 esse,
2993 1499 3120 1539 cum
3166 1499 3444 1554 magorum
3475 1481 3702 1551 prodigia

473 1585 549 1639 nil
573 1583 676 1638 nisi
703 1593 865 1636 mera:
890 1580 1068 1636 forent
1107 1577 1417 1650 pmstigiae,
1446 1591 1568 1647 quae
1619 1573 1808 1631 oculos
1845 1575 2313 1646 prastringerent.
2359 1575 2569 1631 Idcirco
2632 1575 2951 1646 imaginaria
3009 1575 3198 1632 isthmc
3231 1575 3455 1645 species
3496 1589 3525 1626 a
3574 1573 3704 1626 veri-

473 1689 590 1735 tate
614 1677 668 1730 in
696 1675 928 1730 nihilum
950 1672 1315 1742 rcdigebatur.
1345 1671 1736 1740 Nequetamen
1796 1667 1900 1722 hoc
1952 1667 2115 1723 modo
2150 1683 2344 1738 parere
2376 1667 2590 1723 Pharao
2622 1669 2811 1735 voluit,
2854 1667 2948 1722 sed
2983 1668 3157 1738 magis
3193 1667 3358 1722 etiam
3408 1663 3585 1720 lurens
3609 1661 3705 1717 lle-

471 1772 650 1826 brmos
678 1769 894 1839 gravius
926 1774 1097 1837 urget.
1130 1765 1475 1834 Quapropter
1506 1761 1800 1817 subsecuta
1844 1759 2052 1832 ﬂagella
2088 1775 2372 1831 pmmeque
2398 1762 2492 1818 Dei
2547 1771 2695 1831 sunt,
2737 1771 2794 1817 et
2823 1763 2966 1817 inter
2986 1762 3120 1817 alias
3141 1761 3342 1832 quibus
3369 1771 3453 1815 est
3475 1759 3704 1817 allectus,

469 1864 634 1919 etiam
676 1859 988 1932 huiusmodi
1014 1860 1303 1929 quamdam
1333 1857 1607 1913 exstitisse
1635 1854 1908 1926 Joscphus
1931 1856 2119 1911 tradit.
2177 1857 2391 1912 Inﬁnita
2450 1857 2828 1927 pediculorum
2895 1856 3190 1912 multitudo
3253 1855 3395 1926 apud
3438 1853 3705 1924 Egyptios

468 1954 846 2027 proveniebat,
889 1966 954 2006 cx
999 1949 1356 2009 interioribus
1394 1962 1586 2003 eorum
1646 1948 1894 2017 partibus
1955 1949 2283 2014 scaturiens,
2341 1964 2371 2002 a
2411 1949 2616 2018 quibus
2659 1949 3027 2005 excarniﬁcati
3071 1947 3276 2003 misere
3321 1943 3584 2016 periba'ut,
3616 1957 3707 1996 nec

466 2047 550 2101 vel
581 2042 816 2100 lavacris
873 2042 960 2100 vel
1002 2039 1422 2112 pbarmacorum
1469 2037 1888 2094 inunctionibus
1946 2037 2231 2108 pediculos
2304 2041 2537 2110 perdere
2591 2048 2864 2109 poterant.
2913 2036 3026 2094 lloc
3069 2037 3236 2093 modo
3306 2051 3419 2093 rem
3454 2031 3708 2102 Josephus

467 2146 678 2195 narrat.

1030 2227 1110 2283 De
1145 2228 1322 2283 decem
1358 2228 1548 2299 plagis.

541 2321 696 2391 151
730 2320 809 2376 Te
865 2327 1071 2384 autem,
1119 2320 1316 2375 dilecte
1361 2319 1459 2384 ﬁli,
1511 2319 1651 2374 scire
1674 2319 1799 2376 volo
1853 2319 2041 2390 plagas

467 2413 608 2478 illas.
660 2412 861 2482 quibus
893 2411 1234 2466 Pharaonem
1294 2408 1484 2464 aﬁlixit
1523 2409 1688 2476 Deus,
1725 2409 2040 2481 persuaderi

465 2505 567 2560 sibi
591 2519 698 2560 non
723 2503 988 2558 ferentem
1011 2510 1072 2557 ut
1096 2500 1353 2571 populum
1379 2499 1695 2556 lsraelicum
1717 2501 2039 2566 dimitteret,

462 2610 694 2650 numero
725 2595 914 2650 decem
943 2594 1134 2660 fuisse,
1165 2592 1628 2664 quemadmodum
1656 2593 1710 2647 in
1765 2593 1904 2648 libro
1947 2592 2040 2662 qui

462 2699 547 2746 est
597 2688 665 2743 de
711 2686 1077 2742 lsraelitarum
1126 2699 1194 2740 ex
1231 2683 1466 2757 Egypto
1523 2685 1863 2756 profectione
1917 2699 2042 2754 per-

462 2779 728 2847 scriptum
765 2776 1016 2845 legimus.
1049 2775 1320 2831 Nimirum
1355 2774 1546 2832 decem
1592 2775 1761 2848 plag:c
1816 2783 2042 2847 propter

463 2873 690 2942 hujusce
721 2867 932 2924 numeri
965 2867 1383 2938 perfectionem,
1421 2883 1517 2924 eos
1565 2868 1895 2924 divexarunt
1944 2869 2040 2939 qui

461 2961 700 3029 perfecte
719 2957 1082 3028 deliquerant.
1122 2955 1386 3026 Princeps
1418 2957 1664 3011 omnium
1697 2965 1816 3012 erat
1868 2971 2040 3027 aqua-

461 3068 582 3106 rum
619 3051 672 3104 in
706 3050 1030 3121 sanguinem
1079 3062 1174 3118 per
1202 3046 1498 3119 Egyptum
1532 3048 1844 3104 universam
1890 3064 2042 3105 com-

461 3143 712 3198 mutatio.
735 3141 1101 3210 Quamobrem
1133 3140 1280 3196 istuc
1303 3140 1549 3196 factum?
1577 3143 1685 3198 Cur
1727 3158 1824 3215 per
1872 3157 2040 3213 aquas

461 3233 606 3288 Deus
629 3247 725 3286 eos
753 3231 932 3301 primo
956 3229 1079 3286 loco
1100 3229 1298 3300 puniti
1325 3229 1478 3298 Quod
1507 3247 1703 3303 aquam
1723 3233 1923 3289 eximie
1946 3249 2040 3290 co-

458 3325 658 3387 lercnt,
685 3336 848 3392 quam
879 3335 1001 3378 esse
1032 3320 1360 3392 principium
1391 3330 1548 3380 ortus
1595 3339 1782 3379 rerum
1813 3325 2038 3379 univer-

389 3442 403 3455 -
460 3403 644 3470 sarum
675 3413 1082 3469 existimabant.
1109 3413 1404 3485 Propterea
1444 3424 1559 3472 tum
1612 3432 1807 3486 magna
1858 3417 2055 3474 hami--

399 3525 406 3532 ν
459 3520 592 3560 num
643 3504 935 3560 nitiltitudo
987 3504 1170 3576 periit.
1221 3503 1434 3575 Quippe
1465 3515 1608 3562 totos
1657 3517 1868 3578 septem
1917 3507 2036 3563 dies

2465 2215 2480 2234 ⁸
2529 2226 2666 2294 Περὶ
2716 2225 2835 2280 τῶν
2881 2226 3030 2283 δέκα
3067 2224 3346 2294 πληγτῖιν.

2133 2278 2138 2282 1
2218 2318 2287 2372 Al
2323 2278 2646 2389 πληγαὶ-δέ,
2698 2278 3063 2388 άγαπητδ,ῗάς
3110 2278 3612 2386 δ-ἱεδς-ἑπήνεγκε
3635 2313 3706 2382 τῷ

2141 2409 2344 2479 Φαραὼ
2379 2410 2454 2480 μὴ
2487 2407 2796 2476 muscum.)
2827 2407 2917 2460 τὸν
2954 2407 3084 2461 λαὸν
3113 2407 3412 2473 ἀπολῦσαι,
3442 2407 3571 2461 δέκα
3620 2405 3702 2458 τὸν

2143 2500 2379 2572 ἀριθμὸν
2414 2499 2556 2553 κατὰ
2586 2501 2646 2552 τὸ
2672 2501 2728 2553 ἐν
2775 2500 2973 2569 Ἐξόδῳ
3001 2501 3392 2570 γεγραμμένον
3425 2500 3559 2554 είσίο
3584 2497 3704 2553 δέκα

2143 2593 2239 2646 καὶ
2277 2592 2385 2662 γὰρ
2414 2589 2636 2654 κολάζει
2663 2590 2904 2660 πληγαῖς
2931 2590 3022 2644 διά
3045 2607 3108 2659 γε
3137 2591 3234 2644 τὸν
3257 2593 3460 2645 τέλειον
3481 2588 3699 2660 ἀριθμὸν

2140 2683 2269 2747 τοὺς
2294 2684 2684 2754 ἡμαρτηκότας
2711 2682 2780 2735 τὰ
2803 2683 3010 2736 τέλεια.
3040 2683 3153 2737 Καὶ
3188 2683 3384 2752 πρώτη
3422 2681 3517 2751 μὲν
3541 2682 3573 2749 ἠ
3603 2679 3702 2732 τῶν

2142 2777 2198 2830 ὲν
2235 2775 2505 2844 Αἰγύπτῳ
2544 2775 2760 2829 πάντων
2795 2773 3002 2829 ὑδάτων
3025 2776 3107 2838 είς
3127 2769 3271 2843 αἷμα
3304 2773 3588 2845 μεταϐολή.
3611 2771 3702 2824 Διὰ

2141 2865 2276 2918 τίδὲ
2304 2872 2397 2920 καί
2421 2867 2565 2928 τίνος
2596 2865 2786 2920 ἕνεκεν
2816 2866 2873 2932 ἐξ
2910 2864 3120 2920 ὑδάτων
3167 2866 3370 2929 αὐτοὺς
3419 2865 3487 2920 τὰ
3526 2864 3702 2933 πρῶτα

2141 2957 2359 3022 κολάζει
2383 2958 2411 3011 δ
2445 2958 2609 3021 Θεὸςς
2647 2956 2792 3012 Διότι
2822 2955 2884 3010 τὸ
2919 2955 3064 3027 ὕδωρ
3097 2956 3463 3028 διαφερόντως
3491 2955 3701 3025 ἐτίμων,

2141 3050 2316 3121 ἀρχὴν
2345 3049 2507 3103 τοῦτο
2535 3049 2636 3118 τῆς
2661 3051 2770 3102 τῶν
2798 3050 2939 3104 δλων
2971 3050 3254 3117 γενέσεως
3287 3045 3428 3104 εἶναι
3453 3049 3699 3117 οἰόμενοι.

2145 3143 2341 3196 Ἔνθεν
2393 3159 2477 3196 τοι
2536 3144 2629 3197 καὶ
2680 3142 2871 3197 πολλοὶ
2914 3142 3221 3214 τηνικαῦτα
3261 3143 3372 3197 τῶν
3411 3139 3702 3210 ἀνθρώπων

2140 3237 2482 3306 ἐφθάρησαν
2531 3234 2628 3288 ἐπὶ
2675 3236 2786 3306 γὰρ
2833 3234 2975 3290 ἑπτὰ
3021 3236 3242 3307 ἡμέρας
3287 3237 3322 3306 ἡ
3369 3237 3582 3290 πάντων
3603 3231 3703 3285 τῶν

2139 3326 2348 3390 ὑδάτων
2377 3325 2747 3396 ὲξαιμάτωσις
2797 3326 3165 3397 ἐπεκράτησε,
3221 3327 3322 3382 τοῦ
3386 3326 3593 3397 ’Δαρὼν
3619 3321 3703 3375 διά

2138 3417 2240 3486 τῆς
2288 3417 2618 3488 βακτηρίας,
2671 3416 2853 3481 καθὼς
2905 3418 3138 3490 ἐλάλησα
3174 3419 3406 3492 Κύριος,
3451 3418 3510 3471 τὸ
3549 3414 3704 3485 τέρας

2136 3511 2298 3564 τοῦτο
2328 3510 2670 3574 τελέσαντος.
2693 3511 2817 3565 Ὅτι
2845 3510 2902 3565 δι
2929 3511 2990 3566 ού
3023 3509 3166 3565 κατὰ
3188 3511 3494 3580 φαντασίαν
3513 3505 3705 3579 ἐρυθρὰ

462 3596 577 3648 Izzec
610 3593 854 3649 omnium
885 3605 1152 3661 aquarum
1213 3593 1270 3648 in
1308 3595 1631 3664 sanguinem
1683 3576 2035 3651 commutatio

2143 3601 2204 3656 τὰ
2237 3601 2408 3657 ὕδατα
2437 3604 2688 3672 γέγονεν,
2721 3603 2858 3657 ἀλλὰ
2905 3603 3002 3659 καὶ
3043 3605 3077 3676 η
3115 3576 3311 3673 γεύσις
3341 3602 3520 3658 αὑτῶν
3544 3576 3702 3670 ⁷μετμ

457 3683 696 3748 duravit.
726 3683 945 3739 Aarone
981 3696 1078 3755 per
1108 3683 1366 3740 baculum
1395 3699 1580 3752 suum,
1613 3694 1673 3741 ut
1700 3699 2032 3757 praeceptum

2143 3692 2309 3764 δὶήθη
2367 3696 2462 3747 καὶ
2517 3693 2654 3765 άλλη
2707 3693 2766 3759 ἐξ
2809 3693 2982 3766 ἄλλης
3006 3695 3252 3764 ἐγένετο,
3288 3697 3324 3766 ἡ
3375 3694 3484 3748 τῶν
3515 3689 3704 3762 ἰχθύων

455 3779 506 3832 ei
531 3777 794 3833 divinitus
823 3775 1023 3844 fuerat,
1055 3775 1160 3832 hoc
1183 3777 1494 3850 prodigium
1523 3777 1815 3836 efﬁciente.
1847 3777 2038 3850 Neque

2143 3786 2359 3858 τελευτὴ
2390 3787 2548 3841 τοῦτο
2571 3786 2866 3857 δεδήλωκε·
2897 3805 2919 3840 ι
2941 3787 3054 3842 Καὶ
3073 3787 3124 3842 οί
3146 3787 3336 3858 ἰχθύες
3367 3806 3388 3842 ι
3421 3786 3529 3856 γάρ
3547 3796 3704 3854 φησιν

459 3885 588 3924 vero
622 3869 806 3939 specie
839 3879 999 3924 tenus
1025 3883 1198 3938 aquas
1233 3878 1345 3926 tum
1380 3870 1661 3938 rubuisse,
1691 3870 1788 3926 sed
1816 3879 2037 3943 gustum

2143 3895 2162 3930 ι
2197 3877 2248 3932 el
2304 3879 2360 3931 ὲν
2390 3877 2468 3948 τῷ
2513 3877 2750 3950 ποταμῷ
2779 3878 3164 3950 ἐτελεύτησαν,
3216 3880 3321 3935 καὶ
3371 3876 3638 3940 ὲπώζεσεν
3678 3871 3704 3922 ὀ

454 3975 672 4030 quoque
722 3959 940 4014 illarum
971 3974 1196 4030 prorsus
1254 3959 1600 4017 immutatum
1651 3973 1776 4018 esse
1807 4001 1824 4028 ,
1882 3963 2038 4033 aquis

2143 3969 2402 4039 ποταμὸς,
2435 3969 2532 4023 καὶ
2559 3970 2660 4024 οὑκ
2691 3968 2958 4040 ἠδύναντο
2984 3971 3036 4023 οί
3066 3969 3366 4040 Αἰγύπτιοι
3399 3970 3542 4024 πιεῖν
3569 3964 3704 4031 ὕδωρ

453 4053 588 4124 ipsis
621 4053 675 4107 in
718 4066 834 4108 rem
865 4051 1027 4107 aliam
1057 4053 1359 4119 conversis,
1385 4053 1565 4125 colligi
1611 4054 1694 4109 vel
1747 4054 1876 4109 inde
1907 4071 2032 4125 per-

2143 4060 2198 4113 ὲκ
2225 4060 2322 4114 τοῦ
2352 4061 2624 4132 ποταμοῦ,
2674 4063 2772 4117 καὶ
2821 4057 2892 4132 ἦν
2941 4063 3002 4116 τὸ
3029 4059 3174 4134 αἷμα
3223 4065 3284 4120 ὲν
3311 4063 3464 4133 πάσῃ
3503 4061 3574 4130 γῇ
3618 4058 3704 4109 Αι-

455 4144 641 4214 spicue
658 4150 856 4212 potest,
874 4142 1020 4212 quod
1035 4140 1214 4212 pisces
1234 4143 1745 4216 exstinguebantur.
1766 4142 1859 4199 Sic
1875 4144 2023 4200 enim
2134 4147 2366 4214 τύπτου.
2407 4166 2429 4200 ι

454 4237 822 4309 νιτεοτὶριιιω
855 4231 1027 4290 sacris
1046 4233 1101 4288 in
1129 4233 1350 4292 Litteris
1382 4234 1650 4306 legimus:
1680 4251 1700 4286 ι
1741 4232 1810 4290 Ει
1841 4235 2104 4291 emortuis
2135 4235 2378 4294 ﬂuminis
2413 4237 2658 4309 piscibus
2731 4247 2918 4296 tantus
2973 4239 3183 4296 exstitit
3224 4241 3394 4298 {teter
3453 4237 3696 4303 ﬂuminis|

456 4339 509 4383 ut
549 4326 786 4400 Egyptii
819 4326 888 4384 de
913 4325 1033 4398 ejus
1061 4339 1201 4396 aqua
1254 4324 1442 4382 bibere
1507 4340 1619 4381 non
1672 4332 1938 4396 possent,
1993 4333 2212 4398 totaque
2271 4326 2410 4384 adeo
2478 4327 2750 4401 Egyptus
2793 4332 2897 4387 hoc
2951 4331 3071 4403 ipso
3122 4334 3394 4407 sanguine
3443 4330 3678 4392 redunda

452 4425 544 4479 bat
580 4426 646 4480 ⁵¹.
688 4441 709 4477 a
1415 4431 1443 4488 ο

520 4519 702 4574 Altera
726 4520 881 4591 plaga
922 4517 1026 4574 fuit
1047 4531 1306 4574 ranarum
1335 4531 1405 4573 ex
1441 4517 1597 4590 agnis
1611 4516 2029 4574 scaturientium

450 4611 686 4666 illuvies.
740 4602 1037 4668 Sic'enim
1082 4618 1168 4665 est
1193 4609 1362 4665 sacris
1392 4609 1450 4664 in
1501 4609 1764 4665 Litteris:
1823 4627 1844 4664 ι
1879 4611 2030 4666 Aaro

2143 4603 2302 4669 Βοσις.
2335 4623 2354 4654 ι
2388 4607 2499 4661 Καὶ
2532 4606 2786 4674 ἐξέτεινε,
2819 4627 2838 4660 ι
2877 4610 2985 4680 γάρ
3015 4626 3205 4678 φησιν,
3245 4631 3264 4664 ι
3297 4616 3326 4666 δ
3374 4613 3587 4682 Ἀαρὼν
3614 4613 3708 4677 τὴν

450 4717 671 4756 manum
729 4716 882 4756 suam
937 4700 1214 4771 protendit
1264 4699 1320 4754 in
1379 4714 1550 4770 aquas
1601 4699 1858 4774 Egypti,
1918 4715 2027 4771 quo

2143 4695 2292 4764 χεῖρα
2322 4694 2488 4749 αὑτοῦ
2524 4696 2618 4750 ἐπὶ
2663 4697 2734 4750 τὰ
2774 4697 2944 4751 ὕδατα
2973 4700 3278 4768 Αἰγύπτου,
3331 4704 3428 4757 καὶ
3467 4703 3706 4769 ἀνήγαγε

450 4793 593 4848 ἴοι-ιο
633 4801 710 4847 tot
739 4793 1002 4848 exstitere
1039 4804 1189 4846 ranae
1222 4799 1284 4846 ut
1315 4791 1398 4847 eis
1427 4789 1644 4863 Egypti
1696 4793 1871 4848 solum
1901 4807 2030 4848 coo-

2143 4787 2259 4850 τοὺς
2307 4787 2640 4858 βατράχους,
2683 4788 2778 4844 καὶ
2821 4791 3058 4860 ἐκάλυψε
3104 4791 3204 4861 τὴν
3247 4794 3356 4860 γῆν
3410 4791 3705 4859 Αἰγύπτου,

449 4892 664 4951 pertum
703 4883 797 4938 sit.
859 4882 1032 4938 Simul
1064 4879 1445 4952 Egyptiorum
1481 4882 1677 4938 domos
1713 4883 1819 4940 illa:
1849 4884 2028 4956 ingre—

2143 4880 2225 4932 καὶ
2249 4879 2570 4948 εἰσήρχοντο
2601 4879 2682 4943 είς
2737 4880 2867 4943 τοὺς
2921 4883 3106 4943 οῐκους
3137 4882 3321 4937 αὐτῶν
3373 4885 3468 4936 καὶ
3521 4886 3600 4944 εἰς
3644 4881 3707 4932 τὰ

447 4975 743 5028 diebantur
795 4975 861 5028 ".
901 4992 921 5026 ι
978 4973 1126 5030 Idem
1165 4972 1446 5030 veneﬁciis
1480 4975 1595 5029 suis
1645 4974 1838 5030 imitati
1893 4953 2024 5032 sunt

2143 4971 2334 5038 ταμεῐα
2372 4971 2577 5026 αὑτῶν.
2612 4989 2632 5024 ι
2678 4971 2956 5035 Ὡσαύτως
2985 4977 3077 5028 καὶ
3107 4976 3157 5028 οἱ
3185 4976 3432 5030 ἑπαοιδυὶ
3461 4975 3570 5027 τῶν
3617 4974 3709 5026 Αί-

447 5072 770 5119 cxcantores
804 5062 1204 5134 Egyptiorum,
1238 5065 1699 5135 quemadmodum
1755 5077 1812 5122 et
1862 5077 2022 5122 antea

2143 5054 2376 5132 γυπτίων
2414 5063 2680 5133 ἐποίησαν
2724 5065 2845 5127 ταῖς
2901 5068 3272 5136 φαρμακείαις
3309 5067 3516 5133 αὑτῶν,
3566 5065 3707 5118 καθι

2204 4517 2448 4590 Δευτέρα
2478 4519 2664 4592 πληγὴ
2694 4521 2729 4592 η
2761 4521 2819 4587 ἐξ
2837 4521 3059 4576 ὑδάτων
3100 4523 3210 4578 τῶν
3257 4525 3552 4598 βατράχων
3584 4524 3708 4578 ἀνά-

449 5151 714 5216 fecerant,
777 5165 975 5222 aquam
1023 5151 1077 5206 in
1127 5154 1446 5224 sanguinem
1482 5157 1767 5212 mutando.
1811 5155 1917 5212 Sed
1947 5167 2026 5211 ta-

451 5257 577 5296 men
626 5256 850 5297 necesse
891 5242 1080 5298 habuit
1130 5244 1384 5304 Pharao.
1418 5245 1646 5315 supplex
1703 5256 1763 5301 ut
1821 5247 2024 5302 Mosem

345 5367 354 5376 -
446 5338 655 5393 oraret.
687 5345 796 5400 quo
855 5346 1112 5387 ranarum
1163 5349 1194 5388 a
1253 5349 1314 5390 se
1361 5335 1806 5405 depellendarum
1863 5351 2026 5391 causa

447 5420 620 5477 Deum
645 5421 1053 5492 deprecaretur.
1076 5422 1350 5490 Quantum
1385 5425 1532 5480 enim
1563 5425 1687 5480 mali
1715 5440 1837 5482 esse
1872 5436 2028 5496 putas

446 5513 601 5583 aquis
626 5513 831 5571 ellusas
861 5530 1022 5570 ranas
1073 5532 1137 5571 ac
1170 5519 1369 5586 passim
1414 5531 1511 5584 per
1539 5524 1740 5572 terram
1768 5519 2030 5588 sparsas?

447 5605 585 5660 nihil
615 5606 865 5677 profecto
898 5607 1188 5663 venenosis
1223 5623 1253 5662 a
1286 5607 1574 5678 reptilibus
1599 5609 1877 5666 diﬂ’erunt.
1922 5610 2030 5664 lm-

518 5764 563 5798 “
595 5765 768 5823 Exod.
803 5785 898 5833 νει,
929 5769 1020 5824 21.
1097 5770 1143 5801 ⁸¹
1177 5768 1348 5827 Exod.
1383 5747 1500 5840 vin,
1533 5773 1586 5844 6.

2126 5151 2193 5220 δὴ
2227 5152 2323 5203 καὶ
2371 5149 2462 5202 ἐπὶ
2510 5153 2576 5220 τῇ
2617 5149 2986 5220 ἐξαιματώσει
3013 5153 3106 5222 τοῦ
3144 5153 3363 5217 ὕδατος.
3413 5153 3555 5208 Ἀλλ’
3597 5151 3706 5204 ίκέ-

2127 5258 2253 5294 τευε
2279 5241 2479 5312 Φαραὼ
2505 5243 2596 5295 τὸν
2625 5243 2829 5297 Munia.
2852 5244 3111 5313 δεηθῆναι
3141 5247 3235 5300 τοῦ
3271 5246 3414 5299 Θεοῦ
3447 5246 3573 5313 περὶ
3616 5239 3704 5294 τοῦ

2129 5331 2316 5388 δοῦναι
2347 5334 2496 5404 αὐτῷ
2551 5334 2658 5388 τῶν
2698 5335 2986 5406 βατράχων
3033 5337 3367 5408 άπαλὶαγήν
3391 5354 3406 5370 ο
3438 5331 3550 5391 οἷον
3600 5334 3703 5402 γὰρ

2133 5427 2304 5482 κακὸν
2335 5429 2382 5481 οἱ
2420 5428 2684 5498 βάτραχοι
2710 5429 2840 5484 -τῶν
2887 5429 3096 5484 ὑδάτων
3133 5429 3574 5494 ἀποξενωθέντες
3620 5423 3709 5478 καὶ

2133 5521 2227 5572 ἐπὶ
2289 5521 2545 5574 πλεῖστον
2601 5521 3122 5591 ἀποχερσωθὲντες,
3177 5523 3431 5590 ἑρπετῶν
3492 5517 3706 5572 ίοεόὶων

2133 5611 2254 5664 κατ’
2284 5613 2436 5666 οὐδὲν
2485 5613 2831 5683 διαφέρουσι.
2883 5613 3104 5668 Γίνεται
3138 5612 3334 5681 ταῦτα,
3391 5612 3571 5665 δέεται
3613 5601 3704 5659 τοῦ
