3936 6420
274 374 377 439 293

276 581 379 633 κᾶν
415 581 445 632 ὁ
488 579 688 651 Φαραὼ
743 583 1082 654 θεασάμενος
1134 585 1217 639 ὅτι
1269 585 1495 655 γέγονεν
1556 585 1846 654 ἀνάψυξις,

276 671 464 726 ἀπειθε
476 673 618 751 ἔᾳστῇ
651 675 896 746 προτέρᾳ
927 677 1016 730 ὲνέ
1027 694 1201 768 parva:

343 851 514 924 τρίτη
546 852 728 924 πληγὴ
774 857 807 926 ἡ
852 855 962 910 ἀπὸ
993 859 1087 912 τοῦ
1120 859 1244 929 χοὸς
1277 858 1387 912 τῶν
1427 857 1672 912 σκνιπῶν
1716 859 1847 913 ἀνά-

275 943 442 1006 δοσις.
483 961 502 996 ι
543 944 807 1010 Ἐξέτεινε
842 965 861 999 ι
901 950 1010 1018 γάρ
1063 966 1230 1019 φησιν
1261 969 1281 1002 ι
1326 948 1540 1020 Ἀαρὼν
1581 953 1647 1020 τῇ
1708 950 1852 1020 χειρὶ

275 1035 372 1104 τὴν
397 1035 612 1106 ῥάϐδον,
644 1037 824 1102 ,καθὼς
855 1040 1085 1109 ὲλάλησε
1119 1041 1327 1112 Κύριος
1349 1081 1366 1107 ,
1399 1042 1492 1095 καὶ
1525 1041 1764 1105 ἐπάταξε
1791 1042 1852 1095 τὸ

276 1126 438 1198 χῶμα
463 1129 566 1198 τῆς
594 1129 722 1199 γῆς,
762 1122 1143 1199 καὶέγένοντο
1192 1135 1244 1186 οε
1273 1135 1501 1196 σκνῖπες
1529 1133 1589 1186 ἐν
1633 1149 1692 1186 τε
1735 1135 1850 1196 τοῖς

276 1217 588 1290 ἀνθρώποις
627 1223 721 1276 καὶ
761 1224 876 1286 τοῖς
909 1217 1228 1294 τετράποσι.
1261 1243 1280 1277 ι
1331 1223 1576 1280 Γίνωσκε
1605 1223 1660 1277 δὲ
1682 1224 1766 1278 ὅτι
1788 1223 1851 1275 τὸ

278 1311 415 1375 ζῶον
455 1308 509 1365 ὀἱ
561 1316 810 1380 σκνῖπες,
868 1317 918 1368 εἰ
971 1314 1449 1385 καὶ.βραχύτατόν
1503 1317 1672 1380 ἐστιν,
1733 1314 1852 1369 ἀλλ’

277 1404 424 1474 ὅμως
453 1405 892 1475 ἀργαλεώτατον·
927 1406 989 1461 ού
1043 1408 1204 1478 μόνον
1235 1409 1343 1477 γὰρ
1396 1406 1722 1476 λυμαίνεται
1749 1407 1850 1477 τὴν

276 1496 600 1565 ἐπιφάνειαν
658 1498 754 1551 τοῦ
809 1499 1079 1569 δέρματος
1136 1501 1246 1564 τοῖς
1308 1501 1544 1568 ἀφανέσι
1607 1501 1850 1572 δήγμασι

275 1583 553 1656 κνησμοὺς
599 1590 866 1658 ἐμποιοῦν
919 1592 1129 1662 ἀηδεῖς,
1163 1592 1301 1646 ἀλλὰ
1347 1593 1442 1647 καὶ
1472 1593 1552 1655 είς
1599 1593 1661 1646 τὸ
1699 1593 1850 1657 ἐντὸς

278 1677 522 1746 βιάζεται
547 1679 638 1734 διά
663 1696 727 1749 γε
759 1683 1058 1752 μυκτήρων
1103 1684 1200 1736 καὶ
1235 1681 1409 1737 ὢτων.
1463 1683 1607 1754 Πρὸς
1636 1682 1848 1746 τούτοις

276 1769 334 1824 δὲ
402 1772 500 1825 καὶ
559 1772 728 1844 κόρας
785 1773 1015 1844 βλάπτει
1081 1776 1380 1846 ὀφθαλμῶν
1432 1777 1845 1848 είσπετόμενον.

1502 381 1792 443 ANNALI
1807 382 1920 444 ΠΜ
1965 385 2054 442 PA
2069 384 2158 443 RS
2202 385 2285 443 ΙΙ.

186 497 188 504 ‘
277 487 412 541 Θεοῦ
434 490 462 542 ὀ
494 487 750 560 Μωῦσῆς,
776 491 872 545 καὶ
896 492 1226 548 τελευτῶσιν
1258 493 1461 557 αὐτίκα
1487 496 1534 547 oi
1564 493 1848 564 βάτραχοι,

1960 505 2132 565 petrat
2177 497 2446 566 postulata
2510 497 2747 564 Pharao;
2799 498 2966 553 Deum
3015 497 3340 552 obsecrante
3387 495 3534 549 Illose

3436 383 3540 447 ’294

1953 588 2216 642 continuo
2238 603 2383 641 rana:
2413 590 2711 659 exspirant.
2745 591 3110 645 Nihilominus
3142 588 3375 649 Pharao,
3408 601 3531 640 cum

1954 690 2106 734 tanto
2152 695 2182 734 e
2213 681 2354 733 malo
2384 696 2442 733 se
2491 681 2787 749 respirasse
2827 661 3102 744 cerneret,
3155 682 3209 734 in
3280 679 3538 733 oblirma-

1955 771 2106 828 tione
2132 771 2298 824 animi
2332 773 2560 840 pristina
2597 773 2853 841 perstitit.

2026 862 2211 916 Tertia
2266 864 2422 934 plaga
2475 863 2576 917 fuit
2637 865 2870 917 culicum
2931 880 2960 917 c
3020 867 3242 934 pulvere
3279 873 3530 920 natorum

1953 953 2262 1022 productio.
2303 955 2394 1008 Sic
2442 955 2586 1007 enim
2622 959 2980 1024 perscriptum
3020 957 3289 1027 legimus:
3331 978 3349 1010 ‹
3393 960 3534 1011 Aaro

1954 1059 2120 1098 manu
2151 1045 2356 1114 virgam
2389 1061 2544 1100 suam
2595 1047 2663 1101 de
2698 1049 2953 1103 mandato
2990 1049 3200 1104 Domini
3236 1049 3534 1118 protendit,

1951 1151 2018 1192 ac
2049 1146 2210 1191 terra:
2239 1138 2518 1206 pulverem
2550 1139 2845 1208 percussit,
2882 1143 2985 1209 qua
3028 1141 3382 1208 percussione
3434 1157 3534 1196 cu-

1952 1227 2084 1284 lices
2122 1238 2234 1283 tum
2267 1229 2320 1283 in
2352 1231 2668 1286 hominibus
2702 1239 2816 1286 tum
2859 1232 3310 1303 quadrupedibus
3360 1234 3531 1288 exsti-

1958 1327 2147 1374 terunt
2175 1320 2240 1372 ⁵⁸.
2280 1339 2299 1371 ι
2337 1321 2511 1391 Atque
2561 1323 2650 1378 hic
2700 1323 2897 1376 discito
2939 1323 3323 1377 animalculum
3378 1324 3536 1386 illud,

1952 1412 2098 1480 quod
2139 1411 2342 1466 culices
2365 1411 2726 1482 appellamus,
2762 1417 2974 1470 tametsi
2999 1417 3080 1470 vel
3111 1415 3400 1470 minimum
3434 1415 3529 1478 sit,

1952 1501 2124 1556 nihilo
2163 1512 2339 1556 tamen
2400 1505 2582 1559 minus
2636 1505 2793 1575 longe
2839 1508 2999 1562 nobis
3039 1524 3160 1563 esse
3212 1508 3534 1562 molestissi-

1955 1608 2124 1647 mum.
2160 1593 2277 1648 Non
2309 1595 2456 1650 enim
2503 1605 2711 1650 tantum
2743 1600 2887 1652 cutis
2924 1599 3268 1668 superllciem
3319 1597 3539 1668 stringit

1954 1694 2118 1754 atque
2147 1686 2315 1747 lindit,
2351 1687 2605 1743 obscuris
2637 1691 2908 1745 morsibus
2933 1706 3129 1758 graves
3164 1692 3534 1760 molestosque

1955 1778 2194 1846 pruritus
2215 1777 2493 1833 efﬁciens:
2528 1794 2712 1834 verum
2763 1783 2926 1836 etiam
2961 1797 3056 1852 per
3093 1797 3250 1836 nares
3284 1791 3340 1837 et
3369 1796 3531 1836 aures

285 1861 564 1928 Ὠσαύτως
600 1865 658 1920 δὲ
701 1867 796 1920 καὶ
826 1869 873 1921 οἱ
904 1869 1151 1922 ὲπαοιδοὶ
1180 1870 1288 1922 τῶν
1314 1869 1630 1937 Αἰγυπτίων
1657 1869 1847 1938 ἐποίη-

1960 1867 2016 1923 ιίί
2047 1867 2306 1923 interiora
2338 1869 2387 1923 vi
2428 1881 2719 1939 penetrare
2769 1873 2982 1939 nititur,
3038 1889 3103 1927 ac
3135 1881 3400 1940 prmterea
3433 1889 3534 1942 pu-

279 1971 376 2009 σαν
404 1955 498 2010 τοῦ
536 1957 826 2026 ἐξαγαγεῖν
855 1959 948 2014 τὸν
995 1963 1219 2026 σκνῖπα,
1273 1962 1369 2014 κα)⁸
1412 1963 1515 2016 οὐκ
1561 1961 1846 2031 ἠδύναντο.

281 2043 444 2112 εἷπον
470 2047 566 2104 οῦν
593 2050 674 2123 τῷ
704 2051 907 2125 Φαραὼ
936 2054 1020 2107 ὅτι
1051 2053 1320 2118 δάκτυλος
1349 2054 1486 2108 Θεοῦ
1519 2053 1638 2108 ἐστι
1667 2054 1848 2107 τοῦτο.

1956 1961 2098 2031 pulis
2125 1961 2426 2026 oculorum,
2464 1962 2620 2032 152
2652 1965 2706 2016 in
2762 1979 2856 2019 eos
2891 1965 3203 2027 involando,
3239 1966 3538 2019 detrimen-

1957 2062 2071 2108 tum
2102 2051 2278 2108 affert.
2319 2053 2523 2110 Deinde
2572 2037 2664 2111 hie
2713 2058 2878 2110 etiam
2913 2056 3298 2127 Egyptiorum
3333 2072 3538 2112 excan-

277 2152 424 2201 tores
453 2148 740 2204 consimile
759 2148 1018 2220 quiddam
1051 2149 1230 2205 moliri
1282 2150 1623 2216 nitebantur,
1689 2156 1752 2206 ut
1814 2147 2021 2205 culices
2071 2149 2462 2220 producerent,
2505 2151 2600 2206 sed
2667 2151 2820 2207 irrito
2886 2161 3106 2206 conatu.
3170 2151 3535 2217 Quamobrem

275 2239 546 2295 Pharaoni
571 2241 809 2297 confessi
833 2251 964 2298 sunt
1007 2243 1124 2298 hate
1160 2243 1254 2300 Dei
1281 2245 1456 2316 digito
1485 2245 1680 2302 eﬂecta
1706 2260 1852 2302 esse.

350 2329 595 2403 Τετάρτη
625 2333 810 2404 πληγὴ
852 2334 886 2404 ἡ
927 2335 1015 2392 διὰ
1045 2335 1143 2405 τῆς
1174 2336 1499 2407 κυνομυίας.
1540 2357 1559 2389 ι
1597 2336 1800 2402 Καθὼς
1827 2357 1845 2389 ι

280 2421 389 2495 γάρ
416 2439 581 2492 φησιν
610 2443 630 2476 ι
655 2426 878 2497 ἐποίησε
905 2425 1133 2498 Κύριος,
1156 2429 1488 2500 παρεγένετο
1514 2431 1547 2498 ἡ
1580 2430 1851 2500 κυνόμυια

280 2513 484 2584 πλῆθος
528 2516 609 2578 είς
646 2517 774 2581 τοὺς
805 2517 1242 2587 οῐκους’Φαραὼ
1295 2521 1390 2574 καὶ
1421 2521 1505 2585 είς
1542 2523 1724 2575 πᾶσαν
1751 2521 1850 2592 τὴν
1887 2514 1892 2521 ’

281 2607 387 2678 γῆν
412 2609 712 2678 Αἰγύπτου.
737 2613 850 2666 Kal
871 2612 1248 2686 ὲξωλοθρεύθη
1273 2616 1304 2686 ἡ
1331 2613 1404 2684 γῆ
1433 2613 1540 2668 ἀπὸ
1564 2615 1664 2685 τῆς
1690 2631 1850 2668 κυνο-

283 2701 446 2773 μυίας
474 2703 768 2774 ὀδυνηρῶς.
786 2722 806 2755 a
835 2706 948 2758 Καὶ
973 2708 1083 2776 γὰρ
1116 2705 1386 2776 ἐμφύεται
1415 2704 1502 2762 διὰ
1522 2704 1618 2760 τοῦ
1639 2705 1850 2776 δήγμα-

278 2809 371 2856 τος
391 2796 544 2849 τουτὶ
561 2796 622 2848 τὺ
644 2795 784 2859 ζῶον
813 2799 926 2859 τοῖς
950 2796 1190 2867 σώμασι.
1210 2797 1532 2868 Κυνόμυιαν
1553 2797 1612 2852 δὲ
1632 2798 1850 2853 ἀκούων

275 2885 338 2940 τὸ
399 2885 630 2951 αὔθαδες
679 2887 791 2940 νόει
843 2886 940 2942 τοῦ
995 2887 1136 2954 ζώου
1165 2905 1180 2922 ’
1217 2890 1477 2962 καθάπερ
1529 2891 1640 2963 γὰρ
1691 2891 1848 2962 βέλος

276 2976 660 3046 είσπετομένη,
705 2977 814 3031 τῶν
847 2979 1164 3047 Αἰγυπτίων
1207 2983 1302 3033 καὶ
1344 2981 1525 3051 μόνων
1560 2997 1848 3053 κατεπεμ-

277 3068 535 3122 σαίνουσα
559 3064 649 3139 ἦν.
670 3070 780 3124 Καὶ
803 3070 962 3125 τοῦτο
992 3071 1233 3142 δηλοῦσα
1253 3073 1288 3143 ἡ
1306 3073 1499 3145 Γραφῇ
1531 3075 1674 3128 κατὰ
1694 3074 1845 3144 λέξιν

2027 2337 2234 2403 Quarta
2281 2339 2432 2408 plaga
2469 2338 2610 2393 Deus
2637 2338 2923 2410 Egyplios
2957 2355 3050 2408 per
3108 2356 3342 2404 muscas,
3401 2355 3538 2410 quas

1954 2429 2182 2482 caninas
2211 2429 2504 2499 appellant,
2541 2431 2776 2486 vexavit.
2811 2430 2966 2495 Nam,
3031 2440 3089 2486 ut
3149 2435 3320 2486 sacris
3364 2443 3448 2489 est
3483 2435 3537 2487 in

1954 2517 2195 2584 Litteris,
2245 2518 2512 2576 elIiciente
2555 2521 2663 2576 Deo
2717 2533 2861 2577 tanta
2905 2539 3216 2580 muscarum
3251 2527 3332 2579 vis
3372 2535 3538 2595 atque

1955 2609 2248 2666 multitudo
2294 2610 2350 2664 in
2402 2609 2711 2668 Pharaonis
2750 2615 2894 2669 aedes
2937 2625 2992 2670 et
3031 2625 3199 2671 totam
3236 2617 3530 2688 IEgyptum
3580 2607 3584 2611 ’

1953 2707 2039 2755 est
2077 2700 2342 2766 immissa,
2381 2709 2441 2756 ut
2469 2701 2538 2758 ab
2567 2707 2648 2758 eis
2673 2705 2928 2762 universa
2956 2709 3104 2778 regio
3131 2709 3533 2766 devastaretur.

1949 2789 2219 2846 Nimirum
2257 2809 2364 2848 non
2426 2793 2551 2848 sine
2582 2793 2771 2851 dolore
2820 2798 3022 2853 animal
3061 2799 3164 2854 hoc
3217 2801 3270 2855 in
3301 2817 3534 2871 corpora

1949 2898 2136 2939 morsu
2167 2894 2447 2954 penetrat;
2479 2901 2718 2957 cumque
2750 2891 2982 2946 caninas
3009 2893 3271 2962 appellari
3313 2910 3530 2952 muscas
3581 2892 3601 2910 ⁹

1949 2977 2128 3042 audis,
2174 2977 2280 3032 hoc
2312 2979 2491 3049 ipsum
2544 2982 2612 3034 ad
2661 2983 3057 3052 impudentiam
3085 2994 3142 3041 et
3190 2985 3533 3042 ferocitatem

1949 3068 2203 3124 animalis
2223 3070 2447 3136 referto,
2476 3073 2622 3144 quod
2657 3073 2910 3130 involans
2941 3076 2995 3130 in
3033 3093 3241 3132 morem
3272 3079 3362 3134 teli
3387 3078 3535 3135 solos

275 3157 418 3212 οὕτω
445 3158 601 3228 φησί’
653 3176 673 3214 ι
707 3158 812 3214 Kal
839 3161 1290 3232 παραδοξάσομαι
1342 3163 1442 3234 τὴν
1491 3166 1594 3234 γῆν
1624 3165 1802 3235 Γεσὲμ
1821 3205 1838 3231 ,

1960 3175 1999 3216 n
2035 3159 2317 3232 [Egyptios
2372 3163 2636 3220 irruebat.
2671 3165 2785 3224 Hoc
2818 3169 3060 3224 indicare
3119 3169 3336 3226 Litterae
3367 3187 3535 3227 sacra:

275 3249 361 3320 ἐφ’
387 3245 455 3321 ἦς
483 3252 511 3304 ό
537 3251 665 3314 λαός
695 3269 796 3322 μου
828 3253 1134 3323 ἐπ’·αὐτῆς,
1167 3255 1254 3324 ἐφ’
1346 3257 1446 3311 οὐκ
1487 3257 1633 3313 ἐστιν
1663 3261 1782 3312 ἐκεῖ
1811 3261 1844 3330 ὴ

1960 3252 2188 3308 volentes
2217 3255 2303 3309 his
2324 3254 2456 3325 ipsis
2478 3258 2661 3314 verbis
2693 3275 2804 3315 uste
2824 3271 2954 3317 sunt
2979 3282 2990 3317 :
3021 3281 3038 3314 ι
3063 3262 3350 3320 Gesemam
3374 3280 3535 3332 vero,

277 3339 566 3410 κυνόμυια,
593 3341 680 3395 ἵνα
715 3341 829 3412 ἴδῃς
851 3343 935 3396 ὅτι
964 3342 1075 3412 ἐγὼ
1106 3344 1310 3414 Κύριος
1330 3347 1358 3399 ό
1380 3345 1513 3409 Θεός
1535 3362 1629 3399 σου
1664 3347 1847 3417 πάσης

1960 3362 2055 3418 qua
2087 3348 2143 3402 in
2177 3357 2319 3404 terra
2348 3351 2584 3420 populus
2609 3369 2763 3410 meus
2789 3355 2956 3428 degit,
2986 3368 3186 3428 praeter
3212 3361 3531 3429 Opinionem

276 3434 375 3504 τῆς
404 3437 532 3503 γῆς.
562 3434 672 3488 Kal
699 3433 969 3487 διαστελῶ
994 3436 1268 3506 ἀναμέσον
1295 3437 1389 3494 τοῦ
1417 3439 1552 3508 ἐμοῦ
1588 3439 1719 3494 λαοῦ
1751 3440 1848 3494 καὶ

1960 3437 2234 3496 hominum
2271 3441 2570 3502 immunem
2621 3445 2843 3514 faciam,
2886 3458 2946 3503 ut
2991 3451 3043 3505 in
3100 3467 3164 3506 ea
3222 3451 3386 3508 nullae
3424 3455 3536 3507 sint

279 3523 554 3591 ἁναμέσον
586 3524 681 3578 τοῦ
718 3525 813 3578 σοῦ
843 3525 997 3580 λαοῦ.
1035 3545 1053 3578 ι
1085 3528 1276 3583 Δέεται
1309 3529 1404 3584 οὗν
1439 3531 1532 3584 ἐπὶ
1581 3532 1791 3596 τούτοις
1818 3535 1846 3586 ὁ

1960 3548 2188 3602 muscae;
2220 3551 2330 3605 quo
2360 3538 2572 3595 scilicet
2599 3539 2872 3612 intelligas
2917 3559 3004 3597 me
3039 3542 3330 3600 Dominum
3364 3547 3533 3601 Deum

277 3611 480 3680 Μωσῆς
511 3613 607 3666 τοῦ
654 3613 813 3680 Θεοῦ,
855 3614 950 3668 καὶ
983 3617 1227 3686 περιεῖλε
1257 3616 1357 3687 τὴν
1403 3618 1705 3688 κυνόμυιαν
1733 3618 1845 3673 ἀπὸ

1960 3639 2072 3682 esse
2097 3627 2153 3681 in
2186 3628 2364 3693 terris,
2397 3628 2492 3698 qui
2519 3611 2818 3687 discrimen
2863 3635 3007 3689 inter
3049 3653 3232 3691 meum
3267 3627 3532 3708 tuumque

277 3704 368 3757 τοῦ
397 3704 621 3776 Φαραὼ,
650 3707 745 3760 καὶ
776 3705 877 3760 οὐκ
905 3706 1170 3779 ἠθέλησεν
1197 3709 1582 3774 ἐξαποστεῖλαι
1619 3713 1839 3776 αὐτούς.

1960 3719 2206 3788 populum
2233 3735 2432 3790 ponam
2460 3720 2529 3777 “.
2569 3740 2589 3773 ι
2633 3723 2948 3782 Secundum
2978 3728 3094 3783 haec
3120 3729 3319 3786 iterum
3347 3704 3529 3787 Moses

278 3799 450 3858 Deum
512 3801 859 3872 deprecatur,
886 3804 979 3872 qui
1013 3819 1233 3861 muscas
1261 3805 1384 3860 illas
1421 3806 1649 3862 caninas
1712 3823 1744 3863 a
1783 3807 2076 3868 Pharaone
2110 3816 2424 3890 populoque
2454 3817 2631 3888 ipsius
2665 3820 2848 3892 abegit
2889 3824 2962 3879 ita
3029 3833 3087 3880 ut
3132 3841 3201 3880 ne
3247 3842 3352 3882 una
3405 3830 3532 3898 qui-

279 3892 401 3949 dem
433 3895 640 3965 reliqua
663 3894 838 3963 foret;
873 3896 970 3954 sed
1004 3898 1222 3956 Pharao
1287 3906 1400 3957 tum
1450 3913 1672 3971 quoque
1721 3917 1882 3960 suum
1922 3907 2278 3976 pertinaciter
2335 3909 2626 3969 obduravit
2664 3914 2929 3984 animum,
2984 3932 3091 3973 nec
3137 3892 3533 3989 populum-di-

278 3986 493 4044 mittere
521 3987 712 4045 voluit.
2175 3999 2179 4002 ’

267 4159 271 4166 ,
351 4082 587 4154 Πιμπτη
612 4084 798 4154 πληγὴ
824 4085 858 4156 ἡ
890 4083 1000 4141 τῶν
1021 4087 1376 4156 τετραπόδων
1392 4087 1588 4158 φθορά.
1615 4105 1636 4142 ι
1657 4087 1792 4146 Ἰδοὺ
1823 4108 1844 4143 ι

2019 4092 2207 4166 Itaque
2236 4108 2426 4157 secuta
2456 4109 2544 4160 est
2583 4104 2740 4177 plaga
2771 4107 2988 4176 quinta,
3031 4107 3286 4166 videlicet
3307 4111 3529 4181 jumen-

283 4171 390 4242 γάρ
423 4189 559 4242 φησι
587 4173 723 4242 πρὸς
751 4173 954 4245 Φαραὼ
991 4175 1020 4228 ό
1045 4175 1274 4247 Μωσῆς,
1310 4193 1332 4229 ι
1371 4176 1457 4231 δτι
1482 4178 1603 4250 χεὶρ
1639 4179 1848 4250 Κυρίου

1960 4192 2126 4241 lorum
2158 4195 2214 4244 et
2266 4203 2528 4260 pecorum
2559 4197 2804 4252 omnium
2854 4197 2994 4254 lues.
3049 4199 3140 4257 Sic
3180 4202 3326 4258 enim
3359 4206 3529 4263 sacra:

279 4263 430 4318 ἔσται
462 4266 520 4317 ὲν
562 4266 696 4319 πᾶσι
725 4267 840 4330 τοῖς
865 4265 1090 4337 κτήνεσι
1130 4283 1246 4334 σου,
1280 4268 1375 4325 καὶ
1405 4267 1633 4334 θάνατος
1673 4271 1848 4340 μέγας

1960 4277 2170 4337 Littera;
2195 4290 2453 4342 narrant:
2489 4303 2508 4337 ι
2549 4285 2694 4344 Dixit
2716 4290 2993 4349 Pharaoni
3030 4293 3230 4361 Moses,
3264 4297 3344 4352 En
3400 4315 3520 4354 ma.

282 4353 508 4424 σφόδρα.
550 4356 663 4409 Καὶ
691 4355 918 4440 ἑποίηρε
966 4355 1170 4428 Κύριος
1213 4357 1278 4412 τὸ
1325 4360 1483 4432 ῥῆμα
1517 4360 1677 4416 τοῦτο
1701 4399 1716 4426 ,
1754 4363 1848 4419 καὶ

1960 4385 2079 4427 num
2105 4386 2270 4430 suam
2297 4373 2562 4434 Dominus
2587 4379 2640 4434 in
2675 4383 2858 4438 omnia
2893 4394 2986 4441 tua
3015 4386 3264 4453 iumenta
3312 4391 3391 4447 sic
3419 4392 3524 4447 im-

277 4445 638 4516 ἐτελεύτησαν
687 4447 867 4502 πάντα
896 4446 965 4504 τὰ
1010 4450 1183 4520 κτήνη
1220 4449 1698 4550 τῶνιθίγυπτίων,
1733 4453 1845 4507 άπὸ

1960 4459 2150 4527 mittet,
2181 4470 2244 4518 ut
2265 4463 2461 4536 ingens
2482 4468 2843 4528 subsecutura
2877 4475 2949 4530 sit
2969 4445 3108 4532 lues.
3141 4445 3533 4550 Fecitque

218 4562 220 4564 τ
275 4536 332 4589 δὲ
380 4537 487 4590 τῶν
522 4538 735 4609 κτηνῶν
783 4538 894 4595 τῶν
922 4539 1056 4594 υἱῶν
1095 4522 1698 4614 Ἱσραὴλῖτελεύτησεν
1722 4543 1844 4598 οὐδὲ

1960 4551 2156 4619 minus,
2182 4555 2329 4624 quod
2361 4555 2600 4616 minatus
2637 4573 2775 4630 erat,
2803 4574 2859 4621 et
2901 4570 3080 4626 omnis
3111 4522 3329 4641 generis
3357 4575 3527 4648 Egy-

276 4628 384 4682 ἔν.»
435 4630 738 4703 Ἐῦαρύνθη
770 4631 864 4686 οὖν
888 4633 923 4704 ἡ
954 4631 1152 4703 καρδία
1203 4633 1425 4704 Φαραὼ,
1455 4635 1553 4692 καὶ
1581 4635 1684 4691 οὐκ
1710 4634 1846 4692 ἀπέ-

1960 4640 2193 4710 ptiorum
2223 4645 2518 4713 pecoribus
2566 4628 2818 4718 mortuis,
2851 4669 2923 4710 ne
2954 4628 3142 4713 unumv
3168 4661 3390 4729 quidem
3430 4628 3530 4734 (iu-

277 4720 450 4774 στειλε
479 4721 572 4775 τὸν
598 4722 748 4780 λαόν.
871 4720 874 4722 ’

1960 4737 2196 4786 mentum
2216 4733 2365 4790 exiis
2379 4751 2500 4810 quas
2515 4737 2757 4798 lsraclici
2778 4745 3134 4813 possidebant
3165 4720 3374 4809 interiit
3405 4720 3470 4810 δέ.
3505 4778 3524 4812 ι

1954 4818 2320 4880 Nihilominus
2347 4827 2670 4888 obﬁrmatus
2696 4843 2780 4888 est
2815 4833 3116 4896 Pharaonis
3155 4843 3394 4914 animus,
3425 4865 3527 4908 nec

1949 4915 2185 4972 abeundi
2216 4926 2543 4988 potestatem
2566 4926 2768 4998 pepulo
2793 4928 2944 4986 fecit.
3583 4920 3592 4928 ’

2019 5006 2384 5106 Quamobrem
2423 5013 2637 5088 plagam
2690 5020 2832 5078 Deus
2861 5033 3070 5081 sextam
3113 5028 3363 5101 immisit,
3405 5051 3528 5106 qute

1944 5099 2288 5168 pustularutn
2319 5113 2435 5160 erat
2466 5109 2819 5190 exulceratio,
2862 5115 3004 5173 sicut
3045 5132 3241 5178 auctor
3282 5099 3526 5185 historia:

1943 5203 2114 5245 sacrae
2146 5203 2353 5250 narrat.
2389 5214 2407 5248 ι
2435 5196 2923 5274 Quemadmodum,
2949 5211 3126 5283 inquit
3147 5216 3215 5285 ",
3261 5217 3523 5278 Dominus

351 4987 528 5062 Ἕκτη
559 4987 744 5061 πληγὴ
777 4990 812 5062 ἡ
852 4991 964 5045 τῶν
1011 4992 1318 5064 φλυκτίδων
1364 4992 1612 5060 ἐπίθεσις
1633 4997 1667 5060 ,’
1697 4997 1843 5053 καθά

270 5091 458 5148 φησιν·
509 5097 528 5131 ι
573 5079 833 5152 Ἐλάλησε
866 5083 1072 5155 Κύριος
1129 5085 1423 5142 καὶνέλαϐε
1474 5088 1680 5160 Μωσῆς
1739 5091 1841 5160 τὴν

271 5169 507 5241 αἱθάλην
536 5171 633 5242 τῆς
662 5173 895 5243 καμίνου
947 5176 1193 5234 ἐναντίον
1226 5177 1450 5249 Φαραὼ,
1497 5181 1592 5240 καὶ
1633 5181 1838 5236 ἐπασεν

269 5262 439 5330 αὐτὴν
463 5264 544 5325 είς
575 5263 666 5316 τὸν
693 5266 940 5336 οὐρανόν.
965 5269 1075 5322 Kal
1107 5269 1327 5338 ἐγένετο
1357 5269 1512 5343 ἕλκη,
1551 5271 1838 5342 φλυκτιδες

259 5353 591 5428 ,ἀναζέουσαι
625 5354 683 5409 ἑν
713 5374 773 5410 τε
802 5359 918 5421 τοῖς
951 5358 1265 5431 ἀνθρώποις
1295 5362 1391 5415 καὶ
1416 5363 1474 5417 ὲν
1505 5365 1620 5427 τοῖς
1646 5365 1842 5435 τετρά-

261 5435 418 5512 ξποσι,
444 5447 540 5498 καὶ
561 5446 662 5500 οὐκ
686 5445 952 5516 ἠδύναντο
979 5452 1028 5504 οἱ
1063 5454 1346 5521 φαρμακοὶ
1376 5455 1572 5526 στῆναι
1596 5457 1839 5512 ἐναντίον

268 5534 456 5589 Mosae!
483 5537 572 5592 διὰ
606 5539 673 5592 τά
722 5541 880 5612 ἕλκη.
934 5540 1068 5597 Εῐπε
1092 5546 1149 5598 δὲ
1191 5547 1396 5618 Κύριος
1431 5548 1570 5620 πρὸς
1603 5551 1834 5623 Μωσῆνο

1960 5559 2255 5617 tominibus
2293 5575 2454 5634 quam
2487 5570 2700 5627 ca‘teris
2734 5578 3214 5648 quadrupedibus,
3261 5583 3403 5640 adeo
3456 5594 3520 5639 ut

273 5626 565 5698 Ὄρθρισον
603 5633 662 5685 τὸ
693 5633 857 5703 πρωῒ,
897 5635 992 5689 καὶ
1042 5637 1164 5692 εἰπὲ
1203 5641 1339 5709 πρὸς
1370 5641 1595 5713 Φαραώο
1647 5642 1712 5697 El
1758 5645 1835 5717 μὴ

2311 5626 2328 5634 _
2684 5626 2694 5627 ,
2741 5626 2899 5644 τη---
2918 5626 3179 5648 --ρ---η
3199 5626 3214 5647 ,
3261 5626 3400 5640 ...ην
3457 5626 3518 5639 ...

1960 5649 2040 5717 psi
2065 5650 2229 5707 etiam
2260 5657 2490 5713 veneﬁci
2513 5663 2749 5732 amplius
2771 5679 2992 5742 propter
3011 5671 3192 5728 ulcera
3211 5675 3518 5732 consistere

333 5791 380 5824 ⁸⁸
409 5791 578 5849 Exod.
622 5810 739 5863 vui,
770 5797 855 5855 10.
893 5800 937 5834 ⁵⁸
967 5802 1096 5858 ibid.
1130 5805 1216 5860 12.
1293 5808 1339 5841 ⁵⁸
1366 5807 1536 5866 Exod.
1567 5827 1641 5877 Ix,
1675 5814 1730 5870 5.
1819 5817 1848 5848 ⁸⁴

1960 5817 2028 5875 id.
2066 5820 2153 5874 Η.
