3936 6470
245 458 349 518 997
720 451 727 456 ’
1480 451 1799 514 ANNALll

1952 454 2124 514 MRS
2166 454 2248 511 Π.
3388 441 3506 504 298

248 569 372 621 σθαι
402 566 713 636 δυνάμενοι,
739 561 816 633 τῷ
853 560 1055 633 Φαραὼ
1080 560 1385 629 κατεϐόων,
1415 561 1502 632 ἐφ’
1532 558 1577 631 ᾧ
1616 565 1711 618 καὶ
1732 564 1802 618 eo

1954 567 2125 628 uedia,
2186 563 2334 618 nullo
2367 570 2591 632 urgente
2639 561 2852 625 morbo,
2913 560 3065 616 liberi
3124 556 3508 629 {Egyptioruur

246 659 371 713 λαὸν
410 657 558 711 ἄκων
597 654 861 709 ἀπέλυσε.

1949 655 2420 711 nterilciebantur.
2476 651 2611 709 Cum
2649 662 2829 706 autem
2879 652 3120 706 diluculo
3152 650 3502 721 expergisce-

247 760 443 804 rentur
478 757 532 823 et
560 746 915 803 charissimos
970 756 1149 803 natos
1184 748 1484 803 exstinctos
1527 746 1824 810 viderent,
1863 761 1974 802 non
2043 747 2153 817 iam
2221 745 2458 817 amplius
2491 760 2549 801 se
2585 744 2745 816 154
2778 743 3059 800 continere
3090 745 3335 799 valentes
3381 756 3503 796 eum

249 841 573 896 clamoribus
611 838 952 894 Pharaonem
1010 839 1267 907 adibant;
1305 841 1505 910 quibus
1552 840 1644 896 ille
1706 847 1989 910 permotus
2025 837 2283 908 populum
2318 836 2537 891 tandem
2567 836 2649 890 vel
2687 837 2891 891 invitus
2914 835 3145 892 dimisit.

318 934 468 1002 Πλὴν
499 933 592 985 ἐπὶ
617 932 855 999 τούτοις,
888 931 1166 1003 ἀγαπητὲ,
1220 931 1297 1003 μὴ
1329 932 1650 999 άνθίστασο,
1689 931 1826 1004 μηδὲ

1997 931 2267 985 Czeterum
2319 930 2444 984 nolo
2468 938 2542 994 te,
2568 928 2766 983 dilecte
2808 929 2903 994 lili,
2957 929 3057 983 hac
3113 928 3165 982 in
3197 927 3508 982 narratione

255 1024 379 1091 λέγε
406 1025 489 1078 ὅτι
522 1023 587 1077 El
624 1025 654 1076 ό
688 1024 823 1089 Θεὸς
868 1025 1160 1094 σκληρύνει
1204 1023 1305 1095 τὴν
1332 1024 1568 1096 καρδίαν
1598 1024 1809 1096 Φαραὼτ

1956 1021 2075 1076 nihi
2118 1020 2475 1091 refragrando
2505 1019 2806 1084 adversari,
2843 1033 2947 1073 nec
2981 1018 3302 1086 huiusmodi
3355 1017 3510 1085 quid-

256 1114 402 1180 τίνος
458 1115 652 1171 Ξνεκεν
704 1116 1080 1188 ἐπιμέμφεται
1145 1118 1295 1190 αὖτῷ
1354 1118 1810 1190 σκληρυνομένῳς

1955 1115 2052 1167 lam
2083 1104 2326 1184 obiicere
2353 1130 2366 1166 :
2402 1110 2460 1167 Si
2493 1110 2635 1166 Deus
2663 1111 2902 1165 animum
2936 1109 3236 1165 Pharaonis
3266 1110 3509 1165 obstina-

256 1207 494 1260 Γίνωσκε
523 1207 632 1276 γὰρ
663 1207 802 1277 ὅτιὴ
838 1208 1005 1278 ἀνοχὴ
1054 1208 1165 1263 τῶν
1206 1209 1495 1279 μαστίγων
1540 1209 1692 1264 αἰτία
1728 1209 1810 1275 τῆς

1957 1221 2045 1260 um
2070 1205 2329 1271 reddidit,
2360 1203 2715 1274 quamobrem
2749 1203 3105 1273 pertinaciter
3142 1212 3196 1257 et
3225 1202 3511 1256 obﬁrmato

257 1298 566 1368 πωρώσεως
592 1299 741 1370 αὐτῷ
772 1298 1023 1369 γέγονεν,
1077 1299 1154 1364 ὡς
1199 1301 1228 1354 ό
1259 1302 1432 1371 μέγας
1471 1305 1608 1372 φησι⁸
1658 1302 1811 1356 Βασί-

1966 1297 2114 1351 ηἰηιο
2165 1296 2271 1353 sibi
2337 1294 2634 1366 reluctagti
2692 1293 3002 1349 irascitur?
3049 1291 3316 1347 Nimirum
3372 1292 3514 1347 scire

258 1388 418 1449 λειος.
458 1388 594 1441 οὐδὲ
636 1387 747 1458 γὰρ
776 1388 1033 1443 εἴκουσαν
1062 1389 1163 1460 τὴν
1210 1390 1424 1445 ἑκείνου
1463 1391 1692 1464 καρδίαν
1729 1393 1812 1448 λα-

1962 1388 2101 1443 ebes
2139 1387 2492 1443 aﬂlictionum
2548 1386 2893 1442 tolerantiam
2924 1385 3093 1440 fuisse
3123 1400 3342 1440 causam
3396 1386 3516 1438 uni-

261 1478 373 1531 ϐὼν
397 1478 493 1531 καὶ
533 1479 862 1551 πειθομένην
892 1480 1058 1535 αὐτοῦ
1082 1484 1196 1546 τοῖς
1224 1484 1637 1556 προστάγμασι,
1691 1487 1815 1557 πρὸς

1962 1494 2076 1543 am,
2107 1478 2270 1534 sicuti
2304 1494 2534 1549 magnus
2581 1478 2670 1534 ille
2694 1479 2924 1533 Basilius
2955 1477 3216 1547 loquitur,
3250 1475 3516 1546 quamob-

261 1568 322 1620 τδ
353 1568 591 1639 σκληρὸν
616 1571 714 1625 καὶ
742 1570 970 1636 ἀπειθὲς
998 1572 1399 1642 μετεπλάσατο.
1431 1575 1510 1645 Τῇ
1553 1576 1815 1647 μακροθυ-

1963 1586 2049 1625 em
2082 1568 2293 1625 Pharao
2346 1580 2634 1641 tantopere
2691 1587 2848 1625 suum
2911 1570 3151 1624 animum
3201 1569 3515 1623 ohduraret.

260 1658 368 1729 ,μία
391 1659 578 1714 λοιπὸν
609 1663 703 1718 ἐπὶ
745 1662 909 1716 πλέον
941 1662 1117 1717 ὲποίει
1163 1664 1369 1735 ταύτην
1405 1666 1814 1743 σκλτιούνεσθαι

1966 1665 2081 1716 Deus
2107 1663 2276 1724 enim,
2300 1663 2395 1732 qui
2430 1663 2671 1716 animum
2697 1662 2816 1732 eius
2847 1662 2989 1715 haud
3033 1660 3321 1721 cedentem
3372 1660 3520 1714 suis-

262 1745 412 1816 .”ορα
432 1748 543 1819 γὰρ
567 1748 642 1813 ὡς
682 1749 904 1805 ἐπειδὰν
932 1752 1139 1821 ἐπῆγεν
1166 1752 1255 1807 ἐπ’
1275 1754 1442 1809 αὐτὸν
1470 1737 1568 1819 τάξ
1596 1757 1814 1827 πληγὰς

1969 1769 2052 1824 [ue
2116 1756 2389 1810 mandatis
2442 1755 2911 1824 obtemperantem
2955 1753 3278 1824 accepisset,
3318 1767 3523 1820 nequa-

264 1837 522 1921 άπσλὺειν
554 1840 645 1893 τὸν
669 1840 797 1895 λαδν
835 1843 1226 1914 ἐπηγγέλλετο,
1257 1847 1422 1917 ἡνίκα
1452 1848 1510 1901 δὲ
1540 1849 1693 1918 ἠφίει
1726 1849 1818 1902 τῶι

1968 1863 2107 1917 luam
2140 1847 2292 1902 illum
2326 1847 2391 1902 ad
2435 1847 2691 1901 duritiem
2743 1845 3207 1913 pertinaciamque
3243 1842 3412 1897 tinxit.
3448 1842 3522 1895 De

273 1925 518 1996 βασάνων
548 1930 734 1997 αὐτὸν,
767 1932 1156 2004 ἑσκληρύνετο.
1208 1936 1277 1989 Ὃ
1324 1937 1388 2006 δὴ
1420 1940 1517 1992 καὶ
1566 1939 1598 2009 ἠ
1643 1939 1827 2012 Γραφὴ

1965 1953 2056 2008 luo
2109 1938 2370 2007 consequi
2422 1951 2647 1992 necesse
2696 1946 2780 1992 est
2833 1935 2927 1990 Dei
2980 1934 3268 1990 tolerantia
3321 1933 3519 1988 factum

271 2018 614 2083 σημαίνουσα
652 2020 862 2091 ἔλεγεν·
898 2041 919 2077 ι
964 2023 1113 2079 Ἰδὼν
1141 2026 1200 2080 δὲ
1247 2028 1451 2099 Φαραὼ
1492 2030 1576 2084 ὅτι
1604 2031 1825 2098 Γέγονει

1968 2028 2118 2083 'uisse
2163 2037 2222 2083 ut
2263 2027 2434 2100 magis
2463 2028 2679 2085 animus
2736 2026 2905 2097 ipsius
2946 2025 3353 2081 obfirmaretur.
3388 2023 3522 2077 Nam

269 2106 549 2176 ἀνάφυξις,
577 2111 812 2182 ἐϐάρυνε
842 2115 943 2185 τὴν
962 2117 1193 2188 καρδίαν
1215 2118 1408 2185 αὐτοῦ,
1427 2122 1522 2175 καὶ
1550 2123 1655 2175 οὐκ
1676 2123 1823 2194 είσή·

1968 2120 2075 2175 ride
2122 2119 2278 2186 mihi,
2331 2118 2584 2194 obsecro,
2639 2134 2748 2186 quo
2794 2127 2954 2190 pacto
3008 2132 3098 2173 res
3153 2127 3302 2187 gesta
3338 2115 3522 2184 fuerit.

274 2215 465 2254 κουσεν
517 2203 722 2262 αὐτῶν.
780 2206 943 2262 Ἀλλὰ
983 2212 1079 2263 καὶ
1102 2210 1270 2265 αὐτοῦ
1310 2207 1565 2282 λέγοντος
1607 2188 1828 2270 ἄκουσαι

1972 2210 2172 2277 Quoties
2208 2188 2910 2267 homiuem'ealamitatibus
2953 2220 3007 2263 et
3034 2209 3206 2279 plagis
3259 2207 3526 2266 alliceret,

271 2287 373 2378 του
399 2288 535 2344 Θεοῦ
569 2290 652 2344 ὅτι
681 2292 777 2355 Είς
798 2293 932 2349 αὐτὸ
968 2295 1129 2351 τοῦτο
1154 2298 1418 2371 ἐξήγειρά
1455 2318 1538 2369 σε,
1569 2303 1717 2366 ὅπως
1758 2306 1825 2359 ἐν·

2082 2322 2302 2363 ssurum
2341 2306 2431 2360 ille
2482 2320 2540 2359 se
2590 2303 2852 2375 populum
2889 2302 3268 2378 pollicebatur.
3304 2301 3373 2355 At
3430 2297 3529 2353 ubi
3627 2329 3636 2340 -

271 2376 536 2447 δείξωμαι
572 2381 631 2433 ἑν
666 2380 750 2433 σοὶ
777 2380 878 2453 τὴν
919 2383 1154 2456 δύναμίν
1192 2403 1331 2457 μου,
1374 2390 1469 2443 καὶ⁸
1497 2393 1648 2457 ὅπως
1691 2396 1825 2465 διαγ

1973 2415 1984 2453 ι
2011 2398 2226 2452 diverso
2248 2398 2409 2452 finem
2440 2394 2711 2464 aﬂligendi
2747 2394 2998 2456 faciebat,
3036 2376 3362 2449 obstinatior
3393 2406 3527 2448 eva-

276 2467 446 2539 γελθῇ
477 2468 539 2523 τδ
564 2471 738 2541 ὖνομά
770 2490 876 2542 μου
906 2477 965 2529 ὲν
998 2476 1153 2550 πάσῃ
1197 2482 1265 2550 τῇ
1298 2483 1394 2551 γῇ.
1434 2481 1522 2553 Μὴ
1551 2483 1680 2554 λέγε
1723 2486 1830 2541 δια-

1980 2489 2136 2543 lebat.
2167 2486 2284 2542 Hoc
2317 2486 2560 2541 indicare
2586 2485 2831 2540 volentes
2860 2484 3081 2539 Litterae
3122 2493 3309 2541 sacrae
3353 2487 3534 2542 verbis

280 2558 633 2652 πορούμενος,
657 2563 776 2620 Ἵνα
807 2568 1082 2645 γνωρίζῃς
1108 2570 1210 2642 τὴν
1242 2571 1473 2644 δύναμίν
1522 2593 1642 2641 σου,
1682 2579 1834 2633 κολά-

1978 2578 2269 2652 Quiusmodi
2304 2588 2434 2632 sunt
2489 2592 2640 2632 usae:
2681 2594 2699 2627 ι
2759 2575 2900 2630 Cum
2938 2575 3155 2631 Pharao
3207 2590 3268 2631 se
3300 2584 3450 2630 tanto
3503 2591 3532 2629 e

280 2648 410 2745 lists
438 2652 768 2745 άνθρωπονς
802 2657 976 2745 Ἄφες
1012 2659 1176 2725 αὐτὰ,
1204 2661 1302 2715 καὶ.
1335 2667 1572 2735 πρόσχες
1600 2666 1736 2737 τῷδε
1770 2669 1834 2740 τᾷ

1978 2673 2100 2727 nale
2151 2671 2448 2741 reSpirasse
2496 2677 2785 2733 cerneret,
2826 2668 2900 2727 ,in
2935 2668 3319 2731 obfirmatione
3368 2668 3532 2723 animi

276 2739 660 2835 ὑποδείγματι.
691 2746 758 2800 Ἦ
790 2739 1011 2832 ίατρικῂ
1039 2751 1206 2822 τέχνη
1233 2752 1512 2824 ὠφέλιμόν
1539 2772 1599 2809 τι
1622 2739 1828 2829 ποιῆσα

1986 2763 2188 2819 ντίεῑίηιι
2245 2739 2515 2832 perstitit,
2552 2775 2655 2815 nec
2704 2760 2910 2814 Aaroni
2963 2759 3208 2829 Mosique
3264 2760 3466 2830 paruit.
3512 2778 3540 2811 ιι

283 2832 349 2901 τῇ
389 2832 707 2908 ἀνθρωπίνῃ
752 2838 913 2908 φύσει
965 2844 1346 2909 σπουδάζουσα
1378 2846 1593 2911 ζῶντας
1642 2845 1837 2924 ἀνθρὼ-

1977 2855 2099 2924 ὶυίι]
2151 2856 2316 2911 etiam
2366 2869 2490 2910 eum
2553 2854 2723 2907 Deum
2783 2852 2963 2923 ipsum
3015 2852 3286 2907 dicentem
3342 2851 3531 2906 audis:

289 2924 755 3031 foug‘tltvfteiuv.
799 2930 941 2984 Ἀλλ’
983 2926 1054 3004 ἦν
1087 2935 1188 3003 μὲν
1221 2938 1318 2992 καὶ
1358 2936 1525 3012 τοῦτο,
1551 2941 1757 3010 ἄδικον,
1789 2944 1843 2999 τί

1984 2970 1985 2975 η
2031 2948 2274 3006 Exeitavi
2312 2956 2364 3003 te
2396 2946 2543 3002 illam
2575 2945 2746 3015 ipsam
2778 2945 2849 3001 ob
2887 2960 3136 3011 causam,
3185 2954 3243 2998 ut
3298 2954 3538 3014 potesta-

402 3014 736 3123 ἐἰνατέρων
784 3023 1064 3094 σωτηρίαν
1091 3025 1305 3093 ’ζῶντας
1344 3011 1544 3095 ἄλλους
1599 3032 1826 3090 θύεσθαι

1983 3056 2068 3099 em
2106 3041 2162 3095 in
2196 3050 2249 3105 te
2300 3056 2475 3095 meam
2511 3039 2780 3095 declarcm
2824 3054 2924 3109 per
2972 3036 3290 3093 universum
3347 3038 3533 3093 orbem

285 3105 349 3201 Τί
376 3105 468 3159 οὗν
498 3108 717 3164 ἐποίουν
760 3115 813 3167 oi
844 3117 1099 3186 άρχαῖοι;
1142 3120 1247 3174 Τὸν
1298 3125 1706 3195 κατακριοέντα
1756 3128 1839 3182 θα-

1982 3149 2257 3195 .errarum,
2298 3152 2318 3185 ι
2380 3132 2486 3186 noli
2520 3133 2705 3187 animo
2748 3105 2971 3201 ancipiti
3019 3145 3084 3185 ac
3136 3130 3421 3185 dubitante
3455 3130 3536 3185 di—

284 3195 431 3294 νάτιρ
456 3200 751 3285 ὑποπεσεῖν
784 3208 873 3262 διὰ
902 3209 1157 3280 λῃστείαν
1187 3212 1221 3283 ἢ
1254 3217 1631 3284 φαρμακείαν,
1663 3218 1838 3274 τοῦτω

1984 3242 2129 3291 ξενος
2160 3220 2309 3280 itane
2342 3234 2628 3294 propterea
2669 3224 2831 3292 punis
2863 3223 3164 3288 hominem,
3199 3231 3260 3277 ut
3300 3232 3538 3292 potesta—

286 3290 660 3360 λαμϐάνοντες
688 3298 983 3369 ἀνέτεμνον
1014 3303 1214 3371 ζῶντα,
1246 3304 1370 3358 οὔτε
1414 3308 1732 3374 ἀδικοῦντες
1762 3314 1840 3367 τοι

1993 3334 2076 3373 em
2107 3326 2250 3372 tuam
2288 3326 2535 3371 testalam
2571 3315 2773 3371 facias?
2809 3314 3011 3369 Omitte
3060 3316 3211 3369 istaec
3258 3290 3443 3377 verba,
3468 3327 3541 3370 {et

290 3383 650 3484 κολαζόμενον
674 3390 771 3484 καλ
791 3395 859 3462 τῇ
886 3393 1201 3468 ἀνθρωπίνῃ
1226 3398 1388 3465 φύσεί
1420 3399 1678 3472 βοήθειαν
1701 3406 1844 3473 ἐφευ-

1983 3412 2100 3466 huic
2129 3410 2377 3479 exemplo
2429 3411 2670 3463 animum
2719 3408 2964 3463 adverte.
3018 3407 3119 3463 Ars
3164 3409 3371 3464 medica
3402 3426 3537 3464 non-

288 3478 591 3541 ρέσκοντες.
637 3478 959 3551 ’Δνέτεμνον
1004 3480 1100 3538 οὖν
1153 3489 1362 3541 ἐκεῖνον
1392 3490 1605 3559 ζῶντα,
1639 3495 1729 3548 ἵνα
1773 3494 1833 3549 ἐτ

1986 3500 2109 3554 tihil
2169 3478 2449 3553 hominum
2511 3508 2718 3553 natura:
2778 3498 3029 3552 utilitatis
3081 3492 3277 3552 afferre
3343 3514 3540 3568 magno

295 3565 638 3635 σπαιρόντων
674 3571 784 3624 τῶν
819 3572 1149 3645 σπλάγχνων
1184 3594 1321 3631 κατα
1333 3578 1547 3649 μάθωσι
1582 3582 1681 3654 τὴν
1709 3585 1849 3657 ὲνέρ·

1985 3590 2145 3646 studio
2175 3590 2361 3644 volens
2409 3590 2561 3644 vives
2617 3589 2868 3643 homines
2903 3604 3090 3644 secare
3127 3589 3383 3643 instituit.
3435 3587 3539 3641 Ve-

199 3729 204 3732 .
292 3670 467 3759 γειαν.
499 3659 655 3714 Οὕτω
683 3663 784 3732 μὲν
820 3661 915 3719 οὖν
962 3667 1058 3721 καὶ
1108 3669 1139 3721 ό
1180 3671 1567 3745 ἀριστοτέχνης
1609 3676 1742 3740 θεὸς

1999 3699 2087 3736 um
2112 3683 2394 3736 enimvero
2418 3681 2762 3750 periniqunm
2795 3689 2849 3734 et
2883 3681 3242 3735 inhumanum
3268 3692 3389 3736 erat
3409 3683 3546 3736 alio-

290 3751 383 3842 τοζο
415 3751 651 3817 ἀνιάτως
701 3757 1088 3828 ἡμαρτηκότος
1135 3763 1337 3833 Φαραὼ
1391 3768 1592 3834 σημεῖα
1646 3769 1844 3836 μεγάλα

1988 3789 2087 3826 ἰιιιι
2121 3772 2317 3828 salutis
2341 3787 2503 3826 causa
2546 3771 2697 3835 vivos
2727 3770 2865 3824 alios
2900 3772 3152 3825 mactari.
3183 3772 3325 3837 Quid
3379 3772 3542 3842 igitur

292 3839 553 3909 δείκνυσι,
577 3845 667 3900 τὸν
695 3849 796 3917 μὲν
833 3849 987 3914 ἄξιον
1016 3854 1293 3924 τιμωρίας
1323 3855 1589 3924 κολάζων,
1624 3859 1751 3922 τοὺς
1802 3861 1846 3914 δί

1988 3865 2217 3919 nomines
2241 3864 2315 3919 illi
2349 3863 2510 3934 prisci
2541 3864 2757 3918 tandem
2784 3863 3072 3919 fecerunt?
3099 3864 3368 3917 Nimirum
3392 3880 3542 3918 sutu-

297 3934 436 4001 μετὰ
462 3935 635 3991 ταῦτα
691 3944 1012 4011 γενομένους
1061 3945 1265 4018 ἄριστα
1297 3948 1638 4017 θεραπεύων,
1679 3967 1851 4021 σωτη-

1992 3956 2071 4011 itis
2106 3957 2171 4010 iis
2193 3957 2284 4027 qui
2311 3956 2394 4011 vel
2423 3956 2559 4011 alios
2587 3956 2881 4025 depraadati
2924 3956 3154 4010 fuissent
3196 3956 3279 4010 vel
3329 3971 3546 4010 veneno

296 4025 419 4096 ρίας
454 4030 712 4088 ὑπόθεσιν
748 4035 851 4106 τὴν
898 4037 1113 4093 ἐκείνου
1154 4041 1428 4122 τιμωρίαν
1463 4042 1659 4108 αὐτοῖς
1693 4062 1850 4118 παρε-

1992 4047 2430 4113 ιυεσκιῐῖδεριιι,οο
2462 4058 2747 4117 propterea
2792 4045 3139 4100 condemnati
3193 4044 3259 4100 ad
3316 4053 3546 4100 mortem

296 4123 544 4215 χὸμενος.
572 4124 685 4180 Καὶ
715 4130 844 4200 περὶ
871 4129 974 4201 μὲν
1000 4132 1209 4188 τούτων
1238 4134 1433 4199 οὕτως.

1994 4148 2175 4207 essent,
2206 4139 2360 4194 vivos
2413 4140 2692 4195 secabant.
2732 4137 2844 4194 Hoc
2873 4138 3037 4193 modo
3067 4137 3230 4215 ticbat
3278 4145 3338 4192 ut
3372 4150 3548 4207 neque

296 4204 572 4288 puniendo
608 4224 814 4280 homini
842 4227 1085 4284 facerent
1114 4228 1375 4299 iniuriam
1440 4240 1496 4287 et
1553 4242 1762 4289 natura!
1826 4226 2137 4290 mortalium
2195 4236 2399 4305 aliquid
2434 4234 2736 4305 adiumenti
2768 4233 3096 4305 reperirent.
3139 4203 3329 4301 Imque
3368 4203 3550 4286 vivum

297 4315 533 4386 aliquem
600 4320 760 4374 talem
827 4323 1119 4391 secabant,
1170 4336 1230 4379 ut
1272 4326 1573 4382 visceribus
1641 4312 2063 4394 adhucpiotum
2113 4345 2270 4386 suum
2341 4332 2704 4387 retinentibus
2749 4346 2941 4386 eorum
2983 4328 3299 4385 effectiones
3348 4341 3552 4397 cogno-

302 4424 535 4470 scerent.
573 4414 771 4472 Eodem
811 4426 969 4487 pacto
1030 4418 1175 4473 Deus
1211 4419 1410 4475 artifex
1473 4421 1580 4479 ille
1633 4424 2121 4492 pratstantissimus
2156 4425 2214 4479 in
2279 4424 2567 4480 Pharaone
2616 4425 2991 4480 insanabiliter
3042 4421 3396 4491 delimiuente
3431 4436 3553 4489 pro.

290 4509 446 4579 digia
476 4511 721 4580 quaedam
768 4514 1007 4583 ingentia
1036 4516 1170 4583 edit,
1223 4523 1334 4569 tum
1385 4525 1446 4572 ut
1503 4518 1678 4584 ipsum
1749 4533 1938 4587 poenas
1977 4519 2358 4574 commeritum
2395 4520 2636 4588 puniret,
2670 4528 2781 4573 tum
2832 4526 2891 4572 ut
2922 4516 3152 4587 posteris
3192 4515 3400 4584 optime
3425 4530 3555 4570 con-

301 4601 745 4683 suleret,quibus
777 4604 1080 4662 Pharaonis
1119 4606 1446 4678 supplicium
1486 4607 1640 4679 origo
1673 4609 1865 4665 salutis
1903 4610 2209 4665 exsisteret.
2274 4611 2349 4666 Et
2388 4610 2504 4665 haec
2548 4610 2769 4681 quidem
2820 4611 2872 4662 in
2919 4608 3067 4662 hunc
3130 4606 3351 4660 modum
3385 4606 3558 4674 expli—

300 4706 417 4753 cata
446 4692 629 4753 sunto‘.

262 4850 265 4855 _
369 4789 530 4845 Μετὰ
557 4790 614 4847 δὲ
639 4790 740 4863 τὴν
760 4791 999 4865 δεκάτην
1029 4794 1247 4865 πληγὴν
1281 4795 1473 4849 θύουσι
1508 4798 1568 4850 τὸ
1598 4797 1811 4867 πρόϐατ

2051 4796 2184 4854 Post
2237 4798 2506 4854 decimam
2559 4798 2703 4855 hanc
2756 4794 3117 4854 calamitatem
3174 4795 3560 4867 Egyptiorum

299 4885 350 4938 οί
388 4884 633 4954 Ἑϐραῖοι
664 4886 759 4939 καὶ⁸
793 4886 937 4940 οὕτω
960 4887 1061 4955 τῆς
1083 4888 1362 4956 Αἰγύπτου
1400 4888 1576 4953 ὲξίασι
1606 4890 1751 4944 κατὰ
1774 4891 1853 4961 rip

2008 4890 2219 4945 sraeliei
2258 4906 2458 4961 agnum
2494 4900 2757 4958 mactant,
2815 4900 2978 4961 atque
3011 4891 3087 4943 ita
3119 4888 3339 4957 demum
3397 4903 3562 4943 exce-

301 4976 907 5047 τεσσαρεσκαιδεκάτην
964 4978 1063 5047 τῆς
1107 4978 1359 5049 σελήνης.
1407 4978 1524 5047 Ἐφ’
1561 4972 1606 5047 ᾧ
1643 4980 1740 5032 καὶ
1776 4980 1855 5032 νῦε

2009 4983 2122 5036 lunt
2146 4980 2400 5053 Egypto,
2421 4974 2508 5036 die
2531 4983 2738 5037 mensis
2757 4983 2901 5037 illius
2919 4981 3134 5036 decimo
3155 4988 3374 5049 quarto.
3401 4979 3563 5035 Unde

302 5067 383 5121 ἐτι
409 5071 550 5122 κατὰ
573 5067 634 5121 τὸ
656 5066 777 5131 ἔθος
803 5068 948 5122 οὕτω
971 5067 1183 5134 θύουσι,
1207 5068 1308 5139 τὴν
1328 5070 1539 5139 ,ἑορτὴν
1564 5069 1658 5123 τοῦ
1685 5072 1856 5140 Πάσχα

2126 5074 2349 5131 inolevit
2376 5075 2620 5128 utetiam
2653 5090 2800 5128 nunc
2845 5088 3042 5144 agnum
3081 5070 3154 5125 ita
3188 5079 3452 5134 mactem,
3501 5085 3567 5126 ac
3643 5061 3658 5071 ’

302 5157 637 5223 καλοῦντες·
686 5158 963 5230 σημαίνει
1023 5160 1082 5212 δὲ
1139 5161 1542 5228 ὑπερϐασίην.
1606 5154 1749 5215 Ἀλλ’
1798 5161 1856 5214 ὼε

2014 5177 2181 5221 estum
2240 5166 2397 5238 155
2448 5167 2580 5221 illud
2629 5165 2835 5221 Pascha
2894 5172 3258 5234 nuncupant,
3307 5180 3429 5234 qua;
3460 5178 3568 5219 vox

316 5250 578 5322 Ἰώσηπός
615 5268 773 5322 φησι,
823 5250 959 5305 διότι
1000 5252 1122 5306 κατ’
1183 5252 1404 5322 ἐκείνην
1435 5255 1535 5323 τὴν
1580 5254 1870 5326 ἑσπέρανέ

2011 5261 2272 5311 ransitum
2303 5256 2592 5327 significat,
2625 5255 2772 5325 quod
2804 5255 3086 5318 nimirum,
3113 5250 3354 5322 Josepho
3407 5259 3565 5322 teste,

303 5342 438 5405 Θεὸς
464 5344 645 5398 αὐτῶν
675 5345 1267 5412 ὖπερϐὰςΑίγυπτίοις
1293 5348 1643 5418 ἐναπέσκηψε
1668 5347 1766 5421 τὴν
1797 5350 1857 5402 νό

2012 5352 2124 5402 Deus
2179 5348 2272 5400 illo
2327 5362 2557 5416 vespere
2587 5342 2883 5401 'transiens
2937 5342 3219 5398 lsraelicos
3270 5337 3474 5394 caadem
3511 5335 3566 5389 in

308 5450 419 5487 σον.
443 5434 743 5504 Φεύγοντες
771 5437 815 5491 δ’
854 5433 949 5491 οὖν
975 5438 1023 5490 οἱ
1069 5436 1337 5507 Ἑϐραῖοι,
1387 5441 1483 5491 καὶ
1516 5438 1744 5507 μηδενὸς
1774 5440 1862 5492 τῶε

2015 5438 2268 5511 Egyptios
2316 5437 2624 5493 immiserit.
2681 5433 2819 5491 Hinc
2866 5434 3047 5507 fugam
3080 5432 3413 5503 arripientes
3455 5429 3569 5483 lle-

307 5528 417 5578 άπὸ
438 5526 537 5597 τῆς
561 5528 662 5599 γῆς
690 5528 1055 5599 εὐποροῦντες
1086 5530 1176 5584 διὰ
1204 5532 1305 5600 τὴν
1344 5531 1583 5602 ἐρημίαν
1626 5547 1861 5601 πεφυρα-

2012 5530 2140 5596 »raei,
2164 5546 2287 5584 cum
2315 5537 2472 5583 terra:
2498 5530 2776 5583 fructuum
2807 5527 3018 5597 copiam
3050 5524 3253 5579 nullam
3280 5522 3566 5605 haberent,

313 5619 499 5689 μένοις
522 5623 632 5684 τοῖς
664 5622 913 5693 ἀλεύροις
950 5623 1047 5678 καὶ
1086 5622 1362 5693 πεπηγόσι
1406 5624 1567 5692 μόνον
1601 5623 1708 5696 ego
1744 5623 1867 5694 βρα-

2014 5623 2129 5692 mod
2165 5628 2347 5678 essent
2370 5622 2460 5677 illa
2484 5623 2600 5676 loca
2650 5622 2886 5685 deserta,
2920 5620 3115 5674 saltem
3147 5614 3383 5686 panibus
3409 5608 3568 5665 victi-

278 5710 462 5779 ·κείας
511 5711 848 5784 θερμότητος
891 5717 1002 5779 τοῖς
1050 5716 1146 5770 ἀπ’
1200 5715 1384 5768 αὐτῶν
1434 5716 1622 5786 ἄρτοις
1674 5715 1832 5786 διετρς

2017 5718 2196 5781 abant,
2229 5715 2323 5785 qui
2353 5716 2421 5771 de
2459 5715 2634 5770 farina
2661 5713 2860 5770 leviter
2886 5711 3112 5768 subaCta
3145 5715 3201 5763 et
3253 5705 3450 5776 exiguo
3479 5718 3571 5757 ca—

207 5805 213 5812 '
312 5815 515 5865 tpov'ro-
555 5801 666 5854 Καὶ
691 5802 903 5867 τούτοις
948 5804 1044 5857 ἐπὶ
1101 5805 1397 5875 τριάκοντα
1448 5805 1684 5875 ἡμέραις
1721 5807 1761 5875 t;

2021 5824 2105 5864 ore
2130 5814 2378 5878 percocta
2408 5806 2533 5860 facti
2562 5814 2770 5861 essent.
2803 5802 2898 5858 llis
2939 5801 3005 5857 ad
3037 5797 3371 5855 tricesimum
3401 5807 3575 5863 usque

315 5905 496 5946 σαντα·
530 5893 667 5965 πρὸς
700 5895 923 5952 πλείονα
954 5898 1062 5968 γὰρ
1102 5898 1202 5951 οὐκ
1234 5896 1543 5968 ἐξήρκεσαν
1569 5898 1763 5968 χρόνον
1796 5898 1862 5952 αὖ

2032 5901 2133 5954 ietn
2176 5906 2303 5954 sunt
2333 5898 2442 5966 usi,
2473 5913 2582 5953 non
2614 5896 3011 5953 sullicientibus
3069 5892 3135 5949 ad
3166 5890 3383 5963 longius
3434 5898 3578 5944 tem—
