3936 6424
234 395 340 458 30')

1474 396 1887 462 ANNALIUM
1924 399 2123 462 PARS
2163 402 2240 464 ll.

3372 347 3492 459 30s

234 507 535 569 Βασίλειος,
563 503 842 559 κελεύεται
869 505 959 558 διὰ
980 501 1084 573 τὴν
1112 503 1170 560 ὲν
1197 503 1275 576 τῷ
1306 503 1462 559 ὕδατι
1493 507 1804 576 ἀντιλογίαν

1909 514 2037 568 dum
2073 513 2142 568 ab
2185 512 2390 584 angelis
2428 521 2730 584 spectatur.
2781 523 3005 584 propter
3047 511 3481 567 adversationem

233 598 406 652 ἐλθεῖν
431 599 512 661 είς
539 597 600 650 τὺ
623 596 749 667 ὅρος
773 597 836 649 τὸ
868 596 1132 666 Ἀϐαρὶμ,
1160 596 1188 650 ὃ
1215 597 1311 651 καὶ⁵
1336 596 1531 651 Ναϐαῦ
1561 598 1804 667 ἐλέγετο,

233 689 326 743 καὶ
368 687 496 741 ἰδεῖν
529 685 630 758 τὴν
666 687 771 756 γῆν
806 687 903 756 τῆς
947 687 1306 756 ἐπαγγελίας,
1342 687 1440 752 καὶ
1479 687 1654 754 οὕτως
1693 691 1810 743 ἐκεῖ
1844 702 1854 709 ‘

237 778 573 848 τελευτῆσαι.
611 777 745 830 Οὐδὲ
784 776 894 849 γὰρ
935 780 1210 848 συγχωρεῖ
1241 778 1341 849 τὴν
1377 779 1590 832 ἐκείνου
1623 782 1810 833 τελευο

236 870 332 932 τὴν
354 872 380 923 6
403 869 536 933 Θεὸς
559 868 812 939 γενέσθαι
836 869 1142 940 κατάδηλον
1161 909 1176 936 ,
1202 868 1289 922 ἵνα
1317 872 1393 941 μὴ
1416 870 1486 923 τὰ
1509 871 1650 925 ὀστᾶ.
1666 872 1813 925 ὲκεί-

176 1034 200 1055 υ
237 980 325 1015 νου
347 961 603 1025 λαϐόντες
627 962 674 1015 οί
699 961 791 1014 τὸν
817 963 1021 1032 μόσχον
1045 962 1529 1033 προσκυνήσαντες
1559 963 1812 1033 θεοποιή-

237 1070 403 1106 σωσιν
449 1052 612 1106 αὐτά.
661 1052 864 1106 Τοῦτον
912 1051 1096 1121 μέντοι
1141 1053 1237 1106 τὸν
1280 1052 1557 1108 θειότατον
1603 1055 1810 1126 δηλαδὴ

236 1144 436 1199 Μωσέα
480 1145 576 1197 καὶ⁸
623 1144 776 1211 παρὰ
817 1143 977 1198 θείων
1018 1144 1265 1211 ἀγγέλων
1307 1146 1742 1216 ὲνταφιασθῆναι
1784 1148 1812 1200 ὁ

236 1237 409 1306 μέγας
451 1237 617 1307 φησὶν
655 1237 988 1305 Ἐπιφάνιος.
1028 1236 1090 1290 El
1133 1239 1243 1305 γὰρ
1286 1239 1381 1289 καὶ
1421 1239 1628 1313 ἐπέρ-τη
1662 1255 1815 1308 τηνι-

236 1328 410 1382 καῦτα
440 1329 468 1381 6
503 1327 783 1392 διάϐολος,
817 1327 961 1381 καθά
1000 1344 1167 1398 φησιν
1200 1326 1400 1391 Ἰούδας
1445 1329 1503 1382 ἐν
1538 1330 1602 1398 τῇ
1651 1330 1814 1383 καθο-

234 1420 354 1489 λικῇ
387 1415 551 1472 αὑτοῦ
584 1416 872 1487 ἐπιστολῇ,
907 1415 1087 1484 ζητῶν
1120 1433 1180 1468 τε
1215 1417 1377 1469 αὑτὸν
1408 1416 1482 1479 ὡς
1517 1419 1684 1486 φονέα
1718 1421 1813 1471 καὶ

233 1509 304 1570 ὡς
339 1503 617 1579 ἀντιλογίᾳ
650 1508 912 1568 θανόντα.
949 1507 1067 1561 ἀλλ’
1090 1507 1416 1561 ἀνθίσταται
1449 1511 1476 1562 6
1509 1510 1812 1581 ἀρχιστρὰ-

233 1617 398 1671 τηγος
423 1600 661 1672 Μιχαὴλ,
690 1601 784 1653 καὶ
817 1616 836 1650 ι
869 1599 1231 1670 Ἐπιτιμήσαι
1263 1616 1345 1653 σοι
1378 1600 1406 1653 ό
1432 1600 1637 1671 Κύριος
1671 1620 1691 1654 ι
1727 1602 1813 1655 λέ-

234 1710 319 1760 γει
351 1692 487 1762 πρὸς
518 1692 704 1747 αὐτόν.
735 1677 883 1746 Είκδὲ
909 1690 1085 1744 ταῦτα
1113 1688 1289 1754 οὕτως
1319 1690 1435 1762 ἔχει
1456 1731 1472 1757 ,
1508 1691 1611 1745 ποῦ
1647 1694 1813 1763 θήσο-

237 1799 335 1852 μεν
373 1783 441 1837 τὰ
478 1783 572 1836 τοῦ
606 1783 895 1852 Ἰωσήπου,
936 1782 970 1853 ἢ
1012 1781 1129 1845 πῶς
1173 1783 1313 1849 αὐτὰ
1358 1782 1810 1854 παραδεξόμεθα;

236 1875 430 1946 Ὅμως
464 1876 644 1945 μέντοι
677 1875 1007 1947 προσθετέον
1033 1877 1145 1937 τοῖς
1175 1876 1287 1930 ἄνω
1318 1877 1413 1929 καὶ
1442 1876 1619 1930 ταῦτα
1647 1876 1713 1930 δι’
1737 1880 1816 1931 εἴ-

232 1967 406 2037 δησιν.
437 1967 686 2039 Παράγει
719 1967 830 2035 γὰρ
858 1966 950 2018 τὸν
979 1966 1187 2020 Μωσέα
1222 1968 1369 2021 κατὰ
1397 1968 1490 2020 τὸν
1520 1965 1613 2020 τοῦ
1650 1969 1814 2024 θανάο

232 2078 324 2114 του
356 2062 521 2116 αὐτοῦ
552 2061 742 2132 καιρδν
767 2061 862 2114 κοιλ⁴
889 2060 1014 2114 τάδε
1043 2060 1186 2114 κατὰ
1219 2062 1373 2131 ῥῆμα
1406 2060 1542 2129 πρὸς
1569 2061 1661 2114 τὸν
1685 2062 1812 2114 λαὸν

233 2150 505 2217 λέγονταῚ
531 2153 752 2222 ’Δνδρες
778 2153 1203 2224 συστρατιῶται,
1231 2153 1353 2204 ἐπεὶ
1377 2150 1455 2222 τῷ
1479 2153 1598 2221 Θεῷ
1618 2152 1811 2206 δοκοῦν

234 2241 334 2313 ἥδη
365 2242 455 2294 καὶ
483 2241 561 2312 τῷ
590 2244 756 2315 γήρᾳ,
790 2244 1003 2313 χρόνων
1035 2240 1119 2314 ρκ’
1146 2245 1243 2297 καὶ
1271 2249 1312 2295 ε’
1337 2243 1665 2315 ἠνυσμένων
1685 2286 1700 2312 ,
1729 2244 1813 2298 δεῖ

236 2350 304 2400 με
331 2332 426 2387 τοῦ
463 2333 563 2405 ζῇν
591 2335 884 2403 ἀπελθεῖν,
919 2336 1224 2407 ὑποτίθημι
1258 2336 1356 2390 καὶ
1389 2336 1484 2390 νῦν
1516 2336 1585 2391 τὰ
1619 2337 1810 2393 δέοντα

234 2426 369 2498 πρὸς
399 2427 576 2498 ὑμᾶς,
607 2429 803 2500 ἄπειμι
832 2430 877 2484 δ’
902 2429 1068 2491 αὐτὸς
1097 2420 1321 2501 χαίρων
1341 2430 1437 2484 ἐπὶ
1467 2433 1582 2495 τοῖς
1613 2430 1814 2501 ὑμετέ-

236 2535 348 2589 ροις
395 2519 642 2589 ἀγαθοῖς.
689 2541 708 2575 ›
757 2519 1119 2594 Πορευομένῳ
1163 2523 1223 2576 δὲ
1269 2520 1421 2592 αὒτῷ
1472 2515 1534 2576 οῦ
1584 2521 1811 2591 ἔμελλεν

236 2611 635 2680 ἀφανισθῆναι,
668 2612 871 2676 πάντες
907 2611 1127 2667 εἵποντο
1159 2611 1576 2682 δεδακρυμένοι.
1612 2613 1814 2666 Ἀσπα-

235 2702 461 2774 ζομένου
505 2707 563 2760 δὲ
608 2707 777 2762 αὐτοῦ
820 2708 915 2762 καὶ
959 2707 1053 2762 τὸν
1089 2707 1420 2779 Ἐλεάζαρον
1464 2708 1559 2761 καὶ
1598 2708 1852 2779 Ἰησοῦν,

235 2798 328 2848 καὶ
356 2784 815 2869 προσομιλοῦντος
846 2800 1054 2867 αὐτοῖς,
1079 2799 1159 2853 ἔτι
1189 2799 1246 2853 δὲ
1277 2799 1383 2855 ἐπὶ.
1396 2798 1490 2852 τοῦ
1521 2800 1687 2870 ὅρους
1713 2802 1809 2855 τοῦ

246 2884 503 2959 ⁹Δ6αρὶμ,
533 2890 727 2959 νέφους
754 2892 1020 2962 αἰφνίδιον
1038 2892 1189 2962 ⁴ιζνιτὲρ
1218 2891 1386 2945 αὐτοῦ
1417 2892 1645 2956 στάντος
1669 2895 1809 2963 ἀφα.

233 2975 437 3040 νίζεται
473 2981 619 3034 κατά
649 2999 799 3046 τινος
837 2984 1147 3057 φάραγγος.
1184 2985 1296 3038 Καὶ
1331 2986 1360 3037 6
1399 2985 1498 3055 μὲν
1539 2985 1807 3057 Ἰώσηπος

230 3070 376 3126 εστιν
403 3072 491 3126 ὅτε
526 3075 845 3147 μυθολογῶν
875 3076 1019 3132 οὕτω
1048 3078 1329 3148 φαίνεται.

1912 605 2058 661 illam
2093 620 2215 674 qua
2264 606 2330 661 ad
2376 621 2573 675 aquam
2618 607 2895 662 acciderat
2920 648 2933 668 ,
2974 609 3029 660 in
3063 614 3304 660 montem
3335 601 3484 657 Aba-

1912 698 2039 761 rim,
2072 699 2165 768 qui
2193 707 2267 763 et,
2289 698 2440 754 Nabo
2465 699 2688 762 dicitur,
2719 698 3014 754 ascendere
3042 699 3283 766 jubetur,
3319 705 3484 765 atque

1911 791 2051 847 istic'
2089 792 2409 861 promissam
2458 800 2656 846 terram
2714 792 2944 845 intuitus
2988 791 3101 845 fato
3141 789 3316 859 fungi.
3363 788 3482 843 Non

1911 883 2059 938 enim
2088 892 2318 938 mortem
2342 882 2513 951 ipsius
2544 881 2719 948 palam
2747 879 2862 935 ﬁeri
2893 879 3034 932 Deus
3059 879 3226 932 voluit
3251 916 3265 939 ,
3300 893 3369 930 ne
3392 875 3484 945 qui

1911 974 2143 1030 vitulum
2185 974 2457 1030 submisse
2479 973 2722 1029 venerati
2769 972 3024 1036 fuerant,
3073 979 3291 1037 sumpta
3317 970 3484 1036 ipsius

1893 1057 2038 1121 ossa
2080 1082 2180 1137 pro
2227 1065 2431 1121 divinis
2481 1066 2764 1119 ducerent.
2814 1062 3075 1117 Eumdem
3115 1063 3288 1115 virum
3324 1058 3488 1129 158

1913 1159 2158 1229 profecto
2186 1158 2594 1214 divinissimum
2632 1154 2971 1225 Epiphanius
3017 1154 3193 1207 tradit‘
3221 1153 3288 1205 ah
3319 1167 3487 1221 ange—

1914 1250 1982 1304 lis
2022 1252 2296 1319 sepultum
2325 1265 2470 1304 esse.
2497 1249 2820 1315 Quanquam
2866 1246 3012 1300 enim
3070 1254 3181 1298 mm
3215 1243 3489 1297 advolavit

1914 1342 2188 1407 diabolus,
2223 1343 2356 1395 utin
2392 1341 2637 1410 Epistola
2659 1354 2755 1394 sua
2792 1338 3060 1393 catholica
3087 1337 3255 1391 Judas
3287 1335 3521 1411 inquit,/

1914 1434 2092 1505 ipsum
2143 1433 2475 1488 homicidam
2510 1442 2768 1501 tanquam
2808 1429 2909 1485 sibi
2960 1428 3263 1487 vindicans,
3313 1435 3367 1480 et
3394 1425 3487 1493 qui

1914 1527 1970 1579 in
2005 1525 2385 1578 adversatioue
2407 1523 2753 1592 deliquisset,
2780 1530 2960 1575 tamen
2989 1522 3243 1587 princeps
3265 1517 3351 1570 ille
3378 1517 3489 1571 dux

1913 1616 2214 1689 Michaelus
2240 1617 2292 1671 ei
2327 1615 2552 1675 restitit,
2581 1629 2644 1669 ac
2683 1613 2865 1669 verbis
2901 1610 3215 1678 huiusmodi
3248 1609 3491 1678 compel—

1915 1710 2083 1766 lavit:
2123 1729 2141 1762 ι
2169 1709 2424 1777 Increpet
2446 1718 2498 1762 te
2532 1706 2797 1760 Dominus
2825 1705 2890 1759 ⁸³.
2928 1723 2947 1754 ι
2982 1702 3116 1769 Quae
3143 1701 3189 1754 si
3222 1716 3351 1755 vera
3380 1709 3492 1753 sta-

1916 1812 2132 1858 tuemus
2158 1814 2280 1855 esse
2299 1839 2315 1864 ,
2355 1814 2464 1867 quo
2492 1797 2615 1852 loco
2645 1793 2868 1864 Iosephi
2916 1793 3285 1847 narrationem
3318 1790 3492 1844 hahe-

1914 1893 2119 1958 bimus,
2156 1890 2241 1945 vel
2270 1903 2506 1959 quonam
2544 1898 2703 1956 pacto
2734 1886 2876 1945 illam
2907 1882 3301 1938 admittemus?
3329 1881 3490 1935 Libet

1910 1996 2095 2051 autem
2139 1993 2195 2039 et
2222 1984 2336 2052 ipsa
2370 1981 2522 2052 prius
2551 1979 2806 2034 indicatis
2850 1977 3114 2044 adjicere,
3146 1988 3257 2042 quo
3290 1973 3485 2024 saltem

1913 2086 2043 2131 nota
2073 2076 2202 2130 sint.
2234 2073 2426 2127 Tradit
2469 2060 2613 2126 enim
2663 2068 2868 2123 Mosen]
2911 2066 3012 2121 sub
3069 2065 3244 2134 ipsum
3295 2061 3489 2116 mortis

1914 2175 2131 2236 tempus
2169 2163 2479 2234 bujusmodi
2505 2162 2754 2216 oratione
2793 2159 3056 2229 populum
3088 2153 3487 2223 compellasse:

1908 2275 1939 2309 4
1975 2255 2241 2323 Quando,
2300 2252 2721 2313 commilitones,
2775 2250 2853 2303 sic
2888 2249 2996 2302 Deo
3054 2245 3229 2300 visum
3286 2254 3371 2297 eat
3425 2256 3491 2297 ac

1912 2345 2211 2408 senectuti,
2244 2343 2452 2398 exactis
2484 2343 2596 2413 jam
2626 2341 2784 2395 annis
2811 2340 2985 2393 aetatis
3023 2345 3245 2391 centum
3298 2333 3491 2403 viginti

1913 2433 2181 2504 quinque,
2215 2440 2277 2486 ut
2325 2431 2432 2486 hac
2475 2430 2583 2484 vita
2625 2443 2773 2504 nunc
2799 2427 3094 2490 excedam,
3130 2425 3293 2479 etiam
3329 2423 3491 2477 modo

1911 2542 2006 2582 vos
2033 2527 2100 2581 de
2124 2525 2190 2578 iis
2220 2524 2528 2578 admonebo
2556 2536 2679 2592 quas
2702 2498 2956 2575 faciunda
2988 2526 3173 2573 erunt.
3221 2515 3338 2585 Ipse
3367 2517 3492 2584 qui-

1911 2619 2035 2672 dem
2067 2617 2224 2670 laatus
2259 2616 2330 2671 ob
2367 2627 2548 2670 vestra
2583 2615 2727 2669 bona
2764 2612 2958 2682 migro.
3008 2629 3026 2661 ι
3057 2609 3193 2665 Cum
3224 2609 3339 2663 haec
3368 2621 3490 2676 pro-
3590 2602 3593 2605 λ

1907 2709 2124 2765 locutus
2154 2709 2220 2762 ad
2260 2722 2383 2762 eum
2416 2706 2599 2761 locum
2627 2713 2899 2774 pergeret,
2932 2717 3043 2772 quo
3086 2703 3208 2755 loco
3239 2700 3486 2753 futurum

1910 2808 2030 2855 erat
2054 2809 2115 2853 ut
2146 2814 2214 2854 ex
2247 2799 2491 2867 ipsorum
2520 2804 2821 2866 conspectu
2852 2794 3219 2862 abriperetur,
3252 2806 3376 2845 cum
3409 2790 3490 2844 la-

1912 2893 2115 2962 crymis
2169 2906 2364 2945 omnes
2410 2889 2803 2958 sequebantur.
2857 2887 3068 2940 Interea
3122 2900 3290 2947 vero,
3355 2883 3485 2937 dum

1910 2983 2232 3038 Eleazarum
2273 2992 2328 3036 et
2366 2980 2552 3036 Jesum
2605 2980 3056 3053 amplecteretur,
3106 2993 3169 3030 ae
3203 2989 3490 3031 sermones

1905 3091 2030 3131 cum
2063 3075 2145 3130 eis
2172 3072 2453 3129 conferret
2480 3072 2534 3126 in
2559 3080 2746 3126 monte
2774 3070 2966 3135 Abari,
2985 3083 3109 3123 mox
3138 3068 3283 3122 nube
3304 3066 3487 3125 subito

231 3184 293 3226 se
338 3187 505 3242 supra
535 3174 716 3245 ipsum
747 3176 1073 3234 demittente
1102 3177 1278 3233 videri
1312 3176 1496 3242 desiit,
1528 3176 1582 3231 in
1612 3174 1804 3229 vallem
1846 3171 2136 3244 quamdam
2203 3170 2483 3238 abreptus.
2537 3167 2630 3222 Sic
2671 3180 2785 3222 rem
2827 3174 3035 3236 gestam
3100 3160 3370 3232 Josepbus
3401 3174 3490 3216 re-

231 3274 436 3333 censet,
467 3269 560 3337 qui
604 3283 737 3325 sane
771 3285 1168 3340 nonnunquam
1198 3271 1394 3326 fabulis
1428 3279 1802 3327 consentanea
1841 3268 2045 3323 litteris
2066 3265 2355 3320 mandasse
2385 3263 2627 3319 videtur.

307 3352 368 3408 '0
396 3355 452 3410 δέ
474 3374 536 3427 γε
566 3359 773 3432 Μωσῆς
828 3363 1099 3417 τελευτῶν
1152 3365 1433 3435 ἐπιτίθησι
1474 3365 1574 3429 τὰς
1604 3367 1796 3435 χεῖρας

1969 3359 2236 3415 Cmterum
2275 3357 2454 3413 Moses
2486 3355 2699 3413 vivendi
2737 3353 2897 3409 ﬁnem
2933 3353 3174 3408 facturus
3220 3350 3349 3405 Jesu
3381 3347 3490 3401 Na-

228 3446 317 3500 ὲπὶ
343 3446 675 3522 τδνἻησοῦν
698 3455 792 3508 τὸν
827 3455 924 3509 τοῦ
952 3456 1106 3527 Ναυῆ
1152 3459 1292 3524 υἱὸν,
1350 3459 1533 3512 καίτοι
1566 3475 1631 3526 γε
1663 3474 1799 3527 προ-

230 3545 648 3614 μαρτυρηθέντα
670 3547 896 3619 Πνεῦμα
939 3550 1097 3616 ἅγιον
1128 3551 1295 3620 ἔχειν.
1350 3552 1471 3622 Ἀφῖ
1505 3545 1567 3606 οὗ
1599 3552 1663 3622 δὴ
1698 3555 1795 3606 καὶ

226 3635 387 3704 νόμος
406 3637 751 3707 κεκράτηκεν
800 3639 944 3694 ὥστε
977 3643 1107 3705 τοὺς
1132 3645 1418 3714 ἀρχιερεῖς
1456 3645 1647 3714 χεῖρας
1681 3645 1802 3696 ὲπι-

222 3726 428 3783 τιθέναι
451 3732 567 3793 τοῖς
597 3733 1130 3803 χειροτονουμένοις,
1159 3736 1257 3787 καὶ
1287 3733 1435 3788 οὕτω
1470 3733 1620 3796 θείας
1643 3734 1803 3804 χάρι-

222 3838 316 3885 τος
346 3816 794 3892 μεταλαμὸάνειν
820 3825 1018 3889 αὐτούς
1041 3843 1055 3857 ο
1084 3845 1102 3879 ι
1133 3827 1247 3881 Καὶ
1267 3826 1475 3904 θήσεις⁹
1507 3827 1618 3896 γάρ
1641 3818 1819 3895 φησι,⁵

220 3914 319 3976 τὰς
346 3916 534 3984 χεῖράς
584 3933 678 3968 σου
733 3917 820 3969 ἐπ’
852 3917 1043 3974 αὐτόν.
1086 3936 1105 3970 ι
1162 3916 1369 3972 Τούτου
1397 3917 1455 3971 δὲ
1480 3916 1575 3973 τοῦ
1618 3917 1798 3985 Ἰησοῦ

220 4005 637 4075 συμμαχοῦντος
665 4009 778 4071 τοῖς
816 4007 1199 4072 Γαὸαωνίταις
1245 4008 1659 4081 (ἐστράτευσαν
1688 4007 1799 4078 γάρ

219 4113 364 4160 τινες
389 4099 508 4151 κατ’
539 4098 719 4151 αὐτῶν
747 4098 822 4160 ὡς
852 4098 1016 4168 δῆθεν
1043 4099 1538 4168 αὐτομολησάντων
1562 4099 1642 4170 τῷ
1688 4099 1797 4170 ’1η-

220 4190 353 4260 σοῦ)
380 4190 562 4261 θαῦμα
597 4193 728 4260 περὶ
751 4192 843 4245 τὸν
870 4190 1025 4262 ἥλιον
1070 4192 1295 4271 γέγονεν
1325 4192 1385 4244 ἐν
1413 4189 1492 4262 τῷ
1523 4208 1800 4262 μεσουρα-

220 4284 454 4354 νήματι·
498 4285 594 4337 κα“ι
641 4284 750 4354 γὰρ
795 4282 930 4355 ἔστη
983 4283 1083 4355 τῆς
1137 4284 1328 4361 πρόσω
1361 4284 1537 4355 φορᾶς
1582 4285 1798 4357 ἡμέρας

217 4376 515 4447 ὁλοκλήρου
535 4375 841 4446 διάστημα.
864 4448 871 4452 _

285 4555 353 4625 El
378 4553 434 4607 δὲ
466 4554 562 4609 καὶ
594 4552 654 4606 σὲ
684 4552 825 4624 μετᾶ
858 4550 968 4606 τῶν
1003 4549 1182 4607 ἄλλων
1215 4547 1423 4620 ἀπορία
1452 4547 1678 4619 κατέχει
1709 4546 1799 4601 διὰ

216 4647 269 4699 τί
296 4647 712 4717 τεσσαράκοντα
764 4644 860 4714 ἔτη
889 4643 952 4697 τὸ
999 4644 1109 4696 τῶν
1159 4640 1436 4713 Ἐϐραίων
1466 4640 1627 4706 γένος
1654 4638 1798 4703 ἐξιὸν

1903 3466 1984 3506 νε
2017 3451 2127 3505 lilio
2158 3449 2444 3518 imposuit,
2499 3436 2906 3518 quanquamei'
2947 3442 3318 3498 testimonium
3371 3440 3485 3509 jam

1903 3553 2065 3598 antea
2096 3558 2317 3613 quoque
2352 3542 2612 3597 tributum
2662 3549 2851 3604 esset,
2883 3538 3029 3607 quod
3064 3535 3328 3605 Spiritum
3357 3548 3485 3589 san-

1902 3644 2052 3692 ctum
2092 3637 2336 3691 haberet.
2389 3634 2529 3689 Hinc
2580 3648 2699 3688 mos
2754 3630 2983 3685 inolevit
3032 3638 3086 3683 et
3138 3626 3382 3682 obtinuit
3426 3633 3488 3679 ut

1902 3729 2117 3784 muneri
2148 3727 2309 3782 alicui
2341 3723 3045 3796 praeﬁciendisfsacerdotes
3079 3734 3273 3772 manus
3298 3717 3484 3785 impo-

1899 3830 2071 3882 nant,
2104 3833 2213 3888 quo
2273 3818 2412 3872 facto
2475 3816 2674 3871 divinte
2728 3813 2915 3884 gratiae
2969 3810 3262 3881 participes
3316 3808 3477 3863 ﬁunt.

1907 3930 1926 3962 ι
1959 3912 2233 3980 lmpones,
2272 3908 2450 3978 inquit
2479 3906 2643 3970 Deus,
2677 3920 2898 3960 manum
2936 3913 3083 3957 tuam
3116 3901 3243 3971 ipsi,
3275 3909 3326 3954 et
3363 3899 3486 3968 glo-

1900 4002 2037 4057 riam
2086 4010 2231 4056 tuam
2265 4000 2319 4054 iu
2373 4014 2497 4054 cum
2531 3996 2831 4053 transferes
2861 3995 2927 4049 “.
2970 4013 2989 4045 ι
3027 3993 3161 4049 Cum
3192 3992 3286 4047 hic
3317 3989 3483 4072 .lesus

1901 4109 2062 4164 opem
2094 4090 2416 4148 Gabaonitis
2447 4090 2651 4152 ferret,
2681 4105 2819 4157 quos
2850 4088 3166 4142 invaserant
3194 4096 3478 4157 propterea

1901 4184 2152 4242 nonnulli
2200 4184 2346 4254 quod
2385 4192 2581 4254 sponte
2610 4197 2707 4238 sua
2738 4179 2866 4238 Jesn
2900 4190 3085 4249 partes
3128 4178 3302 4234 secuti
3345 4178 3486 4234 fuis-

1901 4287 2045 4345 sent,
2071 4276 2392 4332 miraculum
2417 4276 2473 4331 in
2502 4276 2618 4330 sole
2644 4274 2878 4342 contigit
2917 4290 2931 4326 :
2965 4287 3091 4326 nam
3121 4286 3247 4327 cum
3281 4271 3327 4326 is
3362 4286 3481 4325 me-

1822 4434 1831 4441 ί
1901 4371 2052 4426 dium
2084 4369 2207 4423 caeli
2256 4368 2561 4436 attigisset,
2599 4366 2832 4421 ulterius
2865 4364 3115 4434 progredi
3164 4377 3257 4433 per
3312 4363 3483 4417 totius

1900 4462 2006 4519 diei
2039 4461 2272 4530 spatium
2302 4459 2489 4515 desiit.

1971 4551 2178 4619 Quodsi
2212 4562 2394 4609 autem
2426 4550 2571 4606 scire
2617 4548 2813 4619 nequis
2842 4548 3200 4617 quamobrem
3226 4544 3484 4602 Hebraeo-

1901 4660 2024 4699 rum
2057 4644 2228 4711 natio,
2277 4652 2565 4725 postquam
2606 4657 2673 4697 ex
2705 4641 2939 4712 IEgypto
2988 4640 3296 4707 migrasset,
3335 4648 3488 4704 totos

214 4739 271 4805 ἐξ
305 4737 583 4804 Αἰγύπτου
630 4736 734 4790 ἀνὰ
771 4736 870 4808 τὴν
895 4734 1104 4805 ἔρημον
1155 4732 1452 4796 ἐπλανᾶτο,
1498 4730 1701 4785 ἄκουεο
1737 4730 1795 4783 ὲν

1906 4752 2074 4792 annos
2108 4736 2465 4806 quadraginta
2517 4733 2571 4788 in
2611 4734 2911 4789 solitudine
2939 4730 3308 4790 oberraverit,
3344 4729 3479 4799 quid

213 4832 319 4897 γάρ
346 4831 414 4900 τῇ
464 4828 631 4897 βίὀλῳ
658 4827 766 4879 τῶν
789 4824 1073 4896 Ἀριθμῶν
1094 4820 1275 4895 σαφὴς
1300 4825 1335 4893 ἡ
1361 4823 1512 4877 αἰτία
1540 4839 1624 4876 σοι
1656 4821 1792 4891 πρό-

213 4934 413 4972 κειται.
449 4919 571 4970 Ί“ῶν
599 4918 748 4987 παρὰ
776 4915 1024 4978 Μωσέως
1044 4915 1467 4968 ἀποσταλέντων
1501 4915 1579 4976 εἰς
1615 4929 1788 4968 καταο

212 5012 423 5081 σκοπὴν
464 5010 564 5079 τῆς
627 5010 730 5063 τῶν
782 5007 1110 5063 Χαναναίων
1157 5006 1267 5075 γῆς
1301 5002 1788 5075 ὑποστρεψάντων,

210 5103 302 5154 καὶ
328 5102 417 5154 τδν
445 5101 573 5154 λαὸν
627 5098 1055 5169 ἑκφοϐησάντων
1089 5099 1185 5152 ἐπὶ
1225 5083 1483 5152 τοσοῦτδν
1512 5096 1659 5151 ὥστε
1686 5097 1786 5168 καὶ

208 5195 376 5250 πολλὰ
419 5194 561 5248 κατὰ
614 5191 751 5245 Θεοῦ
792 5192 1090 5261 γογγύσαι,
1149 5191 1279 5247 ἄνευ
1310 5190 1407 5245 τοῦ
1460 5190 1648 5244 Χάλεϐ
1689 5194 1787 5245 καὶ

206 5287 299 5341 τοῦ
332 5284 533 5359 Ἰησοῦ,
553 5280 706 5339 εἶπεν
732 5286 760 5339 ὁ
795 5284 927 5345 Θεός
947 5299 965 5316 ⁸
999 5300 1017 5334 ι
1049 5282 1126 5336 Οὐ
1163 5281 1240 5353 μὴ
1266 5281 1553 5352 εἰσέλθητε
1585 5283 1667 5344 εἰς
1686 5282 1786 5352 τὴν

205 5382 306 5451 γῆν
361 5380 447 5450 ἐφ’
496 5379 563 5451 ἢν
622 5376 865 5442 ἐξέτεινα
899 5377 998 5443 τὴν
1038 5375 1201 5445 χεῖρά
1257 5392 1359 5444 μου
1395 5374 1512 5428 ἀλλ’
1544 5374 1787 5447 ἧΧάλεϐ

204 5476 296 5529 καὶ
331 5470 543 5545 Ἰησοῦς
573 5470 602 5522 ὁ
631 5468 727 5523 τοῦ
754 5468 915 5539 Ναυῆ
948 5469 1043 5522 καὶ
1063 5469 1131 5522 τὰ
1163 5467 1352 5522 παιδία
1385 5467 1422 5522 δι
1452 5468 1647 5523 εἴπατε
1706 5470 1786 5533 είς

210 5564 511 5637 διαρπαγὴν
533 5558 775 5616 ἔσεσθαι.
816 5561 1005 5630 ’Υμῶν
1055 5560 1114 5612 δὲ
1148 5559 1215 5611 τὰ
1253 5558 1404 5613 κῶλα
1433 5563 1684 5614 πεσεῖται
1724 5564 1782 5613 ἐν

212 5661 273 5727 τῇ
304 5658 499 5729 ἐρήμῳ
522 5653 720 5724 ταύτῃ.
745 5653 807 5705 Οί
843 5652 901 5705 δὲ
951 5651 1060 5705 υἱοὶ
1089 5650 1243 5720 ὑμῶν
1273 5651 1490 5705 ἔσονται
1538 5652 1781 5722 νεμόμεο

267 5815 311 5848 ⁸³
343 5813 498 5871 ιυάιυ
527 5814 580 5869 9.
661 5810 705 5841 ⁸⁵
735 5810 894 5865 Num.
928 5826 1093 5875 xxvtt,
1134 5812 1220 5865 18.

1899 4827 2100 4883 dicturi
2155 4827 2328 4882 simus
2388 4827 2603 4881 audias.
2646 4825 2781 4881 Nam
2840 4826 2892 4879 in
2943 4825 3083 4879 libro
3114 4824 3479 4877 Numerorum

1898 4935 2062 4975 causa
2121 4919 2410 4990 perSpicuc
2443 4919 2680 4973 iudicata
2724 4927 2829 4973 est.
2873 4917 3086 4986 Quippe
3141 4931 3268 4970 cum
3313 4915 3350 4968 ii
3384 4913 3481 4984 qui

1896 5011 2128 5083 ablt-gati
2174 5020 2330 5066 erant
2359 5028 2388 5066 a
2433 5010 2581 5065 Mose
2618 5021 2820 5066 terram
2852 5008 3220 5065 Chananteam
3290 5008 3482 5078 explo-

1894 5114 2093 5165 ratum,
2118 5102 2494 5165 revertisst-nt,
2526 5118 2589 5157 ac
2621 5101 2881 5172 pepulum
2914 5111 3064 5156 tanto
3101 5112 3250 5155 metu
3282 5086 3483 5169 percu-

1894 5192 2086 5248 lissent
2117 5201 2175 5247 ut
2222 5208 2332 5247 non
2374 5209 2567 5263 parum
2604 5194 2873 5248 adversus
2908 5191 3199 5247 Dominum
3231 5207 3482 5246 murmu-

1896 5292 2072 5345 raret,
2105 5284 2348 5338 Chalebo
2399 5294 2453 5337 et
2498 5283 2633 5339 Jcsu
2679 5285 2957 5355 exceptis,
3014 5285 3285 5354 tutu’ergo
3337 5283 3483 5337 Deus

1896 5375 2050 5430 hisce
2084 5377 2248 5429 minis
2290 5386 2376 5431 est
2406 5392 2538 5432 usus
2585 5393 2599 5431 :
2640 5394 2657 5428 ι
2702 5377 2876 5431 Nemo
2924 5392 2990 5431 ex
3027 5375 3176 5433 utiuti
3232 5385 3475 5429 vestrum

1893 5483 2127 5523 numero
2157 5467 2212 5521 in
2245 5476 2444 5522 terram
2486 5469 2806 5538 perveniet,
2849 5484 3012 5537 supra
3051 5484 3212 5537 quant
3250 5480 3473 5519 manum

1893 5576 2070 5614 meum
2108 5561 2353 5625 extendi,
2419 5572 2620 5632 pra-ter
2661 5561 2963 5617 Chalebum
3002 5572 3057 5615 ct
3085 5560 3270 5614 .Icsnm
3299 5557 3475 5609 .Navze

1890 5652 2083 5720 ﬁlium,
2114 5661 2166 5706 et
2200 5667 2397 5721 pueros
2436 5665 2648 5710 vestros
2674 5697 2686 5721 ,
2739 5670 2877 5726 quos
2917 5653 3111 5724 prtula:
3147 5647 3473 5705 luturos'di-
