3936 6480
415 443 519 505 307
1671 437 1726 498 Μ
1741 431 2099 500 [CHAELIS
2135 433 2399 498 GLYCIE
3576 429 3681 492 308

317 554 328 562 ’
416 551 595 607 xistis.
629 550 821 607 Vestra
875 549 1098 618 quidem
1140 548 1300 621 159
1330 549 1576 605 membra
1617 547 1675 604 in
1708 549 1812 604 ista
1855 547 2021 606 soli-t

2124 561 2166 598 οι
2199 545 2258 598 ἐν
2303 544 2372 614 τῇ
2432 542 2628 615 ἐρήμῳ
2675 538 3089 611 τεσσαράκοντα
3114 535 3240 605 ἔτη,
3276 534 3376 590 καὶ
3416 535 3719 606 άνύσουσιιλ.

415 641 608 696 tudine
631 642 848 697 cadent.
881 639 1002 695 Nati
1025 649 1205 695 autem
1235 642 1402 696 vestri
1433 641 1632 712 degent
1657 641 1710 695 in
1735 641 1837 696 bac
1851 641 1984 696 soli-

420 734 609 787 tudine
663 747 840 788 animos
888 733 1265 802 qnadraginta,
1286 741 1342 787 et
1383 733 1571 787 tandiu
1608 743 1851 788 vesnum
1882 733 1986 788 hoc

421 827 527 880 iter
570 825 861 880 conﬁcient
884 865 900 887 ,
935 827 1112 880 donec
1146 827 1391 880 membra
1422 835 1607 880 vestra
1644 825 1699 879 in
1747 825 1986 881 desertis

354 927 362 938 ·
423 917 801 971 absumantur.
855 915 1001 981 Quot
1049 917 1242 970 diebus
1286 925 1486 971 terram
1517 917 1864 987 explorastis,
1893 917 1988 987 qui

423 1007 647 1062 omnino
679 1007 1035 1076 quadraginta
1062 990 1310 1072 fuerunt,
1345 1023 1442 1075 per
1472 1008 1694 1063 totidem
1727 1024 1900 1064 annos
1921 1009 1988 1064 ad

425 1098 652 1152 totidem
681 1097 802 1152 dies
852 1097 1054 1151 relatos
1077 1097 1268 1163 culpas
1305 1109 1514 1153 vestras
1547 1099 1707 1153 luetis
1728 1139 1742 1164 ,
1779 1108 1833 1154 et
1862 1098 1990 1168 quid

425 1193 506 1246 ira
537 1208 656 1248 mea
689 1194 760 1246 sit
795 1192 1154 1262 experiemini
1179 1194 1244 1246 ⁸⁸.
1285 1211 1304 1244 ι
1340 1193 1602 1246 Nimirum
1641 1191 1717 1246 illi
1741 1192 1994 1262 explora-

426 1291 576 1335 tores
617 1282 762 1336 inter
798 1283 902 1336 alia
937 1283 1041 1337 hoc
1065 1283 1228 1337 etiam
1251 1283 1593 1352 pervertendi
1618 1282 1803 1352 populi
1830 1297 1994 1337 causa

431 1373 795 1442 protulerant,
820 1388 878 1427 se
926 1374 1181 1429 familiam
1224 1373 1632 1443 Enaqninorum
1661 1374 1719 1429 in
1765 1374 1831 1429 iis
1861 1375 1996 1430 locis

431 1464 634 1519 vidisse
657 1504 672 1526 ,
701 1466 798 1535 qui
831 1476 1014 1520 essent
1045 1466 1296 1521 homines
1333 1481 1497 1536 supra
1535 1465 1751 1520 modum
1782 1466 1996 1534 proceri

430 1567 487 1610 et
517 1557 800 1626 gigantes.
831 1572 954 1610 cum
993 1558 1192 1626 quibus
1249 1558 1349 1628 ipsi
1405 1557 1584 1613 collati
1635 1557 1860 1612 locusta:
1897 1557 1999 1613 sibi

2124 1558 2376 1611 ιιεϐίϐασε
2409 1557 2623 1630 καιρὸν,
2649 1558 2748 1612 καὶ
2775 1555 2870 1610 τοῦ
2899 1555 3137 1625 μεγάλου
3175 1553 3469 1624 Κυρίλλου
3501 1549 3696 1617 λέγον-

422 1661 555 1702 esse
594 1648 694 1702 visi
741 1647 998 1703 fuissent.
1039 1648 1356 1704 Attulerunt
1398 1649 1452 1704 id
1508 1649 1767 1716 temporis
1811 1663 2000 1704 secum

2124 1668 2191 1714 τος
2217 1651 2406 1705 ἄκουε.
2455 1649 2548 1702 Ἐν
2576 1650 2686 1717 γὰρ
2718 1649 2787 1718 τῇ
2812 1647 2956 1716 Περί
2981 1645 3091 1715 τῆς
3137 1646 3208 1700 ἐν
3237 1644 3558 1712 πνεύματι
3591 1642 3698 1692 ,ια-

430 1738 846 1791 tantazhotrum
881 1739 1310 1810 magnitudinis,
1363 1750 1424 1795 ut
1464 1741 1711 1795 vectibus
1762 1749 1816 1796 et
1866 1740 2004 1810 palis

2124 1742 2301 1810 ιοείας
2336 1739 2504 1810 βίϐλῳ
2536 1738 2705 1792 αὐτοῦ
2727 1741 2824 1794 καὶ
2847 1738 2977 1792 τάδε
3006 1736 3198 1806 φησὶν,
3250 1734 3341 1789 ὅτι
3375 1728 3694 1804 προσκρού-

428 1827 631 1894 gestari
652 1842 788 1880 eum
826 1843 1053 1883 necesse
1078 1818 1262 1884 foret.
1297 1829 1566 1884 Caeterum
1595 1829 1898 1896 lsraelicos,
1932 1830 2002 1885 ob

2124 1847 2204 1894 ta;
2231 1832 2260 1884 6
2313 1829 2533 1900 Ἰσραὴλ
2571 1829 3013 1898 τεσσαρακοστὸν
3066 1826 3186 1890 ἔτος
3235 1823 3530 1878 ἐπλανᾶτο
3557 1819 3698 1874 κατὰ

420 1919 569 1972 iram
595 1918 1176 1988 divinam-castigatos,
1204 1928 1412 1973 tantum
1447 1921 1500 1974 in
1531 1919 1833 1977 solitudine
1863 1931 2002 1977 tem-

2124 1883 2206 1993 τὴν
2227 1883 2642 1995 ἔρημάνοιὸρκῳ
2665 1883 2774 1993 γὰρ
2812 1920 3030 1992 ὤμοσεν
3063 1921 3093 1973 6
3151 1883 3292 1980 ὀεδς
3339 1915 3419 1987 μὴ
3457 1913 3697 1978 εἰσάξειν

2082 639 2185 709 τὴν
2209 637 2435 709 πορείαν
2458 637 2486 690 6
2495 637 2632 708 μῶν,
2665 637 2771 699 ἕως
2797 635 2864 690 ἂν
2888 633 3217 689 άναλωθῶσι
3233 631 3310 684 τά
3337 631 3497 684 κῶλα
3527 631 3683 699 ὑμῶν

2085 732 2144 786 ιν
2175 733 2242 801 τῇ
2279 730 2492 801 ἐρήμῳ,
2515 725 2676 784 ’κατὰ
2726 727 2818 782 τδν
2851 725 3241 798 ἀριθμὸν.τῶν
3282 722 3521 793 ἡμερῶν
3550 722 3683 784 ὅσας

2087 822 2504 892 κατεσκέψασθε
2535 822 2633 892 τὴν
2666 822 2802 892 γῆν,
2837 819 3260 890 τεσσαράκοντα
3300 816 3552 886 ἡμέρας,
3587 813 3683 868 καὶ

2089 915 2368 986 γνώσεσθε
2397 915 2490 968 τὸν
2543 914 2718 986 θυμόν
2777 931 2902 984 μου.
2946 932 2965 966 ι
2999 912 3158 968 Μετὰ
3203 909 3328 990 γὰρ
3359 908 3475 961 τῶν
3503 907 3686 962 ἄλλων

2090 1009 2186 1064 καὶ
2219 1008 2378 1064 τοῦτο
2415 1003 2582 1062 ,εἷπον
2622 1009 2704 1072 εἰς
2730 1005 3066 1076 διαστροφὴν
3107 1002 3202 1058 τοῦ
3235 999 3380 1056 λαοῦ
3407 1017 3424 1033 ο
3459 1019 3480 1053 ι
3534 998 3689 1054 Ἐκεῖ

2090 1098 2307 1169 εἴδομεν
2332 1099 2431 1168 τὴν
2453 1099 2650 1166 γενεάν
2678 1095 2775 1150 τοῦ
2817 1097 3043 1159 Ἐναὰκ,
3066 1095 3278 1166 ἄνδρας
3300 1089 3688 1162 ὑπερμήκεις,

2092 1191 2377 1262 γίγαντας,
2401 1186 2478 1245 ὧν
2512 1191 2743 1245 ἐνώπιον
2770 1186 2913 1262 ἦμεν
2943 1189 3078 1244 ὡσεὶ
3099 1187 3357 1258 ἀκρίδες.
3391 1204 3412 1238 ι
3448 1182 3691 1254 Ἐφερον

2093 1283 2151 1338 δὲ
2209 1282 2303 1336 καὶ
2337 1283 2532 1354 βότρυν
2567 1282 2780 1335 ἐκεῖθεν
2831 1281 3132 1352 ὕπερμήκη
3167 1276 3448 1332 τοσοῦτον
3498 1273 3578 1336 ὡς
3603 1274 3692 1324 ἐπ’

2096 1371 2466 1442 ἀναφορεῦσιν
2495 1373 2660 1426 αὐτὸν
2683 1370 3077 1442 βαστάζεσθαι.
3105 1369 3234 1422 Ὅτι
3265 1366 3326 1421 δὲ
3353 1363 3692 1432 παιδευόμε-

2096 1482 2185 1528 νος
2215 1466 2244 1518 6
2281 1464 2495 1537 Ἰσραὴλ
2523 1466 2666 1520 κατὰ
2695 1463 2848 1520 θείαν
2877 1463 3050 1534 ὀργὴν
3087 1459 3358 1515 τοσοῦτον
3395 1459 3460 1512 ὲν
3497 1456 3696 1528 ἐρήμῳ
3767 1479 3782 1485 ·

428 2010 589 2079 poris
637 2011 884 2078 exegisse
919 2009 1152 2081 Cyrillus
1175 2009 1339 2065 etiam
1367 2010 1546 2066 verbis
1571 2012 1719 2068 hisce
1751 2021 2001 2080 testatur,

428 2100 490 2152 in
525 2115 592 2154 eo
649 2100 790 2155 libro
839 2102 1184 2156 exstantibus
1223 2117 1384 2171 quem
1443 2101 1516 2156 De
1544 2104 1815 2172 spirituali
1859 2104 2006 2159 cultu

433 2192 759 2260 inscripsit:
801 2193 936 2258 Quia
1003 2192 1222 2248 fremitu
1275 2208 1376 2247 suo
1440 2193 1610 2248 Deum
1663 2194 2052 2252 oﬁenderunt‘

431 2283 705 2349 Jsraelici,
737 2285 1098 2354 quadraginta
1148 2301 1244 2354 per
1290 2286 1640 2354 solitudinem
1691 2289 1848 2341 annis
1882 2297 2010 2342 sunt

429 2373 720 2438 .obvagati.
773 2374 920 2427 Deus
949 2373 1095 2427 enim
1139 2374 1500 2444 jurejurando
1527 2375 1769 2430 futurum
1814 2377 2013 2432 conﬁr-

339 2504 344 2509 .
433 2464 614 2517 .mavit
653 2479 711 2518 se
747 2464 800 2519 in
825 2476 1025 2518 terram
1062 2465 1380 2534 promissam
1414 2465 1562 2535 ipsos
1594 2468 2011 2536 haudquaquam

436 2555 908 2610 :introdncturum.
944 2555 1120 2626 Atque
1171 2557 1684 2629 hocjusjurandum
1723 2559 1815 2613 Dei
1853 2559 2014 2613 Davi—

434 2644 542 2699 4les
579 2647 663 2700 his
700 2649 885 2702 verbis
921 2647 1177 2717 exposuit
1209 2665 1223 2703 :
1273 2668 1293 2701 ‹
1339 2635 1512 2704 Iratus
1539 2648 1718 2718 jttravi
1752 2666 1864 2706 non
1891 2665 2013 2706 esse

438 2754 622 2793 .meam
664 2739 718 2792 in
778 2740 1080 2810 requietem
1133 2751 1495 2808 perventuros
1528 2741 1592 2794 “.
1640 2757 1658 2790 ι
1707 2739 1880 2810 Hujus
1921 2744 2015 2797 ira;

2107 2016 2305 2078 αὐτοὺς
2335 2017 2416 2079 εἰς
2448 2017 2550 2086 τὴν
2587 2015 2691 2084 γῆν
2719 2015 2821 2085 τῆς
2859 2011 3219 2080 ἐπαγγελίας.
3257 2010 3379 2063 Καὶ
3427 2004 3699 2062 τοῦτοδιὰ
3776 2046 3783 2070 ,

2108 2104 2203 2158 τοῦ
2237 2104 2401 2158 Δαϐἰδ
2422 2101 2622 2170 ἔδειξεν
2645 2104 2834 2168 εἰπὼν,
2861 2102 2938 2167 ὡς
2962 2103 3180 2172 Ὠμοσα
3209 2101 3278 2153 ἑν
3307 2101 3378 2168 τῇ
3404 2097 3546 2169 ὀργῇ
3573 2111 3696 2166 μου,

2114 2195 2164 2248 εἰ
2194 2194 2595 2248 εἰσελεύσονται
2653 2195 2734 2257 εἰς
2769 2194 2869 2264 τὴν
2905 2191 3268 2246 κατάπαυσίν
3308 2205 3441 2259 μου.
3477 2189 3591 2241 Καὶ
3631 2177 3700 2254 ἦν

2105 2288 2228 2357 ὅρος
2280 2285 2467 2350 αὐτοῖς
2507 2286 2607 2356 τῆς
2675 2285 2869 2356 ὀργῆς,
2923 2283 3110 2344 καθὼς
3163 2281 3388 2336 ἄνωθεν
3457 2278 3696 2348 εἰρηται.

2107 2379 2508 2451 Παρῳχηκότος
2563 2378 2622 2431 δὲ
2678 2377 2773 2432 τοῦ
2809 2374 3006 2446 καιροῦ
3048 2374 3282 2427 λέλυται
3323 2371 3430 2442 μὲν
3462 2367 3696 2439 manu.

2107 2471 2366 2541 διέϐησαν
2393 2471 2449 2525 δὲ
2471 2471 2565 2524 τὸν
2596 2470 2873 2542 Ἰορδάνην
2899 2470 2950 2522 οἰ
2973 2467 3031 2534 ἐξ
3057 2465 3250 2521 αὐτῶν
3276 2465 3376 2520 καὶ
3407 2461 3698 2531 εἰσέϐησαν

2110 2564 2190 2625 εἰς
2213 2562 2310 2632 τὴν
2349 2562 2472 2632 γῆν,
2507 2563 2605 2633 οὐχ
2632 2559 3100 2632 ὑπερδραμούσης
3122 2557 3223 2628 τῆς
3261 2555 3698 2626 ἀγανακτήσεως

2115 2653 2176 2706 τὺ
2203 2652 2642 2722 τεσσαρακοστὸν
2669 2651 2813 2716 ἔτος.
2850 2649 3037 2712 Τύπος
3072 2649 3184 2720 ἄρα
3212 2646 3323 2701 καὶ
3343 2644 3502 2699 τοῦδε
3528 2637 3700 2709 σαφὴς

2117 2745 2176 2798 τδ
2213 2745 2374 2814 μέχρι
2409 2743 2636 2812 πληγῶν
2655 2741 3070 2814 τεσσαράκοντα
3092 2753 3235 2793 κατα
3247 2732 3698 2791 παίεσθαίτινας⁶

439 2831 719 2885 terminus
769 2840 848 2886 tot
903 2833 1062 2887 anuis
1112 2833 1366 2886 definitus
1414 2842 1532 2887 erat
1582 2841 1712 2900 quot
1759 2835 2016 2903 superius

2124 2836 2368 2902 ἀφέσεως
2407 2835 2516 2907 γὰρ
2555 2837 2583 2888 6
2621 2835 2765 2906 μετὰ
2790 2833 2952 2888 τοῦτο
2991 2831 3207 2903 καιρὸς,
3268 2829 3529 2884 διάϐασιν
3577 2823 3703 2894 ἡμῖν

436 2921 680 2988 expositi
723 2929 887 2989 sunt;
927 2934 1089 2994 atque
1128 2923 1236 2977 illis
1261 2921 1461 2990 elapsis
1489 2922 1716 2988 omnino
1747 2925 2018 2979 exstincta

2124 2926 2390 3000 εἰσφέρων
2426 2925 2696 2995 Ἰορδάνου
2723 2926 2822 2996 τὴν
2850 2925 3144 2996 μυστικήν.
3177 2923 3352 2978 Μετὰ
3379 2920 3492 2989 γὰρ
3515 2929 3702 2970 τεσσα-

328 3035 330 3037 -
436 3021 550 3066 .est.
592 3011 728 3067 Tum
758 3015 955 3070 deinde
982 3017 1091 3070 nati
1132 3027 1322 3070 comm
1358 3014 1651 3068 Iordanem
1683 3015 2020 3070 transierunt

2124 3019 2360 3087 ράκοντα
2386 3017 2482 3088 ἐτη
2503 3017 2746 3071 κάκεῖνοι
2771 3017 2864 3070 τὸν
2896 3016 3172 3088 Ἰορδάνην
3198 3014 3496 3084 διέϐησαν.

438 3110 502 3156 et
523 3113 720 3158 terram
749 3106 1066 3173 promissam
1104 3106 1334 3177 ingressi
1367 3111 1517 3167 sunt,
1555 3102 1740 3160 divina
1772 3106 1860 3160 illa
1916 3109 2198 3163 iracundia
2250 3108 2730 3178 quadragesimum
2786 3121 2992 3161 annum
3057 3119 3169 3160 non
3221 3103 3556 3158 excedente.
3583 3092 3702 3151 Fuit

443 3197 614 3266 hujus
645 3199 724 3253 rei
771 3202 1043 3269 quondam
1079 3202 1166 3255 illa
1204 3216 1420 3271 quoque
1471 3204 1639 3276 ﬁgura
1665 3243 1680 3268 ,
1708 3203 1854 3273 quod
1893 3203 2080 3274 plagas
2109 3204 2180 3257 40
2217 3204 2533 3274 acciperent
2589 3203 2684 3274 qui
2747 3203 3110 3288 deliquerant.
3147 3197 3293 3254 Post
3352 3197 3506 3251 illum
3563 3190 3701 3248 enim

446 3309 740 3347 numerum
777 3303 993 3365 tempus
1026 3297 1364 3353 liberationis
1420 3299 1687 3363 succedit,
1747 3300 1893 3369 quod
1952 3301 2237 3371 mysticam
2290 3299 2546 3356 Iordanis
2602 3285 2990 3355 transitioném
3021 3309 3207 3353 secum
3241 3292 3457 3350 aﬂert:
3496 3302 3618 3346 nam
3651 3293 3706 3341 et

448 3389 556 3458 ipsi
596 3400 721 3459 post
755 3405 959 3444 annum
1002 3393 1480 3468 quadragesimum
1516 3393 1808 3449 Iordanem
1856 3394 2217 3464 trajecerunt.

521 3483 682 3538 .lcsus
725 3492 903 3538 autem
936 3484 1024 3540 hic
1051 3485 1210 3541 Navae
1233 3486 1374 3542 filius
1406 3489 1581 3544 Auses
1599 3490 1748 3558 prius
1777 3489 2021 3560 appella-

2197 3483 2368 3553 Οὗτος
2405 3491 2502 3561 μὲν
2534 3490 2628 3544 οῦν
2651 3491 2679 3543 6
2703 3489 2798 3543 τοῦ
2842 3488 3001 3558 Ναυῆ
3043 3485 3254 3558 Ἰησοῦς
3298 3484 3484 3556 Αὖσῆς
3515 3480 3704 3550 πρότε-

455 3577 650 3633 batur:
693 3593 878 3631 verum
913 3588 1265 3648 posteaquam
1301 3582 1369 3634 ab
1412 3580 1788 3651 exploratione
1844 3596 2030 3636 rever-

455 3683 547 3721 sus
597 3667 810 3732 fuisset,
843 3684 873 3723 a
929 3669 1076 3726 Mose
1111 3685 1308 3725 notnen
1355 3673 1475 3741 ejus
1524 3680 1608 3727 est
1653 3673 2026 3728 immutatum.

459 3760 720 3815 Eumdem
755 3773 876 3831 post
907 3779 1080 3818 annos
1111 3763 1204 3831 40,
1257 3779 1396 3832 quos
1425 3764 1480 3818 in
1509 3765 1810 3819 solitudine
1848 3779 2027 3834 popu-

459 3851 542 3904 lus
590 3852 788 3922 exegit,
845 3853 990 3908 Deus
1026 3854 1080 3907 in
1125 3855 1271 3908 hunc
1315 3853 1538 3907 modum
1579 3853 1852 3908 allocutus
1902 3861 2030 3907 est:

463 3939 837 3997 «Circumcide
893 3945 1155 4020 populum
1210 3943 1403 3999 cultris
1467 3944 1668 4007 saxeis,
1727 3953 1893 4012 atque
1955 3946 2030 3997 ita

457 4030 749 4087 Jordanem
777 4035 1011 4103 trajicito
1024 4035 1121 4090 ⁸⁷.»
1157 4035 1292 4090 Nam
1318 4034 1448 4089 Mosi
1475 4042 1718 4105 potestas
1738 4033 2032 4088 Jordanem

464 4125 781 4179 transeundi
824 4125 961 4178 facta
1007 4141 1117 4179 non
1154 4136 1258 4189 est,
1310 4141 1622 4195 quanquam
1678 4125 1889 4180 crebris
1944 4125 2033 4179 ille

462 4215 717 4284 precibus
770 4216 876 4270 hoc
921 4227 1262 4286 exposceret.
1309 4217 1525 4286 Quippe
1578 4231 1703 4271 cum
1761 4215 2027 4271 carminis

463 4307 625 4360 verba
659 4306 860 4376 populo
894 4309 1200 4371 recitasset,
1237 4308 1322 4362 his
1351 4308 1534 4362 verbis
1555 4321 1680 4361 eum
1705 4305 1860 4362 Deus'
1881 4321 2034 4362 eom-

462 4397 722 4472 pellavit:
770 4398 1050 4452 «Asceude
1078 4399 1132 4452 in
1167 4407 1408 4453 montem
1464 4398 1707 4461 Abarim,
1757 4397 1848 4467 qui
1884 4398 2034 4453 Νεὺο

463 4508 621 4546 mons
645 4501 748 4550 est.
791 4507 822 4543 e
873 4491 1091 4562 regione
1144 4489 1542 4554 llierichumis,
1579 4499 1742 4559 atque
1771 4489 1895 4544 istic
1928 4499 2037 4544 ter-

466 4598 579 4635 ram
622 4583 991 4635 Cltananrcam
1029 4583 1258 4637 intuitus
1299 4596 1535 4644 morere,
1569 4580 2030 4651 quemadmodum

464 4684 519 4728 et
563 4675 708 4728 Λευ-ο
759 4675 924 4727 frater
975 4682 1100 4727 tuus
1145 4672 1201 4727 in
1244 4673 1354 4730 Oro
1383 4684 1566 4728 monte
1615 4685 1864 4730 mortuus
1926 4681 2030 4728 est.

467 4764 584 4817 Non
619 4765 764 4818 enim
799 4764 984 4818 verbis
1040 4765 1180 4818 meis
1224 4765 1291 4818 ad
1328 4781 1522 4832 aquam
1557 4765 1958 4820 adversationis
1987 4775 2041 4818 et

2136 3601 2228 3655 ρον
2257 3582 2526 3648 ἐκαλεῖτο,
2570 3580 2919 3652 ὑποστρέψας
2954 3579 3011 3632 δὲ
3059 3579 3168 3633 ἀπὸ
3215 3576 3329 3647 τῆς
3363 3570 3705 3637 κατασκοπῆς

2133 3677 2287 3746 παρὰ
2318 3673 2413 3728 τοῦ
2465 3674 2714 3736 Μωσέως
2769 3670 3229 3742 μετονομάζεται.
3269 3668 3473 3737 τούτῳ
3511 3663 3574 3733 δὴ
3632 3657 3715 3744 τῷ,

2144 3768 2323 3837 Ἰησοῦ
2368 3765 2507 3834 μετά
2557 3779 2622 3832 γε
2645 3761 3062 3832 τεσσαράκοντα
3090 3760 3186 3828 ἐτη
3223 3757 3260 3812 ἃ.
3320 3753 3624 3810 διεϐίϐασεν
3652 3749 3707 3799 ὲν

2132 3859 2200 3927 τῇ
2226 3859 2439 3930 ἐρήμῳ.
2473 3857 2625 3925 λέγει
2667 3855 2696 3907 6
2739 3853 2910 3917 Θεὸς·
2969 3871 2988 3904 ι
3027 3850 3288 3914 Καθίσας
3325 3847 3589 3920 περίτεμε
3621 3840 3705 3892 τδν

2133 3952 2265 4005 λαὸν
2315 3950 2615 4021 μαχαίραις
2651 3946 2959 4017 πετρίναις,
2997 3945 3092 4000 καὶ
3121 3943 3266 3996 οῦτω
3305 3944 3397 3996 τὸν
3439 3936 3704 4010 Ἰορδάνην

2134 4045 2372 4111 διάϐηθι.
2415 4061 2434 4095 ι
2484 4042 2546 4094 '0
2569 4042 2679 4112 γὰρ
2719 4038 2926 4107 Μωσῆς
2953 4038 3192 4105 περᾶσαι
3221 4034 3285 4087 οὐ
3335 4025 3703 4102 συνεχωρήθη,

2137 4137 2316 4190 καίτοι
2383 4134 2553 4189 πολλὰ
2589 4133 2718 4204 περί
2773 4131 2967 4185 τούτου
2993 4129 3090 4183 τοῦ
3126 4129 3266 4182 Θεοῦ
3294 4125 3532 4197 δεηθείς.
3557 4116 3703 4175 Μετὰ

2136 4225 2245 4296 γὰρ
2271 4223 2331 4277 τὸ
2350 4223 2583 4293 λαλῆσαι
2605 4222 2674 4274 τὰ
2699 4222 2798 4289 τῆς
2831 4220 2975 4290 ᾠδῆς
3009 4218 3087 4287 τῷ
3117 4216 3258 4287 λαῷ,
3304 4211 3429 4288 εἷπε
3453 4211 3587 4282 πρὸς
3611 4207 3702 4296 αὖ·

2135 4294 2275 4368 τὸνὸ
2303 4312 2473 4375 Θεόςο
2511 4329 2531 4363 ι
2569 4310 2829 4380 Ἀνάϐηθι
2861 4311 2941 4370 εἰς
2971 4309 3033 4360 τὺ
3061 4307 3185 4376 ὄρος
3214 4304 3488 4377 ’Δραϐίμη
3537 4294 3700 4351 Τοῦτο

2135 4407 2261 4479 ὅρος
2291 4404 2483 4460 Ναϐαῦ
2523 4402 2668 4457 κατὰ
2717 4403 3013 4472 πρόσωπον
3045 4396 3307 4468 ’⁸1εριχώ.
3361 4396 3470 4448 Καὶ
3514 4385 3704 4479 ῐδε-την

2138 4477 2242 4565 γῆν
2272 4493 2514 4555 Χαναὰν,
2547 4491 2644 4546 καὶ
2669 4489 2921 4554 τελεύτα,
2943 4487 3004 4541 ὃν
3028 4489 3232 4556 τρόπον
3275 4483 3552 4540 ἀπέθανεν
3589 4477 3708 4565 ᾏτξ-

2143 4557 2252 4654 ρων
2285 4583 2312 4635 ὁ
2342 4577 2574 4640 ἀδελφός
2607 4593 2703 4630 σου
2768 4578 2826 4630 ὲν
2860 4574 2960 4644 Ὢρ
2997 4573 3078 4642 τῷ
3104 4571 3220 4641 ὄρει
3247 4611 3264 4637 ,
3321 4569 3458 4623 διότι
3484 4557 3708 4654 ἠπειθίγ

2143 4647 2272 4724 σατε
2301 4669 2379 4738 τῷ
2400 4665 2609 4738 ῥήματί
2638 4681 2739 4734 μου
2758 4663 2853 4715 ἐπὶ
2881 4659 2975 4714 τοῦ
3003 4659 3198 4722 ὓδατος
3222 4659 3322 4728 τῆς
3346 4647 3703 4717 ἀντιλογίας-³

2144 4764 2268 4816 Ὅτι
2320 4761 2378 4813 δὲ
2415 4761 2599 4812 ἐδέετο
2653 4755 2748 4809 τοῦ
2802 4755 2940 4807 Θεοῦ
3008 4752 3248 4822 περᾶσαι
3280 4749 3374 4800 τὸν
3422 4739 3706 4824 Ἰορδάνην.

468 4860 597 4911 νῖκαι
625 4857 781 4911 fidem
812 4857 1080 4912 habuistis
1099 4858 1166 4912 ⁸⁸.
1193 4876 1210 4908 ι
1233 4857 1351 4912 Jant
1375 4859 1517 4926 quod
1537 4857 1836 4912 obsecrarit
1870 4858 2021 4910 Dcun

2152 4876 2169 4908 ι
2216 4855 2324 4908 Καὶ
2377 4852 2629 4920 ὑπερεῖδε
2663 4849 2870 4919 Κύριος,
2909 4847 3013 4916 ἐμὲ
3065 4846 3258 4898 ἕνεκεν
3290 4841 3464 4913 ὑμῶν,
3501 4829 3710 4926 καὶ-οῦκ

469 4960 528 5002 ιιι
551 4950 846 5004 Jordancm
876 4950 1172 5018 trajiceret,
1209 4953 1324 5020 ipse
1353 4951 1698 5022 signiﬁcavit,
1729 4966 1852 5004 cum
1887 4951 2038 5005 dice-

469 5049 588 5092 ret:
651 5038 946 5107 tEquidcm
1007 5057 1168 5096 amne
1221 5042 1380 5112 160
1436 5043 1664 5111 trajectu
1715 5041 2037 5111 prmclaram

470 5131 618 5184 illam
653 5133 926 5202 regionem
951 5175 964 5200 ,
1003 5144 1153 5189 trans
1189 5136 1482 5191 Jurdanem
1523 5138 1705 5202 sitam,
1726 5137 2040 5189 'intuiturus

470 5239 652 5276 ctam:
685 5242 871 5280 verum
901 5228 1039 5282 DOUS
1062 5245 1145 5282 me
1177 5239 1354 5284 VCSU‘ﬂ
1387 5245 1548 5284 causa
1576 5240 1659 5284 ρει
1684 5238 2038 5295 aspernatus,

2146 4946 2434 5016 εἰσήκουσέ
2456 4961 2577 5013 μου.
2611 4941 2715 4995 Καὶ
2734 4937 2855 4993 εἷπε
2877 4940 3078 5008 Κύριος
3107 4939 3241 5006 πρός
3269 4953 3359 5006 με,
3397 4920 3710 5024 Ἰκανοιίσθω

2149 5055 2254 5102 σοι,
2306 5038 2380 5108 μὴ
2431 5037 2675 5104 προσθῇς
2737 5032 2818 5084 ἔτι
2871 5029 3104 5099 λαλῆσαι
3148 5029 3240 5081 τὸν
3296 5026 3454 5091 λόγον
3507 5024 3704 5108 τουτον·

2159 5101 2447 5182 Ἀνάϐαινε
2478 5101 2587 5195 γὰρ
2618 5101 2705 5186 εἰς
2727 5124 2787 5175 τὸ
2817 5123 2968 5194 ὅρος,
3014 5121 3111 5173 καὶ
3144 5120 3220 5172 ἴδε
3255 5118 3367 5178 τοῖς
3399 5101 3704 5180 ὀφθαλμοτςο

2144 5223 2313 5277 ὅτιού
2344 5221 2581 5290 διαϐήσῃ
2619 5218 2712 5270 τὸν
2739 5217 3016 5286 Ἰορδάνην
3039 5213 3250 5266 τοῦτον.
3278 5229 3296 5261 ι
3325 5207 3431 5261 Kal.
3449 5201 3499 5256 τί
3522 5200 3706 5290 δηποξε

473 5329 574 5368 ucc
607 5332 794 5383 preces
833 5335 982 5375 meas
1015 5322 1284 5376 exaudiit.
1321 5310 1625 5391 Respondit
1653 5321 1801 5375 enim
1841 5319 1893 5372 in
1929 5319 2021 5372 Ιιςοι

2147 5313 2237 5367 διὰ
2269 5283 2895 5381 μικρὰντπλημμέλειαν
2947 5283 3237 5377 πὸρῤωθεν
3271 5300 3398 5354 ἰδεῖν
3456 5296 3482 5346 ὁ
3511 5283 3708 5391 ille)ch

472 5409 638 5462 verba
681 5411 813 5464 mihi
841 5427 854 5463 :
892 5411 1038 5468 Satis
1077 5413 1181 5469 hoc
1213 5424 1331 5468 esto
1352 5415 1473 5479 tibi,
1510 5413 1617 5467 noli
1647 5413 1754 5465 tale
1779 5411 2039 5481 quiddam

473 5500 704 5567 amplius
760 5517 788 5555 a
847 5518 935 5556 me
990 5516 1195 5574 petere.
1249 5507 1451 5558 Saltem
1504 5506 1556 5558 in
1610 5511 1848 5557 montem
1903 5502 2050 5556 hunc

476 5591 779 5656 ascendite,
810 5575 864 5647 et
896 5603 1092 5648 terram
1126 5597 1299 5650 oculis
1346 5595 1454 5648 tuis
1501 5595 1731 5657 intncrc;
1779 5608 1901 5645 nam
1930 5591 2050 5645 Jor-

475 5683 670 5738 tlancm
710 5685 853 5748 hunc
887 5704 995 5741 non
1037 5688 1398 5756 lrajicics”.i
1457 5687 1726 5753 Quidnam
1763 5701 1893 5739 vero
1928 5698 2054 5737 cau-

563 5841 610 5872 "
634 5841 795 5900 Num.
832 5861 936 5908 xlv,
965 5845 1054 5901 30.

1133 5847 1173 5876 εὖ
1212 5845 1354 5902 Psal.
1391 5859 1532 5911 saw,
1571 5841 1653 5897 ll.
1731 5842 1776 5874 ⁸⁷
1803 5839 1970 5894 Josue
2003 5855 2060 5902 ν,
2086 5837 2141 5890 '2.
2218 5835 2261 5867 ⁸⁸
2297 5833 2455 5892 Deut.
2492 5847 2661 5896 xxx”,
2696 5833 2777 5897 ις),
2815 5834 2904 5888 50.

2155 5375 2504 5473 προσετάχθη
2563 5375 2825 5470 τὴν-γῆν,
2860 5395 2951 5448 τδν
3003 5375 3070 5449 δὲί
3093 5394 3220 5446 λαὸν
3248 5381 3558 5475 εἰσαγαγεῖν
3579 5375 3707 5475 Extitr-

2157 5472 2338 5563 λῦθη;
2377 5494 2633 5546 Διδάσκει
2689 5491 2836 5559 ἡμᾶς
2884 5491 2912 5541 6
2955 5487 3236 5553 Δεσπότης
3275 5482 3362 5534 διὰ
3410 5472 3608 5563 τούτων
3639 5472 3707 5518 ως

2160 5591 2286 5650 τοὺς
2315 5589 2370 5640 ἐν
2395 5589 2564 5655 ἁρετῇ
2596 5584 2834 5644 τελείους
2875 5583 2973 5652 τὴν
3005 5581 3186 5650 ἄκραν
3227 5572 3508 5646 ἀκρίϐειαν
3553 5567 3680 5654 om.“

2161 5682 2244 5731 τεῐ
2272 5693 2285 5708 ·
2320 5697 2341 5731 ι
2395 5680 2453 5732 ’0
2483 5677 2596 5747 μὲν,
2617 5678 2727 5745 γὰρ
2761 5675 3066 5745 ἐλάχιστος,
3091 5671 3226 5746 φησί
3258 5663 3418 5733 σοφία
3445 5655 3706 5717 Σολομων⁹

2985 5831 3028 5862 ⁸³
3069 5829 3225 5882 Deut.
3263 5834 3411 5878 xxxi.
3445 5815 3498 5866 ‘2-

2667 6119 2696 6139 ο
