3936 6436
155 383 257 451 309

1401 381 1812 445 ANNALIUM
1856 383 2052 443 PARS
2094 381 2174 444 II.

3297 380 3405 446 310
3435 429 3438 432 .

186 509 258 563 ος,
283 489 634 558 συγγνωστός
690 489 840 544 ἔστιν
893 491 1102 556 ἐλέους,
1141 490 1362 546 δυνατοὶ
1394 490 1452 544 δὲ
1480 489 1727 551 δυνατῶς

1840 503 1903 545 sae
1963 489 2068 544 fuit
2117 487 2473 559 quamobrem
2527 489 2597 544 ob
2642 489 2900 546 delictum
2940 491 3200 563 exiguum
3229 491 3408 549 Moses

247 583 554 652 σθήσονταί.
592 601 612 634 ι
643 581 767 636 Ὀτι
809 583 866 638 δὲ
899 585 1044 653 μέγα
1083 583 1230 648 ἔδοξε
1260 582 1322 636 τὸ
1349 581 1440 635 τοῦ
1473 582 1724 645 Μωσέως

153 672 472 740 ἁμάρτημα,
505 669 811 739 δεδήλωκεν
856 672 1021 734 αὐτὸς
1060 673 1089 725 ὁ
1139 672 1275 734 Θεὸς
1307 669 1482 733 οὕτως
1512 667 1720 735 εἰπών,-

157 779 177 815 ι
221 762 525 826 Ἀνάϐαινε,
561 763 656 816 καὶ
683 763 938 828 τελεύτα,
969 763 1106 816 διότι
1132 762 1472 832 ἠπειθήσατε
1509 761 1590 831 τῷ
1626 760 1726 831 ῥή-

155 844 414 924 ματί’μου
453 853 548 905 ἐπὶ
598 853 692 905 τοῦ
740 851 936 916 ὓδατος
973 856 1074 922 τῆς
1105 852 1443 919 ἀντιλογίας.
1487 869 1506 904 ι
1541 849 1724 904 Πάντα

152 944 323 999 ταῦτα
359 945 664 1014 πεποίηκεν
693 945 726 1013 ἡ
757 942 966 1011 θλίψις.
1013 942 1388 1005 Ἐπιτιθέντες
1440 942 1551 1012 γὰρ
1595 941 1727 995 Ἰου-

151 1035 284 1088 δαῖοι
323 1033 399 1103 τῷ
430 1034 561 1104 θείῳ
588 1034 804 1097 Μωσεί,
855 1033 944 1085 ὅτε
979 1031 1214 1101 ἀθυμῶν
1269 1025 1337 1101 ἦν
1372 1031 1461 1084 διὰ
1497 1030 1598 1098 τὴν
1627 1029 1728 1098 τῆς

152 1124 378 1194 Μαριὰμ
412 1123 694 1195 τελευτὴν,
725 1124 821 1175 καὶ
858 1121 1171 1192 βιαζόμενοι
1196 1120 1357 1191 χάριν
1386 1119 1580 1175 ὕδατος
1612 1159 1625 1182 ,
1652 1122 1727 1182 ὡς

154 1218 206 1269 ἐν
233 1219 298 1286 τῇ
346 1215 515 1286 βίϐλῳ
547 1219 660 1268 τῶν
705 1213 990 1287 Ἀριθμῶν
1028 1212 1368 1283 γέγραπται,
1405 1211 1727 1281 ἠνάγκασαν

153 1307 248 1376 τὴν
275 1307 588 1377 ἀμφίϐολον
623 1307 847 1377 ἐκείνην
879 1304 1132 1374 προϊέναι
1160 1304 1367 1374 φωνήν.
1422 1301 1593 1370 ’Δφες
1611 1300 1726 1352 λοι-

155 1400 252 1454 πδν
302 1398 374 1451 τὰ
434 1398 531 1451 τοῦ
574 1397 864 1468 Ἰωσήπου,
916 1397 1000 1450 ὅτι
1036 1389 1160 1449 καὶ
1195 1393 1337 1448 κατά
1372 1393 1554 1446 πάντα
1607 1391 1728 1452 ταῖς

157 1491 328 1559 ίεραῖς
347 1491 594 1559 Γραφαῖς
619 1488 1014 1558 ἐναντιούμενα
1038 1487 1351 1556 φαίνονται·
1381 1482 1477 1538 καὶ
1505 1482 1614 1552 γάρ
1641 1479 1729 1535 διὰ

157 1582 302 1636 θείαν
340 1580 510 1653 ὀργὴν
549 1580 929 1649 ἐτελεύτησεν,
983 1579 1046 1632 οὐ
1104 1577 1214 1646 μὴν
1261 1575 1351 1630 διὰ
1407 1577 1609 1645 γῆρας,
1653 1572 1730 1637 ὡς

157 1673 359 1736 ικείνός
392 1677 576 1742 φησιν.
601 1672 726 1726 Ὀτι
753 1671 809 1724 δὲ
831 1669 926 1724 τοῦ
953 1669 1089 1722 Θεοῦ
1131 1667 1479 1740 ὀργισθέντος
1506 1667 1600 1719 ἐπὶ
1618 1667 1732 1727 τοῖς

158 1763 525 1828 κατασκόποις
563 1763 658 1835 ἔτη
685 1761 1105 1832 τεσσαράκοντα
1139 1757 1415 1828 διέτριψεν
1451 1759 1478 1810 ὁ
1510 1757 1639 1821 λαὸς
1671 1758 1731 1808 ὲν

1831 582 1993 648 longo
2010 581 2222 650 quidem
2243 597 2308 636 ex
2336 581 2623 636 intervallo
2650 591 2852 637 terram
2871 583 3073 638 intueri
3093 583 3406 654 jussus'est,

1833 673 1927 727 sed
1958 672 2135 727 eidem
2167 672 2493 744 denegatum
2525 689 2594 726 ne
2629 674 2887 744 populum
2924 674 2977 728 in
3011 690 3130 729 eam
3156 674 3409 731 introdu-

1832 765 2024 818 ceret?
2058 762 2328 818 Nimirum
2362 779 2460 834 per
2492 765 2608 818 haec
2639 768 2839 819 docere
2882 766 3286 846 nosODominus
3313 781 3412 822 νο·
3464 799 3474 825 ς

1833 855 1934 910 luit
1969 871 2027 910 se
2054 855 2222 910 abiis
2262 855 2354 926 qui
2384 856 2589 913 virtute
2637 856 2866 926 perfecti
2919 857 3054 920 sint,
3107 864 3407 913 extremam

1833 947 2236 1002 scrutationem
2261 947 2566 1018 requirere.
2602 966 2622 999 ι
2649 947 2783 1002 Nam
2817 948 2910 1017 qui
2945 951 3276 1019 perpusillus
3302 958 3408 1015 est,

1833 1039 2014 1104 inquit
2071 1036 2353 1108 Sapientia
2405 1038 2804 1104 Salomonis",
2854 1039 2924 1094 ob
2975 1041 3410 1095 misericordiam

1836 1127 2241 1198 quodammodo
2273 1129 2492 1182 veniam
2554 1138 2830 1193 meretur;
2859 1137 2911 1182 at
2955 1131 3203 1183 valentes
3232 1129 3412 1183 valide

1833 1219 2286 1289 explorabuntur.
2317 1238 2336 1272 ι
2367 1219 2432 1275 Ει
2457 1236 2584 1275 vero
2603 1221 2859 1276 delictum
2894 1221 3058 1276 Mosis
3084 1222 3277 1292 ingens
3309 1220 3414 1276 sibi

1833 1315 2008 1393 visum
2041 1314 2212 1370 fuisse
2245 1315 2390 1370 Deus
2430 1315 2546 1385 ipse
2571 1315 2752 1370 verbis
2782 1314 2866 1369 liis
2891 1313 3227 1369 declaravit:
3279 1332 3298 1366 ι
3344 1313 3417 1366 A-

1836 1405 2043 1461 seende
2075 1420 2137 1459 ac
2163 1420 2400 1471 morere,
2435 1414 2727 1475 propterea
2773 1405 2918 1475 quod
2960 1405 3144 1462 verbis
3186 1407 3322 1461 meis
3347 1405 3414 1460 ad

1836 1510 2030 1563 aquam
2079 1494 2243 1566 iurgii
2274 1495 2434 1550 ﬁdem
2491 1511 2598 1549 non
2651 1495 2972 1551 habueritis.
3013 1515 3032 1548 ι
3066 1496 3241 1566 Atque
3290 1493 3420 1553 haec

1837 1587 2019 1641 omnia
2051 1586 2118 1641 de
2147 1586 2380 1656 quadam
2433 1587 2728 1643 afﬂictione
2754 1587 2994 1657 profecta
3051 1596 3230 1643 erant.
3281 1586 3417 1641 Nam

1837 1693 1961 1733 eum
2007 1677 2222 1733 Hebraei
2268 1678 2336 1733 ad
2367 1678 2571 1733 Mosem
2609 1680 2986 1744 eonvolarent,
3035 1680 3154 1749 ipso
3194 1687 3421 1748 propter

1841 1769 2024 1824 Mariae
2049 1770 2254 1824 sororis
2283 1769 2490 1824 obitum
2521 1769 2684 1833 tristi,
2717 1777 2772 1825 et
2797 1768 3067 1824 violenter
3101 1784 3226 1824 eum
3258 1784 3422 1839 urge—

157 1858 221 1926 τῇ
252 1855 468 1926 ιρήμῳ,
524 1857 622 1910 καὶ
671 1855 730 1909 ἔν
766 1852 844 1924 τῷ
898 1852 1316 1923 Δευτερονομίῳ
1349 1849 1510 1905 τοῦτο
1543 1848 1732 1918 σαφῶς

1840 1867 1959 1912 rent
1993 1857 2063 1912 ob
2096 1873 2248 1928 aqua:
2299 1857 2598 1926 defectum,
2636 1859 2780 1914 sicut
2807 1859 3250 1917 in‘Numerorum
3276 1838 3419 1912 libro

50 1968 52 1970 τ
157 1946 471 2017 δεδήλωται.
532 1946 730 2001 Ἠνίκα
773 1946 883 2016 γάρ
920 1947 948 1999 ὁ
978 1944 1187 2010 Μωσῆς
1223 1943 1290 1998 τά
1312 1943 1611 1996 τελευταῖα
1649 1940 1729 2010 τῷ

156 2038 268 2108 λαῷ
314 2038 601 2108 διελέγετο,
644 2039 740 2093 καὶ
782 2038 907 2091 τάδε
955 2037 1094 2108 πρὸς
1121 2038 1236 2098 τοῖς
1264 2034 1447 2098 ἄλλοις
1505 2033 1728 2101 ἔλεγενο

165 2145 183 2178 ι
221 2127 497 2195 Ἥλθομεν
540 2129 635 2182 καὶ
667 2128 799 2200 πρὶν
833 2119 926 2190 είς
947 2129 1011 2181 τδ
1045 2129 1287 2198 περᾶσαι
1331 2125 1424 2179 καὶ
1449 2124 1734 2194 κατακλη-

159 2219 456 2291 ρονομῆσαι
483 2222 584 2291 τὴν
616 2218 952 2274 Χανανίτιδα
987 2219 1114 2286 γῆν.
1153 2236 1172 2269 ι
1224 2215 1369 2270 Ἀλλ’
1399 2215 1449 2268 οί
1479 2213 1734 2285 διάστρο-

158 2329 248 2381 φοι
276 2313 478 2364 ἐκεῖνοι
537 2313 879 2366 κατάσκοποι
914 2310 1014 2363 καὶ
1045 2312 1072 2363 δ
1119 2309 1216 2362 τοῦ
1241 2307 1373 2360 λαοῦ
1415 2305 1732 2376 γογγυσμὸς

155 2403 248 2475 ἐτη
273 2412 326 2473 μ’
344 2403 780 2474 περιπλανᾶσθαι
807 2403 1010 2464 αὐτοὺς
1034 2403 1092 2456 ἐν
1113 2402 1183 2471 τῇ
1207 2400 1402 2470 ἐρήμῳ
1431 2397 1729 2467 πεποίηκε.

155 2497 342 2551 Ταῦτα
392 2498 449 2550 δὲ
503 2497 638 2569 πρὸς
670 2496 868 2559 αὐτοὺς
895 2495 1085 2564 ἔλεγεν
1113 2497 1171 2548 ὲν
1215 2495 1281 2563 τῇ
1329 2490 1561 2562 δευτέρᾳ
1593 2491 1730 2542 ὐπο-

157 2591 386 2677 στροφῇθ
418 2590 527 2648 τῶν
563 2595 616 2659 μ’
641 2590 776 2642 ἑτῶν
796 2587 997 2659 δηλαδὴ
1019 2583 1445 2656 συμπληρώσει.
1477 2583 1725 2677 Πράσεχε

157 2671 377 2736 λοιπένῖ
417 2684 666 2750 φαίνεται
718 2684 828 2752 γὰρ
886 2680 1146 2734 ἐντεῦθεν
1170 2680 1252 2733 ὅτι
1300 2678 1350 2730 εί
1397 2677 1474 2748 μὴ
1500 2675 1625 2729 θεία
1658 2671 1728 2748 ἦν

155 2776 292 2846 ὀργὴ
317 2775 419 2843 τῆς
445 2775 554 2828 τῶν
601 2774 970 2828 κατασκόπων
1022 2772 1361 2843 διαστροφῆς
1399 2768 1615 2832 ἕνεκεν,
1668 2769 1730 2822 ὲν

157 2870 353 2940 βραχεῖ
371 2867 586 2940 διῆλθον
609 2867 705 2940 τὴν
729 2867 939 2939 ἔρημον
964 2867 1061 2920 καὶ
1085 2865 1176 2919 τὸν
1212 2862 1492 2934 Ἰορδάνην
1527 2861 1731 2933 ἐπέρα-

157 2978 256 3015 σαν
279 2961 367 3017 ἄν.

1839 1947 2212 2021 perscriptum
2258 1947 2513 2020 legimus,
2547 1950 2691 2006 hanc
2731 1949 2779 2005 ei
2826 1965 3018 2005 vocem
3060 1947 3421 2004 dubitationis

1836 2041 2056 2112 plenam
2111 2051 2489 2096 extorserunt.
2547 2042 2897 2112 Quapropter
2935 2041 3157 2097 missam
3190 2041 3276 2096 fac
3321 2039 3423 2096 Jo—

1839 2132 1994 2202 seplii
2043 2132 2444 2198 narratidnem,
2495 2149 2616 2204 quae
2668 2149 2898 2204 prorsus
2953 2133 3178 2189 Litteris
3242 2132 3424 2203 sacris

1843 2225 2123 2280 adversari
2157 2224 2396 2280 videtur.
2455 2223 2639 2280 Moses
2677 2226 2824 2280 enim
2860 2233 3084 2296 propter
3116 2225 3253 2279 iram
3285 2223 3426 2278 divi-

1840 2331 1969 2370 nam
2000 2315 2107 2371 hoc
2156 2315 2320 2370 modo
2368 2325 2620 2372 mortuus
2672 2325 2792 2381 est,
2847 2333 2958 2371 non
3001 2317 3070 2371 ob
3121 2314 3425 2370 senectutis

1841 2407 2081 2474 molem,
2129 2408 2592 2477 quemadmodum
2643 2408 2732 2464 ille
2787 2408 2970 2463 tradit.
3032 2407 3190 2474 Quod
3237 2415 3423 2460 autem

1838 2500 2206 2570 Deovpropter
2233 2501 2772 2569 exploratoresirato
2809 2500 3042 2570 populus
3086 2498 3248 2552 annis
3284 2514 3424 2567 qua-

1838 2589 2090 2662 draginta
2131 2589 2187 2644 in
2243 2591 2543 2647 solitudine
2596 2601 2972 2647 commoratus
3024 2592 3117 2656 sit,
3166 2591 3334 2645 etiam
3369 2590 3424 2643 in

1837 2680 2264 2736 Deuteronomio
2287 2685 2576 2752 perspicue
2595 2684 2890 2738 indicatur.
2922 2684 3058 2739 Cum
3079 2683 3224 2737 enim
3244 2681 3425 2736 Moses

1847 2779 2097 2826 extrema
2128 2772 2380 2827 oratione
2415 2774 2676 2843 populum
2724 2773 3120 2842 alloqueretun,
3147 2771 3290 2825 inter
3318 2770 3424 2826 alia

1850 2863 2037 2920 verbls
2093 2865 2408 2935 huiusmodi
2467 2881 2596 2921 usus
2639 2878 2760 2922 est:
2823 2865 3204 2920 «Accessimus
3255 2863 3424 2916 etiam

1828 2964 2001 3010 antea
2054 2956 2338 3026 trajecturi
2391 2955 2619 3023 ﬂumen,
2676 2964 2732 3012 et
2767 2965 2969 3012 terram
3001 2953 3426 3012 tiliauauitidem

156 3057 513 3128 occupaturi:
543 3057 638 3114 sed
664 3057 1036 3129 exploratores
1059 3055 1136 3112 illi
1161 3054 1410 3128 perversi
1440 3052 1738 3125 populique
1777 3051 2033 3109 fremitus
2099 3053 2401 3110 effecerunt
2433 3061 2490 3109 ut
2555 3054 2716 3110 anuis
2764 3055 3123 3126 quadraginta
3160 3067 3257 3122 per
3290 3050 3424 3105 soli—

159 3155 400 3212 mdinem
447 3154 899 3225 obvagaremura
984 3152 1116 3220 Quae
1143 3151 1364 3222 quidem
1431 3151 1604 3206 verba
1664 3147 1897 3221 protulit
1959 3149 2014 3203 in
2079 3150 2249 3206 altera
2299 3151 2618 3206 reversione
2653 3150 2719 3206 ad
2770 3149 3094 3212 Iordanem,
3138 3161 3262 3202 cum
3293 3146 3431 3202 anni

157 3247 366 3302 scilicet
409 3245 768 3316 quadraginta
816 3245 926 3314 jam
970 3243 1231 3313 completi
1280 3248 1487 3298 essent.
1555 3239 1735 3308 Atque
1776 3238 1886 3304 hic,
1915 3255 2125 3310 quasso,
2159 3241 2297 3296 mihi
2369 3241 2652 3296 animum.
2689 3240 2980 3297 advertite.
3017 3236 3250 3292 Videtur
3279 3238 3434 3296 enirn

156 3342 400 3398 futurum
428 3339 595 3395 fuisse
631 3347 691 3392 ut
720 3338 827 3392 nisi
857 3336 1230 3393 divinalistaze
1295 3335 1376 3390 ira
1443 3331 1850 3389 intercessisset
1919 3333 1989 3387 ob
2029 3332 2442 3404 exploratorum
2505 3333 2930 3405 perversitatem
2963 3341 3106 3400 orta,
3147 3330 3300 3387 brevi
3332 3329 3439 3386 ad—.

155 3437 377 3490 modum
414 3433 678 3503 temporis
709 3430 890 3502 spatio
942 3429 1298 3485 solitudinem
1347 3433 1730 3498 peragrarent,
1771 3437 1835 3478 ac
1863 3414 2530 3496 Jordancmtrajiecrent.

223 3526 434 3582 Οὐκοῦν
469 3525 562 3596 ἐτη
599 3532 649 3596 μ’
679 3524 1116 3594 περιπατοῦντες
1135 3521 1280 3578 κατὰ
1300 3521 1401 3592 τὴν
1436 3521 1644 3592 ἔρημον
1677 3517 1733 3572 τὸ

1918 3518 2192 3574 Caeterum
2241 3521 2369 3575 dum
2430 3521 2593 3576 annis
2643 3519 2714 3575 40
2765 3535 2864 3590 per
2899 3517 3253 3589 solitudinem
3303 3515 3443 3574 hince

161 3620 332 3688 μάννα
357 3618 566 3687 ῆσοιον,
591 3618 800 3687 τροφὴν
833 3617 1119 3686 ἄσπαρτυν
1144 3615 1242 3668 καὶ
1274 3615 1563 3684 ἀνήροτον.
1594 3613 1733 3667 Καθ’

157 3714 396 3784 ἑκάστην
427 3711 535 3791 γὰρ
573 3710 800 3782 ἕϐρεχεν
837 3711 1054 3780 ἡμέραν
1117 3707 1252 3763 αὐτὸ
1309 3709 1338 3761 ὁ
1389 3707 1544 3771 Θεὸς,
1605 3707 1734 3761 ἄνευ

161 3811 344 3878 μέντοι
374 3805 469 3860 τοῦ
523 3805 829 3870 Σαϐϐάτου,
879 3803 1154 3858 διδάσκων
1205 3801 1506 3855 κάντεῦῠεν
1537 3799 1737 3859 αὐτοὺς

162 3899 330 3970 μηδὲν
377 3899 434 3950 ὲν
460 3896 728 3967 Σαϐϐάτῳ
765 3897 965 3951 ποιεῖν.
1010 3893 1128 3964 Ἐφ’
1160 3885 1204 3961 ᾧ
1234 3891 1326 3945 καὶ
1359 3891 1419 3943 τὸ
1454 3891 1509 3942 ὲν
1543 3892 1736 3960 Παρα-

159 3994 332 4062 σκευῇ
364 3989 772 4060 κατερχόμενον
806 3987 985 4057 μάννα
1023 3985 1314 4040 διπλάσιον
1351 3978 1444 4054 ἦν,
1479 3981 1555 4046 ὡς
1590 3981 1738 4052 ἔχειν

160 4079 354 4140 αὐτοὺς
372 4079 466 4131 καὶ
484 4075 583 4144 τὴν
609 4079 666 4128 ὲν
696 4075 960 4146 Σαϐϐάτῳ
982 4077 1216 4146 τροφήν.
1240 4074 1302 4128 Εί
1326 4075 1383 4127 δὲ
1414 4075 1472 4126 ἐν
1503 4071 1738 4141 δευτέρᾳ

156 4172 320 4243 τυχδν
348 4170 536 4241 ἡμέρα
571 4168 600 4237 ἢ
634 4167 792 4240 τρίτῃ
822 4165 1010 4221 λαϐὼν
1029 4169 1105 4222 ’ὲκ
1144 4166 1239 4221 τοῦ
1279 4167 1458 4240 μάννα
1498 4163 1738 4233 ὲφὺλαξέ

159 4281 262 4330 τις,
289 4263 370 4326 είς
402 4262 501 4332 τὴν
527 4262 820 4333 ὑστεραίαν
853 4261 1259 4334 διεφθαρμένον
1290 4257 1359 4331 ἢν
1394 4258 1452 4322 ἐξ
1490 4258 1740 4328 ἀνάγκης

158 4357 216 4410 τὸ
235 4355 478 4410 τοιοῦτον
507 4355 830 4418 ἰδεῖν.Τίνος
859 4355 1078 4418 ἓνεκενς
1122 4351 1341 4424 Ἐπειδὴ
1375 4351 1540 4422 νόμου
1561 4350 1743 4421 παρά-

160 4446 317 4510 ϐασις
351 4441 443 4518 ἦν.
510 4446 792 4500 Διδάσκων
841 4446 952 4516 γάρ
1009 4446 1210 4509 αὐτοὺς
1275 4447 1385 4498 τῶν
1437 4443 1741 4515 φροντίδων

159 4538 446 4610 ἐλεύθερον
509 4538 683 4608 βιοῦν,
743 4537 1018 4608 ὑπέσχετο
1049 4538 1175 4592 καθ’
1235 4538 1478 4608 ἑκάστην
1518 4536 1741 4607 ἡμέραν

159 4629 424 4700 παρέχειν
451 4627 548 4698 τὴν
579 4629 888 4696 ἀναγκαίαν
923 4629 1111 4691 αὐτοῖς
1139 4631 1373 4700 τροφήν.
1430 4628 1662 4681 Ἐκεῖνοι
1685 4625 1742 4679 δὲ

160 4701 563 4790 ἀπιστήσαντες
620 4718 786 4789 μέρος
841 4737 895 4772 τι
947 4717 1042 4771 τοῦ
1086 4720 1444 4789 συλλεγέντος
1497 4723 1578 4784 εἰς
1638 4722 1740 4793 τὴν

162 4811 454 4882 ὑστεραίαν
486 4810 780 4881 ἐφύλαξαν.
817 4809 918 4864 Διὰ
943 4811 1104 4865 τοῦτο
1148 4813 1242 4866 κοιλ⁹
1272 4814 1578 4877 ὲπώζεσεν.
1613 4813 1738 4866 Ὀτι

161 4904 267 4974 γάρ
293 4906 353 4958 οὐ
379 4905 478 4974 τῆς
513 4902 608 4958 τοῦ
655 4906 837 4976 μάννα
869 4906 1087 4974 φύσεως
1113 4899 1183 4976 ἦν
1209 4905 1270 4958 τδ
1296 4905 1490 4969 πάθος,
1525 4922 1737 4976 μαρτυ-

163 5001 246 5068 ρεῖ
265 5001 328 5051 τὸ
364 4997 663 5062 Σάϐϐα-τον,
689 4999 746 5052 ὲν
763 4991 807 5067 ᾧ
827 4998 1115 5068 άλώϐητον
1147 4999 1300 5068 διετη
1312 4999 1458 5067 ρεῖτο
1491 4997 1553 5051 τὸ
1576 4998 1742 5068 χάριν

158 5090 328 5145 αὐτοῦ
364 5092 508 5144 κατὰ
539 5093 639 5161 τὴν
693 5091 1066 5162 Παρασκευὴν
1104 5091 1505 5161 συλλεγόμενόν
1543 5107 1604 5144 τε
1645 5089 1742 5143 καί

159 5184 594 5253 φυλασσόμενον.
649 5186 940 5256 Μαρτυρεῖ
986 5186 1043 5240 δὲ
1077 5186 1172 5240 καὶ
1220 5185 1282 5238 τὸ
1326 5186 1383 5237 ὲν
1417 5187 1485 5256 τῇ
1521 5183 1742 5256 κιϐωτῷ

158 5276 249 5328 ἐπὶ
272 5275 496 5336 πολλαῖς
519 5275 891 5347 διαφυλαχθὲν
915 5278 1157 5343 γενεαῖς.
1175 5274 1353 5328 Τοῦτο
1383 5274 1442 5328 δὲ
1472 5276 1532 5327 τὸ
1561 5273 1742 5344 μάννα

158 5367 301 5420 κατά
354 5383 420 5433 γε
453 5367 516 5420 τὸ
549 5366 697 5437 πρωῒ
732 5370 828 5420 καὶ
866 5368 1030 5438 μόνον
1059 5367 1358 5436 συνήγετο·
1425 5365 1579 5434 ἡλίου
1629 5365 1740 5436 γὰρ

158 5459 539 5520 ἀνατείλαντος
568 5458 816 5527 ἐτήκετο.
843 5458 1020 5534 ξΓοῦτο
1065 5458 1252 5527 μέντοι
1281 5457 1343 5510 τὸ
1373 5450 1572 5526 μάννα,
1595 5457 1741 5512 καθά

158 5569 323 5621 φησιν
352 5553 381 5606 ὁ
419 5550 696 5614 θειότατος
719 5551 963 5622 Νύσσης,
986 5552 1050 5604 ὲκ
1088 5551 1186 5620 τῆς
1217 5549 1414 5618 σοφίας
1455 5549 1741 5619 Σολομῶν-

158 5658 245 5703 τος
268 5643 367 5707 τὰς
399 5640 656 5714 ἀφορμάς
690 5641 897 5712 λαϐὼν,
933 5641 1206 5713 μονοειδὲς
1237 5637 1327 5714 ἦν,
1361 5643 1394 5714 ἡ
1421 5642 1478 5695 δὲ
1511 5641 1738 5714 ποιότης

228 5810 273 5840 ⁷⁸
304 5810 430 5878 Sap.
463 5824 538 5874 vt,
576 5810 627 5862 7.

1841 3612 1969 3666 inde
2015 3614 2371 3680 oberrabant,
2437 3629 2637 3667 manna
2695 3613 3083 3674 vescebantur,
3143 3611 3267 3666 cibo
3315 3627 3428 3665 non

1838 3705 1958 3760 sate
2001 3720 2103 3759 nec
2152 3720 2252 3776 per
2279 3714 2585 3759 aratonem
2617 3712 2962 3774 comparato.
3035 3699 3169 3754 Nam
3212 3701 3264 3753 in
3313 3700 3440 3755 dies

1843 3797 2089 3865 singulos
2121 3797 2388 3852 divinitus
2425 3796 2603 3851 instar
2634 3797 2831 3863 pluviae
2849 3796 2916 3851 de
2945 3796 3088 3851 caelo
3119 3793 3430 3872 labebatur,

1839 3891 2004 3946 unico
2035 3873 2275 3944 Sabbato
2301 3899 2564 3957 excepto:
2616 3903 2728 3954 quo
2757 3887 2876 3956 ipso
2902 3886 3137 3941 docebat
3166 3900 3262 3939 eos
3291 3883 3434 3942 nihil

1839 3995 1964 4035 esse
2035 3979 2276 4033 Sabbato
2338 3975 2655 4030 faciundum
2714 3975 2920 4046 operis.
2953 3969 2960 3976 ”
2992 3975 3308 4043 Eademque
3367 3974 3437 4027 de

1845 4086 2013 4126 causa
2041 4070 2185 4140 quod
2219 4069 2304 4124 die
2334 4068 2631 4124 Sabbatum
2663 4068 3032 4139 praecedente,
3079 4082 3238 4135 quem
3272 4065 3432 4142 161

1841 4179 1870 4218 a
1903 4164 2304 4234 prmparatione
2345 4163 2692 4218 Parasceven
2756 4161 3180 4231 nuncupabant,
3230 4173 3433 4213 manna

1843 4258 2222 4321 delabebatur,
2256 4257 2482 4328 duplum
2515 4267 2634 4312 erat
2663 4257 2897 4311 aliorum
2921 4255 3132 4310 dierum
3153 4237 3433 4323 respectu,

1841 4367 1949 4421 quo
1978 4351 2236 4406 videlicet
2268 4350 2490 4406 abunde
2541 4350 2680 4422 ipsis
2718 4350 2884 4406 etiam
2919 4347 3162 4404 Sabbato
3197 4348 3435 4403 durante

1844 4444 2090 4498 alimenti
2127 4443 2423 4498 sufficeret.
2465 4441 2675 4509 Quodsi
2706 4443 2832 4513 quis
2857 4451 3042 4496 autem
3071 4440 3161 4496 die
3187 4441 3432 4495 secundo

1843 4536 2166 4606 septimanae
2205 4535 2289 4590 vel
2316 4535 2481 4590 tertio
2513 4544 2798 4606 acceptum
2832 4547 3030 4588 manna
3069 4541 3344 4587 servasset
3376 4531 3433 4586 in

1842 4627 1992 4682 diem
2023 4629 2280 4696 alterum,
2337 4643 2452 4683 non
2501 4636 2724 4699 poterat
2772 4627 3040 4696 deinceps
3071 4626 3237 4679 aliter
3266 4631 3433 4694 quam‘

1843 4719 2212 4790 putrefactum
2247 4719 2475 4775 intueri.
2521 4719 2889 4787 Quamobrem
2924 4719 3101 4774 istuc?
3129 4716 3269 4784 Quia
3297 4717 3433 4788 legis

1847 4820 1969 4866 erat
2006 4810 2123 4866 hac
2162 4811 2406 4866 violatio.
2454 4810 2670 4882 Quippe
2710 4811 2854 4865 Deus
2887 4810 3082 4866 volens
3111 4824 3208 4864 eos
3231 4809 3436 4864 docere

1843 4905 1975 4976 quid
1992 4915 2140 4960 esset
2158 4905 2268 4959 vita
2295 4905 2446 4960 curis
2469 4904 2645 4960 soluta
2671 4913 2727 4958 et
2751 4904 2946 4969 libera,
2975 4919 3034 4958 se
3067 4901 3433 4973 przebiturum

1842 4998 1925 5053 eis
1983 4997 2351 5067 pollicebatur
2411 4998 2467 5052 in
2524 4997 2640 5052 dies
2685 4996 2947 5067 singulos:
2981 5005 3192 5051 tantum
3246 4995 3431 5049 victus

1843 5100 2110 5160 quantum
2144 5089 2279 5162 ipsis
2308 5090 2520 5145 alendis
2545 5089 2839 5144 suﬂiceret.
2875 5089 3016 5144 Huic
3050 5086 3436 5159 pollicitationi

1847 5199 1971 5238 eum
2009 5183 2169 5239 fidem
2201 5183 2423 5254 quidam
2469 5199 2579 5238 non
2613 5183 2880 5236 haberent
2909 5197 3013 5237 nee
3040 5181 3300 5237 mandato
3336 5195 3437 5249 pa-

1849 5282 2057 5339 rerent,
2111 5274 2251 5328 forte
2297 5273 2512 5327 collecti
2568 5288 2783 5326 manna:
2835 5281 3048 5342 partem
3111 5272 3348 5341 aliquam
3382 5272 3438 5325 in

1849 5366 1992 5421 diem
2043 5373 2328 5435 posterum
2381 5371 2697 5429 servarunt,
2749 5380 2871 5434 quae
2926 5364 3196 5420 continuo
3231 5362 3433 5418 fmtuit.

1799 5473 1818 5484 ⁴
1849 5456 2072 5513 Etbane
2095 5471 2442 5526 nequaquam
2458 5456 2705 5526 profecto
2728 5472 2942 5510 manna:
2962 5467 3217 5510 naturam
3240 5453 3436 5520 fuisse,

1849 5549 2027 5622 colligi
2063 5558 2176 5603 tum
2204 5549 2271 5604 de
2305 5549 2549 5603 Sabbato
2579 5557 2795 5620 potest,
2836 5565 2948 5619 quo
3001 5548 3266 5618 quidquid
3311 5547 3434 5614 ejus

1849 5658 2013 5697 causa
2065 5643 2461 5713 prmparatorio
2492 5642 2867 5699 die-coactum
2895 5649 3016 5696 erat
3049 5642 3434 5708 incorruptum
