  <div class='ocr_page' id='page_1' title='image "/cluster/home/n/w/nwhite01/storage/ocr_20150623/158/coo.31924054870633/191.png"; bbox 0 0 3936 6424; ppageno 0'>
   <div class='ocr_carea' id='block_1_1' title="bbox 523 390 627 457">
    <p class='ocr_par' dir='ltr' id='par_1_1' title="bbox 523 390 627 457">
     <span class='ocr_line' id='line_1_1' title="bbox 523 390 627 457; baseline -0.029 0"><span class='ocrx_word' id='word_1_1' title='bbox 523 390 627 457; x_wconf 80' lang='lat'><strong>311</strong></span> 
     </span>
    </p>
   </div>
   <div class='ocr_carea' id='block_1_2' title="bbox 1786 405 2583 474">
    <p class='ocr_par' dir='ltr' id='par_1_2' title="bbox 1786 405 2583 474">
     <span class='ocr_line' id='line_1_2' title="bbox 1786 405 2583 474; baseline 0.014 -11"><span class='ocrx_word' id='word_1_2' title='bbox 1786 405 2213 470; x_wconf 84' lang='lat' dir='ltr'><strong>MICHAELIS</strong></span> <span class='ocrx_word' id='word_1_3' title='bbox 2251 410 2515 474; x_wconf 70' lang='lat' dir='ltr'><strong>GLYC/E</strong></span> <span class='ocrx_word' id='word_1_4' title='bbox 2580 406 2583 413; x_wconf 67' lang='grc'><em>’</em></span> 
     </span>
    </p>
   </div>
   <div class='ocr_carea' id='block_1_3' title="bbox 3639 417 3736 484">
    <p class='ocr_par' dir='ltr' id='par_1_3' title="bbox 3639 417 3736 484">
     <span class='ocr_line' id='line_1_3' title="bbox 3639 417 3736 484; baseline 0 0"><span class='ocrx_word' id='word_1_5' title='bbox 3639 417 3736 484; x_wconf 76' lang='grc'><strong>312</strong></span> 
     </span>
    </p>
   </div>
   <div class='ocr_carea' id='block_1_4' title="bbox 522 505 2101 597">
    <p class='ocr_par' dir='ltr' id='par_1_4' title="bbox 522 505 2101 582">
     <span class='ocr_line' id='line_1_4' title="bbox 522 505 2101 582; baseline 0.009 -23"><span class='ocrx_word' id='word_1_6' title='bbox 522 505 802 568; x_wconf 87' lang='lat' dir='ltr'><strong>manebat,</strong></span> <span class='ocrx_word' id='word_1_7' title='bbox 847 512 964 560; x_wconf 90' lang='lat' dir='ltr'><strong>tum</strong></span> <span class='ocrx_word' id='word_1_8' title='bbox 1016 506 1084 563; x_wconf 90' lang='lat' dir='ltr'><strong>de</strong></span> <span class='ocrx_word' id='word_1_9' title='bbox 1134 507 1226 564; x_wconf 88' lang='lat' dir='ltr'><strong>illo</strong></span> <span class='ocrx_word' id='word_1_10' title='bbox 1272 524 1471 566; x_wconf 88' lang='lat' dir='ltr'><strong>manna</strong></span> <span class='ocrx_word' id='word_1_11' title='bbox 1500 513 1646 582; x_wconf 88' lang='lat' dir='ltr'><strong>quod</strong></span> <span class='ocrx_word' id='word_1_12' title='bbox 1673 513 1728 568; x_wconf 86' lang='lat' dir='ltr'><strong>in</strong></span> <span class='ocrx_word' id='word_1_13' title='bbox 1760 529 1886 570; x_wconf 86' lang='lat' dir='ltr'><strong>arca</strong></span> <span class='ocrx_word' id='word_1_14' title='bbox 1918 519 2101 575; x_wconf 86' lang='lat' dir='ltr'><strong>multis</strong></span> 
     </span>
    </p>
   </div>
   <div class='ocr_carea' id='block_1_5' title="bbox 2205 505 3741 597">
    <p class='ocr_par' dir='ltr' id='par_1_5' title="bbox 2208 517 3741 597">
     <span class='ocr_line' id='line_1_5' title="bbox 2208 517 3741 597; baseline 0.003 -17"><span class='ocrx_word' id='word_1_15' title='bbox 2208 525 2376 580; x_wconf 82' lang='grc' dir='ltr'>αὐτοῦ</span> <span class='ocrx_word' id='word_1_16' title='bbox 2407 525 2468 578; x_wconf 79' lang='grc' dir='ltr'>τὸ</span> <span class='ocrx_word' id='word_1_17' title='bbox 2501 524 2747 579; x_wconf 79' lang='grc' dir='ltr'><strong>ποικίλον</strong></span> <span class='ocrx_word' id='word_1_18' title='bbox 2789 517 2958 596; x_wconf 81' lang='grc' dir='ltr'>εἶχεν,</span> <span class='ocrx_word' id='word_1_19' title='bbox 3000 524 3219 596; x_wconf 77' lang='grc' dir='ltr'>ἑκάστῳ</span> <span class='ocrx_word' id='word_1_20' title='bbox 3265 526 3579 597; x_wconf 78' lang='grc' dir='ltr'>προσφόρως</span> <span class='ocrx_word' id='word_1_21' title='bbox 3609 532 3741 585; x_wconf 76' lang='grc' dir='ltr'>κατὰ</span> 
     </span>
    </p>
   </div>
   <div class='ocr_carea' id='block_1_6' title="bbox 523 595 2100 674">
    <p class='ocr_par' dir='ltr' id='par_1_6' title="bbox 523 595 2100 674">
     <span class='ocr_line' id='line_1_6' title="bbox 523 595 2100 674; baseline 0.011 -27"><span class='ocrx_word' id='word_1_22' title='bbox 523 595 745 649; x_wconf 63' lang='lat' dir='ltr'><strong>smeulis</strong></span> <span class='ocrx_word' id='word_1_23' title='bbox 769 606 853 651; x_wconf 87' lang='lat' dir='ltr'><strong>est</strong></span> <span class='ocrx_word' id='word_1_24' title='bbox 875 608 1282 660; x_wconf 87' lang='lat' dir='ltr'><strong>conservatum.</strong></span> <span class='ocrx_word' id='word_1_25' title='bbox 1323 601 1692 674; x_wconf 82' lang='lat' dir='ltr'><strong>Colligebatur</strong></span> <span class='ocrx_word' id='word_1_26' title='bbox 1716 617 1897 662; x_wconf 89' lang='lat' dir='ltr'><strong>autem</strong></span> <span class='ocrx_word' id='word_1_27' title='bbox 1925 618 2100 663; x_wconf 80' lang='lat' dir='ltr'><strong>matu-</strong></span> 
     </span>
    </p>
   </div>
   <div class='ocr_carea' id='block_1_7' title="bbox 524 686 2102 763">
    <p class='ocr_par' dir='ltr' id='par_1_7' title="bbox 524 686 2102 763">
     <span class='ocr_line' id='line_1_7' title="bbox 524 686 2102 763; baseline 0.009 -25"><span class='ocrx_word' id='word_1_28' title='bbox 524 686 639 738; x_wconf 54' lang='lat' dir='ltr'><strong>tino</strong></span> <span class='ocrx_word' id='word_1_29' title='bbox 659 695 901 755; x_wconf 90' lang='lat' dir='ltr'><strong>tempore</strong></span> <span class='ocrx_word' id='word_1_30' title='bbox 919 695 1129 743; x_wconf 85' lang='lat' dir='ltr'><strong>tantum</strong></span> <span class='ocrx_word' id='word_1_31' title='bbox 1154 708 1167 744; x_wconf 93' lang='lat'>:</span> <span class='ocrx_word' id='word_1_32' title='bbox 1200 693 1401 761; x_wconf 79' lang='lat' dir='ltr'><strong>quippe</strong></span> <span class='ocrx_word' id='word_1_33' title='bbox 1421 695 1823 763; x_wconf 83' lang='lat' dir='ltr'><strong>quamprimum</strong></span> <span class='ocrx_word' id='word_1_34' title='bbox 1842 697 1923 751; x_wconf 89' lang='lat' dir='ltr'><strong>sol</strong></span> <span class='ocrx_word' id='word_1_35' title='bbox 1948 707 2102 752; x_wconf 88' lang='lat' dir='ltr'><strong>ortus</strong></span> 
     </span>
    </p>
   </div>
   <div class='ocr_carea' id='block_1_8' title="bbox 446 777 2098 855">
    <p class='ocr_par' dir='ltr' id='par_1_8' title="bbox 446 777 2098 855">
     <span class='ocr_line' id='line_1_8' title="bbox 446 777 2098 855; baseline 0.011 -29"><span class='ocrx_word' id='word_1_36' title='bbox 446 800 453 809; x_wconf 62' lang='grc' dir='ltr'><em>ι</em></span> <span class='ocrx_word' id='word_1_37' title='bbox 526 777 741 841; x_wconf 84' lang='lat' dir='ltr'><strong>fuisset,</strong></span> <span class='ocrx_word' id='word_1_38' title='bbox 774 779 1132 847; x_wconf 75' lang='lat' dir='ltr'><strong>liquescebat.</strong></span> <span class='ocrx_word' id='word_1_39' title='bbox 1189 782 1338 837; x_wconf 92' lang='lat' dir='ltr'><strong>ldem</strong></span> <span class='ocrx_word' id='word_1_40' title='bbox 1376 800 1598 851; x_wconf 87' lang='lat' dir='ltr'><strong>manna,</strong></span> <span class='ocrx_word' id='word_1_41' title='bbox 1637 789 2098 855; x_wconf 84' lang='lat' dir='ltr'><strong>quemadmodum</strong></span> 
     </span>
    </p>
   </div>
   <div class='ocr_carea' id='block_1_9' title="bbox 530 865 2098 945">
    <p class='ocr_par' dir='ltr' id='par_1_9' title="bbox 530 865 2098 945">
     <span class='ocr_line' id='line_1_9' title="bbox 530 865 2098 945; baseline 0.008 -27"><span class='ocrx_word' id='word_1_42' title='bbox 530 865 807 935; x_wconf 61' lang='lat' dir='ltr'><strong>Nyssenus</strong></span> <span class='ocrx_word' id='word_1_43' title='bbox 838 869 1073 925; x_wconf 73' lang='lat' dir='ltr'><strong>antistes</strong></span> <span class='ocrx_word' id='word_1_44' title='bbox 1105 871 1194 925; x_wconf 89' lang='lat' dir='ltr'><strong>ille</strong></span> <span class='ocrx_word' id='word_1_45' title='bbox 1234 872 1614 928; x_wconf 80' lang='lat' dir='ltr'><strong>divinissimus</strong></span> <span class='ocrx_word' id='word_1_46' title='bbox 1649 875 1745 942; x_wconf 89' lang='lat' dir='ltr'><strong>ait,</strong></span> <span class='ocrx_word' id='word_1_47' title='bbox 1776 876 2098 945; x_wconf 88' lang='lat' dir='ltr'><strong>sapientiam</strong></span> 
     </span>
    </p>
   </div>
   <div class='ocr_carea' id='block_1_10' title="bbox 526 955 2100 1037">
    <p class='ocr_par' dir='ltr' id='par_1_10' title="bbox 526 955 2100 1037">
     <span class='ocr_line' id='line_1_10' title="bbox 526 955 2100 1037; baseline 0.009 -29"><span class='ocrx_word' id='word_1_48' title='bbox 526 955 836 1011; x_wconf 85' lang='lat' dir='ltr'><strong>Solomonis</strong></span> <span class='ocrx_word' id='word_1_49' title='bbox 873 971 1120 1022; x_wconf 88' lang='lat' dir='ltr'><strong>secutus.</strong></span> <span class='ocrx_word' id='word_1_50' title='bbox 1158 963 1322 1017; x_wconf 86' lang='lat' dir='ltr'><strong>unius</strong></span> <span class='ocrx_word' id='word_1_51' title='bbox 1351 964 1573 1033; x_wconf 86' lang='lat' dir='ltr'><strong>quidem</strong></span> <span class='ocrx_word' id='word_1_52' title='bbox 1597 975 1713 1020; x_wconf 87' lang='lat' dir='ltr'><strong>erat</strong></span> <span class='ocrx_word' id='word_1_53' title='bbox 1742 967 2100 1037; x_wconf 85' lang='lat' dir='ltr'><strong>ejusdemque</strong></span> 
     </span>
    </p>
   </div>
   <div class='ocr_carea' id='block_1_11' title="bbox 520 1050 2095 1125">
    <p class='ocr_par' dir='ltr' id='par_1_11' title="bbox 520 1050 2095 1125">
     <span class='ocr_line' id='line_1_11' title="bbox 520 1050 2095 1125; baseline 0.007 -23"><span class='ocrx_word' id='word_1_54' title='bbox 520 1050 736 1114; x_wconf 63' lang='lat' dir='ltr'><strong>formae,</strong></span> <span class='ocrx_word' id='word_1_55' title='bbox 765 1051 1088 1118; x_wconf 89' lang='lat' dir='ltr'><strong>qualitatem</strong></span> <span class='ocrx_word' id='word_1_56' title='bbox 1121 1070 1250 1108; x_wconf 88' lang='lat' dir='ltr'><strong>vero</strong></span> <span class='ocrx_word' id='word_1_57' title='bbox 1297 1056 1657 1125; x_wconf 78' lang='lat' dir='ltr'><strong>multiplicem</strong></span> <span class='ocrx_word' id='word_1_58' title='bbox 1709 1058 1965 1122; x_wconf 77' lang='lat' dir='ltr'><strong>habebat,</strong></span> <span class='ocrx_word' id='word_1_59' title='bbox 2017 1060 2095 1114; x_wconf 90' lang='lat' dir='ltr'><strong>uti</strong></span> 
     </span>
    </p>
   </div>
   <div class='ocr_carea' id='block_1_12' title="bbox 524 1141 2095 1217">
    <p class='ocr_par' dir='ltr' id='par_1_12' title="bbox 524 1141 2095 1217">
     <span class='ocr_line' id='line_1_12' title="bbox 524 1141 2095 1217; baseline 0.01 -27"><span class='ocrx_word' id='word_1_60' title='bbox 524 1141 668 1205; x_wconf 87' lang='lat' dir='ltr'><strong>quod</strong></span> <span class='ocrx_word' id='word_1_61' title='bbox 698 1142 898 1210; x_wconf 79' lang='lat' dir='ltr'><strong>cuique</strong></span> <span class='ocrx_word' id='word_1_62' title='bbox 935 1158 1032 1210; x_wconf 91' lang='lat' dir='ltr'><strong>pro</strong></span> <span class='ocrx_word' id='word_1_63' title='bbox 1052 1144 1264 1198; x_wconf 81' lang='lat' dir='ltr'><strong>ratione</strong></span> <span class='ocrx_word' id='word_1_64' title='bbox 1282 1147 1596 1215; x_wconf 86' lang='lat' dir='ltr'><strong>cupiditatis</strong></span> <span class='ocrx_word' id='word_1_65' title='bbox 1619 1158 1859 1217; x_wconf 78' lang='lat' dir='ltr'><strong>saperet.</strong></span> <span class='ocrx_word' id='word_1_66' title='bbox 1890 1150 2095 1206; x_wconf 86' lang='lat' dir='ltr'><strong>Eodem</strong></span> 
     </span>
    </p>
   </div>
   <div class='ocr_carea' id='block_1_13' title="bbox 521 1231 2099 1302">
    <p class='ocr_par' dir='ltr' id='par_1_13' title="bbox 521 1231 2099 1302">
     <span class='ocr_line' id='line_1_13' title="bbox 521 1231 2099 1302; baseline 0.011 -23"><span class='ocrx_word' id='word_1_67' title='bbox 521 1231 686 1283; x_wconf 87' lang='lat' dir='ltr'><strong>modo</strong></span> <span class='ocrx_word' id='word_1_68' title='bbox 718 1231 875 1297; x_wconf 87' lang='lat' dir='ltr'><strong>panis</strong></span> <span class='ocrx_word' id='word_1_69' title='bbox 907 1232 995 1286; x_wconf 92' lang='lat' dir='ltr'><strong>ille</strong></span> <span class='ocrx_word' id='word_1_70' title='bbox 1026 1234 1117 1302; x_wconf 85' lang='lat' dir='ltr'><strong>qui</strong></span> <span class='ocrx_word' id='word_1_71' title='bbox 1153 1235 1220 1289; x_wconf 89' lang='lat' dir='ltr'><strong>de</strong></span> <span class='ocrx_word' id='word_1_72' title='bbox 1255 1236 1394 1290; x_wconf 74' lang='lat' dir='ltr'><strong>cmlo</strong></span> <span class='ocrx_word' id='word_1_73' title='bbox 1431 1236 1735 1302; x_wconf 85' lang='lat' dir='ltr'><strong>descendit,</strong></span> <span class='ocrx_word' id='word_1_74' title='bbox 1765 1254 1962 1295; x_wconf 88' lang='lat' dir='ltr'><strong>manna</strong></span> <span class='ocrx_word' id='word_1_75' title='bbox 1992 1241 2099 1295; x_wconf 86' lang='lat' dir='ltr'><strong>sci-</strong></span> 
     </span>
    </p>
   </div>
   <div class='ocr_carea' id='block_1_14' title="bbox 527 1318 2098 1399">
    <p class='ocr_par' dir='ltr' id='par_1_14' title="bbox 527 1318 2098 1399">
     <span class='ocr_line' id='line_1_14' title="bbox 527 1318 2098 1399; baseline 0.011 -29"><span class='ocrx_word' id='word_1_76' title='bbox 527 1318 655 1371; x_wconf 91' lang='lat' dir='ltr'><strong>licet</strong></span> <span class='ocrx_word' id='word_1_77' title='bbox 680 1320 1023 1386; x_wconf 88' lang='lat' dir='ltr'><strong>intellectile,</strong></span> <span class='ocrx_word' id='word_1_78' title='bbox 1067 1339 1163 1393; x_wconf 90' lang='lat' dir='ltr'><strong>pro</strong></span> <span class='ocrx_word' id='word_1_79' title='bbox 1192 1325 1489 1382; x_wconf 74' lang='lat' dir='ltr'><strong>aﬂectione</strong></span> <span class='ocrx_word' id='word_1_80' title='bbox 1526 1328 1695 1382; x_wconf 86' lang='lat' dir='ltr'><strong>animi</strong></span> <span class='ocrx_word' id='word_1_81' title='bbox 1724 1331 2098 1399; x_wconf 87' lang='lat' dir='ltr'><strong>quorumlibet</strong></span> 
     </span>
    </p>
   </div>
   <div class='ocr_carea' id='block_1_15' title="bbox 522 1410 2096 1493">
    <p class='ocr_par' dir='ltr' id='par_1_15' title="bbox 522 1410 2096 1493">
     <span class='ocr_line' id='line_1_15' title="bbox 522 1410 2096 1493; baseline 0.011 -32"><span class='ocrx_word' id='word_1_82' title='bbox 522 1420 581 1462; x_wconf 85' lang='lat' dir='ltr'><strong>et</strong></span> <span class='ocrx_word' id='word_1_83' title='bbox 605 1410 718 1493; x_wconf 78' lang='lat' dir='ltr'><strong>ipse</strong></span> <span class='ocrx_word' id='word_1_84' title='bbox 747 1412 976 1468; x_wconf 83' lang='lat' dir='ltr'><strong>affectus</strong></span> <span class='ocrx_word' id='word_1_85' title='bbox 1005 1431 1128 1471; x_wconf 90' lang='lat' dir='ltr'><strong>esse</strong></span> <span class='ocrx_word' id='word_1_86' title='bbox 1173 1418 1332 1472; x_wconf 83' lang='lat' dir='ltr'><strong>solet.</strong></span> <span class='ocrx_word' id='word_1_87' title='bbox 1390 1419 1539 1474; x_wconf 62' lang='lat' dir='ltr'><strong>‘ldem</strong></span> <span class='ocrx_word' id='word_1_88' title='bbox 1572 1436 1773 1476; x_wconf 90' lang='lat' dir='ltr'><strong>manna</strong></span> <span class='ocrx_word' id='word_1_89' title='bbox 1806 1423 2096 1491; x_wconf 86' lang='lat' dir='ltr'><strong>quamdam</strong></span> 
     </span>
    </p>
   </div>
   <div class='ocr_carea' id='block_1_16' title="bbox 526 1503 2096 1579">
    <p class='ocr_par' dir='ltr' id='par_1_16' title="bbox 526 1503 2096 1579">
     <span class='ocr_line' id='line_1_16' title="bbox 526 1503 2096 1579; baseline 0.009 -26"><span class='ocrx_word' id='word_1_90' title='bbox 526 1514 654 1555; x_wconf 88' lang='lat' dir='ltr'><strong>esse</strong></span> <span class='ocrx_word' id='word_1_91' title='bbox 703 1503 978 1559; x_wconf 87' lang='lat' dir='ltr'><strong>coriandri</strong></span> <span class='ocrx_word' id='word_1_92' title='bbox 1029 1508 1264 1575; x_wconf 83' lang='lat' dir='ltr'><strong>speciem</strong></span> <span class='ocrx_word' id='word_1_93' title='bbox 1314 1509 1488 1575; x_wconf 88' lang='lat' dir='ltr'><strong>aiunt,</strong></span> <span class='ocrx_word' id='word_1_94' title='bbox 1547 1511 1702 1579; x_wconf 77' lang='lat' dir='ltr'><strong>cujus</strong></span> <span class='ocrx_word' id='word_1_95' title='bbox 1755 1523 2004 1567; x_wconf 86' lang='lat' dir='ltr'><strong>naturam</strong></span> <span class='ocrx_word' id='word_1_96' title='bbox 2043 1514 2096 1567; x_wconf 87' lang='lat' dir='ltr'><strong>in</strong></span> 
     </span>
    </p>
   </div>
   <div class='ocr_carea' id='block_1_17' title="bbox 541 1595 2094 1671">
    <p class='ocr_par' dir='ltr' id='par_1_17' title="bbox 541 1595 2094 1671">
     <span class='ocr_line' id='line_1_17' title="bbox 541 1595 2094 1671; baseline 0.006 -25"><span class='ocrx_word' id='word_1_97' title='bbox 541 1595 859 1649; x_wconf 86' lang='lat' dir='ltr'><strong>universum</strong></span> <span class='ocrx_word' id='word_1_98' title='bbox 885 1599 1081 1651; x_wconf 87' lang='lat' dir='ltr'><strong>semini</strong></span> <span class='ocrx_word' id='word_1_99' title='bbox 1116 1600 1449 1668; x_wconf 84' lang='lat' dir='ltr'><strong>respondere</strong></span> <span class='ocrx_word' id='word_1_100' title='bbox 1476 1602 1788 1671; x_wconf 87' lang='lat' dir='ltr'><strong>perhibent,</strong></span> <span class='ocrx_word' id='word_1_101' title='bbox 1828 1601 1901 1657; x_wconf 90' lang='lat' dir='ltr'><strong>ita</strong></span> <span class='ocrx_word' id='word_1_102' title='bbox 1945 1612 2005 1657; x_wconf 89' lang='lat' dir='ltr'><strong>ut</strong></span> <span class='ocrx_word' id='word_1_103' title='bbox 2050 1603 2094 1658; x_wconf 89' lang='lat' dir='ltr'><strong>si</strong></span> 
     </span>
    </p>
   </div>
   <div class='ocr_carea' id='block_1_18' title="bbox 529 1684 2094 1762">
    <p class='ocr_par' dir='ltr' id='par_1_18' title="bbox 529 1684 2094 1762">
     <span class='ocr_line' id='line_1_18' title="bbox 529 1684 2094 1762; baseline 0.007 -25"><span class='ocrx_word' id='word_1_104' title='bbox 529 1684 859 1750; x_wconf 86' lang='lat' dir='ltr'><strong>dissecetur,</strong></span> <span class='ocrx_word' id='word_1_105' title='bbox 928 1690 1078 1743; x_wconf 89' lang='lat' dir='ltr'><strong>nulla</strong></span> <span class='ocrx_word' id='word_1_106' title='bbox 1126 1691 1198 1744; x_wconf 85' lang='lat' dir='ltr'><strong>sit</strong></span> <span class='ocrx_word' id='word_1_107' title='bbox 1253 1691 1518 1760; x_wconf 89' lang='lat' dir='ltr'><strong>particula</strong></span> <span class='ocrx_word' id='word_1_108' title='bbox 1581 1708 1702 1762; x_wconf 76' lang='lat' dir='ltr'><strong>qute</strong></span> <span class='ocrx_word' id='word_1_109' title='bbox 1768 1693 1877 1747; x_wconf 84' lang='lat' dir='ltr'><strong>vim</strong></span> <span class='ocrx_word' id='word_1_110' title='bbox 1944 1709 2094 1748; x_wconf 88' lang='lat' dir='ltr'><strong>suam</strong></span> 
     </span>
    </p>
   </div>
   <div class='ocr_carea' id='block_1_19' title="bbox 521 1776 2094 1852">
    <p class='ocr_par' dir='ltr' id='par_1_19' title="bbox 521 1776 2094 1852">
     <span class='ocr_line' id='line_1_19' title="bbox 521 1776 2094 1852; baseline 0.004 -24"><span class='ocrx_word' id='word_1_111' title='bbox 521 1776 760 1831; x_wconf 86' lang='lat' dir='ltr'><strong>amittat.</strong></span> <span class='ocrx_word' id='word_1_112' title='bbox 816 1777 908 1832; x_wconf 92' lang='lat' dir='ltr'><strong>Sic</strong></span> <span class='ocrx_word' id='word_1_113' title='bbox 949 1788 999 1833; x_wconf 89' lang='lat' dir='ltr'><strong>et</strong></span> <span class='ocrx_word' id='word_1_114' title='bbox 1032 1780 1274 1833; x_wconf 85' lang='lat' dir='ltr'><strong>divinum</strong></span> <span class='ocrx_word' id='word_1_115' title='bbox 1315 1780 1450 1847; x_wconf 86' lang='lat' dir='ltr'><strong>illud</strong></span> <span class='ocrx_word' id='word_1_116' title='bbox 1486 1796 1550 1835; x_wconf 91' lang='lat' dir='ltr'><strong>ac</strong></span> <span class='ocrx_word' id='word_1_117' title='bbox 1581 1782 1863 1852; x_wconf 87' lang='lat' dir='ltr'><strong>spirituale</strong></span> <span class='ocrx_word' id='word_1_118' title='bbox 1896 1798 2094 1837; x_wconf 89' lang='lat' dir='ltr'><strong>manna</strong></span> 
     </span>
    </p>
   </div>
   <div class='ocr_carea' id='block_1_20' title="bbox 2201 613 3738 697">
    <p class='ocr_par' dir='ltr' id='par_1_20' title="bbox 2201 613 3738 697">
     <span class='ocr_line' id='line_1_20' title="bbox 2201 613 3738 697; baseline 0.003 -27"><span class='ocrx_word' id='word_1_119' title='bbox 2201 618 2263 670; x_wconf 81' lang='grc' dir='ltr'>τὸ</span> <span class='ocrx_word' id='word_1_120' title='bbox 2287 613 2430 679; x_wconf 73' lang='grc' dir='ltr'>εἶδος</span> <span class='ocrx_word' id='word_1_121' title='bbox 2458 617 2559 686; x_wconf 76' lang='grc' dir='ltr'>τῆς</span> <span class='ocrx_word' id='word_1_122' title='bbox 2585 615 2885 687; x_wconf 73' lang='grc' dir='ltr'>ἐπιθυμίας</span> <span class='ocrx_word' id='word_1_123' title='bbox 2913 615 3265 686; x_wconf 75' lang='grc' dir='ltr'><strong>ἐγγινομένη.</strong></span> <span class='ocrx_word' id='word_1_124' title='bbox 3314 617 3467 697; x_wconf 67' lang='grc' dir='ltr'>Οὕτω</span> <span class='ocrx_word' id='word_1_125' title='bbox 3514 618 3611 687; x_wconf 80' lang='grc' dir='ltr'>μὲν</span> <span class='ocrx_word' id='word_1_126' title='bbox 3655 616 3738 675; x_wconf 82' lang='grc' dir='ltr'>οὖν</span> 
     </span>
    </p>
   </div>
   <div class='ocr_carea' id='block_1_21' title="bbox 2201 705 3741 778">
    <p class='ocr_par' dir='ltr' id='par_1_21' title="bbox 2201 705 3741 778">
     <span class='ocr_line' id='line_1_21' title="bbox 2201 705 3741 778; baseline 0.001 -16"><span class='ocrx_word' id='word_1_127' title='bbox 2201 708 2299 762; x_wconf 72' lang='grc' dir='ltr'>καὶ</span> <span class='ocrx_word' id='word_1_128' title='bbox 2329 709 2357 762; x_wconf 93' lang='lat'><strong>6</strong></span> <span class='ocrx_word' id='word_1_129' title='bbox 2395 707 2563 778; x_wconf 80' lang='grc' dir='ltr'>ἄρτος</span> <span class='ocrx_word' id='word_1_130' title='bbox 2600 708 2630 761; x_wconf 98' lang='lat'><strong>6</strong></span> <span class='ocrx_word' id='word_1_131' title='bbox 2662 707 2908 770; x_wconf 82' lang='grc' dir='ltr'>καταϐὰς</span> <span class='ocrx_word' id='word_1_132' title='bbox 2951 707 3019 759; x_wconf 76' lang='grc' dir='ltr'>ἑκ</span> <span class='ocrx_word' id='word_1_133' title='bbox 3050 705 3147 760; x_wconf 90' lang='grc' dir='ltr'><strong>τοῦ</strong></span> <span class='ocrx_word' id='word_1_134' title='bbox 3198 705 3452 776; x_wconf 80' lang='grc' dir='ltr'>οὐρανοῦ,</span> <span class='ocrx_word' id='word_1_135' title='bbox 3490 707 3548 761; x_wconf 79' lang='grc' dir='ltr'>τὸ</span> <span class='ocrx_word' id='word_1_136' title='bbox 3570 710 3741 778; x_wconf 79' lang='grc' dir='ltr'>νοητὸν</span> 
     </span>
    </p>
   </div>
   <div class='ocr_carea' id='block_1_22' title="bbox 2199 796 3745 868">
    <p class='ocr_par' dir='ltr' id='par_1_22' title="bbox 2199 796 3745 868">
     <span class='ocr_line' id='line_1_22' title="bbox 2199 796 3745 868; baseline 0.001 -17"><span class='ocrx_word' id='word_1_137' title='bbox 2199 796 2444 867; x_wconf 84' lang='grc' dir='ltr'>δηλονότι</span> <span class='ocrx_word' id='word_1_138' title='bbox 2504 798 2703 866; x_wconf 82' lang='grc' dir='ltr'>μάννα,</span> <span class='ocrx_word' id='word_1_139' title='bbox 2756 799 2895 867; x_wconf 64' lang='grc' dir='ltr'>πρδς</span> <span class='ocrx_word' id='word_1_140' title='bbox 2942 797 3043 868; x_wconf 78' lang='grc' dir='ltr'>τὴν</span> <span class='ocrx_word' id='word_1_141' title='bbox 3102 796 3345 851; x_wconf 80' lang='grc' dir='ltr'>διάθεσιν</span> <span class='ocrx_word' id='word_1_142' title='bbox 3384 799 3478 867; x_wconf 81' lang='grc' dir='ltr'>τῆς</span> <span class='ocrx_word' id='word_1_143' title='bbox 3530 799 3745 853; x_wconf 78' lang='grc' dir='ltr'>ἑκάστου</span> 
     </span>
    </p>
   </div>
   <div class='ocr_carea' id='block_1_23' title="bbox 2200 885 3746 960">
    <p class='ocr_par' dir='ltr' id='par_1_23' title="bbox 2200 885 3746 960">
     <span class='ocr_line' id='line_1_23' title="bbox 2200 885 3746 960; baseline 0 -18"><span class='ocrx_word' id='word_1_144' title='bbox 2200 889 2382 960; x_wconf 81' lang='grc' dir='ltr'>ψυχῆς</span> <span class='ocrx_word' id='word_1_145' title='bbox 2420 888 2757 942; x_wconf 83' lang='grc' dir='ltr'><strong>διατίθεσθαι</strong></span> <span class='ocrx_word' id='word_1_146' title='bbox 2808 888 2987 943; x_wconf 71' lang='grc' dir='ltr'>εἴωθε.</span> <span class='ocrx_word' id='word_1_147' title='bbox 3022 888 3197 942; x_wconf 86' lang='grc' dir='ltr'>Τοῦτο</span> <span class='ocrx_word' id='word_1_148' title='bbox 3238 889 3302 959; x_wconf 77' lang='grc' dir='ltr'>δὴ</span> <span class='ocrx_word' id='word_1_149' title='bbox 3330 888 3389 942; x_wconf 78' lang='grc' dir='ltr'>τὸ</span> <span class='ocrx_word' id='word_1_150' title='bbox 3416 889 3585 958; x_wconf 84' lang='grc' dir='ltr'>μάννα</span> <span class='ocrx_word' id='word_1_151' title='bbox 3616 885 3746 955; x_wconf 83' lang='grc' dir='ltr'>εῐδος</span> 
     </span>
    </p>
   </div>
   <div class='ocr_carea' id='block_1_24' title="bbox 2200 968 3750 1049">
    <p class='ocr_par' dir='ltr' id='par_1_24' title="bbox 2200 968 3750 1049">
     <span class='ocr_line' id='line_1_24' title="bbox 2200 968 3750 1049; baseline -0.001 -18"><span class='ocrx_word' id='word_1_152' title='bbox 2200 976 2317 1049; x_wconf 75' lang='grc' dir='ltr'>εἶχε</span> <span class='ocrx_word' id='word_1_153' title='bbox 2370 980 2584 1048; x_wconf 84' lang='grc' dir='ltr'>κορίου,</span> <span class='ocrx_word' id='word_1_154' title='bbox 2637 968 2699 1030; x_wconf 76' lang='grc' dir='ltr'>οὗ</span> <span class='ocrx_word' id='word_1_155' title='bbox 2742 976 2840 1048; x_wconf 78' lang='grc' dir='ltr'><strong>τὴν</strong></span> <span class='ocrx_word' id='word_1_156' title='bbox 2870 977 3042 1046; x_wconf 78' lang='grc' dir='ltr'>φύσιν,</span> <span class='ocrx_word' id='word_1_157' title='bbox 3082 978 3213 1048; x_wconf 84' lang='grc' dir='ltr'>ὅλην</span> <span class='ocrx_word' id='word_1_158' title='bbox 3238 978 3415 1032; x_wconf 78' lang='grc' dir='ltr'><strong>διόλου</strong></span> <span class='ocrx_word' id='word_1_159' title='bbox 3441 976 3594 1044; x_wconf 73' lang='grc' dir='ltr'>λόγον</span> <span class='ocrx_word' id='word_1_160' title='bbox 3620 978 3750 1047; x_wconf 78' lang='grc' dir='ltr'>ἔχειν</span> 
     </span>
    </p>
   </div>
   <div class='ocr_carea' id='block_1_25' title="bbox 2202 1066 3828 1143">
    <p class='ocr_par' dir='ltr' id='par_1_25' title="bbox 2202 1066 3828 1143">
     <span class='ocr_line' id='line_1_25' title="bbox 2202 1066 3828 1143; baseline 0.004 -25"><span class='ocrx_word' id='word_1_161' title='bbox 2202 1066 2523 1143; x_wconf 83' lang='grc' dir='ltr'>σπέρματος</span> <span class='ocrx_word' id='word_1_162' title='bbox 2583 1069 2859 1138; x_wconf 80' lang='grc' dir='ltr'>λέγουσιν,</span> <span class='ocrx_word' id='word_1_163' title='bbox 2890 1069 3032 1123; x_wconf 81' lang='grc' dir='ltr'>ὥστε</span> <span class='ocrx_word' id='word_1_164' title='bbox 3060 1070 3198 1140; x_wconf 82' lang='grc' dir='ltr'>μηδὲ</span> <span class='ocrx_word' id='word_1_165' title='bbox 3228 1072 3285 1125; x_wconf 81' lang='grc' dir='ltr'>ὲν</span> <span class='ocrx_word' id='word_1_166' title='bbox 3315 1071 3395 1140; x_wconf 87' lang='grc' dir='ltr'>τῷ</span> <span class='ocrx_word' id='word_1_167' title='bbox 3424 1071 3740 1126; x_wconf 80' lang='grc' dir='ltr'>κατακόπτε-</span> <span class='ocrx_word' id='word_1_168' title='bbox 3815 1081 3828 1094; x_wconf 83' lang='lat'><strong>‘</strong></span> 
     </span>
    </p>
   </div>
   <div class='ocr_carea' id='block_1_26' title="bbox 2202 1156 3751 1231">
    <p class='ocr_par' dir='ltr' id='par_1_26' title="bbox 2202 1156 3751 1231">
     <span class='ocr_line' id='line_1_26' title="bbox 2202 1156 3751 1231; baseline 0.003 -21"><span class='ocrx_word' id='word_1_169' title='bbox 2202 1156 2328 1210; x_wconf 82' lang='grc' dir='ltr'>σθαι</span> <span class='ocrx_word' id='word_1_170' title='bbox 2351 1156 2771 1227; x_wconf 69' lang='grc' dir='ltr'>ἑξκφανίξεσθαι</span> <span class='ocrx_word' id='word_1_171' title='bbox 2791 1160 2891 1227; x_wconf 82' lang='grc' dir='ltr'>τὴν</span> <span class='ocrx_word' id='word_1_172' title='bbox 2936 1161 3073 1231; x_wconf 70' lang='grc' dir='ltr'>πρδς</span> <span class='ocrx_word' id='word_1_173' title='bbox 3100 1161 3161 1214; x_wconf 72' lang='grc' dir='ltr'>τὸ</span> <span class='ocrx_word' id='word_1_174' title='bbox 3187 1160 3514 1230; x_wconf 79' lang='grc' dir='ltr'>σπείρεσθαι</span> <span class='ocrx_word' id='word_1_175' title='bbox 3537 1160 3751 1230; x_wconf 79' lang='grc' dir='ltr'>δύναμιν</span> 
     </span>
    </p>
   </div>
   <div class='ocr_carea' id='block_1_27' title="bbox 2200 1245 3751 1321">
    <p class='ocr_par' dir='ltr' id='par_1_27' title="bbox 2200 1245 3751 1321">
     <span class='ocr_line' id='line_1_27' title="bbox 2200 1245 3751 1321; baseline 0.002 -21"><span class='ocrx_word' id='word_1_176' title='bbox 2200 1247 2392 1303; x_wconf 76' lang='grc' dir='ltr'>αὑτοῦ.</span> <span class='ocrx_word' id='word_1_177' title='bbox 2425 1246 2585 1302; x_wconf 78' lang='grc' dir='ltr'>Οὕτω</span> <span class='ocrx_word' id='word_1_178' title='bbox 2613 1250 2712 1320; x_wconf 81' lang='grc' dir='ltr'>μὲν</span> <span class='ocrx_word' id='word_1_179' title='bbox 2744 1245 2838 1303; x_wconf 80' lang='grc' dir='ltr'>οὖν</span> <span class='ocrx_word' id='word_1_180' title='bbox 2873 1251 2970 1304; x_wconf 78' lang='grc' dir='ltr'>καὶ</span> <span class='ocrx_word' id='word_1_181' title='bbox 2998 1257 3060 1304; x_wconf 86' lang='grc' dir='ltr'>τὸ</span> <span class='ocrx_word' id='word_1_182' title='bbox 3088 1251 3237 1304; x_wconf 82' lang='grc' dir='ltr'>θεῖον</span> <span class='ocrx_word' id='word_1_183' title='bbox 3280 1256 3454 1321; x_wconf 80' lang='grc' dir='ltr'>μάννα</span> <span class='ocrx_word' id='word_1_184' title='bbox 3486 1253 3579 1304; x_wconf 80' lang='grc' dir='ltr'>καὶ</span> <span class='ocrx_word' id='word_1_185' title='bbox 3604 1268 3751 1303; x_wconf 89' lang='grc' dir='ltr'>πνευ-</span> 
     </span>
    </p>
   </div>
   <div class='ocr_carea' id='block_1_28' title="bbox 2202 1334 3750 1407">
    <p class='ocr_par' dir='ltr' id='par_1_28' title="bbox 2202 1334 3750 1407">
     <span class='ocr_line' id='line_1_28' title="bbox 2202 1334 3750 1407; baseline 0.003 -20"><span class='ocrx_word' id='word_1_186' title='bbox 2202 1334 2436 1405; x_wconf 78' lang='grc' dir='ltr'>ματικὸν</span> <span class='ocrx_word' id='word_1_187' title='bbox 2466 1335 2742 1405; x_wconf 82' lang='grc' dir='ltr'>πανταχοῦ</span> <span class='ocrx_word' id='word_1_188' title='bbox 2777 1337 3214 1407; x_wconf 85' lang='grc' dir='ltr'>σκεδαννύμενόν</span> <span class='ocrx_word' id='word_1_189' title='bbox 3258 1356 3321 1392; x_wconf 88' lang='grc' dir='ltr'><strong>τε</strong></span> <span class='ocrx_word' id='word_1_190' title='bbox 3364 1341 3462 1393; x_wconf 73' lang='grc' dir='ltr'>καὶ</span> <span class='ocrx_word' id='word_1_191' title='bbox 3492 1354 3750 1405; x_wconf 83' lang='grc' dir='ltr'>κατακερ-</span> 
     </span>
    </p>
   </div>
   <div class='ocr_carea' id='block_1_29' title="bbox 2205 1426 3754 1498">
    <p class='ocr_par' dir='ltr' id='par_1_29' title="bbox 2205 1426 3754 1498">
     <span class='ocr_line' id='line_1_29' title="bbox 2205 1426 3754 1498; baseline -0.001 -19"><span class='ocrx_word' id='word_1_192' title='bbox 2205 1426 2569 1496; x_wconf 78' lang='grc' dir='ltr'>ματιζόμενον</span> <span class='ocrx_word' id='word_1_193' title='bbox 2596 1427 2717 1480; x_wconf 82' lang='grc' dir='ltr'>ὅλον</span> <span class='ocrx_word' id='word_1_194' title='bbox 2743 1427 2918 1481; x_wconf 84' lang='grc' dir='ltr'>διόλου</span> <span class='ocrx_word' id='word_1_195' title='bbox 2942 1429 2999 1481; x_wconf 83' lang='grc' dir='ltr'>ὲν</span> <span class='ocrx_word' id='word_1_196' title='bbox 3035 1428 3181 1489; x_wconf 80' lang='grc' dir='ltr'>ὅλοις</span> <span class='ocrx_word' id='word_1_197' title='bbox 3211 1428 3547 1498; x_wconf 79' lang='grc' dir='ltr'>εὑρίσκεται.</span> <span class='ocrx_word' id='word_1_198' title='bbox 3574 1429 3678 1481; x_wconf 80' lang='lat' dir='ltr'><strong>Kal</strong></span> <span class='ocrx_word' id='word_1_199' title='bbox 3707 1427 3754 1479; x_wconf 86' lang='grc' dir='ltr'><strong>τί</strong></span> 
     </span>
    </p>
   </div>
   <div class='ocr_carea' id='block_1_30' title="bbox 2198 1514 3751 1588">
    <p class='ocr_par' dir='ltr' id='par_1_30' title="bbox 2198 1514 3751 1588">
     <span class='ocr_line' id='line_1_30' title="bbox 2198 1514 3751 1588; baseline 0.001 -19"><span class='ocrx_word' id='word_1_200' title='bbox 2198 1515 2306 1586; x_wconf 86' lang='grc' dir='ltr'><strong>χρὴ</strong></span> <span class='ocrx_word' id='word_1_201' title='bbox 2353 1514 2527 1569; x_wconf 83' lang='grc' dir='ltr'>πολλὰ</span> <span class='ocrx_word' id='word_1_202' title='bbox 2583 1515 2794 1586; x_wconf 76' lang='grc' dir='ltr'>λέγεινς</span> <span class='ocrx_word' id='word_1_203' title='bbox 2853 1517 3069 1588; x_wconf 85' lang='grc' dir='ltr'>’Ὥσπερ</span> <span class='ocrx_word' id='word_1_204' title='bbox 3099 1519 3191 1570; x_wconf 77' lang='grc' dir='ltr'><strong>ἐπὶ</strong></span> <span class='ocrx_word' id='word_1_205' title='bbox 3219 1517 3315 1571; x_wconf 82' lang='grc' dir='ltr'><strong>τοῦ</strong></span> <span class='ocrx_word' id='word_1_206' title='bbox 3353 1517 3531 1586; x_wconf 81' lang='grc' dir='ltr'>μάννα</span> <span class='ocrx_word' id='word_1_207' title='bbox 3554 1516 3751 1571; x_wconf 78' lang='grc' dir='ltr'>ἐκείνου</span> 
     </span>
    </p>
   </div>
   <div class='ocr_carea' id='block_1_31' title="bbox 2198 1599 3755 1673">
    <p class='ocr_par' dir='ltr' id='par_1_31' title="bbox 2198 1599 3755 1673">
     <span class='ocr_line' id='line_1_31' title="bbox 2198 1599 3755 1673; baseline 0.001 -20"><span class='ocrx_word' id='word_1_208' title='bbox 2198 1599 2603 1670; x_wconf 84' lang='grc' dir='ltr'>κατερχομένου</span> <span class='ocrx_word' id='word_1_209' title='bbox 2635 1599 2845 1655; x_wconf 86' lang='grc' dir='ltr'>άνωθεν</span> <span class='ocrx_word' id='word_1_210' title='bbox 2867 1604 2929 1656; x_wconf 78' lang='grc' dir='ltr'>τὸ</span> <span class='ocrx_word' id='word_1_211' title='bbox 2958 1602 3069 1658; x_wconf 87' lang='grc' dir='ltr'><strong>τῶν</strong></span> <span class='ocrx_word' id='word_1_212' title='bbox 3103 1602 3380 1673; x_wconf 83' lang='grc' dir='ltr'>Ἐϐραίων</span> <span class='ocrx_word' id='word_1_213' title='bbox 3414 1604 3569 1669; x_wconf 83' lang='grc' dir='ltr'>γένος</span> <span class='ocrx_word' id='word_1_214' title='bbox 3594 1602 3755 1671; x_wconf 80' lang='grc' dir='ltr'>ὑπερ-</span> 
     </span>
    </p>
   </div>
   <div class='ocr_carea' id='block_1_32' title="bbox 2197 1686 3757 1763">
    <p class='ocr_par' dir='ltr' id='par_1_32' title="bbox 2197 1686 3757 1763">
     <span class='ocr_line' id='line_1_32' title="bbox 2197 1686 3757 1763; baseline 0.001 -21"><span class='ocrx_word' id='word_1_215' title='bbox 2197 1686 2637 1759; x_wconf 78' lang='grc' dir='ltr'>εκπληττὸμενον</span> <span class='ocrx_word' id='word_1_216' title='bbox 2676 1688 2854 1759; x_wconf 76' lang='grc' dir='ltr'>ἔλεγε,</span> <span class='ocrx_word' id='word_1_217' title='bbox 2892 1690 2958 1744; x_wconf 81' lang='grc' dir='ltr'>Τί</span> <span class='ocrx_word' id='word_1_218' title='bbox 2999 1691 3159 1746; x_wconf 86' lang='grc' dir='ltr'>τοῦτό</span> <span class='ocrx_word' id='word_1_219' title='bbox 3196 1693 3383 1760; x_wconf 82' lang='grc' dir='ltr'>ὲστιν;</span> <span class='ocrx_word' id='word_1_220' title='bbox 3414 1691 3554 1746; x_wconf 81' lang='grc' dir='ltr'>οὕτω</span> <span class='ocrx_word' id='word_1_221' title='bbox 3577 1692 3638 1763; x_wconf 73' lang='grc' dir='ltr'>δὴ</span> <span class='ocrx_word' id='word_1_222' title='bbox 3670 1693 3757 1745; x_wconf 75' lang='grc' dir='ltr'>καὶ</span> 
     </span>
    </p>
   </div>
   <div class='ocr_carea' id='block_1_33' title="bbox 2198 1777 3749 1854">
    <p class='ocr_par' dir='ltr' id='par_1_33' title="bbox 2198 1777 3749 1854">
     <span class='ocr_line' id='line_1_33' title="bbox 2198 1777 3749 1854; baseline 0.003 -23"><span class='ocrx_word' id='word_1_223' title='bbox 2198 1779 2292 1832; x_wconf 71' lang='grc' dir='ltr'><strong>ἐπὶ</strong></span> <span class='ocrx_word' id='word_1_224' title='bbox 2319 1777 2412 1833; x_wconf 87' lang='grc' dir='ltr'><strong>τοῦ</strong></span> <span class='ocrx_word' id='word_1_225' title='bbox 2450 1779 2643 1854; x_wconf 81' lang='grc' dir='ltr'>νοητοῦ</span> <span class='ocrx_word' id='word_1_226' title='bbox 2677 1780 2858 1851; x_wconf 76' lang='grc' dir='ltr'>μάννα</span> <span class='ocrx_word' id='word_1_227' title='bbox 2893 1782 2990 1836; x_wconf 89' lang='grc' dir='ltr'><strong>τοῦ</strong></span> <span class='ocrx_word' id='word_1_228' title='bbox 3022 1783 3192 1853; x_wconf 84' lang='grc' dir='ltr'>άρτου</span> <span class='ocrx_word' id='word_1_229' title='bbox 3226 1783 3329 1853; x_wconf 79' lang='grc' dir='ltr'>τῆς</span> <span class='ocrx_word' id='word_1_230' title='bbox 3385 1783 3550 1854; x_wconf 78' lang='grc' dir='ltr'>ζωῆς,</span> <span class='ocrx_word' id='word_1_231' title='bbox 3595 1782 3749 1839; x_wconf 82' lang='grc' dir='ltr'>αὐτοῦ</span> 
     </span>
    </p>
   </div>
   <div class='ocr_carea' id='block_1_34' title="bbox 525 1866 2101 1964">
    <p class='ocr_par' dir='ltr' id='par_1_34' title="bbox 525 1866 2098 1958">
     <span class='ocr_line' id='line_1_34' title="bbox 525 1866 2098 1958; baseline 0.004 -39"><span class='ocrx_word' id='word_1_232' title='bbox 525 1868 725 1936; x_wconf 83' lang='lat' dir='ltr'><strong>ubique</strong></span> <span class='ocrx_word' id='word_1_233' title='bbox 754 1866 999 1923; x_wconf 87' lang='lat' dir='ltr'><strong>locorum</strong></span> <span class='ocrx_word' id='word_1_234' title='bbox 1045 1870 1355 1939; x_wconf 78' lang='lat' dir='ltr'><strong>dispersum</strong></span> <span class='ocrx_word' id='word_1_235' title='bbox 1395 1880 1450 1927; x_wconf 90' lang='lat' dir='ltr'><strong>et</strong></span> <span class='ocrx_word' id='word_1_236' title='bbox 1490 1873 1645 1942; x_wconf 90' lang='lat' dir='ltr'><strong>quasi</strong></span> <span class='ocrx_word' id='word_1_237' title='bbox 1681 1873 1964 1929; x_wconf 89' lang='lat' dir='ltr'><strong>concisum</strong></span> <span class='ocrx_word' id='word_1_238' title='bbox 1982 1873 2098 1958; x_wconf 75' lang='grc' dir='ltr'><strong>⁵ιῐιί-</strong></span> 
     </span>
    </p>
   </div>
   <div class='ocr_carea' id='block_1_35' title="bbox 2205 1866 3755 1964">
    <p class='ocr_par' dir='ltr' id='par_1_35' title="bbox 2205 1868 3755 1942">
     <span class='ocr_line' id='line_1_35' title="bbox 2205 1868 3755 1942; baseline 0.001 -20"><span class='ocrx_word' id='word_1_239' title='bbox 2205 1868 2400 1940; x_wconf 82' lang='grc' dir='ltr'>δηλαδὴ</span> <span class='ocrx_word' id='word_1_240' title='bbox 2433 1869 2524 1923; x_wconf 89' lang='grc' dir='ltr'><strong>τοῦ</strong></span> <span class='ocrx_word' id='word_1_241' title='bbox 2560 1872 2888 1941; x_wconf 74' lang='grc' dir='ltr'>μονογενοῦς</span> <span class='ocrx_word' id='word_1_242' title='bbox 2924 1873 3059 1927; x_wconf 86' lang='grc' dir='ltr'>Υίοῦ</span> <span class='ocrx_word' id='word_1_243' title='bbox 3092 1874 3441 1936; x_wconf 87' lang='grc' dir='ltr'>καταϐάντος</span> <span class='ocrx_word' id='word_1_244' title='bbox 3467 1870 3755 1942; x_wconf 78' lang='grc' dir='ltr'>ὲξοὺρανοῦ</span> 
     </span>
    </p>
   </div>
   <div class='ocr_carea' id='block_1_36' title="bbox 526 1958 2096 2036">
    <p class='ocr_par' dir='ltr' id='par_1_36' title="bbox 526 1958 2096 2036">
     <span class='ocr_line' id='line_1_36' title="bbox 526 1958 2096 2036; baseline 0.006 -26"><span class='ocrx_word' id='word_1_245' title='bbox 526 1967 687 2012; x_wconf 86' lang='lat' dir='ltr'><strong>uutas</strong></span> <span class='ocrx_word' id='word_1_246' title='bbox 716 1958 769 2013; x_wconf 90' lang='lat' dir='ltr'><strong>in</strong></span> <span class='ocrx_word' id='word_1_247' title='bbox 804 1973 988 2028; x_wconf 86' lang='lat' dir='ltr'><strong>partes</strong></span> <span class='ocrx_word' id='word_1_248' title='bbox 1024 1961 1380 2018; x_wconf 87' lang='lat' dir='ltr'><strong>nihilominus</strong></span> <span class='ocrx_word' id='word_1_249' title='bbox 1408 1969 1584 2019; x_wconf 88' lang='lat' dir='ltr'><strong>totum</strong></span> <span class='ocrx_word' id='word_1_250' title='bbox 1625 1966 1838 2036; x_wconf 78' lang='lat' dir='ltr'><strong>integre</strong></span> <span class='ocrx_word' id='word_1_251' title='bbox 1867 1964 1921 2019; x_wconf 90' lang='lat' dir='ltr'><strong>in</strong></span> <span class='ocrx_word' id='word_1_252' title='bbox 1954 1964 2096 2020; x_wconf 90' lang='lat' dir='ltr'><strong>inte-</strong></span> 
     </span>
    </p>
   </div>
   <div class='ocr_carea' id='block_1_37' title="bbox 522 2049 2095 2127">
    <p class='ocr_par' dir='ltr' id='par_1_37' title="bbox 522 2049 2095 2127">
     <span class='ocr_line' id='line_1_37' title="bbox 522 2049 2095 2127; baseline 0.006 -27"><span class='ocrx_word' id='word_1_253' title='bbox 522 2049 635 2118; x_wconf 79' lang='lat' dir='ltr'><strong>gris</strong></span> <span class='ocrx_word' id='word_1_254' title='bbox 666 2052 955 2119; x_wconf 86' lang='lat' dir='ltr'><strong>reperitur,</strong></span> <span class='ocrx_word' id='word_1_255' title='bbox 997 2052 1137 2118; x_wconf 88' lang='lat' dir='ltr'><strong>Quid</strong></span> <span class='ocrx_word' id='word_1_256' title='bbox 1186 2056 1353 2111; x_wconf 92' lang='lat' dir='ltr'><strong>multa</strong></span> <span class='ocrx_word' id='word_1_257' title='bbox 1398 2056 1779 2127; x_wconf 82' lang='lat' dir='ltr'><strong>proferemus?</strong></span> <span class='ocrx_word' id='word_1_258' title='bbox 1819 2055 2095 2122; x_wconf 80' lang='lat' dir='ltr'><strong>Quemad-</strong></span> 
     </span>
    </p>
   </div>
   <div class='ocr_carea' id='block_1_38' title="bbox 448 2142 2096 2203">
    <p class='ocr_par' dir='ltr' id='par_1_38' title="bbox 448 2142 2096 2203">
     <span class='ocr_line' id='line_1_38' title="bbox 448 2142 2096 2203; baseline 0.004 -9"><span class='ocrx_word' id='word_1_259' title='bbox 448 2164 451 2167; x_wconf 93' lang='grc'><strong>·</strong></span> <span class='ocrx_word' id='word_1_260' title='bbox 524 2142 744 2195; x_wconf 83' lang='lat' dir='ltr'><strong>modum</strong></span> <span class='ocrx_word' id='word_1_261' title='bbox 789 2142 881 2198; x_wconf 90' lang='lat' dir='ltr'><strong>illo</strong></span> <span class='ocrx_word' id='word_1_262' title='bbox 928 2161 1125 2201; x_wconf 84' lang='lat' dir='ltr'><strong>manna</strong></span> <span class='ocrx_word' id='word_1_263' title='bbox 1191 2148 1408 2203; x_wconf 74' lang='lat' dir='ltr'><strong>cmlitus</strong></span> <span class='ocrx_word' id='word_1_264' title='bbox 1457 2148 1697 2203; x_wconf 88' lang='lat' dir='ltr'><strong>demisso</strong></span> <span class='ocrx_word' id='word_1_265' title='bbox 1745 2146 2096 2201; x_wconf 68' lang='lat' dir='ltr'><strong>Hebraeorum</strong></span> 
     </span>
    </p>
   </div>
   <div class='ocr_carea' id='block_1_39' title="bbox 529 2235 2102 2306">
    <p class='ocr_par' dir='ltr' id='par_1_39' title="bbox 529 2235 2102 2306">
     <span class='ocr_line' id='line_1_39' title="bbox 529 2235 2102 2306; baseline 0.002 -20"><span class='ocrx_word' id='word_1_266' title='bbox 529 2235 677 2288; x_wconf 87' lang='lat' dir='ltr'><strong>natio</strong></span> <span class='ocrx_word' id='word_1_267' title='bbox 705 2235 1102 2293; x_wconf 88' lang='lat' dir='ltr'><strong>admirabunda</strong></span> <span class='ocrx_word' id='word_1_268' title='bbox 1135 2238 1393 2306; x_wconf 87' lang='lat' dir='ltr'><strong>dicebat,</strong></span> <span class='ocrx_word' id='word_1_269' title='bbox 1430 2238 1573 2305; x_wconf 86' lang='lat' dir='ltr'><strong>Quid</strong></span> <span class='ocrx_word' id='word_1_270' title='bbox 1616 2240 1720 2293; x_wconf 91' lang='lat' dir='ltr'><strong>hoc</strong></span> <span class='ocrx_word' id='word_1_271' title='bbox 1769 2237 1888 2292; x_wconf 76' lang='lat' dir='ltr'><strong>est?</strong></span> <span class='ocrx_word' id='word_1_272' title='bbox 1932 2236 2013 2292; x_wconf 88' lang='lat' dir='ltr'><strong>sic</strong></span> <span class='ocrx_word' id='word_1_273' title='bbox 2044 2242 2102 2290; x_wconf 81' lang='lat' dir='ltr'><strong>et</strong></span> 
     </span>
    </p>
   </div>
   <div class='ocr_carea' id='block_1_40' title="bbox 2204 1960 3754 2037">
    <p class='ocr_par' dir='ltr' id='par_1_40' title="bbox 2204 1960 3754 2037">
     <span class='ocr_line' id='line_1_40' title="bbox 2204 1960 3754 2037; baseline 0.001 -24"><span class='ocrx_word' id='word_1_274' title='bbox 2204 1960 2298 2014; x_wconf 73' lang='grc' dir='ltr'>καὶ</span> <span class='ocrx_word' id='word_1_275' title='bbox 2329 1960 2424 2014; x_wconf 75' lang='grc' dir='ltr'><strong>ἐπὶ</strong></span> <span class='ocrx_word' id='word_1_276' title='bbox 2453 1960 2557 2030; x_wconf 84' lang='grc' dir='ltr'>γῆς</span> <span class='ocrx_word' id='word_1_277' title='bbox 2614 1961 2898 2031; x_wconf 81' lang='grc' dir='ltr'>ὀφθέντος,</span> <span class='ocrx_word' id='word_1_278' title='bbox 2937 1963 3527 2037; x_wconf 77' lang='grc' dir='ltr'>ὑπερεκπληττόμενοι</span> <span class='ocrx_word' id='word_1_279' title='bbox 3581 1961 3754 2031; x_wconf 74' lang='grc' dir='ltr'>ἔλεγον</span> 
     </span>
    </p>
   </div>
   <div class='ocr_carea' id='block_1_41' title="bbox 2204 2049 3760 2121">
    <p class='ocr_par' dir='ltr' id='par_1_41' title="bbox 2204 2049 3760 2121">
     <span class='ocr_line' id='line_1_41' title="bbox 2204 2049 3760 2121; baseline -0.001 -16"><span class='ocrx_word' id='word_1_280' title='bbox 2204 2049 2465 2119; x_wconf 73' lang='grc' dir='ltr'>ἅπαντες,</span> <span class='ocrx_word' id='word_1_281' title='bbox 2488 2052 2554 2105; x_wconf 89' lang='grc' dir='ltr'>Τί</span> <span class='ocrx_word' id='word_1_282' title='bbox 2574 2051 2737 2107; x_wconf 89' lang='grc' dir='ltr'>τοῦτό</span> <span class='ocrx_word' id='word_1_283' title='bbox 2765 2053 2883 2107; x_wconf 71' lang='grc' dir='ltr'>ιστι</span> <span class='ocrx_word' id='word_1_284' title='bbox 2905 2072 2923 2121; x_wconf 87' lang='lat'><strong>;</strong></span> <span class='ocrx_word' id='word_1_285' title='bbox 2953 2054 3069 2118; x_wconf 84' lang='grc' dir='ltr'><strong>πῶς</strong></span> <span class='ocrx_word' id='word_1_286' title='bbox 3088 2056 3117 2108; x_wconf 90' lang='lat'><strong>6</strong></span> <span class='ocrx_word' id='word_1_287' title='bbox 3140 2055 3271 2120; x_wconf 82' lang='grc' dir='ltr'>Υἱὸς</span> <span class='ocrx_word' id='word_1_288' title='bbox 3294 2056 3388 2112; x_wconf 90' lang='grc' dir='ltr'><strong>τοῦ</strong></span> <span class='ocrx_word' id='word_1_289' title='bbox 3414 2054 3548 2109; x_wconf 89' lang='grc' dir='ltr'>Θεοῦ</span> <span class='ocrx_word' id='word_1_290' title='bbox 3579 2053 3760 2121; x_wconf 88' lang='grc' dir='ltr'>κατῆλ-</span> 
     </span>
    </p>
   </div>
   <div class='ocr_carea' id='block_1_42' title="bbox 2205 2142 3759 2218">
    <p class='ocr_par' dir='ltr' id='par_1_42' title="bbox 2205 2142 3759 2218">
     <span class='ocr_line' id='line_1_42' title="bbox 2205 2142 3759 2218; baseline 0.002 -22"><span class='ocrx_word' id='word_1_291' title='bbox 2205 2143 2296 2197; x_wconf 90' lang='grc' dir='ltr'><strong>θεν</strong></span> <span class='ocrx_word' id='word_1_292' title='bbox 2327 2143 2409 2209; x_wconf 81' lang='grc' dir='ltr'><strong>είς</strong></span> <span class='ocrx_word' id='word_1_293' title='bbox 2436 2142 2534 2215; x_wconf 78' lang='grc' dir='ltr'>τὴν</span> <span class='ocrx_word' id='word_1_294' title='bbox 2558 2143 2701 2215; x_wconf 83' lang='grc' dir='ltr'><strong>γῆν;</strong></span> <span class='ocrx_word' id='word_1_295' title='bbox 2740 2146 2857 2209; x_wconf 86' lang='grc' dir='ltr'><strong>πῶς</strong></span> <span class='ocrx_word' id='word_1_296' title='bbox 2894 2147 3075 2218; x_wconf 79' lang='grc' dir='ltr'>σάρκα</span> <span class='ocrx_word' id='word_1_297' title='bbox 3111 2148 3386 2218; x_wconf 66' lang='grc' dir='ltr'>ἂφόρεσες</span> <span class='ocrx_word' id='word_1_298' title='bbox 3422 2148 3537 2212; x_wconf 81' lang='grc' dir='ltr'>πῶς</span> <span class='ocrx_word' id='word_1_299' title='bbox 3562 2144 3759 2215; x_wconf 77' lang='grc' dir='ltr'>ἄνθρω-</span> 
     </span>
    </p>
   </div>
   <div class='ocr_carea' id='block_1_43' title="bbox 2207 2234 3475 2309">
    <p class='ocr_par' dir='ltr' id='par_1_43' title="bbox 2207 2234 3475 2309">
     <span class='ocr_line' id='line_1_43' title="bbox 2207 2234 3475 2309; baseline 0.006 -22"><span class='ocrx_word' id='word_1_300' title='bbox 2207 2252 2305 2299; x_wconf 84' lang='grc' dir='ltr'><strong>πος</strong></span> <span class='ocrx_word' id='word_1_301' title='bbox 2337 2239 2529 2304; x_wconf 76' lang='grc' dir='ltr'>γέγονε</span> <span class='ocrx_word' id='word_1_302' title='bbox 2557 2252 2574 2302; x_wconf 88' lang='lat'><strong>;</strong></span> <span class='ocrx_word' id='word_1_303' title='bbox 2601 2234 2712 2289; x_wconf 83' lang='grc' dir='ltr'>Καὶ</span> <span class='ocrx_word' id='word_1_304' title='bbox 2739 2237 2868 2306; x_wconf 75' lang='grc' dir='ltr'>περὶ</span> <span class='ocrx_word' id='word_1_305' title='bbox 2905 2239 3005 2309; x_wconf 79' lang='grc' dir='ltr'>μὲν</span> <span class='ocrx_word' id='word_1_306' title='bbox 3033 2237 3243 2293; x_wconf 82' lang='grc' dir='ltr'>τούτων</span> <span class='ocrx_word' id='word_1_307' title='bbox 3278 2237 3475 2302; x_wconf 79' lang='grc' dir='ltr'>οὕτως.</span> 
     </span>
    </p>
   </div>
   <div class='ocr_carea' id='block_1_44' title="bbox 464 2315 3758 2421">
    <p class='ocr_par' dir='ltr' id='par_1_44' title="bbox 464 2315 3758 2421">
     <span class='ocr_line' id='line_1_44' title="bbox 464 2315 3758 2421; baseline 0.002 -42"><span class='ocrx_word' id='word_1_308' title='bbox 464 2406 470 2412; x_wconf 26' lang='grc'><strong>“</strong></span> <span class='ocrx_word' id='word_1_309' title='bbox 525 2315 829 2383; x_wconf 74' lang='grc' dir='ltr'>ῖιιῑειιροιίιί</span> <span class='ocrx_word' id='word_1_310' title='bbox 862 2345 1084 2394; x_wconf 89' lang='lat' dir='ltr'><strong>manna,</strong></span> <span class='ocrx_word' id='word_1_311' title='bbox 1123 2346 1265 2401; x_wconf 85' lang='lat' dir='ltr'><strong>pane</strong></span> <span class='ocrx_word' id='word_1_312' title='bbox 1291 2331 1504 2387; x_wconf 87' lang='lat' dir='ltr'><strong>scilicet</strong></span> <span class='ocrx_word' id='word_1_313' title='bbox 1534 2332 1682 2396; x_wconf 70' lang='lat' dir='ltr'><strong>vitae,</strong></span> <span class='ocrx_word' id='word_1_314' title='bbox 1718 2331 1957 2401; x_wconf 80' lang='lat' dir='ltr'><strong>unigena</strong></span> <span class='ocrx_word' id='word_1_315' title='bbox 1995 2328 2088 2383; x_wconf 89' lang='lat' dir='ltr'><strong>Dei</strong></span> <span class='ocrx_word' id='word_1_316' title='bbox 2128 2328 2288 2393; x_wconf 83' lang='lat' dir='ltr'><strong>Filio,</strong></span> <span class='ocrx_word' id='word_1_317' title='bbox 2315 2327 2529 2383; x_wconf 87' lang='lat' dir='ltr'><strong>caelitus</strong></span> <span class='ocrx_word' id='word_1_318' title='bbox 2557 2328 2783 2421; x_wconf 77' lang='lat' dir='ltr'><strong>delapso</strong></span> <span class='ocrx_word' id='word_1_319' title='bbox 2821 2338 2878 2384; x_wconf 91' lang='lat' dir='ltr'><strong>et</strong></span> <span class='ocrx_word' id='word_1_320' title='bbox 2939 2330 2996 2384; x_wconf 91' lang='lat' dir='ltr'><strong>in</strong></span> <span class='ocrx_word' id='word_1_321' title='bbox 3033 2331 3194 2389; x_wconf 85' lang='lat' dir='ltr'><strong>terris</strong></span> <span class='ocrx_word' id='word_1_322' title='bbox 3240 2338 3559 2402; x_wconf 88' lang='lat' dir='ltr'><strong>conspecto,</strong></span> <span class='ocrx_word' id='word_1_323' title='bbox 3596 2325 3758 2385; x_wconf 86' lang='lat' dir='ltr'><strong>cuncti</strong></span> 
     </span>
    </p>
   </div>
   <div class='ocr_carea' id='block_1_45' title="bbox 530 2422 3760 2508">
    <p class='ocr_par' dir='ltr' id='par_1_45' title="bbox 530 2422 3760 2508">
     <span class='ocr_line' id='line_1_45' title="bbox 530 2422 3760 2508; baseline 0.001 -35"><span class='ocrx_word' id='word_1_324' title='bbox 530 2423 979 2491; x_wconf 76' lang='lat' dir='ltr'><strong>obslttpesccnles</strong></span> <span class='ocrx_word' id='word_1_325' title='bbox 1029 2425 1280 2479; x_wconf 85' lang='lat' dir='ltr'><strong>aiebant:</strong></span> <span class='ocrx_word' id='word_1_326' title='bbox 1326 2425 1479 2492; x_wconf 83' lang='lat' dir='ltr'><strong>Quid</strong></span> <span class='ocrx_word' id='word_1_327' title='bbox 1526 2427 1633 2481; x_wconf 92' lang='lat' dir='ltr'><strong>hoc</strong></span> <span class='ocrx_word' id='word_1_328' title='bbox 1679 2426 1805 2481; x_wconf 86' lang='lat' dir='ltr'><strong>est?</strong></span> <span class='ocrx_word' id='word_1_329' title='bbox 1858 2438 2096 2495; x_wconf 84' lang='lat' dir='ltr'><strong>quonam</strong></span> <span class='ocrx_word' id='word_1_330' title='bbox 2136 2432 2297 2494; x_wconf 88' lang='lat' dir='ltr'><strong>pacto</strong></span> <span class='ocrx_word' id='word_1_331' title='bbox 2354 2423 2447 2477; x_wconf 90' lang='lat' dir='ltr'><strong>Dei</strong></span> <span class='ocrx_word' id='word_1_332' title='bbox 2489 2422 2661 2480; x_wconf 87' lang='lat' dir='ltr'><strong>Filius</strong></span> <span class='ocrx_word' id='word_1_333' title='bbox 2720 2425 2778 2508; x_wconf 86' lang='lat' dir='ltr'><strong>in</strong></span> <span class='ocrx_word' id='word_1_334' title='bbox 2839 2433 3041 2482; x_wconf 87' lang='lat' dir='ltr'><strong>terram</strong></span> <span class='ocrx_word' id='word_1_335' title='bbox 3068 2424 3400 2483; x_wconf 77' lang='lat' dir='ltr'><strong>descendit?</strong></span> <span class='ocrx_word' id='word_1_336' title='bbox 3438 2425 3530 2497; x_wconf 90' lang='lat' dir='ltr'><strong>qui</strong></span> <span class='ocrx_word' id='word_1_337' title='bbox 3563 2438 3760 2480; x_wconf 87' lang='lat' dir='ltr'><strong>carnem</strong></span> 
     </span>
    </p>
   </div>
   <div class='ocr_carea' id='block_1_46' title="bbox 523 2515 2758 2591">
    <p class='ocr_par' dir='ltr' id='par_1_46' title="bbox 523 2515 2758 2591">
     <span class='ocr_line' id='line_1_46' title="bbox 523 2515 2758 2591; baseline 0.003 -23"><span class='ocrx_word' id='word_1_338' title='bbox 523 2516 745 2585; x_wconf 75' lang='lat' dir='ltr'><strong>gestat?</strong></span> <span class='ocrx_word' id='word_1_339' title='bbox 766 2520 858 2586; x_wconf 91' lang='lat' dir='ltr'><strong>qui</strong></span> <span class='ocrx_word' id='word_1_340' title='bbox 890 2517 1056 2575; x_wconf 91' lang='lat' dir='ltr'><strong>bomo</strong></span> <span class='ocrx_word' id='word_1_341' title='bbox 1084 2518 1261 2574; x_wconf 89' lang='lat' dir='ltr'><strong>factus</strong></span> <span class='ocrx_word' id='word_1_342' title='bbox 1296 2520 1429 2575; x_wconf 83' lang='lat' dir='ltr'><strong>est?</strong></span> <span class='ocrx_word' id='word_1_343' title='bbox 1469 2522 1547 2577; x_wconf 89' lang='lat' dir='ltr'><strong>Ac</strong></span> <span class='ocrx_word' id='word_1_344' title='bbox 1577 2520 1645 2576; x_wconf 88' lang='lat' dir='ltr'><strong>de</strong></span> <span class='ocrx_word' id='word_1_345' title='bbox 1675 2521 1761 2575; x_wconf 89' lang='lat' dir='ltr'><strong>his</strong></span> <span class='ocrx_word' id='word_1_346' title='bbox 1795 2519 2015 2591; x_wconf 77' lang='lat' dir='ltr'><strong>quidem</strong></span> <span class='ocrx_word' id='word_1_347' title='bbox 2041 2518 2147 2572; x_wconf 83' lang='lat' dir='ltr'><strong>hoc</strong></span> <span class='ocrx_word' id='word_1_348' title='bbox 2171 2515 2338 2572; x_wconf 89' lang='lat' dir='ltr'><strong>modo</strong></span> <span class='ocrx_word' id='word_1_349' title='bbox 2369 2515 2578 2572; x_wconf 87' lang='lat' dir='ltr'><strong>dictum</strong></span> <span class='ocrx_word' id='word_1_350' title='bbox 2616 2526 2758 2574; x_wconf 87' lang='lat' dir='ltr'><strong>esto.</strong></span> 
     </span>
    </p>
   </div>
   <div class='ocr_carea' id='block_1_47' title="bbox 596 2611 2103 2685">
    <p class='ocr_par' dir='ltr' id='par_1_47' title="bbox 596 2611 2103 2685">
     <span class='ocr_line' id='line_1_47' title="bbox 596 2611 2103 2685; baseline 0.005 -20"><span class='ocrx_word' id='word_1_351' title='bbox 596 2611 866 2668; x_wconf 68' lang='lat' dir='ltr'><strong>Caeterum</strong></span> <span class='ocrx_word' id='word_1_352' title='bbox 898 2625 1023 2685; x_wconf 89' lang='lat' dir='ltr'><strong>post</strong></span> <span class='ocrx_word' id='word_1_353' title='bbox 1051 2627 1283 2672; x_wconf 90' lang='lat' dir='ltr'><strong>mortem</strong></span> <span class='ocrx_word' id='word_1_354' title='bbox 1315 2617 1482 2674; x_wconf 81' lang='lat' dir='ltr'><strong>Mosis</strong></span> <span class='ocrx_word' id='word_1_355' title='bbox 1504 2620 1650 2675; x_wconf 86' lang='lat' dir='ltr'><strong>Deus</strong></span> <span class='ocrx_word' id='word_1_356' title='bbox 1681 2618 1864 2674; x_wconf 84' lang='lat' dir='ltr'><strong>Jesum</strong></span> <span class='ocrx_word' id='word_1_357' title='bbox 1898 2618 2103 2675; x_wconf 88' lang='lat' dir='ltr'><strong>allocu-</strong></span> 
     </span>
    </p>
   </div>
   <div class='ocr_carea' id='block_1_48' title="bbox 531 2696 2103 2781">
    <p class='ocr_par' dir='ltr' id='par_1_48' title="bbox 531 2696 2103 2781">
     <span class='ocr_line' id='line_1_48' title="bbox 531 2696 2103 2781; baseline 0.009 -29"><span class='ocrx_word' id='word_1_358' title='bbox 531 2712 619 2757; x_wconf 86' lang='lat' dir='ltr'><strong>tus</strong></span> <span class='ocrx_word' id='word_1_359' title='bbox 649 2714 728 2758; x_wconf 78' lang='lat' dir='ltr'><strong>cst</strong></span> <span class='ocrx_word' id='word_1_360' title='bbox 784 2705 837 2758; x_wconf 88' lang='lat' dir='ltr'><strong>in</strong></span> <span class='ocrx_word' id='word_1_361' title='bbox 883 2707 1028 2762; x_wconf 88' lang='lat' dir='ltr'><strong>hunc</strong></span> <span class='ocrx_word' id='word_1_362' title='bbox 1082 2708 1345 2765; x_wconf 90' lang='lat' dir='ltr'><strong>modum:</strong></span> <span class='ocrx_word' id='word_1_363' title='bbox 1409 2696 1900 2781; x_wconf 68' lang='lat' dir='ltr'><strong>«Quandoquidem</strong></span> <span class='ocrx_word' id='word_1_364' title='bbox 1945 2724 2103 2766; x_wconf 87' lang='lat' dir='ltr'><strong>meus</strong></span> 
     </span>
    </p>
   </div>
   <div class='ocr_carea' id='block_1_49' title="bbox 529 2798 2098 2874">
    <p class='ocr_par' dir='ltr' id='par_1_49' title="bbox 529 2798 2098 2874">
     <span class='ocr_line' id='line_1_49' title="bbox 529 2798 2098 2874; baseline 0.006 -25"><span class='ocrx_word' id='word_1_365' title='bbox 529 2812 723 2851; x_wconf 80' lang='lat' dir='ltr'><strong>servus</strong></span> <span class='ocrx_word' id='word_1_366' title='bbox 747 2798 920 2854; x_wconf 79' lang='lat' dir='ltr'><strong>Moses</strong></span> <span class='ocrx_word' id='word_1_367' title='bbox 948 2811 1197 2857; x_wconf 89' lang='lat' dir='ltr'><strong>mortuus</strong></span> <span class='ocrx_word' id='word_1_368' title='bbox 1223 2810 1330 2869; x_wconf 88' lang='lat' dir='ltr'><strong>est,</strong></span> <span class='ocrx_word' id='word_1_369' title='bbox 1361 2818 1458 2874; x_wconf 77' lang='lat' dir='ltr'><strong>age</strong></span> <span class='ocrx_word' id='word_1_370' title='bbox 1485 2813 1565 2869; x_wconf 75' lang='lat' dir='ltr'><strong>tu,</strong></span> <span class='ocrx_word' id='word_1_371' title='bbox 1595 2804 1786 2874; x_wconf 85' lang='lat' dir='ltr'><strong>trajice</strong></span> <span class='ocrx_word' id='word_1_372' title='bbox 1806 2802 2098 2859; x_wconf 85' lang='lat' dir='ltr'><strong>Jordanem</strong></span> 
     </span>
    </p>
   </div>
   <div class='ocr_carea' id='block_1_50' title="bbox 529 2885 2105 2966">
    <p class='ocr_par' dir='ltr' id='par_1_50' title="bbox 529 2885 2105 2966">
     <span class='ocr_line' id='line_1_50' title="bbox 529 2885 2105 2966; baseline 0.008 -27"><span class='ocrx_word' id='word_1_373' title='bbox 529 2885 692 2942; x_wconf 88' lang='lat' dir='ltr'><strong>istum</strong></span> <span class='ocrx_word' id='word_1_374' title='bbox 725 2906 830 2943; x_wconf 89' lang='lat' dir='ltr'><strong>una</strong></span> <span class='ocrx_word' id='word_1_375' title='bbox 862 2906 985 2946; x_wconf 91' lang='lat' dir='ltr'><strong>cum</strong></span> <span class='ocrx_word' id='word_1_376' title='bbox 1015 2894 1162 2948; x_wconf 91' lang='lat' dir='ltr'><strong>omni</strong></span> <span class='ocrx_word' id='word_1_377' title='bbox 1192 2895 1297 2949; x_wconf 87' lang='lat' dir='ltr'><strong>hoc</strong></span> <span class='ocrx_word' id='word_1_378' title='bbox 1324 2895 1526 2964; x_wconf 91' lang='lat' dir='ltr'><strong>populo</strong></span> <span class='ocrx_word' id='word_1_379' title='bbox 1543 2896 1644 2951; x_wconf 69' lang='grc' dir='ltr'><strong>τι.»</strong></span> <span class='ocrx_word' id='word_1_380' title='bbox 1680 2894 1925 2965; x_wconf 86' lang='lat' dir='ltr'><strong>Cumque</strong></span> <span class='ocrx_word' id='word_1_381' title='bbox 1950 2910 2105 2966; x_wconf 82' lang='lat' dir='ltr'><strong>reges</strong></span> 
     </span>
    </p>
   </div>
   <div class='ocr_carea' id='block_1_51' title="bbox 529 2983 2104 3056">
    <p class='ocr_par' dir='ltr' id='par_1_51' title="bbox 529 2983 2104 3056">
     <span class='ocr_line' id='line_1_51' title="bbox 529 2983 2104 3056; baseline 0.007 -23"><span class='ocrx_word' id='word_1_382' title='bbox 529 2983 995 3053; x_wconf 65' lang='lat' dir='ltr'><strong>Amori-imorum,</strong></span> <span class='ocrx_word' id='word_1_383' title='bbox 1024 2987 1117 3056; x_wconf 88' lang='lat' dir='ltr'><strong>qui</strong></span> <span class='ocrx_word' id='word_1_384' title='bbox 1150 2990 1294 3042; x_wconf 87' lang='lat' dir='ltr'><strong>ultra</strong></span> <span class='ocrx_word' id='word_1_385' title='bbox 1323 2986 1618 3043; x_wconf 70' lang='lat' dir='ltr'><strong>Iordanem</strong></span> <span class='ocrx_word' id='word_1_386' title='bbox 1648 2996 1804 3043; x_wconf 86' lang='lat' dir='ltr'><strong>erant</strong></span> <span class='ocrx_word' id='word_1_387' title='bbox 1824 3027 1840 3053; x_wconf 91' lang='lat'><strong>,</strong></span> <span class='ocrx_word' id='word_1_388' title='bbox 1884 2988 2104 3043; x_wconf 88' lang='lat' dir='ltr'><strong>inaudi-</strong></span> 
     </span>
    </p>
   </div>
   <div class='ocr_carea' id='block_1_52' title="bbox 530 3074 2099 3149">
    <p class='ocr_par' dir='ltr' id='par_1_52' title="bbox 530 3074 2099 3149">
     <span class='ocr_line' id='line_1_52' title="bbox 530 3074 2099 3149; baseline 0.005 -23"><span class='ocrx_word' id='word_1_389' title='bbox 530 3075 737 3128; x_wconf 74' lang='lat' dir='ltr'><strong>vis~ent</strong></span> <span class='ocrx_word' id='word_1_390' title='bbox 769 3074 1090 3141; x_wconf 89' lang='lat' dir='ltr'><strong>Dominum,</strong></span> <span class='ocrx_word' id='word_1_391' title='bbox 1111 3079 1206 3149; x_wconf 87' lang='lat' dir='ltr'><strong>qui</strong></span> <span class='ocrx_word' id='word_1_392' title='bbox 1240 3078 1385 3133; x_wconf 88' lang='lat' dir='ltr'><strong>Deus</strong></span> <span class='ocrx_word' id='word_1_393' title='bbox 1413 3088 1516 3146; x_wconf 89' lang='lat' dir='ltr'><strong>est,</strong></span> <span class='ocrx_word' id='word_1_394' title='bbox 1552 3080 1848 3136; x_wconf 86' lang='lat' dir='ltr'><strong>Jordanem</strong></span> <span class='ocrx_word' id='word_1_395' title='bbox 1875 3078 2099 3135; x_wconf 84' lang='lat' dir='ltr'><strong>ﬂuvium</strong></span> 
     </span>
    </p>
   </div>
   <div class='ocr_carea' id='block_1_53' title="bbox 528 3167 2095 3237">
    <p class='ocr_par' dir='ltr' id='par_1_53' title="bbox 528 3167 2095 3237">
     <span class='ocr_line' id='line_1_53' title="bbox 528 3167 2095 3237; baseline 0.003 -18"><span class='ocrx_word' id='word_1_396' title='bbox 528 3167 860 3233; x_wconf 77' lang='lat' dir='ltr'><strong>exsiccassc,</strong></span> <span class='ocrx_word' id='word_1_397' title='bbox 908 3181 1122 3225; x_wconf 87' lang='lat' dir='ltr'><strong>mentes</strong></span> <span class='ocrx_word' id='word_1_398' title='bbox 1148 3180 1202 3226; x_wconf 91' lang='lat' dir='ltr'><strong>et</strong></span> <span class='ocrx_word' id='word_1_399' title='bbox 1236 3171 1403 3225; x_wconf 86' lang='lat' dir='ltr'><strong>animi</strong></span> <span class='ocrx_word' id='word_1_400' title='bbox 1450 3171 2095 3237; x_wconf 82' lang='lat' dir='ltr'><strong>eorumconlabuerunt,</strong></span> 
     </span>
    </p>
   </div>
   <div class='ocr_carea' id='block_1_54' title="bbox 2277 2614 3763 2695">
    <p class='ocr_par' dir='ltr' id='par_1_54' title="bbox 2277 2614 3763 2695">
     <span class='ocr_line' id='line_1_54' title="bbox 2277 2614 3763 2695; baseline 0.001 -24"><span class='ocrx_word' id='word_1_401' title='bbox 2277 2617 2436 2674; x_wconf 79' lang='grc' dir='ltr'>Μετὰ</span> <span class='ocrx_word' id='word_1_402' title='bbox 2465 2618 2521 2689; x_wconf 64' lang='grc' dir='ltr'>δὲ</span> <span class='ocrx_word' id='word_1_403' title='bbox 2549 2618 2649 2690; x_wconf 81' lang='grc' dir='ltr'>τὴν</span> <span class='ocrx_word' id='word_1_404' title='bbox 2678 2619 2773 2672; x_wconf 86' lang='grc' dir='ltr'><strong>τοῦ</strong></span> <span class='ocrx_word' id='word_1_405' title='bbox 2805 2619 3051 2684; x_wconf 72' lang='grc' dir='ltr'>Μωσέως</span> <span class='ocrx_word' id='word_1_406' title='bbox 3082 2620 3352 2695; x_wconf 79' lang='grc' dir='ltr'>τελευτὴν</span> <span class='ocrx_word' id='word_1_407' title='bbox 3372 2619 3492 2677; x_wconf 71' lang='grc' dir='ltr'>εἷπε</span> <span class='ocrx_word' id='word_1_408' title='bbox 3527 2614 3657 2692; x_wconf 72' lang='grc' dir='ltr'>πρὸς</span> <span class='ocrx_word' id='word_1_409' title='bbox 3679 2619 3763 2679; x_wconf 69' lang='grc' dir='ltr'>τὸν</span> 
     </span>
    </p>
   </div>
   <div class='ocr_carea' id='block_1_55' title="bbox 2220 2706 3764 2785">
    <p class='ocr_par' dir='ltr' id='par_1_55' title="bbox 2220 2706 3764 2785">
     <span class='ocr_line' id='line_1_55' title="bbox 2220 2706 3764 2785; baseline 0.002 -23"><span class='ocrx_word' id='word_1_410' title='bbox 2220 2706 2431 2777; x_wconf 81' lang='grc' dir='ltr'>Ἰησοῦν</span> <span class='ocrx_word' id='word_1_411' title='bbox 2459 2711 2488 2763; x_wconf 88' lang='lat'><strong>6</strong></span> <span class='ocrx_word' id='word_1_412' title='bbox 2516 2708 2650 2772; x_wconf 85' lang='grc' dir='ltr'>Θεὸς</span> <span class='ocrx_word' id='word_1_413' title='bbox 2671 2725 2684 2739; x_wconf 76' lang='grc'><strong><em>⁸</em></strong></span> <span class='ocrx_word' id='word_1_414' title='bbox 2734 2728 2753 2763; x_wconf 78' lang='grc' dir='ltr'><strong>ι</strong></span> <span class='ocrx_word' id='word_1_415' title='bbox 2792 2712 3000 2781; x_wconf 84' lang='grc' dir='ltr'>Μωσῆς</span> <span class='ocrx_word' id='word_1_416' title='bbox 3048 2713 3077 2765; x_wconf 93' lang='lat'><strong>6</strong></span> <span class='ocrx_word' id='word_1_417' title='bbox 3106 2706 3373 2783; x_wconf 82' lang='grc' dir='ltr'>θεράπων</span> <span class='ocrx_word' id='word_1_418' title='bbox 3402 2731 3505 2785; x_wconf 84' lang='grc' dir='ltr'><strong>μου</strong></span> <span class='ocrx_word' id='word_1_419' title='bbox 3534 2711 3764 2767; x_wconf 84' lang='grc' dir='ltr'>τετελεύ-</span> 
     </span>
    </p>
   </div>
   <div class='ocr_carea' id='block_1_56' title="bbox 2206 2794 3845 2874">
    <p class='ocr_par' dir='ltr' id='par_1_56' title="bbox 2206 2794 3845 2874">
     <span class='ocr_line' id='line_1_56' title="bbox 2206 2794 3845 2874; baseline -0.001 -22"><span class='ocrx_word' id='word_1_420' title='bbox 2206 2815 2374 2868; x_wconf 85' lang='grc' dir='ltr'>τηκεν</span> <span class='ocrx_word' id='word_1_421' title='bbox 2395 2814 2411 2830; x_wconf 91' lang='grc'><strong>·</strong></span> <span class='ocrx_word' id='word_1_422' title='bbox 2460 2798 2555 2853; x_wconf 90' lang='grc' dir='ltr'><strong>νῦν</strong></span> <span class='ocrx_word' id='word_1_423' title='bbox 2587 2794 2680 2855; x_wconf 81' lang='grc' dir='ltr'>οὖν</span> <span class='ocrx_word' id='word_1_424' title='bbox 2708 2801 2952 2865; x_wconf 80' lang='grc' dir='ltr'>ἀναστάς</span> <span class='ocrx_word' id='word_1_425' title='bbox 3006 2802 3231 2874; x_wconf 89' lang='grc' dir='ltr'>διάϐηθι</span> <span class='ocrx_word' id='word_1_426' title='bbox 3258 2804 3361 2859; x_wconf 79' lang='grc' dir='ltr'>τὸν</span> <span class='ocrx_word' id='word_1_427' title='bbox 3395 2803 3659 2874; x_wconf 84' lang='grc' dir='ltr'>Ἰορδάνην</span> <span class='ocrx_word' id='word_1_428' title='bbox 3705 2799 3762 2852; x_wconf 78' lang='grc' dir='ltr'>σὺ</span> <span class='ocrx_word' id='word_1_429' title='bbox 3836 2832 3845 2839; x_wconf 64' lang='grc' dir='ltr'><strong><em>ρ</em></strong></span> 
     </span>
    </p>
   </div>
   <div class='ocr_carea' id='block_1_57' title="bbox 2210 2885 3765 2975">
    <p class='ocr_par' dir='ltr' id='par_1_57' title="bbox 2210 2885 3765 2975">
     <span class='ocr_line' id='line_1_57' title="bbox 2210 2885 3765 2975; baseline 0 -32"><span class='ocrx_word' id='word_1_430' title='bbox 2210 2891 2307 2943; x_wconf 81' lang='grc' dir='ltr'>καὶ</span> <span class='ocrx_word' id='word_1_431' title='bbox 2339 2890 2447 2954; x_wconf 75' lang='grc' dir='ltr'>πᾶς</span> <span class='ocrx_word' id='word_1_432' title='bbox 2472 2892 2501 2944; x_wconf 93' lang='lat'><strong>6</strong></span> <span class='ocrx_word' id='word_1_433' title='bbox 2526 2891 2654 2956; x_wconf 73' lang='grc' dir='ltr'>λαὸς</span> <span class='ocrx_word' id='word_1_434' title='bbox 2679 2885 2856 2954; x_wconf 77' lang='grc' dir='ltr'>οὗτος.</span> <span class='ocrx_word' id='word_1_435' title='bbox 2887 2909 2907 2945; x_wconf 74' lang='grc' dir='ltr'><strong>ι</strong></span> <span class='ocrx_word' id='word_1_436' title='bbox 2938 2894 3050 2947; x_wconf 72' lang='grc' dir='ltr'><strong>Καὶ</strong></span> <span class='ocrx_word' id='word_1_437' title='bbox 3071 2893 3147 2957; x_wconf 86' lang='grc' dir='ltr'>ὼς</span> <span class='ocrx_word' id='word_1_438' title='bbox 3180 2894 3434 2975; x_wconf 71' lang='grc' dir='ltr'>ἥκουσαν</span> <span class='ocrx_word' id='word_1_439' title='bbox 3468 2896 3517 2948; x_wconf 87' lang='lat' dir='ltr'><strong>ol</strong></span> <span class='ocrx_word' id='word_1_440' title='bbox 3549 2890 3765 2963; x_wconf 78' lang='grc' dir='ltr'>βασιλεῖς</span> 
     </span>
    </p>
   </div>
   <div class='ocr_carea' id='block_1_58' title="bbox 2209 2976 3763 3058">
    <p class='ocr_par' dir='ltr' id='par_1_58' title="bbox 2209 2976 3763 3058">
     <span class='ocr_line' id='line_1_58' title="bbox 2209 2976 3763 3058; baseline 0 -23"><span class='ocrx_word' id='word_1_441' title='bbox 2209 2981 2319 3036; x_wconf 86' lang='grc' dir='ltr'><strong>τῶν</strong></span> <span class='ocrx_word' id='word_1_442' title='bbox 2347 2982 2713 3055; x_wconf 75' lang='grc' dir='ltr'>Ἀμορραίων,</span> <span class='ocrx_word' id='word_1_443' title='bbox 2748 2983 2798 3038; x_wconf 76' lang='grc' dir='ltr'>οἳ</span> <span class='ocrx_word' id='word_1_444' title='bbox 2828 2978 2969 3054; x_wconf 79' lang='grc' dir='ltr'>ἦσαν</span> <span class='ocrx_word' id='word_1_445' title='bbox 3004 2986 3179 3057; x_wconf 79' lang='grc' dir='ltr'>πέραν</span> <span class='ocrx_word' id='word_1_446' title='bbox 3239 2986 3347 3041; x_wconf 86' lang='grc' dir='ltr'><strong>τοῦ</strong></span> <span class='ocrx_word' id='word_1_447' title='bbox 3377 2976 3662 3058; x_wconf 82' lang='grc' dir='ltr'>Ἰορδάνου,</span> <span class='ocrx_word' id='word_1_448' title='bbox 3691 2984 3763 3037; x_wconf 79' lang='grc' dir='ltr'>ὃτι</span> 
     </span>
    </p>
   </div>
   <div class='ocr_carea' id='block_1_59' title="bbox 2208 3073 3762 3150">
    <p class='ocr_par' dir='ltr' id='par_1_59' title="bbox 2208 3073 3762 3150">
     <span class='ocr_line' id='line_1_59' title="bbox 2208 3073 3762 3150; baseline 0 -23"><span class='ocrx_word' id='word_1_449' title='bbox 2208 3073 2521 3146; x_wconf 80' lang='grc' dir='ltr'>ἀπεξήρανε</span> <span class='ocrx_word' id='word_1_450' title='bbox 2558 3074 2765 3143; x_wconf 82' lang='grc' dir='ltr'>Κύριος</span> <span class='ocrx_word' id='word_1_451' title='bbox 2818 3077 2847 3130; x_wconf 94' lang='lat'><strong>6</strong></span> <span class='ocrx_word' id='word_1_452' title='bbox 2902 3078 3035 3142; x_wconf 74' lang='grc' dir='ltr'>Θεὸς</span> <span class='ocrx_word' id='word_1_453' title='bbox 3083 3078 3175 3131; x_wconf 82' lang='grc' dir='ltr'>τὸν</span> <span class='ocrx_word' id='word_1_454' title='bbox 3200 3079 3490 3150; x_wconf 83' lang='grc' dir='ltr'>Ἰορδάνην</span> <span class='ocrx_word' id='word_1_455' title='bbox 3520 3077 3762 3147; x_wconf 76' lang='grc' dir='ltr'>ποταμὸν,</span> 
     </span>
    </p>
   </div>
   <div class='ocr_carea' id='block_1_60' title="bbox 2209 3164 3764 3239">
    <p class='ocr_par' dir='ltr' id='par_1_60' title="bbox 2209 3164 3764 3239">
     <span class='ocr_line' id='line_1_60' title="bbox 2209 3164 3764 3239; baseline 0.001 -22"><span class='ocrx_word' id='word_1_456' title='bbox 2209 3164 2600 3239; x_wconf 84' lang='grc' dir='ltr'>κατετάκησαν</span> <span class='ocrx_word' id='word_1_457' title='bbox 2637 3168 2818 3222; x_wconf 83' lang='grc' dir='ltr'>αὐτῶν</span> <span class='ocrx_word' id='word_1_458' title='bbox 2852 3170 2909 3221; x_wconf 88' lang='grc' dir='ltr'><strong>αί</strong></span> <span class='ocrx_word' id='word_1_459' title='bbox 2930 3168 3185 3234; x_wconf 85' lang='grc' dir='ltr'>διάνοιαι,</span> <span class='ocrx_word' id='word_1_460' title='bbox 3227 3172 3333 3223; x_wconf 69' lang='grc' dir='ltr'><strong>καὶ</strong></span> <span class='ocrx_word' id='word_1_461' title='bbox 3382 3170 3483 3224; x_wconf 82' lang='grc' dir='ltr'><strong>οὐκ</strong></span> <span class='ocrx_word' id='word_1_462' title='bbox 3514 3165 3580 3239; x_wconf 75' lang='grc' dir='ltr'>ἦν</span> <span class='ocrx_word' id='word_1_463' title='bbox 3601 3169 3656 3221; x_wconf 79' lang='grc' dir='ltr'>ὲν</span> <span class='ocrx_word' id='word_1_464' title='bbox 3676 3166 3764 3219; x_wconf 82' lang='grc' dir='ltr'><strong>αὖ·</strong></span> 
     </span>
    </p>
   </div>
   <div class='ocr_carea' id='block_1_61' title="bbox 532 3238 2101 3336">
    <p class='ocr_par' dir='ltr' id='par_1_61' title="bbox 532 3260 2101 3336">
     <span class='ocr_line' id='line_1_61' title="bbox 532 3260 2101 3336; baseline 0.005 -24"><span class='ocrx_word' id='word_1_465' title='bbox 532 3276 632 3314; x_wconf 89' lang='lat' dir='ltr'><strong>nec</strong></span> <span class='ocrx_word' id='word_1_466' title='bbox 661 3277 770 3331; x_wconf 77' lang='lat' dir='ltr'><strong>pra:</strong></span> <span class='ocrx_word' id='word_1_467' title='bbox 816 3272 963 3316; x_wconf 89' lang='lat' dir='ltr'><strong>metu</strong></span> <span class='ocrx_word' id='word_1_468' title='bbox 1011 3260 1385 3318; x_wconf 86' lang='lat' dir='ltr'><strong>lsraelieorum</strong></span> <span class='ocrx_word' id='word_1_469' title='bbox 1421 3266 1577 3336; x_wconf 75' lang='lat'><strong>162</strong></span> <span class='ocrx_word' id='word_1_470' title='bbox 1610 3265 1911 3335; x_wconf 86' lang='lat' dir='ltr'><strong>prudenter</strong></span> <span class='ocrx_word' id='word_1_471' title='bbox 1940 3267 2101 3322; x_wconf 83' lang='lat' dir='ltr'><strong>rebus</strong></span> 
     </span>
    </p>
   </div>
   <div class='ocr_carea' id='block_1_62' title="bbox 2205 3238 3768 3336">
    <p class='ocr_par' dir='ltr' id='par_1_62' title="bbox 2205 3238 3768 3331">
     <span class='ocr_line' id='line_1_62' title="bbox 2205 3238 3768 3331; baseline 0 -22"><span class='ocrx_word' id='word_1_472' title='bbox 2205 3258 2319 3320; x_wconf 83' lang='grc' dir='ltr'>τοῖς</span> <span class='ocrx_word' id='word_1_473' title='bbox 2374 3238 2639 3328; x_wconf 83' lang='grc' dir='ltr'>φρόνησις</span> <span class='ocrx_word' id='word_1_474' title='bbox 2697 3259 2928 3331; x_wconf 82' lang='grc' dir='ltr'>οὐδεμία</span> <span class='ocrx_word' id='word_1_475' title='bbox 2981 3260 3090 3313; x_wconf 78' lang='grc' dir='ltr'><strong>ἀπὸ</strong></span> <span class='ocrx_word' id='word_1_476' title='bbox 3129 3263 3439 3331; x_wconf 77' lang='grc' dir='ltr'>προσώπου</span> <span class='ocrx_word' id='word_1_477' title='bbox 3502 3238 3607 3315; x_wconf 78' lang='grc' dir='ltr'>τῶν</span> <span class='ocrx_word' id='word_1_478' title='bbox 3646 3258 3768 3311; x_wconf 81' lang='grc' dir='ltr'>υἱῶν</span> 
     </span>
    </p>
   </div>
   <div class='ocr_carea' id='block_1_63' title="bbox 529 3351 2103 3428">
    <p class='ocr_par' dir='ltr' id='par_1_63' title="bbox 529 3351 2103 3428">
     <span class='ocr_line' id='line_1_63' title="bbox 529 3351 2103 3428; baseline 0.006 -24"><span class='ocrx_word' id='word_1_479' title='bbox 529 3351 645 3405; x_wconf 82' lang='lat' dir='ltr'><strong>suis</strong></span> <span class='ocrx_word' id='word_1_480' title='bbox 677 3353 967 3407; x_wconf 89' lang='lat' dir='ltr'><strong>consulere</strong></span> <span class='ocrx_word' id='word_1_481' title='bbox 998 3353 1114 3425; x_wconf 88' lang='lat' dir='ltr'><strong>ullo</strong></span> <span class='ocrx_word' id='word_1_482' title='bbox 1133 3355 1294 3410; x_wconf 86' lang='lat' dir='ltr'><strong>modo</strong></span> <span class='ocrx_word' id='word_1_483' title='bbox 1312 3364 1585 3424; x_wconf 86' lang='lat' dir='ltr'><strong>poterant.</strong></span> <span class='ocrx_word' id='word_1_484' title='bbox 1625 3356 1927 3413; x_wconf 88' lang='lat' dir='ltr'><strong>Consimile</strong></span> <span class='ocrx_word' id='word_1_485' title='bbox 1945 3358 2103 3428; x_wconf 90' lang='lat' dir='ltr'><strong>quid-</strong></span> 
     </span>
    </p>
   </div>
   <div class='ocr_carea' id='block_1_64' title="bbox 530 3441 2105 3522">
    <p class='ocr_par' dir='ltr' id='par_1_64' title="bbox 530 3441 2105 3522">
     <span class='ocr_line' id='line_1_64' title="bbox 530 3441 2105 3522; baseline 0.006 -28"><span class='ocrx_word' id='word_1_486' title='bbox 530 3441 653 3495; x_wconf 78' lang='lat' dir='ltr'><strong>dam</strong></span> <span class='ocrx_word' id='word_1_487' title='bbox 686 3441 897 3497; x_wconf 88' lang='lat' dir='ltr'><strong>scilicet</strong></span> <span class='ocrx_word' id='word_1_488' title='bbox 927 3442 1008 3498; x_wconf 89' lang='lat' dir='ltr'><strong>eis</strong></span> <span class='ocrx_word' id='word_1_489' title='bbox 1047 3444 1373 3522; x_wconf 74' lang='lat' dir='ltr'><strong>acciditilli,</strong></span> <span class='ocrx_word' id='word_1_490' title='bbox 1404 3446 1551 3517; x_wconf 89' lang='lat' dir='ltr'><strong>quod</strong></span> <span class='ocrx_word' id='word_1_491' title='bbox 1580 3445 1815 3501; x_wconf 83' lang='lat' dir='ltr'><strong>Jacobus</strong></span> <span class='ocrx_word' id='word_1_492' title='bbox 1843 3456 2105 3517; x_wconf 85' lang='lat' dir='ltr'><strong>expertus</strong></span> 
     </span>
    </p>
   </div>
   <div class='ocr_carea' id='block_1_65' title="bbox 529 3534 2104 3610">
    <p class='ocr_par' dir='ltr' id='par_1_65' title="bbox 529 3534 2104 3610">
     <span class='ocr_line' id='line_1_65' title="bbox 529 3534 2104 3610; baseline 0.005 -23"><span class='ocrx_word' id='word_1_493' title='bbox 529 3541 617 3588; x_wconf 82' lang='lat' dir='ltr'><strong>est</strong></span> <span class='ocrx_word' id='word_1_494' title='bbox 641 3548 754 3602; x_wconf 77' lang='lat' dir='ltr'><strong>prae</strong></span> <span class='ocrx_word' id='word_1_495' title='bbox 802 3534 1017 3604; x_wconf 81' lang='lat' dir='ltr'><strong>gaudio,</strong></span> <span class='ocrx_word' id='word_1_496' title='bbox 1065 3552 1190 3592; x_wconf 88' lang='lat' dir='ltr'><strong>cum</strong></span> <span class='ocrx_word' id='word_1_497' title='bbox 1228 3537 1509 3609; x_wconf 82' lang='lat' dir='ltr'><strong>profectus</strong></span> <span class='ocrx_word' id='word_1_498' title='bbox 1561 3539 1616 3593; x_wconf 90' lang='lat' dir='ltr'><strong>in</strong></span> <span class='ocrx_word' id='word_1_499' title='bbox 1665 3538 1958 3610; x_wconf 56' lang='lat' dir='ltr'><strong>[Egyptum</strong></span> <span class='ocrx_word' id='word_1_500' title='bbox 2007 3537 2104 3595; x_wconf 82' lang='lat' dir='ltr'><strong>Jo-</strong></span> 
     </span>
    </p>
   </div>
   <div class='ocr_carea' id='block_1_66' title="bbox 531 3625 2108 3699">
    <p class='ocr_par' dir='ltr' id='par_1_66' title="bbox 531 3625 2108 3699">
     <span class='ocr_line' id='line_1_66' title="bbox 531 3625 2108 3699; baseline 0.005 -20"><span class='ocrx_word' id='word_1_501' title='bbox 531 3625 762 3695; x_wconf 88' lang='lat' dir='ltr'><strong>sephum</strong></span> <span class='ocrx_word' id='word_1_502' title='bbox 800 3627 970 3681; x_wconf 83' lang='lat' dir='ltr'><strong>tilium</strong></span> <span class='ocrx_word' id='word_1_503' title='bbox 1002 3629 1293 3698; x_wconf 82' lang='lat' dir='ltr'><strong>aspiceret.</strong></span> <span class='ocrx_word' id='word_1_504' title='bbox 1331 3629 1602 3685; x_wconf 80' lang='lat' dir='ltr'><strong>Nimirum</strong></span> <span class='ocrx_word' id='word_1_505' title='bbox 1635 3630 1704 3686; x_wconf 88' lang='lat' dir='ltr'><strong>de</strong></span> <span class='ocrx_word' id='word_1_506' title='bbox 1737 3632 1925 3687; x_wconf 70' lang='lat' dir='ltr'><strong>laetitia</strong></span> <span class='ocrx_word' id='word_1_507' title='bbox 1956 3646 2108 3699; x_wconf 80' lang='lat' dir='ltr'><strong>qua:-</strong></span> 
     </span>
    </p>
   </div>
   <div class='ocr_carea' id='block_1_67' title="bbox 530 3718 2105 3795">
    <p class='ocr_par' dir='ltr' id='par_1_67' title="bbox 530 3718 2105 3795">
     <span class='ocr_line' id='line_1_67' title="bbox 530 3718 2105 3795; baseline 0.003 -23"><span class='ocrx_word' id='word_1_508' title='bbox 530 3718 654 3772; x_wconf 86' lang='lat' dir='ltr'><strong>dam</strong></span> <span class='ocrx_word' id='word_1_509' title='bbox 677 3720 852 3773; x_wconf 90' lang='lat' dir='ltr'><strong>oritur</strong></span> <span class='ocrx_word' id='word_1_510' title='bbox 873 3721 1156 3789; x_wconf 69' lang='lat' dir='ltr'><strong>sanguinis</strong></span> <span class='ocrx_word' id='word_1_511' title='bbox 1182 3719 1421 3787; x_wconf 87' lang='lat' dir='ltr'><strong>diffusio,</strong></span> <span class='ocrx_word' id='word_1_512' title='bbox 1458 3723 1526 3777; x_wconf 90' lang='lat' dir='ltr'><strong>de</strong></span> <span class='ocrx_word' id='word_1_513' title='bbox 1549 3721 1838 3777; x_wconf 78' lang='lat' dir='ltr'><strong>formidine</strong></span> <span class='ocrx_word' id='word_1_514' title='bbox 1866 3737 1997 3795; x_wconf 82' lang='lat' dir='ltr'><strong>vero</strong></span> <span class='ocrx_word' id='word_1_515' title='bbox 2025 3721 2105 3776; x_wconf 85' lang='lat' dir='ltr'><strong>fa-</strong></span> 
     </span>
    </p>
   </div>
   <div class='ocr_carea' id='block_1_68' title="bbox 529 3809 2106 3884">
    <p class='ocr_par' dir='ltr' id='par_1_68' title="bbox 529 3809 2106 3884">
     <span class='ocr_line' id='line_1_68' title="bbox 529 3809 2106 3884; baseline 0.004 -21"><span class='ocrx_word' id='word_1_516' title='bbox 529 3809 748 3865; x_wconf 87' lang='lat' dir='ltr'><strong>cultatis</strong></span> <span class='ocrx_word' id='word_1_517' title='bbox 783 3811 961 3866; x_wconf 82' lang='lat' dir='ltr'><strong>vitalis</strong></span> <span class='ocrx_word' id='word_1_518' title='bbox 985 3810 1289 3867; x_wconf 71' lang='lat' dir='ltr'><strong>contractio</strong></span> <span class='ocrx_word' id='word_1_519' title='bbox 1322 3813 1377 3866; x_wconf 89' lang='lat' dir='ltr'><strong>in</strong></span> <span class='ocrx_word' id='word_1_520' title='bbox 1414 3812 1575 3867; x_wconf 86' lang='lat' dir='ltr'><strong>nobis</strong></span> <span class='ocrx_word' id='word_1_521' title='bbox 1599 3813 1834 3868; x_wconf 78' lang='lat' dir='ltr'><strong>exsistit.</strong></span> <span class='ocrx_word' id='word_1_522' title='bbox 1860 3813 2106 3884; x_wconf 86' lang='lat' dir='ltr'><strong>Utroque</strong></span> 
     </span>
    </p>
   </div>
   <div class='ocr_carea' id='block_1_69' title="bbox 531 3902 2106 3976">
    <p class='ocr_par' dir='ltr' id='par_1_69' title="bbox 531 3902 2106 3976">
     <span class='ocr_line' id='line_1_69' title="bbox 531 3902 2106 3976; baseline 0.004 -21"><span class='ocrx_word' id='word_1_523' title='bbox 531 3903 695 3957; x_wconf 91' lang='lat' dir='ltr'><strong>modo</strong></span> <span class='ocrx_word' id='word_1_524' title='bbox 746 3902 865 3958; x_wconf 80' lang='lat' dir='ltr'><strong>ﬁeri</strong></span> <span class='ocrx_word' id='word_1_525' title='bbox 916 3919 1311 3974; x_wconf 88' lang='lat' dir='ltr'><strong>nonnunquam</strong></span> <span class='ocrx_word' id='word_1_526' title='bbox 1363 3904 1499 3959; x_wconf 91' lang='lat' dir='ltr'><strong>solet</strong></span> <span class='ocrx_word' id='word_1_527' title='bbox 1532 3913 1595 3958; x_wconf 90' lang='lat' dir='ltr'><strong>ut</strong></span> <span class='ocrx_word' id='word_1_528' title='bbox 1624 3920 1772 3960; x_wconf 90' lang='lat' dir='ltr'><strong>mors</strong></span> <span class='ocrx_word' id='word_1_529' title='bbox 1805 3906 1910 3960; x_wconf 90' lang='lat' dir='ltr'><strong>boc</strong></span> <span class='ocrx_word' id='word_1_530' title='bbox 1944 3917 2106 3976; x_wconf 90' lang='lat' dir='ltr'><strong>pacto</strong></span> 
     </span>
    </p>
   </div>
   <div class='ocr_carea' id='block_1_70' title="bbox 531 3996 2102 4068">
    <p class='ocr_par' dir='ltr' id='par_1_70' title="bbox 531 3996 2102 4068">
     <span class='ocr_line' id='line_1_70' title="bbox 531 3996 2102 4068; baseline 0.002 -19"><span class='ocrx_word' id='word_1_531' title='bbox 531 3996 761 4051; x_wconf 81' lang='lat' dir='ltr'><strong>affectos</strong></span> <span class='ocrx_word' id='word_1_532' title='bbox 794 3996 1108 4051; x_wconf 85' lang='lat' dir='ltr'><strong>necessario</strong></span> <span class='ocrx_word' id='word_1_533' title='bbox 1140 3998 1454 4053; x_wconf 84' lang='lat' dir='ltr'><strong>comitetur.</strong></span> <span class='ocrx_word' id='word_1_534' title='bbox 1519 3996 1813 4068; x_wconf 85' lang='lat' dir='ltr'><strong>Postquam</strong></span> <span class='ocrx_word' id='word_1_535' title='bbox 1859 3999 2102 4054; x_wconf 83' lang='lat' dir='ltr'><strong>Israelici</strong></span> 
     </span>
    </p>
   </div>
   <div class='ocr_carea' id='block_1_71' title="bbox 531 4087 2106 4160">
    <p class='ocr_par' dir='ltr' id='par_1_71' title="bbox 531 4087 2106 4160">
     <span class='ocr_line' id='line_1_71' title="bbox 531 4087 2106 4160; baseline 0.001 -17"><span class='ocrx_word' id='word_1_536' title='bbox 531 4090 734 4144; x_wconf 78' lang='lat' dir='ltr'><strong>[lumen</strong></span> <span class='ocrx_word' id='word_1_537' title='bbox 770 4089 1139 4160; x_wconf 69' lang='lat' dir='ltr'><strong>traiecissent,</strong></span> <span class='ocrx_word' id='word_1_538' title='bbox 1184 4105 1309 4145; x_wconf 85' lang='lat' dir='ltr'><strong>mox</strong></span> <span class='ocrx_word' id='word_1_539' title='bbox 1351 4090 1557 4159; x_wconf 84' lang='lat' dir='ltr'><strong>absque</strong></span> <span class='ocrx_word' id='word_1_540' title='bbox 1585 4089 1756 4144; x_wconf 88' lang='lat' dir='ltr'><strong>armis</strong></span> <span class='ocrx_word' id='word_1_541' title='bbox 1781 4087 2106 4145; x_wconf 74' lang='lat' dir='ltr'><strong>Jcrichunte</strong></span> 
     </span>
    </p>
   </div>
   <div class='ocr_carea' id='block_1_72' title="bbox 531 4180 2107 4257">
    <p class='ocr_par' dir='ltr' id='par_1_72' title="bbox 531 4180 2107 4257">
     <span class='ocr_line' id='line_1_72' title="bbox 531 4180 2107 4257; baseline 0.001 -24"><span class='ocrx_word' id='word_1_542' title='bbox 531 4181 819 4251; x_wconf 86' lang='lat' dir='ltr'><strong>potiuntur</strong></span> <span class='ocrx_word' id='word_1_543' title='bbox 844 4197 859 4246; x_wconf 91' lang='lat'><strong>;</strong></span> <span class='ocrx_word' id='word_1_544' title='bbox 890 4197 1000 4252; x_wconf 91' lang='lat' dir='ltr'><strong>quo</strong></span> <span class='ocrx_word' id='word_1_545' title='bbox 1030 4181 1252 4237; x_wconf 86' lang='lat' dir='ltr'><strong>nomine</strong></span> <span class='ocrx_word' id='word_1_546' title='bbox 1283 4180 1487 4236; x_wconf 87' lang='lat' dir='ltr'><strong>factum</strong></span> <span class='ocrx_word' id='word_1_547' title='bbox 1518 4189 1718 4257; x_wconf 69' lang='lat' dir='ltr'><strong>nteant</strong></span> <span class='ocrx_word' id='word_1_548' title='bbox 1746 4195 1845 4249; x_wconf 91' lang='lat' dir='ltr'><strong>pro</strong></span> <span class='ocrx_word' id='word_1_549' title='bbox 1873 4180 2107 4235; x_wconf 81' lang='lat' dir='ltr'><strong>anathe-</strong></span> 
     </span>
    </p>
   </div>
   <div class='ocr_carea' id='block_1_73' title="bbox 533 4270 2108 4338">
    <p class='ocr_par' dir='ltr' id='par_1_73' title="bbox 533 4270 2108 4338">
     <span class='ocr_line' id='line_1_73' title="bbox 533 4270 2108 4338; baseline 0 -11"><span class='ocrx_word' id='word_1_550' title='bbox 533 4283 675 4327; x_wconf 88' lang='lat' dir='ltr'><strong>mate</strong></span> <span class='ocrx_word' id='word_1_551' title='bbox 704 4273 968 4329; x_wconf 90' lang='lat' dir='ltr'><strong>ducerent</strong></span> <span class='ocrx_word' id='word_1_552' title='bbox 997 4315 1011 4338; x_wconf 95' lang='lat'><strong>,</strong></span> <span class='ocrx_word' id='word_1_553' title='bbox 1054 4274 1157 4328; x_wconf 91' lang='lat' dir='ltr'><strong>hoc</strong></span> <span class='ocrx_word' id='word_1_554' title='bbox 1195 4283 1279 4329; x_wconf 88' lang='lat' dir='ltr'><strong>est</strong></span> <span class='ocrx_word' id='word_1_555' title='bbox 1311 4273 1422 4328; x_wconf 90' lang='lat' dir='ltr'><strong>Dco</strong></span> <span class='ocrx_word' id='word_1_556' title='bbox 1454 4280 1865 4329; x_wconf 89' lang='lat' dir='ltr'><strong>consecrarent.</strong></span> <span class='ocrx_word' id='word_1_557' title='bbox 1898 4270 2108 4327; x_wconf 89' lang='lat' dir='ltr'><strong>Secun-</strong></span> 
     </span>
    </p>
   </div>
   <div class='ocr_carea' id='block_1_74' title="bbox 530 4356 2107 4433">
    <p class='ocr_par' dir='ltr' id='par_1_74' title="bbox 530 4356 2107 4433">
     <span class='ocr_line' id='line_1_74' title="bbox 530 4356 2107 4433; baseline 0.001 -14"><span class='ocrx_word' id='word_1_558' title='bbox 530 4366 659 4420; x_wconf 90' lang='lat' dir='ltr'><strong>dum</strong></span> <span class='ocrx_word' id='word_1_559' title='bbox 693 4364 809 4421; x_wconf 68' lang='lat' dir='ltr'><strong>haec</strong></span> <span class='ocrx_word' id='word_1_560' title='bbox 835 4365 1018 4421; x_wconf 80' lang='lat' dir='ltr'><strong>Achar</strong></span> <span class='ocrx_word' id='word_1_561' title='bbox 1047 4366 1136 4420; x_wconf 89' lang='lat' dir='ltr'><strong>ille</strong></span> <span class='ocrx_word' id='word_1_562' title='bbox 1168 4366 1421 4421; x_wconf 79' lang='lat' dir='ltr'><strong>Chartnte</strong></span> <span class='ocrx_word' id='word_1_563' title='bbox 1458 4366 1605 4419; x_wconf 84' lang='lat' dir='ltr'><strong>filius</strong></span> <span class='ocrx_word' id='word_1_564' title='bbox 1636 4379 1701 4417; x_wconf 80' lang='lat' dir='ltr'><strong>ex</strong></span> <span class='ocrx_word' id='word_1_565' title='bbox 1738 4362 1810 4418; x_wconf 88' lang='lat' dir='ltr'><strong>iis</strong></span> <span class='ocrx_word' id='word_1_566' title='bbox 1839 4356 2107 4433; x_wconf 69' lang='lat' dir='ltr'><strong>quteDeo</strong></span> 
     </span>
    </p>
   </div>
   <div class='ocr_carea' id='block_1_75' title="bbox 530 4454 2106 4527">
    <p class='ocr_par' dir='ltr' id='par_1_75' title="bbox 530 4454 2106 4527">
     <span class='ocr_line' id='line_1_75' title="bbox 530 4454 2106 4527; baseline -0.002 -14"><span class='ocrx_word' id='word_1_567' title='bbox 530 4467 848 4513; x_wconf 85' lang='lat' dir='ltr'><strong>consecrata</strong></span> <span class='ocrx_word' id='word_1_568' title='bbox 880 4468 1074 4522; x_wconf 87' lang='lat' dir='ltr'><strong>erant,</strong></span> <span class='ocrx_word' id='word_1_569' title='bbox 1118 4469 1269 4513; x_wconf 88' lang='lat' dir='ltr'><strong>veste</strong></span> <span class='ocrx_word' id='word_1_570' title='bbox 1320 4457 1552 4527; x_wconf 88' lang='lat' dir='ltr'><strong>quadam</strong></span> <span class='ocrx_word' id='word_1_571' title='bbox 1606 4471 1730 4509; x_wconf 89' lang='lat' dir='ltr'><strong>cum</strong></span> <span class='ocrx_word' id='word_1_572' title='bbox 1778 4454 1896 4509; x_wconf 87' lang='lat' dir='ltr'><strong>auri</strong></span> <span class='ocrx_word' id='word_1_573' title='bbox 1928 4469 2106 4510; x_wconf 79' lang='lat' dir='ltr'><strong>massa</strong></span> 
     </span>
    </p>
   </div>
   <div class='ocr_carea' id='block_1_76' title="bbox 2219 3342 3770 3420">
    <p class='ocr_par' dir='ltr' id='par_1_76' title="bbox 2219 3342 3770 3420">
     <span class='ocr_line' id='line_1_76' title="bbox 2219 3342 3770 3420; baseline 0.003 -17"><span class='ocrx_word' id='word_1_574' title='bbox 2219 3348 2460 3420; x_wconf 83' lang='grc' dir='ltr'>Ἰσραήλ.</span> <span class='ocrx_word' id='word_1_575' title='bbox 2515 3351 2627 3407; x_wconf 79' lang='grc' dir='ltr'><strong>Καὶ</strong></span> <span class='ocrx_word' id='word_1_576' title='bbox 2680 3352 2924 3409; x_wconf 84' lang='grc' dir='ltr'>τοιοῦτόν</span> <span class='ocrx_word' id='word_1_577' title='bbox 2954 3372 3007 3407; x_wconf 88' lang='grc' dir='ltr'><strong>τι</strong></span> <span class='ocrx_word' id='word_1_578' title='bbox 3043 3355 3409 3420; x_wconf 69' lang='grc' dir='ltr'>ξπεπόνθασιν</span> <span class='ocrx_word' id='word_1_579' title='bbox 3444 3342 3623 3410; x_wconf 77' lang='grc' dir='ltr'>ὁποῖον</span> <span class='ocrx_word' id='word_1_580' title='bbox 3674 3350 3770 3407; x_wconf 81' lang='grc' dir='ltr'><strong>άπδ</strong></span> 
     </span>
    </p>
   </div>
   <div class='ocr_carea' id='block_1_77' title="bbox 2206 3442 3772 3519">
    <p class='ocr_par' dir='ltr' id='par_1_77' title="bbox 2206 3442 3772 3519">
     <span class='ocr_line' id='line_1_77' title="bbox 2206 3442 3772 3519; baseline -0.001 -22"><span class='ocrx_word' id='word_1_581' title='bbox 2206 3444 2384 3513; x_wconf 75' lang='grc' dir='ltr'>χαρᾶς</span> <span class='ocrx_word' id='word_1_582' title='bbox 2411 3444 2439 3496; x_wconf 92' lang='lat'><strong>6</strong></span> <span class='ocrx_word' id='word_1_583' title='bbox 2481 3442 2704 3512; x_wconf 82' lang='grc' dir='ltr'>Ἰακὼϐ,</span> <span class='ocrx_word' id='word_1_584' title='bbox 2736 3446 2903 3517; x_wconf 62' lang='grc' dir='ltr'><strong>⁴ἡνίκα</strong></span> <span class='ocrx_word' id='word_1_585' title='bbox 2960 3448 3242 3503; x_wconf 84' lang='grc' dir='ltr'>κατελθὼν</span> <span class='ocrx_word' id='word_1_586' title='bbox 3269 3452 3366 3513; x_wconf 81' lang='grc' dir='ltr'><strong>εις</strong></span> <span class='ocrx_word' id='word_1_587' title='bbox 3397 3451 3661 3519; x_wconf 75' lang='grc' dir='ltr'>Αἴγυπτον</span> <span class='ocrx_word' id='word_1_588' title='bbox 3691 3443 3772 3498; x_wconf 81' lang='grc' dir='ltr'>τὸν</span> 
     </span>
    </p>
   </div>
   <div class='ocr_carea' id='block_1_78' title="bbox 2158 3534 3770 3614">
    <p class='ocr_par' dir='ltr' id='par_1_78' title="bbox 2158 3534 3770 3614">
     <span class='ocr_line' id='line_1_78' title="bbox 2158 3534 3770 3614; baseline 0.007 -28"><span class='ocrx_word' id='word_1_589' title='bbox 2158 3587 2168 3599; x_wconf 42' lang='grc'><strong>,</strong></span> <span class='ocrx_word' id='word_1_590' title='bbox 2219 3534 2416 3605; x_wconf 76' lang='grc' dir='ltr'>Ἰωσὴφ</span> <span class='ocrx_word' id='word_1_591' title='bbox 2439 3535 2704 3591; x_wconf 77' lang='grc' dir='ltr'>ἐθεάσατο</span> <span class='ocrx_word' id='word_1_592' title='bbox 2723 3554 2738 3571; x_wconf 74' lang='grc' dir='ltr'>ο</span> <span class='ocrx_word' id='word_1_593' title='bbox 2764 3534 2879 3592; x_wconf 65' lang='grc' dir='ltr'>’άπὸ</span> <span class='ocrx_word' id='word_1_594' title='bbox 2911 3540 3012 3609; x_wconf 82' lang='grc' dir='ltr'>μὲν</span> <span class='ocrx_word' id='word_1_595' title='bbox 3043 3543 3153 3611; x_wconf 86' lang='grc' dir='ltr'><strong>γὰρ</strong></span> <span class='ocrx_word' id='word_1_596' title='bbox 3187 3542 3302 3610; x_wconf 82' lang='grc' dir='ltr'><strong>τῆς</strong></span> <span class='ocrx_word' id='word_1_597' title='bbox 3323 3543 3498 3614; x_wconf 79' lang='grc' dir='ltr'>χαρᾶς</span> <span class='ocrx_word' id='word_1_598' title='bbox 3522 3540 3770 3603; x_wconf 73' lang='grc' dir='ltr'>διάχυσις.</span> 
     </span>
    </p>
   </div>
   <div class='ocr_carea' id='block_1_79' title="bbox 2206 3623 3775 3701">
    <p class='ocr_par' dir='ltr' id='par_1_79' title="bbox 2206 3623 3775 3701">
     <span class='ocr_line' id='line_1_79' title="bbox 2206 3623 3775 3701; baseline 0.015 -24"><span class='ocrx_word' id='word_1_599' title='bbox 2206 3623 2315 3677; x_wconf 78' lang='grc' dir='ltr'><strong>άπὸ</strong></span> <span class='ocrx_word' id='word_1_600' title='bbox 2354 3623 2411 3677; x_wconf 79' lang='grc' dir='ltr'>δὲ</span> <span class='ocrx_word' id='word_1_601' title='bbox 2450 3626 2544 3679; x_wconf 90' lang='grc' dir='ltr'><strong>τοῦ</strong></span> <span class='ocrx_word' id='word_1_602' title='bbox 2576 3627 2745 3696; x_wconf 83' lang='grc' dir='ltr'>φόϐου</span> <span class='ocrx_word' id='word_1_603' title='bbox 2774 3630 3057 3694; x_wconf 84' lang='grc' dir='ltr'>σύννευσις</span> <span class='ocrx_word' id='word_1_604' title='bbox 3097 3632 3198 3699; x_wconf 83' lang='grc' dir='ltr'>τῆς</span> <span class='ocrx_word' id='word_1_605' title='bbox 3234 3630 3617 3701; x_wconf 75' lang='grc' dir='ltr'>ζωογονούσης</span> <span class='ocrx_word' id='word_1_606' title='bbox 3639 3627 3775 3699; x_wconf 65' lang='grc' dir='ltr'><strong>ἡμᾶς</strong></span> 
     </span>
    </p>
   </div>
   <div class='ocr_carea' id='block_1_80' title="bbox 2205 3713 3771 3792">
    <p class='ocr_par' dir='ltr' id='par_1_80' title="bbox 2205 3713 3771 3792">
     <span class='ocr_line' id='line_1_80' title="bbox 2205 3713 3771 3792; baseline 0.001 -25"><span class='ocrx_word' id='word_1_607' title='bbox 2205 3713 2494 3784; x_wconf 87' lang='grc' dir='ltr'>δυνάμεως</span> <span class='ocrx_word' id='word_1_608' title='bbox 2524 3718 2756 3785; x_wconf 86' lang='grc' dir='ltr'>γίνεται,</span> <span class='ocrx_word' id='word_1_609' title='bbox 2789 3721 2884 3773; x_wconf 79' lang='grc' dir='ltr'>καὶ</span> <span class='ocrx_word' id='word_1_610' title='bbox 2907 3721 3076 3784; x_wconf 72' lang='grc' dir='ltr'>οὓτως</span> <span class='ocrx_word' id='word_1_611' title='bbox 3113 3722 3147 3792; x_wconf 79' lang='grc' dir='ltr'>ἢ</span> <span class='ocrx_word' id='word_1_612' title='bbox 3188 3721 3424 3785; x_wconf 75' lang='grc' dir='ltr'>ἐκείνως</span> <span class='ocrx_word' id='word_1_613' title='bbox 3437 3722 3601 3775; x_wconf 59' lang='grc' dir='ltr'>Ἔστιν</span> <span class='ocrx_word' id='word_1_614' title='bbox 3631 3718 3713 3771; x_wconf 82' lang='grc' dir='ltr'>ὅτε</span> <span class='ocrx_word' id='word_1_615' title='bbox 3744 3714 3771 3766; x_wconf 81' lang='grc' dir='ltr'><strong>ὁ</strong></span> 
     </span>
    </p>
   </div>
   <div class='ocr_carea' id='block_1_81' title="bbox 2207 3805 3771 3881">
    <p class='ocr_par' dir='ltr' id='par_1_81' title="bbox 2207 3805 3771 3881">
     <span class='ocr_line' id='line_1_81' title="bbox 2207 3805 3771 3881; baseline -0.001 -22"><span class='ocrx_word' id='word_1_616' title='bbox 2207 3805 2438 3871; x_wconf 80' lang='grc' dir='ltr'>θάνατος</span> <span class='ocrx_word' id='word_1_617' title='bbox 2495 3807 2555 3875; x_wconf 78' lang='grc' dir='ltr'><strong>ἐξ</strong></span> <span class='ocrx_word' id='word_1_618' title='bbox 2589 3810 2840 3881; x_wconf 82' lang='grc' dir='ltr'>ἀνάγκης</span> <span class='ocrx_word' id='word_1_619' title='bbox 2892 3811 3109 3865; x_wconf 74' lang='grc' dir='ltr'>ἕπεται.</span> <span class='ocrx_word' id='word_1_620' title='bbox 3149 3814 3312 3867; x_wconf 82' lang='grc' dir='ltr'>Μετὰ</span> <span class='ocrx_word' id='word_1_621' title='bbox 3360 3814 3420 3868; x_wconf 77' lang='grc' dir='ltr'>δὲ</span> <span class='ocrx_word' id='word_1_622' title='bbox 3455 3812 3516 3864; x_wconf 86' lang='grc' dir='ltr'><strong>τδ</strong></span> <span class='ocrx_word' id='word_1_623' title='bbox 3551 3808 3771 3877; x_wconf 81' lang='grc' dir='ltr'>περᾶσαι</span> 
     </span>
    </p>
   </div>
   <div class='ocr_carea' id='block_1_82' title="bbox 2204 3898 3765 3977">
    <p class='ocr_par' dir='ltr' id='par_1_82' title="bbox 2204 3898 3765 3977">
     <span class='ocr_line' id='line_1_82' title="bbox 2204 3898 3765 3977; baseline 0 -26"><span class='ocrx_word' id='word_1_624' title='bbox 2204 3898 2514 3969; x_wconf 82' lang='grc' dir='ltr'>τηνικαῦτα</span> <span class='ocrx_word' id='word_1_625' title='bbox 2547 3901 2720 3971; x_wconf 69' lang='grc' dir='ltr'>χωρὶς</span> <span class='ocrx_word' id='word_1_626' title='bbox 2745 3902 2928 3957; x_wconf 83' lang='grc' dir='ltr'>ὅπλων</span> <span class='ocrx_word' id='word_1_627' title='bbox 2956 3902 3056 3975; x_wconf 77' lang='grc' dir='ltr'>τὴν</span> <span class='ocrx_word' id='word_1_628' title='bbox 3087 3904 3311 3977; x_wconf 85' lang='grc' dir='ltr'>Ἰεριχὼ</span> <span class='ocrx_word' id='word_1_629' title='bbox 3353 3905 3765 3977; x_wconf 80' lang='grc' dir='ltr'>κεκρατήκασιν·</span> 
     </span>
    </p>
   </div>
   <div class='ocr_carea' id='block_1_83' title="bbox 2207 3985 3780 4067">
    <p class='ocr_par' dir='ltr' id='par_1_83' title="bbox 2207 3985 3780 4067">
     <span class='ocr_line' id='line_1_83' title="bbox 2207 3985 3780 4067; baseline 0.003 -24"><span class='ocrx_word' id='word_1_630' title='bbox 2207 3992 2293 4060; x_wconf 77' lang='grc' dir='ltr'><strong>ἐφ’</strong></span> <span class='ocrx_word' id='word_1_631' title='bbox 2322 3985 2367 4059; x_wconf 80' lang='grc' dir='ltr'>ᾧ</span> <span class='ocrx_word' id='word_1_632' title='bbox 2424 3992 2524 4046; x_wconf 72' lang='grc' dir='ltr'><strong>καὶ</strong></span> <span class='ocrx_word' id='word_1_633' title='bbox 2575 3992 2992 4064; x_wconf 84' lang='grc' dir='ltr'>άναθεμάτισαν</span> <span class='ocrx_word' id='word_1_634' title='bbox 3043 3996 3238 4067; x_wconf 83' lang='grc' dir='ltr'>αὐτὴν,</span> <span class='ocrx_word' id='word_1_635' title='bbox 3290 3996 3541 4051; x_wconf 80' lang='grc' dir='ltr'>τουτέστι</span> <span class='ocrx_word' id='word_1_636' title='bbox 3571 3996 3645 4059; x_wconf 82' lang='grc' dir='ltr'>τῷ</span> <span class='ocrx_word' id='word_1_637' title='bbox 3664 3989 3780 4059; x_wconf 79' lang='grc' dir='ltr'>Θεῷ.</span> 
     </span>
    </p>
   </div>
   <div class='ocr_carea' id='block_1_84' title="bbox 2207 4083 3771 4162">
    <p class='ocr_par' dir='ltr' id='par_1_84' title="bbox 2207 4083 3771 4162">
     <span class='ocr_line' id='line_1_84' title="bbox 2207 4083 3771 4162; baseline -0.003 -24"><span class='ocrx_word' id='word_1_638' title='bbox 2207 4083 2547 4155; x_wconf 84' lang='grc' dir='ltr'>ἁφιέρωσαν.</span> <span class='ocrx_word' id='word_1_639' title='bbox 2599 4086 2782 4158; x_wconf 79' lang='grc' dir='ltr'>Ἀχαρ</span> <span class='ocrx_word' id='word_1_640' title='bbox 2846 4088 3036 4143; x_wconf 78' lang='grc' dir='ltr'>λοιπὸν</span> <span class='ocrx_word' id='word_1_641' title='bbox 3097 4091 3126 4142; x_wconf 90' lang='lat'><strong>6</strong></span> <span class='ocrx_word' id='word_1_642' title='bbox 3173 4089 3272 4144; x_wconf 84' lang='grc' dir='ltr'><strong>τοῦ</strong></span> <span class='ocrx_word' id='word_1_643' title='bbox 3302 4090 3512 4162; x_wconf 84' lang='grc' dir='ltr'>Χαρμῆ</span> <span class='ocrx_word' id='word_1_644' title='bbox 3550 4086 3654 4141; x_wconf 82' lang='grc' dir='ltr'><strong>ἀπὸ</strong></span> <span class='ocrx_word' id='word_1_645' title='bbox 3676 4084 3771 4136; x_wconf 87' lang='grc' dir='ltr'>τῶν</span> 
     </span>
    </p>
   </div>
   <div class='ocr_carea' id='block_1_85' title="bbox 2207 4175 3774 4254">
    <p class='ocr_par' dir='ltr' id='par_1_85' title="bbox 2207 4175 3774 4254">
     <span class='ocr_line' id='line_1_85' title="bbox 2207 4175 3774 4254; baseline 0.007 -24"><span class='ocrx_word' id='word_1_646' title='bbox 2207 4176 2751 4247; x_wconf 84' lang='grc' dir='ltr'>άναθεματιοθέντων</span> <span class='ocrx_word' id='word_1_647' title='bbox 2776 4178 2857 4251; x_wconf 81' lang='grc' dir='ltr'>τῷ</span> <span class='ocrx_word' id='word_1_648' title='bbox 2888 4181 3081 4253; x_wconf 85' lang='grc' dir='ltr'>Κυρίῳ</span> <span class='ocrx_word' id='word_1_649' title='bbox 3117 4181 3316 4254; x_wconf 72' lang='grc' dir='ltr'>στολήν</span> <span class='ocrx_word' id='word_1_650' title='bbox 3336 4200 3464 4238; x_wconf 87' lang='grc' dir='ltr'>τινα</span> <span class='ocrx_word' id='word_1_651' title='bbox 3487 4181 3581 4235; x_wconf 72' lang='grc' dir='ltr'>καὶ</span> <span class='ocrx_word' id='word_1_652' title='bbox 3611 4175 3774 4249; x_wconf 75' lang='grc' dir='ltr'>μᾶζαν</span> 
     </span>
    </p>
   </div>
   <div class='ocr_carea' id='block_1_86' title="bbox 2207 4255 3770 4346">
    <p class='ocr_par' dir='ltr' id='par_1_86' title="bbox 2207 4255 3770 4346">
     <span class='ocr_line' id='line_1_86' title="bbox 2207 4255 3770 4346; baseline 0.013 -27"><span class='ocrx_word' id='word_1_653' title='bbox 2207 4269 2419 4339; x_wconf 81' lang='grc' dir='ltr'>χρυσῆν</span> <span class='ocrx_word' id='word_1_654' title='bbox 2468 4272 2825 4342; x_wconf 84' lang='grc' dir='ltr'>άποσυλήσας</span> <span class='ocrx_word' id='word_1_655' title='bbox 2877 4273 2970 4326; x_wconf 78' lang='grc' dir='ltr'>τὸν</span> <span class='ocrx_word' id='word_1_656' title='bbox 3014 4273 3150 4327; x_wconf 86' lang='grc' dir='ltr'>Θεὸν</span> <span class='ocrx_word' id='word_1_657' title='bbox 3202 4274 3290 4339; x_wconf 83' lang='grc' dir='ltr'><strong>είς</strong></span> <span class='ocrx_word' id='word_1_658' title='bbox 3329 4274 3505 4346; x_wconf 78' lang='grc' dir='ltr'>ὀργὴν</span> <span class='ocrx_word' id='word_1_659' title='bbox 3534 4255 3770 4343; x_wconf 64' lang='grc' dir='ltr'>”ῆγειρε’</span> 
     </span>
    </p>
   </div>
   <div class='ocr_carea' id='block_1_87' title="bbox 2206 4359 3776 4436">
    <p class='ocr_par' dir='ltr' id='par_1_87' title="bbox 2206 4359 3776 4436">
     <span class='ocr_line' id='line_1_87' title="bbox 2206 4359 3776 4436; baseline 0.004 -22"><span class='ocrx_word' id='word_1_660' title='bbox 2206 4361 2420 4431; x_wconf 81' lang='grc' dir='ltr'>δεηθεὶς</span> <span class='ocrx_word' id='word_1_661' title='bbox 2441 4363 2533 4417; x_wconf 84' lang='grc' dir='ltr'><strong>οῦν</strong></span> <span class='ocrx_word' id='word_1_662' title='bbox 2557 4365 2585 4417; x_wconf 90' lang='lat'><strong>6</strong></span> <span class='ocrx_word' id='word_1_663' title='bbox 2622 4364 2835 4434; x_wconf 78' lang='grc' dir='ltr'>Ἰησοῦς</span> <span class='ocrx_word' id='word_1_664' title='bbox 2867 4365 2962 4419; x_wconf 87' lang='grc' dir='ltr'><strong>τοῦ</strong></span> <span class='ocrx_word' id='word_1_665' title='bbox 2996 4366 3159 4431; x_wconf 74' lang='grc' dir='ltr'>Θεοῦ,</span> <span class='ocrx_word' id='word_1_666' title='bbox 3191 4369 3289 4421; x_wconf 77' lang='grc' dir='ltr'>καὶ</span> <span class='ocrx_word' id='word_1_667' title='bbox 3320 4367 3519 4436; x_wconf 86' lang='grc' dir='ltr'>μαθὼν</span> <span class='ocrx_word' id='word_1_668' title='bbox 3553 4364 3647 4419; x_wconf 75' lang='grc' dir='ltr'>τὸν</span> <span class='ocrx_word' id='word_1_669' title='bbox 3687 4359 3776 4426; x_wconf 82' lang='grc' dir='ltr'><strong>τῆς</strong></span> 
     </span>
    </p>
   </div>
   <div class='ocr_carea' id='block_1_88' title="bbox 2207 4451 3778 4528">
    <p class='ocr_par' dir='ltr' id='par_1_88' title="bbox 2207 4451 3778 4528">
     <span class='ocr_line' id='line_1_88' title="bbox 2207 4451 3778 4528; baseline -0.013 -7"><span class='ocrx_word' id='word_1_670' title='bbox 2207 4455 2379 4526; x_wconf 79' lang='grc' dir='ltr'>ὀργῆς</span> <span class='ocrx_word' id='word_1_671' title='bbox 2403 4454 2601 4521; x_wconf 79' lang='grc' dir='ltr'>αἴτιον,</span> <span class='ocrx_word' id='word_1_672' title='bbox 2648 4457 2820 4517; x_wconf 82' lang='grc' dir='ltr'>λίθοις</span> <span class='ocrx_word' id='word_1_673' title='bbox 2845 4457 3010 4512; x_wconf 83' lang='grc' dir='ltr'>αὐτὸν</span> <span class='ocrx_word' id='word_1_674' title='bbox 3046 4459 3276 4512; x_wconf 81' lang='grc' dir='ltr'>πανοικὶ</span> <span class='ocrx_word' id='word_1_675' title='bbox 3316 4459 3663 4528; x_wconf 82' lang='grc' dir='ltr'>κατέχωσαν.</span> <span class='ocrx_word' id='word_1_676' title='bbox 3696 4451 3778 4503; x_wconf 90' lang='grc' dir='ltr'>Ἐν</span> 
     </span>
    </p>
   </div>
   <div class='ocr_carea' id='block_1_89' title="bbox 530 4541 2101 4628">
    <p class='ocr_par' dir='ltr' id='par_1_89' title="bbox 530 4547 2096 4620">
     <span class='ocr_line' id='line_1_89' title="bbox 530 4547 2096 4620; baseline -0.002 -15"><span class='ocrx_word' id='word_1_677' title='bbox 530 4552 840 4609; x_wconf 82' lang='lat' dir='ltr'><strong>clanculum</strong></span> <span class='ocrx_word' id='word_1_678' title='bbox 885 4558 1158 4620; x_wconf 88' lang='lat' dir='ltr'><strong>surrepta,</strong></span> <span class='ocrx_word' id='word_1_679' title='bbox 1214 4550 1385 4604; x_wconf 89' lang='lat' dir='ltr'><strong>Deum</strong></span> <span class='ocrx_word' id='word_1_680' title='bbox 1436 4548 1503 4603; x_wconf 90' lang='lat' dir='ltr'><strong>ad</strong></span> <span class='ocrx_word' id='word_1_681' title='bbox 1560 4548 1696 4603; x_wconf 87' lang='lat' dir='ltr'><strong>iram</strong></span> <span class='ocrx_word' id='word_1_682' title='bbox 1752 4547 2096 4618; x_wconf 78' lang='lat' dir='ltr'><strong>provocavit.</strong></span> 
     </span>
    </p>
   </div>
   <div class='ocr_carea' id='block_1_90' title="bbox 2205 4541 3777 4628">
    <p class='ocr_par' dir='ltr' id='par_1_90' title="bbox 2206 4541 3777 4628">
     <span class='ocr_line' id='line_1_90' title="bbox 2206 4541 3777 4628; baseline -0.004 -28"><span class='ocrx_word' id='word_1_683' title='bbox 2206 4549 2381 4618; x_wconf 76' lang='grc' dir='ltr'>τούτῳ</span> <span class='ocrx_word' id='word_1_684' title='bbox 2409 4549 2465 4601; x_wconf 86' lang='grc' dir='ltr'>δὲ</span> <span class='ocrx_word' id='word_1_685' title='bbox 2497 4549 2575 4619; x_wconf 83' lang='grc' dir='ltr'>τῷ</span> <span class='ocrx_word' id='word_1_686' title='bbox 2597 4549 2735 4603; x_wconf 82' lang='grc' dir='ltr'>κατά</span> <span class='ocrx_word' id='word_1_687' title='bbox 2760 4550 2861 4618; x_wconf 84' lang='grc' dir='ltr'><strong>τῆς</strong></span> <span class='ocrx_word' id='word_1_688' title='bbox 2884 4547 3116 4628; x_wconf 30' lang='grc' dir='ltr'>,Ἱεριχὼ</span> <span class='ocrx_word' id='word_1_689' title='bbox 3151 4549 3385 4621; x_wconf 82' lang='grc' dir='ltr'>πολέμῳ</span> <span class='ocrx_word' id='word_1_690' title='bbox 3422 4549 3601 4619; x_wconf 70' lang='grc' dir='ltr'>ἀρχὴν</span> <span class='ocrx_word' id='word_1_691' title='bbox 3632 4541 3777 4598; x_wconf 79' lang='grc' dir='ltr'>ἔλαϐε</span> 
     </span>
    </p>
   </div>
   <div class='ocr_carea' id='block_1_91' title="bbox 529 4634 2102 4714">
    <p class='ocr_par' dir='ltr' id='par_1_91' title="bbox 529 4634 2102 4714">
     <span class='ocr_line' id='line_1_91' title="bbox 529 4634 2102 4714; baseline -0.001 -19"><span class='ocrx_word' id='word_1_692' title='bbox 529 4634 873 4714; x_wconf 84' lang='lat' dir='ltr'><strong>Quapropter</strong></span> <span class='ocrx_word' id='word_1_693' title='bbox 926 4642 1086 4697; x_wconf 73' lang='lat' dir='ltr'><strong>Iesus</strong></span> <span class='ocrx_word' id='word_1_694' title='bbox 1138 4641 1305 4695; x_wconf 88' lang='lat' dir='ltr'><strong>Deum</strong></span> <span class='ocrx_word' id='word_1_695' title='bbox 1351 4648 1627 4709; x_wconf 86' lang='lat' dir='ltr'><strong>precatus,</strong></span> <span class='ocrx_word' id='word_1_696' title='bbox 1676 4639 1882 4709; x_wconf 69' lang='lat' dir='ltr'><strong>ineque</strong></span> <span class='ocrx_word' id='word_1_697' title='bbox 1931 4653 2102 4695; x_wconf 84' lang='lat' dir='ltr'><strong>causa</strong></span> 
     </span>
    </p>
   </div>
   <div class='ocr_carea' id='block_1_92' title="bbox 452 4726 2103 4803">
    <p class='ocr_par' dir='ltr' id='par_1_92' title="bbox 452 4726 2103 4803">
     <span class='ocr_line' id='line_1_92' title="bbox 452 4726 2103 4803; baseline -0.002 -14"><span class='ocrx_word' id='word_1_698' title='bbox 452 4772 460 4780; x_wconf 89' lang='grc'><strong>-</strong></span> <span class='ocrx_word' id='word_1_699' title='bbox 528 4736 770 4803; x_wconf 78' lang='lat' dir='ltr'><strong>Cognita,</strong></span> <span class='ocrx_word' id='word_1_700' title='bbox 821 4726 1093 4803; x_wconf 82' lang='lat' dir='ltr'><strong>lapidibus</strong></span> <span class='ocrx_word' id='word_1_701' title='bbox 1135 4731 1414 4787; x_wconf 86' lang='lat' dir='ltr'><strong>hominem</strong></span> <span class='ocrx_word' id='word_1_702' title='bbox 1468 4734 1724 4785; x_wconf 88' lang='lat' dir='ltr'><strong>universa</strong></span> <span class='ocrx_word' id='word_1_703' title='bbox 1776 4746 1900 4787; x_wconf 89' lang='lat' dir='ltr'><strong>cum</strong></span> <span class='ocrx_word' id='word_1_704' title='bbox 1940 4732 2103 4787; x_wconf 89' lang='lat' dir='ltr'><strong>domo</strong></span> 
     </span>
    </p>
   </div>
   <div class='ocr_carea' id='block_1_93' title="bbox 529 4821 2106 4892">
    <p class='ocr_par' dir='ltr' id='par_1_93' title="bbox 529 4821 2106 4892">
     <span class='ocr_line' id='line_1_93' title="bbox 529 4821 2106 4892; baseline -0.002 -14"><span class='ocrx_word' id='word_1_705' title='bbox 529 4823 738 4881; x_wconf 82' lang='lat' dir='ltr'><strong>obruit.</strong></span> <span class='ocrx_word' id='word_1_706' title='bbox 803 4822 860 4876; x_wconf 93' lang='lat' dir='ltr'><strong>ln</strong></span> <span class='ocrx_word' id='word_1_707' title='bbox 906 4824 1010 4878; x_wconf 83' lang='lat' dir='ltr'><strong>hac</strong></span> <span class='ocrx_word' id='word_1_708' title='bbox 1036 4822 1376 4877; x_wconf 77' lang='lat' dir='ltr'><strong>Jeriehuntis</strong></span> <span class='ocrx_word' id='word_1_709' title='bbox 1400 4821 1683 4876; x_wconf 90' lang='lat' dir='ltr'><strong>obsidione</strong></span> <span class='ocrx_word' id='word_1_710' title='bbox 1712 4822 1952 4892; x_wconf 89' lang='lat' dir='ltr'><strong>primum</strong></span> <span class='ocrx_word' id='word_1_711' title='bbox 1989 4837 2106 4877; x_wconf 92' lang='lat' dir='ltr'><strong>om—</strong></span> 
     </span>
    </p>
   </div>
   <div class='ocr_carea' id='block_1_94' title="bbox 530 4912 2101 4984">
    <p class='ocr_par' dir='ltr' id='par_1_94' title="bbox 530 4912 2101 4984">
     <span class='ocr_line' id='line_1_94' title="bbox 530 4912 2101 4984; baseline -0.001 -15"><span class='ocrx_word' id='word_1_712' title='bbox 530 4916 685 4970; x_wconf 86' lang='lat' dir='ltr'><strong>nium</strong></span> <span class='ocrx_word' id='word_1_713' title='bbox 715 4914 907 4969; x_wconf 87' lang='lat' dir='ltr'><strong>violari</strong></span> <span class='ocrx_word' id='word_1_714' title='bbox 954 4913 1253 4968; x_wconf 87' lang='lat' dir='ltr'><strong>Sabbatum</strong></span> <span class='ocrx_word' id='word_1_715' title='bbox 1287 4912 1493 4983; x_wconf 85' lang='lat' dir='ltr'><strong>coepit;</strong></span> <span class='ocrx_word' id='word_1_716' title='bbox 1543 4912 1662 4968; x_wconf 89' lang='lat' dir='ltr'><strong>dies</strong></span> <span class='ocrx_word' id='word_1_717' title='bbox 1700 4913 1845 4967; x_wconf 88' lang='lat' dir='ltr'><strong>enim</strong></span> <span class='ocrx_word' id='word_1_718' title='bbox 1891 4922 2101 4984; x_wconf 87' lang='lat' dir='ltr'><strong>septem</strong></span> 
     </span>
    </p>
   </div>
   <div class='ocr_carea' id='block_1_95' title="bbox 529 5003 2098 5076">
    <p class='ocr_par' dir='ltr' id='par_1_95' title="bbox 529 5003 2098 5076">
     <span class='ocr_line' id='line_1_95' title="bbox 529 5003 2098 5076; baseline 0.001 -17"><span class='ocrx_word' id='word_1_719' title='bbox 529 5006 789 5076; x_wconf 82' lang='lat' dir='ltr'><strong>oppidum</strong></span> <span class='ocrx_word' id='word_1_720' title='bbox 818 5020 942 5059; x_wconf 90' lang='lat' dir='ltr'><strong>cum</strong></span> <span class='ocrx_word' id='word_1_721' title='bbox 983 5003 1127 5061; x_wconf 88' lang='lat' dir='ltr'><strong>tubis</strong></span> <span class='ocrx_word' id='word_1_722' title='bbox 1157 5005 1450 5059; x_wconf 79' lang='lat' dir='ltr'><strong>cinxerunt</strong></span> <span class='ocrx_word' id='word_1_723' title='bbox 1479 5014 1644 5075; x_wconf 89' lang='lat' dir='ltr'><strong>atque</strong></span> <span class='ocrx_word' id='word_1_724' title='bbox 1671 5005 2098 5072; x_wconf 88' lang='lat' dir='ltr'><strong>circumierunt,</strong></span> 
     </span>
    </p>
   </div>
   <div class='ocr_carea' id='block_1_96' title="bbox 529 5096 2099 5172">
    <p class='ocr_par' dir='ltr' id='par_1_96' title="bbox 529 5096 2099 5172">
     <span class='ocr_line' id='line_1_96' title="bbox 529 5096 2099 5172; baseline 0 -20"><span class='ocrx_word' id='word_1_725' title='bbox 529 5113 638 5167; x_wconf 88' lang='lat' dir='ltr'><strong>quo</strong></span> <span class='ocrx_word' id='word_1_726' title='bbox 669 5098 876 5152; x_wconf 89' lang='lat' dir='ltr'><strong>dierum</strong></span> <span class='ocrx_word' id='word_1_727' title='bbox 924 5112 1152 5150; x_wconf 88' lang='lat' dir='ltr'><strong>numero</strong></span> <span class='ocrx_word' id='word_1_728' title='bbox 1187 5096 1483 5172; x_wconf 75' lang='lat' dir='ltr'><strong>Sabbatum</strong></span> <span class='ocrx_word' id='word_1_729' title='bbox 1520 5113 1739 5168; x_wconf 87' lang='lat' dir='ltr'><strong>quoque</strong></span> <span class='ocrx_word' id='word_1_730' title='bbox 1785 5099 2099 5153; x_wconf 85' lang='lat' dir='ltr'><strong>necessario</strong></span> 
     </span>
    </p>
   </div>
   <div class='ocr_carea' id='block_1_97' title="bbox 529 5186 2100 5262">
    <p class='ocr_par' dir='ltr' id='par_1_97' title="bbox 529 5186 2100 5262">
     <span class='ocr_line' id='line_1_97' title="bbox 529 5186 2100 5262; baseline 0.003 -21"><span class='ocrx_word' id='word_1_731' title='bbox 529 5186 1037 5257; x_wconf 86' lang='lat' dir='ltr'><strong>comprehenditur.</strong></span> <span class='ocrx_word' id='word_1_732' title='bbox 1094 5189 1299 5244; x_wconf 87' lang='lat' dir='ltr'><strong>Eodem</strong></span> <span class='ocrx_word' id='word_1_733' title='bbox 1340 5190 1490 5256; x_wconf 81' lang='lat' dir='ltr'><strong>Jcsu,</strong></span> <span class='ocrx_word' id='word_1_734' title='bbox 1542 5192 1999 5262; x_wconf 87' lang='lat' dir='ltr'><strong>quemadmodum</strong></span> <span class='ocrx_word' id='word_1_735' title='bbox 2044 5204 2100 5246; x_wconf 92' lang='lat' dir='ltr'><strong>et</strong></span> 
     </span>
    </p>
   </div>
   <div class='ocr_carea' id='block_1_98' title="bbox 529 5272 2101 5354">
    <p class='ocr_par' dir='ltr' id='par_1_98' title="bbox 529 5272 2101 5354">
     <span class='ocr_line' id='line_1_98' title="bbox 529 5272 2101 5354; baseline -0.001 -17"><span class='ocrx_word' id='word_1_736' title='bbox 529 5296 693 5351; x_wconf 84' lang='lat' dir='ltr'><strong>supra</strong></span> <span class='ocrx_word' id='word_1_737' title='bbox 726 5272 1093 5346; x_wconf 82' lang='lat' dir='ltr'><strong>meminimus,</strong></span> <span class='ocrx_word' id='word_1_738' title='bbox 1119 5292 1309 5336; x_wconf 89' lang='lat' dir='ltr'><strong>contra</strong></span> <span class='ocrx_word' id='word_1_739' title='bbox 1332 5283 1576 5353; x_wconf 89' lang='lat' dir='ltr'><strong>quinque</strong></span> <span class='ocrx_word' id='word_1_740' title='bbox 1610 5299 1764 5354; x_wconf 82' lang='lat' dir='ltr'><strong>rcges</strong></span> <span class='ocrx_word' id='word_1_741' title='bbox 1794 5283 2101 5354; x_wconf 63' lang='lat' dir='ltr'><strong>praeliaulc,</strong></span> 
     </span>
    </p>
   </div>
   <div class='ocr_carea' id='block_1_99' title="bbox 531 5370 2105 5443">
    <p class='ocr_par' dir='ltr' id='par_1_99' title="bbox 531 5370 2105 5443">
     <span class='ocr_line' id='line_1_99' title="bbox 531 5370 2105 5443; baseline 0.001 -18"><span class='ocrx_word' id='word_1_742' title='bbox 531 5372 609 5425; x_wconf 76' lang='grc' dir='ltr'><strong>ευΙ</strong></span> <span class='ocrx_word' id='word_1_743' title='bbox 640 5371 692 5425; x_wconf 89' lang='lat' dir='ltr'><strong>in</strong></span> <span class='ocrx_word' id='word_1_744' title='bbox 727 5370 906 5425; x_wconf 87' lang='lat' dir='ltr'><strong>medio</strong></span> <span class='ocrx_word' id='word_1_745' title='bbox 932 5372 1072 5427; x_wconf 67' lang='lat' dir='ltr'><strong>caelo</strong></span> <span class='ocrx_word' id='word_1_746' title='bbox 1099 5373 1297 5427; x_wconf 68' lang='lat' dir='ltr'><strong>restitit</strong></span> <span class='ocrx_word' id='word_1_747' title='bbox 1331 5389 1431 5429; x_wconf 91' lang='lat' dir='ltr'><strong>nec</strong></span> <span class='ocrx_word' id='word_1_748' title='bbox 1464 5374 1529 5428; x_wconf 90' lang='lat' dir='ltr'><strong>ad</strong></span> <span class='ocrx_word' id='word_1_749' title='bbox 1564 5388 1816 5428; x_wconf 81' lang='lat' dir='ltr'><strong>occasum</strong></span> <span class='ocrx_word' id='word_1_750' title='bbox 1848 5388 2105 5443; x_wconf 51' lang='lat' dir='ltr'><strong>progre5¢</strong></span> 
     </span>
    </p>
   </div>
   <div class='ocr_carea' id='block_1_100' title="bbox 532 5464 2105 5541">
    <p class='ocr_par' dir='ltr' id='par_1_100' title="bbox 532 5464 2105 5541">
     <span class='ocr_line' id='line_1_100' title="bbox 532 5464 2105 5541; baseline 0.003 -27"><span class='ocrx_word' id='word_1_751' title='bbox 532 5478 625 5517; x_wconf 70' lang='lat' dir='ltr'><strong>sus</strong></span> <span class='ocrx_word' id='word_1_752' title='bbox 653 5473 741 5518; x_wconf 89' lang='lat' dir='ltr'><strong>est</strong></span> <span class='ocrx_word' id='word_1_753' title='bbox 765 5464 926 5518; x_wconf 86' lang='lat' dir='ltr'><strong>unius</strong></span> <span class='ocrx_word' id='word_1_754' title='bbox 949 5464 1145 5538; x_wconf 82' lang='lat' dir='ltr'><strong>integri</strong></span> <span class='ocrx_word' id='word_1_755' title='bbox 1166 5465 1281 5525; x_wconf 72' lang='lat' dir='ltr'><strong>,diei</strong></span> <span class='ocrx_word' id='word_1_756' title='bbox 1308 5466 1510 5535; x_wconf 78' lang='lat' dir='ltr'><strong>Spatio.</strong></span> <span class='ocrx_word' id='word_1_757' title='bbox 1532 5465 1597 5519; x_wconf 74' lang='lat' dir='ltr'><strong>Et</strong></span> <span class='ocrx_word' id='word_1_758' title='bbox 1626 5474 1896 5541; x_wconf 85' lang='lat' dir='ltr'><strong>ceperunt</strong></span> <span class='ocrx_word' id='word_1_759' title='bbox 1926 5466 2105 5519; x_wconf 84' lang='lat' dir='ltr'><strong>lsrae—</strong></span> 
     </span>
    </p>
   </div>
   <div class='ocr_carea' id='block_1_101' title="bbox 530 5554 2099 5625">
    <p class='ocr_par' dir='ltr' id='par_1_101' title="bbox 530 5554 2099 5625">
     <span class='ocr_line' id='line_1_101' title="bbox 530 5554 2099 5625; baseline 0 -16"><span class='ocrx_word' id='word_1_760' title='bbox 530 5554 623 5609; x_wconf 77' lang='lat' dir='ltr'><strong>lici</strong></span> <span class='ocrx_word' id='word_1_761' title='bbox 675 5555 818 5610; x_wconf 88' lang='lat' dir='ltr'><strong>bello</strong></span> <span class='ocrx_word' id='word_1_762' title='bbox 846 5568 1074 5613; x_wconf 87' lang='lat' dir='ltr'><strong>cunctas</strong></span> <span class='ocrx_word' id='word_1_763' title='bbox 1101 5557 1534 5614; x_wconf 69' lang='lat' dir='ltr'><strong>Chananmorum</strong></span> <span class='ocrx_word' id='word_1_764' title='bbox 1570 5557 1811 5611; x_wconf 90' lang='lat' dir='ltr'><strong>diliones</strong></span> <span class='ocrx_word' id='word_1_765' title='bbox 1861 5565 1914 5611; x_wconf 92' lang='lat' dir='ltr'><strong>et</strong></span> <span class='ocrx_word' id='word_1_766' title='bbox 1942 5572 2099 5625; x_wconf 83' lang='lat' dir='ltr'><strong>Opes,</strong></span> 
     </span>
    </p>
   </div>
   <div class='ocr_carea' id='block_1_102' title="bbox 533 5647 2104 5721">
    <p class='ocr_par' dir='ltr' id='par_1_102' title="bbox 533 5647 2104 5721">
     <span class='ocr_line' id='line_1_102' title="bbox 533 5647 2104 5721; baseline 0.002 -21"><span class='ocrx_word' id='word_1_767' title='bbox 533 5647 765 5703; x_wconf 85' lang='lat' dir='ltr'><strong>Domino</strong></span> <span class='ocrx_word' id='word_1_768' title='bbox 791 5647 924 5718; x_wconf 87' lang='lat' dir='ltr'><strong>ipsis</strong></span> <span class='ocrx_word' id='word_1_769' title='bbox 956 5649 1239 5721; x_wconf 82' lang='lat' dir='ltr'><strong>suppetias</strong></span> <span class='ocrx_word' id='word_1_770' title='bbox 1270 5649 1504 5706; x_wconf 85' lang='lat' dir='ltr'><strong>ferente.</strong></span> <span class='ocrx_word' id='word_1_771' title='bbox 1569 5648 1842 5705; x_wconf 79' lang='lat' dir='ltr'><strong>Chalebus</strong></span> <span class='ocrx_word' id='word_1_772' title='bbox 1882 5663 2104 5718; x_wconf 87' lang='lat' dir='ltr'><strong>quoque</strong></span> 
     </span>
    </p>
   </div>
   <div class='ocr_carea' id='block_1_103' title="bbox 600 5825 992 5893">
    <p class='ocr_par' dir='ltr' id='par_1_103' title="bbox 600 5825 992 5893">
     <span class='ocr_line' id='line_1_103' title="bbox 600 5825 992 5893; baseline -0.003 -12"><span class='ocrx_word' id='word_1_773' title='bbox 600 5825 643 5858; x_wconf 86' lang='lat'>&#39;“</span> <span class='ocrx_word' id='word_1_774' title='bbox 678 5825 841 5882; x_wconf 84' lang='lat' dir='ltr'><strong>Josue</strong></span> <span class='ocrx_word' id='word_1_775' title='bbox 873 5842 912 5893; x_wconf 88' lang='grc' dir='ltr'><strong>ι,</strong></span> <span class='ocrx_word' id='word_1_776' title='bbox 938 5829 992 5880; x_wconf 72' lang='lat'><strong>9..</strong></span> 
     </span>
    </p>
   </div>
   <div class='ocr_carea' id='block_1_104' title="bbox 2207 4638 3777 4714">
    <p class='ocr_par' dir='ltr' id='par_1_104' title="bbox 2207 4638 3777 4714">
     <span class='ocr_line' id='line_1_104' title="bbox 2207 4638 3777 4714; baseline -0.003 -19"><span class='ocrx_word' id='word_1_777' title='bbox 2207 4640 2573 4696; x_wconf 85' lang='grc' dir='ltr'>καταλύεσθαι</span> <span class='ocrx_word' id='word_1_778' title='bbox 2604 4642 2666 4695; x_wconf 88' lang='grc' dir='ltr'><strong>τδ</strong></span> <span class='ocrx_word' id='word_1_779' title='bbox 2693 4642 2974 4697; x_wconf 82' lang='grc' dir='ltr'>Σάθϐατον</span> <span class='ocrx_word' id='word_1_780' title='bbox 2993 4658 3007 4673; x_wconf 77' lang='grc'><strong><em>⁸</em></strong></span> <span class='ocrx_word' id='word_1_781' title='bbox 3047 4643 3192 4695; x_wconf 76' lang='grc' dir='ltr'>ἑπτά</span> <span class='ocrx_word' id='word_1_782' title='bbox 3220 4643 3334 4714; x_wconf 80' lang='grc' dir='ltr'>γὰρ</span> <span class='ocrx_word' id='word_1_783' title='bbox 3370 4643 3589 4713; x_wconf 82' lang='grc' dir='ltr'>ἡμέρας</span> <span class='ocrx_word' id='word_1_784' title='bbox 3617 4638 3777 4702; x_wconf 80' lang='grc' dir='ltr'>αὐτὴν</span> 
     </span>
    </p>
   </div>
   <div class='ocr_carea' id='block_1_105' title="bbox 2208 4727 3780 4804">
    <p class='ocr_par' dir='ltr' id='par_1_105' title="bbox 2208 4727 3780 4804">
     <span class='ocr_line' id='line_1_105' title="bbox 2208 4727 3780 4804; baseline -0.004 -18"><span class='ocrx_word' id='word_1_785' title='bbox 2208 4735 2350 4803; x_wconf 82' lang='grc' dir='ltr'>μετὰ</span> <span class='ocrx_word' id='word_1_786' title='bbox 2377 4734 2697 4802; x_wconf 85' lang='grc' dir='ltr'>σαλπίγγων</span> <span class='ocrx_word' id='word_1_787' title='bbox 2720 4734 3198 4804; x_wconf 85' lang='grc' dir='ltr'>περιεκύκλωσαν,</span> <span class='ocrx_word' id='word_1_788' title='bbox 3229 4735 3289 4787; x_wconf 86' lang='grc' dir='ltr'>ὲν</span> <span class='ocrx_word' id='word_1_789' title='bbox 3319 4729 3413 4798; x_wconf 79' lang='grc' dir='ltr'>αἶς</span> <span class='ocrx_word' id='word_1_790' title='bbox 3440 4735 3540 4787; x_wconf 71' lang='grc' dir='ltr'>καὶ</span> <span class='ocrx_word' id='word_1_791' title='bbox 3570 4733 3633 4786; x_wconf 74' lang='grc' dir='ltr'><strong>τὸ</strong></span> <span class='ocrx_word' id='word_1_792' title='bbox 3652 4727 3780 4783; x_wconf 81' lang='grc' dir='ltr'>Σάϐ-</span> 
     </span>
    </p>
   </div>
   <div class='ocr_carea' id='block_1_106' title="bbox 2207 4817 3778 4895">
    <p class='ocr_par' dir='ltr' id='par_1_106' title="bbox 2207 4817 3778 4895">
     <span class='ocr_line' id='line_1_106' title="bbox 2207 4817 3778 4895; baseline 0 -20"><span class='ocrx_word' id='word_1_793' title='bbox 2207 4821 2374 4877; x_wconf 84' lang='grc' dir='ltr'>ϐατον</span> <span class='ocrx_word' id='word_1_794' title='bbox 2405 4822 2464 4888; x_wconf 80' lang='grc' dir='ltr'>ἐξ</span> <span class='ocrx_word' id='word_1_795' title='bbox 2492 4823 2744 4893; x_wconf 82' lang='grc' dir='ltr'>ἀνάγκης</span> <span class='ocrx_word' id='word_1_796' title='bbox 2768 4843 2831 4876; x_wconf 92' lang='grc' dir='ltr'><strong>συ</strong></span> <span class='ocrx_word' id='word_1_797' title='bbox 2842 4822 3295 4895; x_wconf 73' lang='grc' dir='ltr'>μπεριείληπιὲαι.</span> <span class='ocrx_word' id='word_1_798' title='bbox 3330 4825 3501 4878; x_wconf 86' lang='grc' dir='ltr'><strong>Ἀλλὰ</strong></span> <span class='ocrx_word' id='word_1_799' title='bbox 3532 4824 3626 4877; x_wconf 77' lang='grc' dir='ltr'><strong>καὶ</strong></span> <span class='ocrx_word' id='word_1_800' title='bbox 3652 4817 3778 4890; x_wconf 79' lang='grc' dir='ltr'>μετὰ</span> 
     </span>
    </p>
   </div>
   <div class='ocr_carea' id='block_1_107' title="bbox 2211 4911 3785 4986">
    <p class='ocr_par' dir='ltr' id='par_1_107' title="bbox 2211 4911 3785 4986">
     <span class='ocr_line' id='line_1_107' title="bbox 2211 4911 3785 4986; baseline -0.007 -14"><span class='ocrx_word' id='word_1_801' title='bbox 2211 4919 2375 4972; x_wconf 81' lang='grc' dir='ltr'>πέντε</span> <span class='ocrx_word' id='word_1_802' title='bbox 2401 4916 2691 4986; x_wconf 85' lang='grc' dir='ltr'>βασιλέων,</span> <span class='ocrx_word' id='word_1_803' title='bbox 2718 4916 2794 4979; x_wconf 84' lang='grc' dir='ltr'><strong>ὡς</strong></span> <span class='ocrx_word' id='word_1_804' title='bbox 2825 4915 3035 4971; x_wconf 83' lang='grc' dir='ltr'>ἄνωθεν</span> <span class='ocrx_word' id='word_1_805' title='bbox 3059 4916 3304 4986; x_wconf 78' lang='grc' dir='ltr'>εἴρηται,</span> <span class='ocrx_word' id='word_1_806' title='bbox 3330 4916 3430 4969; x_wconf 83' lang='grc' dir='ltr'><strong>τοῦ</strong></span> <span class='ocrx_word' id='word_1_807' title='bbox 3477 4911 3657 4985; x_wconf 87' lang='grc' dir='ltr'>Ἰησοῦ</span> <span class='ocrx_word' id='word_1_808' title='bbox 3687 4924 3785 4980; x_wconf 87' lang='grc' dir='ltr'>μα-</span> 
     </span>
    </p>
   </div>
   <div class='ocr_carea' id='block_1_108' title="bbox 2211 4999 3784 5083">
    <p class='ocr_par' dir='ltr' id='par_1_108' title="bbox 2211 4999 3784 5083">
     <span class='ocr_line' id='line_1_108' title="bbox 2211 4999 3784 5083; baseline -0.008 -18"><span class='ocrx_word' id='word_1_809' title='bbox 2211 5011 2444 5083; x_wconf 82' lang='grc' dir='ltr'>χομένου</span> <span class='ocrx_word' id='word_1_810' title='bbox 2477 5008 2608 5081; x_wconf 64' lang='grc' dir='ltr'>ἔστη</span> <span class='ocrx_word' id='word_1_811' title='bbox 2649 5010 2677 5062; x_wconf 93' lang='lat'><strong>6</strong></span> <span class='ocrx_word' id='word_1_812' title='bbox 2709 5008 2862 5081; x_wconf 72' lang='grc' dir='ltr'>ἥλιος</span> <span class='ocrx_word' id='word_1_813' title='bbox 2897 5010 3040 5062; x_wconf 81' lang='grc' dir='ltr'>κατὰ</span> <span class='ocrx_word' id='word_1_814' title='bbox 3085 5008 3149 5061; x_wconf 77' lang='grc' dir='ltr'>τὸ</span> <span class='ocrx_word' id='word_1_815' title='bbox 3192 5008 3362 5077; x_wconf 86' lang='grc' dir='ltr'>μέσον</span> <span class='ocrx_word' id='word_1_816' title='bbox 3398 5008 3495 5061; x_wconf 88' lang='grc' dir='ltr'><strong>τοῦ</strong></span> <span class='ocrx_word' id='word_1_817' title='bbox 3519 4999 3784 5076; x_wconf 57' lang='grc' dir='ltr'><strong>οὺρανὸὖς</strong></span> 
     </span>
    </p>
   </div>
   <div class='ocr_carea' id='block_1_109' title="bbox 2208 5092 3785 5174">
    <p class='ocr_par' dir='ltr' id='par_1_109' title="bbox 2208 5092 3785 5174">
     <span class='ocr_line' id='line_1_109' title="bbox 2208 5092 3785 5174; baseline -0.003 -18"><span class='ocrx_word' id='word_1_818' title='bbox 2208 5104 2269 5157; x_wconf 84' lang='grc' dir='ltr'>οὐ</span> <span class='ocrx_word' id='word_1_819' title='bbox 2300 5100 2708 5174; x_wconf 80' lang='grc' dir='ltr'>προεπορεύετο</span> <span class='ocrx_word' id='word_1_820' title='bbox 2741 5102 2823 5163; x_wconf 85' lang='grc' dir='ltr'><strong>εἰς</strong></span> <span class='ocrx_word' id='word_1_821' title='bbox 2861 5100 3073 5169; x_wconf 86' lang='grc' dir='ltr'>δυσμάς</span> <span class='ocrx_word' id='word_1_822' title='bbox 3105 5099 3213 5164; x_wconf 70' lang='grc' dir='ltr'>ἕως</span> <span class='ocrx_word' id='word_1_823' title='bbox 3265 5100 3350 5162; x_wconf 82' lang='grc' dir='ltr'><strong>είς</strong></span> <span class='ocrx_word' id='word_1_824' title='bbox 3382 5092 3541 5160; x_wconf 82' lang='grc' dir='ltr'>τέλος</span> <span class='ocrx_word' id='word_1_825' title='bbox 3581 5094 3785 5165; x_wconf 78' lang='grc' dir='ltr'>ἡμέρας</span> 
     </span>
    </p>
   </div>
   <div class='ocr_carea' id='block_1_110' title="bbox 2213 5180 3785 5263">
    <p class='ocr_par' dir='ltr' id='par_1_110' title="bbox 2213 5180 3785 5263">
     <span class='ocr_line' id='line_1_110' title="bbox 2213 5180 3785 5263; baseline -0.016 -5"><span class='ocrx_word' id='word_1_826' title='bbox 2213 5181 2364 5263; x_wconf 67' lang='grc' dir='ltr'><strong>μιᾶξ.</strong></span> <span class='ocrx_word' id='word_1_827' title='bbox 2426 5194 2536 5247; x_wconf 63' lang='grc' dir='ltr'><strong>καὶ</strong></span> <span class='ocrx_word' id='word_1_828' title='bbox 2598 5194 2778 5246; x_wconf 80' lang='grc' dir='ltr'>πάντα</span> <span class='ocrx_word' id='word_1_829' title='bbox 2815 5191 2874 5244; x_wconf 80' lang='grc' dir='ltr'><strong>δὲ</strong></span> <span class='ocrx_word' id='word_1_830' title='bbox 2912 5190 2983 5249; x_wconf 78' lang='grc' dir='ltr'>τὰ</span> <span class='ocrx_word' id='word_1_831' title='bbox 3034 5190 3144 5245; x_wconf 84' lang='grc' dir='ltr'><strong>τῶν</strong></span> <span class='ocrx_word' id='word_1_832' title='bbox 3175 5190 3509 5244; x_wconf 81' lang='grc' dir='ltr'>Χαναναίων</span> <span class='ocrx_word' id='word_1_833' title='bbox 3539 5186 3729 5240; x_wconf 76' lang='grc' dir='ltr'>ἔλαϐεν</span> <span class='ocrx_word' id='word_1_834' title='bbox 3758 5180 3785 5231; x_wconf 75' lang='grc' dir='ltr'><strong>ὁ</strong></span> 
     </span>
    </p>
   </div>
   <div class='ocr_carea' id='block_1_111' title="bbox 2220 5269 3783 5355">
    <p class='ocr_par' dir='ltr' id='par_1_111' title="bbox 2220 5269 3783 5355">
     <span class='ocr_line' id='line_1_111' title="bbox 2220 5269 3783 5355; baseline -0.006 -17"><span class='ocrx_word' id='word_1_835' title='bbox 2220 5285 2439 5355; x_wconf 82' lang='grc' dir='ltr'>Ἰσραὴλ</span> <span class='ocrx_word' id='word_1_836' title='bbox 2469 5284 2528 5337; x_wconf 82' lang='grc' dir='ltr'>ὲν</span> <span class='ocrx_word' id='word_1_837' title='bbox 2555 5284 2803 5353; x_wconf 80' lang='grc' dir='ltr'>πολέμῳ,</span> <span class='ocrx_word' id='word_1_838' title='bbox 2852 5283 2935 5336; x_wconf 80' lang='grc' dir='ltr'>ὅτι</span> <span class='ocrx_word' id='word_1_839' title='bbox 2976 5283 3066 5336; x_wconf 78' lang='grc' dir='ltr'><strong>διὰ</strong></span> <span class='ocrx_word' id='word_1_840' title='bbox 3092 5283 3302 5352; x_wconf 81' lang='grc' dir='ltr'>Κυρίου</span> <span class='ocrx_word' id='word_1_841' title='bbox 3338 5282 3583 5350; x_wconf 72' lang='grc' dir='ltr'>ἐγένετο.</span> <span class='ocrx_word' id='word_1_842' title='bbox 3629 5269 3783 5329; x_wconf 80' lang='grc' dir='ltr'><strong>’Λλλά</strong></span> 
     </span>
    </p>
   </div>
   <div class='ocr_carea' id='block_1_112' title="bbox 2210 5358 3782 5441">
    <p class='ocr_par' dir='ltr' id='par_1_112' title="bbox 2210 5358 3782 5441">
     <span class='ocr_line' id='line_1_112' title="bbox 2210 5358 3782 5441; baseline -0.004 -15"><span class='ocrx_word' id='word_1_843' title='bbox 2210 5375 2304 5427; x_wconf 78' lang='grc' dir='ltr'><strong>καὶ</strong></span> <span class='ocrx_word' id='word_1_844' title='bbox 2326 5373 2509 5427; x_wconf 86' lang='grc' dir='ltr'>Χάλε6</span> <span class='ocrx_word' id='word_1_845' title='bbox 2533 5375 2643 5435; x_wconf 81' lang='grc' dir='ltr'>υἱὸς</span> <span class='ocrx_word' id='word_1_846' title='bbox 2668 5371 2883 5441; x_wconf 85' lang='grc' dir='ltr'>Ἐφωνῆ</span> <span class='ocrx_word' id='word_1_847' title='bbox 2912 5370 3111 5435; x_wconf 73' lang='grc' dir='ltr'><strong>ἔξω).όο</strong></span> <span class='ocrx_word' id='word_1_848' title='bbox 3122 5358 3281 5441; x_wconf 81' lang='grc' dir='ltr'>ρευσε</span> <span class='ocrx_word' id='word_1_849' title='bbox 3309 5369 3441 5430; x_wconf 82' lang='grc' dir='ltr'>τοὺς</span> <span class='ocrx_word' id='word_1_850' title='bbox 3471 5367 3618 5437; x_wconf 81' lang='grc' dir='ltr'>τρεῖς</span> <span class='ocrx_word' id='word_1_851' title='bbox 3639 5363 3782 5419; x_wconf 82' lang='grc' dir='ltr'>υἱοὺς</span> 
     </span>
    </p>
   </div>
   <div class='ocr_carea' id='block_1_113' title="bbox 2221 5446 3784 5531">
    <p class='ocr_par' dir='ltr' id='par_1_113' title="bbox 2221 5446 3784 5531">
     <span class='ocr_line' id='line_1_113' title="bbox 2221 5446 3784 5531; baseline -0.015 -13"><span class='ocrx_word' id='word_1_852' title='bbox 2221 5463 2446 5529; x_wconf 85' lang='grc' dir='ltr'>Ἐναάκ,</span> <span class='ocrx_word' id='word_1_853' title='bbox 2466 5462 2559 5516; x_wconf 80' lang='grc' dir='ltr'>τὸν</span> <span class='ocrx_word' id='word_1_854' title='bbox 2595 5462 2795 5530; x_wconf 79' lang='grc' dir='ltr'>Σουσῆ,</span> <span class='ocrx_word' id='word_1_855' title='bbox 2826 5461 2919 5514; x_wconf 86' lang='grc' dir='ltr'>τὸν</span> <span class='ocrx_word' id='word_1_856' title='bbox 2942 5461 3124 5531; x_wconf 78' lang='grc' dir='ltr'>Θολμὲ</span> <span class='ocrx_word' id='word_1_857' title='bbox 3173 5462 3264 5513; x_wconf 81' lang='grc' dir='ltr'>καὶ</span> <span class='ocrx_word' id='word_1_858' title='bbox 3303 5458 3399 5509; x_wconf 78' lang='grc' dir='ltr'>τὸν</span> <span class='ocrx_word' id='word_1_859' title='bbox 3433 5454 3663 5525; x_wconf 79' lang='grc' dir='ltr'>Σχιμᾶν.</span> <span class='ocrx_word' id='word_1_860' title='bbox 3696 5446 3784 5500; x_wconf 78' lang='grc' dir='ltr'><strong>ΓΞ·</strong></span> 
     </span>
    </p>
   </div>
   <div class='ocr_carea' id='block_1_114' title="bbox 2162 5539 3785 5623">
    <p class='ocr_par' dir='ltr' id='par_1_114' title="bbox 2162 5539 3785 5623">
     <span class='ocr_line' id='line_1_114' title="bbox 2162 5539 3785 5623; baseline -0.012 -14"><span class='ocrx_word' id='word_1_861' title='bbox 2162 5600 2165 5601; x_wconf 42' lang='grc' dir='ltr'><strong>ν</strong></span> <span class='ocrx_word' id='word_1_862' title='bbox 2209 5571 2404 5623; x_wconf 84' lang='grc' dir='ltr'>γαντες</span> <span class='ocrx_word' id='word_1_863' title='bbox 2422 5553 2479 5606; x_wconf 78' lang='grc' dir='ltr'>δὲ</span> <span class='ocrx_word' id='word_1_864' title='bbox 2506 5554 2601 5606; x_wconf 69' lang='grc' dir='ltr'><strong>καὶ</strong></span> <span class='ocrx_word' id='word_1_865' title='bbox 2624 5548 2775 5606; x_wconf 74' lang='grc' dir='ltr'>οῦτοι</span> <span class='ocrx_word' id='word_1_866' title='bbox 2806 5553 3076 5622; x_wconf 78' lang='grc' dir='ltr'>εὐμήκεις</span> <span class='ocrx_word' id='word_1_867' title='bbox 3108 5547 3252 5622; x_wconf 73' lang='grc' dir='ltr'>ἦσαν</span> <span class='ocrx_word' id='word_1_868' title='bbox 3270 5565 3281 5578; x_wconf 93' lang='grc'><strong>·</strong></span> <span class='ocrx_word' id='word_1_869' title='bbox 3319 5548 3369 5600; x_wconf 89' lang='grc' dir='ltr'><strong>εί</strong></span> <span class='ocrx_word' id='word_1_870' title='bbox 3408 5548 3484 5617; x_wconf 86' lang='grc' dir='ltr'>μὴ</span> <span class='ocrx_word' id='word_1_871' title='bbox 3508 5546 3617 5613; x_wconf 80' lang='grc' dir='ltr'>γὰρ</span> <span class='ocrx_word' id='word_1_872' title='bbox 3635 5539 3785 5593; x_wconf 81' lang='grc' dir='ltr'>τοῦτο</span> 
     </span>
    </p>
   </div>
   <div class='ocr_carea' id='block_1_115' title="bbox 2209 5639 3714 5717">
    <p class='ocr_par' dir='ltr' id='par_1_115' title="bbox 2209 5639 3714 5717">
     <span class='ocr_line' id='line_1_115' title="bbox 2209 5639 3714 5717; baseline -0.009 -17"><span class='ocrx_word' id='word_1_873' title='bbox 2209 5643 2301 5717; x_wconf 77' lang='grc' dir='ltr'>ἦν,</span> <span class='ocrx_word' id='word_1_874' title='bbox 2339 5645 2528 5700; x_wconf 82' lang='grc' dir='ltr'>οὐκᾶν</span> <span class='ocrx_word' id='word_1_875' title='bbox 2558 5647 2709 5709; x_wconf 72' lang='grc' dir='ltr'>υἱοὺς</span> <span class='ocrx_word' id='word_1_876' title='bbox 2747 5643 2839 5698; x_wconf 79' lang='grc' dir='ltr'><strong>τοῦ</strong></span> <span class='ocrx_word' id='word_1_877' title='bbox 2882 5643 3086 5698; x_wconf 68' lang='grc' dir='ltr'>Ἐναὶίκ</span> <span class='ocrx_word' id='word_1_878' title='bbox 3121 5642 3367 5702; x_wconf 73' lang='grc' dir='ltr'>ἐκείνους</span> <span class='ocrx_word' id='word_1_879' title='bbox 3398 5639 3714 5708; x_wconf 63' lang='grc' dir='ltr'>ὠνόμασαν.</span> 
     </span>
    </p>
   </div>
  </div>
