3936 6422
542 392 648 458 ἷ15

1792 391 2218 453 MICHAELIS
2255 391 2518 489 GLYOCF

3686 399 3783 464 316

537 510 833 566 vaticinata
867 509 1063 565 fuerat.
1116 509 1390 565 Creterum
1411 507 1628 564 Litterae
1665 523 1835 562 sacrae
1883 509 2104 574 Susem,

2213 510 2360 562 τιαῖα
2392 508 2663 575 φέροντας
2703 506 2950 576 σώματα.
2975 505 3119 576 Ὅρα
3137 505 3248 575 γὰρ
3278 507 3361 560 ὅτι
3407 508 3501 560 καὶ
3526 507 3555 560 6
3605 508 3786 582 Ἰώσηο

537 602 862 655 Tholmeum
893 610 948 654 et
975 599 1254 654 Schimam
1289 615 1399 653 non
1447 599 1544 654 abs
1583 614 1666 662 re,
1716 611 1816 652 ceu
1847 597 2110 658 diximus,

537 691 737 744 Enaaci
774 691 915 744 lilios
942 689 1320 760 appellarunt.
1374 689 1453 743 uti
1501 702 1734 756 quorum
1766 701 1994 755 corpora
2026 685 2109 754 gi-

533 791 760 851 gantum
819 781 1161 851 corporibus
1229 779 1612 850 magnitudine
1670 777 1821 848 paria
1881 777 2110 831 fuerint.

537 873 670 927 Nam
705 882 759 927 et
804 874 1079 944 Josephus
1127 879 1523 926 commemorat
1569 867 1712 937 apud
1768 869 2110 922 Chananazos

535 973 650 1018 tum
689 965 950 1034 reliquam
993 963 1274 1033 gigantum
1313 959 1484 1014 fuisse
1512 961 1821 1019 nationem,
1849 957 1940 1025 qui
1984 973 2110 1024 pro-

535 1063 657 1126 pter
682 1069 973 1123 corporum
1007 1055 1208 1107 molem
1247 1062 1412 1119 atque
1437 1051 1692 1110 formam,
1725 1063 1846 1118 qut
1869 1046 2111 1114 reliquo-

2217 617 2319 662 πος
2350 600 2738 668 ὑπολελεῖφθαι
2775 599 2926 668 λέγει
2954 601 3070 661 τοῖς
3116 599 3454 662 Χαναναίοις
3477 600 3539 652 τὸ
3576 601 3682 654 τῶν
3708 620 3786 671 γι-

2216 691 2434 758 γάντων
2459 691 2638 758 γένος.
2667 692 2716 744 οἳ
2758 691 2849 745 διὰ
2882 691 3153 759 σωμάτων
3191 691 3404 762 μεγέθη
3435 691 3532 745 καὶ
3580 696 3784 763 μορφὰς

2218 779 2374 831 οὐδὲν
2396 782 2510 840 τοῖς
2528 778 2707 840 ἄλλοις
2732 780 3129 849 παραπλησίας
3153 778 3476 849 ἀνθρώποις
3494 783 3786 850 παράδοξον

2216 862 2359 936 ἦσαν
2387 866 2569 936 θέαμα
2610 867 2708 919 καὶ
2749 867 2926 918 δεινὸν
2983 867 3265 937 ἄκουσμα.
3300 866 3589 922 Δείκνυται
3616 869 3671 922 δὲ
3698 871 3787 924 καὶ

2217 954 2312 1008 νῦν
2337 954 2418 1009 ἔτι
2447 959 2657 1010 τούτων
2685 957 2824 1010 ὀστᾶ
2847 957 3019 1027 μηδὲν
3055 961 3168 1022 τοῖς
3199 956 3308 1012 ὑπὸ
3349 958 3538 1012 πίστιν
3567 961 3782 1032 ἐρχομέο

2216 1063 2330 1109 νοις
2361 1049 2602 1102 ἐοικότα.

439 1183 453 1196 .
535 1163 656 1201 rum
701 1147 983 1200 hominum
1013 1146 1201 1198 formae
1232 1159 1339 1196 non
1373 1142 1750 1210 responderet,
1788 1139 2105 1193 inusitatum
2150 1138 2480 1195 mortalibus
2543 1141 2916 1209 spectaculum
2946 1150 3105 1198 erant
3169 1152 3225 1198 et
3252 1129 3456 1201 famam
3495 1142 3564 1201 de
3597 1159 3656 1201 se
3687 1155 3788 1202 ter-

535 1237 747 1291 ribilem
801 1235 1177 1291 concitabant.
1235 1234 1439 1288 Eorum
1499 1246 1645 1285 nunc
1686 1243 1904 1298 quoque
1955 1234 2335 1292 monstrantur
2359 1228 2539 1284 adhuc
2559 1244 2684 1283 ossa
2717 1230 2873 1285 tidem
2903 1231 3064 1313 plane
3097 1236 3438 1302 superantia.

606 1326 812 1380 Horum
843 1334 1029 1385 aetate.
1074 1324 1334 1378 videlicet
1384 1321 1612 1376 Barachi
1645 1329 1810 1389 atque
1856 1317 2108 1380 Deborze,

535 1415 928 1486 sapientissimi
997 1415 1141 1483 apud
1198 1413 1419 1468 Graecos
1471 1411 1575 1466 viri
1646 1407 2008 1464 Prometheus
2057 1415 2114 1460 et

534 1508 796 1578 Orpheus
849 1504 1119 1561 oriundus
1173 1520 1203 1559 e
1272 1503 1505 1558 Thracia
1563 1500 1807 1556 celebres
1869 1497 2112 1559 fuerunt,

534 1601 776 1668 itemque
819 1597 1064 1652 medicus
1117 1595 1488 1664 Aisculapius,
1532 1602 1590 1646 et
1624 1591 1904 1661 Lycurgus
1927 1589 2110 1656 legum

534 1692 680 1763 apud
720 1688 1167 1745 Lacedaemonios
1211 1687 1372 1740 lator.
1414 1683 1791 1751 Esculapium
1843 1680 2000 1734 aiunt
2025 1693 2115 1732 ar-

533 1794 644 1840 tem
674 1781 941 1836 medicam
972 1788 1079 1833 tam
1124 1786 1382 1833 accurate
1427 1775 1700 1845 cognitam
1736 1771 2015 1834 habuisse,
2051 1775 2111 1821 ut

2303 1319 2428 1371 Ἐπὶ
2457 1319 2554 1388 μὲν
2577 1319 2764 1390 Βαράχ
2797 1324 2892 1374 καὶ
2916 1321 3173 1392 Δεϐώρας
3197 1325 3532 1395 Προμηθεὺς
3565 1324 3659 1379 καὶ
3676 1323 3784 1396 Ὀρο

2218 1408 2352 1475 φεὺς
2377 1408 2526 1479 Θρᾲξ
2562 1411 2922 1481 ὲγνωρίζοντο
2955 1415 3005 1465 οί
3033 1414 3167 1484 παρ’
3198 1416 3434 1483 Ἕλλησι
3465 1417 3781 1485 σοφώτατοι,

2220 1499 2316 1550 καὶ
2373 1498 2705 1569 Ἀσκληπιὸς
2732 1501 2760 1554 6
2806 1503 2988 1572 ίατρδς
3047 1507 3140 1556 καὶ
3166 1505 3490 1577 Λυκοῦργος
3512 1509 3539 1560 6
3566 1506 3780 1576 νομοθέ·

2218 1604 2320 1658 της
2348 1589 2485 1660 (32).
2513 1589 2780 1645 Τοσοῦτον
2809 1593 2866 1646 δὲ
2893 1595 3114 1663 λέγουσι
3139 1595 3231 1648 τὸν
3276 1597 3613 1669 Ἀσκληπιὸν
3633 1599 3782 1667 ἠκριο

2219 1680 2455 1734 σωκέναι
2510 1681 2611 1751 τὴν
2669 1684 2919 1754 ἰατρικὴν
2951 1687 3148 1755 τέχνην
3181 1687 3256 1749 ὡς
3281 1689 3380 1740 καὶ
3406 1687 3639 1757 νεκροὺς
3675 1689 3782 1740 ἀνι-

2220 1773 2372 1864 στᾷν,
2399 1765 2544 1842 ἐερ⁸ᾦ
2596 1776 2978 1846 χαλεπήναντα
3025 1777 3117 1830 τὸν
3161 1778 3261 1830 Δία
3318 1779 3574 1864 κεραυνῷ
3613 1777 3778 1848 βαλεῖν

531 1873 696 1929 etiam
756 1879 1030 1925 mortuum
1079 1867 1375 1936 quemdam
1418 1864 1544 1919 vita:
1603 1861 1942 1926 restituerit;
2001 1872 2104 1928 qua

2213 1863 2396 1929 αὐτὸν,
2426 1865 2521 1919 καὶ
2556 1864 2701 1921 οὕτω
2738 1867 2847 1922 τῶν
2883 1868 3012 1940 τῇδε
3042 1869 3335 1940 ἐκστῆσαι.

531 1967 677 2022 facto
704 1965 912 2032 Jupiter
934 1963 1109 2016 iratus
1142 1959 1416 2015 hominem
1447 1957 1678 2013 fulmine
1709 1964 1913 2012 tactum
1948 1954 2114 2009 rebus

531 2054 789 2110 humanis
822 2051 1113 2106 exemerit.

602 2144 924 2198 Secundum
961 2141 1083 2196 lure
1128 2139 1370 2194 indicare
1399 2137 1545 2194 Deus
1575 2138 1768 2194 volens
1798 2137 1985 2193 omnia
2013 2151 2116 2207 per

530 2232 708 2302 lpsius
737 2241 1065 2301 potestatem
1093 2230 1230 2294 lieri,
1261 2245 1370 2284 non
1405 2245 1507 2300 per
1545 2228 1832 2284 hominum
1864 2231 2114 2300 ingentes

529 2323 743 2393 copias,
769 2322 1012 2378 Gedeoni
1035 2321 1363 2376 Madianmos
1399 2319 1660 2376 invadere
1683 2321 1900 2376 conanti
1925 2329 2115 2375 auctor

532 2414 718 2468 fuitut
744 2413 862 2482 ipsa
897 2412 951 2466 in
985 2411 1238 2476 meridie,
1270 2425 1396 2466 cum
1441 2419 1611 2465 aestus
1644 2411 1916 2476 maximus
1948 2410 2110 2475 foret,

530 2505 836 2560 exercitum
875 2502 944 2557 ad
977 2501 1183 2556 flumen
1214 2501 1466 2556 duceret.
1512 2499 1594 2554 lbi
1627 2514 1760 2555 vero
1798 2500 2112 2569 quicunque

529 2611 586 2652 .u
613 2608 790 2668 genua
814 2591 1236 2664 procumberent
1264 2600 1430 2660 atque
1451 2589 1524 2645 ita
1543 2589 1818 2656 biberent,
1843 2591 2002 2664 164
2017 2608 2112 2648 eos

531 2696 592 2740 ut
623 2701 722 2756 pro
746 2682 1108 2756 magnanimis
1127 2682 1354 2737 haberet
1377 2690 1563 2736 monet
1595 2698 1609 2734 :
1635 2689 1904 2751 quotquot
1926 2693 2110 2739 autem

529 2777 861 2834 festinanter
907 2785 966 2829 et
1006 2790 1132 2829 cum
1170 2774 1407 2830 tumultu
1441 2772 1678 2843 quodam
1712 2773 1984 2839 biberent,
2014 2789 2110 2830 eos

529 2869 877 2925 existimaret
907 2871 1011 2924 hoc
1037 2883 1151 2940 prae
1181 2865 1476 2922 formidine
1519 2863 1722 2920 facere.
1762 2863 1897 2919 Cum
1928 2865 2111 2921 Gedeo

529 2957 626 3012 Dei
661 2958 888 3012 monitis
919 2970 1125 3028 parens
1159 2958 1266 3009 hoc
1288 2954 1464 3023 ipsum
1516 2953 1758 3018 fecisset,
1791 2952 1897 3008 500
1932 2954 2112 3012 homi-

530 3060 628 3101 nes
686 3046 892 3116 reperti
955 3053 1084 3100 sunt
1129 3043 1224 3110 qui
1265 3057 1390 3096 cum
1445 3041 1810 3112 trepidatione
1856 3044 2110 3098 manibus

529 3151 726 3205 aquam
773 3137 1024 3191 haustam
1083 3135 1166 3189 ori
1218 3133 1591 3199 admoverent,
1642 3133 2102 3202 quemadmodum

525 3227 799 3294 Josephus
831 3225 1109 3281 memoria:
1139 3224 1399 3294 prodidit.
1437 3225 1783 3294 Quapropter
1805 3227 1854 3280 ei
1901 3242 2106 3296 praece-

528 3319 609 3389 pit
632 3317 776 3374 Deus
803 3329 861 3371 ut
889 3332 1012 3372 cum
1036 3317 1141 3371 illis
1175 3318 1387 3370 hostem
1407 3315 1740 3370 adoriretur.
1769 3315 1946 3371 Noctu
1976 3334 2106 3388 ergo

529 3408 858 3464 Medianmos
889 3407 1183 3474 invadunt,
1219 3421 1342 3462 cum
1386 3406 1546 3461 tubas
1576 3407 1832 3462 manibus
1865 3407 2107 3479 itemque

527 3501 677 3555 faces
707 3511 967 3552 accensas
1000 3498 1142 3551 intra
1173 3513 1295 3552 vasa
1339 3497 1589 3566 quaedam
1623 3508 1922 3567 gestarent.

599 3587 729 3644 Post
762 3588 877 3642 lucc
905 3587 1089 3642 Geileo
1133 3595 1420 3642 senectute
1464 3586 1753 3642 confectus
1783 3588 1890 3642 vita
1922 3587 2104 3658 fungi-

522 3691 638 3745 tur,
665 3679 874 3734 relictis
928 3679 1060 3734 liliis
1095 3678 1338 3749 legitimo
1385 3687 1504 3733 toro
1541 3678 1686 3734 natis
1735 3681 2101 3751 septuaginta,

523 3785 662 3839 quos
727 3785 795 3826 ex
855 3769 1107 3839 pluribus
1161 3769 1430 3824 uxoribus
1482 3779 1827 3837 susceperat,
1879 3782 1933 3824 et
1990 3786 2104 3826 uno

523 3861 712 3930 spurio
765 3875 795 3916 e
836 3860 1148 3916 concubina
1200 3867 1354 3914 nato.
1404 3859 1544 3915 Hinc
1594 3849 1818 3915 Manoas
1875 3871 2104 3931 accepto

525 3953 788 4008 divinitus
813 3953 1090 4022 promisso
1143 3951 1313 4006 lilium
1345 3951 1534 4022 gignit,
1568 3951 1655 4006 cui
1692 3951 1981 4008 Samsonis
2007 3968 2106 4007 no-

527 4061 649 4101 men
683 4055 771 4100 est
799 4045 1054 4107 inditum,
1086 4044 1232 4113 quod
1283 4059 1350 4098 ex
1392 4043 1843 4112 interpretatione
1876 4042 2099 4114 Iosephi

525 4139 804 4193 robustum
833 4136 1124 4207 signiﬁcat.
1171 4135 1376 4190 Eodem
1401 4150 1524 4189 cum
1560 4135 1662 4189 hoc
1691 4143 1936 4206 tempore
1965 4133 2102 4189 Her-

526 4229 677 4283 cules
707 4227 1103 4298 quoque;vixit.~
1137 4227 1268 4280 Erat
1289 4235 1472 4280 autem
1510 4225 1760 4279 Samsoni
1793 4216 1901 4279 tan't
1928 4224 2102 4280 virilis

521 4320 763 4388 animus,
791 4328 853 4374 ut
887 4334 1012 4375 cum
1045 4316 1245 4374 Gazam
1281 4317 1565 4388 ingressus
1599 4317 1666 4371 ad
1701 4318 2101 4371 merctriculam

525 4411 820 4480 quamdam
849 4410 1162 4466 dirertisset
1195 4419 1358 4477 atque
1400 4407 1469 4462 ab
1501 4407 1695 4462 incolis
1745 4405 1932 4477 oppidi
1981 4407 2104 4461 uni-

527 4505 703 4574 versis
735 4502 1129 4566 custodiretur,
1159 4499 1414 4554 manibus
1437 4499 1553 4553 suis
1581 4507 1769 4567 portas
1799 4512 1922 4552 cum
1948 4513 2105 4568 repa-
2134 4525 2181 4582 υ

522 4592 665 4663 gulis
691 4589 951 4646 evulserit
982 4599 1148 4659 atque
1194 4589 1266 4643 ita
1298 4587 1505 4657 Oppido
1545 4587 1616 4640 sit
1642 4600 1916 4655 egressus.
1953 4585 2096 4652 Quin

517 4684 686 4739 ctiam
715 4683 1032 4753 priusquam
1067 4682 1173 4735 hoc
1212 4680 1511 4745 accideret,
1541 4688 1798 4748 suscepto
1833 4679 2099 4735 adversus

521 4776 842 4832 Palaestinos
892 4773 1054 4839 bello,
1090 4771 1345 4842 quiddam
1392 4770 1708 4839 hujusmodi
1758 4768 1908 4825 fecit.
1971 4769 2101 4828 Erat

521 4876 744 4934 tempus
767 4864 1037 4926 aestivum,
1088 4861 1311 4932 jamque
1363 4861 1579 4915 fructus
1610 4861 1684 4914 ita
1718 4868 2100 4916 maturuerant

524 4965 585 5008 ut
611 4954 806 5008 messis
836 4960 1141 5022 appeteret,
1178 4966 1302 5005 cum
1343 4950 1535 5005 Samso
1569 4952 1826 5006 trecentis
1845 4953 2097 5023 vulpibus

524 5046 698 5113 Caplis
736 5060 924 5099 earum
972 5043 1163 5098 caudis
1197 5041 1341 5098 faces
1371 5043 1626 5098 ardentes
1673 5044 1882 5116 alligat,
1925 5055 2092 5114 atque

526 5135 597 5186 ita
633 5135 688 5186 in
722 5133 1132 5188 Pal-aestiuorum
1182 5149 1340 5204 agros
1369 5149 1460 5186 cas
1497 5133 1762 5187 immittit.
1801 5134 1913 5189 lloc
1937 5145 2096 5205 pacto

525 5234 737 5294 segetes
769 5239 954 5277 eorum
983 5235 1190 5278 exusta:
1224 5225 1466 5278 fuerunt.
1529 5221 1609 5276 llli
1662 5225 1942 5294 segetibus
1973 5242 2097 5282 suc-

525 5319 706 5372 censis
728 5317 928 5371 bellmn
959 5318 1216 5373 Israelitis
1238 5318 1464 5385 faciunt,
1486 5319 1754 5390 simulque
1774 5321 2093 5376 Samsonem

597 5497 708 5570 ('52)
736 5496 1148 5570 Prometheum,
1178 5498 1478 5568 Orpheum,
1541 5498 1920 5565 Esaulapium
1974 5514 2090 5553 me-

523 5569 1202 5641 dicum.aclegislatorem
1264 5573 1589 5641 Lycurgum,
1633 5579 1890 5641 tanquam
1951 5585 2095 5622 con:-

530 5651 725 5694 taneos
748 5641 1092 5707 ad'tempora
1135 5639 1322 5693 Baraci
1379 5639 1689 5693 ct'lleborze
1750 5639 1937 5702 refert,
1969 5653 2092 5691 cum

527 5724 717 5786 tamen
757 5708 923 5786 rariis
975 5710 1358 5786 distinctisque
1401 5709 1638 5786 uixerint
1686 5709 2028 5786 temporibus
2073 5725 2086 5760 :

525 5779 621 5833 sed
659 5777 836 5851 Glyéa:
891 5777 1283 5848 ἀνιστορησίας
1338 5781 1434 5833 καὶ
1467 5778 1976 5848 παραχρονιομοὺς,
2031 5788 2090 5831 ut

2281 2124 2465 2192 Δεῖξαι
2495 2125 2553 2178 δὲ
2606 2125 2778 2181 θέλων
2809 2129 2835 2180 6
2866 2129 3001 2192 Θεὸς
3049 2131 3131 2184 ὅτι
3166 2133 3232 2201 τῇ
3261 2131 3496 2201 δυνάμει
3523 2133 3680 2186 αὒτοῦ
3710 2131 3774 2186 τὰ

2211 2218 2389 2270 πάντα
2413 2218 2653 2285 γίνονται
2687 2221 2784 2273 καλ⁵
2803 2220 2864 2272 οὐ
2891 2221 3088 2292 πλήθει
3124 2223 3286 2288 λαοῦ,
3325 2224 3678 2290 συμϐουλεύει
3705 2224 3773 2292 τῷ

2210 2307 2438 2374 Γεδεὼν,
2463 2309 2628 2378 ἡνίκα
2659 2311 2802 2364 κατὰ
2837 2313 3190 2384 Μαδιηναίων
3224 2319 3412 2386 ὁρμᾷν
3444 2317 3622 2386 ἧθελε,
3651 2315 3769 2384 περὶ

2214 2400 2490 2470 μεσοῦσαν
2543 2403 2762 2472 ἡμέραν
2823 2407 2881 2456 ὲν
2921 2407 3076 2478 ἀκμῇ
3117 2407 3213 2462 τοῦ
3279 2409 3565 2478 καύματος
3611 2408 3769 2470 ὄντος.

2210 2492 2490 2563 άγειντὴν
2531 2495 2794 2566 στρατιὰν
2824 2497 2914 2550 ἐπὶ
2938 2498 3028 2551 τὸν
3066 2501 3345 2570 ποταμὸν,
3390 2501 3628 2563 καὶτοὺς
3680 2499 3768 2568 μὲν

2212 2583 2644 2648 κατακλιθέντας
2677 2585 2776 2639 καὶ
2800 2585 2943 2641 οὕτω
2964 2588 3224 2653 πίνοντας
3247 2590 3523 2661 εὐψύχους
3549 2589 3768 2657 ὑπολαμ-

2213 2674 2420 2739 ϐάνειν,
2449 2675 2566 2728 ὅσοι
2589 2675 2634 2728 δ’
2659 2675 2728 2729 ἂν
2761 2677 3222 2749 ἐσπουδασμένως
3240 2683 3348 2736 καὶ
3381 2683 3524 2752 μετὰ
3559 2681 3764 2752 Θορύὸου

2215 2763 2459 2826 πίνοντες
2505 2765 2746 2834 τύχοιεν,
2780 2767 3006 2832 τούτους
3042 2771 3108 2841 δὴ
3162 2775 3420 2842 νομίζειν
3454 2773 3558 2828 ὑπὸ
3579 2773 3761 2834 δειλίας

2209 2855 2369 2909 τοῦτο
2400 2855 2655 2926 πάσχειν.
2683 2859 2790 2912 Τοῦ
2829 2861 3018 2930 μέντοι
3046 2862 3254 2916 Γεδεὼν
3297 2865 3438 2919 κατὰ
3461 2867 3554 2928 τὰς
3577 2863 3759 2933 ὑποθή-

2210 2944 2435 3014 κας,τοῦ
2492 2946 2630 3001 Θεοῦ
2669 2949 2998 3019 ποιήσαντος
3045 2955 3360 3023 τριακόσιοι
3419 2957 3603 3028 ἄνδρες
3627 2954 3762 3025 εὑρέ-

2211 3036 2384 3106 θησαν
2415 3038 2537 3101 ταῖς
2561 3040 2720 3109 χερσὶ
2762 3041 2905 3111 μετὰ
2932 3042 3139 3113 τρόμου
3183 3049 3679 3118 προσενεγκάμενοι
3707 3047 3759 3098 τὸ

2211 3128 2377 3199 ὕδωρ,
2410 3128 2483 3194 ὡς
2513 3131 2774 3202 Ἰώσηπος
2801 3133 3030 3209 ἱστορεῖ.
3055 3136 3220 3190 Ὅθεν
3246 3143 3354 3195 καὶ
3370 3142 3457 3196 διὰ
3488 3144 3590 3195 τῶν
3605 3137 3760 3194 τοιού·
3789 3137 3796 3148 ’

2209 3241 2316 3277 των
2347 3225 2452 3295 ἔφη
2470 3226 2498 3278 6
2523 3226 2655 3289 Θεὸς
2682 3231 2796 3291 τοῖς
2831 3229 3118 3300 πολεμίοις
3147 3233 3436 3304 ἐμϐαλεῖν.
3465 3236 3660 3298 Νυκτὸς
3677 3232 3759 3287 οὖν

2159 3384 2162 3386 γ
2209 3317 2396 3380 αὐτοῖς
2425 3318 2850 3388 ἐπεμϐαίνουσι,
2886 3322 3198 3392 σάλπιγγας
3221 3331 3358 3380 ταῖν
3393 3331 3565 3398 χεροῖν
3588 3327 3762 3396 φέρον-

2207 3425 2300 3474 τες
2325 3411 2420 3462 καὶ
2454 3411 2748 3482 λαμπάδας
2781 3415 3101 3486 ἁπτομένας
3134 3419 3294 3486 ἐντὸς
3325 3421 3558 3491 ἀγγείων
3592 3417 3755 3472 τινῶν.

2276 3583 2390 3637 Καὶ
2443 3585 2472 3636 6
2529 3584 2629 3654 μὲν
2663 3585 2871 3640 Γεδεὼν
2914 3589 3144 3659 γηραιὸς
3196 3593 3455 3666 τελευτᾷ,
3503 3592 3677 3654 παῖδες
3707 3589 3755 3642 δὲ

2191 3657 2345 3744 ’ἦσαν
2377 3674 2526 3746 αὖτῷ
2576 3677 2786 3746 γνήσιοι
2825 3679 2926 3748 μὲν
2960 3657 3004 3732 οἑ
3049 3681 3285 3748 (πολλὰς
3325 3657 3453 3758 γὰρ,
3476 3685 3636 3756 ἔγημε
3675 3697 3757 3749 γυ-

2204 3769 2446 3836 ναῖκας),
2479 3767 2636 3832 νόθος
2673 3769 2730 3822 δὲ
2776 3766 2854 3834 εἷς
2891 3773 2954 3824 ἐκ
2983 3773 3299 3845 παλλακῆς.
3343 3777 3431 3843 Ἐξ
3456 3775 3754 3845 ἐπαγγελίας

2204 3863 2382 3914 τίκτει
2411 3862 2438 3915 6
2477 3861 2698 3926 Μανωὲ,
2737 3862 2797 3916 τὸ
2839 3863 2898 3917 δὲ
2945 3866 3214 3937 γεννηθὲν
3249 3869 3469 3924 παιδίον
3503 3866 3752 3937 Σσέλψῶνα

2205 3950 2464 4003 καλοῦσιν
2486 3967 2501 3983 ·
2541 3953 2798 4022 ἰσχυρὸν
2819 3954 2878 4006 δὲ
2910 3955 3054 4010 κατὰ
3099 3956 3191 4009 τὸν
3229 3959 3496 4030 Ἰώσηπον
3525 3957 3752 4028 σημαίνει

2204 4043 2265 4094 τὸ
2313 4041 2506 4111 ὄνομα.
2555 4044 2872 4110 Τηνικαῦτα
2923 4048 3020 4102 καὶ
3065 4049 3353 4124 Ἡρακλῆς
3402 4051 3625 4122 ἤκμαζε.
3663 4047 3750 4098 Το-

2207 4133 2398 4186 σοῦτον
2427 4133 2492 4204 δὴ
2520 4131 2590 4206 ἦν
2617 4136 2861 4206 ἀνδρεῖος
2885 4139 2915 4192 6
2952 4139 3193 4209 Σαμψὼν
3227 4143 3313 4197 ὅτι
3360 4145 3448 4198 καὶ
3476 4141 3563 4194 ἐπὶ
3588 4137 3744 4199 Γάζαν

2207 4225 2468 4279 εἰσελθὼν
2531 4227 2626 4280 καὶ
2681 4228 2836 4300 παρὰ
2880 4229 3054 4302 πόρνῃ
3100 4234 3206 4286 τινὶ
3247 4234 3554 4304 καταχθεὶς,
3583 4223 3746 4292 ἐπειδὴ

2207 4321 2578 4388 παρετηρεϊτο
2637 4319 2789 4390 παρὰ
2845 4321 2955 4375 τῶν
3011 4325 3224 4389 ἐκεῖσε,
3285 4326 3635 4398 ἀνεμόχλευσε
3671 4317 3745 4372 διὰ

2205 4409 2407 4478 χειρῶν
2442 4411 2540 4472 τὰς
2587 4411 2763 4474 πύλας
2793 4413 2890 4468 καὶ
2920 4414 3164 4483 ἐξῆλθεν.
3217 4418 3376 4474 Ἀλλὰ
3405 4420 3495 4472 καὶ
3523 4413 3621 4485 πρὸ
3644 4408 3748 4463 τού·

2206 4519 2303 4554 του
2355 4501 2497 4556 κατὰ
2553 4503 2928 4558 Παλαιστινῶν
2959 4505 3101 4575 ἔχων
3146 4510 3175 4561 6
3218 4508 3458 4580 Σαμψὼν
3492 4507 3542 4560 τί
3590 4503 3743 4562 ποιεῦ

2205 4594 2409 4664 Θέρους
2471 4596 2620 4658 ὕντος
2677 4597 2774 4652 καὶ
2830 4599 2965 4668 πρὸς
3002 4600 3215 4670 ἄμητον
3271 4605 3372 4675 ἤδη
3417 4600 3522 4654 τῶν
3544 4591 3745 4665 καρπῶν

2206 4684 2564 4754 ἀκμαζόντων
2596 4685 2874 4740 συλλαϐὼν
2907 4689 3006 4751 τὰς
3063 4689 3374 4755 ἀλώπεκας,
3417 4691 3506 4744 καὶ
3541 4687 3641 4740 τῶν
3671 4681 3747 4735 ού-

2211 4775 2320 4845 ρὼν
2353 4776 2537 4828 αὐτῶν
2583 4777 2787 4848 ἐξάψας
2817 4778 3108 4848 λαμπάδας
3137 4783 3410 4852 ἡμμένας,
3443 4779 3656 4849 ἀφίησιν
3678 4769 3746 4829 είς

2207 4867 2306 4928 τὰς
2337 4865 2578 4938 ἀρούρας
2607 4867 2716 4922 τῶν
2748 4869 3144 4933 Παλαιστινῶν.
3180 4875 3275 4926 καὶ
3318 4872 3459 4925 οὕτω
3485 4867 3604 4927 τοὺς
3630 4874 3744 4926 καρ·

2208 4955 2346 5019 ποὺς
2374 4957 2557 5010 αὐτῶν
2609 4957 2942 5028 διέφθειρεν.
2985 4963 3047 5014 Οἱ
3095 4959 3190 5017 οὖν
3235 4961 3516 5031 ἀλλόφυλοι
3545 4952 3671 5024 μετὰ
3694 4947 3746 4999 τδ

2205 5047 2598 5118 ἐμπρησθῆναι
2625 5050 2726 5112 τὰς
2751 5051 2991 5122 ἀρούρας
3018 5053 3198 5107 αὐτῶν
3227 5056 3460 5122 πόλεμον
3479 5046 3606 5118 πρὸς
3633 5041 3744 5098 τ>ῖδς

2218 5137 2563 5207 Ἰσραηλίτας
2605 5134 2964 5206 συνάπτουσι,
3026 5145 3118 5197 τὸν
3169 5145 3406 5214 Σαμψὼν
3457 5135 3744 5202 αἰτούμενοι

2202 5229 2436 5283 ἔκδοτον.
2475 5231 2539 5282 Τί
2567 5227 2662 5285 οὖν
2690 5233 2741 5284 οἱ
2781 5233 3115 5304 Ἰσραηλῖται
3147 5252 3162 5301 ;
3209 5237 3322 5303 Try
3352 5233 3456 5286 τῶν
3497 5221 3742 5292 πολεμίων

2202 5321 2436 5384 δεδιότες
2486 5321 2678 5392 ἔφοδον
2733 5324 2958 5398 δέσμιον
3005 5329 3192 5392 αὐτοῖς
3235 5329 3327 5382 τὸν
3365 5319 3590 5392 Σαμψὼν
3616 5309 3739 5364 ἐκδιο

2201 5497 2312 5567 jam
2349 5500 2556 5563 monui,
2593 5503 2888 5558 emendare
2936 5513 3031 5559 aut
3093 5503 3337 5558 refellere
3391 5511 3494 5567 non
3523 5497 3600 5544 εει
3644 5493 3737 5567 ³³³9⁸

2203 5565 2434 5642 instituti
2465 5587 2479 5634 ;
2537 5587 2639 5626 nec
2671 5575 2814 5628 idem
2855 5575 3068 5632 sincere
3102 5575 3290 5640 refert,
3316 5585 3433 5640 quae
3461 5565 3739 5642 detrecft}:

2203 5640 2284 5715 tis_
2305 5624 2601 5697 Gedeonis
2621 5624 2721 5696 τάν
2739 5624 3024 5713 signa"
3041 5624 3266 5715 assii;
3279 5624 3290 5635 ’
3305 5624 3736 5698 ἕοωηιιιίιοιιίῡυε

2202 5710 2447 5766 referunt
2473 5728 2642 5768 sacrae
2690 5710 2922 5784 paginae.
