  <div class='ocr_page' id='page_1' title='image "/cluster/home/n/w/nwhite01/storage/ocr_20150623/158/coo.31924054870633/194.png"; bbox 0 0 3936 6456; ppageno 0'>
   <div class='ocr_carea' id='block_1_1' title="bbox 207 380 298 444">
    <p class='ocr_par' dir='ltr' id='par_1_1' title="bbox 207 380 298 444">
     <span class='ocr_line' id='line_1_1' title="bbox 207 380 298 444; baseline 0.033 -4"><span class='ocrx_word' id='word_1_1' title='bbox 207 380 298 444; x_wconf 76' lang='lat'><strong>317</strong></span> 
     </span>
    </p>
   </div>
   <div class='ocr_carea' id='block_1_2' title="bbox 1443 380 2215 443">
    <p class='ocr_par' dir='ltr' id='par_1_2' title="bbox 1443 380 2215 443">
     <span class='ocr_line' id='line_1_2' title="bbox 1443 380 2215 443; baseline 0.006 -5"><span class='ocrx_word' id='word_1_2' title='bbox 1443 380 1843 443; x_wconf 75' lang='lat' dir='ltr'><strong>ANNALIUM</strong></span> <span class='ocrx_word' id='word_1_3' title='bbox 1891 381 2090 441; x_wconf 76' lang='lat' dir='ltr'><strong>PARS</strong></span> <span class='ocrx_word' id='word_1_4' title='bbox 2130 383 2215 443; x_wconf 83' lang='lat' dir='ltr'><strong>ll.</strong></span> 
     </span>
    </p>
   </div>
   <div class='ocr_carea' id='block_1_3' title="bbox 3364 394 3470 458">
    <p class='ocr_par' dir='ltr' id='par_1_3' title="bbox 3364 394 3470 458">
     <span class='ocr_line' id='line_1_3' title="bbox 3364 394 3470 458; baseline -0.009 0"><span class='ocrx_word' id='word_1_5' title='bbox 3364 394 3470 458; x_wconf 81' lang='lat'><strong>318</strong></span> 
     </span>
    </p>
   </div>
   <div class='ocr_carea' id='block_1_4' title="bbox 202 471 1775 568">
    <p class='ocr_par' dir='ltr' id='par_1_4' title="bbox 202 471 1774 563">
     <span class='ocr_line' id='line_1_4' title="bbox 202 471 1774 563; baseline 0 -19"><span class='ocrx_word' id='word_1_6' title='bbox 202 471 367 546; x_wconf 65' lang='grc' dir='ltr'>δόασι.</span> <span class='ocrx_word' id='word_1_7' title='bbox 407 490 514 545; x_wconf 81' lang='lat' dir='ltr'><strong>Kal</strong></span> <span class='ocrx_word' id='word_1_8' title='bbox 545 489 602 554; x_wconf 80' lang='grc' dir='ltr'>ὃς</span> <span class='ocrx_word' id='word_1_9' title='bbox 635 489 760 543; x_wconf 83' lang='grc' dir='ltr'>ἰδὼν</span> <span class='ocrx_word' id='word_1_10' title='bbox 783 490 1025 554; x_wconf 79' lang='grc' dir='ltr'><strong>ἐκείνους</strong></span> <span class='ocrx_word' id='word_1_11' title='bbox 1053 492 1410 563; x_wconf 79' lang='grc' dir='ltr'><strong>ὁρμήσαντας</strong></span> <span class='ocrx_word' id='word_1_12' title='bbox 1455 494 1574 546; x_wconf 81' lang='grc' dir='ltr'>κατ’</span> <span class='ocrx_word' id='word_1_13' title='bbox 1605 493 1774 548; x_wconf 81' lang='grc' dir='ltr'>αὑτοῦ</span> 
     </span>
    </p>
   </div>
   <div class='ocr_carea' id='block_1_5' title="bbox 1880 471 3470 568">
    <p class='ocr_par' dir='ltr' id='par_1_5' title="bbox 1880 494 3470 568">
     <span class='ocr_line' id='line_1_5' title="bbox 1880 494 3470 568; baseline 0.011 -21"><span class='ocrx_word' id='word_1_14' title='bbox 1880 494 1982 547; x_wconf 86' lang='lat' dir='ltr'><strong>sibi</strong></span> <span class='ocrx_word' id='word_1_15' title='bbox 2022 495 2144 550; x_wconf 81' lang='lat' dir='ltr'><strong>dedi</strong></span> <span class='ocrx_word' id='word_1_16' title='bbox 2200 495 2416 565; x_wconf 85' lang='lat' dir='ltr'><strong>jubent.</strong></span> <span class='ocrx_word' id='word_1_17' title='bbox 2463 497 2604 568; x_wconf 86' lang='lat' dir='ltr'><strong>Quid</strong></span> <span class='ocrx_word' id='word_1_18' title='bbox 2659 501 2749 560; x_wconf 84' lang='lat' dir='ltr'><strong>hic</strong></span> <span class='ocrx_word' id='word_1_19' title='bbox 2796 504 3004 562; x_wconf 79' lang='lat' dir='ltr'><strong>factum</strong></span> <span class='ocrx_word' id='word_1_20' title='bbox 3052 505 3122 562; x_wconf 84' lang='lat' dir='ltr'><strong>ab</strong></span> <span class='ocrx_word' id='word_1_21' title='bbox 3161 507 3470 568; x_wconf 76' lang='lat' dir='ltr'><strong>lsraelitis?</strong></span> 
     </span>
    </p>
   </div>
   <div class='ocr_carea' id='block_1_6' title="bbox 203 582 1779 656">
    <p class='ocr_par' dir='ltr' id='par_1_6' title="bbox 203 582 1779 656">
     <span class='ocr_line' id='line_1_6' title="bbox 203 582 1779 656; baseline 0.001 -19"><span class='ocrx_word' id='word_1_22' title='bbox 203 587 265 638; x_wconf 68' lang='grc' dir='ltr'>τὰ</span> <span class='ocrx_word' id='word_1_23' title='bbox 307 585 405 654; x_wconf 85' lang='grc' dir='ltr'>μὲν</span> <span class='ocrx_word' id='word_1_24' title='bbox 451 582 628 653; x_wconf 76' lang='grc' dir='ltr'>δεσμὰ</span> <span class='ocrx_word' id='word_1_25' title='bbox 657 583 937 654; x_wconf 68' lang='grc' dir='ltr'>διέρρηξε,</span> <span class='ocrx_word' id='word_1_26' title='bbox 977 585 1205 653; x_wconf 77' lang='grc' dir='ltr'><strong>σιαγόνα</strong></span> <span class='ocrx_word' id='word_1_27' title='bbox 1233 586 1289 639; x_wconf 83' lang='grc' dir='ltr'>δὲ</span> <span class='ocrx_word' id='word_1_28' title='bbox 1325 585 1450 637; x_wconf 80' lang='grc' dir='ltr'>ὃνου</span> <span class='ocrx_word' id='word_1_29' title='bbox 1480 585 1666 639; x_wconf 81' lang='grc' dir='ltr'>λαϐὼν</span> <span class='ocrx_word' id='word_1_30' title='bbox 1697 604 1779 656; x_wconf 87' lang='grc' dir='ltr'>χι-</span> 
     </span>
    </p>
   </div>
   <div class='ocr_carea' id='block_1_7' title="bbox 202 673 1783 744">
    <p class='ocr_par' dir='ltr' id='par_1_7' title="bbox 202 673 1783 744">
     <span class='ocr_line' id='line_1_7' title="bbox 202 673 1783 744; baseline 0.002 -17"><span class='ocrx_word' id='word_1_31' title='bbox 202 676 342 739; x_wconf 82' lang='grc' dir='ltr'>λίους</span> <span class='ocrx_word' id='word_1_32' title='bbox 381 676 581 738; x_wconf 78' lang='grc' dir='ltr'>ἄνδρας</span> <span class='ocrx_word' id='word_1_33' title='bbox 610 674 721 726; x_wconf 81' lang='grc' dir='ltr'><strong>τῶν</strong></span> <span class='ocrx_word' id='word_1_34' title='bbox 757 673 1074 744; x_wconf 79' lang='grc' dir='ltr'><strong>ἀλλοφύλων</strong></span> <span class='ocrx_word' id='word_1_35' title='bbox 1110 675 1452 732; x_wconf 83' lang='grc' dir='ltr'>ἀπέκτεινεν.</span> <span class='ocrx_word' id='word_1_36' title='bbox 1495 675 1658 729; x_wconf 82' lang='grc' dir='ltr'>Ὅθεν</span> <span class='ocrx_word' id='word_1_37' title='bbox 1687 677 1783 730; x_wconf 74' lang='grc' dir='ltr'><strong>ἐπὶ</strong></span> 
     </span>
    </p>
   </div>
   <div class='ocr_carea' id='block_1_8' title="bbox 196 762 1780 836">
    <p class='ocr_par' dir='ltr' id='par_1_8' title="bbox 196 762 1780 836">
     <span class='ocr_line' id='line_1_8' title="bbox 196 762 1780 836; baseline -0.001 -15"><span class='ocrx_word' id='word_1_38' title='bbox 196 767 452 821; x_wconf 82' lang='grc' dir='ltr'>τοσοῦτον</span> <span class='ocrx_word' id='word_1_39' title='bbox 482 762 891 836; x_wconf 81' lang='grc' dir='ltr'><strong>ἀγωνιζόμενος</strong></span> <span class='ocrx_word' id='word_1_40' title='bbox 917 765 1021 820; x_wconf 83' lang='grc' dir='ltr'><strong>ὑπὸ</strong></span> <span class='ocrx_word' id='word_1_41' title='bbox 1048 765 1235 836; x_wconf 76' lang='grc' dir='ltr'>δίψους</span> <span class='ocrx_word' id='word_1_42' title='bbox 1263 764 1553 836; x_wconf 62' lang='grc' dir='ltr'>ἐφλέγετο.</span> <span class='ocrx_word' id='word_1_43' title='bbox 1585 767 1780 819; x_wconf 81' lang='grc' dir='ltr'>Δέεται</span> 
     </span>
    </p>
   </div>
   <div class='ocr_carea' id='block_1_9' title="bbox 196 852 1777 930">
    <p class='ocr_par' dir='ltr' id='par_1_9' title="bbox 196 852 1777 930">
     <span class='ocr_line' id='line_1_9' title="bbox 196 852 1777 930; baseline -0.002 -17"><span class='ocrx_word' id='word_1_44' title='bbox 196 857 287 913; x_wconf 82' lang='grc' dir='ltr'><strong>οὖν</strong></span> <span class='ocrx_word' id='word_1_45' title='bbox 327 858 422 913; x_wconf 80' lang='grc' dir='ltr'>τοῦ</span> <span class='ocrx_word' id='word_1_46' title='bbox 462 852 622 926; x_wconf 74' lang='grc' dir='ltr'>Θεοῦ,</span> <span class='ocrx_word' id='word_1_47' title='bbox 665 861 760 913; x_wconf 70' lang='grc' dir='ltr'>καὶ</span> <span class='ocrx_word' id='word_1_48' title='bbox 786 858 1097 930; x_wconf 81' lang='grc' dir='ltr'>τηνικαῦτα</span> <span class='ocrx_word' id='word_1_49' title='bbox 1141 860 1553 930; x_wconf 77' lang='grc' dir='ltr'>παραμυθεῖται</span> <span class='ocrx_word' id='word_1_50' title='bbox 1578 859 1777 912; x_wconf 81' lang='grc' dir='ltr'>αὐτόν·</span> 
     </span>
    </p>
   </div>
   <div class='ocr_carea' id='block_1_10' title="bbox 196 951 1780 1023">
    <p class='ocr_par' dir='ltr' id='par_1_10' title="bbox 196 951 1780 1023">
     <span class='ocr_line' id='line_1_10' title="bbox 196 951 1780 1023; baseline -0.001 -19"><span class='ocrx_word' id='word_1_51' title='bbox 196 954 227 1021; x_wconf 80' lang='grc' dir='ltr'>ἡ</span> <span class='ocrx_word' id='word_1_52' title='bbox 255 952 366 1022; x_wconf 91' lang='grc' dir='ltr'><strong>γάρ</strong></span> <span class='ocrx_word' id='word_1_53' title='bbox 409 951 617 1020; x_wconf 85' lang='grc' dir='ltr'>σιαγὼν</span> <span class='ocrx_word' id='word_1_54' title='bbox 657 951 789 1023; x_wconf 85' lang='grc' dir='ltr'>παρ’</span> <span class='ocrx_word' id='word_1_55' title='bbox 822 953 994 1006; x_wconf 80' lang='grc' dir='ltr'>αὐτοῦ</span> <span class='ocrx_word' id='word_1_56' title='bbox 1021 952 1342 1015; x_wconf 78' lang='grc' dir='ltr'>ὲκθ).;6εῖσα</span> <span class='ocrx_word' id='word_1_57' title='bbox 1369 952 1516 1022; x_wconf 78' lang='grc' dir='ltr'>ὕδωρ</span> <span class='ocrx_word' id='word_1_58' title='bbox 1549 953 1780 1004; x_wconf 75' lang='grc' dir='ltr'>ἔόλυσεν</span> 
     </span>
    </p>
   </div>
   <div class='ocr_carea' id='block_1_11' title="bbox 193 1044 1781 1117">
    <p class='ocr_par' dir='ltr' id='par_1_11' title="bbox 193 1044 1781 1117">
     <span class='ocr_line' id='line_1_11' title="bbox 193 1044 1781 1117; baseline -0.002 -18"><span class='ocrx_word' id='word_1_59' title='bbox 193 1045 443 1114; x_wconf 82' lang='grc' dir='ltr'>ἄφθονον.</span> <span class='ocrx_word' id='word_1_60' title='bbox 485 1044 650 1097; x_wconf 87' lang='grc' dir='ltr'>Ὅθεν</span> <span class='ocrx_word' id='word_1_61' title='bbox 682 1048 713 1109; x_wconf 92' lang='grc' dir='ltr'>ἠ</span> <span class='ocrx_word' id='word_1_62' title='bbox 749 1047 978 1116; x_wconf 83' lang='grc' dir='ltr'><strong>τοιαύτη</strong></span> <span class='ocrx_word' id='word_1_63' title='bbox 1041 1047 1192 1117; x_wconf 83' lang='grc' dir='ltr'>πηγὴ</span> <span class='ocrx_word' id='word_1_64' title='bbox 1249 1046 1412 1117; x_wconf 82' lang='grc' dir='ltr'>μέχρι</span> <span class='ocrx_word' id='word_1_65' title='bbox 1454 1047 1548 1098; x_wconf 79' lang='grc' dir='ltr'>καὶ</span> <span class='ocrx_word' id='word_1_66' title='bbox 1609 1045 1781 1114; x_wconf 82' lang='grc' dir='ltr'>τήμε-</span> 
     </span>
    </p>
   </div>
   <div class='ocr_carea' id='block_1_12' title="bbox 196 1134 1778 1209">
    <p class='ocr_par' dir='ltr' id='par_1_12' title="bbox 196 1134 1778 1209">
     <span class='ocr_line' id='line_1_12' title="bbox 196 1134 1778 1209; baseline -0.001 -17"><span class='ocrx_word' id='word_1_67' title='bbox 196 1157 286 1209; x_wconf 89' lang='grc' dir='ltr'><strong>ρον</strong></span> <span class='ocrx_word' id='word_1_68' title='bbox 317 1140 377 1190; x_wconf 85' lang='grc' dir='ltr'>ὲν</span> <span class='ocrx_word' id='word_1_69' title='bbox 428 1140 542 1200; x_wconf 84' lang='grc' dir='ltr'>τοῖς</span> <span class='ocrx_word' id='word_1_70' title='bbox 572 1137 922 1208; x_wconf 81' lang='grc' dir='ltr'>προαστείοις</span> <span class='ocrx_word' id='word_1_71' title='bbox 963 1134 1470 1208; x_wconf 76' lang='grc' dir='ltr'>Ἐλευθεροπόλεως</span> <span class='ocrx_word' id='word_1_72' title='bbox 1499 1137 1778 1206; x_wconf 85' lang='grc' dir='ltr'>φαίνεται,</span> 
     </span>
    </p>
   </div>
   <div class='ocr_carea' id='block_1_13' title="bbox 196 1223 1782 1301">
    <p class='ocr_par' dir='ltr' id='par_1_13' title="bbox 196 1223 1782 1301">
     <span class='ocr_line' id='line_1_13' title="bbox 196 1223 1782 1301; baseline -0.01 -19"><span class='ocrx_word' id='word_1_73' title='bbox 196 1230 447 1298; x_wconf 78' lang='grc' dir='ltr'>σιαγόνος</span> <span class='ocrx_word' id='word_1_74' title='bbox 491 1228 948 1299; x_wconf 75' lang='grc' dir='ltr'>ὲπονομαζομένη</span> <span class='ocrx_word' id='word_1_75' title='bbox 1001 1232 1178 1301; x_wconf 80' lang='grc' dir='ltr'>πηγή,</span> <span class='ocrx_word' id='word_1_76' title='bbox 1222 1229 1283 1282; x_wconf 87' lang='lat'><strong>&#39;0</strong></span> <span class='ocrx_word' id='word_1_77' title='bbox 1319 1229 1418 1300; x_wconf 76' lang='grc' dir='ltr'><strong>μὲν</strong></span> <span class='ocrx_word' id='word_1_78' title='bbox 1464 1223 1558 1281; x_wconf 70' lang='grc' dir='ltr'>οὖν</span> <span class='ocrx_word' id='word_1_79' title='bbox 1590 1227 1782 1297; x_wconf 65' lang='grc' dir='ltr'>ἰὡςη-</span> 
     </span>
    </p>
   </div>
   <div class='ocr_carea' id='block_1_14' title="bbox 193 1319 1782 1394">
    <p class='ocr_par' dir='ltr' id='par_1_14' title="bbox 193 1319 1782 1394">
     <span class='ocr_line' id='line_1_14' title="bbox 193 1319 1782 1394; baseline -0.003 -16"><span class='ocrx_word' id='word_1_80' title='bbox 193 1325 288 1387; x_wconf 87' lang='grc' dir='ltr'><strong>πός</strong></span> <span class='ocrx_word' id='word_1_81' title='bbox 318 1339 487 1393; x_wconf 85' lang='grc' dir='ltr'>φησιν</span> <span class='ocrx_word' id='word_1_82' title='bbox 547 1324 629 1375; x_wconf 82' lang='grc' dir='ltr'>ὅτι</span> <span class='ocrx_word' id='word_1_83' title='bbox 664 1324 731 1394; x_wconf 80' lang='grc' dir='ltr'>τῇ</span> <span class='ocrx_word' id='word_1_84' title='bbox 784 1325 966 1394; x_wconf 71' lang='grc' dir='ltr'>οἰκείᾳ</span> <span class='ocrx_word' id='word_1_85' title='bbox 1001 1322 1260 1392; x_wconf 65' lang='grc' dir='ltr'>δυνάμει,</span> <span class='ocrx_word' id='word_1_86' title='bbox 1306 1323 1404 1376; x_wconf 71' lang='grc' dir='ltr'><strong>καὶ</strong></span> <span class='ocrx_word' id='word_1_87' title='bbox 1433 1321 1494 1374; x_wconf 78' lang='grc' dir='ltr'><strong>ού</strong></span> <span class='ocrx_word' id='word_1_88' title='bbox 1535 1319 1612 1392; x_wconf 83' lang='grc' dir='ltr'>τῷ</span> <span class='ocrx_word' id='word_1_89' title='bbox 1664 1320 1782 1391; x_wconf 82' lang='grc' dir='ltr'><strong>Θεῷ</strong></span> 
     </span>
    </p>
   </div>
   <div class='ocr_carea' id='block_1_15' title="bbox 189 1412 1780 1485">
    <p class='ocr_par' dir='ltr' id='par_1_15' title="bbox 189 1412 1780 1485">
     <span class='ocr_line' id='line_1_15' title="bbox 189 1412 1780 1485; baseline -0.001 -19"><span class='ocrx_word' id='word_1_90' title='bbox 189 1415 287 1485; x_wconf 79' lang='grc' dir='ltr'>τὴν</span> <span class='ocrx_word' id='word_1_91' title='bbox 311 1413 469 1484; x_wconf 87' lang='grc' dir='ltr'>νίκην</span> <span class='ocrx_word' id='word_1_92' title='bbox 501 1412 954 1483; x_wconf 78' lang='grc' dir='ltr'>ἐπιγραψάμενος</span> <span class='ocrx_word' id='word_1_93' title='bbox 989 1413 1218 1484; x_wconf 72' lang='grc' dir='ltr'>διψῆσαι</span> <span class='ocrx_word' id='word_1_94' title='bbox 1245 1453 1258 1478; x_wconf 91' lang='grc'><strong>,</strong></span> <span class='ocrx_word' id='word_1_95' title='bbox 1290 1412 1433 1466; x_wconf 82' lang='grc' dir='ltr'>κατὰ</span> <span class='ocrx_word' id='word_1_96' title='bbox 1464 1413 1600 1465; x_wconf 76' lang='grc' dir='ltr'>πολὺ</span> <span class='ocrx_word' id='word_1_97' title='bbox 1645 1429 1780 1480; x_wconf 88' lang='grc' dir='ltr'>συγ-</span> 
     </span>
    </p>
   </div>
   <div class='ocr_carea' id='block_1_16' title="bbox 189 1505 1782 1578">
    <p class='ocr_par' dir='ltr' id='par_1_16' title="bbox 189 1505 1782 1578">
     <span class='ocr_line' id='line_1_16' title="bbox 189 1505 1782 1578; baseline -0.002 -17"><span class='ocrx_word' id='word_1_98' title='bbox 189 1505 527 1578; x_wconf 83' lang='grc' dir='ltr'>κεχώρηται.</span> <span class='ocrx_word' id='word_1_99' title='bbox 567 1507 712 1574; x_wconf 64' lang='grc' dir='ltr'>Πλὴν</span> <span class='ocrx_word' id='word_1_100' title='bbox 743 1507 772 1558; x_wconf 87' lang='grc' dir='ltr'><strong>ό</strong></span> <span class='ocrx_word' id='word_1_101' title='bbox 797 1506 1055 1569; x_wconf 77' lang='grc' dir='ltr'>τοσοῦτος</span> <span class='ocrx_word' id='word_1_102' title='bbox 1081 1507 1181 1578; x_wconf 78' lang='grc' dir='ltr'><strong>τὴν</strong></span> <span class='ocrx_word' id='word_1_103' title='bbox 1213 1507 1369 1575; x_wconf 69' lang='grc' dir='ltr'>ἰσχὺν</span> <span class='ocrx_word' id='word_1_104' title='bbox 1392 1506 1498 1559; x_wconf 81' lang='grc' dir='ltr'>ὑπὸ</span> <span class='ocrx_word' id='word_1_105' title='bbox 1521 1507 1782 1574; x_wconf 80' lang='grc' dir='ltr'>γυναικὸς</span> 
     </span>
    </p>
   </div>
   <div class='ocr_carea' id='block_1_17' title="bbox 196 1599 1780 1670">
    <p class='ocr_par' dir='ltr' id='par_1_17' title="bbox 196 1599 1780 1670">
     <span class='ocr_line' id='line_1_17' title="bbox 196 1599 1780 1670; baseline -0.001 -16"><span class='ocrx_word' id='word_1_106' title='bbox 196 1602 436 1668; x_wconf 81' lang='grc' dir='ltr'><strong>κατέστη</strong></span> <span class='ocrx_word' id='word_1_107' title='bbox 481 1600 736 1668; x_wconf 81' lang='grc' dir='ltr'>παίγνιον</span> <span class='ocrx_word' id='word_1_108' title='bbox 792 1599 1044 1670; x_wconf 72' lang='grc' dir='ltr'>ὕστερον.</span> <span class='ocrx_word' id='word_1_109' title='bbox 1079 1601 1234 1653; x_wconf 86' lang='grc' dir='ltr'>Μετὰ</span> <span class='ocrx_word' id='word_1_110' title='bbox 1268 1600 1442 1653; x_wconf 84' lang='grc' dir='ltr'>ταῦτα</span> <span class='ocrx_word' id='word_1_111' title='bbox 1491 1602 1600 1669; x_wconf 84' lang='grc' dir='ltr'><strong>γὰρ</strong></span> <span class='ocrx_word' id='word_1_112' title='bbox 1640 1599 1780 1669; x_wconf 77' lang='grc' dir='ltr'><strong>ὴγά·</strong></span> 
     </span>
    </p>
   </div>
   <div class='ocr_carea' id='block_1_18' title="bbox 200 1686 1782 1758">
    <p class='ocr_par' dir='ltr' id='par_1_18' title="bbox 200 1686 1782 1758">
     <span class='ocr_line' id='line_1_18' title="bbox 200 1686 1782 1758; baseline 0.003 -20"><span class='ocrx_word' id='word_1_113' title='bbox 200 1702 343 1755; x_wconf 83' lang='grc' dir='ltr'>πησε</span> <span class='ocrx_word' id='word_1_114' title='bbox 369 1686 470 1757; x_wconf 83' lang='grc' dir='ltr'><strong>τὴν</strong></span> <span class='ocrx_word' id='word_1_115' title='bbox 515 1688 578 1739; x_wconf 78' lang='grc' dir='ltr'>ἐκ</span> <span class='ocrx_word' id='word_1_116' title='bbox 619 1687 995 1741; x_wconf 80' lang='grc' dir='ltr'>Παλαιστινῶν</span> <span class='ocrx_word' id='word_1_117' title='bbox 1026 1688 1282 1752; x_wconf 82' lang='grc' dir='ltr'>Δαλιλὰν,</span> <span class='ocrx_word' id='word_1_118' title='bbox 1317 1688 1440 1758; x_wconf 81' lang='grc' dir='ltr'>ἥτις</span> <span class='ocrx_word' id='word_1_119' title='bbox 1475 1692 1629 1758; x_wconf 78' lang='grc' dir='ltr'>παρὰ</span> <span class='ocrx_word' id='word_1_120' title='bbox 1672 1689 1782 1742; x_wconf 85' lang='grc' dir='ltr'><strong>τῶν</strong></span> 
     </span>
    </p>
   </div>
   <div class='ocr_carea' id='block_1_19' title="bbox 190 1779 1782 1852">
    <p class='ocr_par' dir='ltr' id='par_1_19' title="bbox 190 1779 1782 1852">
     <span class='ocr_line' id='line_1_19' title="bbox 190 1779 1782 1852; baseline 0.002 -20"><span class='ocrx_word' id='word_1_121' title='bbox 190 1779 511 1848; x_wconf 72' lang='grc' dir='ltr'><strong>ἀλλοφύλων</strong></span> <span class='ocrx_word' id='word_1_122' title='bbox 573 1780 1028 1852; x_wconf 69' lang='grc' dir='ltr'>δωροφορηθεῖσα</span> <span class='ocrx_word' id='word_1_123' title='bbox 1097 1782 1250 1852; x_wconf 71' lang='grc' dir='ltr'>ἠξίου</span> <span class='ocrx_word' id='word_1_124' title='bbox 1311 1783 1475 1836; x_wconf 81' lang='grc' dir='ltr'>αὑτὸν</span> <span class='ocrx_word' id='word_1_125' title='bbox 1542 1783 1782 1847; x_wconf 66' lang='grc' dir='ltr'>ἐξειπεῖν</span> 
     </span>
    </p>
   </div>
   <div class='ocr_carea' id='block_1_20' title="bbox 1889 585 3470 659">
    <p class='ocr_par' dir='ltr' id='par_1_20' title="bbox 1889 585 3470 659">
     <span class='ocr_line' id='line_1_20' title="bbox 1889 585 3470 659; baseline 0.013 -20"><span class='ocrx_word' id='word_1_126' title='bbox 1889 585 2167 640; x_wconf 82' lang='lat' dir='ltr'><strong>Nimirum</strong></span> <span class='ocrx_word' id='word_1_127' title='bbox 2199 588 2274 642; x_wconf 93' lang='lat' dir='ltr'><strong>illi</strong></span> <span class='ocrx_word' id='word_1_128' title='bbox 2309 590 2539 646; x_wconf 76' lang='lat' dir='ltr'><strong>hostiles</strong></span> <span class='ocrx_word' id='word_1_129' title='bbox 2571 597 2825 652; x_wconf 88' lang='lat' dir='ltr'><strong>incursus</strong></span> <span class='ocrx_word' id='word_1_130' title='bbox 2853 598 3014 654; x_wconf 87' lang='lat' dir='ltr'><strong>veriti</strong></span> <span class='ocrx_word' id='word_1_131' title='bbox 3038 599 3281 656; x_wconf 84' lang='lat' dir='ltr'><strong>vinctum</strong></span> <span class='ocrx_word' id='word_1_132' title='bbox 3310 601 3470 659; x_wconf 89' lang='lat' dir='ltr'><strong>Sam-</strong></span> 
     </span>
    </p>
   </div>
   <div class='ocr_carea' id='block_1_21' title="bbox 1884 681 3469 754">
    <p class='ocr_par' dir='ltr' id='par_1_21' title="bbox 1884 681 3469 754">
     <span class='ocr_line' id='line_1_21' title="bbox 1884 681 3469 754; baseline 0.015 -23"><span class='ocrx_word' id='word_1_133' title='bbox 1884 693 2076 732; x_wconf 89' lang='lat' dir='ltr'><strong>soncm</strong></span> <span class='ocrx_word' id='word_1_134' title='bbox 2109 681 2189 735; x_wconf 91' lang='lat' dir='ltr'><strong>eis</strong></span> <span class='ocrx_word' id='word_1_135' title='bbox 2216 681 2446 738; x_wconf 88' lang='lat' dir='ltr'><strong>dedunt.</strong></span> <span class='ocrx_word' id='word_1_136' title='bbox 2484 684 2580 740; x_wconf 81' lang='lat' dir='ltr'><strong>llic</strong></span> <span class='ocrx_word' id='word_1_137' title='bbox 2623 704 2746 744; x_wconf 91' lang='lat' dir='ltr'><strong>cum</strong></span> <span class='ocrx_word' id='word_1_138' title='bbox 2799 691 2892 747; x_wconf 90' lang='lat' dir='ltr'><strong>ille</strong></span> <span class='ocrx_word' id='word_1_139' title='bbox 2936 691 3254 749; x_wconf 71' lang='lat' dir='ltr'><strong>Palaestinos</strong></span> <span class='ocrx_word' id='word_1_140' title='bbox 3293 695 3361 751; x_wconf 89' lang='lat' dir='ltr'><strong>ad</strong></span> <span class='ocrx_word' id='word_1_141' title='bbox 3408 712 3469 754; x_wconf 85' lang='lat' dir='ltr'><strong>se</strong></span> 
     </span>
    </p>
   </div>
   <div class='ocr_carea' id='block_1_22' title="bbox 1881 772 3468 855">
    <p class='ocr_par' dir='ltr' id='par_1_22' title="bbox 1881 772 3468 855">
     <span class='ocr_line' id='line_1_22' title="bbox 1881 772 3468 855; baseline 0.013 -32"><span class='ocrx_word' id='word_1_142' title='bbox 1881 772 2282 828; x_wconf 87' lang='lat' dir='ltr'><strong>contendentes</strong></span> <span class='ocrx_word' id='word_1_143' title='bbox 2309 787 2586 842; x_wconf 87' lang='lat' dir='ltr'><strong>cerneret,</strong></span> <span class='ocrx_word' id='word_1_144' title='bbox 2622 783 2797 852; x_wconf 90' lang='lat' dir='ltr'><strong>ruptis</strong></span> <span class='ocrx_word' id='word_1_145' title='bbox 2823 785 3056 839; x_wconf 77' lang='lat' dir='ltr'><strong>vini-niis</strong></span> <span class='ocrx_word' id='word_1_146' title='bbox 3087 787 3283 855; x_wconf 85' lang='lat' dir='ltr'><strong>quibus</strong></span> <span class='ocrx_word' id='word_1_147' title='bbox 3302 789 3468 843; x_wconf 85' lang='lat' dir='ltr'><strong>astri-</strong></span> 
     </span>
    </p>
   </div>
   <div class='ocr_carea' id='block_1_23' title="bbox 1883 866 3470 945">
    <p class='ocr_par' dir='ltr' id='par_1_23' title="bbox 1883 866 3470 945">
     <span class='ocr_line' id='line_1_23' title="bbox 1883 866 3470 945; baseline 0.013 -31"><span class='ocrx_word' id='word_1_148' title='bbox 1883 870 2005 915; x_wconf 86' lang='lat' dir='ltr'><strong>ctus</strong></span> <span class='ocrx_word' id='word_1_149' title='bbox 2032 871 2172 931; x_wconf 89' lang='lat' dir='ltr'><strong>erat,</strong></span> <span class='ocrx_word' id='word_1_150' title='bbox 2222 866 2360 919; x_wconf 93' lang='lat' dir='ltr'><strong>asini</strong></span> <span class='ocrx_word' id='word_1_151' title='bbox 2411 870 2686 925; x_wconf 75' lang='lat' dir='ltr'><strong>maxillam</strong></span> <span class='ocrx_word' id='word_1_152' title='bbox 2753 882 2948 929; x_wconf 87' lang='lat' dir='ltr'><strong>nactus</strong></span> <span class='ocrx_word' id='word_1_153' title='bbox 2979 877 3127 931; x_wconf 82' lang='lat' dir='ltr'><strong>mille</strong></span> <span class='ocrx_word' id='word_1_154' title='bbox 3159 877 3346 945; x_wconf 85' lang='lat' dir='ltr'><strong>hostes</strong></span> <span class='ocrx_word' id='word_1_155' title='bbox 3379 881 3470 934; x_wconf 88' lang='lat' dir='ltr'><strong>in-</strong></span> 
     </span>
    </p>
   </div>
   <div class='ocr_carea' id='block_1_24' title="bbox 1884 956 3469 1028">
    <p class='ocr_par' dir='ltr' id='par_1_24' title="bbox 1884 956 3469 1028">
     <span class='ocr_line' id='line_1_24' title="bbox 1884 956 3469 1028; baseline 0.014 -22"><span class='ocrx_word' id='word_1_156' title='bbox 1884 956 2104 1009; x_wconf 82' lang='lat' dir='ltr'><strong>terﬁcit.</strong></span> <span class='ocrx_word' id='word_1_157' title='bbox 2173 957 2324 1023; x_wconf 51' lang='lat' dir='ltr'><strong>.Cum</strong></span> <span class='ocrx_word' id='word_1_158' title='bbox 2388 970 2572 1016; x_wconf 85' lang='lat' dir='ltr'><strong>autem</strong></span> <span class='ocrx_word' id='word_1_159' title='bbox 2651 973 2804 1019; x_wconf 87' lang='lat' dir='ltr'><strong>tanta</strong></span> <span class='ocrx_word' id='word_1_160' title='bbox 2859 969 3060 1022; x_wconf 85' lang='lat' dir='ltr'><strong>virium</strong></span> <span class='ocrx_word' id='word_1_161' title='bbox 3114 971 3469 1028; x_wconf 74' lang='lat' dir='ltr'><strong>contentione</strong></span> 
     </span>
    </p>
   </div>
   <div class='ocr_carea' id='block_1_25' title="bbox 1886 1047 3467 1119">
    <p class='ocr_par' dir='ltr' id='par_1_25' title="bbox 1886 1047 3467 1119">
     <span class='ocr_line' id='line_1_25' title="bbox 1886 1047 3467 1119; baseline 0.014 -22"><span class='ocrx_word' id='word_1_162' title='bbox 1886 1047 2225 1116; x_wconf 68' lang='lat' dir='ltr'><strong>prasliaretur</strong></span> <span class='ocrx_word' id='word_1_163' title='bbox 2255 1050 2307 1103; x_wconf 87' lang='lat' dir='ltr'><strong>in</strong></span> <span class='ocrx_word' id='word_1_164' title='bbox 2348 1049 2584 1118; x_wconf 72' lang='lat' dir='ltr'><strong>hostem,</strong></span> <span class='ocrx_word' id='word_1_165' title='bbox 2617 1056 2819 1112; x_wconf 88' lang='lat' dir='ltr'><strong>accidit</strong></span> <span class='ocrx_word' id='word_1_166' title='bbox 2853 1067 2914 1114; x_wconf 90' lang='lat' dir='ltr'><strong>ut</strong></span> <span class='ocrx_word' id='word_1_167' title='bbox 2964 1057 3083 1116; x_wconf 91' lang='lat' dir='ltr'><strong>sitis</strong></span> <span class='ocrx_word' id='word_1_168' title='bbox 3111 1061 3312 1119; x_wconf 84' lang='lat' dir='ltr'><strong>ardens</strong></span> <span class='ocrx_word' id='word_1_169' title='bbox 3339 1078 3467 1118; x_wconf 88' lang='lat' dir='ltr'><strong>eum</strong></span> 
     </span>
    </p>
   </div>
   <div class='ocr_carea' id='block_1_26' title="bbox 1885 1137 3468 1215">
    <p class='ocr_par' dir='ltr' id='par_1_26' title="bbox 1885 1137 3468 1215">
     <span class='ocr_line' id='line_1_26' title="bbox 1885 1137 3468 1215; baseline 0.011 -28"><span class='ocrx_word' id='word_1_170' title='bbox 1885 1137 2129 1206; x_wconf 76' lang='lat' dir='ltr'><strong>graviter</strong></span> <span class='ocrx_word' id='word_1_171' title='bbox 2186 1138 2472 1209; x_wconf 75' lang='lat' dir='ltr'><strong>afﬂigeret.</strong></span> <span class='ocrx_word' id='word_1_172' title='bbox 2535 1142 2886 1215; x_wconf 73' lang='lat' dir='ltr'><strong>Quapropter</strong></span> <span class='ocrx_word' id='word_1_173' title='bbox 2961 1145 3132 1201; x_wconf 86' lang='lat' dir='ltr'><strong>Deum</strong></span> <span class='ocrx_word' id='word_1_174' title='bbox 3193 1147 3468 1214; x_wconf 83' lang='lat' dir='ltr'><strong>obsecrat,</strong></span> 
     </span>
    </p>
   </div>
   <div class='ocr_carea' id='block_1_27' title="bbox 1883 1229 3468 1304">
    <p class='ocr_par' dir='ltr' id='par_1_27' title="bbox 1883 1229 3468 1304">
     <span class='ocr_line' id='line_1_27' title="bbox 1883 1229 3468 1304; baseline 0.008 -22"><span class='ocrx_word' id='word_1_175' title='bbox 1883 1229 1974 1298; x_wconf 87' lang='lat' dir='ltr'><strong>qui</strong></span> <span class='ocrx_word' id='word_1_176' title='bbox 2008 1244 2136 1283; x_wconf 87' lang='lat' dir='ltr'><strong>mox</strong></span> <span class='ocrx_word' id='word_1_177' title='bbox 2182 1247 2342 1302; x_wconf 91' lang='lat' dir='ltr'><strong>opem</strong></span> <span class='ocrx_word' id='word_1_178' title='bbox 2383 1235 2748 1304; x_wconf 78' lang='lat' dir='ltr'><strong>suppeditans</strong></span> <span class='ocrx_word' id='word_1_179' title='bbox 2791 1237 3071 1292; x_wconf 82' lang='lat' dir='ltr'><strong>hominem</strong></span> <span class='ocrx_word' id='word_1_180' title='bbox 3135 1238 3468 1295; x_wconf 80' lang='lat' dir='ltr'><strong>consolatur.</strong></span> 
     </span>
    </p>
   </div>
   <div class='ocr_carea' id='block_1_28' title="bbox 1884 1319 3472 1402">
    <p class='ocr_par' dir='ltr' id='par_1_28' title="bbox 1884 1319 3472 1402">
     <span class='ocr_line' id='line_1_28' title="bbox 1884 1319 3472 1402; baseline 0.009 -30"><span class='ocrx_word' id='word_1_181' title='bbox 1884 1319 2099 1390; x_wconf 81' lang='lat' dir='ltr'><strong>Quippe</strong></span> <span class='ocrx_word' id='word_1_182' title='bbox 2131 1323 2198 1377; x_wconf 90' lang='lat' dir='ltr'><strong>de</strong></span> <span class='ocrx_word' id='word_1_183' title='bbox 2225 1325 2467 1390; x_wconf 76' lang='lat' dir='ltr'><strong>maxilla,</strong></span> <span class='ocrx_word' id='word_1_184' title='bbox 2510 1341 2673 1395; x_wconf 88' lang='lat' dir='ltr'><strong>quam</strong></span> <span class='ocrx_word' id='word_1_185' title='bbox 2725 1327 3027 1399; x_wconf 85' lang='lat' dir='ltr'><strong>abjecerat,</strong></span> <span class='ocrx_word' id='word_1_186' title='bbox 3073 1329 3265 1402; x_wconf 65' lang='lat' dir='ltr'><strong>ingens</strong></span> <span class='ocrx_word' id='word_1_187' title='bbox 3316 1346 3472 1402; x_wconf 64' lang='lat' dir='ltr'><strong>aqum</strong></span> 
     </span>
    </p>
   </div>
   <div class='ocr_carea' id='block_1_29' title="bbox 1885 1347 3470 1487">
    <p class='ocr_par' dir='ltr' id='par_1_29' title="bbox 1885 1347 3470 1487">
     <span class='ocr_line' id='line_1_29' title="bbox 1885 1347 3470 1402; baseline 0.009 -30"><span class='ocrx_word' id='word_1_188' title='bbox 1885 1347 2099 1390; x_wconf 57' lang='lat' dir='ltr'><strong>quippe</strong></span> <span class='ocrx_word' id='word_1_189' title='bbox 2131 1347 2198 1377; x_wconf 80' lang='lat' dir='ltr'><strong>ue</strong></span> <span class='ocrx_word' id='word_1_190' title='bbox 2225 1347 2467 1390; x_wconf 68' lang='lat' dir='ltr'><strong>&quot;Ianua,</strong></span> <span class='ocrx_word' id='word_1_191' title='bbox 2510 1347 2673 1395; x_wconf 85' lang='lat' dir='ltr'><strong>quam</strong></span> <span class='ocrx_word' id='word_1_192' title='bbox 2725 1347 3027 1399; x_wconf 69' lang='lat' dir='ltr'><strong>aujeccrat,</strong></span> <span class='ocrx_word' id='word_1_193' title='bbox 3073 1347 3127 1384; x_wconf 86' lang='lat' dir='ltr'><strong>In</strong></span> <span class='ocrx_word' id='word_1_194' title='bbox 3165 1347 3265 1387; x_wconf 89' lang='lat' dir='ltr'><strong>ens</strong></span> <span class='ocrx_word' id='word_1_195' title='bbox 3316 1347 3470 1402; x_wconf 76' lang='lat' dir='ltr'><strong>aquze</strong></span> 
     </span>
     <span class='ocr_line' id='line_1_30' title="bbox 1885 1347 3470 1487; baseline 0.008 -24"><span class='ocrx_word' id='word_1_196' title='bbox 1885 1413 2043 1480; x_wconf 86' lang='lat' dir='ltr'><strong>copia</strong></span> <span class='ocrx_word' id='word_1_197' title='bbox 2079 1415 2447 1480; x_wconf 75' lang='lat' dir='ltr'><strong>promanavit.</strong></span> <span class='ocrx_word' id='word_1_198' title='bbox 2484 1417 2665 1487; x_wconf 86' lang='lat' dir='ltr'><strong>Atque</strong></span> <span class='ocrx_word' id='word_1_199' title='bbox 2715 1419 2808 1474; x_wconf 88' lang='lat' dir='ltr'><strong>hic</strong></span> <span class='ocrx_word' id='word_1_200' title='bbox 2855 1417 2975 1475; x_wconf 75' lang='lat' dir='ltr'><strong>fons</strong></span> <span class='ocrx_word' id='word_1_201' title='bbox 3030 1347 3470 1477; x_wconf 42' lang='lat' dir='ltr'><strong>inémiliernum</strong></span> 
     </span>
    </p>
   </div>
   <div class='ocr_carea' id='block_1_30' title="bbox 1884 1503 3473 1585">
    <p class='ocr_par' dir='ltr' id='par_1_30' title="bbox 1884 1503 3473 1585">
     <span class='ocr_line' id='line_1_31' title="bbox 1884 1503 3473 1585; baseline 0.008 -29"><span class='ocrx_word' id='word_1_202' title='bbox 1884 1517 2058 1572; x_wconf 90' lang='lat' dir='ltr'><strong>usque</strong></span> <span class='ocrx_word' id='word_1_203' title='bbox 2095 1503 2238 1558; x_wconf 90' lang='lat' dir='ltr'><strong>diem</strong></span> <span class='ocrx_word' id='word_1_204' title='bbox 2274 1504 2328 1559; x_wconf 90' lang='lat' dir='ltr'><strong>in</strong></span> <span class='ocrx_word' id='word_1_205' title='bbox 2357 1507 2804 1580; x_wconf 89' lang='lat' dir='ltr'><strong>Eleutheropolis</strong></span> <span class='ocrx_word' id='word_1_206' title='bbox 2825 1511 3094 1568; x_wconf 88' lang='lat' dir='ltr'><strong>suburbio</strong></span> <span class='ocrx_word' id='word_1_207' title='bbox 3136 1515 3473 1585; x_wconf 82' lang='lat' dir='ltr'><strong>conspicitur</strong></span> 
     </span>
    </p>
   </div>
   <div class='ocr_carea' id='block_1_31' title="bbox 1884 1593 3476 1672">
    <p class='ocr_par' dir='ltr' id='par_1_31' title="bbox 1884 1593 3476 1672">
     <span class='ocr_line' id='line_1_32' title="bbox 1884 1593 3476 1672; baseline 0.008 -22"><span class='ocrx_word' id='word_1_208' title='bbox 1884 1603 1938 1650; x_wconf 90' lang='lat' dir='ltr'><strong>et</strong></span> <span class='ocrx_word' id='word_1_209' title='bbox 1971 1593 2116 1652; x_wconf 87' lang='lat' dir='ltr'><strong>Fons</strong></span> <span class='ocrx_word' id='word_1_210' title='bbox 2166 1598 2400 1654; x_wconf 77' lang='lat' dir='ltr'><strong>maxilla:</strong></span> <span class='ocrx_word' id='word_1_211' title='bbox 2446 1611 2822 1672; x_wconf 87' lang='lat' dir='ltr'><strong>nuncupatur.</strong></span> <span class='ocrx_word' id='word_1_212' title='bbox 2857 1603 3037 1672; x_wconf 84' lang='lat' dir='ltr'><strong>Atque</strong></span> <span class='ocrx_word' id='word_1_213' title='bbox 3081 1605 3188 1660; x_wconf 88' lang='lat' dir='ltr'><strong>hoc</strong></span> <span class='ocrx_word' id='word_1_214' title='bbox 3226 1605 3348 1661; x_wconf 91' lang='lat' dir='ltr'><strong>loco</strong></span> <span class='ocrx_word' id='word_1_215' title='bbox 3379 1605 3476 1662; x_wconf 85' lang='lat' dir='ltr'><strong>Jo-</strong></span> 
     </span>
    </p>
   </div>
   <div class='ocr_carea' id='block_1_32' title="bbox 1885 1688 3470 1759">
    <p class='ocr_par' dir='ltr' id='par_1_32' title="bbox 1885 1688 3470 1759">
     <span class='ocr_line' id='line_1_33' title="bbox 1885 1688 3470 1759; baseline 0.008 -17"><span class='ocrx_word' id='word_1_216' title='bbox 1885 1688 2092 1758; x_wconf 86' lang='lat' dir='ltr'><strong>sephus</strong></span> <span class='ocrx_word' id='word_1_217' title='bbox 2123 1691 2220 1756; x_wconf 85' lang='lat' dir='ltr'><strong>ait,</strong></span> <span class='ocrx_word' id='word_1_218' title='bbox 2257 1691 2404 1756; x_wconf 84' lang='lat' dir='ltr'><strong>quod</strong></span> <span class='ocrx_word' id='word_1_219' title='bbox 2435 1693 2552 1748; x_wconf 88' lang='lat' dir='ltr'><strong>suis</strong></span> <span class='ocrx_word' id='word_1_220' title='bbox 2599 1693 2835 1759; x_wconf 85' lang='lat' dir='ltr'><strong>viribus,</strong></span> <span class='ocrx_word' id='word_1_221' title='bbox 2868 1711 2980 1749; x_wconf 91' lang='lat' dir='ltr'><strong>non</strong></span> <span class='ocrx_word' id='word_1_222' title='bbox 3031 1694 3141 1750; x_wconf 88' lang='lat' dir='ltr'><strong>Deo</strong></span> <span class='ocrx_word' id='word_1_223' title='bbox 3179 1699 3470 1754; x_wconf 80' lang='lat' dir='ltr'><strong>victoriam</strong></span> 
     </span>
    </p>
   </div>
   <div class='ocr_carea' id='block_1_33' title="bbox 1885 1781 3472 1850">
    <p class='ocr_par' dir='ltr' id='par_1_33' title="bbox 1885 1781 3472 1850">
     <span class='ocr_line' id='line_1_34' title="bbox 1885 1781 3472 1850; baseline 0.008 -17"><span class='ocrx_word' id='word_1_224' title='bbox 1885 1788 2169 1849; x_wconf 83' lang='lat' dir='ltr'><strong>acceptam</strong></span> <span class='ocrx_word' id='word_1_225' title='bbox 2221 1781 2460 1847; x_wconf 88' lang='lat' dir='ltr'><strong>tulisset,</strong></span> <span class='ocrx_word' id='word_1_226' title='bbox 2510 1793 2662 1838; x_wconf 88' lang='lat' dir='ltr'><strong>tanta</strong></span> <span class='ocrx_word' id='word_1_227' title='bbox 2719 1784 2810 1840; x_wconf 87' lang='lat' dir='ltr'><strong>siti</strong></span> <span class='ocrx_word' id='word_1_228' title='bbox 2858 1802 2985 1850; x_wconf 79' lang='lat' dir='ltr'><strong>esse</strong></span> <span class='ocrx_word' id='word_1_229' title='bbox 3032 1797 3310 1844; x_wconf 82' lang='lat' dir='ltr'><strong>vexatum.</strong></span> <span class='ocrx_word' id='word_1_230' title='bbox 3363 1791 3472 1846; x_wconf 87' lang='lat' dir='ltr'><strong>Sed</strong></span> 
     </span>
    </p>
   </div>
   <div class='ocr_carea' id='block_1_34' title="bbox 186 1862 1775 1953">
    <p class='ocr_par' dir='ltr' id='par_1_34' title="bbox 186 1872 1775 1944">
     <span class='ocr_line' id='line_1_35' title="bbox 186 1872 1775 1944; baseline 0.002 -20"><span class='ocrx_word' id='word_1_231' title='bbox 186 1874 323 1944; x_wconf 77' lang='grc' dir='ltr'>αύτῇ</span> <span class='ocrx_word' id='word_1_232' title='bbox 357 1873 416 1924; x_wconf 84' lang='grc' dir='ltr'>ὲν</span> <span class='ocrx_word' id='word_1_233' title='bbox 443 1872 554 1926; x_wconf 83' lang='grc' dir='ltr'>τίνι</span> <span class='ocrx_word' id='word_1_234' title='bbox 584 1875 844 1942; x_wconf 80' lang='grc' dir='ltr'>τυγχάνει</span> <span class='ocrx_word' id='word_1_235' title='bbox 887 1876 920 1944; x_wconf 79' lang='grc' dir='ltr'>ἡ</span> <span class='ocrx_word' id='word_1_236' title='bbox 955 1875 1110 1944; x_wconf 76' lang='grc' dir='ltr'>ἰσχὺς</span> <span class='ocrx_word' id='word_1_237' title='bbox 1149 1874 1342 1928; x_wconf 83' lang='grc' dir='ltr'>αὑτοῦ.</span> <span class='ocrx_word' id='word_1_238' title='bbox 1379 1876 1488 1928; x_wconf 77' lang='grc' dir='ltr'><strong>Καὶ</strong></span> <span class='ocrx_word' id='word_1_239' title='bbox 1518 1874 1579 1938; x_wconf 79' lang='grc' dir='ltr'>ὃς</span> <span class='ocrx_word' id='word_1_240' title='bbox 1607 1891 1775 1944; x_wconf 83' lang='grc' dir='ltr'>παρε-</span> 
     </span>
    </p>
   </div>
   <div class='ocr_carea' id='block_1_35' title="bbox 1880 1862 3472 1953">
    <p class='ocr_par' dir='ltr' id='par_1_35' title="bbox 1883 1871 3472 1953">
     <span class='ocr_line' id='line_1_36' title="bbox 1883 1871 3472 1953; baseline 0.009 -28"><span class='ocrx_word' id='word_1_241' title='bbox 1883 1871 2031 1926; x_wconf 90' lang='lat' dir='ltr'><strong>enim</strong></span> <span class='ocrx_word' id='word_1_242' title='bbox 2077 1880 2231 1927; x_wconf 87' lang='lat' dir='ltr'><strong>tanto</strong></span> <span class='ocrx_word' id='word_1_243' title='bbox 2288 1875 2372 1928; x_wconf 82' lang='lat' dir='ltr'><strong>vir</strong></span> <span class='ocrx_word' id='word_1_244' title='bbox 2420 1886 2692 1946; x_wconf 80' lang='lat' dir='ltr'><strong>praestans</strong></span> <span class='ocrx_word' id='word_1_245' title='bbox 2740 1878 2942 1935; x_wconf 86' lang='lat' dir='ltr'><strong>robore</strong></span> <span class='ocrx_word' id='word_1_246' title='bbox 2997 1881 3258 1953; x_wconf 90' lang='lat' dir='ltr'><strong>deinceps</strong></span> <span class='ocrx_word' id='word_1_247' title='bbox 3305 1883 3472 1939; x_wconf 87' lang='lat' dir='ltr'><strong>unius</strong></span> 
     </span>
    </p>
   </div>
   <div class='ocr_carea' id='block_1_36' title="bbox 186 1963 1780 2039">
    <p class='ocr_par' dir='ltr' id='par_1_36' title="bbox 186 1963 1780 2039">
     <span class='ocr_line' id='line_1_37' title="bbox 186 1963 1780 2039; baseline 0.004 -24"><span class='ocrx_word' id='word_1_248' title='bbox 186 1963 436 2030; x_wconf 76' lang='grc' dir='ltr'>λογίζετο</span> <span class='ocrx_word' id='word_1_249' title='bbox 481 1965 582 2034; x_wconf 80' lang='grc' dir='ltr'>μὲν</span> <span class='ocrx_word' id='word_1_250' title='bbox 615 1965 790 2036; x_wconf 81' lang='grc' dir='ltr'>αὐτὴν</span> <span class='ocrx_word' id='word_1_251' title='bbox 838 1967 908 2021; x_wconf 90' lang='grc' dir='ltr'><strong>τά</strong></span> <span class='ocrx_word' id='word_1_252' title='bbox 941 1966 1164 2038; x_wconf 84' lang='grc' dir='ltr'>πρῶτα,</span> <span class='ocrx_word' id='word_1_253' title='bbox 1200 1967 1414 2036; x_wconf 81' lang='grc' dir='ltr'>λέγων’</span> <span class='ocrx_word' id='word_1_254' title='bbox 1457 1987 1476 2020; x_wconf 70' lang='grc' dir='ltr'><strong>ι</strong></span> <span class='ocrx_word' id='word_1_255' title='bbox 1517 1968 1645 2022; x_wconf 74' lang='grc' dir='ltr'>Ἐὰν</span> <span class='ocrx_word' id='word_1_256' title='bbox 1683 1968 1780 2039; x_wconf 80' lang='grc' dir='ltr'><strong>δή-</strong></span> 
     </span>
    </p>
   </div>
   <div class='ocr_carea' id='block_1_37' title="bbox 187 2055 1776 2132">
    <p class='ocr_par' dir='ltr' id='par_1_37' title="bbox 187 2055 1776 2132">
     <span class='ocr_line' id='line_1_38' title="bbox 187 2055 1776 2132; baseline 0.006 -27"><span class='ocrx_word' id='word_1_257' title='bbox 187 2055 323 2106; x_wconf 89' lang='grc' dir='ltr'>σωσί</span> <span class='ocrx_word' id='word_1_258' title='bbox 357 2071 424 2124; x_wconf 87' lang='grc' dir='ltr'><strong>με</strong></span> <span class='ocrx_word' id='word_1_259' title='bbox 456 2057 513 2108; x_wconf 83' lang='grc' dir='ltr'>ὲν</span> <span class='ocrx_word' id='word_1_260' title='bbox 539 2055 679 2125; x_wconf 63' lang='grc' dir='ltr'>ἐπτᾴ</span> <span class='ocrx_word' id='word_1_261' title='bbox 715 2058 1052 2127; x_wconf 83' lang='grc' dir='ltr'>κληματίσιν</span> <span class='ocrx_word' id='word_1_262' title='bbox 1076 2060 1299 2130; x_wconf 78' lang='grc' dir='ltr'>ὑγραῖς,</span> <span class='ocrx_word' id='word_1_263' title='bbox 1329 2059 1496 2130; x_wconf 74' lang='grc' dir='ltr'>ἤγουν</span> <span class='ocrx_word' id='word_1_264' title='bbox 1530 2062 1776 2132; x_wconf 82' lang='grc' dir='ltr'>νευραῖς,</span> 
     </span>
    </p>
   </div>
   <div class='ocr_carea' id='block_1_38' title="bbox 188 2146 1781 2222">
    <p class='ocr_par' dir='ltr' id='par_1_38' title="bbox 188 2146 1781 2222">
     <span class='ocr_line' id='line_1_39' title="bbox 188 2146 1781 2222; baseline 0.006 -23"><span class='ocrx_word' id='word_1_265' title='bbox 188 2147 461 2217; x_wconf 83' lang='grc' dir='ltr'>ἀτονήσω,</span> <span class='ocrx_word' id='word_1_266' title='bbox 495 2152 592 2204; x_wconf 73' lang='grc' dir='ltr'><strong>καὶ</strong></span> <span class='ocrx_word' id='word_1_267' title='bbox 622 2148 820 2220; x_wconf 79' lang='grc' dir='ltr'>ἔσομαι</span> <span class='ocrx_word' id='word_1_268' title='bbox 845 2151 921 2215; x_wconf 83' lang='grc' dir='ltr'>ὡς</span> <span class='ocrx_word' id='word_1_269' title='bbox 957 2146 1039 2214; x_wconf 73' lang='grc' dir='ltr'>εἷς</span> <span class='ocrx_word' id='word_1_270' title='bbox 1079 2152 1194 2206; x_wconf 86' lang='grc' dir='ltr'><strong>τῶν</strong></span> <span class='ocrx_word' id='word_1_271' title='bbox 1227 2153 1559 2222; x_wconf 81' lang='grc' dir='ltr'>ἀνθρώπιον.</span> <span class='ocrx_word' id='word_1_272' title='bbox 1601 2173 1621 2206; x_wconf 74' lang='grc' dir='ltr'><strong>ι</strong></span> <span class='ocrx_word' id='word_1_273' title='bbox 1672 2155 1781 2209; x_wconf 78' lang='lat' dir='ltr'><strong>Kal</strong></span> 
     </span>
    </p>
   </div>
   <div class='ocr_carea' id='block_1_39' title="bbox 185 2240 1781 2319">
    <p class='ocr_par' dir='ltr' id='par_1_39' title="bbox 185 2240 1781 2319">
     <span class='ocr_line' id='line_1_40' title="bbox 185 2240 1781 2319; baseline 0.006 -28"><span class='ocrx_word' id='word_1_274' title='bbox 185 2241 250 2310; x_wconf 74' lang='grc' dir='ltr'><strong>δη</strong></span> <span class='ocrx_word' id='word_1_275' title='bbox 272 2240 520 2296; x_wconf 78' lang='grc' dir='ltr'>λαϐοῦσα</span> <span class='ocrx_word' id='word_1_276' title='bbox 551 2245 752 2314; x_wconf 71' lang='grc' dir='ltr'>νευρὰς</span> <span class='ocrx_word' id='word_1_277' title='bbox 792 2245 981 2316; x_wconf 78' lang='grc' dir='ltr'>ἔδησεν</span> <span class='ocrx_word' id='word_1_278' title='bbox 1019 2247 1210 2310; x_wconf 77' lang='grc' dir='ltr'>αὐτὸν,</span> <span class='ocrx_word' id='word_1_279' title='bbox 1270 2242 1373 2300; x_wconf 76' lang='grc' dir='ltr'>εἷθ’</span> <span class='ocrx_word' id='word_1_280' title='bbox 1417 2247 1591 2311; x_wconf 80' lang='grc' dir='ltr'>οὕτως</span> <span class='ocrx_word' id='word_1_281' title='bbox 1622 2248 1781 2319; x_wconf 80' lang='grc' dir='ltr'>ἐσόη-</span> 
     </span>
    </p>
   </div>
   <div class='ocr_carea' id='block_1_40' title="bbox 186 2334 1781 2411">
    <p class='ocr_par' dir='ltr' id='par_1_40' title="bbox 186 2334 1781 2411">
     <span class='ocr_line' id='line_1_41' title="bbox 186 2334 1781 2411; baseline 0.006 -26"><span class='ocrx_word' id='word_1_282' title='bbox 186 2349 278 2386; x_wconf 82' lang='grc' dir='ltr'><strong>σεν</strong></span> <span class='ocrx_word' id='word_1_283' title='bbox 305 2350 318 2364; x_wconf 78' lang='grc'><em>”</em></span> <span class='ocrx_word' id='word_1_284' title='bbox 359 2351 377 2384; x_wconf 78' lang='grc' dir='ltr'><strong>ι</strong></span> <span class='ocrx_word' id='word_1_285' title='bbox 430 2334 748 2404; x_wconf 72' lang='grc' dir='ltr'>Ἀλλόςρυλοι</span> <span class='ocrx_word' id='word_1_286' title='bbox 785 2338 880 2391; x_wconf 77' lang='grc' dir='ltr'>ἐπὶ</span> <span class='ocrx_word' id='word_1_287' title='bbox 931 2337 1016 2403; x_wconf 83' lang='grc' dir='ltr'>σὲ,</span> <span class='ocrx_word' id='word_1_288' title='bbox 1051 2339 1314 2411; x_wconf 65' lang='grc' dir='ltr'>Σαμψών.</span> <span class='ocrx_word' id='word_1_289' title='bbox 1348 2358 1367 2392; x_wconf 73' lang='grc' dir='ltr'><strong>ι</strong></span> <span class='ocrx_word' id='word_1_290' title='bbox 1413 2341 1524 2392; x_wconf 78' lang='grc' dir='ltr'>Καὶ</span> <span class='ocrx_word' id='word_1_291' title='bbox 1561 2341 1621 2405; x_wconf 87' lang='grc' dir='ltr'>ὃς</span> <span class='ocrx_word' id='word_1_292' title='bbox 1650 2342 1781 2394; x_wconf 89' lang='grc' dir='ltr'>ἀνα-</span> 
     </span>
    </p>
   </div>
   <div class='ocr_carea' id='block_1_41' title="bbox 192 2427 1795 2508">
    <p class='ocr_par' dir='ltr' id='par_1_41' title="bbox 192 2427 1795 2508">
     <span class='ocr_line' id='line_1_42' title="bbox 192 2427 1795 2508; baseline 0.006 -30"><span class='ocrx_word' id='word_1_293' title='bbox 192 2429 322 2490; x_wconf 77' lang='grc' dir='ltr'>στὰς</span> <span class='ocrx_word' id='word_1_294' title='bbox 352 2427 641 2500; x_wconf 79' lang='grc' dir='ltr'>δίερῤηξεν</span> <span class='ocrx_word' id='word_1_295' title='bbox 674 2430 866 2495; x_wconf 81' lang='grc' dir='ltr'>αὐτάς.</span> <span class='ocrx_word' id='word_1_296' title='bbox 916 2431 1395 2501; x_wconf 85' lang='grc' dir='ltr'>Παραλογισοεῖσα</span> <span class='ocrx_word' id='word_1_297' title='bbox 1429 2432 1524 2486; x_wconf 77' lang='grc' dir='ltr'><strong>οὖν</strong></span> <span class='ocrx_word' id='word_1_298' title='bbox 1565 2435 1795 2508; x_wconf 59' lang='grc' dir='ltr'><strong>ὲνέκειω¹</strong></span> 
     </span>
    </p>
   </div>
   <div class='ocr_carea' id='block_1_42' title="bbox 190 2512 1780 2595">
    <p class='ocr_par' dir='ltr' id='par_1_42' title="bbox 190 2512 1780 2595">
     <span class='ocr_line' id='line_1_43' title="bbox 190 2512 1780 2595; baseline 0.009 -29"><span class='ocrx_word' id='word_1_299' title='bbox 190 2531 268 2579; x_wconf 82' lang='grc' dir='ltr'><strong>το,</strong></span> <span class='ocrx_word' id='word_1_300' title='bbox 302 2516 401 2568; x_wconf 76' lang='grc' dir='ltr'><strong>καὶ</strong></span> <span class='ocrx_word' id='word_1_301' title='bbox 432 2512 592 2581; x_wconf 81' lang='grc' dir='ltr'>αὖθις</span> <span class='ocrx_word' id='word_1_302' title='bbox 624 2517 780 2587; x_wconf 66' lang='grc' dir='ltr'>ἠξίου</span> <span class='ocrx_word' id='word_1_303' title='bbox 818 2521 1013 2590; x_wconf 82' lang='grc' dir='ltr'>μαθεῖν</span> <span class='ocrx_word' id='word_1_304' title='bbox 1046 2521 1171 2575; x_wconf 83' lang='grc' dir='ltr'>ὅθεν</span> <span class='ocrx_word' id='word_1_305' title='bbox 1201 2523 1234 2591; x_wconf 78' lang='grc' dir='ltr'>ἡ</span> <span class='ocrx_word' id='word_1_306' title='bbox 1279 2523 1435 2593; x_wconf 74' lang='grc' dir='ltr'>ἰσχὺς</span> <span class='ocrx_word' id='word_1_307' title='bbox 1469 2523 1638 2595; x_wconf 80' lang='grc' dir='ltr'>αὐτῷ.</span> <span class='ocrx_word' id='word_1_308' title='bbox 1668 2527 1780 2580; x_wconf 80' lang='grc' dir='ltr'><strong>Καὶ</strong></span> 
     </span>
    </p>
   </div>
   <div class='ocr_carea' id='block_1_43' title="bbox 191 2605 1779 2688">
    <p class='ocr_par' dir='ltr' id='par_1_43' title="bbox 191 2605 1779 2688">
     <span class='ocr_line' id='line_1_44' title="bbox 191 2605 1779 2688; baseline 0.01 -31"><span class='ocrx_word' id='word_1_309' title='bbox 191 2605 247 2668; x_wconf 83' lang='grc' dir='ltr'>ὃς</span> <span class='ocrx_word' id='word_1_310' title='bbox 293 2607 524 2661; x_wconf 86' lang='grc' dir='ltr'>ἀπατῶν</span> <span class='ocrx_word' id='word_1_311' title='bbox 587 2610 761 2681; x_wconf 82' lang='grc' dir='ltr'>αὐτὴν</span> <span class='ocrx_word' id='word_1_312' title='bbox 818 2611 1045 2681; x_wconf 72' lang='grc' dir='ltr'><strong>ίέλεγεν⁸</strong></span> <span class='ocrx_word' id='word_1_313' title='bbox 1081 2631 1100 2665; x_wconf 77' lang='grc' dir='ltr'><strong>ι</strong></span> <span class='ocrx_word' id='word_1_314' title='bbox 1146 2614 1274 2669; x_wconf 81' lang='grc' dir='ltr'><strong>Ἐὰν</strong></span> <span class='ocrx_word' id='word_1_315' title='bbox 1322 2615 1534 2686; x_wconf 78' lang='grc' dir='ltr'>δήσωσί</span> <span class='ocrx_word' id='word_1_316' title='bbox 1598 2632 1666 2688; x_wconf 85' lang='grc' dir='ltr'><strong>με</strong></span> <span class='ocrx_word' id='word_1_317' title='bbox 1718 2622 1779 2673; x_wconf 82' lang='grc' dir='ltr'>ἐν</span> 
     </span>
    </p>
   </div>
   <div class='ocr_carea' id='block_1_44' title="bbox 191 2697 1770 2782">
    <p class='ocr_par' dir='ltr' id='par_1_44' title="bbox 191 2697 1770 2782">
     <span class='ocr_line' id='line_1_45' title="bbox 191 2697 1770 2782; baseline 0.01 -33"><span class='ocrx_word' id='word_1_318' title='bbox 191 2697 326 2752; x_wconf 77' lang='grc' dir='ltr'>ἑπτὰ</span> <span class='ocrx_word' id='word_1_319' title='bbox 376 2700 660 2766; x_wconf 78' lang='grc' dir='ltr'>καλωδίοις</span> <span class='ocrx_word' id='word_1_320' title='bbox 695 2703 963 2768; x_wconf 81' lang='grc' dir='ltr'>ἀθίκτοις,</span> <span class='ocrx_word' id='word_1_321' title='bbox 1011 2705 1255 2776; x_wconf 72' lang='grc' dir='ltr'>ἐκλείψει</span> <span class='ocrx_word' id='word_1_322' title='bbox 1307 2709 1340 2778; x_wconf 82' lang='grc' dir='ltr'>ὴ</span> <span class='ocrx_word' id='word_1_323' title='bbox 1391 2709 1546 2780; x_wconf 86' lang='grc' dir='ltr'>ίσχύς</span> <span class='ocrx_word' id='word_1_324' title='bbox 1582 2729 1706 2782; x_wconf 87' lang='grc' dir='ltr'>μου.</span> <span class='ocrx_word' id='word_1_325' title='bbox 1751 2731 1770 2764; x_wconf 72' lang='grc' dir='ltr'><strong>ι</strong></span> 
     </span>
    </p>
   </div>
   <div class='ocr_carea' id='block_1_45' title="bbox 189 2787 1777 2872">
    <p class='ocr_par' dir='ltr' id='par_1_45' title="bbox 189 2787 1777 2872">
     <span class='ocr_line' id='line_1_46' title="bbox 189 2787 1777 2872; baseline 0.009 -27"><span class='ocrx_word' id='word_1_326' title='bbox 189 2792 506 2863; x_wconf 79' lang='grc' dir='ltr'>Ποιησάσης</span> <span class='ocrx_word' id='word_1_327' title='bbox 548 2787 643 2848; x_wconf 75' lang='grc' dir='ltr'><strong>οὖν</strong></span> <span class='ocrx_word' id='word_1_328' title='bbox 692 2797 788 2849; x_wconf 76' lang='grc' dir='ltr'><strong>καὶ</strong></span> <span class='ocrx_word' id='word_1_329' title='bbox 826 2796 1008 2865; x_wconf 82' lang='grc' dir='ltr'>τοῦτο,</span> <span class='ocrx_word' id='word_1_330' title='bbox 1037 2799 1131 2852; x_wconf 85' lang='grc' dir='ltr'>καὶ</span> <span class='ocrx_word' id='word_1_331' title='bbox 1168 2800 1448 2872; x_wconf 74' lang='grc' dir='ltr'>βοησάσης</span> <span class='ocrx_word' id='word_1_332' title='bbox 1477 2820 1492 2836; x_wconf 76' lang='grc' dir='ltr'><strong>ο</strong></span> <span class='ocrx_word' id='word_1_333' title='bbox 1529 2821 1548 2855; x_wconf 76' lang='grc' dir='ltr'><strong>ι</strong></span> <span class='ocrx_word' id='word_1_334' title='bbox 1595 2805 1777 2859; x_wconf 75' lang='grc' dir='ltr'>Ἀλλόσ</span> 
     </span>
    </p>
   </div>
   <div class='ocr_carea' id='block_1_46' title="bbox 193 2885 1772 2970">
    <p class='ocr_par' dir='ltr' id='par_1_46' title="bbox 193 2885 1772 2970">
     <span class='ocr_line' id='line_1_47' title="bbox 193 2885 1772 2970; baseline 0.008 -33"><span class='ocrx_word' id='word_1_335' title='bbox 193 2885 350 2954; x_wconf 84' lang='grc' dir='ltr'>φυλοι</span> <span class='ocrx_word' id='word_1_336' title='bbox 379 2887 474 2940; x_wconf 74' lang='grc' dir='ltr'><strong>ἐπὶ</strong></span> <span class='ocrx_word' id='word_1_337' title='bbox 515 2887 598 2952; x_wconf 77' lang='grc' dir='ltr'><strong>σὲ,</strong></span> <span class='ocrx_word' id='word_1_338' title='bbox 630 2888 895 2958; x_wconf 71' lang='grc' dir='ltr'>Σαμψὼν,</span> <span class='ocrx_word' id='word_1_339' title='bbox 930 2909 947 2942; x_wconf 84' lang='grc'><strong>›</strong></span> <span class='ocrx_word' id='word_1_340' title='bbox 989 2891 1278 2962; x_wconf 73' lang='grc' dir='ltr'>διέρρηξεν</span> <span class='ocrx_word' id='word_1_341' title='bbox 1314 2894 1455 2948; x_wconf 82' lang='grc' dir='ltr'>αὐτὰ</span> <span class='ocrx_word' id='word_1_342' title='bbox 1490 2898 1772 2970; x_wconf 81' lang='grc' dir='ltr'>παραχρῆ-</span> 
     </span>
    </p>
   </div>
   <div class='ocr_carea' id='block_1_47' title="bbox 198 2978 1776 3060">
    <p class='ocr_par' dir='ltr' id='par_1_47' title="bbox 198 2978 1776 3060">
     <span class='ocr_line' id='line_1_48' title="bbox 198 2978 1776 3060; baseline 0.008 -31"><span class='ocrx_word' id='word_1_343' title='bbox 198 2995 270 3048; x_wconf 86' lang='grc' dir='ltr'><strong>μα</strong></span> <span class='ocrx_word' id='word_1_344' title='bbox 329 2978 396 3031; x_wconf 80' lang='grc' dir='ltr'>ὲκ</span> <span class='ocrx_word' id='word_1_345' title='bbox 453 2980 565 3034; x_wconf 83' lang='grc' dir='ltr'><strong>τῶν</strong></span> <span class='ocrx_word' id='word_1_346' title='bbox 622 2980 930 3052; x_wconf 85' lang='grc' dir='ltr'>βραχίονων</span> <span class='ocrx_word' id='word_1_347' title='bbox 961 2983 1153 3037; x_wconf 74' lang='grc' dir='ltr'>αὑτοῦ.</span> <span class='ocrx_word' id='word_1_348' title='bbox 1183 2985 1353 3038; x_wconf 86' lang='grc' dir='ltr'>Πάλιν</span> <span class='ocrx_word' id='word_1_349' title='bbox 1385 2985 1480 3040; x_wconf 76' lang='grc' dir='ltr'><strong>οὖν</strong></span> <span class='ocrx_word' id='word_1_350' title='bbox 1515 2988 1776 3060; x_wconf 78' lang='grc' dir='ltr'>ἀξιούσης</span> 
     </span>
    </p>
   </div>
   <div class='ocr_carea' id='block_1_48' title="bbox 191 3070 1777 3151">
    <p class='ocr_par' dir='ltr' id='par_1_48' title="bbox 191 3070 1777 3151">
     <span class='ocr_line' id='line_1_49' title="bbox 191 3070 1777 3151; baseline 0.005 -27"><span class='ocrx_word' id='word_1_351' title='bbox 191 3070 358 3142; x_wconf 87' lang='grc' dir='ltr'>αύτῆς</span> <span class='ocrx_word' id='word_1_352' title='bbox 400 3071 589 3142; x_wconf 74' lang='grc' dir='ltr'>ἔλεγεν</span> <span class='ocrx_word' id='word_1_353' title='bbox 617 3088 632 3103; x_wconf 89' lang='grc'><strong>·</strong></span> <span class='ocrx_word' id='word_1_354' title='bbox 669 3092 695 3151; x_wconf 11' lang='grc' dir='ltr'><strong>«Α</strong></span> <span class='ocrx_word' id='word_1_355' title='bbox 733 3074 862 3126; x_wconf 83' lang='grc' dir='ltr'><strong>Ἐὰν</strong></span> <span class='ocrx_word' id='word_1_356' title='bbox 917 3075 1045 3138; x_wconf 79' lang='grc' dir='ltr'>τοὺς</span> <span class='ocrx_word' id='word_1_357' title='bbox 1109 3076 1252 3128; x_wconf 82' lang='grc' dir='ltr'>ἑπτὰ</span> <span class='ocrx_word' id='word_1_358' title='bbox 1301 3077 1639 3148; x_wconf 83' lang='grc' dir='ltr'>βοστρύχους</span> <span class='ocrx_word' id='word_1_359' title='bbox 1678 3079 1777 3149; x_wconf 80' lang='grc' dir='ltr'><strong>τῆς</strong></span> 
     </span>
    </p>
   </div>
   <div class='ocr_carea' id='block_1_49' title="bbox 191 3163 1773 3238">
    <p class='ocr_par' dir='ltr' id='par_1_49' title="bbox 191 3163 1773 3238">
     <span class='ocr_line' id='line_1_50' title="bbox 191 3163 1773 3238; baseline 0.007 -23"><span class='ocrx_word' id='word_1_360' title='bbox 191 3163 427 3233; x_wconf 76' lang='grc' dir='ltr'>κεφαλῆς</span> <span class='ocrx_word' id='word_1_361' title='bbox 453 3183 554 3236; x_wconf 86' lang='grc' dir='ltr'><strong>μου</strong></span> <span class='ocrx_word' id='word_1_362' title='bbox 585 3167 886 3230; x_wconf 83' lang='grc' dir='ltr'>διεστῶτας</span> <span class='ocrx_word' id='word_1_363' title='bbox 925 3168 1020 3221; x_wconf 84' lang='grc' dir='ltr'>ἀπ’</span> <span class='ocrx_word' id='word_1_364' title='bbox 1046 3168 1298 3238; x_wconf 78' lang='grc' dir='ltr'>ἀλλήλων</span> <span class='ocrx_word' id='word_1_365' title='bbox 1345 3172 1443 3222; x_wconf 79' lang='grc' dir='ltr'>ἐπὶ</span> <span class='ocrx_word' id='word_1_366' title='bbox 1473 3171 1773 3226; x_wconf 79' lang='grc' dir='ltr'>πασσάλων</span> 
     </span>
    </p>
   </div>
   <div class='ocr_carea' id='block_1_50' title="bbox 191 3257 1768 3334">
    <p class='ocr_par' dir='ltr' id='par_1_50' title="bbox 191 3257 1768 3334">
     <span class='ocr_line' id='line_1_51' title="bbox 191 3257 1768 3334; baseline 0.005 -25"><span class='ocrx_word' id='word_1_367' title='bbox 191 3257 422 3330; x_wconf 78' lang='grc' dir='ltr'>ἱκδὴσῃς</span> <span class='ocrx_word' id='word_1_368' title='bbox 468 3259 563 3312; x_wconf 77' lang='grc' dir='ltr'><strong>καὶ</strong></span> <span class='ocrx_word' id='word_1_369' title='bbox 593 3261 687 3313; x_wconf 73' lang='grc' dir='ltr'>ἐπὶ</span> <span class='ocrx_word' id='word_1_370' title='bbox 739 3259 835 3313; x_wconf 80' lang='grc' dir='ltr'>τοῦ</span> <span class='ocrx_word' id='word_1_371' title='bbox 882 3261 1066 3330; x_wconf 80' lang='grc' dir='ltr'>τοίχου</span> <span class='ocrx_word' id='word_1_372' title='bbox 1099 3261 1446 3334; x_wconf 78' lang='grc' dir='ltr'>προσπήξῃς,</span> <span class='ocrx_word' id='word_1_373' title='bbox 1483 3263 1768 3334; x_wconf 84' lang='grc' dir='ltr'>ἀσθενήσω</span> 
     </span>
    </p>
   </div>
   <div class='ocr_carea' id='block_1_51' title="bbox 191 3351 1768 3426">
    <p class='ocr_par' dir='ltr' id='par_1_51' title="bbox 191 3351 1768 3426">
     <span class='ocr_line' id='line_1_52' title="bbox 191 3351 1768 3426; baseline 0.003 -22"><span class='ocrx_word' id='word_1_374' title='bbox 191 3351 278 3404; x_wconf 74' lang='grc' dir='ltr'>καὶ</span> <span class='ocrx_word' id='word_1_375' title='bbox 305 3351 500 3420; x_wconf 74' lang='grc' dir='ltr'>ἔσομαι</span> <span class='ocrx_word' id='word_1_376' title='bbox 535 3351 609 3416; x_wconf 85' lang='grc' dir='ltr'>ὡς</span> <span class='ocrx_word' id='word_1_377' title='bbox 634 3408 636 3410; x_wconf 29' lang='grc' dir='ltr'><strong><em>τ</em></strong></span> <span class='ocrx_word' id='word_1_378' title='bbox 663 3353 712 3405; x_wconf 76' lang='lat' dir='ltr'><strong>oi</strong></span> <span class='ocrx_word' id='word_1_379' title='bbox 761 3353 938 3406; x_wconf 77' lang='grc' dir='ltr'>λοιποὶ</span> <span class='ocrx_word' id='word_1_380' title='bbox 968 3354 1142 3423; x_wconf 85' lang='grc' dir='ltr'>κάγὼ.</span> <span class='ocrx_word' id='word_1_381' title='bbox 1186 3373 1205 3406; x_wconf 75' lang='grc' dir='ltr'><strong>ι</strong></span> <span class='ocrx_word' id='word_1_382' title='bbox 1257 3356 1633 3426; x_wconf 78' lang='grc' dir='ltr'>Ἀποτυχοῦσα</span> <span class='ocrx_word' id='word_1_383' title='bbox 1673 3356 1768 3411; x_wconf 79' lang='grc' dir='ltr'><strong>οὖν</strong></span> 
     </span>
    </p>
   </div>
   <div class='ocr_carea' id='block_1_52' title="bbox 191 3432 1767 3516">
    <p class='ocr_par' dir='ltr' id='par_1_52' title="bbox 191 3432 1767 3516">
     <span class='ocr_line' id='line_1_53' title="bbox 191 3432 1767 3516; baseline 0.003 -23"><span class='ocrx_word' id='word_1_384' title='bbox 191 3432 288 3494; x_wconf 82' lang='grc' dir='ltr'><strong>κάν</strong></span> <span class='ocrx_word' id='word_1_385' title='bbox 322 3443 498 3514; x_wconf 81' lang='grc' dir='ltr'>τούτῳ</span> <span class='ocrx_word' id='word_1_386' title='bbox 523 3443 839 3516; x_wconf 77' lang='grc' dir='ltr'>ὲξελιπάρει</span> <span class='ocrx_word' id='word_1_387' title='bbox 897 3445 1062 3498; x_wconf 75' lang='grc' dir='ltr'>αὑτὸν</span> <span class='ocrx_word' id='word_1_388' title='bbox 1097 3441 1257 3510; x_wconf 82' lang='grc' dir='ltr'>αὖθις</span> <span class='ocrx_word' id='word_1_389' title='bbox 1286 3461 1301 3476; x_wconf 75' lang='grc' dir='ltr'><strong><em>ο</em></strong></span> <span class='ocrx_word' id='word_1_390' title='bbox 1329 3445 1453 3501; x_wconf 85' lang='grc' dir='ltr'>ὅθεν</span> <span class='ocrx_word' id='word_1_391' title='bbox 1494 3447 1767 3500; x_wconf 87' lang='grc' dir='ltr'>ἀνακαλύ-</span> 
     </span>
    </p>
   </div>
   <div class='ocr_carea' id='block_1_53' title="bbox 190 3535 1768 3610">
    <p class='ocr_par' dir='ltr' id='par_1_53' title="bbox 190 3535 1768 3610">
     <span class='ocr_line' id='line_1_54' title="bbox 190 3535 1768 3610; baseline 0.002 -22"><span class='ocrx_word' id='word_1_392' title='bbox 190 3535 386 3589; x_wconf 84' lang='grc' dir='ltr'>πτειτδ</span> <span class='ocrx_word' id='word_1_393' title='bbox 408 3537 742 3609; x_wconf 68' lang='grc' dir='ltr'>ἀπόρρητον,</span> <span class='ocrx_word' id='word_1_394' title='bbox 768 3537 863 3592; x_wconf 74' lang='grc' dir='ltr'>καὶ</span> <span class='ocrx_word' id='word_1_395' title='bbox 892 3537 1035 3591; x_wconf 79' lang='grc' dir='ltr'>οὕτω</span> <span class='ocrx_word' id='word_1_396' title='bbox 1068 3539 1204 3608; x_wconf 80' lang='grc' dir='ltr'>φησὶ</span> <span class='ocrx_word' id='word_1_397' title='bbox 1222 3539 1360 3609; x_wconf 64' lang='grc' dir='ltr'>πρδς</span> <span class='ocrx_word' id='word_1_398' title='bbox 1394 3539 1567 3610; x_wconf 78' lang='grc' dir='ltr'>αὑτήν</span> <span class='ocrx_word' id='word_1_399' title='bbox 1587 3555 1600 3568; x_wconf 91' lang='grc'><strong>·</strong></span> <span class='ocrx_word' id='word_1_400' title='bbox 1632 3537 1768 3591; x_wconf 80' lang='grc' dir='ltr'><strong>«Ξυ-</strong></span> 
     </span>
    </p>
   </div>
   <div class='ocr_carea' id='block_1_54' title="bbox 187 3630 1768 3701">
    <p class='ocr_par' dir='ltr' id='par_1_54' title="bbox 187 3630 1768 3701">
     <span class='ocr_line' id='line_1_55' title="bbox 187 3630 1768 3701; baseline 0.001 -20"><span class='ocrx_word' id='word_1_401' title='bbox 187 3630 280 3700; x_wconf 76' lang='grc' dir='ltr'><strong>ρδν</strong></span> <span class='ocrx_word' id='word_1_402' title='bbox 307 3630 399 3682; x_wconf 74' lang='grc' dir='ltr'><strong>ἐπὶ</strong></span> <span class='ocrx_word' id='word_1_403' title='bbox 423 3633 525 3701; x_wconf 80' lang='grc' dir='ltr'>τὴν</span> <span class='ocrx_word' id='word_1_404' title='bbox 559 3631 805 3701; x_wconf 82' lang='grc' dir='ltr'>κεφαλήν</span> <span class='ocrx_word' id='word_1_405' title='bbox 845 3648 948 3701; x_wconf 85' lang='grc' dir='ltr'><strong>μου</strong></span> <span class='ocrx_word' id='word_1_406' title='bbox 980 3631 1082 3685; x_wconf 78' lang='grc' dir='ltr'><strong>οὐκ</strong></span> <span class='ocrx_word' id='word_1_407' title='bbox 1115 3631 1308 3700; x_wconf 82' lang='grc' dir='ltr'>ἀνέϐη,</span> <span class='ocrx_word' id='word_1_408' title='bbox 1335 3632 1420 3685; x_wconf 79' lang='grc' dir='ltr'>ὅτι</span> <span class='ocrx_word' id='word_1_409' title='bbox 1449 3631 1768 3700; x_wconf 79' lang='grc' dir='ltr'>Ναζαραῖος</span> 
     </span>
    </p>
   </div>
   <div class='ocr_carea' id='block_1_55' title="bbox 186 3722 1771 3794">
    <p class='ocr_par' dir='ltr' id='par_1_55' title="bbox 186 3722 1771 3794">
     <span class='ocr_line' id='line_1_56' title="bbox 186 3722 1771 3794; baseline -0.001 -20"><span class='ocrx_word' id='word_1_410' title='bbox 186 3722 319 3774; x_wconf 79' lang='grc' dir='ltr'>Θεοῦ</span> <span class='ocrx_word' id='word_1_411' title='bbox 354 3725 472 3792; x_wconf 86' lang='grc' dir='ltr'>εἰμι</span> <span class='ocrx_word' id='word_1_412' title='bbox 501 3722 612 3790; x_wconf 80' lang='grc' dir='ltr'>ἐγὼ</span> <span class='ocrx_word' id='word_1_413' title='bbox 640 3723 704 3777; x_wconf 76' lang='grc' dir='ltr'>ἐκ</span> <span class='ocrx_word' id='word_1_414' title='bbox 729 3723 937 3786; x_wconf 85' lang='grc' dir='ltr'>κοιλίας</span> <span class='ocrx_word' id='word_1_415' title='bbox 974 3724 1180 3794; x_wconf 76' lang='grc' dir='ltr'>μητρός</span> <span class='ocrx_word' id='word_1_416' title='bbox 1216 3741 1343 3784; x_wconf 86' lang='grc' dir='ltr'>μου.</span> <span class='ocrx_word' id='word_1_417' title='bbox 1381 3725 1492 3778; x_wconf 68' lang='grc' dir='ltr'><strong>Καὶ</strong></span> <span class='ocrx_word' id='word_1_418' title='bbox 1519 3725 1566 3775; x_wconf 84' lang='grc' dir='ltr'><strong>εί</strong></span> <span class='ocrx_word' id='word_1_419' title='bbox 1603 3722 1771 3793; x_wconf 76' lang='grc' dir='ltr'>ξυρήο</span> 
     </span>
    </p>
   </div>
   <div class='ocr_carea' id='block_1_56' title="bbox 185 3815 1765 3888">
    <p class='ocr_par' dir='ltr' id='par_1_56' title="bbox 185 3815 1765 3888">
     <span class='ocr_line' id='line_1_57' title="bbox 185 3815 1765 3888; baseline 0.001 -22"><span class='ocrx_word' id='word_1_420' title='bbox 185 3831 406 3885; x_wconf 66' lang='lat' dir='ltr'><strong>ccupat,</strong></span> <span class='ocrx_word' id='word_1_421' title='bbox 441 3816 749 3885; x_wconf 78' lang='grc' dir='ltr'>ἀσθενήσω,</span> <span class='ocrx_word' id='word_1_422' title='bbox 799 3817 898 3871; x_wconf 76' lang='grc' dir='ltr'>καὶ</span> <span class='ocrx_word' id='word_1_423' title='bbox 959 3817 1338 3888; x_wconf 79' lang='grc' dir='ltr'>ἀποστήσεται</span> <span class='ocrx_word' id='word_1_424' title='bbox 1397 3816 1492 3869; x_wconf 82' lang='grc' dir='ltr'>ἀπ’</span> <span class='ocrx_word' id='word_1_425' title='bbox 1541 3815 1677 3885; x_wconf 81' lang='grc' dir='ltr'><strong>ὲ.μοῦ</strong></span> <span class='ocrx_word' id='word_1_426' title='bbox 1731 3815 1765 3884; x_wconf 79' lang='grc' dir='ltr'><strong>ἠ</strong></span> 
     </span>
    </p>
   </div>
   <div class='ocr_carea' id='block_1_57' title="bbox 187 3902 1764 3978">
    <p class='ocr_par' dir='ltr' id='par_1_57' title="bbox 187 3902 1764 3978">
     <span class='ocr_line' id='line_1_58' title="bbox 187 3902 1764 3978; baseline 0 -20"><span class='ocrx_word' id='word_1_427' title='bbox 187 3904 342 3978; x_wconf 69' lang='grc' dir='ltr'>ἰσχύς</span> <span class='ocrx_word' id='word_1_428' title='bbox 391 3924 517 3977; x_wconf 87' lang='grc' dir='ltr'>μου,</span> <span class='ocrx_word' id='word_1_429' title='bbox 570 3907 666 3962; x_wconf 78' lang='grc' dir='ltr'>καὶ</span> <span class='ocrx_word' id='word_1_430' title='bbox 722 3907 926 3978; x_wconf 68' lang='grc' dir='ltr'>ἔσομαι</span> <span class='ocrx_word' id='word_1_431' title='bbox 981 3909 1057 3972; x_wconf 88' lang='grc' dir='ltr'>ὡς</span> <span class='ocrx_word' id='word_1_432' title='bbox 1113 3902 1196 3972; x_wconf 75' lang='grc' dir='ltr'>εἷς</span> <span class='ocrx_word' id='word_1_433' title='bbox 1233 3909 1344 3962; x_wconf 88' lang='grc' dir='ltr'><strong>τῶν</strong></span> <span class='ocrx_word' id='word_1_434' title='bbox 1373 3906 1698 3978; x_wconf 87' lang='grc' dir='ltr'>ἀνθρώπων.</span> <span class='ocrx_word' id='word_1_435' title='bbox 1743 3923 1764 3958; x_wconf 70' lang='grc' dir='ltr'><strong>ι</strong></span> 
     </span>
    </p>
   </div>
   <div class='ocr_carea' id='block_1_58' title="bbox 185 3997 1770 4071">
    <p class='ocr_par' dir='ltr' id='par_1_58' title="bbox 185 3997 1770 4071">
     <span class='ocr_line' id='line_1_59' title="bbox 185 3997 1770 4071; baseline 0.001 -21"><span class='ocrx_word' id='word_1_436' title='bbox 185 3997 644 4069; x_wconf 78' lang='grc' dir='ltr'>Κατακοιμίσασα</span> <span class='ocrx_word' id='word_1_437' title='bbox 695 3997 790 4056; x_wconf 77' lang='grc' dir='ltr'><strong>οὖν</strong></span> <span class='ocrx_word' id='word_1_438' title='bbox 831 3999 996 4054; x_wconf 82' lang='grc' dir='ltr'>αὐτὸν</span> <span class='ocrx_word' id='word_1_439' title='bbox 1036 4002 1070 4071; x_wconf 87' lang='grc' dir='ltr'>ή</span> <span class='ocrx_word' id='word_1_440' title='bbox 1118 3999 1322 4054; x_wconf 76' lang='grc' dir='ltr'>Δαλιλά</span> <span class='ocrx_word' id='word_1_441' title='bbox 1362 3998 1638 4070; x_wconf 78' lang='grc' dir='ltr'>ὲξύρησε,</span> <span class='ocrx_word' id='word_1_442' title='bbox 1671 3998 1770 4052; x_wconf 73' lang='grc' dir='ltr'><strong>καὶ</strong></span> 
     </span>
    </p>
   </div>
   <div class='ocr_carea' id='block_1_59' title="bbox 182 4087 1772 4159">
    <p class='ocr_par' dir='ltr' id='par_1_59' title="bbox 182 4087 1772 4159">
     <span class='ocr_line' id='line_1_60' title="bbox 182 4087 1772 4159; baseline 0 -18"><span class='ocrx_word' id='word_1_443' title='bbox 182 4088 342 4142; x_wconf 77' lang='grc' dir='ltr'>τοῦτο</span> <span class='ocrx_word' id='word_1_444' title='bbox 362 4091 637 4159; x_wconf 73' lang='grc' dir='ltr'>ποιήσασα</span> <span class='ocrx_word' id='word_1_445' title='bbox 674 4089 904 4159; x_wconf 77' lang='grc' dir='ltr'>ἐϐόησεν</span> <span class='ocrx_word' id='word_1_446' title='bbox 925 4106 939 4121; x_wconf 87' lang='grc'><strong>·</strong></span> <span class='ocrx_word' id='word_1_447' title='bbox 973 4109 992 4142; x_wconf 75' lang='grc' dir='ltr'><strong>ι</strong></span> <span class='ocrx_word' id='word_1_448' title='bbox 1043 4089 1364 4158; x_wconf 71' lang='grc' dir='ltr'>’Λλλύφυλοι</span> <span class='ocrx_word' id='word_1_449' title='bbox 1392 4090 1486 4143; x_wconf 74' lang='grc' dir='ltr'><strong>ἐπὶ</strong></span> <span class='ocrx_word' id='word_1_450' title='bbox 1506 4087 1589 4155; x_wconf 79' lang='grc' dir='ltr'>σὲ,</span> <span class='ocrx_word' id='word_1_451' title='bbox 1623 4089 1772 4156; x_wconf 81' lang='grc' dir='ltr'>Σαμ-</span> 
     </span>
    </p>
   </div>
   <div class='ocr_carea' id='block_1_60' title="bbox 181 4179 1762 4251">
    <p class='ocr_par' dir='ltr' id='par_1_60' title="bbox 181 4179 1762 4251">
     <span class='ocr_line' id='line_1_61' title="bbox 181 4179 1762 4251; baseline -0.001 -18"><span class='ocrx_word' id='word_1_452' title='bbox 181 4180 318 4248; x_wconf 68' lang='grc' dir='ltr'><strong>ψών.</strong></span> <span class='ocrx_word' id='word_1_453' title='bbox 358 4197 379 4232; x_wconf 73' lang='grc' dir='ltr'><strong>ι</strong></span> <span class='ocrx_word' id='word_1_454' title='bbox 414 4181 524 4234; x_wconf 76' lang='grc' dir='ltr'><strong>Καὶ</strong></span> <span class='ocrx_word' id='word_1_455' title='bbox 565 4179 626 4244; x_wconf 78' lang='grc' dir='ltr'>ὃς</span> <span class='ocrx_word' id='word_1_456' title='bbox 687 4181 930 4242; x_wconf 82' lang='grc' dir='ltr'>ἀναστὰς</span> <span class='ocrx_word' id='word_1_457' title='bbox 979 4179 1168 4233; x_wconf 76' lang='grc' dir='ltr'>οὐκέτι</span> <span class='ocrx_word' id='word_1_458' title='bbox 1229 4181 1481 4251; x_wconf 70' lang='grc' dir='ltr'>ἐνεργεῖν</span> <span class='ocrx_word' id='word_1_459' title='bbox 1545 4180 1762 4250; x_wconf 73' lang='grc' dir='ltr'>ἴσχυεν,</span> 
     </span>
    </p>
   </div>
   <div class='ocr_carea' id='block_1_61' title="bbox 182 4270 1772 4344">
    <p class='ocr_par' dir='ltr' id='par_1_61' title="bbox 182 4270 1772 4344">
     <span class='ocr_line' id='line_1_62' title="bbox 182 4270 1772 4344; baseline -0.002 -19"><span class='ocrx_word' id='word_1_460' title='bbox 182 4274 256 4335; x_wconf 86' lang='grc' dir='ltr'>ὼς</span> <span class='ocrx_word' id='word_1_461' title='bbox 295 4274 397 4327; x_wconf 78' lang='grc' dir='ltr'>καὶ</span> <span class='ocrx_word' id='word_1_462' title='bbox 428 4272 713 4342; x_wconf 84' lang='grc' dir='ltr'>πρότερον.</span> <span class='ocrx_word' id='word_1_463' title='bbox 762 4271 975 4326; x_wconf 77' lang='grc' dir='ltr'>Οὐκοῦν</span> <span class='ocrx_word' id='word_1_464' title='bbox 1011 4272 1388 4342; x_wconf 76' lang='grc' dir='ltr'>ἐμπίπτουσιν</span> <span class='ocrx_word' id='word_1_465' title='bbox 1421 4271 1572 4344; x_wconf 82' lang='grc' dir='ltr'>αύτῷ</span> <span class='ocrx_word' id='word_1_466' title='bbox 1597 4272 1648 4325; x_wconf 75' lang='grc' dir='ltr'>οἱ</span> <span class='ocrx_word' id='word_1_467' title='bbox 1674 4270 1772 4324; x_wconf 83' lang='grc' dir='ltr'>ἀλ·</span> 
     </span>
    </p>
   </div>
   <div class='ocr_carea' id='block_1_62' title="bbox 182 4362 1774 4435">
    <p class='ocr_par' dir='ltr' id='par_1_62' title="bbox 182 4362 1774 4435">
     <span class='ocr_line' id='line_1_63' title="bbox 182 4362 1774 4435; baseline -0.001 -17"><span class='ocrx_word' id='word_1_468' title='bbox 182 4365 433 4435; x_wconf 81' lang='grc' dir='ltr'>λόφυλοι,</span> <span class='ocrx_word' id='word_1_469' title='bbox 465 4364 562 4418; x_wconf 66' lang='grc' dir='ltr'><strong>καὶ</strong></span> <span class='ocrx_word' id='word_1_470' title='bbox 591 4365 974 4435; x_wconf 71' lang='grc' dir='ltr'>κρατήσαντες</span> <span class='ocrx_word' id='word_1_471' title='bbox 999 4363 1340 4434; x_wconf 80' lang='grc' dir='ltr'>ὲκπηροῦσιν</span> <span class='ocrx_word' id='word_1_472' title='bbox 1371 4363 1558 4418; x_wconf 84' lang='grc' dir='ltr'>αὐτόν.</span> <span class='ocrx_word' id='word_1_473' title='bbox 1607 4362 1774 4416; x_wconf 80' lang='grc' dir='ltr'>Ἀλλὰ</span> 
     </span>
    </p>
   </div>
   <div class='ocr_carea' id='block_1_63' title="bbox 181 4455 1769 4528">
    <p class='ocr_par' dir='ltr' id='par_1_63' title="bbox 181 4455 1769 4528">
     <span class='ocr_line' id='line_1_64' title="bbox 181 4455 1769 4528; baseline -0.003 -16"><span class='ocrx_word' id='word_1_474' title='bbox 181 4459 233 4512; x_wconf 85' lang='grc' dir='ltr'><strong>τί</strong></span> <span class='ocrx_word' id='word_1_475' title='bbox 267 4459 330 4512; x_wconf 81' lang='grc' dir='ltr'><strong>τὸ</strong></span> <span class='ocrx_word' id='word_1_476' title='bbox 361 4458 502 4527; x_wconf 82' lang='grc' dir='ltr'><strong>μετά</strong></span> <span class='ocrx_word' id='word_1_477' title='bbox 536 4456 712 4512; x_wconf 78' lang='grc' dir='ltr'>ταῦτα</span> <span class='ocrx_word' id='word_1_478' title='bbox 739 4473 754 4524; x_wconf 90' lang='lat'><strong>;</strong></span> <span class='ocrx_word' id='word_1_479' title='bbox 786 4457 1059 4512; x_wconf 82' lang='grc' dir='ltr'>Ἐκλαυσε</span> <span class='ocrx_word' id='word_1_480' title='bbox 1093 4455 1338 4527; x_wconf 84' lang='grc' dir='ltr'>Σαμψὼν</span> <span class='ocrx_word' id='word_1_481' title='bbox 1365 4458 1503 4528; x_wconf 66' lang='grc' dir='ltr'>πρὸς</span> <span class='ocrx_word' id='word_1_482' title='bbox 1540 4457 1769 4526; x_wconf 82' lang='grc' dir='ltr'>Κύριον,</span> 
     </span>
    </p>
   </div>
   <div class='ocr_carea' id='block_1_64' title="bbox 1885 1963 3469 2044">
    <p class='ocr_par' dir='ltr' id='par_1_64' title="bbox 1885 1963 3469 2044">
     <span class='ocr_line' id='line_1_65' title="bbox 1885 1963 3469 2044; baseline 0.007 -26"><span class='ocrx_word' id='word_1_483' title='bbox 1885 1963 2222 2020; x_wconf 81' lang='lat' dir='ltr'><strong>mulierculae</strong></span> <span class='ocrx_word' id='word_1_484' title='bbox 2253 1980 2422 2037; x_wconf 82' lang='lat' dir='ltr'><strong>Opera</strong></span> <span class='ocrx_word' id='word_1_485' title='bbox 2456 1969 2674 2026; x_wconf 90' lang='lat' dir='ltr'><strong>cunctis</strong></span> <span class='ocrx_word' id='word_1_486' title='bbox 2720 1985 2782 2025; x_wconf 88' lang='lat' dir='ltr'><strong>se</strong></span> <span class='ocrx_word' id='word_1_487' title='bbox 2817 1971 3181 2028; x_wconf 89' lang='lat' dir='ltr'><strong>deridendum</strong></span> <span class='ocrx_word' id='word_1_488' title='bbox 3213 1974 3469 2044; x_wconf 78' lang='lat' dir='ltr'><strong>praebuit.</strong></span> 
     </span>
    </p>
   </div>
   <div class='ocr_carea' id='block_1_65' title="bbox 1881 2055 3473 2132">
    <p class='ocr_par' dir='ltr' id='par_1_65' title="bbox 1881 2055 3473 2132">
     <span class='ocr_line' id='line_1_66' title="bbox 1881 2055 3473 2132; baseline 0.008 -21"><span class='ocrx_word' id='word_1_489' title='bbox 1881 2055 2016 2112; x_wconf 86' lang='lat' dir='ltr'><strong>Nam</strong></span> <span class='ocrx_word' id='word_1_490' title='bbox 2075 2058 2220 2114; x_wconf 86' lang='lat' dir='ltr'><strong>haud</strong></span> <span class='ocrx_word' id='word_1_491' title='bbox 2278 2060 2451 2116; x_wconf 88' lang='lat' dir='ltr'><strong>multo</strong></span> <span class='ocrx_word' id='word_1_492' title='bbox 2498 2071 2622 2132; x_wconf 86' lang='lat' dir='ltr'><strong>post</strong></span> <span class='ocrx_word' id='word_1_493' title='bbox 2677 2078 2862 2121; x_wconf 88' lang='lat' dir='ltr'><strong>amore</strong></span> <span class='ocrx_word' id='word_1_494' title='bbox 2924 2063 3107 2122; x_wconf 76' lang='lat' dir='ltr'><strong>Dalilae</strong></span> <span class='ocrx_word' id='word_1_495' title='bbox 3172 2065 3473 2124; x_wconf 70' lang='lat' dir='ltr'><strong>Palaestinae</strong></span> 
     </span>
    </p>
   </div>
   <div class='ocr_carea' id='block_1_66' title="bbox 1888 2150 3472 2229">
    <p class='ocr_par' dir='ltr' id='par_1_66' title="bbox 1888 2150 3472 2229">
     <span class='ocr_line' id='line_1_67' title="bbox 1888 2150 3472 2229; baseline 0.006 -25"><span class='ocrx_word' id='word_1_496' title='bbox 1888 2159 2084 2218; x_wconf 88' lang='lat' dir='ltr'><strong>captus</strong></span> <span class='ocrx_word' id='word_1_497' title='bbox 2123 2157 2230 2217; x_wconf 88' lang='lat' dir='ltr'><strong>est,</strong></span> <span class='ocrx_word' id='word_1_498' title='bbox 2259 2166 2380 2221; x_wconf 76' lang='lat' dir='ltr'><strong>qua:</strong></span> <span class='ocrx_word' id='word_1_499' title='bbox 2403 2150 2474 2206; x_wconf 90' lang='lat' dir='ltr'><strong>ab</strong></span> <span class='ocrx_word' id='word_1_500' title='bbox 2507 2152 2833 2223; x_wconf 82' lang='lat' dir='ltr'><strong>alienigenis</strong></span> <span class='ocrx_word' id='word_1_501' title='bbox 2858 2157 3183 2213; x_wconf 88' lang='lat' dir='ltr'><strong>muneribus</strong></span> <span class='ocrx_word' id='word_1_502' title='bbox 3211 2167 3472 2229; x_wconf 88' lang='lat' dir='ltr'><strong>corrupta</strong></span> 
     </span>
    </p>
   </div>
   <div class='ocr_carea' id='block_1_67' title="bbox 1884 2243 3471 2319">
    <p class='ocr_par' dir='ltr' id='par_1_67' title="bbox 1884 2243 3471 2319">
     <span class='ocr_line' id='line_1_68' title="bbox 1884 2243 3471 2319; baseline 0.008 -24"><span class='ocrx_word' id='word_1_503' title='bbox 1884 2245 2104 2311; x_wconf 85' lang='lat' dir='ltr'><strong>petebat</strong></span> <span class='ocrx_word' id='word_1_504' title='bbox 2131 2243 2200 2298; x_wconf 89' lang='lat' dir='ltr'><strong>ab</strong></span> <span class='ocrx_word' id='word_1_505' title='bbox 2229 2259 2295 2299; x_wconf 91' lang='lat' dir='ltr'><strong>eo</strong></span> <span class='ocrx_word' id='word_1_506' title='bbox 2319 2253 2376 2300; x_wconf 84' lang='lat' dir='ltr'><strong>ut</strong></span> <span class='ocrx_word' id='word_1_507' title='bbox 2408 2244 2513 2299; x_wconf 85' lang='lat' dir='ltr'><strong>sibi</strong></span> <span class='ocrx_word' id='word_1_508' title='bbox 2543 2244 2833 2314; x_wconf 85' lang='lat' dir='ltr'><strong>fateretur,</strong></span> <span class='ocrx_word' id='word_1_509' title='bbox 2869 2263 3110 2319; x_wconf 86' lang='lat' dir='ltr'><strong>quonam</strong></span> <span class='ocrx_word' id='word_1_510' title='bbox 3140 2250 3194 2304; x_wconf 89' lang='lat' dir='ltr'><strong>in</strong></span> <span class='ocrx_word' id='word_1_511' title='bbox 3224 2250 3471 2307; x_wconf 90' lang='lat' dir='ltr'><strong>membro</strong></span> 
     </span>
    </p>
   </div>
   <div class='ocr_carea' id='block_1_68' title="bbox 1865 2333 3474 2396">
    <p class='ocr_par' dir='ltr' id='par_1_68' title="bbox 1865 2333 3474 2396">
     <span class='ocr_line' id='line_1_69' title="bbox 1865 2333 3474 2396; baseline 0.005 -8"><span class='ocrx_word' id='word_1_512' title='bbox 1865 2334 2049 2388; x_wconf 83' lang='lat' dir='ltr'><strong>situm</strong></span> <span class='ocrx_word' id='word_1_513' title='bbox 2087 2333 2260 2388; x_wconf 89' lang='lat' dir='ltr'><strong>robur</strong></span> <span class='ocrx_word' id='word_1_514' title='bbox 2286 2334 2420 2389; x_wconf 90' lang='lat' dir='ltr'><strong>illud</strong></span> <span class='ocrx_word' id='word_1_515' title='bbox 2450 2335 2680 2391; x_wconf 87' lang='lat' dir='ltr'><strong>haberet</strong></span> <span class='ocrx_word' id='word_1_516' title='bbox 2735 2337 2874 2393; x_wconf 90' lang='lat' dir='ltr'><strong>Tum</strong></span> <span class='ocrx_word' id='word_1_517' title='bbox 2917 2339 3012 2395; x_wconf 90' lang='lat' dir='ltr'><strong>ille</strong></span> <span class='ocrx_word' id='word_1_518' title='bbox 3051 2341 3335 2396; x_wconf 89' lang='lat' dir='ltr'><strong>mulierem</strong></span> <span class='ocrx_word' id='word_1_519' title='bbox 3366 2341 3474 2396; x_wconf 75' lang='lat' dir='ltr'><strong>ini-</strong></span> 
     </span>
    </p>
   </div>
   <div class='ocr_carea' id='block_1_69' title="bbox 1882 2424 3471 2502">
    <p class='ocr_par' dir='ltr' id='par_1_69' title="bbox 1882 2424 3471 2502">
     <span class='ocr_line' id='line_1_70' title="bbox 1882 2424 3471 2502; baseline 0.006 -22"><span class='ocrx_word' id='word_1_520' title='bbox 1882 2424 1959 2480; x_wconf 89' lang='lat' dir='ltr'><strong>tio</strong></span> <span class='ocrx_word' id='word_1_521' title='bbox 1989 2424 2187 2480; x_wconf 81' lang='lat' dir='ltr'><strong>fallens</strong></span> <span class='ocrx_word' id='word_1_522' title='bbox 2220 2444 2236 2481; x_wconf 91' lang='lat'><strong>:</strong></span> <span class='ocrx_word' id='word_1_523' title='bbox 2273 2445 2293 2478; x_wconf 72' lang='grc' dir='ltr'><strong>ι</strong></span> <span class='ocrx_word' id='word_1_524' title='bbox 2327 2425 2384 2482; x_wconf 90' lang='lat' dir='ltr'><strong>Si</strong></span> <span class='ocrx_word' id='word_1_525' title='bbox 2417 2443 2504 2483; x_wconf 89' lang='lat' dir='ltr'><strong>me</strong></span> <span class='ocrx_word' id='word_1_526' title='bbox 2550 2428 2710 2500; x_wconf 76' lang='lat'><strong>165</strong></span> <span class='ocrx_word' id='word_1_527' title='bbox 2752 2429 2832 2485; x_wconf 90' lang='lat' dir='ltr'><strong>tui</strong></span> <span class='ocrx_word' id='word_1_528' title='bbox 2883 2432 3338 2500; x_wconf 83' lang='lat' dir='ltr'><strong>constrinxerint,</strong></span> <span class='ocrx_word' id='word_1_529' title='bbox 3372 2433 3471 2502; x_wconf 82' lang='lat' dir='ltr'><strong>ait,</strong></span> 
     </span>
    </p>
   </div>
   <div class='ocr_carea' id='block_1_70' title="bbox 1882 2519 3473 2591">
    <p class='ocr_par' dir='ltr' id='par_1_70' title="bbox 1882 2519 3473 2591">
     <span class='ocr_line' id='line_1_71' title="bbox 1882 2519 3473 2591; baseline 0.006 -21"><span class='ocrx_word' id='word_1_530' title='bbox 1882 2526 2093 2586; x_wconf 87' lang='lat' dir='ltr'><strong>septem</strong></span> <span class='ocrx_word' id='word_1_531' title='bbox 2127 2519 2314 2573; x_wconf 84' lang='lat' dir='ltr'><strong>nervis</strong></span> <span class='ocrx_word' id='word_1_532' title='bbox 2341 2519 2606 2587; x_wconf 87' lang='lat' dir='ltr'><strong>humidis,</strong></span> <span class='ocrx_word' id='word_1_533' title='bbox 2649 2521 2793 2578; x_wconf 85' lang='lat' dir='ltr'><strong>vires</strong></span> <span class='ocrx_word' id='word_1_534' title='bbox 2844 2538 2931 2578; x_wconf 88' lang='lat' dir='ltr'><strong>me</strong></span> <span class='ocrx_word' id='word_1_535' title='bbox 2965 2524 3289 2591; x_wconf 89' lang='lat' dir='ltr'><strong>destituent,</strong></span> <span class='ocrx_word' id='word_1_536' title='bbox 3313 2526 3473 2582; x_wconf 88' lang='lat' dir='ltr'><strong>simi-</strong></span> 
     </span>
    </p>
   </div>
   <div class='ocr_carea' id='block_1_71' title="bbox 1883 2609 3472 2688">
    <p class='ocr_par' dir='ltr' id='par_1_71' title="bbox 1883 2609 3472 2688">
     <span class='ocr_line' id='line_1_72' title="bbox 1883 2609 3472 2688; baseline 0.007 -26"><span class='ocrx_word' id='word_1_537' title='bbox 1883 2609 2059 2678; x_wconf 88' lang='lat' dir='ltr'><strong>lisque</strong></span> <span class='ocrx_word' id='word_1_538' title='bbox 2093 2609 2309 2665; x_wconf 85' lang='lat' dir='ltr'><strong>caeteris</strong></span> <span class='ocrx_word' id='word_1_539' title='bbox 2356 2611 2684 2668; x_wconf 87' lang='lat' dir='ltr'><strong>mortalibus</strong></span> <span class='ocrx_word' id='word_1_540' title='bbox 2727 2629 2844 2670; x_wconf 90' lang='lat' dir='ltr'><strong>ero.</strong></span> <span class='ocrx_word' id='word_1_541' title='bbox 2879 2633 2899 2668; x_wconf 73' lang='grc' dir='ltr'><strong>ι</strong></span> <span class='ocrx_word' id='word_1_542' title='bbox 2936 2614 3036 2670; x_wconf 86' lang='lat' dir='ltr'><strong>llla</strong></span> <span class='ocrx_word' id='word_1_543' title='bbox 3063 2631 3198 2673; x_wconf 84' lang='lat' dir='ltr'><strong>vero</strong></span> <span class='ocrx_word' id='word_1_544' title='bbox 3238 2617 3472 2688; x_wconf 83' lang='lat' dir='ltr'><strong>sumptis</strong></span> 
     </span>
    </p>
   </div>
   <div class='ocr_carea' id='block_1_72' title="bbox 1882 2701 3470 2773">
    <p class='ocr_par' dir='ltr' id='par_1_72' title="bbox 1882 2701 3470 2773">
     <span class='ocr_line' id='line_1_73' title="bbox 1882 2701 3470 2773; baseline 0.006 -17"><span class='ocrx_word' id='word_1_545' title='bbox 1882 2701 2067 2756; x_wconf 84' lang='lat' dir='ltr'><strong>nervis</strong></span> <span class='ocrx_word' id='word_1_546' title='bbox 2109 2701 2388 2758; x_wconf 85' lang='lat' dir='ltr'><strong>hominem</strong></span> <span class='ocrx_word' id='word_1_547' title='bbox 2426 2704 2785 2773; x_wconf 82' lang='lat' dir='ltr'><strong>constrinxit,</strong></span> <span class='ocrx_word' id='word_1_548' title='bbox 2816 2721 2882 2763; x_wconf 89' lang='lat' dir='ltr'><strong>ac</strong></span> <span class='ocrx_word' id='word_1_549' title='bbox 2931 2705 3134 2764; x_wconf 87' lang='lat' dir='ltr'><strong>deinde</strong></span> <span class='ocrx_word' id='word_1_550' title='bbox 3171 2708 3470 2765; x_wconf 88' lang='lat' dir='ltr'><strong>clamorem</strong></span> 
     </span>
    </p>
   </div>
   <div class='ocr_carea' id='block_1_73' title="bbox 1884 2793 3470 2869">
    <p class='ocr_par' dir='ltr' id='par_1_73' title="bbox 1884 2793 3470 2869">
     <span class='ocr_line' id='line_1_74' title="bbox 1884 2793 3470 2869; baseline 0.005 -20"><span class='ocrx_word' id='word_1_551' title='bbox 1884 2793 2071 2849; x_wconf 70' lang='lat' dir='ltr'><strong>verbis</strong></span> <span class='ocrx_word' id='word_1_552' title='bbox 2122 2794 2275 2849; x_wconf 88' lang='lat' dir='ltr'><strong>hisce</strong></span> <span class='ocrx_word' id='word_1_553' title='bbox 2325 2795 2595 2850; x_wconf 51' lang='lat' dir='ltr'><strong>sustulit:</strong></span> <span class='ocrx_word' id='word_1_554' title='bbox 2641 2814 2660 2848; x_wconf 77' lang='grc' dir='ltr'><strong>ι</strong></span> <span class='ocrx_word' id='word_1_555' title='bbox 2696 2795 3031 2868; x_wconf 62' lang='lat' dir='ltr'><strong>Alienigena</strong></span> <span class='ocrx_word' id='word_1_556' title='bbox 3081 2807 3136 2853; x_wconf 89' lang='lat' dir='ltr'><strong>te</strong></span> <span class='ocrx_word' id='word_1_557' title='bbox 3174 2799 3470 2869; x_wconf 87' lang='lat' dir='ltr'><strong>invadunt,</strong></span> 
     </span>
    </p>
   </div>
   <div class='ocr_carea' id='block_1_74' title="bbox 1882 2886 3472 2953">
    <p class='ocr_par' dir='ltr' id='par_1_74' title="bbox 1882 2886 3472 2953">
     <span class='ocr_line' id='line_1_75' title="bbox 1882 2886 3472 2953; baseline 0.005 -11"><span class='ocrx_word' id='word_1_558' title='bbox 1882 2886 2076 2942; x_wconf 87' lang='lat' dir='ltr'><strong>Samso</strong></span> <span class='ocrx_word' id='word_1_559' title='bbox 2099 2886 2197 2942; x_wconf 72' lang='grc' dir='ltr'><strong>ν’.»</strong></span> <span class='ocrx_word' id='word_1_560' title='bbox 2240 2887 2451 2953; x_wconf 85' lang='lat' dir='ltr'><strong>Quibus</strong></span> <span class='ocrx_word' id='word_1_561' title='bbox 2481 2887 2683 2944; x_wconf 86' lang='lat' dir='ltr'><strong>auditis</strong></span> <span class='ocrx_word' id='word_1_562' title='bbox 2721 2889 2964 2946; x_wconf 84' lang='lat' dir='ltr'><strong>surrexit</strong></span> <span class='ocrx_word' id='word_1_563' title='bbox 2995 2899 3051 2947; x_wconf 89' lang='lat' dir='ltr'><strong>et</strong></span> <span class='ocrx_word' id='word_1_564' title='bbox 3084 2906 3289 2949; x_wconf 89' lang='lat' dir='ltr'><strong>nervos</strong></span> <span class='ocrx_word' id='word_1_565' title='bbox 3321 2892 3472 2950; x_wconf 85' lang='lat' dir='ltr'><strong>lace-</strong></span> 
     </span>
    </p>
   </div>
   <div class='ocr_carea' id='block_1_75' title="bbox 1879 2975 3470 3050">
    <p class='ocr_par' dir='ltr' id='par_1_75' title="bbox 1879 2975 3470 3050">
     <span class='ocr_line' id='line_1_76' title="bbox 1879 2975 3470 3050; baseline 0.005 -18"><span class='ocrx_word' id='word_1_566' title='bbox 1879 2977 2042 3032; x_wconf 78' lang='lat' dir='ltr'><strong>ravit.</strong></span> <span class='ocrx_word' id='word_1_567' title='bbox 2095 2975 2445 3050; x_wconf 81' lang='lat' dir='ltr'><strong>QuaprOpter</strong></span> <span class='ocrx_word' id='word_1_568' title='bbox 2497 2979 2589 3034; x_wconf 89' lang='lat' dir='ltr'><strong>illa</strong></span> <span class='ocrx_word' id='word_1_569' title='bbox 2642 2980 2874 3050; x_wconf 85' lang='lat' dir='ltr'><strong>decepta</strong></span> <span class='ocrx_word' id='word_1_570' title='bbox 2936 2995 3133 3040; x_wconf 87' lang='lat' dir='ltr'><strong>rursus</strong></span> <span class='ocrx_word' id='word_1_571' title='bbox 3189 2983 3470 3040; x_wconf 79' lang='lat' dir='ltr'><strong>hominem</strong></span> 
     </span>
    </p>
   </div>
   <div class='ocr_carea' id='block_1_76' title="bbox 1880 3069 3472 3144">
    <p class='ocr_par' dir='ltr' id='par_1_76' title="bbox 1880 3069 3472 3144">
     <span class='ocr_line' id='line_1_77' title="bbox 1880 3069 3472 3144; baseline 0.009 -26"><span class='ocrx_word' id='word_1_572' title='bbox 1880 3085 1931 3140; x_wconf 77' lang='lat' dir='ltr'><strong>p:</strong></span> <span class='ocrx_word' id='word_1_573' title='bbox 1947 3069 2137 3126; x_wconf 88' lang='lat' dir='ltr'><strong>ecihus</strong></span> <span class='ocrx_word' id='word_1_574' title='bbox 2157 3085 2376 3141; x_wconf 85' lang='lat' dir='ltr'><strong>urgere,</strong></span> <span class='ocrx_word' id='word_1_575' title='bbox 2396 3070 2471 3126; x_wconf 89' lang='lat' dir='ltr'><strong>sci</strong></span> <span class='ocrx_word' id='word_1_576' title='bbox 2481 3087 2650 3142; x_wconf 88' lang='lat' dir='ltr'><strong>reque</strong></span> <span class='ocrx_word' id='word_1_577' title='bbox 2663 3087 2866 3143; x_wconf 87' lang='lat' dir='ltr'><strong>cupere</strong></span> <span class='ocrx_word' id='word_1_578' title='bbox 2884 3089 3134 3144; x_wconf 62' lang='lat' dir='ltr'><strong>quaenam</strong></span> <span class='ocrx_word' id='word_1_579' title='bbox 3156 3082 3307 3131; x_wconf 89' lang='lat' dir='ltr'><strong>esset</strong></span> <span class='ocrx_word' id='word_1_580' title='bbox 3325 3075 3472 3133; x_wconf 88' lang='lat' dir='ltr'><strong>illius</strong></span> 
     </span>
    </p>
   </div>
   <div class='ocr_carea' id='block_1_77' title="bbox 1884 3163 3472 3235">
    <p class='ocr_par' dir='ltr' id='par_1_77' title="bbox 1884 3163 3472 3235">
     <span class='ocr_line' id='line_1_78' title="bbox 1884 3163 3472 3235; baseline 0.004 -17"><span class='ocrx_word' id='word_1_581' title='bbox 1884 3165 2103 3219; x_wconf 83' lang='lat' dir='ltr'><strong>roboris</strong></span> <span class='ocrx_word' id='word_1_582' title='bbox 2158 3179 2343 3218; x_wconf 87' lang='lat' dir='ltr'><strong>causa.</strong></span> <span class='ocrx_word' id='word_1_583' title='bbox 2387 3163 2588 3220; x_wconf 88' lang='lat' dir='ltr'><strong>Samso</strong></span> <span class='ocrx_word' id='word_1_584' title='bbox 2634 3177 2822 3221; x_wconf 87' lang='lat' dir='ltr'><strong>contra</strong></span> <span class='ocrx_word' id='word_1_585' title='bbox 2865 3167 3130 3223; x_wconf 78' lang='lat' dir='ltr'><strong>feminam</strong></span> <span class='ocrx_word' id='word_1_586' title='bbox 3165 3167 3375 3235; x_wconf 81' lang='lat' dir='ltr'><strong>fallere,</strong></span> <span class='ocrx_word' id='word_1_587' title='bbox 3406 3183 3472 3225; x_wconf 87' lang='lat' dir='ltr'><strong>ac</strong></span> 
     </span>
    </p>
   </div>
   <div class='ocr_carea' id='block_1_78' title="bbox 1879 3254 3598 3326">
    <p class='ocr_par' dir='ltr' id='par_1_78' title="bbox 1879 3254 3598 3326">
     <span class='ocr_line' id='line_1_79' title="bbox 1879 3254 3598 3326; baseline 0.001 -14"><span class='ocrx_word' id='word_1_588' title='bbox 1879 3254 2125 3312; x_wconf 74' lang='lat' dir='ltr'><strong>vicissim</strong></span> <span class='ocrx_word' id='word_1_589' title='bbox 2165 3255 2372 3320; x_wconf 88' lang='lat' dir='ltr'><strong>dicere,</strong></span> <span class='ocrx_word' id='word_1_590' title='bbox 2400 3256 2444 3310; x_wconf 87' lang='lat' dir='ltr'><strong>si</strong></span> <span class='ocrx_word' id='word_1_591' title='bbox 2479 3272 2540 3312; x_wconf 91' lang='lat' dir='ltr'><strong>se</strong></span> <span class='ocrx_word' id='word_1_592' title='bbox 2568 3255 2796 3313; x_wconf 82' lang='lat' dir='ltr'><strong>funibus</strong></span> <span class='ocrx_word' id='word_1_593' title='bbox 2825 3267 3034 3326; x_wconf 86' lang='lat' dir='ltr'><strong>septem</strong></span> <span class='ocrx_word' id='word_1_594' title='bbox 3075 3259 3395 3314; x_wconf 85' lang='lat' dir='ltr'><strong>recentibus</strong></span> <span class='ocrx_word' id='word_1_595' title='bbox 3417 3268 3485 3314; x_wconf 73' lang='lat' dir='ltr'><strong>et</strong></span> <span class='ocrx_word' id='word_1_596' title='bbox 3595 3289 3598 3292; x_wconf 84' lang='lat'><strong><em>~</em></strong></span> 
     </span>
    </p>
   </div>
   <div class='ocr_carea' id='block_1_79' title="bbox 1874 3345 3478 3420">
    <p class='ocr_par' dir='ltr' id='par_1_79' title="bbox 1874 3345 3478 3420">
     <span class='ocr_line' id='line_1_80' title="bbox 1874 3345 3478 3420; baseline 0.004 -19"><span class='ocrx_word' id='word_1_597' title='bbox 1874 3345 2088 3401; x_wconf 90' lang='lat' dir='ltr'><strong>nullum</strong></span> <span class='ocrx_word' id='word_1_598' title='bbox 2133 3347 2202 3402; x_wconf 87' lang='lat' dir='ltr'><strong>ad</strong></span> <span class='ocrx_word' id='word_1_599' title='bbox 2236 3361 2394 3402; x_wconf 86' lang='lat' dir='ltr'><strong>usum</strong></span> <span class='ocrx_word' id='word_1_600' title='bbox 2447 3347 2710 3405; x_wconf 89' lang='lat' dir='ltr'><strong>adhibitis</strong></span> <span class='ocrx_word' id='word_1_601' title='bbox 2755 3347 3100 3420; x_wconf 84' lang='lat' dir='ltr'><strong>colligarent,</strong></span> <span class='ocrx_word' id='word_1_602' title='bbox 3142 3349 3294 3407; x_wconf 81' lang='lat' dir='ltr'><strong>vires</strong></span> <span class='ocrx_word' id='word_1_603' title='bbox 3327 3365 3478 3408; x_wconf 68' lang='lat' dir='ltr'><strong>suas</strong></span> 
     </span>
    </p>
   </div>
   <div class='ocr_carea' id='block_1_80' title="bbox 1873 3438 3489 3498">
    <p class='ocr_par' dir='ltr' id='par_1_80' title="bbox 1873 3438 3489 3498">
     <span class='ocr_line' id='line_1_81' title="bbox 1873 3438 3489 3498; baseline 0.002 -4"><span class='ocrx_word' id='word_1_604' title='bbox 1873 3438 2104 3494; x_wconf 91' lang='lat' dir='ltr'><strong>omnino</strong></span> <span class='ocrx_word' id='word_1_605' title='bbox 2133 3438 2473 3495; x_wconf 80' lang='lat' dir='ltr'><strong>defecturas.</strong></span> <span class='ocrx_word' id='word_1_606' title='bbox 2505 3439 2641 3496; x_wconf 90' lang='lat' dir='ltr'><strong>Cum</strong></span> <span class='ocrx_word' id='word_1_607' title='bbox 2676 3441 2782 3496; x_wconf 88' lang='lat' dir='ltr'><strong>hoc</strong></span> <span class='ocrx_word' id='word_1_608' title='bbox 2828 3441 2995 3496; x_wconf 88' lang='lat' dir='ltr'><strong>etiam</strong></span> <span class='ocrx_word' id='word_1_609' title='bbox 3029 3441 3120 3497; x_wconf 90' lang='lat' dir='ltr'><strong>illa</strong></span> <span class='ocrx_word' id='word_1_610' title='bbox 3149 3441 3378 3498; x_wconf 83' lang='lat' dir='ltr'><strong>fecisset</strong></span> <span class='ocrx_word' id='word_1_611' title='bbox 3417 3451 3489 3498; x_wconf 84' lang='lat' dir='ltr'><strong>et.</strong></span> 
     </span>
    </p>
   </div>
   <div class='ocr_carea' id='block_1_81' title="bbox 1874 3531 3479 3604">
    <p class='ocr_par' dir='ltr' id='par_1_81' title="bbox 1874 3531 3479 3604">
     <span class='ocr_line' id='line_1_82' title="bbox 1874 3531 3479 3604; baseline 0.001 -19"><span class='ocrx_word' id='word_1_612' title='bbox 1874 3531 2270 3586; x_wconf 85' lang='lat' dir='ltr'><strong>inclamasset:</strong></span> <span class='ocrx_word' id='word_1_613' title='bbox 2305 3550 2324 3583; x_wconf 74' lang='grc' dir='ltr'><strong>ι</strong></span> <span class='ocrx_word' id='word_1_614' title='bbox 2361 3531 2702 3604; x_wconf 80' lang='lat' dir='ltr'><strong>Alienigenae</strong></span> <span class='ocrx_word' id='word_1_615' title='bbox 2757 3542 2809 3588; x_wconf 89' lang='lat' dir='ltr'><strong>te</strong></span> <span class='ocrx_word' id='word_1_616' title='bbox 2857 3533 3148 3601; x_wconf 87' lang='lat' dir='ltr'><strong>invadunt,</strong></span> <span class='ocrx_word' id='word_1_617' title='bbox 3187 3532 3409 3600; x_wconf 87' lang='lat' dir='ltr'><strong>Samso,</strong></span> <span class='ocrx_word' id='word_1_618' title='bbox 3445 3551 3479 3587; x_wconf 75' lang='lat'><strong>)-</strong></span> 
     </span>
    </p>
   </div>
   <div class='ocr_carea' id='block_1_82' title="bbox 1875 3622 3475 3698">
    <p class='ocr_par' dir='ltr' id='par_1_82' title="bbox 1875 3622 3475 3698">
     <span class='ocr_line' id='line_1_83' title="bbox 1875 3622 3475 3698; baseline 0.003 -21"><span class='ocrx_word' id='word_1_619' title='bbox 1875 3638 2006 3677; x_wconf 88' lang='lat' dir='ltr'><strong>mox</strong></span> <span class='ocrx_word' id='word_1_620' title='bbox 2041 3623 2203 3678; x_wconf 76' lang='lat' dir='ltr'><strong>funes</strong></span> <span class='ocrx_word' id='word_1_621' title='bbox 2225 3622 2552 3694; x_wconf 77' lang='lat' dir='ltr'><strong>discerpsit,</strong></span> <span class='ocrx_word' id='word_1_622' title='bbox 2597 3623 2800 3694; x_wconf 87' lang='lat' dir='ltr'><strong>quibus</strong></span> <span class='ocrx_word' id='word_1_623' title='bbox 2843 3635 3005 3698; x_wconf 83' lang='lat' dir='ltr'><strong>erant</strong></span> <span class='ocrx_word' id='word_1_624' title='bbox 3060 3626 3184 3696; x_wconf 83' lang='lat' dir='ltr'><strong>ejus</strong></span> <span class='ocrx_word' id='word_1_625' title='bbox 3223 3625 3475 3698; x_wconf 80' lang='lat' dir='ltr'><strong>colligata</strong></span> 
     </span>
    </p>
   </div>
   <div class='ocr_carea' id='block_1_83' title="bbox 1873 3711 3471 3786">
    <p class='ocr_par' dir='ltr' id='par_1_83' title="bbox 1873 3711 3471 3786">
     <span class='ocr_line' id='line_1_84' title="bbox 1873 3711 3471 3786; baseline 0.001 -18"><span class='ocrx_word' id='word_1_626' title='bbox 1873 3714 2118 3769; x_wconf 84' lang='lat' dir='ltr'><strong>brachia.</strong></span> <span class='ocrx_word' id='word_1_627' title='bbox 2156 3711 2295 3768; x_wconf 89' lang='lat' dir='ltr'><strong>Cum</strong></span> <span class='ocrx_word' id='word_1_628' title='bbox 2332 3728 2524 3770; x_wconf 90' lang='lat' dir='ltr'><strong>rursus</strong></span> <span class='ocrx_word' id='word_1_629' title='bbox 2560 3714 2727 3786; x_wconf 89' lang='lat' dir='ltr'><strong>igitur</strong></span> <span class='ocrx_word' id='word_1_630' title='bbox 2778 3715 2922 3771; x_wconf 87' lang='lat' dir='ltr'><strong>idem</strong></span> <span class='ocrx_word' id='word_1_631' title='bbox 2971 3731 3038 3770; x_wconf 92' lang='lat' dir='ltr'><strong>ex</strong></span> <span class='ocrx_word' id='word_1_632' title='bbox 3077 3731 3143 3771; x_wconf 91' lang='lat' dir='ltr'><strong>eo</strong></span> <span class='ocrx_word' id='word_1_633' title='bbox 3176 3728 3471 3786; x_wconf 83' lang='lat' dir='ltr'><strong>quaereret,</strong></span> 
     </span>
    </p>
   </div>
   <div class='ocr_carea' id='block_1_84' title="bbox 1874 3791 3481 3878">
    <p class='ocr_par' dir='ltr' id='par_1_84' title="bbox 1874 3791 3481 3878">
     <span class='ocr_line' id='line_1_85' title="bbox 1874 3791 3481 3878; baseline 0.004 -18"><span class='ocrx_word' id='word_1_634' title='bbox 1874 3799 2183 3876; x_wconf 86' lang='lat' dir='ltr'><strong>respondit,</strong></span> <span class='ocrx_word' id='word_1_635' title='bbox 2233 3791 2278 3861; x_wconf 82' lang='lat' dir='ltr'><strong>si</strong></span> <span class='ocrx_word' id='word_1_636' title='bbox 2323 3807 2522 3878; x_wconf 87' lang='lat' dir='ltr'><strong>capitis</strong></span> <span class='ocrx_word' id='word_1_637' title='bbox 2571 3808 2657 3862; x_wconf 91' lang='lat' dir='ltr'><strong>sui</strong></span> <span class='ocrx_word' id='word_1_638' title='bbox 2717 3808 3010 3865; x_wconf 88' lang='lat' dir='ltr'><strong>cincinnos</strong></span> <span class='ocrx_word' id='word_1_639' title='bbox 3042 3808 3250 3866; x_wconf 88' lang='lat' dir='ltr'><strong>divisos</strong></span> <span class='ocrx_word' id='word_1_640' title='bbox 3301 3811 3481 3866; x_wconf 83' lang='lat' dir='ltr'><strong>clavis</strong></span> 
     </span>
    </p>
   </div>
   <div class='ocr_carea' id='block_1_85' title="bbox 1871 3899 3470 3973">
    <p class='ocr_par' dir='ltr' id='par_1_85' title="bbox 1871 3899 3470 3973">
     <span class='ocr_line' id='line_1_86' title="bbox 1871 3899 3470 3973; baseline 0.003 -20"><span class='ocrx_word' id='word_1_641' title='bbox 1871 3899 2121 3968; x_wconf 86' lang='lat' dir='ltr'><strong>alligaret</strong></span> <span class='ocrx_word' id='word_1_642' title='bbox 2172 3915 2238 3955; x_wconf 87' lang='lat' dir='ltr'><strong>ac</strong></span> <span class='ocrx_word' id='word_1_643' title='bbox 2269 3901 2466 3971; x_wconf 85' lang='lat' dir='ltr'><strong>parieti</strong></span> <span class='ocrx_word' id='word_1_644' title='bbox 2527 3901 2793 3973; x_wconf 80' lang='lat' dir='ltr'><strong>afﬁgeret,</strong></span> <span class='ocrx_word' id='word_1_645' title='bbox 2828 3902 3065 3958; x_wconf 88' lang='lat' dir='ltr'><strong>debilem</strong></span> <span class='ocrx_word' id='word_1_646' title='bbox 3119 3918 3180 3960; x_wconf 91' lang='lat' dir='ltr'><strong>se</strong></span> <span class='ocrx_word' id='word_1_647' title='bbox 3223 3903 3470 3959; x_wconf 80' lang='lat' dir='ltr'><strong>futurum</strong></span> 
     </span>
    </p>
   </div>
   <div class='ocr_carea' id='block_1_86' title="bbox 1876 3992 3469 4062">
    <p class='ocr_par' dir='ltr' id='par_1_86' title="bbox 1876 3992 3469 4062">
     <span class='ocr_line' id='line_1_87' title="bbox 1876 3992 3469 4062; baseline 0.003 -16"><span class='ocrx_word' id='word_1_648' title='bbox 1876 3992 2216 4062; x_wconf 89' lang='lat' dir='ltr'><strong>reliquisque</strong></span> <span class='ocrx_word' id='word_1_649' title='bbox 2249 3992 2975 4051; x_wconf 76' lang='lat' dir='ltr'><strong>mortalibus&#39;consimilem.</strong></span> <span class='ocrx_word' id='word_1_650' title='bbox 3006 3995 3210 4052; x_wconf 82' lang='lat' dir='ltr'><strong>Verum</strong></span> <span class='ocrx_word' id='word_1_651' title='bbox 3245 4011 3315 4051; x_wconf 91' lang='lat' dir='ltr'><strong>ne</strong></span> <span class='ocrx_word' id='word_1_652' title='bbox 3354 4003 3469 4051; x_wconf 91' lang='lat' dir='ltr'><strong>tum</strong></span> 
     </span>
    </p>
   </div>
   <div class='ocr_carea' id='block_1_87' title="bbox 1871 4085 3473 4160">
    <p class='ocr_par' dir='ltr' id='par_1_87' title="bbox 1871 4085 3473 4160">
     <span class='ocr_line' id='line_1_88' title="bbox 1871 4085 3473 4160; baseline 0.004 -23"><span class='ocrx_word' id='word_1_653' title='bbox 1871 4085 2090 4154; x_wconf 85' lang='lat' dir='ltr'><strong>quidem</strong></span> <span class='ocrx_word' id='word_1_654' title='bbox 2129 4085 2239 4139; x_wconf 86' lang='lat' dir='ltr'><strong>voti</strong></span> <span class='ocrx_word' id='word_1_655' title='bbox 2265 4099 2491 4156; x_wconf 89' lang='lat' dir='ltr'><strong>compos</strong></span> <span class='ocrx_word' id='word_1_656' title='bbox 2517 4085 2659 4141; x_wconf 85' lang='lat' dir='ltr'><strong>facta</strong></span> <span class='ocrx_word' id='word_1_657' title='bbox 2689 4087 2759 4142; x_wconf 89' lang='lat' dir='ltr'><strong>de</strong></span> <span class='ocrx_word' id='word_1_658' title='bbox 2795 4087 3030 4160; x_wconf 67' lang='lat' dir='ltr'><strong>integro</strong></span> <span class='ocrx_word' id='word_1_659' title='bbox 3055 4087 3340 4145; x_wconf 86' lang='lat' dir='ltr'><strong>blanditiis</strong></span> <span class='ocrx_word' id='word_1_660' title='bbox 3372 4087 3473 4143; x_wconf 51' lang='lat' dir='ltr'><strong>hoc</strong></span> 
     </span>
    </p>
   </div>
   <div class='ocr_carea' id='block_1_88' title="bbox 1873 4177 3472 4250">
    <p class='ocr_par' dir='ltr' id='par_1_88' title="bbox 1873 4177 3472 4250">
     <span class='ocr_line' id='line_1_89' title="bbox 1873 4177 3472 4250; baseline 0.003 -19"><span class='ocrx_word' id='word_1_661' title='bbox 1873 4178 2078 4232; x_wconf 90' lang='lat' dir='ltr'><strong>minem</strong></span> <span class='ocrx_word' id='word_1_662' title='bbox 2136 4193 2369 4233; x_wconf 86' lang='lat' dir='ltr'><strong>exorare</strong></span> <span class='ocrx_word' id='word_1_663' title='bbox 2425 4177 2642 4245; x_wconf 89' lang='lat' dir='ltr'><strong>nititur,</strong></span> <span class='ocrx_word' id='word_1_664' title='bbox 2681 4180 3040 4250; x_wconf 87' lang='lat' dir='ltr'><strong>quamobrem</strong></span> <span class='ocrx_word' id='word_1_665' title='bbox 3091 4181 3185 4235; x_wconf 89' lang='lat' dir='ltr'><strong>ille</strong></span> <span class='ocrx_word' id='word_1_666' title='bbox 3245 4179 3472 4235; x_wconf 86' lang='lat' dir='ltr'><strong>tandem</strong></span> 
     </span>
    </p>
   </div>
   <div class='ocr_carea' id='block_1_89' title="bbox 1872 4264 3479 4341">
    <p class='ocr_par' dir='ltr' id='par_1_89' title="bbox 1872 4264 3479 4341">
     <span class='ocr_line' id='line_1_90' title="bbox 1872 4264 3479 4341; baseline 0 -17"><span class='ocrx_word' id='word_1_667' title='bbox 1872 4264 2135 4326; x_wconf 82' lang='lat' dir='ltr'><strong>arcanum</strong></span> <span class='ocrx_word' id='word_1_668' title='bbox 2169 4270 2220 4324; x_wconf 92' lang='lat' dir='ltr'><strong>ei</strong></span> <span class='ocrx_word' id='word_1_669' title='bbox 2255 4269 2559 4340; x_wconf 79' lang='lat' dir='ltr'><strong>patefacit:</strong></span> <span class='ocrx_word' id='word_1_670' title='bbox 2590 4290 2609 4323; x_wconf 77' lang='grc' dir='ltr'><strong>ι</strong></span> <span class='ocrx_word' id='word_1_671' title='bbox 2653 4270 2853 4341; x_wconf 89' lang='lat' dir='ltr'><strong>Capiti,</strong></span> <span class='ocrx_word' id='word_1_672' title='bbox 2894 4271 2995 4338; x_wconf 91' lang='lat' dir='ltr'><strong>ait,</strong></span> <span class='ocrx_word' id='word_1_673' title='bbox 3051 4286 3178 4328; x_wconf 89' lang='lat' dir='ltr'><strong>meo</strong></span> <span class='ocrx_word' id='word_1_674' title='bbox 3201 4270 3479 4326; x_wconf 79' lang='lat' dir='ltr'><strong>novacula</strong></span> 
     </span>
    </p>
   </div>
   <div class='ocr_carea' id='block_1_90' title="bbox 1874 4362 3480 4434">
    <p class='ocr_par' dir='ltr' id='par_1_90' title="bbox 1874 4362 3480 4434">
     <span class='ocr_line' id='line_1_91' title="bbox 1874 4362 3480 4434; baseline 0.001 -17"><span class='ocrx_word' id='word_1_675' title='bbox 1874 4377 2157 4432; x_wconf 85' lang='lat' dir='ltr'><strong>nunquam</strong></span> <span class='ocrx_word' id='word_1_676' title='bbox 2192 4371 2276 4417; x_wconf 89' lang='lat' dir='ltr'><strong>est</strong></span> <span class='ocrx_word' id='word_1_677' title='bbox 2323 4362 2580 4430; x_wconf 87' lang='lat' dir='ltr'><strong>admota;</strong></span> <span class='ocrx_word' id='word_1_678' title='bbox 2632 4378 2761 4418; x_wconf 88' lang='lat' dir='ltr'><strong>nam</strong></span> <span class='ocrx_word' id='word_1_679' title='bbox 2806 4363 2938 4418; x_wconf 89' lang='lat' dir='ltr'><strong>inde</strong></span> <span class='ocrx_word' id='word_1_680' title='bbox 2987 4377 3164 4434; x_wconf 88' lang='lat' dir='ltr'><strong>usque</strong></span> <span class='ocrx_word' id='word_1_681' title='bbox 3210 4377 3241 4416; x_wconf 92' lang='lat' dir='ltr'><strong>a</strong></span> <span class='ocrx_word' id='word_1_682' title='bbox 3279 4371 3480 4418; x_wconf 76' lang='lat' dir='ltr'><strong>ventre</strong></span> 
     </span>
    </p>
   </div>
   <div class='ocr_carea' id='block_1_91' title="bbox 1878 4451 3474 4520">
    <p class='ocr_par' dir='ltr' id='par_1_91' title="bbox 1878 4451 3474 4520">
     <span class='ocr_line' id='line_1_92' title="bbox 1878 4451 3474 4520; baseline -0.001 -12"><span class='ocrx_word' id='word_1_683' title='bbox 1878 4457 2072 4509; x_wconf 86' lang='lat' dir='ltr'><strong>matris</strong></span> <span class='ocrx_word' id='word_1_684' title='bbox 2096 4453 2188 4509; x_wconf 87' lang='lat' dir='ltr'><strong>Dei</strong></span> <span class='ocrx_word' id='word_1_685' title='bbox 2242 4469 2365 4509; x_wconf 89' lang='lat' dir='ltr'><strong>sum</strong></span> <span class='ocrx_word' id='word_1_686' title='bbox 2407 4453 2721 4508; x_wconf 73' lang='lat' dir='ltr'><strong>Nazaraeus.</strong></span> <span class='ocrx_word' id='word_1_687' title='bbox 2756 4453 2964 4520; x_wconf 87' lang='lat' dir='ltr'><strong>Quodsi</strong></span> <span class='ocrx_word' id='word_1_688' title='bbox 3015 4451 3309 4517; x_wconf 86' lang='lat' dir='ltr'><strong>tondebor,</strong></span> <span class='ocrx_word' id='word_1_689' title='bbox 3353 4452 3474 4507; x_wconf 82' lang='lat' dir='ltr'><strong>abi-</strong></span> 
     </span>
    </p>
   </div>
   <div class='ocr_carea' id='block_1_92' title="bbox 181 4545 1775 4630">
    <p class='ocr_par' dir='ltr' id='par_1_92' title="bbox 181 4545 1775 4619">
     <span class='ocr_line' id='line_1_93' title="bbox 181 4545 1775 4619; baseline -0.001 -17"><span class='ocrx_word' id='word_1_690' title='bbox 181 4551 278 4602; x_wconf 70' lang='lat' dir='ltr'><strong>xal</strong></span> <span class='ocrx_word' id='word_1_691' title='bbox 330 4545 524 4604; x_wconf 79' lang='grc' dir='ltr'>εἶπενο</span> <span class='ocrx_word' id='word_1_692' title='bbox 555 4569 575 4602; x_wconf 83' lang='grc'><strong>‹</strong></span> <span class='ocrx_word' id='word_1_693' title='bbox 627 4548 860 4605; x_wconf 76' lang='grc' dir='ltr'>Ἀδωναῒ</span> <span class='ocrx_word' id='word_1_694' title='bbox 911 4548 1088 4618; x_wconf 78' lang='grc' dir='ltr'>Κύριε</span> <span class='ocrx_word' id='word_1_695' title='bbox 1132 4549 1243 4602; x_wconf 82' lang='grc' dir='ltr'><strong>τῶν</strong></span> <span class='ocrx_word' id='word_1_696' title='bbox 1293 4548 1604 4619; x_wconf 82' lang='grc' dir='ltr'>δυνάμεων,</span> <span class='ocrx_word' id='word_1_697' title='bbox 1641 4551 1775 4619; x_wconf 73' lang='grc' dir='ltr'>μνή-</span> 
     </span>
    </p>
   </div>
   <div class='ocr_carea' id='block_1_93' title="bbox 1880 4545 3480 4630">
    <p class='ocr_par' dir='ltr' id='par_1_93' title="bbox 1884 4546 3480 4614">
     <span class='ocr_line' id='line_1_94' title="bbox 1884 4546 3480 4614; baseline -0.001 -12"><span class='ocrx_word' id='word_1_698' title='bbox 1884 4559 2018 4603; x_wconf 70' lang='lat' dir='ltr'><strong>tura:</strong></span> <span class='ocrx_word' id='word_1_699' title='bbox 2069 4557 2197 4604; x_wconf 87' lang='lat' dir='ltr'><strong>sunt</strong></span> <span class='ocrx_word' id='word_1_700' title='bbox 2227 4563 2256 4602; x_wconf 91' lang='lat' dir='ltr'><strong>a</strong></span> <span class='ocrx_word' id='word_1_701' title='bbox 2313 4562 2400 4602; x_wconf 89' lang='lat' dir='ltr'><strong>me</strong></span> <span class='ocrx_word' id='word_1_702' title='bbox 2419 4547 2593 4612; x_wconf 83' lang='lat' dir='ltr'><strong>vires,</strong></span> <span class='ocrx_word' id='word_1_703' title='bbox 2635 4555 2693 4602; x_wconf 89' lang='lat' dir='ltr'><strong>et</strong></span> <span class='ocrx_word' id='word_1_704' title='bbox 2737 4546 2990 4601; x_wconf 81' lang='lat' dir='ltr'><strong>inﬁrmus</strong></span> <span class='ocrx_word' id='word_1_705' title='bbox 3031 4553 3480 4614; x_wconf 75' lang='lat' dir='ltr'><strong>cazterorumque</strong></span> 
     </span>
    </p>
   </div>
   <div class='ocr_carea' id='block_1_94' title="bbox 184 4639 1768 4718">
    <p class='ocr_par' dir='ltr' id='par_1_94' title="bbox 184 4639 1768 4718">
     <span class='ocr_line' id='line_1_95' title="bbox 184 4639 1768 4718; baseline -0.003 -24"><span class='ocrx_word' id='word_1_706' title='bbox 184 4641 345 4712; x_wconf 80' lang='grc' dir='ltr'>σθητί</span> <span class='ocrx_word' id='word_1_707' title='bbox 380 4658 482 4711; x_wconf 87' lang='grc' dir='ltr'><strong>μου</strong></span> <span class='ocrx_word' id='word_1_708' title='bbox 519 4639 636 4706; x_wconf 84' lang='grc' dir='ltr'>νῦν,</span> <span class='ocrx_word' id='word_1_709' title='bbox 674 4644 770 4694; x_wconf 79' lang='grc' dir='ltr'>καὶ</span> <span class='ocrx_word' id='word_1_710' title='bbox 825 4641 1048 4718; x_wconf 78' lang='grc' dir='ltr'>ἴσχυσόν</span> <span class='ocrx_word' id='word_1_711' title='bbox 1114 4657 1182 4716; x_wconf 82' lang='grc' dir='ltr'><strong>με</strong></span> <span class='ocrx_word' id='word_1_712' title='bbox 1234 4640 1318 4692; x_wconf 67' lang='grc' dir='ltr'>ἔτι</span> <span class='ocrx_word' id='word_1_713' title='bbox 1373 4639 1525 4706; x_wconf 71' lang='grc' dir='ltr'>ἅπαξ</span> <span class='ocrx_word' id='word_1_714' title='bbox 1585 4639 1768 4704; x_wconf 79' lang='grc' dir='ltr'>τοῦτο,</span> 
     </span>
    </p>
   </div>
   <div class='ocr_carea' id='block_1_95' title="bbox 184 4732 1772 4803">
    <p class='ocr_par' dir='ltr' id='par_1_95' title="bbox 184 4732 1772 4803">
     <span class='ocr_line' id='line_1_96' title="bbox 184 4732 1772 4803; baseline 0 -17"><span class='ocrx_word' id='word_1_715' title='bbox 184 4735 312 4801; x_wconf 78' lang='grc' dir='ltr'>Θεὲ,</span> <span class='ocrx_word' id='word_1_716' title='bbox 343 4733 441 4787; x_wconf 74' lang='grc' dir='ltr'>καὶ</span> <span class='ocrx_word' id='word_1_717' title='bbox 481 4734 853 4789; x_wconf 85' lang='grc' dir='ltr'>ἀνταποδώσω</span> <span class='ocrx_word' id='word_1_718' title='bbox 898 4735 1258 4788; x_wconf 83' lang='grc' dir='ltr'>ἀνταπόδοσιν</span> <span class='ocrx_word' id='word_1_719' title='bbox 1313 4732 1446 4803; x_wconf 82' lang='grc' dir='ltr'>μίαν</span> <span class='ocrx_word' id='word_1_720' title='bbox 1485 4733 1616 4802; x_wconf 78' lang='grc' dir='ltr'>περὶ</span> <span class='ocrx_word' id='word_1_721' title='bbox 1661 4733 1772 4786; x_wconf 83' lang='grc' dir='ltr'><strong>τῶν</strong></span> 
     </span>
    </p>
   </div>
   <div class='ocr_carea' id='block_1_96' title="bbox 183 4819 1774 4896">
    <p class='ocr_par' dir='ltr' id='par_1_96' title="bbox 183 4819 1774 4896">
     <span class='ocr_line' id='line_1_97' title="bbox 183 4819 1774 4896; baseline -0.001 -18"><span class='ocrx_word' id='word_1_722' title='bbox 183 4825 276 4878; x_wconf 81' lang='grc' dir='ltr'><strong>δύο</strong></span> <span class='ocrx_word' id='word_1_723' title='bbox 308 4825 608 4896; x_wconf 71' lang='grc' dir='ltr'>ὀφθαλμῶν</span> <span class='ocrx_word' id='word_1_724' title='bbox 663 4842 768 4895; x_wconf 84' lang='grc' dir='ltr'><strong>μου</strong></span> <span class='ocrx_word' id='word_1_725' title='bbox 820 4828 934 4889; x_wconf 78' lang='grc' dir='ltr'>τοῖς</span> <span class='ocrx_word' id='word_1_726' title='bbox 978 4825 1326 4893; x_wconf 79' lang='grc' dir='ltr'>ἀλλοφύλοις.</span> <span class='ocrx_word' id='word_1_727' title='bbox 1367 4841 1388 4876; x_wconf 72' lang='grc' dir='ltr'><strong>ι</strong></span> <span class='ocrx_word' id='word_1_728' title='bbox 1439 4824 1557 4894; x_wconf 83' lang='grc' dir='ltr'><strong>Ἐφ’</strong></span> <span class='ocrx_word' id='word_1_729' title='bbox 1589 4819 1634 4893; x_wconf 83' lang='grc' dir='ltr'>ᾧ</span> <span class='ocrx_word' id='word_1_730' title='bbox 1679 4824 1774 4878; x_wconf 71' lang='grc' dir='ltr'><strong>καὶ</strong></span> 
     </span>
    </p>
   </div>
   <div class='ocr_carea' id='block_1_97' title="bbox 184 4915 1777 4988">
    <p class='ocr_par' dir='ltr' id='par_1_97' title="bbox 184 4915 1777 4988">
     <span class='ocr_line' id='line_1_98' title="bbox 184 4915 1777 4988; baseline 0 -20"><span class='ocrx_word' id='word_1_731' title='bbox 184 4915 268 4983; x_wconf 53' lang='grc' dir='ltr'><strong>ού,</strong></span> <span class='ocrx_word' id='word_1_732' title='bbox 301 4918 558 4987; x_wconf 80' lang='grc' dir='ltr'>παρεῖδεν</span> <span class='ocrx_word' id='word_1_733' title='bbox 590 4917 755 4970; x_wconf 81' lang='grc' dir='ltr'>αὑτὸν</span> <span class='ocrx_word' id='word_1_734' title='bbox 813 4917 1362 4988; x_wconf 72' lang='grc' dir='ltr'>ἐπικερτομούμενον</span> <span class='ocrx_word' id='word_1_735' title='bbox 1419 4917 1449 4969; x_wconf 81' lang='grc' dir='ltr'>ὁ</span> <span class='ocrx_word' id='word_1_736' title='bbox 1489 4915 1644 4978; x_wconf 85' lang='grc' dir='ltr'>Θεός·</span> <span class='ocrx_word' id='word_1_737' title='bbox 1680 4915 1777 4969; x_wconf 73' lang='grc' dir='ltr'>καὶ</span> 
     </span>
    </p>
   </div>
   <div class='ocr_carea' id='block_1_98' title="bbox 185 4995 1776 5082">
    <p class='ocr_par' dir='ltr' id='par_1_98' title="bbox 185 4995 1776 5082">
     <span class='ocr_line' id='line_1_99' title="bbox 185 4995 1776 5082; baseline 0.002 -21"><span class='ocrx_word' id='word_1_738' title='bbox 185 5009 496 5080; x_wconf 82' lang='grc' dir='ltr'>παιδαρίοις</span> <span class='ocrx_word' id='word_1_739' title='bbox 544 5011 655 5082; x_wconf 79' lang='grc' dir='ltr'>γὰρ</span> <span class='ocrx_word' id='word_1_740' title='bbox 711 5013 794 5074; x_wconf 80' lang='grc' dir='ltr'><strong>εἰς</strong></span> <span class='ocrx_word' id='word_1_741' title='bbox 842 4995 1059 5080; x_wconf 76' lang='grc' dir='ltr'>γέλωτα</span> <span class='ocrx_word' id='word_1_742' title='bbox 1119 5012 1260 5081; x_wconf 85' lang='grc' dir='ltr'><strong>μετά</strong></span> <span class='ocrx_word' id='word_1_743' title='bbox 1320 5010 1382 5064; x_wconf 81' lang='grc' dir='ltr'><strong>τδ</strong></span> <span class='ocrx_word' id='word_1_744' title='bbox 1424 5009 1776 5080; x_wconf 77' lang='grc' dir='ltr'>τυφλωθῆναι</span> 
     </span>
    </p>
   </div>
   <div class='ocr_carea' id='block_1_99' title="bbox 183 5092 1778 5174">
    <p class='ocr_par' dir='ltr' id='par_1_99' title="bbox 183 5092 1778 5174">
     <span class='ocr_line' id='line_1_100' title="bbox 183 5092 1778 5174; baseline 0.001 -21"><span class='ocrx_word' id='word_1_745' title='bbox 183 5099 504 5173; x_wconf 80' lang='grc' dir='ltr'>προύκειτο.</span> <span class='ocrx_word' id='word_1_746' title='bbox 557 5101 885 5172; x_wconf 81' lang='grc' dir='ltr'>Παραδόξως</span> <span class='ocrx_word' id='word_1_747' title='bbox 934 5101 1029 5157; x_wconf 80' lang='grc' dir='ltr'><strong>οὖν</strong></span> <span class='ocrx_word' id='word_1_748' title='bbox 1067 5102 1308 5174; x_wconf 73' lang='grc' dir='ltr'>ἐνισχύει</span> <span class='ocrx_word' id='word_1_749' title='bbox 1357 5102 1542 5156; x_wconf 79' lang='grc' dir='ltr'>αὐτόν.</span> <span class='ocrx_word' id='word_1_750' title='bbox 1589 5092 1778 5169; x_wconf 72' lang='grc' dir='ltr'><strong>Ἐφἰἷ)</strong></span> 
     </span>
    </p>
   </div>
   <div class='ocr_carea' id='block_1_100' title="bbox 183 5193 1778 5266">
    <p class='ocr_par' dir='ltr' id='par_1_100' title="bbox 183 5193 1778 5266">
     <span class='ocr_line' id='line_1_101' title="bbox 183 5193 1778 5266; baseline -0.001 -18"><span class='ocrx_word' id='word_1_751' title='bbox 183 5197 283 5248; x_wconf 75' lang='grc' dir='ltr'>καὶ</span> <span class='ocrx_word' id='word_1_752' title='bbox 321 5193 646 5265; x_wconf 81' lang='grc' dir='ltr'>καθημένων</span> <span class='ocrx_word' id='word_1_753' title='bbox 695 5196 921 5248; x_wconf 81' lang='grc' dir='ltr'>ἐκείνων</span> <span class='ocrx_word' id='word_1_754' title='bbox 974 5195 1070 5250; x_wconf 69' lang='grc' dir='ltr'><strong>καὶ</strong></span> <span class='ocrx_word' id='word_1_755' title='bbox 1123 5195 1436 5266; x_wconf 80' lang='grc' dir='ltr'>μεθυόντων</span> <span class='ocrx_word' id='word_1_756' title='bbox 1471 5193 1778 5266; x_wconf 76' lang='grc' dir='ltr'>(ὶπινικίων</span> 
     </span>
    </p>
   </div>
   <div class='ocr_carea' id='block_1_101' title="bbox 180 5285 1774 5359">
    <p class='ocr_par' dir='ltr' id='par_1_101' title="bbox 180 5285 1774 5359">
     <span class='ocr_line' id='line_1_102' title="bbox 180 5285 1774 5359; baseline -0.001 -18"><span class='ocrx_word' id='word_1_757' title='bbox 180 5291 292 5359; x_wconf 73' lang='grc' dir='ltr'><strong>γὰρ</strong></span> <span class='ocrx_word' id='word_1_758' title='bbox 333 5287 522 5341; x_wconf 70' lang='grc' dir='ltr'>ἕνεκεν</span> <span class='ocrx_word' id='word_1_759' title='bbox 551 5289 665 5350; x_wconf 84' lang='grc' dir='ltr'>τοῖς</span> <span class='ocrx_word' id='word_1_760' title='bbox 696 5287 940 5350; x_wconf 80' lang='grc' dir='ltr'>εἰδώλοις</span> <span class='ocrx_word' id='word_1_761' title='bbox 972 5287 1408 5359; x_wconf 77' lang='grc' dir='ltr'>ὲπανηγύριζον)</span> <span class='ocrx_word' id='word_1_762' title='bbox 1439 5285 1774 5356; x_wconf 80' lang='grc' dir='ltr'>ὲπιδράσσε-</span> 
     </span>
    </p>
   </div>
   <div class='ocr_carea' id='block_1_102' title="bbox 183 5376 1775 5453">
    <p class='ocr_par' dir='ltr' id='par_1_102' title="bbox 183 5376 1775 5453">
     <span class='ocr_line' id='line_1_103' title="bbox 183 5376 1775 5453; baseline 0.001 -19"><span class='ocrx_word' id='word_1_763' title='bbox 183 5398 279 5434; x_wconf 80' lang='grc' dir='ltr'><strong>ται</strong></span> <span class='ocrx_word' id='word_1_764' title='bbox 308 5382 418 5435; x_wconf 83' lang='grc' dir='ltr'><strong>τῶν</strong></span> <span class='ocrx_word' id='word_1_765' title='bbox 467 5383 560 5434; x_wconf 73' lang='grc' dir='ltr'><strong>τοῦ</strong></span> <span class='ocrx_word' id='word_1_766' title='bbox 612 5381 763 5436; x_wconf 79' lang='grc' dir='ltr'>οἴκου</span> <span class='ocrx_word' id='word_1_767' title='bbox 801 5381 895 5435; x_wconf 86' lang='grc' dir='ltr'><strong>δύο</strong></span> <span class='ocrx_word' id='word_1_768' title='bbox 930 5382 1130 5436; x_wconf 85' lang='grc' dir='ltr'>κιόνων</span> <span class='ocrx_word' id='word_1_769' title='bbox 1165 5385 1223 5435; x_wconf 80' lang='grc' dir='ltr'>ἐν</span> <span class='ocrx_word' id='word_1_770' title='bbox 1264 5376 1307 5450; x_wconf 77' lang='grc' dir='ltr'><strong>ᾧ</strong></span> <span class='ocrx_word' id='word_1_771' title='bbox 1345 5379 1488 5452; x_wconf 82' lang='grc' dir='ltr'>ἦσαν</span> <span class='ocrx_word' id='word_1_772' title='bbox 1525 5382 1775 5453; x_wconf 82' lang='grc' dir='ltr'>καθήμε-</span> 
     </span>
    </p>
   </div>
   <div class='ocr_carea' id='block_1_103' title="bbox 183 5471 1772 5546">
    <p class='ocr_par' dir='ltr' id='par_1_103' title="bbox 183 5471 1772 5546">
     <span class='ocr_line' id='line_1_104' title="bbox 183 5471 1772 5546; baseline 0.001 -18"><span class='ocrx_word' id='word_1_773' title='bbox 183 5491 291 5539; x_wconf 90' lang='grc' dir='ltr'>νοι,</span> <span class='ocrx_word' id='word_1_774' title='bbox 321 5477 419 5530; x_wconf 75' lang='grc' dir='ltr'><strong>καὶ</strong></span> <span class='ocrx_word' id='word_1_775' title='bbox 454 5475 594 5538; x_wconf 75' lang='grc' dir='ltr'>μετὰ</span> <span class='ocrx_word' id='word_1_776' title='bbox 641 5477 701 5529; x_wconf 79' lang='grc' dir='ltr'><strong>τὸ</strong></span> <span class='ocrx_word' id='word_1_777' title='bbox 737 5478 1015 5546; x_wconf 76' lang='grc' dir='ltr'>κρατῆσαι</span> <span class='ocrx_word' id='word_1_778' title='bbox 1056 5478 1255 5538; x_wconf 74' lang='grc' dir='ltr'>αὐτοὺς</span> <span class='ocrx_word' id='word_1_779' title='bbox 1288 5471 1480 5528; x_wconf 80' lang='grc' dir='ltr'>εἶπεν·</span> <span class='ocrx_word' id='word_1_780' title='bbox 1540 5493 1559 5527; x_wconf 70' lang='grc' dir='ltr'><strong>ι</strong></span> <span class='ocrx_word' id='word_1_781' title='bbox 1609 5475 1772 5529; x_wconf 82' lang='grc' dir='ltr'>Ἀπο-</span> 
     </span>
    </p>
   </div>
   <div class='ocr_carea' id='block_1_104' title="bbox 185 5569 1773 5641">
    <p class='ocr_par' dir='ltr' id='par_1_104' title="bbox 185 5569 1773 5641">
     <span class='ocr_line' id='line_1_105' title="bbox 185 5569 1773 5641; baseline 0.001 -18"><span class='ocrx_word' id='word_1_782' title='bbox 185 5571 400 5625; x_wconf 76' lang='grc' dir='ltr'>θανέτω</span> <span class='ocrx_word' id='word_1_783' title='bbox 439 5573 472 5641; x_wconf 83' lang='grc' dir='ltr'><strong>ἡ</strong></span> <span class='ocrx_word' id='word_1_784' title='bbox 504 5571 651 5640; x_wconf 81' lang='grc' dir='ltr'>ψυχή</span> <span class='ocrx_word' id='word_1_785' title='bbox 686 5588 790 5641; x_wconf 87' lang='grc' dir='ltr'><strong>μου</strong></span> <span class='ocrx_word' id='word_1_786' title='bbox 847 5571 988 5641; x_wconf 84' lang='grc' dir='ltr'>μετὰ</span> <span class='ocrx_word' id='word_1_787' title='bbox 1016 5571 1126 5624; x_wconf 84' lang='grc' dir='ltr'><strong>τῶν</strong></span> <span class='ocrx_word' id='word_1_788' title='bbox 1161 5569 1500 5639; x_wconf 51' lang='grc' dir='ltr'>ἀλλοςούλων.</span> <span class='ocrx_word' id='word_1_789' title='bbox 1540 5587 1560 5622; x_wconf 80' lang='grc' dir='ltr'><strong>ι</strong></span> <span class='ocrx_word' id='word_1_790' title='bbox 1606 5570 1673 5622; x_wconf 88' lang='lat' dir='ltr'><strong>&quot;O</strong></span> <span class='ocrx_word' id='word_1_791' title='bbox 1706 5571 1773 5641; x_wconf 79' lang='grc' dir='ltr'>δὴ</span> 
     </span>
    </p>
   </div>
   <div class='ocr_carea' id='block_1_105' title="bbox 190 5659 1774 5734">
    <p class='ocr_par' dir='ltr' id='par_1_105' title="bbox 190 5659 1774 5734">
     <span class='ocr_line' id='line_1_106' title="bbox 190 5659 1774 5734; baseline 0.001 -18"><span class='ocrx_word' id='word_1_792' title='bbox 190 5667 288 5717; x_wconf 79' lang='grc' dir='ltr'>καὶ</span> <span class='ocrx_word' id='word_1_793' title='bbox 321 5665 571 5734; x_wconf 68' lang='grc' dir='ltr'>γέγονενὶ</span> <span class='ocrx_word' id='word_1_794' title='bbox 617 5665 734 5734; x_wconf 69' lang='lat' dir='ltr'><strong>‘Azp’</strong></span> <span class='ocrx_word' id='word_1_795' title='bbox 765 5659 826 5720; x_wconf 73' lang='grc' dir='ltr'>οὗ</span> <span class='ocrx_word' id='word_1_796' title='bbox 879 5665 972 5718; x_wconf 83' lang='grc' dir='ltr'>καὶ</span> <span class='ocrx_word' id='word_1_797' title='bbox 1018 5663 1300 5718; x_wconf 87' lang='grc' dir='ltr'>δείκνυσιν</span> <span class='ocrx_word' id='word_1_798' title='bbox 1355 5665 1383 5716; x_wconf 86' lang='grc' dir='ltr'>ὁ</span> <span class='ocrx_word' id='word_1_799' title='bbox 1428 5662 1562 5728; x_wconf 80' lang='grc' dir='ltr'>Θεὸς</span> <span class='ocrx_word' id='word_1_800' title='bbox 1593 5661 1671 5728; x_wconf 85' lang='grc' dir='ltr'>ὡς</span> <span class='ocrx_word' id='word_1_801' title='bbox 1712 5665 1774 5718; x_wconf 77' lang='grc' dir='ltr'><strong>οὐ</strong></span> 
     </span>
    </p>
   </div>
   <div class='ocr_carea' id='block_1_106' title="bbox 261 5845 1579 5914">
    <p class='ocr_par' dir='ltr' id='par_1_106' title="bbox 261 5845 1579 5914">
     <span class='ocr_line' id='line_1_107' title="bbox 261 5845 1579 5914; baseline 0 -11"><span class='ocrx_word' id='word_1_802' title='bbox 261 5846 311 5879; x_wconf 78' lang='grc'>’³</span> <span class='ocrx_word' id='word_1_803' title='bbox 336 5847 519 5904; x_wconf 70' lang='grc' dir='ltr'><strong>ὶυάἱο.</strong></span> <span class='ocrx_word' id='word_1_804' title='bbox 554 5861 666 5914; x_wconf 69' lang='lat' dir='ltr'><strong>xw,</strong></span> <span class='ocrx_word' id='word_1_805' title='bbox 693 5846 746 5901; x_wconf 89' lang='lat'><strong>9.</strong></span> <span class='ocrx_word' id='word_1_806' title='bbox 823 5845 872 5877; x_wconf 71' lang='grc'><strong>⁷⁵</strong></span> <span class='ocrx_word' id='word_1_807' title='bbox 897 5845 1029 5902; x_wconf 85' lang='lat' dir='ltr'><strong>ibid.</strong></span> <span class='ocrx_word' id='word_1_808' title='bbox 1073 5845 1157 5904; x_wconf 82' lang='lat' dir='ltr'><strong>l7.</strong></span> <span class='ocrx_word' id='word_1_809' title='bbox 1236 5847 1282 5888; x_wconf 68' lang='grc'><strong>⁷⁸</strong></span> <span class='ocrx_word' id='word_1_810' title='bbox 1316 5845 1448 5906; x_wconf 78' lang='lat' dir='ltr'><strong>ibid.</strong></span> <span class='ocrx_word' id='word_1_811' title='bbox 1486 5846 1579 5903; x_wconf 78' lang='lat'><strong>58.</strong></span> 
     </span>
    </p>
   </div>
   <div class='ocr_carea' id='block_1_107' title="bbox 1878 4636 3482 4710">
    <p class='ocr_par' dir='ltr' id='par_1_107' title="bbox 1878 4636 3482 4710">
     <span class='ocr_line' id='line_1_108' title="bbox 1878 4636 3482 4710; baseline -0.004 -14"><span class='ocrx_word' id='word_1_812' title='bbox 1878 4640 2124 4696; x_wconf 90' lang='lat' dir='ltr'><strong>omnium</strong></span> <span class='ocrx_word' id='word_1_813' title='bbox 2202 4639 2397 4695; x_wconf 89' lang='lat' dir='ltr'><strong>similis</strong></span> <span class='ocrx_word' id='word_1_814' title='bbox 2446 4655 2565 4696; x_wconf 87' lang='lat' dir='ltr'><strong>ero.</strong></span> <span class='ocrx_word' id='word_1_815' title='bbox 2625 4639 2972 4710; x_wconf 84' lang='lat' dir='ltr'><strong>Quapropter</strong></span> <span class='ocrx_word' id='word_1_816' title='bbox 3028 4636 3121 4692; x_wconf 91' lang='lat' dir='ltr'><strong>ubi</strong></span> <span class='ocrx_word' id='word_1_817' title='bbox 3191 4637 3482 4692; x_wconf 61' lang='lat' dir='ltr'><strong>hominem:</strong></span> 
     </span>
    </p>
   </div>
   <div class='ocr_carea' id='block_1_108' title="bbox 1883 4729 3487 4803">
    <p class='ocr_par' dir='ltr' id='par_1_108' title="bbox 1883 4729 3487 4803">
     <span class='ocr_line' id='line_1_109' title="bbox 1883 4729 3487 4803; baseline -0.002 -17"><span class='ocrx_word' id='word_1_818' title='bbox 1883 4732 2058 4786; x_wconf 87' lang='lat' dir='ltr'><strong>Dalila</strong></span> <span class='ocrx_word' id='word_1_819' title='bbox 2109 4733 2535 4803; x_wconf 84' lang='lat' dir='ltr'><strong>consopivisset,</strong></span> <span class='ocrx_word' id='word_1_820' title='bbox 2582 4731 2859 4803; x_wconf 82' lang='lat' dir='ltr'><strong>totondit;</strong></span> <span class='ocrx_word' id='word_1_821' title='bbox 2906 4745 3018 4800; x_wconf 91' lang='lat' dir='ltr'><strong>quo</strong></span> <span class='ocrx_word' id='word_1_822' title='bbox 3068 4729 3238 4796; x_wconf 83' lang='lat' dir='ltr'><strong>facto,</strong></span> <span class='ocrx_word' id='word_1_823' title='bbox 3289 4729 3487 4784; x_wconf 59' lang='lat' dir='ltr'><strong>exela~</strong></span> 
     </span>
    </p>
   </div>
   <div class='ocr_carea' id='block_1_109' title="bbox 1878 4820 3484 4897">
    <p class='ocr_par' dir='ltr' id='par_1_109' title="bbox 1878 4820 3484 4897">
     <span class='ocr_line' id='line_1_110' title="bbox 1878 4820 3484 4897; baseline -0.005 -18"><span class='ocrx_word' id='word_1_824' title='bbox 1878 4833 1993 4880; x_wconf 84' lang='lat' dir='ltr'><strong>mat</strong></span> <span class='ocrx_word' id='word_1_825' title='bbox 2025 4843 2038 4878; x_wconf 92' lang='lat'>:</span> <span class='ocrx_word' id='word_1_826' title='bbox 2078 4843 2096 4877; x_wconf 77' lang='grc' dir='ltr'><strong>ι</strong></span> <span class='ocrx_word' id='word_1_827' title='bbox 2148 4824 2417 4883; x_wconf 84' lang='lat' dir='ltr'><strong>Invadunt</strong></span> <span class='ocrx_word' id='word_1_828' title='bbox 2465 4825 2784 4897; x_wconf 64' lang='lat' dir='ltr'><strong>alienigenae</strong></span> <span class='ocrx_word' id='word_1_829' title='bbox 2823 4832 2896 4891; x_wconf 89' lang='lat' dir='ltr'><strong>te,</strong></span> <span class='ocrx_word' id='word_1_830' title='bbox 2929 4822 3123 4878; x_wconf 87' lang='lat' dir='ltr'><strong>Samso</strong></span> <span class='ocrx_word' id='word_1_831' title='bbox 3148 4822 3216 4877; x_wconf 63' lang='lat'><strong>7‘.</strong></span> <span class='ocrx_word' id='word_1_832' title='bbox 3255 4839 3287 4874; x_wconf 75' lang='grc'><strong>»-</strong></span> <span class='ocrx_word' id='word_1_833' title='bbox 3331 4820 3484 4874; x_wconf 60' lang='grc' dir='ltr'>Τυιιιι</span> 
     </span>
    </p>
   </div>
   <div class='ocr_carea' id='block_1_110' title="bbox 1879 4913 3483 4990">
    <p class='ocr_par' dir='ltr' id='par_1_110' title="bbox 1879 4913 3483 4990">
     <span class='ocr_line' id='line_1_111' title="bbox 1879 4913 3483 4990; baseline -0.003 -17"><span class='ocrx_word' id='word_1_834' title='bbox 1879 4919 1971 4974; x_wconf 89' lang='lat' dir='ltr'><strong>ille</strong></span> <span class='ocrx_word' id='word_1_835' title='bbox 1999 4933 2343 4990; x_wconf 87' lang='lat' dir='ltr'><strong>consurgens</strong></span> <span class='ocrx_word' id='word_1_836' title='bbox 2371 4933 2484 4973; x_wconf 89' lang='lat' dir='ltr'><strong>non</strong></span> <span class='ocrx_word' id='word_1_837' title='bbox 2512 4919 2748 4988; x_wconf 78' lang='lat' dir='ltr'><strong>amplius</strong></span> <span class='ocrx_word' id='word_1_838' title='bbox 2778 4933 2845 4972; x_wconf 90' lang='lat' dir='ltr'><strong>co</strong></span> <span class='ocrx_word' id='word_1_839' title='bbox 2870 4913 3224 4987; x_wconf 82' lang='lat' dir='ltr'><strong>corporisuti</strong></span> <span class='ocrx_word' id='word_1_840' title='bbox 3271 4913 3483 4969; x_wconf 77' lang='lat' dir='ltr'><strong>robore</strong></span> 
     </span>
    </p>
   </div>
   <div class='ocr_carea' id='block_1_111' title="bbox 1876 5003 3476 5088">
    <p class='ocr_par' dir='ltr' id='par_1_111' title="bbox 1876 5003 3476 5088">
     <span class='ocr_line' id='line_1_112' title="bbox 1876 5003 3476 5088; baseline -0.006 -22"><span class='ocrx_word' id='word_1_841' title='bbox 1876 5019 2092 5082; x_wconf 87' lang='lat' dir='ltr'><strong>poterat</strong></span> <span class='ocrx_word' id='word_1_842' title='bbox 2125 5025 2234 5080; x_wconf 90' lang='lat' dir='ltr'><strong>quo</strong></span> <span class='ocrx_word' id='word_1_843' title='bbox 2267 5010 2500 5066; x_wconf 89' lang='lat' dir='ltr'><strong>dudum.</strong></span> <span class='ocrx_word' id='word_1_844' title='bbox 2525 5010 2876 5088; x_wconf 80' lang='lat' dir='ltr'><strong>Quapropter</strong></span> <span class='ocrx_word' id='word_1_845' title='bbox 2911 5007 2965 5062; x_wconf 90' lang='lat' dir='ltr'><strong>in</strong></span> <span class='ocrx_word' id='word_1_846' title='bbox 2993 5021 3121 5062; x_wconf 89' lang='lat' dir='ltr'><strong>eum</strong></span> <span class='ocrx_word' id='word_1_847' title='bbox 3150 5003 3476 5074; x_wconf 70' lang='lat' dir='ltr'><strong>alienigenae</strong></span> 
     </span>
    </p>
   </div>
   <div class='ocr_carea' id='block_1_112' title="bbox 1878 5096 3485 5174">
    <p class='ocr_par' dir='ltr' id='par_1_112' title="bbox 1878 5096 3485 5174">
     <span class='ocr_line' id='line_1_113' title="bbox 1878 5096 3485 5174; baseline -0.006 -16"><span class='ocrx_word' id='word_1_848' title='bbox 1878 5105 2118 5169; x_wconf 87' lang='lat' dir='ltr'><strong>irruunt,</strong></span> <span class='ocrx_word' id='word_1_849' title='bbox 2148 5105 2542 5174; x_wconf 90' lang='lat' dir='ltr'><strong>hominemque</strong></span> <span class='ocrx_word' id='word_1_850' title='bbox 2565 5117 2722 5158; x_wconf 89' lang='lat' dir='ltr'><strong>suam</strong></span> <span class='ocrx_word' id='word_1_851' title='bbox 2750 5103 2803 5157; x_wconf 90' lang='lat' dir='ltr'><strong>in</strong></span> <span class='ocrx_word' id='word_1_852' title='bbox 2828 5109 3158 5173; x_wconf 87' lang='lat' dir='ltr'><strong>potestatem</strong></span> <span class='ocrx_word' id='word_1_853' title='bbox 3186 5096 3485 5154; x_wconf 71' lang='lat' dir='ltr'><strong>redactum.</strong></span> 
     </span>
    </p>
   </div>
   <div class='ocr_carea' id='block_1_113' title="bbox 1879 5187 3490 5269">
    <p class='ocr_par' dir='ltr' id='par_1_113' title="bbox 1879 5187 3490 5269">
     <span class='ocr_line' id='line_1_114' title="bbox 1879 5187 3490 5269; baseline -0.008 -14"><span class='ocrx_word' id='word_1_854' title='bbox 1879 5201 2051 5255; x_wconf 89' lang='lat' dir='ltr'><strong>oculis</strong></span> <span class='ocrx_word' id='word_1_855' title='bbox 2078 5199 2336 5269; x_wconf 88' lang='lat' dir='ltr'><strong>spoliant.</strong></span> <span class='ocrx_word' id='word_1_856' title='bbox 2372 5198 2513 5264; x_wconf 82' lang='lat' dir='ltr'><strong>Quid</strong></span> <span class='ocrx_word' id='word_1_857' title='bbox 2561 5213 2694 5254; x_wconf 86' lang='lat' dir='ltr'><strong>vero</strong></span> <span class='ocrx_word' id='word_1_858' title='bbox 2735 5196 3038 5253; x_wconf 88' lang='lat' dir='ltr'><strong>secundum</strong></span> <span class='ocrx_word' id='word_1_859' title='bbox 3083 5193 3200 5248; x_wconf 82' lang='lat' dir='ltr'><strong>haec</strong></span> <span class='ocrx_word' id='word_1_860' title='bbox 3231 5187 3490 5247; x_wconf 58' lang='lat' dir='ltr'><strong>factum?</strong></span> 
     </span>
    </p>
   </div>
   <div class='ocr_carea' id='block_1_114' title="bbox 1881 5288 3474 5348">
    <p class='ocr_par' dir='ltr' id='par_1_114' title="bbox 1881 5288 3474 5348">
     <span class='ocr_line' id='line_1_115' title="bbox 1881 5288 3474 5348; baseline -0.007 0"><span class='ocrx_word' id='word_1_861' title='bbox 1881 5291 2113 5348; x_wconf 88' lang='lat' dir='ltr'><strong>Plorans</strong></span> <span class='ocrx_word' id='word_1_862' title='bbox 2174 5292 2371 5348; x_wconf 88' lang='lat' dir='ltr'><strong>Samso</strong></span> <span class='ocrx_word' id='word_1_863' title='bbox 2436 5292 2740 5348; x_wconf 85' lang='lat' dir='ltr'><strong>Dominum</strong></span> <span class='ocrx_word' id='word_1_864' title='bbox 2785 5291 2873 5346; x_wconf 89' lang='lat' dir='ltr'><strong>his</strong></span> <span class='ocrx_word' id='word_1_865' title='bbox 2937 5289 3126 5346; x_wconf 74' lang='lat' dir='ltr'><strong>verbis</strong></span> <span class='ocrx_word' id='word_1_866' title='bbox 3191 5288 3474 5342; x_wconf 85' lang='lat' dir='ltr'><strong>invocat:</strong></span> 
     </span>
    </p>
   </div>
   <div class='ocr_carea' id='block_1_115' title="bbox 1891 5385 3489 5453">
    <p class='ocr_par' dir='ltr' id='par_1_115' title="bbox 1891 5385 3489 5453">
     <span class='ocr_line' id='line_1_116' title="bbox 1891 5385 3489 5453; baseline -0.006 -13"><span class='ocrx_word' id='word_1_867' title='bbox 1891 5407 1909 5440; x_wconf 74' lang='grc' dir='ltr'><strong>ι</strong></span> <span class='ocrx_word' id='word_1_868' title='bbox 1939 5387 2193 5453; x_wconf 87' lang='lat' dir='ltr'><strong>Domine,</strong></span> <span class='ocrx_word' id='word_1_869' title='bbox 2219 5388 2362 5441; x_wconf 91' lang='lat' dir='ltr'><strong>Deus</strong></span> <span class='ocrx_word' id='word_1_870' title='bbox 2384 5385 2748 5450; x_wconf 88' lang='lat' dir='ltr'><strong>exercituum,</strong></span> <span class='ocrx_word' id='word_1_871' title='bbox 2769 5393 3048 5438; x_wconf 88' lang='lat' dir='ltr'><strong>memento</strong></span> <span class='ocrx_word' id='word_1_872' title='bbox 3067 5394 3236 5443; x_wconf 88' lang='lat' dir='ltr'><strong>nunc,</strong></span> <span class='ocrx_word' id='word_1_873' title='bbox 3263 5389 3489 5447; x_wconf 62' lang='lat' dir='ltr'><strong>quaeso,</strong></span> 
     </span>
    </p>
   </div>
   <div class='ocr_carea' id='block_1_116' title="bbox 1885 5468 3482 5548">
    <p class='ocr_par' dir='ltr' id='par_1_116' title="bbox 1885 5468 3482 5548">
     <span class='ocr_line' id='line_1_117' title="bbox 1885 5468 3482 5548; baseline -0.009 -16"><span class='ocrx_word' id='word_1_874' title='bbox 1885 5480 2013 5544; x_wconf 88' lang='lat' dir='ltr'><strong>mei,</strong></span> <span class='ocrx_word' id='word_1_875' title='bbox 2065 5491 2264 5548; x_wconf 79' lang='lat' dir='ltr'><strong>meque</strong></span> <span class='ocrx_word' id='word_1_876' title='bbox 2331 5477 2440 5532; x_wconf 86' lang='lat' dir='ltr'><strong>hoc</strong></span> <span class='ocrx_word' id='word_1_877' title='bbox 2491 5478 2686 5531; x_wconf 88' lang='lat' dir='ltr'><strong>saltem</strong></span> <span class='ocrx_word' id='word_1_878' title='bbox 2757 5483 3100 5545; x_wconf 87' lang='lat' dir='ltr'><strong>postremum</strong></span> <span class='ocrx_word' id='word_1_879' title='bbox 3154 5468 3482 5528; x_wconf 77' lang='lat' dir='ltr'><strong>corrobora,</strong></span> 
     </span>
    </p>
   </div>
   <div class='ocr_carea' id='block_1_117' title="bbox 1885 5563 3478 5640">
    <p class='ocr_par' dir='ltr' id='par_1_117' title="bbox 1885 5563 3478 5640">
     <span class='ocr_line' id='line_1_118' title="bbox 1885 5563 3478 5640; baseline -0.008 -15"><span class='ocrx_word' id='word_1_880' title='bbox 1885 5571 2029 5627; x_wconf 89' lang='lat' dir='ltr'><strong>Deus</strong></span> <span class='ocrx_word' id='word_1_881' title='bbox 2055 5609 2070 5635; x_wconf 93' lang='lat'><strong>,</strong></span> <span class='ocrx_word' id='word_1_882' title='bbox 2112 5570 2241 5624; x_wconf 88' lang='lat' dir='ltr'><strong>dum</strong></span> <span class='ocrx_word' id='word_1_883' title='bbox 2282 5585 2382 5640; x_wconf 90' lang='lat' dir='ltr'><strong>pro</strong></span> <span class='ocrx_word' id='word_1_884' title='bbox 2432 5569 2702 5625; x_wconf 88' lang='lat' dir='ltr'><strong>ambobus</strong></span> <span class='ocrx_word' id='word_1_885' title='bbox 2741 5569 2919 5624; x_wconf 86' lang='lat' dir='ltr'><strong>oculis</strong></span> <span class='ocrx_word' id='word_1_886' title='bbox 2965 5567 3104 5622; x_wconf 86' lang='lat' dir='ltr'><strong>meis</strong></span> <span class='ocrx_word' id='word_1_887' title='bbox 3138 5563 3478 5631; x_wconf 81' lang='lat' dir='ltr'><strong>alienigenas</strong></span> 
     </span>
    </p>
   </div>
   <div class='ocr_carea' id='block_1_118' title="bbox 1889 5649 3482 5736">
    <p class='ocr_par' dir='ltr' id='par_1_118' title="bbox 1889 5649 3482 5736">
     <span class='ocr_line' id='line_1_119' title="bbox 1889 5649 3482 5736; baseline -0.009 -14"><span class='ocrx_word' id='word_1_888' title='bbox 1889 5665 2065 5722; x_wconf 79' lang='lat' dir='ltr'><strong>semel.</strong></span> <span class='ocrx_word' id='word_1_889' title='bbox 2091 5663 2322 5721; x_wconf 83' lang='lat' dir='ltr'><strong>ulciscor</strong></span> <span class='ocrx_word' id='word_1_890' title='bbox 2346 5663 2413 5718; x_wconf 83' lang='grc'><strong>⁷⁸.</strong></span> <span class='ocrx_word' id='word_1_891' title='bbox 2447 5681 2466 5717; x_wconf 76' lang='grc' dir='ltr'><strong>ι</strong></span> <span class='ocrx_word' id='word_1_892' title='bbox 2499 5663 2848 5736; x_wconf 86' lang='lat' dir='ltr'><strong>Quapropter</strong></span> <span class='ocrx_word' id='word_1_893' title='bbox 2875 5661 3097 5717; x_wconf 80' lang='lat' dir='ltr'><strong>illusum</strong></span> <span class='ocrx_word' id='word_1_894' title='bbox 3123 5656 3192 5712; x_wconf 84' lang='lat' dir='ltr'><strong>ab</strong></span> <span class='ocrx_word' id='word_1_895' title='bbox 3221 5649 3482 5711; x_wconf 72' lang='lat' dir='ltr'><strong>hostibus</strong></span> 
     </span>
    </p>
   </div>
  </div>
