3936 6420
197 392 293 463 321

1428 377 1837 442 ANNALIUM
1875 372 2073 438 PARS
2113 371 2195 434 II.

3347 326 3452 420 διὲξ

199 516 252 570 δέ
284 530 373 577 τις
404 512 464 566 εν
502 503 774 582 ’Ῑερουδὶμ
822 504 1095 559 κατοικῶν
1118 503 1352 571 γυναῖκα
1403 501 1471 552 ὲκ
1521 493 1773 565 Βηθλεὲμ
1797 509 1816 555 Α

1922 499 2042 545 orte
2079 484 2303 557 quidam
2360 476 2574 545 Levita,
2628 474 2722 547 qui
2785 471 3060 529 habitaret
3115 466 3450 532 Jerudimze,

197 564 764 673 ἀγετείι-παλὶάκιδαζ
810 598 935 668 ητις
974 596 1043 648 δι’
1074 564 1435 661 όλιγοψυχίαν
1486 564 1610 640 τινὰ
1639 584 1776 655 πρὸς

1922 596 2108 638 xorem
2139 578 2373 632 duxerat
2403 569 2766 627 concubinam
2803 582 2835 622 a
2866 564 3243 625 Bethlchema,
3273 576 3302 615 a
3336 573 3452 630 qum

377 691 623 763 πατέρας
676 655 1011 758 ὑπεστρεᾷιε.
1046 655 1421 753 Παραγίνεναι
1453 676 1547 732 οὖν
1596 677 1779 728 ἐκεῖσε

1922 688 1947 726 x
1980 668 2145 724 animi
2172 663 2402 737 quadam
2430 659 2748 716 infirmitate
2796 671 2925 711 suos
2968 655 3035 709 ad
3081 661 3337 723 parentes
3372 658 3451 704 est

2191 758 2215 763 _
2661 752 2676 763 .
2850 757 2860 763 .
2915 748 2936 763 .
3031 748 3065 763 ..
3256 743 3423 763 ,μεμε

203 792 301 846 καὶ
328 792 357 843 ὁ
388 775 650 855 Aspis-nc,
696 784 794 837 καὶ
837 779 1134 852 φιλοτίμως
1172 774 1447 840 stamen;
1478 768 1653 840 ,παρὰ
1683 765 1780 819 τοῦ

203 879 465 950 πενθεροῦ
510 875 679 933 αὐτοῦ
728 872 1001 944 λαμϐάνει
1031 870 1129 941 τὴν
1171 870 1432 937 γυναῖκα,
1467 864 1562 917 καὶ
1598 875 1782 930 παρα-

204 944 414 1042 γίνεται
470 969 552 1032 εἰς
598 964 788 1021 Γαϐαὰ
820 961 976 1016 πόλιν
1010 961 1112 1031 τῆς
1150 958 1329 1029 φυλῆς
1371 944 1787 1042 Βενιαμὶν,“καὶ

210 1038 513 1128 κατάγεται
558 1055 709 1129 παρά
740 1052 1035 1126 ζπρεσϐὑτῃ
1073 1045 1423 1104 κατοικοῦντι
1474 1041 1574 1111 τὴν
1606 1038 1785 1129 πόλινΣ

212 1154 435 1214 Γνόντες
483 1146 579 1204 οὖν
617 1147 801 1217 οίτῇν
856 1145 1012 1198 πόλιν
1060 1140 1341 1201 οἰκοῦντες
1384 1133 1646 1202 Βενιαμὶν
1693 1127 1789 1182 τοῦ

217 1243 525 1316 πρεσϐύτου
554 1241 647 1295 τὸν
676 1233 828 1295 οἷκον
861 1231 1333 1307 περιστοιχίζουσι
1364 1229 1459 1281 καὶ
1490 1225 1588 1287 τὰς
1620 1221 1790 1295 θύρας

219 1314 622 1403 συντρίϐουσιν,
650 1329 1058 1409 ὲμπαροινῆσαι
1088 1324 1167 1396 τῷ
1196 1324 1336 1392 ξένῳ
1367 1317 1682 1389 ζητοῦντες.
1734 1314 1792 1366 Ὀ

216 1427 272 1484 δὲ
323 1427 423 1497 τὴν
477 1406 757 1494 θυγατέρα
802 1420 885 1475 ἔτι
919 1421 1140 1489 ἄγαμον
1170 1411 1336 1471 οὖσαν
1369 1414 1465 1466 καὶ
1501 1408 1598 1463 τοῦ
1639 1406 1792 1497 ξένου

218 1518 319 1588 τὴν
363 1495 652 1582 παλλακὴν
701 1516 786 1576 εἰς
838 1511 1194 1583 παράχρησιν
1227 1506 1401 1559 ἐδίδου
1431 1500 1644 1564 αὐτοῖς,
1674 1495 1797 1588 φείέ

219 1586 415 1663 σασθαι
445 1607 538 1659 τοῦ
568 1603 718 1670 ξένου
751 1603 940 1668 ἀξιῶν.
975 1601 1039 1656 Oi
1077 1599 1124 1652 δ’
1148 1597 1251 1652 οὐκ
1279 1595 1590 1665 ἠνέσχοντο.
1636 1586 1799 1643 Ἀλλά

217 1702 313 1754 καὶ
343 1700 373 1751 6
411 1697 653 1767 Λευῖτης
685 1691 974 1765 παρελθὼν
1005 1691 1106 1760 τὴν
1135 1685 1421 1756 παλλακὴν
1448 1680 1615 1736 αὐτοῦ
1654 1679 1799 1733 ὲκδίο

220 1791 374 1853 δωσι,
404 1790 647 1842 κάκεῖνοι
679 1771 750 1840 διἱ
778 1787 906 1855 ὅλης
943 1783 1138 1844 νυκτὸς
1172 1780 1315 1850 αὐτῇ
1349 1772 1792 1848 παραχρησάμε-

1883 776 2126 818 reversa.
2180 758 2526 827 Quapropter
2576 752 2769 807 eodem
2813 757 2869 805 et
2914 748 3106 803 Levita
3151 743 3455 817 proﬁcisci-

1884 864 1994 915 tur,
2051 860 2106 906 et
2161 857 2424 919 exceptus
2477 861 2509 901 a
2559 857 2753 901 socero
2781 838 3185 913 perhonoriﬁce
3237 848 3458 890 uxorem

1890 944 2050 1018 167
2083 957 2237 998 suam
2292 939 2506 1008 recipit.
2539 936 2673 992 Inde
2702 934 2939 989 Gabaam
2998 930 3253 994 discedit,
3292 928 3450 1015 ,ορρῇ

1887 1036 2016 1090 dum
2045 1033 2415 1103 Benjamineae
2463 1028 2661 1093 tribus,
2714 1024 2899 1095 ibique
2943 1024 3012 1079 ad
3058 1037 3243 1077 senem
3275 1009 3460 1089 quem-
3496 1000 3521 1029 ί

1889 1130 2014 1186 dam
2045 1127 2369 1199 agricolam,
2400 1121 2732 1193 inquilinum
2784 1121 2905 1189 ejus
2953 1118 3084 1183 loci,
3115 1117 3360 1172 divertit.
3392 1114 3466 1170 Ea

1889 1238 1952 1276 re
1990 1221 2205 1292 COgnita
2240 1215 2601 1284 Benjamiuei,
2631 1214 2725 1283 qui
2750 1212 2899 1269 cives
2924 1213 3042 1281 ejus
3076 1209 3262 1278 oppidi
3289 1223 3468 1268 erant,
3506 1272 3519 1279 γ

1892 1313 2044 1369 senis
2077 1310 2223 1365 illius
2271 1308 2493 1363 dontum
2539 1305 2782 1374 undique
2835 1303 3068 1358 cinctam
3108 1300 3380 1356 obsident.
3418 1310 3471 1351 et

1893 1402 2146 1474 impulsis
2200 1399 2414 1454 foribus
2478 1395 2752 1465 hospitem
2801 1409 2900 1465 per
2936 1392 3114 1447 scelus
3151 1390 3357 1445 violare
3385 1404 3474 1441 co-
3546 1374 3547 1377 “

1894 1504 2117 1551 nantnr.
2154 1493 2232 1547 Ibi
2265 1506 2433 1547 senex
2466 1489 2570 1549 ille.
2591 1487 2755 1542 tiliam
2782 1501 2935 1539 suam
2981 1484 3216 1538 necdum
3250 1491 3476 1549 nuptura

1897 1598 1953 1643 et
1981 1584 2217 1656 hospitis
2243 1580 2613 1638 concubinam
2657 1578 2738 1635 eis
2769 1576 2955 1639 oﬂ‘ert,
2989 1574 3188 1645 quibus
3238 1572 3308 1630 ad
3343 1572 3479 1625 libi-

1898 1677 2083 1733 dinem
2118 1676 2504 1736 abuterentur,
2540 1671 2733 1728 saltem
2777 1678 2976 1740 petens
3013 1676 3073 1721 ut
3115 1667 3314 1736 hespiti
3354 1681 3479 1735 par-

1901 1777 2109 1826 cerent.
2137 1765 2294 1834 Quod
2325 1779 2449 1820 cum
2483 1763 2561 1817 illi
2588 1761 2834 1817 facturos
2859 1775 2920 1815 se
2974 1767 3262 1828 negarent,
3294 1770 3480 1827 egres'

223 1899 303 1935 νοι
786 1837 1136 1944 λέγγίσασα-
1159 1868 1254 1926 οὖν
1288 1837 1458 1939 ’.αῦτῆ
1654 1837 1797 1934 θῦρᾳ

1922 1878 1997 1918 sus
2030 1876 2061 1916 e
2089 1862 2252 1917 domo
2282 1857 2472 1937 Levita
2513 1853 2887 1936 concubinam
2936 1866 3090 1908 suam
3125 1850 3206 1906 eis
3232 1849 3478 1905 exhibet.

224 1972 351 2030 ἔνθα
390 1973 683 2041 κατήγετο,
732 1968 937 2032 εὐθέως
988 1965 1341 2034 ἐξέπνευσεν.
1381 1960 1442 2015 ’0
1490 1957 1623 2028 γοῦν
1654 1956 1797 2026 ἀνὴρ

228 2064 399 2132 αὐτῆς
454 2062 656 2133 νεκράν
712 2061 837 2114 ίδὼν
880 2058 1055 2127 αὐτὴν
1094 2056 1323 2110 ἐπέθετο
1376 2049 1459 2118 τῷ
1504 2046 1791 2115 ὑποζυγίῳ
1851 2101 1855 2105 .

226 2155 390 2213 αἰτοῦ
433 2156 527 2208 καὶ
577 2152 759 2207 οῐκαδε
795 2149 1126 2220 ἀπεκόμισε,
1166 2147 1262 2201 καὶ
1288 2142 1482 2199 διελὼν
1510 2140 1685 2210 αὐτὴν
1711 2138 1795 2201 είς

228 2245 294 2315 ιβ’
332 2246 591 2315 τμήματα
632 2243 846 2315 ἑκάστῃ
903 2240 1047 2313 φυλῇ
1111 2238 1251 2308 πρὸς
1289 2237 1349 2293 ἓν
1398 2236 1676 2304 τεμάχιον”
1709 2230 1799 2295 EE-

230 2336 540 2401 απέστειλε,
568 2336 670 2406 τὴν
722 2333 1076 2407 παρανομίαν
1127 2330 1229 2401 τῆς
1277 2327 1373 2382 τοῦ
1407 2326 1666 2395 Βενιαμὶν
1695 2338 1801 2393 κη-

230 2428 437 2499 ρύττων
462 2427 657 2496 φυλῆς.
681 2424 996 2497 Σχετλιάζει
1026 2418 1118 2476 οὖν
1149 2423 1242 2475 ἰπὶ
1260 2419 1475 2483 τούτοις
1504 2414 1802 2488 όΊσραὴλ,

228 2522 437 2577 δέονται
474 2519 570 2575 τοῦ
627 2517 790 2573 Θεοῦ.
861 2516 980 2586 Ἐφ’
1029 2509 1075 2583 ᾧ
1126 2514 1224 2569 καὶ
1262 2510 1384 2564 κατ’
1414 2509 1596 2564 αὐτῶν
1624 2506 1806 2578 ὁρμή-

234 2630 450 2676 σαντες,
476 2611 602 2668 ἐπεὶ
650 2611 779 2673 τοὺς
819 2607 1109 2669 ὑπαιτίους
1154 2604 1339 2658 δοῦναι
1367 2600 1504 2672 πρὸς
1524 2599 1806 2671 τιμωρίαν

233 2705 332 2761 οὐκ
371 2703 582 2774 ἤθελον,
638 2699 840 2761 αὐτοὺς
896 2697 999 2768 μὲν
1064 2689 1533 2764 κατασφάττουσι,
1588 2688 1691 2760 τὴν
1748 2687 1809 2744 δὲ

237 2795 392 2851 πόλιν
424 2794 583 2862 ἔργον
621 2790 837 2879 ποιοῐξσι
870 2788 1068 2861 πυρός.

237 2898 487 2944 auctores
512 2883 768 2941 facinoris
796 2883 865 2940 ad
923 2897 1123 2942 noxam
1151 2896 1212 2940 se
1236 2879 1523 2939 dedituros
1586 2880 1873 2949 negarent,

240 2991 507 3044 oremant.
1604 2996 1633 3035 ἰι

309 3076 385 3132 Τὸ
426 3076 610 3146 μέντοι
662 3074 957 3145 πρόϐλημα
1006 3073 1147 3145 ὅπερ
1191 3071 1220 3125 ὀ
1270 3068 1512 3139 Σαμψὼν
1540 3065 1823 3138 προύϐάλε-

239 3173 380 3235 λετο,
417 3170 605 3223 τοῦτον
626 3168 738 3239 ἔχει
769 3172 860 3221 τὸν
896 3166 1099 3237 τρόπον
1124 3181 1140 3196 ο
1178 3164 1244 3218 Τί
1269 3162 1478 3235 βρωτὸν
1505 3160 1730 3230 ἐξῆλθεν
1758 3160 1822 3212 ἐκ

228 3264 639 3337 ,βιϐρώσκοντος
680 3263 777 3315 καὶ
802 3259 909 3314 ἀπὸ
937 3257 1160 3341 ίσχυροῦ
1181 3256 1357 3326 γλυκὺ
1392 3254 1638 3327 βρωτόν;
1683 3252 1818 3307 Ἦδὺ

245 3357 304 3410 τὸ
333 3354 459 3424 μέλι
490 3351 671 3419 καλεῖ,’
695 3351 1074 3425 βιϐρώσκοντα
1120 3350 1180 3402 δὲ
1210 3348 1436 3419 ισχυρδν
1479 3346 1574 3399 τὸν
1601 3344 1811 3411 λέοντα,

248 3446 302 3502 ὲν
335 3438 379 3513 ᾧ
412 3445 590 3515 νεκρῷ
638 3442 754 3496 ὄντι
813 3442 936 3512 μέλι
980 3439 1255 3509 ὲξύςραναν
1311 3439 1592 3510 μέλισσαι,
1639 3436 1733 3505 ἀφ’
1762 3427 1823 3490 οὗ

253 3536 430 3590 λαϐὼν
470 3535 671 3606 ἔφαγεν
697 3536 726 3589 6
754 3531 1019 3604 Σαμψών.
1064 3531 1208 3584 Ἀλλ’
1233 3529 1504 3592 ἐντεῦθεν,
1549 3526 1824 3599 ἀγαπητὲ,

264 3628 496 3698 συνορᾷν
547 3627 696 3693 ἀξιον
751 3627 835 3679 ὅτι
899 3626 1079 3696 μάτην
1129 3624 1180 3677 οι
1213 3624 1455 3677 Ἰουδαῖοι
1483 3621 1828 3689 ἀκαθάρτους

255 3719 509 3774 καλοῦσιν
550 3720 720 3789 ἡμᾶς.
748 3717 817 3772 El
862 3717 972 3786 γάρ
1011 3713 1320 3784 ἀκάθαρτοι
1366 3709 1510 3785 ἦμεν
1539 3715 1700 3782 ἡμεῖς
1731 3710 1829 3764 ἀτε

255 3810 319 3881 δὴ
369 3811 461 3864 τὸν
518 3809 758 3879 λαγωὸν,
788 3809 882 3862 τὸν
933 3810 1138 3878 χοῖρον,
1187 3809 1283 3860 καὶ
1336 3807 1438 3858 ὅσα
1467 3802 1712 3865 τοιαῦτα,
1751 3801 1829 3871 μὴ

258 3900 401 3953 κατά
438 3900 603 3970 νόμον
634 3899 807 3953 ταῦτα
843 3898 1141 3961 ἐσθίοντες,
1172 3895 1389 3966 ἀνάγκη
1424 3896 1572 3948 πᾶσα
1605 3892 1699 3947 καὶ
1737 3888 1830 3942 τὸν

255 3990 310 4044 ὲν
352 3991 661 4062 προφήταις
703 3990 965 4060 μέγιστον
1004 3987 1197 4042 Ἠλίαν
1256 3989 1367 4050 τοῖς
1406 3986 1589 4049 αὐτοῖς
1637 3982 1835 4053 ἐγκλή-

260 4097 392 4150 μασι
431 4079 967 4135 καθυποϐάλλεσθαι.
1004 4081 1165 4142 Τίνος
1204 4076 1580 4143 ἕνεκενςὍτι
1613 4076 1705 4128 τὸν
1733 4074 1831 4144 ἄρ-

260 4187 352 4225 τον
414 4169 472 4236 ὲξ
531 4169 846 4240 ἀκαθάρτου
910 4169 1052 4231 ζὼου
1105 4167 1201 4222 τοῦ
1258 4170 1498 4236 κόρακος
1535 4164 1832 4236 δεχόμενος

263 4262 438 4333 ἤσθιε.
469 4260 569 4314 Διά
601 4263 657 4315 τί
682 4261 740 4315 δὲ
763 4261 942 4315 ταῦτα
969 4260 1280 4327 συνέϐαινε,
1307 4262 1401 4314 καὶ
1429 4259 1573 4320 τίνος
1602 4257 1790 4309 ἕνεκεν
1813 4273 1829 4323 ;

261 4350 378 4407 'lva
409 4352 669 4423 μάθωμεν
695 4353 778 4407 ὅτι
812 4352 905 4408 καὶ
937 4353 1045 4422 πρὸ
1079 4353 1177 4420 τῆς
1210 4351 1431 4420 χάριτος
1457 4351 1491 4420 ἡ
1527 4348 1738 4402 Παλαιὰ
1765 4347 1834 4401 τὰ

260 4442 355 4497 τοῦ
393 4444 559 4513 νόμου
615 4445 935 4515 ἀνέτρεπεν.
975 4445 1035 4496 El
1074 4444 1183 4512 γὰρ
1216 4441 1529 4511 ἀκάθαρτος
1570 4435 1640 4509 ἦν
1678 4441 1707 4492 6
1740 4438 1835 4491 κό-

266 4536 385 4604 ραξ,
422 4534 541 4599 πῶς
579 4535 636 4601 ἐξ
687 4533 855 4587 αὐτοῦ
898 4533 998 4604 τὴν
1047 4533 1253 4603 βρῶσιν
1297 4534 1325 4585 6
1355 4530 1611 4594 τοσοῦτος
1646 4528 1834 4589 Ἠλίας

1906 1952 1985 2009 nn
2020 1960 2131 2007 tota
2164 1959 2328 2006 nocte
2355 1930 2425 2004 ad
2453 1931 2737 2004 libidinem
2791 1945 2881 1999 illa
2914 1942 3094 2010 abusi,
3132 1942 3349 1997 tandem
3398 1940 3484 1995 di-

1905 2046 2149 2100 mittunt.
2204 2040 2554 2112 Quapropter
2610 2038 2679 2095 ad
2730 2037 2956 2108 hospitii
3008 2035 3155 2091 fores
3194 2048 3482 2105 progressa

1906 2137 2174 2194 continuo
2219 2137 2388 2192 vitam
2436 2147 2561 2188 cum
2612 2139 2788 2186 morte
2831 2136 3151 2186 commutat.
3186 2125 3323 2181 Tum
3367 2141 3484 2178 ma-

1907 2229 2046 2285 ritus
2079 2228 2201 2299 eius
2261 2234 2534 2282 mortuam
2566 2223 2760 2278 videns
2787 2208 3043 2292 iumento
3083 2234 3186 2274 suo
3230 2215 3485 2287 imponit,

1907 2336 1973 2377 ac
1999 2320 2223 2376 domum
2267 2318 2614 2389 deportatam
2660 2314 2717 2369 in
2796 2321 2980 2383 partes
3025 2309 3313 2367 duodecim
3371 2307 3488 2363 dis-

1911 2419 2094 2474 secat;
2145 2422 2379 2478 quarum
2439 2404 2680 2476 partium
2751 2402 2995 2475 singulas
3049 2399 3351 2474 quamlibet
3421 2398 3489 2466 ad

1912 2502 2116 2558 tribum
2151 2499 2341 2564 mittit,
2380 2497 2661 2569 simulque
2706 2495 3076 2567 Benjamineae
3105 2494 3280 2549 tribus
3311 2493 3491 2550 scelus

1912 2593 2274 2649 demonstrat.
2339 2588 2460 2657 Quo
2524 2587 2671 2643 facto
2732 2602 2850 2642 rem
2911 2584 3157 2641 Israelici
3227 2600 3491 2656 perquam

1915 2685 2144 2740 moleste
2203 2681 2406 2744 ferunt,
2449 2679 2741 2750 ipsumque
2799 2678 2972 2732 Deum
3016 2686 3331 2747 precantur.
3395 2675 3496 2729 Dc-

1917 2779 2106 2850 inceps
2136 2773 2520 2844 Benjamineos
2549 2786 2674 2827 cum
2705 2771 2880 2842 copiis
2908 2769 3196 2826 invadunt.
3235 2769 3334 2835 Qui
3369 2783 3494 2825 cum

1913 2871 2156 2929 Israelici
2187 2883 2283 2926 eos
2309 2865 2652 2923 interﬁciunt
2705 2875 2762 2921 et
2806 2865 3066 2936 oppidum
3124 2865 3250 2937 igne
3295 2865 3497 2934 injecto

1992 3063 2264 3118 Czeterum
2290 3058 2569 3130 problema
2596 3055 2741 3127 quod
2786 3054 3091 3110 Palastinis
3149 3053 3342 3112 Samso
3380 3074 3502 3128 pra-

1922 3154 2146 3227 posuit,
2205 3161 2324 3208 erat
2376 3148 2684 3225 huiusmodi
2709 3149 2752 3180 "
2783 3165 2798 3203 :
2827 3147 2905 3201 Ex
2934 3146 3257 3202 comedente
3307 3150 3460 3205 cibus
3483 3191 3499 3213 ,

1922 3264 1992 3305 ex
2044 3248 2274 3302 robusto
2321 3243 2453 3301 exiit
2502 3241 2756 3298 dulcedo.
2822 3239 2925 3294 Per
2985 3239 3332 3297 dulcedinem
3395 3249 3500 3300 mcl

1924 3337 2198 3405 intelligit,
2217 3351 2317 3406 per
2351 3332 2731 3388 comedentem
2752 3337 2934 3386 autem
2958 3330 3243 3386 robustum
3263 3332 3502 3399 leonem,

1926 3427 1982 3482 in
2014 3428 2176 3498 cujus
2205 3427 2475 3481 cadavere
2527 3423 2635 3478 mel
2688 3437 2819 3493 apes
2874 3421 3167 3490 tinxerant,
3196 3427 3341 3494 quod
3375 3426 3503 3480 inde

1926 3528 2202 3591 sumptum
2263 3517 2460 3572 Samso
2519 3500 2859 3570 comederat.
2914 3514 3009 3571 Est
3088 3526 3272 3572 autem
3325 3533 3506 3588 operae

1929 3615 2190 3685 pretium,
2250 3611 2450 3666 dilecte
2502 3606 2600 3672 ﬁli,
2645 3617 2698 3662 te
2742 3606 2871 3661 hinc
2917 3605 3352 3663 animadvertere
3405 3626 3507 3664 nos

1929 3680 2079 3759 nulla
2111 3703 2180 3759 de
2216 3716 2381 3757 causa
2403 3703 2552 3771 justa
2578 3695 2892 3753 immundos
2925 3711 2956 3751 a
2990 3696 3195 3754 ludatis
3221 3699 3505 3769 appellari.
3560 3680 3567 3685 ’

1931 3796 2062 3850 Nam
2102 3795 2147 3850 si
2181 3802 2475 3864 propterea
2532 3805 2724 3845 sumus
2776 3789 3071 3854 immundi,
3124 3790 3267 3857 quod
3307 3790 3513 3858 lepori-

1933 3886 2059 3953 bus,
2088 3884 2268 3953 porcis
2293 3882 2524 3952 aliisque
2550 3881 2753 3936 talibus
2785 3892 2975 3938 contra
2995 3881 3129 3949 legis
3159 3880 3509 3935 interdictum

1929 3991 2242 4040 vescamur,
2272 3973 2498 4030 omnino
2543 3972 2700 4044 sequi
2734 3966 2962 4030 necesse
3011 3982 3099 4030 est
3145 3983 3205 4028 ut
3239 3974 3513 4031 maximus

1932 4068 2024 4124 ille
2055 4076 2240 4122 vatum
2265 4065 2411 4121 Elias
2434 4064 2625 4120 eodem
2655 4066 2944 4121 nobiscum
2975 4065 3208 4121 crimine
3238 4077 3508 4121 teneatur.

1935 4158 2307 4233 Quamobrem
2341 4155 2526 4212 istuc?
2559 4155 2697 4222 Quia
2745 4172 2940 4228 panem
2976 4159 3045 4213 ab
3080 4159 3363 4212 immundo
3396 4161 3516 4212 ani.

1936 4252 2088 4315 mali,
2143 4250 2406 4304 nimirum
2467 4263 2659 4315 corvo,
2722 4258 3008 4319 acceptum
3070 4251 3327 4305 comedit.
3395 4251 3511 4317 Qua

1933 4358 2063 4401 vero
2120 4340 2189 4396 de
2239 4355 2403 4405 causa
2457 4339 2574 4394 haec
2624 4338 2697 4393 ita
2734 4338 2877 4393 facta
2928 4340 3093 4394 sunt?
3129 4340 3195 4396 Ut
3245 4342 3515 4395 scin-inus

1933 4436 2101 4492 etiam
2135 4443 2265 4490 ante
2289 4433 2616 4504 patefactam
2653 4431 2749 4488 Dei
2791 4433 3041 4502 gratiam,
3076 4425 3308 4488 durante
3334 4434 3513 4488 adhuc

1934 4529 2104 4589 veteri
2171 4527 2419 4592 foedere,
2469 4526 2602 4597 legis
2663 4526 2910 4595 quaedam
2980 4537 3255 4597 prmcepta
3313 4527 3508 4581 violata

266 4624 519 4691 ἐδέξατος
555 4625 672 4687 πῶς
705 4622 763 4679 δὲ
810 4624 908 4677 καὶΙ
939 4627 966 4676 6
1006 4622 1248 4693 Σαμψὼν
1282 4621 1597 4691 Ναζαραῖος
1632 4619 1711 4674 ὢν
1739 4621 1816 4674 κα¹

1938 4619 2130 4675 fuisse.
2162 4618 2297 4672 Nam
2321 4618 2572 4688 quamvis
2601 4617 2801 4671 animal
2824 4618 3164 4672 immundum
3196 4619 3268 4673 sit
3292 4634 3510 4683 corvus,

265 4715 368 4770 ὑπὸ
412 4716 579 4786 νόμου
635 4715 807 4770 τελῶν
848 4716 909 4769 τὸ
969 4716 1161 4787 κηρίον
1214 4713 1309 4767 τοῦ
1348 4714 1564 4783 μέλιτος
1602 4715 1828 4782 ἔφαγεν,

263 4804 399 4874 ὅπερ
429 4807 484 4857 ἐν
518 4804 697 4873 νεκρῷ
741 4802 919 4857 λέοντι
953 4802 1226 4872 ὲξύφαναν
1271 4803 1558 4872 μέλισσαις
1612 4802 1730 4866 πῶς
1774 4802 1833 4857 δὲ

266 4899 361 4952 καὶ
404 4896 713 4968 διψήσαντα
762 4896 852 4951 διὰ
908 4895 1010 4964 τῆς
1067 4894 1381 4965 ἀκαθάρτου
1411 4895 1507 4949 καὶ
1543 4896 1831 4966 μιαιφόνου

267 4989 518 5054 σιαγόνος
546 4985 983 5056 παρεμυθήσατο
1012 4987 1041 5037 6
1072 4985 1229 5049 Θεὸς,
1270 4987 1363 5039 ἐὰν
1391 4988 1419 5040 6
1452 4986 1647 5058 κόραξ,
1687 4988 1716 5041 6
1745 5003 1836 5041 νε-

268 5077 399 5148 κρὸς
445 5076 581 5129 λέων
615 5078 710 5141 καὶ
742 5078 775 5147 ἡ
814 5075 1022 5145 σιαγὼν
1069 5076 1166 5130 τοῦ
1206 5077 1331 5130 όνου
1359 5079 1686 5148 ἀκάθαρτας
1719 5077 1837 5142 πῶς

266 5168 354 5222 διὰ
399 5169 510 5222 τῶν
546 5168 804 5222 τοιούτων
855 5170 884 5222 6
928 5153 1060 5232 Θεὸς
1097 5169 1226 5232 τοὺς
1260 5169 1457 5225 ἑαυτοῦ
1494 5170 1833 5241 θεράποντας

267 5260 565 5330 ἐθεράπευε
592 5277 608 5327 ;
632 5258 750 5324 πῶς
775 5261 832 5314 δὲ
862 5261 956 5314 καὶ
980 5261 1269 5332 ἀκάθαρτα
1297 5260 1426 5315 ὅντα
1446 5264 1632 5330 κοινὴν
1660 5262 1837 5332 ἀρχῆ-

258 5351 362 5405 θεν
395 5354 494 5421 τὴν
530 5352 808 5422 εὐφημίαν
873 5351 1159 5419 ὲδέξαντο;
1204 5372 1223 5405 ι
1253 5349 1398 5419 Εἷδε,
1443 5372 1461 5406 ι
1495 5354 1604 5424 γάρ
1649 5370 1838 5422 φησιν,

274 5462 293 5495 ι
315 5446 343 5498 6
368 5442 503 5508 Θεὸς
530 5444 687 5509 αὐτὰ,
708 5446 803 5499 καὶ
835 5444 991 5499 εἶπεν
1005 5446 1086 5499 ὃτι
1110 5445 1271 5500 καλά.
1314 5464 1334 5497 ι
1371 5446 1434 5498 Ei
1470 5443 1562 5500 οὖν
1589 5445 1618 5497 6
1657 5446 1841 5517 χοῖρος

270 5536 434 5600 καλὸς
472 5536 549 5600 ὡς
600 5537 806 5607 κτίσμα
860 5536 1020 5601 Θεοῦ,
1078 5536 1195 5601 πῶς
1244 5539 1273 5591 6
1320 5536 1480 5600 αὐτὸς
1528 5537 1840 5607 ἀκάθαρτος

274 5627 539 5699 ὕστερονς
571 5628 813 5700 Εὔδηλον
840 5622 936 5684 οὖν
975 5628 1058 5683 ὅτι
1102 5630 1162 5684 τὸ
1188 5627 1283 5683 τοῦ
1319 5627 1538 5702 Ἰσραὴλ
1573 5628 1711 5700 πρὸς
1741 5645 1844 5684 κα-

345 5809 392 5845 τ’
417 5808 597 5866 Judic.
622 5823 739 5875 ιιν,
764 5807 852 5862 ιι.

598 5902 868 5964 lumen.
912 5900 1029 5960 Gn.
1080 5900 1339 5966 CLVIII.

1941 4710 2115 4765 nihilo
2149 4719 2330 4763 tamen
2366 4708 2545 4762 minus
2583 4706 2818 4762 eximius
2856 4706 2948 4763 ille
3008 4717 3161 4762 vates
3203 4708 3345 4775 Elias
3381 4710 3518 4765 alla-

1943 4812 2060 4858 tum
2101 4800 2171 4855 ab
2202 4815 2268 4854 eo
2298 4799 2481 4854 cibum
2510 4799 2738 4867 accepit.
2793 4796 2914 4864 Quo
2961 4799 3089 4853 item
3123 4809 3283 4869 pacto
3314 4800 3515 4856 factum

1944 4904 2002 4951 nt
2032 4894 2247 4957 Samso,
2277 4891 2370 4962 qui
2422 4890 2711 4944 Nazaraeus
2740 4899 2886 4944 esset
2934 4905 2998 4945 ac
3048 4891 3150 4961 legi
3212 4894 3513 4960 subjectus,

1944 4986 2069 5042 favo
2125 4982 2302 5038 mellis
2358 4991 2678 5036 vesceretur
2737 4983 2884 5051 quod
2952 4998 3083 5052 apes
3147 4983 3198 5037 in
3251 4986 3518 5041 cadavere

1946 5078 2168 5132 leonino
2199 5074 2523 5129 ﬁnxissent?
2551 5071 2655 5139 Qui
2702 5074 2976 5128 hominem
3011 5075 3097 5129 siti
3133 5088 3387 5132 vexatum
3422 5095 3543 5148 pcr-

1944 5167 2283 5224 immundam
2340 5164 2714 5235 pollutamque
2748 5166 3021 5220 maxillam
3072 5166 3216 5223 Deus
3273 5172 3524 5227 recreat?

1949 5258 2004 5313 Si
2043 5272 2264 5317 corvus.
2310 5256 2355 5310 si
2419 5254 2699 5309 leoninnm
2752 5255 3004 5321 cadaver,
3052 5258 3098 5311 si
3148 5260 3286 5314 asini
3325 5262 3522 5314 mortui

1947 5348 2164 5405 maxilla
2182 5336 2284 5402 res
2332 5345 2632 5400 immundae
2676 5357 2826 5413 sunt,
2879 5363 2977 5402 cur
3012 5366 3106 5419 per
3136 5365 3198 5411 ea
3249 5351 3389 5405 Deus
3427 5321 3557 5404 mi;

1948 5443 2216 5496 nistorutn
2266 5453 2492 5495 suorum
2544 5438 2669 5491 vitae
2722 5441 3001 5493 consuluit
3051 5452 3104 5495 et
3143 5459 3300 5511 Opem
3364 5443 3549 5496 tulit?-

1947 5530 2218 5591 Praﬂerea
2260 5531 2351 5601 qui
2391 5531 2592 5585 factum
2651 5538 2736 5586 est
2782 5542 2842 5586 ut
2889 5534 2933 5587 si
2971 5534 3189 5602 quidem
3244 5534 3524 5589 illlllllllldll

1946 5635 2076 5684 sunt
2126 5622 2411 5695 quedam,
2468 5621 2627 5678 initio
2698 5633 2876 5679 tamen
2938 5640 3124 5679 rerum
3174 5637 3522 5683 communem

3136 5905 3205 5964 11
