3936 6428
461 315 566 378 3ἓ3

1723 319 2142 382 MICHAELIS
2181 321 2436 384 GLYCRE

3593 322 3693 386 324

463 426 622 496 163
650 425 794 478 illam
823 416 1176 480 cumcaeteris
1217 422 1654 480 benedictionem
1681 427 2029 496 acceperint?

2135 431 2260 483 κίαν
2286 431 2587 502 ὀξύρροπον
2619 428 3005 500 διορθούμενος
3042 430 3072 482 6
3104 428 3248 492 Θεὸς
3274 427 3546 492 τοιούτους
3576 431 3687 485 ἔθε-

457 519 547 574 Sie
571 520 714 572 enim
759 517 930 570 saetis
969 517 1022 570 in
1071 515 1290 571 Litteris
1317 517 1684 588 perscriptum
1745 518 1974 588 legimus
2007 535 2024 574 :

465 631 482 662 ι
525 611 669 666 Vidit
719 609 860 664 Deus
888 609 1071 662 omnia
1105 625 1224 677 qua:
1258 610 1480 673 fecerat,
1531 623 1703 678 eaque
1729 609 1871 662 bona
1903 623 2026 664 esse

461 698 924 755 nronuntiav'rt".
963 717 980 749 ι
1027 697 1082 751 Si
1139 713 1269 767 ergo
1314 713 1510 766 porcus
1562 707 1820 766 tanquam
1875 715 1964 754 res
1994 713 2025 754 a

463 794 571 847 Deo
618 801 800 846 creata
852 791 1030 845 bonus
1083 799 1220 854 erat,
1267 790 1360 859 qui
1413 791 1671 859 deinceps
1725 788 1902 844 factus
1943 799 2027 844 est

462 883 818 938 immundus?
858 884 934 938 De
966 882 1164 951 quibus
1213 881 1467 936 omnibus
1513 883 1800 952 perspicue
1847 888 2026 952 potest

456 976 680 1044 intelligi
716 974 883 1028 Deum
917 975 1197 1042 corrigere
1243 973 1514 1027 volentem
1566 972 1924 1026 lsrmlicorum
1957 970 2024 1025 ad

453 1065 583 1141 vitia
627 1062 1044 1132 pronensionem
1081 1060 1392 1128 huiusmodi
1448 1061 1592 1132 leges
1641 1063 1832 1116 tulisse
1859 1071 2025 1130 atque

455 1157 772 1228 lmjusmodi
827 1155 1084 1210 remediis
1126 1169 1280 1208 usmn
1332 1153 1520 1208 fuisse.
1567 1153 1764 1207 Eadem
1813 1154 2024 1208 ratione

450 1248 578 1302 Noae
613 1263 831 1316 quoque
867 1246 1204 1321 temporibus
1245 1245 1562 1298 animalium
1609 1245 1908 1300 discrimen
1939 1245 2023 1299 in-

453 1339 651 1392 stituit.
685 1337 818 1390 Num
852 1339 980 1406 quia
1013 1337 1254 1390 futurum
1281 1337 1649 1406 prospiciebat
1681 1345 1738 1389 ut
1773 1336 2024 1390 homines

453 1429 517 1482 ad
546 1431 794 1481 in~anum
824 1428 1170 1480 deastrorum
1195 1427 1398 1480 cultum
1423 1426 1794 1490 deﬂecterent,
1816 1425 2023 1494 optimo

456 1536 588 1574 sane
615 1520 846 1574 consilio
879 1519 960 1573 sic
981 1519 1267 1586 distinguit
1303 1518 1580 1580 animalia,
1616 1531 1724 1586 quo
1761 1517 1863 1570 alia
1925 1531 2024 1585 pro

453 1613 696 1679 mundis,
740 1611 844 1665 alia
910 1624 1008 1680 pro
1055 1609 1352 1662 immundis
1381 1609 1729 1662 haberentur.
1776 1607 2020 1674 Quanam

453 1703 605 1766 illud,
649 1704 896 1764 obsecro,
937 1701 1002 1754 de
1039 1699 1242 1754 causa?
1279 1699 1550 1754 Nimirum
1597 1709 1658 1754 ut
1710 1701 1904 1768 partim
1957 1688 2022 1756 iis

452 1797 764 1848 vit-litantes
821 1802 1081 1862 tanquam
1135 1792 1392 1858 mundis,
1447 1792 1646 1862 partim
1702 1801 2020 1849 aversantes

451 1887 597 1940 velut
631 1885 934 1949 immunda,
962 1893 1152 1938 neutra
1185 1899 1285 1954 pro
1315 1883 1419 1938 diis
1442 1893 1854 1938 venerarentur.
1885 1883 2020 1938 Nam

452 1977 786 2046 (“Pleroquin
837 1990 902 2029 ea
943 1990 1050 2029 non
1085 1975 1313 2029 dixisset
1367 1975 1672 2040 immunda,
1727 1985 1860 2044 quae
1894 1990 2018 2030 cum

449 2069 570 2122 abis
605 2081 953 2122 communem
984 2081 1014 2120 a
1047 2067 1154 2121 Deo
1177 2065 1618 2120 benedictionem
1646 2067 1802 2120 initio
1837 2081 2022 2120 rerum

449 2167 792 2227 acceperant.
831 2158 897 2210 Et
931 2170 1061 2210 vero
1082 2155 1282 2210 factam
1318 2157 1370 2210 id
1402 2156 1668 2226 temporis
1702 2155 2020 2210 animalium

448 2238 860 2306 distinctionem
913 2247 1213 2318 profectam
1263 2263 1384 2302 esse
1443 2249 1509 2302 de
1547 2249 1782 2303 consilio
1831 2248 1924 2303 Dei
1965 2265 2023 2303 se

450 2357 635 2398 nostra
663 2357 825 2396 causa
857 2340 1216 2403 demittentis,
1247 2341 1411 2394 etiam
1432 2338 1632 2394 Paulus
1665 2338 1818 2394 hisce
1845 2341 2022 2394 verbis

450 2436 734 2490 ostendit:
778 2452 795 2485 ι
831 2432 992 2487 Nulla
1042 2432 1132 2486 Dei
1159 2440 1406 2485 creatura
1453 2432 1605 2500 rejici
1653 2433 1832 2498 debet,
1860 2435 2022 2486 modo

451 2536 570 2579 cum
605 2525 902 2596 gratiarum
957 2521 1175 2576 actione
1220 2522 1557 2576 sumatur".
1593 2540 1610 2570 ι
1655 2521 1802 2575 Idem
1850 2522 2022 2592 magis

449 2634 668 2687 quoque
703 2617 996 2670 contirmat
1019 2613 1106 2666 illa
1141 2613 1233 2666 Dei
1264 2628 1389 2678 vox,
1420 2628 1525 2681 qua
1559 2627 1832 2667 summum
1867 2613 2020 2668 illum

448 2709 755 2777 apostolum
791 2705 1014 2760 Pettum
1068 2703 1437 2772 compellavit,
1480 2719 1588 2774 quo
1636 2712 1884 2773 tempore
1928 2705 2024 2759 de-

448 2822 477 2857 i;
505 2803 673 2855 issum
705 2815 735 2854 e
761 2798 900 2854 caelo
937 2797 1164 2852 linteum
1199 2797 1488 2864 conspexit
1517 2813 1529 2849 :
1567 2813 1584 2846 ι
1612 2794 1808 2866 Surge,
1843 2795 2020 2862 Petrc,

446 2907 621 2948 macta
656 2900 710 2946 et
739 2905 981 2946 vescere.
1021 2908 1040 2941 ι
1095 2887 1229 2943 Item
1267 2903 1280 2941 :
1331 2904 1350 2938 ι
1381 2886 1512 2952 Quae
1559 2887 1702 2942 Deus
1751 2889 2020 2958 purgavit,

447 2998 501 3038 tu
545 3001 612 3038 ne
647 2985 855 3054 polluta
897 2967 1150 3038 dicito”.
1193 2998 1211 3031 ι
1273 2978 1462 3046 Neque
1498 2995 1626 3034 vero
1675 2981 1876 3034 mirmn
1927 2981 2024 3035 tibi

446 3079 495 3133 vi
525 3079 701 3130 luatur
725 3075 890 3129 etiam
915 3072 1079 3128 modo
1101 3071 1345 3141 quaedam
1372 3085 1470 3140 pro
1494 3069 1792 3124 immundis
1814 3069 2024 3138 haberi,
2053 3115 2098 3173 α

447 3168 603 3220 verbi
669 3165 838 3236 gratia
898 3163 1112 3232 lupum,
1167 3161 1405 3226 leonem,
1463 3161 1748 3226 pardalim.
1809 3161 2024 3231 Quippe

447 3271 678 3323 magnus
710 3255 801 3308 ille
833 3252 1068 3308 Basilius
1097 3251 1214 3306 haec
1243 3249 1300 3304 in
1325 3249 1575 3304 Asceticis
1613 3251 1749 3312 suis,
1775 3250 1868 3320 qui
1909 3251 2034 3306 libri

453 3363 694 3402 lzlltOlleS
745 3345 1136 3402 exercitiorum
1183 3342 1402 3414 pietatis
1431 3343 1737 3409 continent,
1783 3343 1839 3396 in
1892 3343 2038 3398 hunc

452 3442 672 3493 u-ndum
707 3437 998 3508 explicavit
1025 3443 1080 3490 et
1118 3434 1433 3488 illustravit.
1473 3431 1944 3498 Quemadmodum
1980 3432 2033 3486 in

451 3533 498 3582 nl
525 3531 692 3584 Tibus
729 3527 876 3598 quod
927 3525 1152 3580 noxium
1187 3532 1292 3590 est,
1325 3523 1488 3579 abeo
1521 3515 1863 3577 sec‘ernimus
1889 3525 2034 3592 quod

455 3639 663 3678 natura:
699 3632 900 3678 nostra:
944 3619 1222 3687 convenit,
1265 3618 1344 3674 sic
1374 3618 1538 3674 etiam
1574 3618 1628 3672 in
1663 3617 1921 3674 carnibus
1967 3619 2035 3673 ab

2127 539 2189 574 το
2226 521 2424 592 νόμους
2449 523 2540 575 καὶ
2570 521 2805 574 τοιαῖσδε
2854 521 3176 591 θεραπείαις
3213 521 3506 592 ἐχρήσατο.
3531 520 3682 576 Οὕτω

2132 613 2233 682 μὲν
2264 607 2358 666 οὖν
2386 615 2480 666 καί⁵
2514 613 2606 666 ἐπὶ
2643 612 2738 666 τοῦ
2781 611 2905 666 Νῶε
2959 611 3228 681 διαίρεσιν
3279 613 3539 682 τεχνᾶται
3582 613 3685 667 τῶν

2129 700 2304 764 ζώων.
2343 701 2564 769 Ἐπειδὴ
2603 701 2714 773 γὰρ
2746 701 2893 772 ἑώρα
2922 701 3051 764 τοὺς
3077 699 3402 771 ἀνθρώπους
3433 702 3514 764 είς
3540 701 3684 756 εῑδωο

2127 788 2390 857 λομανίαν
2437 790 2809 856 ὲκκλίνοντας,
2850 789 3180 859 εὐμεθόδως,
3235 789 3313 852 ὡς
3358 776 3592 858 ἐφημενξ
3613 792 3688 855 είς

2130 879 2352 950 καθαρὰ
2387 881 2560 935 ταῦτα
2591 882 2770 954 διιστᾷ
2813 883 2904 936 καὶ
2935 883 3240 954 ἀκάθαρτοι.
3275 882 3434 945 Τίνος
3467 883 3684 948 ἐνεκενς

2133 968 2248 1022 Ἵνα
2270 971 2335 1024 τὰ
2357 971 2456 1040 μὲν
2485 973 2659 1024 αὐτῶν
2693 972 2962 1036 ἐσθίοντες
2989 973 3066 1035 ὡς
3085 971 3327 1045 καθαρὰ,
3359 974 3428 1026 τὰ
3447 973 3504 1026 δὲ
3533 973 3690 1028 πάλιν

2126 1060 2202 1125 ὡς
2267 1062 2554 1133 ἀκάθαρτα
2607 1063 2906 1132 φεύγοντες
2955 1065 3123 1134 μηδὲν
3160 1065 3216 1130 ἐξ
3247 1061 3431 1118 αὐτῶν
3463 1065 3537 1128 ὡς
3569 1065 3692 1120 Θεὸν

2127 1155 2605 1225 προσκυνήσωσιν.
2640 1155 2702 1210 Εἰ
2730 1157 2804 1226 μὴ
2834 1157 2941 1227 γὰρ
2975 1157 3136 1210 τοῦτο
3163 1152 3253 1227 ἦν,
3289 1157 3390 1211 οὐκ
3425 1157 3490 1212 ἂν
3515 1158 3694 1212 ἐκάλει

2124 1244 2412 1315 ἀκάθαρτα
2448 1246 2516 1298 τὰ
2568 1247 2765 1310 κοινῶς
2815 1247 3060 1318 ἀρχῆθεν
3103 1246 3238 1318 παρ’
3269 1247 3439 1302 αὑτοῦ
3471 1249 3567 1320 τὴν
3606 1249 3690 1322 εὐ-

2126 1333 2340 1403 φημίαν
2389 1335 2680 1404 δεξάμενοι.
2729 1339 2851 1391 Ὅτι
2905 1339 2962 1391 δὲ
3017 1339 3494 1403 συγκαταϐἀσεως
3553 1335 3688 1414 ἦνή

2125 1429 2378 1495 γεγονυῖα
2401 1429 2523 1482 τότε
2567 1430 2678 1484 τῶν
2726 1429 2882 1495 ζώων
2908 1429 3194 1500 διαίρεσις,
3237 1434 3384 1486 καὶὸ
3427 1433 3694 1506 μακάριος

2125 1515 2292 1580 ἔδειξε
2325 1517 2540 1582 Παῦλος
2573 1521 2750 1582 οὕτως
2799 1521 3007 1576 εἰπὼν·
3045 1541 3063 1575 ι
3110 1521 3281 1576 Οὐδὲν
3319 1520 3530 1593 κτίσμα
3561 1523 3690 1578 Θεοῦ

2126 1607 2432 1680 ἀπόϐλητον
2464 1613 2582 1680 μετ’
2615 1597 2968 1684 εὐχαριστίας
3007 1613 3451 1684 λαμϐανόμενον.
3489 1631 3510 1668 ι
3549 1613 3668 1669 Ἐπι

2127 1696 2344 1752 ϐεϐαιοῖ
2385 1700 2558 1756 ταῦτα
2603 1705 2696 1754 καὶ
2747 1703 2946 1772 μᾶλλον
2991 1707 3024 1774 ἠ
3078 1707 3342 1772 γεγονυῖα
3392 1703 3515 1760 θεία
3548 1707 3692 1778 φωνὴ

2127 1789 2258 1860 πρὸς
2294 1791 2386 1843 τὸν
2419 1796 2718 1863 κορυφαῖον
2754 1796 2986 1866 Πέτρον,
3020 1797 3186 1866 ἡνίκα
3225 1799 3328 1870 τὴν
3361 1797 3421 1862 ἐξ
3463 1795 3686 1868 οὐρανοῦ

2127 1885 2551 1954 κατενεχθεῖσαν
2589 1886 2782 1957 ὀθόνην
2823 1888 3069 1956 ἑώρακεν
3091 1903 3109 1919 ·
3140 1908 3159 1942 ι
3215 1891 3505 1954 ’Λναστὰς,
3539 1907 3558 1942 »
3589 1889 3689 1960 γάρ

2128 1989 2282 2043 φησι,
2323 1993 2342 2026 ι
2377 1976 2574 2047 Πέτρε,
2614 1975 2779 2030 θῦσον
2811 1980 2904 2032 καὶ
2931 1981 3092 2048 φάγε,
3127 1983 3222 2035 καὶ
3259 1981 3295 2036 a
3327 1983 3355 2034 6
3401 1983 3534 2044 Θεὸς
3571 1983 3692 2036 ἐκά-

2129 2063 2286 2134 θηρε,
2339 2065 2404 2118 σὺ
2449 2065 2524 2136 μὴ
2572 2067 2775 2120 κοίνου.
2823 2086 2843 2121 ι
2891 2069 2955 2122 Ei
3001 2069 3059 2122 δὲ
3116 2072 3211 2122 καὶ
3261 2069 3357 2124 νῦν
3402 2071 3682 2142 ἀκάθαρτά

2126 2170 2248 2206 τινα
2272 2156 2402 2224 παρ’
2429 2159 2584 2224 ἡμῖν,
2618 2159 2693 2220 ὡς
2721 2160 2750 2212 6
2783 2157 2966 2227 λύκος,
2999 2161 3026 2213 6
3050 2160 3188 2214 λέων
3215 2165 3312 2216 καὶ
3344 2161 3377 2234 ἡ
3413 2163 3690 2234 πάρδαλις,

2132 2245 2207 2316 μὴ
2250 2247 2731 2327 θαύμαζεδτούτου
2785 2247 2994 2303 ἕνεκεν.
3024 2253 3214 2322 ΙἘχεις
3257 2253 3367 2324 γὰρ
3401 2255 3492 2307 τὸν
3524 2253 3690 2322 μέγαν

2129 2339 2411 2392 Βασίλειον
2454 2343 2512 2392 ἐν
2551 2344 2662 2404 τοῖς
2693 2343 3078 2412 Ἀσκητικοῖς
3105 2343 3278 2400 αὐτοῦ
3313 2345 3381 2400 τὰ
3419 2349 3548 2418 περὶ
3581 2347 3698 2400 τοί-

2129 2446 2236 2482 των
2270 2431 2412 2483 οὕτω
2459 2431 2867 2502 διευκρινοῦντά
2907 2451 3012 2488 σοι·
3050 2454 3069 2488 ι
3105 2434 3196 2501 Ὦς
3242 2439 3309 2491 ὲν
3363 2437 3614 2508 λαχάνοις
3637 2435 3693 2489 τὸ

2133 2519 2398 2592 βλαϐερὸν
2445 2523 2538 2576 τοῦ
2589 2525 2932 2595 καταλλήλου
2961 2527 3303 2598 χωρίζομεν,
3349 2528 3489 2582 οὕτω
3527 2531 3616 2582 καὶ
3643 2531 3692 2583 ὲν

2129 2617 2242 2676 τοῖς
2272 2615 2464 2681 κρέασι
2487 2615 2582 2668 τοῦ
2615 2617 2892 2687 χρησίμου
2923 2619 2984 2672 τὸ
3017 2619 3294 2691 βλαϐερὸν
3324 2623 3680 2694 διακρίνομεν,

2129 2707 2248 2760 ert-:1
2290 2707 2522 2776 λάχανόν
2570 2710 2686 2761 ἐστι
2739 2709 2832 2764 καὶ
2890 2711 2950 2763 τὸ
3007 2711 3233 2766 κώνειον
3269 2753 3286 2777 ,
3323 2717 3508 2786 ὥσπερ
3540 2725 3696 2786 κρέας

2132 2799 2252 2850 ἐστὶ
2285 2800 2376 2851 καὶ
2426 2799 2486 2852 τὸ
2528 2799 2758 2871 γύπειον
2785 2819 2800 2833 ·
2851 2801 2968 2856 ἀλλ’
3001 2804 3150 2872 ὅμως
3207 2805 3344 2859 οὕτε
3391 2807 3690 2878 ὑοσκύαμον

2134 2886 2298 2956 φάγοι
2322 2885 2387 2941 ἄν
2417 2906 2499 2950 τις
2533 2890 2658 2943 νοῦν
2691 2891 2850 2960 ἔχων,
2885 2891 3010 2947 οὗτε
3057 2895 3218 2958 κυνὸς
3285 2897 3480 2967 ἅψαιτο
3511 2899 3582 2968 μὴ
3611 2913 3699 2968 με-

2131 2980 2304 3050 γάλης
2330 2981 2576 3050 ἀνάγκης
2610 2985 3068 3053 κατεπειγούσης,
3099 2986 3176 3050 ὡς
3210 2988 3238 3041 ὅ
3285 3007 3350 3058 γε
3398 2989 3582 3058 φαγὼν
3606 2989 3695 3042 οὐκ

2129 3071 2394 3140 ήνόμησε.
2463 3091 2480 3122 ι
2524 3073 2782 3128 Μάνθανε
2846 3071 2939 3129 οὖν
2969 3077 3054 3130 ὅτι
3099 3079 3160 3132 τὸ
3207 3077 3484 3153 βλαϐερὸν
3523 3083 3699 3150 ἐκφεύ-

2131 3177 2322 3228 γοντες
2349 3163 2416 3216 τὰ
2455 3165 2554 3231 μὲν
2583 3165 2693 3218 τῶν
2723 3165 2878 3230 ζώων
2909 3168 3186 3239 ἐσθίομεν,
3224 3171 3343 3226 ὅσα
3385 3175 3478 3228 καὶ
3514 3174 3698 3240 μᾶλλον

2133 3251 2349 3323 εῠχυμά
2378 3270 2439 3307 τε
2484 3259 2577 3308 καὶ
2625 3260 2894 3329 τρόφιμα,
2929 3260 2998 3313 τὰ
3041 3261 3098 3315 δὲ
3157 3281 3270 3332 μυσ
3289 3266 3580 3342 αττόμεθα,
3606 3283 3699 3320 κα⁸

2133 3343 2318 3413 χεξὶας
2360 3345 2454 3396 καὶ
2483 3345 2614 3408 ἴσως
2643 3349 2737 3400 καὶ
2760 3349 2959 3418 ἀηδίας
2985 3350 3114 3404 ὄντα
3140 3357 3487 3424 παρεκτικά.
3525 3355 3698 3426 Ταύτῄ

2130 3453 2216 3490 τοι
2252 3437 2344 3490 καὶ
2382 3437 2540 3506 ὄρους
2574 3439 2626 3492 οί
2675 3441 2923 3513 Πατέρες
2964 3445 3057 3497 ἐπὶ
3083 3445 3314 3512 τούτοις
3343 3450 3625 3514 τεθείκασι,
3647 3449 3703 3502 τὸ

2132 3526 2316 3597 λίχνον
2371 3529 2674 3584 κάντεῦθεν
2721 3533 2879 3602 ἡμῶν
2913 3535 3272 3617 ἀναστέλλοντ
3295 3556 3370 3602 ες.
3405 3541 3516 3598 Καὶ
3541 3539 3699 3594 ταῦτα

2138 3621 2239 3690 μὲν
2282 3621 2362 3684 είς
2390 3621 2674 3676 τοσοῦτον.

451 3717 672 3771 milibus
724 3730 1064 3785 qurecunque
1099 3714 1274 3769 noxia
1312 3722 1446 3768 sunt
1492 3713 1850 3767 secernimus.
1898 3709 2033 3768 Nam
2073 3721 2130 3768 et
2195 3715 2374 3770 cicuta
2433 3715 2662 3786 perinde
2697 3717 2906 3774 olerum
2953 3723 3527 3794 appellationevenit,
3569 3731 3706 3780 utet

449 3814 733 3865 \tillttrum
787 3825 980 3865 carnes
1044 3823 1144 3878 pro
1188 3807 1448 3861 carnibus
1508 3805 1808 3860 ducuntur.
1894 3804 2068 3860 Nemo
2102 3813 2286 3860 tamen
2340 3807 2540 3861 mentis
2597 3823 2821 3878 compos
2855 3810 3245 3884 hyoscyamum
3278 3818 3580 3873 comederit
3611 3830 3703 3870 nec

452 3921 670 3958 ('1‘an
703 3905 952 3957 caninam
980 3901 1298 3971 gustaverit,
1324 3899 1429 3952 nisi
1488 3897 1651 3969 forte
1718 3913 1911 3965 magna
1980 3895 2228 3966 quadarn
2303 3897 2602 3954 necessitas
2635 3911 2856 3972 urgeat;
2887 3903 3035 3972 quod
3063 3905 3280 3975 quidem
3331 3909 3376 3966 si
3415 3909 3706 3974 usuveniat,

453 4000 586 4051 ιιίιιιι
655 4005 755 4051 hoc
807 3995 971 4052 modo
1030 4007 1260 4049 vescens
1319 3989 1610 4058 delinquit.
1677 3989 2022 4056 Quapropter
2061 3987 2207 4042 scire
2238 3987 2407 4041 debes
2475 4003 2574 4042 nos
2640 4004 2806 4059 opera
2840 3991 2963 4046 data
2995 4009 3084 4048 res
3126 3997 3333 4065 noxias
3375 4001 3624 4066 aversari,
3653 4007 3704 4054 et

452 4095 515 4146 iis
546 4090 761 4160 quidem
792 4087 1116 4142 animalibus
1154 4083 1296 4138 vesci
1331 4098 1672 4152 qmecunque
1745 4081 1894 4136 succi
1963 4078 2095 4134 boni
2133 4087 2264 4132 sunt
2291 4079 2531 4148 utileque
2557 4079 2950 4137 nutrimentum
2983 4086 3249 4154 praebent,
3281 4092 3356 4146 ab
3381 4093 3500 4148 aliis
3531 4101 3696 4147 autem

453 4198 772 4248 nniurrere,
821 4201 940 4254 qua:
995 4183 1139 4237 forte
1187 4179 1558 4235 valetudinem
1619 4175 2024 4230 incommodam
2071 4174 2154 4229 vel
2223 4173 2433 4244 aliquid
2497 4173 2647 4230 aliud
2694 4176 2921 4248 ingratae
2976 4180 3059 4234 rei
3115 4183 3279 4239 nobis
3313 4187 3696 4244 sintconcilia-

455 4297 595 4344 11:3,
628 4281 673 4332 si
707 4279 1090 4332 cutncdantut‘.
1132 4273 1301 4328 Prisci
1345 4271 1564 4340 quidem
1653 4269 1732 4324 illi
1801 4268 1991 4322 Patres
2052 4277 2232 4324 certas
2293 4267 2453 4322 nobis
2501 4269 2602 4322 hac
2655 4268 2711 4322 in
2746 4280 2896 4337 parte
2942 4271 3088 4343 leges
3129 4265 3602 4348 praescripserunt,
3649 4277 3704 4332 ut

454 4372 693 4428 liacivize
747 4371 1122 4440 voluptatique
1176 4379 1380 4422 nostrae
1430 4365 1650 4420 modum
1707 4371 2036 4419 statuerent.
2084 4362 2163 4417 Ac
2209 4361 2276 4416 de
2324 4360 2412 4415 his
2447 4375 2580 4414 sane
2643 4360 2847 4415 dictum
2903 4365 3168 4424 hactenus
3211 4379 3356 4427 esto.

525 4470 659 4534 Quia
684 4481 812 4519 vero
831 4463 1068 4518 studium
1099 4462 1152 4514 in
1185 4451 1446 4515 discendo
1470 4468 1620 4512 tuum
1648 4455 1780 4509 mihi
1821 4470 2043 4526 perspe-

456 4595 467 4616 .
493 4568 606 4616 iam
637 4569 741 4618 est.
767 4557 926 4629 139
943 4570 1120 4626 Operae
1153 4553 1381 4623 pretium
1405 4561 1624 4605 acturus
1654 4564 1797 4612 sum,
1831 4549 1874 4603 si
1902 4565 2039 4618 qua-

461 4663 501 4707 r?
531 4655 706 4707 nudam
735 4667 799 4704 ex
827 4649 1058 4704 Juditlim
1089 4647 1229 4699 libro
1278 4643 1653 4727 narrationum
1717 4641 2036 4696 meminero.
2073 4668 2118 4727 υ

463 4749 518 4797 οἱ.
545 4744 964 4798 buchodnnosor
1000 4747 1285 4809 propterea
1335 4719 1479 4804 quod
1537 4732 1789 4788 nationes
1831 4745 2043 4788 exterae

462 4837 560 4889 :~;l,i
594 4836 855 4890 adversus
879 4829 1190 4900 Arphaxam
1225 4824 1424 4881 bellum
1463 4825 1666 4894 gerenti
1717 4840 1874 4894 opem
1933 4839 2041 4878 non

461 4941 477 4979 ι
507 4928 736 4990 ιέἱιςδῡξιι,
773 4924 1053 4990 mpiarum
1087 4933 1308 4972 suarum
1347 4916 1735 4984 imperatorem
1774 4915 2042 4983 Olopher-

462 5035 512 5070 m
541 5036 584 5067 ,ιι
624 5018 886 5068 adversus
919 5011 1147 5080 quosvis
1179 5007 1474 5078 ablegavit,
1529 5023 1696 5077 seque
1741 5007 1908 5060 totius
1935 5015 2043 5059 ter—

467 5122 650 5159 ιηηιιῖι
681 5106 832 5159 orbis
865 5116 1124 5171 magnum
1157 5115 1336 5171 regem
1387 5115 1451 5154 ac
1484 5098 1765 5153 dominum
1791 5098 2038 5168 appella-

467 5215 493 5249 γ
524 5209 558 5250 t.
599 5198 709 5250 iluc
762 5195 1018 5249 mandato
1066 5203 1291 5264 accepto
1327 5193 1590 5248 adversus
1642 5191 1860 5247 Judaaos
1911 5188 2041 5244 Olo-

469 5308 482 5355 ῑ
510 5291 519 5339 ἰ
546 5305 710 5343 emes
741 5289 927 5357 c0pias
957 5296 1160 5342 movet.
1205 5284 1340 5340 Eum
1376 5286 1578 5338 Achior
1619 5284 1960 5338 Ammanites
1990 5282 2045 5336 in

471 5383 521 5430 li.
547 5395 614 5433 ne
643 5379 971 5433 sententiam
1023 5391 1249 5430 monere
1281 5395 1294 5429 :
1329 5374 1376 5428 si
1411 5374 1554 5442 quod
1611 5383 1756 5427 esset
1787 5371 2046 5426 delictum

471 5490 484 5522 ί.
530 5487 588 5521 ιτς
641 5469 878 5523 nationis
925 5484 1031 5538 quo
1101 5465 1271 5520 Deum
1328 5465 1728 5522 offendissent.
1790 5471 1939 5516 recte
1991 5474 2050 5514 se

473 5563 712 5617 [inattros
743 5605 756 5628 ,
814 5561 858 5616 si
914 5562 1190 5633 regionem
1240 5559 1386 5614 illam
1450 5557 1794 5619 invaderent,
1845 5558 2050 5623 quippe

539 5723 581 5753 τ*
615 5722 751 5777 Gen.
779 5736 821 5788 ι,
857 5719 944 5774 51.
1021 5722 1063 5753 τ’
1093 5719 1110 5773 1
1139 5719 1284 5774 'l‘im.
1322 5733 1392 5780 tv,
1427 5717 1515 5770 5-4.

2229 4453 2415 4520 Ἀξιον
2445 4451 2500 4505 δὲ
2537 4451 2631 4504 καί
2655 4468 2818 4506 τινων
2854 4454 3108 4525 ἱστοριῶν
3132 4462 3537 4532 ἐπιμνησθῆναι
3566 4461 3705 4528 φιλο-

2155 4543 2382 4614 μαθείας
2411 4545 2573 4614 χάριν
2615 4543 2712 4612 τῆς
2756 4543 2856 4614 σῆς
2889 4546 2953 4600 ἐκ
2990 4547 3090 4618 τῆς
3128 4549 3357 4620 ’ἰουδὴθ.
3403 4552 3461 4605 Ὀ
3493 4551 3703 4606 Ναϐου-

2147 4637 2434 4706 χοδονόσορ
2466 4635 2554 4688 διὰ
2597 4636 2659 4688 τὸ
2697 4636 2773 4706 μὴ
2806 4633 3170 4710 ἐπικουρῆσαι
3203 4641 3357 4712 αὐτῷ
3386 4642 3591 4703 πάντας
3621 4640 3702 4694 ὅτε

2145 4727 2406 4798 ἐπολέμει
2455 4733 2593 4799 μετὰ
2648 4729 2742 4784 τοῦ
2786 4731 3055 4801 Ἀρφαξᾶ,
3091 4731 3376 4785 ἐπέστειλε
3421 4731 3514 4786 τὸν
3547 4743 3704 4799 στρα-

2141 4820 2312 4890 τηγὸν
2359 4821 2526 4874 αὑτοῦ
2571 4822 2904 4892 Ὀλοφέρνην
2954 4822 3094 4875 κατὰ
3141 4823 3321 4893 πάσης
3353 4823 3454 4892 τῆς
3485 4821 3606 4890 γῆς,
3636 4818 3708 4870 εί-

2112 4941 2118 4944 -
2145 4909 2264 4964 πὼν
2298 4914 2433 4980 πρὸς
2457 4913 2621 4966 αὐτόν
2647 4927 2661 4942 ο
2698 4931 2717 4964 ι
2767 4909 2908 4964 Τάδε
2941 4911 3086 4979 λέγει
3114 4909 3370 4980 βασιλεὺς
3407 4913 3432 4961 6
3463 4911 3650 4978 μέγας.
3681 4904 3706 4954 δ

2147 5001 2340 5074 κύριος
2393 5003 2578 5072 πάσης
2625 5005 2725 5074 τῆς
2762 5004 2888 5072 γῆς.
2929 5024 2947 5056 ι
2996 5004 3114 5072 Ἐφ’
3143 4997 3186 5072 ᾧ
3223 5003 3318 5056 καὶ
3343 5002 3485 5056 κατᾶ
3514 4997 3708 5066 ταύτην

2145 5091 2248 5160 τὴν
2301 5093 2551 5147 κέλευσιν
2594 5092 2885 5163 ἁπαίροντι
2931 5091 3009 5162 τῷ
3051 5091 3358 5162 Ὀλοιρέρνῃ
3399 5089 3542 5143 κατὰ
3587 5085 3709 5138 Ἰου-

2149 5183 2338 5250 δαίων,
2371 5185 2472 5256 ἔφη
2503 5186 2597 5238 καὶ
2622 5185 2746 5238 τάδε
2775 5186 2803 5238 6
2845 5183 3188 5254 Ἀμμανίτης
3233 5182 3454 5255 Ἀχιὼρ,
3477 5198 3494 5230 ι
3528 5178 3588 5232 Ei
3616 5174 3709 5246 μὲν

2151 5276 2300 5330 ἐστιν
2329 5278 2585 5346 ἀγνόημα
2619 5278 2675 5329 ὲν
2708 5275 2784 5346 τῷ
2815 5273 2932 5345 λαῷ
2970 5275 3147 5346 τούτῳ
3188 5275 3278 5329 καί
3313 5273 3711 5344 ἁμαρτάνουσιν

2152 5371 2228 5432 εἰς
2252 5367 2343 5422 τὸν
2375 5369 2506 5421 Θεὸν
2543 5367 2744 5435 αὐτῶν,
2779 5366 3185 5436 ἀναϐησώμεθα
3217 5369 3312 5422 καὶ
3340 5359 3715 5430 ἐκπολεμήσω-

2155 5479 2254 5531 μεν
2293 5461 2490 5524 αὐτούς
2515 5477 2527 5490 ·
2559 5461 2608 5514 εί
2635 5459 2691 5513 δὲ
2727 5459 2802 5532 μή
2836 5476 2922 5528 γε,
2957 5459 3274 5528 παρελθέτω
3299 5457 3325 5509 6
3348 5455 3535 5526 κύριός
3560 5465 3704 5520 μου.»

2155 5551 2264 5605 Καὶ
2304 5552 2334 5604 6
2374 5551 2706 5624 Ὀλοφέρνης
2742 5553 2878 5623 πρὸς
2921 5549 3146 5624 ’Λχιὼρ,
3185 5571 3202 5603 ι
3236 5549 3347 5605 Καὶ
3371 5549 3454 5604 τίς
3501 5545 3528 5597 ὁ
3566 5539 3710 5600 Sabim

1629 5713 1674 5744 ³⁸
1711 5714 1831 5766 Act.
1869 5727 1922 5776 x,
1958 5710 2142 5766 15-15.
