4054 6456
472 337 583 407 32¹Ι
1731 346 2153 407 MICHAELIS
2192 347 2453 408 (ΕΙ.Υολὲ
3630 349 3736 413 328

468 455 729 511 tabuit".
770 473 788 507 ι
834 456 972 512 Tum
1005 471 1099 513 rex
1129 472 1248 512 eam
1278 458 1483 513 hortari
1522 466 1581 513 ut
1607 458 1752 529 quod
1783 459 1947 514 vellet
1979 459 2034 514 al

2152 460 2335 527 ξύλου.
2381 460 2447 516 'O
2476 461 2533 515 δὲ
2560 461 2696 525 Θεὸς
2727 461 2920 516 τοῦτον
2968 459 3267 524 ἐκώλυσεν,
3301 460 3397 514 τὸν
3448 459 3545 513 τοῦ
3581 461 3739 530 βασι-

467 561 529 603 se
560 554 795 618 peteret.
841 547 1028 603 lterim
1075 549 1379 604 Ammanus
1417 548 1758 604 Mardoehaeo
1802 549 1859 603 in
1895 550 2034 621 regia

2148 550 2294 615 λέως.
2311 552 2645 622 ἀφελόμενος
2691 551 2863 606 ὕπνον
2892 568 2906 583 °
2933 553 3176 623 ἀκηδεῶν
3235 553 3354 623 γὰρ
3407 554 3613 617 νυκτὸς
3658 556 3741 619 είς

464 644 763 706 conspecto
794 644 939 693 totus
973 639 1024 691 in
1053 638 1156 693 hoc
1187 639 1527 703 incumbere,
1563 647 1623 692 ut
1669 639 1952 694 hominem
1986 640 2043 695 in

463 746 684 788 crucem
715 743 912 802 ageret.
960 734 1160 789 Verum
1191 732 1335 789 Deus
1370 735 1628 805 adempto
1658 735 1771 806 regi
1820 750 2041 802 somno,

461 828 755 900 quominus
789 829 1041 881 Ammani
1078 827 1370 883 consilium
1433 826 1775 892 succederet,
1810 827 2043 897 impedi-

460 921 559 975 vit.
616 918 753 975 Cum
813 921 962 974 enim
1025 934 1119 974 rex
1181 928 1347 973 noctu
1407 932 1520 987 prae
1570 917 1805 988 quadam
1866 917 2039 991 animi

457 1010 781 1081 egritudine
817 1026 927 1065 non
959 1010 1243 1073 dormiret,
1298 1008 1439 1063 forte
1489 1024 1675 1063 serum
1728 1008 1847 1078 ipse
1898 1006 2043 1062 Mar-

457 1103 668 1158 dochwi
713 1102 966 1156 meritum
1017 1115 1418 1170 recognoscens
1464 1100 1744 1169 expendit.
1793 1100 2045 1169 Quapro-

407 1255 417 1273 ι
455 1204 579 1264 pter
616 1193 790 1249 invito
837 1194 1106 1246 Ammano
1138 1191 1512 1247 Mardochzrus
1573 1192 1875 1247 honoribus
1932 1207 2049 1246 am-

453 1284 721 1353 plissimis
760 1292 1029 1348 ornatur;
1063 1292 1119 1337 et
1177 1283 1475 1336 Ammanus
1523 1296 1555 1335 e
1594 1282 1876 1336 contrario
1925 1296 2040 1337 sua:

453 1375 830 1443 perversitatis
849 1389 1039 1443 pinnas
1055 1374 1232 1440 luens,
1262 1374 1489 1428 listhera
1512 1373 1698 1444 regina
1715 1373 2038 1428 obsecrante

453 1481 521 1521 ac
545 1481 659 1522 rem
690 1467 1039 1537 perﬂeiente,
1068 1466 1218 1522 cruci
1251 1465 1529 1537 adﬁgitur.
1558 1464 1732 1520 Simul
1763 1465 2036 1519 diversam

456 1558 514 1612 in
546 1561 885 1614 sententiam
923 1560 1244 1629 perscriptae
1295 1559 1495 1613 litterae
1546 1558 1861 1624 mittuntur,
1911 1557 2035 1627 qui-

455 1649 561 1705 bus
623 1666 734 1705 non
809 1649 1121 1707 Judacorum
1183 1649 1347 1705 modo
1424 1647 1592 1703 saluti
1619 1648 2030 1717 consulebatur,

2148 644 2461 710 ἀνάγνωσιν
2491 641 2678 713 ἦλθεν,
2716 646 2801 713 ἐφ’
2829 637 2875 713 ᾧ
2910 644 3006 698 καὶ
3042 644 3297 715 ἐμνήσθη
3332 638 3414 698 ὧν
3474 645 3739 713 εποίησεν

2145 738 2228 799 ei;
2255 736 2470 790 αύτδνὸ
2529 726 3094 805 ΜαρδοχαῖοςζὍθεν
3142 737 3239 790 καὶ
3273 736 3354 805 μὴ
3402 735 3738 805 βουλομένου
3778 781 3783 785 .

2143 826 2240 880 τοῦ
2277 827 2493 897 ’Δμμάν
2532 829 2767 899 ἐτιμήθη
2818 827 2888 881 τὰ
2948 828 3207 898 μέγιστα.
3269 828 3334 881 '0
3383 826 3448 880 δὲ
3517 828 3740 897 Ἀμμάν

2142 917 2267 971 καθ’
2299 917 2493 971 ἑαυτοῦ
2531 917 2633 989 τὴν
2689 918 2889 991 κακίαν
2935 917 3131 989 ἔφερεν
3158 933 3175 947 ’
3229 914 3570 987 ἐκρεμάσθη
3625 917 3734 987 γὰρ

2146 1009 2241 1062 ἐπὶ
2267 1008 2425 1075 ξύλου
2451 1012 2516 1080 τῇ
2544 1009 2726 1080 δεήσει
2755 1009 2849 1063 καὶ
2876 1010 3192 1078 κατασκευῇ
3222 1009 3327 1077 τῆς
3375 1006 3608 1078 Ἐσθήρ.
3627 1008 3740 1061 Kal

2150 1101 2461 1172 γράμματα
2488 1101 2546 1155 δὲ
2587 1101 2756 1169 ἕτερα
2790 1100 3098 1170 ἐστάλησαν
3122 1102 3185 1153 οὐ
3231 1102 3403 1170 μόνον
3436 1101 3524 1164 είς
3557 1116 3738 1169 σωτη-

2158 1192 2282 1263 ρίαν
2310 1192 2513 1257 αὐτῶν,
2546 1192 2773 1246 ἀλλ’ἵνα
2812 1191 2906 1245 καὶ
2938 1191 3068 1254 τοὺς
3104 1190 3538 1261 ἀντικειμένους
3591 1189 3736 1260 ἀμύ-

2143 1298 2365 1335 νωνται·
2395 1282 2491 1337 καὶ
2520 1284 2630 1353 γὰρ
2646 1284 2846 1352 ἄνδρας
2899 1282 2954 1350 φ’
2979 1283 3340 1348 ἀπέκτειναν,
3376 1281 3479 1337 καὶ
3509 1281 3735 1351 ἑτέρους

2145 1372 2419 1436 πλείονας.
2460 1373 2922 1445 Ἐκρεμάσθησαν
2967 1373 3025 1426 δὲ
3058 1373 3154 1427 καὶ
3195 1374 3244 1425 oi
3276 1372 3420 1429 δέκα.
3482 1373 3592 1427 υίοὶ
3635 1371 3732 1425 τοῦ

2154 1463 2391 1536 Ἀμμάν.
2422 1467 2576 1520 Κατὰ
2601 1465 2760 1520 τοῦτο
2787 1467 2884 1521 και
2914 1468 2945 1536 ἡ
2966 1466 3156 1536 Γραφή
3188 1480 3382 1537 φησιν·
3404 1484 3440 1519 ;ι
3476 1464 3731 1519 Ἔσονται

2138 1555 2196 1610 δὲ
2224 1558 2257 1627 ἠ
2289 1554 2357 1627 ιγ’
2389 1558 2542 1629 καὶὴ
2578 1557 2638 1612 ιδ’
2671 1556 2767 1611 τοῦ
2817 1557 2983 1629 Ἄδαρ
3015 1557 3202 1630 ἡμέρα
3251 1558 3476 1630 ἑόρτιος
3507 1557 3591 1620 είς
3638 1574 3730 1626 τεο

2139 1649 2267 1713 νεὰς
2304 1649 2511 1704 αὐτῶν.
2562 1669 2580 1702 ι

451 1761 645 1802 verum
677 1748 843 1802 etiam
873 1744 1235 1802 mandabatur
1282 1755 1340 1800 ut
1372 1744 1902 1800 adversarios-suos
1963 1753 2251 1799 necarent.
2320 1743 2511 1814 itaque
2575 1744 2784 1801 factum
2849 1750 3026 1800 estut
3057 1742 3135 1798 illi
3186 1757 3361 1811 supra
3392 1743 3728 1815 quingentos

452 1840 707 1900 homines
763 1842 1157 1906 interﬁcerent,
1222 1840 1414 1896 decem
1471 1836 1727 1893 Ammani
1787 1838 1916 1894 ii'liis
1971 1839 2024 1894 in
2091 1857 2312 1900 crucem
2344 1846 2505 1903 actis.
2579 1843 2732 1903 lianc
2759 1846 2830 1903 ob
2856 1862 3079 1905 causam
3109 1846 3438 1904 institutum
3492 1844 3724 1917 legimus

450 1949 513 1995 ut
549 1938 612 1992 l5
645 1946 701 1992 et
747 1935 816 1991 ιι
870 1934 1067 1990 Adaris
1094 1933 1300 1989 mensis
1347 1932 1467 1989 dies
1523 1931 1729 1987 ludatis
1761 1943 2026 2002 perpetuo
2064 1933 2192 1990 festi
2222 1937 2354 2014 sint.

464 2075 475 2079 -
520 2032 752 2087 Tnbaens
786 2031 1095 2099 imperante
1124 2026 1457 2082 Enemesaro
1510 2027 1857 2097 Assyriorum
1908 2040 2034 2096 rege
2065 2039 2110 2099 Β

449 2126 507 2180 in
543 2124 918 2193 captivitatem
947 2120 1219 2175 abductus
1245 2127 1354 2174 est.
1404 2119 1452 2173 Is
1482 2134 1583 2189 per
1613 2132 1836 2173 omnem
1861 2116 2031 2171 vitam

447 2217 700 2272 veritatis
740 2222 797 2269 et
836 2212 1066 2284 jnstitite
1127 2211 1569 2267 studiosissimus
1619 2198 1744 2274 fuit,
1800 2222 2036 2277 cumque

451 2306 701 2378 captivus
756 2303 1004 2360 Nineven
1049 2318 1158 2357 una
1200 2316 1327 2356 cum
1369 2315 1541 2355 uxore
1594 2299 1756 2355 Sarra
1784 2309 1840 2354 et
1865 2296 2036 2353 Tobia

449 2400 563 2453 tilio
600 2396 897 2468 p'erductus
943 2403 1109 2461 esset,
1166 2393 1415 2464 cognatis
1446 2390 1663 2447 caeteris
1710 2404 1853 2459 pane
1899 2403 2035 2458 gen-

453 2491 587 2544 tium
624 2486 975 2544 vescentibus
1007 2486 1077 2540 ab
1104 2499 1172 2540 eo
1207 2497 1436 2555 prorsus
1479 2480 1767 2538 abstinuit.
1826 2481 2034 2536 Deinde

450 2588 678 2637 necatos
713 2594 744 2633 α
777 2592 904 2650 rege
936 2575 1353 2641 Senacherimo,
1385 2588 1495 2643 quo
1546 2585 1792 2643 tempore
1846 2571 1896 2627 is
1942 2587 2033 2627 re-

448 2673 767 2752 vertebatur
805 2684 837 2725 e
891 2668 1074 2725 Judaza
1109 2666 1443 2739 profugiens,
1486 2665 1672 2720 furtim
1698 2664 2030 2735 sepeliebat;

449 2765 543 2835 qui
584 2778 719 2819 sane
748 2762 818 2817 ab
842 2762 984 2817 irato
1021 2776 1148 2830 rege
1185 2775 1298 2815 non
1330 2758 1488 2831 pauci
1535 2767 1667 2813 sunt
1726 2756 2030 2812 interiecti.

450 2856 595 2925 Quin
623 2854 790 2909 etiam
829 2863 997 2908 noctu
1055 2852 1257 2907 multos
1291 2850 1361 2906 ob
1420 2848 1570 2918 regis
1611 2857 1816 2903 metum
1850 2858 2034 2919 terra:

451 2945 774 3005 mandabat.
808 2943 1153 3014 Quapropter
1183 2940 1479 3011 aliquando
1517 2936 1717 2993 accidit
1766 2945 1827 2991 ut
1882 2936 2032 2991 vultu

450 3046 644 3109 aperto
699 3036 856 3107 juxta
896 3036 1164 3107 parietem
1217 3032 1538 3102 consopitus
1576 3029 1818 3094 cubaret,
1872 3028 2034 3099 igno-

450 3144 584 3184 rans
611 3128 731 3183 istic
767 3141 1020 3198 passeres
1050 3125 1105 3179 in
1141 3124 1350 3195 pariete
1397 3121 1733 3178 nilliﬁcasse.
1788 3120 1868 3174 illi
1899 3134 2033 3174 vero

450 3219 686 3275 calidum
731 3229 944 3275 stercus
1004 3216 1061 3271 in
1093 3215 1286 3272 oculos
1313 3214 1436 3284 ejus
1471 3219 1797 3276 excernunt,
1832 3227 1895 3265 ex
1926 3225 2033 3280 quo

2221 2030 2283 2085 '0
2320 2031 2516 2103 Τωδὴτ
2546 2031 2942 2104 ᾐχμαλωτίσθη
2967 2032 3027 2085 ὲν
3050 2032 3292 2104 ἡμέραις
3340 2031 3718 2103 Ἐνεμεσάρου

2142 2119 2412 2191 βασιλέως
2449 2122 2777 2192 Ἀσσυρίων.
2818 2140 2838 2174 ι
2882 2120 3028 2191 Ἐγὼ
3054 2121 3251 2195 Τωὸὴτ
3280 2123 3431 2186 ὁδοῖς
3461 2123 3720 2193 ἀληθείας

2136 2212 2483 2285 ἐπορευόμην
2510 2215 2606 2268 καὶ
2650 2212 3002 2285 δικαιοσύνης
3031 2215 3213 2278 πάσας
3241 2217 3348 2278 τὰς
3385 2217 3604 2287 ἡμέρας
3623 2216 3719 2285 τῆς

2138 2301 2283 2372 ζωῆς
2314 2320 2440 2373 μου.
2477 2305 2587 2359 Kal
2615 2306 2709 2360 ὅτε
2748 2305 2892 2375 μετὰ
2942 2304 3159 2376 Σάρρας
3219 2308 3320 2361 καὶ
3362 2305 3583 2362 Τωϐίου
3619 2307 3719 2377 hx.

2141 2393 2489 2462 μαλωτίσθην
2523 2395 2606 2458 είς
2652 2392 2862 2459 Νινευῒ,
2900 2395 3103 2457 πάντες
3136 2395 3188 2448 οἱ
3243 2397 3318 2449 ἐκ
3377 2396 3476 2451 τοῦ
3531 2396 3720 2464 γένους

2139 2500 2242 2553 μου
2273 2484 2461 2555 ἤσθιον
2509 2486 2709 2557 ἄρτους
2747 2487 2857 2540 τῶν
2907 2486 3102 2551 ἐθνῶν,
3135 2486 3247 2557 ἐγὼ
3300 2488 3359 2542 δὲ
3392 2487 3477 2544 οὗ.
3534 2487 3643 2541 Καὶ
3672 2486 3722 2540 εί

2135 2592 2288 2640 τινας
2316 2576 2607 2633 ἀπέκτεινε
2634 2579 2980 2650 Σεναχηρεὶμ
3009 2581 3037 2633 ὀ
3103 2578 3401 2651 βασιλεὺς,
3455 2581 3547 2633 ὅτε
3590 2575 3716 2653 ἦλθε

2136 2666 2356 2736 φεύγων
2390 2671 2453 2722 ἐκ
2497 2670 2597 2739 τῆς
2636 2670 2919 2737 Ἰουδαίας,
2980 2670 3157 2741 ἔθαψα
3188 2671 3405 2736 αὐτοὺς
3437 2672 3712 2726 κλέπτων·

2136 2760 2364 2824 πολλοὺς
2395 2763 2504 2831 γὰρ
2563 2762 2884 2816 ἀπέκτεινεν
2937 2764 2996 2815 ὲν
3028 2762 3103 2832 τῷ
3153 2764 3329 2836 θυμῷ
3366 2763 3558 2821 αὐτοῦ.
3610 2765 3714 2819 Kal

2135 2854 2330 2920 νυκτὸς
2362 2855 2449 2910 διὰ
2484 2858 2653 2926 φόίῖου
2685 2857 2915 2922 πολλοὺς
2946 2857 3205 2914 ἔθαπτον.
3243 2860 3426 2916 ’Ὀθεν
3454 2862 3550 2915 καὶ
3571 2863 3713 2914 ἐκοι-

2140 2945 2321 3017 μήθην
2361 2948 2512 3018 παρά
2536 2947 2596 3000 τὸ
2650 2950 2829 3017 τεῖχος
2859 2949 2961 3019 τῆς
2991 2951 3165 3022 αὐλῆς
3196 2953 3514 3024 ἀκαλύπτῳ
3552 2970 3716 3025 προσ-

2137 3036 2295 3108 ώπῳο
2336 3037 2430 3092 καὶ
2450 3039 2550 3091 οὐκ
2578 3038 2730 3109 ᾔδειν
2759 3041 2839 3094 ὅτι
2868 3043 3126 3113 στρουθία
3164 3046 3223 3098 ἐν
3255 3045 3347 3116 τῷ
3381 3048 3541 3119 τοίχῳ
3581 3047 3709 3101 ἐστί.

2138 3129 2248 3181 Kal
2283 3129 2654 3198 ἀφοδεύσαντα
2682 3131 2885 3202 θερμὸν
2912 3134 2993 3197 είς
3044 3135 3171 3199 τοὺς
3205 3136 3539 3210 ὀφθαλμούς
3588 3152 3708 3206 μου,

2135 3221 2370 3293 ἐγενήθη
2419 3222 2753 3291 λευκὼματα
2812 3225 2870 3276 ἐν
2918 3226 3130 3291 αὐτοῖς.
3186 3227 3251 3283 Ἡ
3325 3229 3383 3284 δὲ
3432 3231 3566 3300 γυνή
3609 3244 3707 3298 μου

449 3313 641 3368 innata
665 3310 838 3381 ipsius
866 3308 1045 3365 oculis
1097 3316 1183 3362 est
1215 3306 1437 3377 albugo.
1488 3303 1853 3359 Consimiliter
1904 3318 2027 3357 cum

2137 3326 2242 3381 προ
2255 3311 2459 3381 τήγαγέ
2483 3329 2578 3381 μοι
2601 3312 2811 3383 ἔριφον,
2836 3314 2895 3369 ὃν
2935 3317 3014 3379 είς
3041 3317 3237 3386 μισθὸν
3260 3318 3367 3372 τοῦ
3392 3320 3569 3391 ,κόπου
3593 3317 3708 3371 ἔλα·

452 3418 590 3460 uxor
626 3402 714 3458 die
744 3400 983 3471 quodam
1018 3397 1121 3468 ipsi
1148 3397 1376 3454 hcedum
1427 3396 1650 3451 aii‘erret
1683 3394 1867 3450 datum
1926 3391 2030 3447 sibi

450 3493 727 3551 mercedis
761 3491 1007 3555 nomine,
1040 3488 1263 3544 nolebat
1291 3502 1357 3543 eo
1388 3486 1535 3543 vesci
1572 3494 1860 3561 propterea
1886 3481 2031 3564 illde

450 3583 717 3640 furtivum
754 3579 1117 3644 existimaret,
1165 3590 1342 3649 eaque
1383 3575 1450 3631 de
1479 3590 1644 3630 causa
1712 3573 1931 3643 probris
1962 3572 2032 3628 ab

451 3692 627 3733 uxore
657 3674 1034 3731 incessebatur
1064 3679 1122 3727 ut
1149 3671 1243 3741 qui
1283 3669 1523 3725 fructum
1555 3683 1623 3723 ex
1657 3667 1863 3723 virtute
1905 3666 2031 3720 nul-

452 3772 565 3827 lum
595 3775 839 3840 caperet.
881 3765 1017 3821 Tum
1040 3764 1131 3821 ille
1164 3764 1398 3835 plorare,
1452 3776 1517 3816 ac
1567 3760 1797 3815 Domino
1850 3759 2035 3813 dicere

450 3865 627 3920 satius
663 3862 770 3917 sibi
798 3860 940 3925 fore,
976 3859 1023 3914 si
1054 3857 1348 3922 moriatur,
1382 3853 1604 3924 quando
1635 3852 1789 3911 falsis
1815 3848 2031 3921 probris

434 3956 739 4033 afﬁciatur.
771 3953 978 4008 Eodem
1026 3952 1129 4005 hoc
1164 3957 1412 4019 tempore
1463 3944 1626 3999 Sarra
1675 3957 1897 4015 quoque
1924 3941 2032 3995 Ra-

450 4048 595 4117 gueli
622 4046 728 4101 tilia
763 4041 948 4097 verbis
979 4038 1332 4095 contumelia:
1365 4035 1542 4107 plenis
1593 4043 1679 4089 est
1731 4033 2027 4100 exagitata,

454 4138 612 4210 quasi
650 4138 797 4190 viros
823 4142 1054 4203 septem,
1086 4130 1419 4200 quibuscum
1459 4136 1626 4195 nupta
1682 4123 1883 4187 fuerat,
1917 4122 2033 4176 sul-

452 4233 707 4293 locasset,
749 4243 887 4298 quos
925 4233 1109 4279 tamen
1169 4222 1490 4279 Asmodwus
1533 4219 1624 4274 ille
1672 4230 1905 4286 nequam
1940 4228 2033 4286 ge-

455 4328 575 4381 nius
597 4320 950 4377 interiecerat
975 4316 1124 4387 prius
1146 4324 1307 4386 quam
1337 4327 1462 4368 eum
1493 4326 1558 4365 ea
1580 4315 2027 4373 consuescerem;

411 4471 415 4475 .
450 4431 613 4488 quam
642 4414 734 4468 illa
763 4426 877 4465 rem
912 4421 1018 4464 tam
1056 4420 1203 4477 aegro
1236 4405 1358 4482 tulit
1407 4402 1593 4456 animo
1643 4409 1703 4453 ut
1748 4399 1862 4468 ipsa
1923 4398 2029 4452 sibi

454 4522 652 4564 manus
688 4505 882 4559 afferre
915 4502 1202 4572 cogitaret.
1244 4494 1440 4547 Vt-rnm
1475 4492 1619 4547 Deus
1639 4505 1818 4559 neque
1847 4489 2029 4544 Tobael

450 4614 633 4670 neque
673 4598 853 4652 Sarra:
885 4594 1087 4664 probra
1139 4587 1401 4658 neglexit.
1447 4583 1583 4638 Nam
1632 4596 1757 4636 cum
1792 4580 2027 4637 Tobecus

2135 3403 2246 3457 ὅεν.
2302 3403 2447 3471 Ἐγὼ
2495 3404 2552 3458 δὲ
2575 3405 2750 3460 δοκῶν
2791 3407 3120 3478 κλεψιμαῖον
3150 3405 3292 3465 εἶναι
3338 3413 3438 3466 οὐκ
3489 3414 3708 3481 ἔφαγον,

2134 3496 2229 3548 καί⁷
2254 3495 2574 3576 ὠνειδίσθην
2611 3498 2742 3565 παρ’
2768 3500 2939 3569 αὐτῆς
2966 3500 3041 3565 ὡς
3071 3502 3234 3572 δῆθεν
3272 3523 3311 3573 μ
3330 3504 3456 3575 ηδὲν
3478 3500 3701 3575 ὠφελούσ

2135 3601 2295 3656 μενος
2325 3585 2384 3651 ὲξ
2411 3586 2634 3657 ἀρετῆς.
2672 3587 2783 3641 Kal
2802 3587 3044 3643 ἔκλαυσα
3077 3589 3209 3660 πρὸς
3234 3592 3485 3666 Κύριον,
3516 3610 3533 3644 ι
3558 3593 3709 3646 Λυσι⁹

2131 3677 2278 3732 τελεί
2313 3695 2404 3748 μοι
2437 3677 2728 3730 ἀποθανεῖν
2763 3680 2794 3750 ἢ
2839 3682 2961 3752 ζῇν,
2995 3682 3075 3737 ὅτι
3100 3682 3455 3753 ὀνειδισμοὺς
3502 3682 3705 3754 ψευδεῖς

2132 3768 2361 3837 ἥκουσα.
2408 3786 2426 3818 ι
2459 3767 2592 3821 Τότε
2628 3768 2683 3821 δὲ
2706 3769 2801 3822 καὶ
2831 3770 3017 3841 Eappa
3048 3772 3080 3841 ἡ
3115 3772 3209 3825 τοῦ
3251 3771 3533 3845 Ῥαγουὴλ
3554 3773 3704 3825 ὠνει-

2132 3857 2288 3927 δίσθη
2306 3857 2382 3924 ὡς
2405 3857 2566 3929 δῆθεν
2592 3858 2945 3924 ἀποπνίξασα
2976 3860 3072 3924 οὒς
3092 3861 3287 3915 ἔλαϐεν
3309 3864 3515 3932 ἄνδρας
3542 3860 3696 3917 ἑπτὰ⁶

2131 3949 2354 4013 τούτους
2375 3949 2431 4002 δὲ
2492 3950 2811 4021 Ἀσμοδαῖος
2839 3953 2900 4005 τὸ
2959 3953 3193 4024 πονηρὸν
3243 3953 3523 4027 δαιμόνιον
3565 3952 3698 4009 ὁ.πέ-

2133 4060 2315 4097 κτεινε
2342 4044 2473 4115 πρὶν
2522 4046 2554 4117 ἦ
2583 4045 2839 4114 γενέσθαι
2875 4046 2998 4120 μετ’
3032 4049 3230 4120 αὐτῆς,
3266 4049 3346 4116 ὡς
3376 4051 3472 4107 καὶ
3512 4049 3697 4120 βουλη-

2133 4134 2290 4206 θῆναι
2345 4136 2517 4208 αὐτὴν
2574 4138 2829 4194 ἐντεῦθεν
2890 4141 3265 4210 ἀπᾲγξασθαι.
3330 4144 3471 4196 Ἀλλ’
3507 4144 3535 4195 ὁ
3573 4141 3695 4200 Θεὸς

2131 4225 2256 4280 οὔτε
2298 4227 2494 4303 [eam
2520 4229 2644 4284 οὔτε
2696 4231 2914 4301 Σάρρας
2963 4234 3186 4303 παρεῖδε
3237 4232 3332 4287 τδν
3377 4230 3694 4305 ὀνειδισμὸν.

2144 4315 2645 4391 ’Δποστελλομένου
2684 4323 2792 4390 γὰρ
2824 4322 2917 4376 τοῦ
2978 4321 3189 4375 Τωϐίου
3251 4325 3349 4379 ἐπὶ
3376 4324 3454 4393 τῷ
3505 4321 3573 4376 τὰ
3619 4319 3696 4382 είς

2132 4408 2611 4478 παρακαταθήκην
2642 4411 2873 4481 κείμενα
2920 4412 3435 4487 πατρῷαξάργύρια
3480 4411 3695 4470 .λα6εἰν,

2130 4499 2158 4552 ὁ
2184 4497 2276 4550 τοῦ
2300 4499 2509 4569 Κυρίου
2538 4502 2768 4566 ἄγγελος
2813 4500 3061 4572 Ῥαφαὴλ
3097 4504 3553 4573 συνηκολούθησε.
3590 4499 3695 4554 Καὶ

2131 4589 2256 4644 καθ’
2285 4590 2400 4644 ὁδὸν
2442 4590 2624 4661 ἰχθύος
2659 4592 2921 4661 φανέντος
2978 4594 3123 4664 ταρὰ
3157 4596 3404 4664 ποταμὸν
3456 4593 3688 4661 ἐπτοήθη

457 4667 613 4765 1⁷],
653 4690 824 4746 lilium
862 4699 1023 4742 suum
1050 4680 1279 4736 Tobiam
1308 4678 1619 4746 ablegasset
1660 4674 1728 4729 ad
1774 4680 2027 4743 repeten-

2137 4682 2159 4733 ὁ
2189 4684 2341 4739 παῖς.
2388 4683 2448 4735 ’0
2482 4683 2537 4736 δὲ
2569 4686 2802 4753 ἄγγελος
2859 4687 3128 4758 ἐπέτρεψε
3162 4688 3349 4763 λαϐεῖν
3389 4689 3550 4741 αὐτὸν
3604 4686 3696 4738 καὶ

454 4792 583 4838 dum
610 4788 898 4852 argentum
922 4772 1066 4845 quod
1097 4771 1224 4826 alibi
1274 4769 1625 4839 deposuerat,
1654 4765 1880 4836 angelus
1931 4765 2025 4819 Dei

454 4871 769 4943 liaphaelns
814 4883 938 4922 enm
970 4865 1264 4920 comitatus
1315 4869 1419 4915 est.
1452 4858 1511 4913 ln
1543 4874 1609 4914 eo
1642 4858 1837 4912 itinere
1890 4872 2027 4927 puer

456 4972 757 5032 conspecto
787 4960 854 5013 ad
893 4955 1135 5010 (luminis
1160 4954 1330 5024 ripam
1367 4953 1517 5022 pisce
1555 4951 1911 5005 vehementer
1941 4957 2026 5001 est

456 5052 792 5115 exterritus;
825 5062 988 5116 quem
1025 5044 1248 5115 angelus
1287 5045 1539 5098 hortatur
1568 5052 1630 5096 ut
1670 5043 1872 5110 piscem
1901 5054 2030 5110 pre-

452 5141 678 5205 hendat,
732 5140 960 5209 ejusque
1007 5146 1188 5207 partes
1241 5144 1466 5190 caeteras
1509 5133 1791 5200 comedat,
1850 5135 2025 5188 solum

455 5250 551 5289 eor
589 5244 645 5287 et
678 5232 839 5301 jecur
870 5229 972 5285 sibi
1001 5238 1280 5295 reservet;
1306 5241 1540 5296 quorum
1590 5227 1845 5292 alterum,
1879 5226 2029 5280 ride-

456 5328 583 5381 licct
616 5324 812 5395 hepar,
849 5321 1084 5377 serviret
1131 5322 1199 5376 ab
1244 5321 1575 5391 abigendum
1612 5318 1790 5375 sumtu
1836 5319 2031 5373 Asmu-

453 5420 672 5479 dmum,
736 5432 830 5472 cor
909 5421 1094 5469 autem
1159 5414 1226 5468 ad
1305 5413 1677 5482 inungendum
1773 5423 2031 5481 paternos

452 5511 663 5565 oculos.
699 5507 1012 5564 Secundum
1068 5507 1184 5561 hanc
1232 5506 1488 5576 juvenem
1536 5504 1764 5576 ltagucli
1804 5504 2026 5558 domum

452 5602 697 5667 deducit,
732 5602 825 5672 qui
853 5599 1072 5654 Sarrana
1105 5597 1270 5654 tiliam
1300 5599 1419 5668 ejus
1468 5611 1699 5653 uxorem
1745 5595 1948 5664 accipit
1975 5603 2031 5649 et

525 5765 571 5797 "
600 5762 820 5819 Ealller.
859 5780 911 5828 ν,
942 5761 991 5818 2.

2134 4775 2353 4841 φαγεῖν,
2403 4775 2519 4846 τῆν’
2559 4777 2613 4829 δὲ
2648 4776 2879 4847 καρδίαν
2936 4780 3029 4831 καὶ
3083 4779 3144 4832 τὸ
3193 4774 3359 4853 ἧπαρ
3386 4781 3693 4853 φυλάσσειν,

2132 4865 2192 4918 τὸ
2224 4867 2321 4933 μὲν
2363 4862 2516 4939 ἧπαρ
2556 4869 2635 4931 είς
2670 4869 2932 4938 θυμίασιν
2992 4870 3085 4924 τοῦ
3132 4871 3481 4941 ’Δαμοδαίου,
3514 4871 3609 4940 τὴν
3643 4869 3695 4933 δὲ

2132 4960 2365 5030 καρδίαν
2423 4963 2504 5024 είς
2534 4963 2716 5031 χρίσιν
2735 4963 2844 5014 τῶν
2873 4965 3156 5035 πατρικῶν
3175 4965 3492 5035 ὀφθαλμῶν.
3533 4964 3592 5016 Ἀ
3606 4960 3696 5027 πή-

2133 5067 2271 5118 γαγε
2313 5050 2369 5105 δὲ
2424 5052 2586 5104 αὑτὸν
2620 5054 2699 5115 είς
2735 5053 2828 5105 τὸν
2888 5054 3154 5127 Ῥαγουὴλ
3202 5058 3378 5123 οἶκον,
3424 5054 3545 5110 ὅθεν
3602 5049 3690 5103 καί

2137 5140 2410 5209 λαμὸἀνει
2447 5142 2547 5211 μὲν
2578 5145 2658 5203 είς
2696 5146 2933 5211 γυναῖκα
2986 5146 3083 5215 τὴν
3122 5148 3364 5218 Σάρραν,
3406 5147 3498 5199 τὸν
3527 5142 3583 5196 δὲ
3613 5158 3695 5209 φι-

2137 5231 2336 5311 λοῦντα
2387 5232 2557 5303 αὐτὴν
2600 5235 2919 5304 Ἀσμοδαῖον
2970 5236 3186 5291 ἐκεῖθεν
3219 5239 3423 5295 διώκει.
3477 5234 3690 5288 Ἀναλα-

2135 5325 2167 5375 6
2187 5327 2366 5392 ὶμενος
2390 5324 2443 5377 δὲ
2483 5325 2543 5378 τὺ
2569 5326 2831 5396 ἀργύριον
2852 5329 2950 5380 καὶ
2982 5330 3091 5398 τὴν,
3117 5329 3334 5400 Σάρραν
3368 5320 3685 5392 ὑπέστρεψε.

2133 5413 2323 5484 Ταύτῃ
2352 5430 2434 5464 τοι
2467 5411 2559 5466 καὶ
2591 5413 2698 5466 τῶν
2740 5412 2836 5466 τοῦ
2888 5415 3080 5484 Τωόὴτ
3114 5415 3411 5487 ὀφθαλμῶν
3454 5407 3689 5483 χρισθέν-

2129 5522 2238 5556 των
2271 5504 2456 5573 θαῦμα
2492 5505 2733 5572 ἐγένετο.
2773 5505 2932 5560 Μετὰ
2960 5506 3017 5560 δὲ
3057 5508 3233 5564 ταῦτα
3262 5509 3353 5562 καὶ
3390 5504 3514 5564 τάδε
3558 5498 3688 5568 πρὸς

2129 5596 2331 5658 αὐτοὺς
2364 5597 2390 5647 ὁ
2440 5595 2595 5663 ἅγιος
2641 5596 2873 5664 ἄγγελος
2929 5597 3113 5665 ἔλεγεν
3137 5614 3194 5651 οι
3234 5594 3594 5669 Ἐλεημοσύιιη
3626 5590 3688 5643 ἐκ
