4054 6424
319 417 418 482 329

1575 415 1976 477 ANNAHUM
2024 419 2220 479 PARS
2259 423 2341 482 Ιῐ.

3457 414 3567 477 330

318 531 549 588 θανάτου
585 527 796 601 ῥύεται,
829 526 1084 596 arat-auri)
1118 527 1488 597 ἀποκαθαριεϊ
1511 530 1689 581 πᾶσαν
1707 530 1881 599 ἁμαρο

1998 529 2165 588 Sarrae
2195 543 2495 588 amatorem
2533 533 2881 590 Asmodaeum
2919 529 3110 601 abigit.
3156 528 3297 584 llinc
3353 539 3572 596 sumpto

316 627 454 677 τίαν.
493 623 603 676 Καὶ
632 621 730 676 νῦν
777 623 868 690 ὅτε
902 620 1200 690 προσηύξω
1235 620 1300 672 σὺ
1351 622 1507 690 καὶὴ
1561 621 1746 690 νύμφη
1791 639 1884 674 σου

318 717 524 790 Σάρρα,
557 715 670 783 ἐγὼ
701 715 1053 784 προσήγαγον
1081 713 1143 764 τὸ
1187 713 1535 784 μνημόσυνον
1569 714 1668 784 τῆς
1719 729 1890 784 προσ-

316 809 483 878 ευχῆς
531 807 687 877 ὑμῶν
759 805 992 860 ἐνώπιον
1047 803 1142 858 τοῦ
1195 804 1353 872 αγίου
1413 804 1571 860 Θεοῦ.
1636 807 1745 860 Καὶ
1799 805 1889 858 ὅτε

317 902 549 962 ἕθαπτες
588 900 716 962 τοὺς
740 899 995 968 νεκροὺς,
1039 898 1422 968 συμπαρήμην
1473 914 1610 966 aut."
1642 899 1751 950 Καὶ
1799 897 1888 950 ὅτε

313 994 413 1045 οὐκ
447 991 701 1061 ὤκνησας
726 991 1025 1058 ἀναστῆναι
1069 990 1168 1044 καὶ
1200 990 1525 1043 καταλιπεῖν
1573 989 1634 1040 τὸ
1667 987 1890 1058 ἄριστόν

318 1101 434 1146 σου,
492 1083 639 1146 ὅπως
667 1082 920 1136 ἀπελθὼν
977 1081 1330 1152 περιστείλῃς
1381 1081 1474 1133 τὸν
1528 1081 1746 1148 νεκρὸν,
1792 1079 1891 1132 οὐκ

313 1172 502 1235 ἔλαθές
534 1189 602 1242 με
635 1173 1002 1240 ἀγαθοποιῶν,
1039 1171 1177 1225 ἀλλὰ
1211 1171 1306 1224 σὺν
1345 1171 1428 1222 σολ⁸
1459 1170 1632 1240 ήμην.
1667 1171 1777 1223 Καὶ
1795 1170 1891 1223 νῦν

314 1264 606 1318 ἀπέστειλέ
639 1281 708 1334 με
747 1264 776 1316 6
799 1263 934 1327 Θεὸς
1001 1261 1258 1316 ἰάσασθαί
1309 1278 1370 1314 σε
1413 1260 1507 1312 καὶ
1539 1260 1636 1331 τὴν
1669 1261 1890 1331 νύμφην

315 1374 405 1409 σου
452 1356 692 1426 Σάρραν.
730 1355 874 1422 Ἐγώ
906 1355 1022 1423 εἰμι
1062 1351 1310 1422 Ῥαφαὴλ
1357 1346 1438 1410 εἷς
1480 1351 1590 1404 τῶν
1624 1351 1764 1404 ἑπτὰ
1788 1353 1891 1420 ἀγ-

312 1448 510 1514 γέλων,
558 1445 609 1499 οἶ
643 1446 1123 1516 προσαναφέρουσι
1159 1444 1258 1507 τὰς
1290 1443 1456 1513 εὐχὰς
1485 1442 1594 1496 τῶν
1624 1444 1817 1512 ἁγίων.
1867 1463 1886 1495 ι

315 1537 424 1590 Καὶ
465 1535 639 1590 ταῦτα
671 1536 1015 1605 παραινέσας
1075 1537 1243 1605 ἀνέϐη
1296 1534 1436 1605 πρὸς
1493 1534 1586 1586 τὸν
1633 1520 1895 1587 ἀποστείῖ-

313 1629 505 1681 λαντα.
564 1629 676 1682 Καὶ
716 1628 874 1680 τοῦτο
930 1629 1029 1696 μὲν
1067 1629 1128 1680 τὸ
1179 1626 1424 1697 Ῥαφαήλ
1475 1625 1647 1696 ὄνομα
1692 1625 1894 1696 ἔμαθες

312 1718 410 1788 ἤδη
445 1720 509 1770 ἐκ
525 1717 618 1770 τοῦ
643 1717 844 1786 Τωϐήτ
863 1735 878 1749 ο
908 1718 968 1771 τὸ
988 1718 1046 1771 δὲ
1075 1717 1303 1786 Οὐριὴλ,
1338 1714 1484 1770 καθά
1512 1733 1647 1785 φησι
1674 1717 1701 1768 6
1730 1715 1894 1782 σοφδς

311 1812 388 1877 τῷ
421 1810 538 1863 ὄντι
568 1810 800 1876 Ψελλὸς,
832 1809 956 1864 οὔτε
988 1811 1058 1863 τὰ
1083 1810 1183 1889 τῇς
1233 1809 1481 1870 Παλαιᾶς
1522 1805 1649 1860 οὔτε
1696 1806 1764 1859 τὰ
1794 1807 1890 1876 τῆς

314 1901 462 1963 Νέας
491 1903 626 1971 ἡμῖν
664 1901 978 1969 ἐγνώρισεν.
1003 1901 1162 1955 Ἐστι
1194 1899 1251 1953 δέ
1305 1917 1357 1954 τι
1415 1899 1621 1969 βιϐλίον
1662 1901 1886 1972 Ἑϐραῖ·

314 1993 409 2044 κδν
439 1991 720 2058 ἄγνωστον
784 1995 900 2056 τοῖς
939 1993 1180 2056 πολλοῖς,
1233 1992 1516 2064 προσευχὴ
1565 1993 1622 2047 δὲ
1687 1993 1892 2063 Ἰωσὴφ

313 2087 823 2156 ἐπιγεγραμμένον,
863 2086 990 2140 ἔνθα
1017 2087 1082 2157 δὴ
1108 2089 1135 2140 6
1176 2087 1390 2141 ἐκείνου
1439 2086 1624 2157 πατὴρ
1655 2127 1657 2132 ς
1692 2086 1894 2142 Ἰακὼϐ

313 2176 568 2244 εξσῆκται
603 2175 874 2248 τούτῳ-δὴ
914 2176 993 2247 τῷ
1035 2179 1255 2248 ἀγγέλῳ
1296 2177 1542 2248 Ῥαφαὴλ
1569 2177 1894 2248 διαλεγόμε-

313 2281 420 2328 νος,
458 2268 508 2318 εί
539 2268 633 2319 καὶ
652 2268 779 2335 ἄρτι
805 2269 919 2331 τοῖς
967 2268 1272 2338 Ἑϐραίοις,
1310 2269 1386 2329 ὡς
1413 2269 1508 2322 καὶ
1535 2268 1604 2321 τὰ
1628 2269 1763 2324 ἄλλα
1782 2268 1895 2323 τῶν

311 2358 670 2428 ἀποκρύφων,
707 2358 964 2412 ἀπῶσταί
993 2377 1052 2414 τε
1120 2361 1212 2413 καὶ
1266 2359 1549 2431 ἠθέτηται.
1597 2360 1657 2414 ’0
1706 2361 1894 2431 μέντοι

308 2450 511 2518 ζΓωϐὴτ
543 2447 616 2519 ρν¹
653 2451 748 2520 ἐτη
781 2452 997 2520 ἔζησεν,
1046 2452 1074 2504 6
1107 2451 1163 2504 δὲ
1209 2451 1429 2515 Τωϐίας
1471 2449 1610 2522 ρκζ’.
1639 2452 1797 2506 Μετὰ
1835 2451 1893 2505 δὲ

314 2538 372 2590 τὸ
435 2537 611 2607 θάψαι
648 2541 777 2602 τοὺς
827 2542 1009 2608 γονεῖς
1053 2539 1222 2593 αὐτοῦ
1273 2540 1532 2610 ἀπῆλθεν,
1569 2542 1707 2613 πρὸς
1771 2541 1900 2594 'Pa-

313 2631 488 2699 γουὴλ
535 2632 628 2684 τὸν
656 2632 920 2700 πενθερὸν
977 2631 1168 2695 αὑτοῦ,
1227 2633 1322 2685 καὶ
1385 2631 1586 2702 ἤκουσε
1642 2633 1746 2701 np’)
1799 2629 1896 2684 τοῦ

313 2723 609 2777 ἀποθανεῖν
685 2725 786 2794 τὴν
859 2725 1136 2778 ἀπώλειαν
1207 2723 1424 2790 Νινευῒ,
1499 2724 1567 2794 ἦν
1636 2722 1896 2795 ᾐχμαλὼ-

312 2828 477 2864 τευσε
546 2812 1022 2886 Ναϐουχοδονόσορ
1096 2815 1236 2868 κατὰ
1297 2815 1396 2885 τὴν
1465 2813 1661 2887 Τωϐὴτ
1724 2815 1899 2886 πρὸῤ-

317 2905 504 2971 ρησιν.

1991 637 2178 680 secum
2208 635 2434 694 argento
2460 634 2515 680 et
2545 626 2776 696 conjuge
2807 626 2971 679 Sarra
3003 623 3229 676 domum
3257 620 3571 674 revertitur.

1989 717 2234 787 Cumque
2263 720 2515 788 peruncti
2555 718 2740 772 forent
2787 718 2855 769 ab
2887 731 2953 770 eo
2989 713 3174 768 Tobaei
3203 711 3374 781 patris
3404 710 3570 772 oculi,

1991 809 2295 880 prodigium
2342 809 2402 864 fit
2444 811 2638 878 ingens
2680 809 2798 860 visu
2859 807 2911 859 ei
2965 807 3237 858 restituto.
3269 801 3482 866 Quibus
3517 798 3573 853 in

1991 901 2139 955 hunc
2172 901 2394 956 modum
2453 900 2621 970 gestis
2651 897 2882 967 angelus
2940 897 3090 966 ipsos
3136 893 3318 950 verbis
3369 890 3574 963 talibus

1989 993 2331 1063 alloquitur:
2370 1011 2388 1043 t
2428 989 2799 1046 Beneficentia
2844 986 3086 1057 profecta
3119 985 3186 1038 de
3215 980 3576 1038 commisera-

1991 1085 2140 1139 tione
2169 1084 2349 1138 cordis
2386 1084 2664 1137 hominem
2724 1097 2752 1133 a
2800 1087 2978 1134 ntorte
3027 1077 3270 1131 vindicat
3321 1083 3378 1128 et
3409 1084 3575 1127 omne

1990 1185 2275 1246 peccatum
2306 1177 2513 1244 expiat.
2541 1175 2661 1238 Quo
2683 1173 2904 1242 quidem
2930 1181 3177 1240 tempore
3208 1178 3264 1221 tu
3287 1177 3572 1230 nurusque

1993 1277 2086 1322 tua
2150 1266 2314 1322 Sarra
2369 1267 2542 1322 Deum
2612 1261 3007 1335 precalamini,
3071 1277 3172 1331 ego
3242 1254 3575 1326 precationis

1990 1369 2189 1414 vestra:
2227 1368 2645 1413 monumentum
2697 1372 2882 1412 coram
2926 1362 3118 1408 sancto
3162 1351 3256 1405 illo
3296 1352 3408 1402 Deo
3445 1347 3576 1402 sub-
3625 1346 3632 1352 ’

1993 1449 2281 1503 vehebant.
2309 1448 2444 1503 Cum
2481 1458 2536 1503 tu
2567 1455 2814 1502 mortuos
2835 1443 3160 1515 sepeliebas,
3193 1439 3416 1494 aderam
3454 1435 3572 1490 tibi.

1992 1541 2128 1594 Cum
2161 1539 2386 1593 minime
2415 1539 2764 1593 cunctabaris
2793 1536 2924 1605 quin
2970 1547 3228 1604 surgeres
3271 1531 3576 1597 relictoque

1993 1630 2224 1701 prandio
2267 1639 2359 1683 tuo
2391 1629 2704 1683 discederes
2737 1628 3048 1682 obvelatum
3094 1623 3294 1679 mortui
3339 1620 3578 1676 hominis

1995 1723 2248 1783 cadaver,
2280 1721 2394 1774 haec
2428 1732 2515 1773 tua
2551 1719 2811 1788 praeclara
2848 1717 2987 1774 facta
3039 1733 3126 1772 me
3177 1731 3286 1770 non
3330 1713 3580 1768 latebant

1997 1828 2218 1882 semper
2246 1812 2344 1864 tibi
2390 1811 2598 1866 scilicet
2640 1819 2986 1880 przescntem.
3036 1809 3231 1878 Meque
3261 1821 3412 1860 nunc
3439 1805 3579 1858 adeo

1991 1906 2141 1960 misit
2193 1904 2336 1959 Deus
2391 1905 2456 1958 ad
2516 1914 2567 1958 te.
2618 1919 2933 1972 nurumque
2986 1912 3132 1957 tuam
3198 1901 3419 1956 Sarram
3489 1913 3577 1950 sa-

1991 1998 2220 2053 nandos.
2251 1997 2380 2053 Sum
2413 1998 2560 2052 enirn
2586 1997 2780 2068 genius
2820 1995 2911 2051 ille
2942 1994 3278 2065 Baphaelus,
3322 2006 3462 2045 unus
3510 1990 3578 2043 de

1991 2099 2200 2162 septem
2250 2090 2482 2160 angelis,
2535 2087 2629 2160 qui
2676 2089 2742 2144 ad
2795 2089 2965 2143 Deum
3018 2095 3335 2144 sanctorum
3390 2095 3581 2152 prt-ccs

1992 2183 2336 2250 deferunt".
2394 2181 2490 2237 llis
2547 2181 2926 2252 pronunciatis
2977 2181 3044 2234 ad
3089 2194 3213 2233 eum
3268 2174 3577 2230 ascendita

1998 2286 2108 2340 quo
2143 2269 2322 2325 fuerat
2361 2271 2663 2340 ablegatus.
2717 2270 2831 2326 lloc
2860 2271 3036 2340 ipsum
3083 2278 3264 2323 autem
3315 2264 3576 2334 Raphacli

2001 2379 2203 2418 nomen
2234 2379 2300 2418 ex
2332 2363 2434 2418 hac
2463 2363 2532 2418 de
2559 2362 2760 2418 Tobazo
2793 2363 3110 2418 narratione
3161 2362 3440 2429 cognitum
3469 2356 3582 2410 scic

1998 2455 2128 2511 licet
2151 2444 2552 2512 habesNerum
2577 2456 2868 2526 appellatio
2886 2455 3082 2520 Urieli,
3116 2450 3579 2524 quemadmodum

1997 2548 2079 2601 vir
2117 2563 2308 2616 reapse
2341 2550 2560 2616 sapiens
2605 2548 2819 2604 Psellus
2847 2547 3089 2618 scripsit,
3135 2562 3235 2601 nec
3276 2544 3440 2615 prisci
3479 2543 3583 2597 fte-

1997 2637 2146 2693 deris
2171 2638 2333 2693 libris
2361 2654 2463 2694 nec
2495 2639 2622 2693 novi
2651 2638 2990 2702 continetur,
3023 2636 3120 2692 sed
3153 2645 3332 2690 exstat
3361 2635 3414 2688 in
3442 2633 3584 2686 libro

1998 2727 2230 2793 quoiam
2263 2725 2554 2788 llcbraico,
2582 2727 2676 2797 qui
2709 2727 2872 2795 vulgo
2905 2741 3013 2780 non
3041 2733 3126 2780 est
3159 2735 3342 2785 notus,
3371 2722 3586 2776 habens

1999 2801 2418 2884 inscriptionem
2475 2816 2809 2886 precationis
2867 2814 3128 2886 Josephi;
3173 2829 3283 2882 quo
3337 2811 3390 2864 itt
3441 2811 3583 2863 libro

1998 2903 2220 2975 Iosephi
2259 2918 2414 2976 pater
2440 2905 2680 2962 Jacobus
2728 2907 2834 2962 hoc
2864 2921 2988 2961 cum
3039 2905 3234 2976 angelo
3263 2902 3584 2970 colloquens

315 2995 704 3050 introducitur.
761 2995 924 3051 Liber
970 2997 1087 3068 ipse
1143 2997 1286 3068 apud
1384 2997 1662 3062 Hebraeos,
1724 3008 1784 3053 ut
1841 2998 1930 3052 alii
1973 3013 2192 3068 quoque
2222 3001 2541 3070 apocryphi,
2602 3015 2703 3070 pro
2765 2999 3038 3070 rejectitio
3081 2997 3301 3053 ducitur
3347 3005 3403 3051 et
3444 2995 3583 3049 niltil

315 3089 660 3145 auctoritatis
716 3088 902 3145 habet.
958 3090 1223 3145 Caeterum
1272 3091 1507 3148 Tobzeus
1556 3105 1729 3146 annos
1785 3090 1887 3144 150
1928 3089 2162 3144 vivendo
2261 3089 2522 3161 explevit,
2589 3089 2792 3147 Tobias
2837 3089 2981 3144 filius
3031 3089 3154 3155 l27,
3202 3101 3436 3156 cumque
3483 3102 3580 3154 par

315 3197 502 3240 rentes
559 3199 687 3240 suos
731 3185 900 3239 humo
943 3185 1277 3247 tradidisset,
1326 3185 1394 3241 ad
1448 3185 1746 3256 Raguelum
1804 3199 2055 3239 socerum
2123 3199 2282 3239 suum
2349 3183 2627 3253 profectus
2695 3193 2802 3248 est,
2865 3193 2919 3240 et
2965 3193 3091 3240 ante
3139 3192 3373 3238 mortem
3427 3198 3582 3238 suam

314 3280 378 3335 de
415 3281 661 3336 Nineves
704 3277 932 3334 interitu
983 3281 1276 3350 cognovit,
1313 3297 1475 3350 quam
1547 3278 2056 3335 Nabuchodonosor
2088 3280 2256 3349 cepit,
2294 3279 2370 3334 uti
2399 3280 2645 3334 futurum
2673 3278 2907 3335 Tobarus
2943 3279 3290 3350 praedixerat.

379 3373 543 3426 Μετὰ
575 3371 758 3440 μέντοι
785 3370 876 3424 τὸν
929 3371 1169 3443 Σαμψὼν
1228 3372 1335 3436 ἕως
1371 3373 1522 3426 Ἠλεὶ
1557 3372 1649 3427 τοῦ
1710 3373 1901 3444 ἱερέως
1927 3373 1972 3437 C

319 3465 555 3535 ἀναρχία
579 3460 648 3533 ἦν
681 3463 812 3532 παρ’
853 3463 1039 3526 αὐτοῖς
1070 3463 1162 3532 έτη
1195 3463 1270 3534 μ’,
1305 3466 1397 3518 καὶ
1427 3465 1676 3533 ἀλλήλοις
1707 3466 1896 3518 επανιο

323 3559 585 3625 στᾶμενοι
617 3555 1107 3628 συνωλοθρεύοντο.
1136 3557 1302 3611 Ὅσον
1335 3558 1434 3628 μὲν
1457 3555 1550 3612 οὖν
1583 3559 1754 3612 κακόν
1777 3561 1898 3612 ἐστι

320 3647 374 3700 τὸ
404 3647 684 3716 περιορᾷν
713 3648 840 3708 τοὺς
872 3645 977 3698 ὑπὸ
1007 3647 1166 3717 χεῖρα
1220 3647 1637 3716 ἁμαρτάνοντας
1665 3647 1760 3701 καὶ
1821 3647 1898 3718 μὴ

322 3738 572 3807 σφοδρῶς
635 3737 956 3808 ἐπιστύφειν
1009 3738 1228 3806 αὐτοὺς,
1271 3740 1438 3806 ἔδειξε
1497 3740 1565 3793 τὰ
1620 3740 1764 3793 κατὰ
1806 3738 1899 3792 τὸν

330 3831 505 3895 Ἦλεὶ,
533 3830 631 3898 τὴν
662 3829 893 3883 κιϐωτὸν
927 3831 1020 3883 καὶ
1077 3829 1170 3885 τὸν
1208 3832 1340 3886 λαὸν
1377 3831 1683 3901 συμϐάντα.
1736 3831 1901 3901 Τηνι-

322 3923 499 3976 καῦτα
539 3923 647 3991 γὰρ
673 3924 700 3976 6
736 3922 835 3992 μὲν
884 3924 1034 3977 Ἠλεὶ
1065 3924 1283 3995 θανάτῳ
1316 3926 1522 3996 οἰκτρῷ
1553 3924 1898 3996 περιπίπτει,

322 4017 352 4083 ἡ
390 4015 636 4078 κιϐωτὸς
667 4016 1157 4084 αίχμαλωτίζεται,
1205 4019 1298 4074 καὶ
1349 4019 1377 4070 6
1407 4017 1536 4080 λαὸς
1593 4020 1900 4089 ἀναιρεῖται

325 4107 596 4178 μαχαίρᾳ.
628 4107 979 4160 Παλαιστινοὶ
1026 4109 1253 4179 καὶγὰρ
1281 4111 1424 4163 κατὰ
1490 4111 1761 4164 Ἰουδαίων
1806 4112 1903 4180 ὁρ-

320 4197 491 4266 μῶσι,
564 4198 976 4268 συμπλέκονται
1057 4200 1337 4270 ἀλλήλοις,
1418 4199 1515 4254 καὶ
1600 4201 1900 4256 πίπτουσιν

326 4289 574 4359 Ἰῗϐραῖοι
639 4291 772 4341 ὡσεὶ
824 4290 1280 4361 τετρακισχίλιοι.
1351 4287 1485 4346 Εἶτα
1535 4295 1634 4366 τὴν
1664 4293 1901 4348 κιϐωτὸν

317 4383 587 4453 ἀράμενοι
639 4384 736 4437 σὺν
789 4383 927 4454 αὐτῇ
986 4385 1128 4438 κατὰ
1167 4383 1278 4438 τῶν
1330 4385 1608 4453 πολεμίων
1661 4385 1900 4457 ὁρμῶσι,

319 4476 595 4542 κρατῆσαι
630 4474 876 4543 συνήθως
898 4473 1303 4547 θαρρήσαντες.
1344 4476 1768 4538 Συμϐάλλουσιν
1802 4476 1896 4530 ἁλ-

317 4565 528 4634 λήλοις,
557 4565 650 4618 καὶ
681 4564 943 4618 πίπτουσι
979 4567 1076 4635 μὲν
1108 4568 1171 4618 ὲκ
1201 4566 1310 4619 τῶν
1360 4567 1635 4638 Ἐϐραίων
1662 4568 1761 4620 οὐκ
1780 4565 1895 4619 ὀλίο

318 4672 426 4722 γοι,
468 4656 939 4725 αἰχμαλωτίζεται
969 4656 1025 4709 δὲ
1058 4657 1152 4710 καὶ
1197 4657 1336 4722 αὐτὴ
1372 4659 1402 4727 ή
1464 4658 1722 4721 κιϐωτός.
1779 4662 1896 4715 Οὐκ

320 4747 503 4816 ἀγαθὴ
532 4747 716 4800 λοιπὸν
755 4747 986 4815 ἀγγελία
1017 4749 1432 4818 καταλαμϐάνει
1456 4749 1546 4801 τδν
1587 4749 1738 4803 Ἠλεί
1765 4767 1778 4781 ·
1801 4751 1898 4804 καὶ

320 4839 418 4908 τὴν
451 4840 552 4908 μὲν
609 4839 720 4890 τῶν
770 4837 937 4891 αὑτοῦ
995 4839 1203 4892 παίδων
1247 4841 1524 4894 ἀπώλειαν
1572 4841 1727 4910 φέρει
1773 4858 1901 4908 γενέ

321 4932 506 4994 ναίως,
560 4931 656 4984 καὶ
714 4931 796 4984 ὅτι
845 4932 938 4984 καὶ
989 4930 1288 5001 σφάλματα
1345 4933 1628 5002 προσῆσαν
1687 4935 1894 4998 αὐτοῖς,

323 5024 551 5093 πορνεία
582 5026 676 5076 καὶ
711 5027 1130 5095 γαστριμαργία
1165 5025 1399 5095 (γάμους
1434 5027 1544 5098 γὰρ
1577 5027 1898 5098 ἀλλοτρίους

323 5116 646 5183 ἐξώρυττον,
668 5117 760 5170 καὶ
793 5116 860 5168 τὰ
884 5117 1020 5186 κρέα
1053 5118 1158 5186 πρὸ
1187 5116 1280 5170 τοῦ
1309 5119 1636 5189 ἀγιασθῆναι
1667 5120 1901 5192 ἤσθιον),

323 5205 422 5272 τὴν
442 5205 498 5257 δὲ
526 5205 622 5270 τῆς
653 5204 893 5258 κιϐωτοῦ
943 5206 1329 5276 αίχμαλωσίαν
1361 5207 1463 5259 οὐκ
1511 5209 1755 5276 ἐνεγκὼν
1803 5227 1904 5262 κα-

2106 3374 2188 3428 Αό
2256 3373 2580 3429 Samsonem
2661 3384 2720 3428 ut
2795 3373 3120 3439 redeamus,
3185 3380 3308 3441 post
3373 3371 3584 3426 obitum

2000 3465 2120 3536 ejus
2177 3465 2244 3520 ad
2305 3465 2484 3519 Elium
2538 3479 2714 3534 usque
2766 3464 3085 3534 pontiﬁcem
3140 3463 3268 3517 totis
3316 3461 3474 3516 annis
3515 3464 3586 3517 40

2000 3557 2244 3611 lsraelici
2291 3557 2500 3612 nullius
2528 3556 2761 3626 imperio
2805 3557 3094 3627 parebant.
3129 3555 3473 3626 Quapropter
3525 3571 3585 3609 se

2002 3649 2240 3704 invicem
2290 3649 2407 3709 alii,
2441 3649 2579 3703 alios
2621 3648 2798 3704 adorti
2826 3688 2843 3715 ,
2876 3647 3185 3703 communis
3241 3648 3494 3702 interitus
3531 3656 3588 3702 et

2000 3740 2199 3794 excidii
2252 3739 2478 3794 sibimet
2531 3745 2788 3793 auctores
2836 3745 3014 3792 erant.
3047 3735 3326 3803 Quantum
3361 3737 3582 3806 quidem

2003 3833 2056 3886 in
2091 3847 2158 3886 eo
2191 3832 2312 3886 mali
2357 3835 2450 3897 sit,
2487 3847 2610 3886 cum
2647 3831 2806 3886 nobis
2831 3828 3067 3901 subjecti
3105 3828 3581 3883 animadvertente

2005 3923 2226 3976 nemine
2267 3921 2616 3990 delinquunt,
2650 3923 2809 3992 172
2856 3936 2962 3977 nec
2998 3920 3201 3975 acriter
3225 3928 3580 3986 coercentur,

2003 4013 2107 4067 Elii
2134 4013 2472 4069 demonstrat
2512 4014 2744 4070 historia
2779 4027 2904 4069 cum
2936 4011 3001 4067 iis
3023 4027 3142 4082 qua:
3167 4027 3308 4064 arca:
3351 4011 3582 4082 pepule-

2003 4121 2110 4176 que
2144 4105 2382 4160 lsrzelico
2444 4106 2788 4161 acciderunt.
2821 4105 2954 4160 Nam
3006 4114 3062 4159 et
3099 4104 3251 4159 Elius
3285 4103 3584 4158 miserabili

2005 4198 2114 4252 fine
2161 4197 2325 4251 vitam
2361 4197 2590 4260 claudit,
2623 4205 2678 4251 et
2713 4197 2952 4251 hostium
2999 4194 3054 4248 in
3088 4204 3410 4266 potestatem
3460 4208 3586 4248 arca

2003 4290 2176 4356 venit,
2213 4298 2266 4344 et
2299 4289 2480 4360 gladio
2535 4288 2767 4359 populus
2794 4287 3082 4342 occiditur.
3130 4287 3341 4358 Quippe
3365 4280 3587 4341 Judacos

2004 4378 2280 4433 PalteStini
2316 4378 2459 4432 bello
2518 4377 2814 4442 invadunt,
2851 4377 3035 4444 pretio
3087 4377 3228 4430 inter
3275 4392 3332 4428 se
3365 4375 3586 4444 utrique

2005 4471 2462 4542 congrediuntur,
2502 4467 2857 4524 Hebraeorum
2903 4467 2970 4522 ad
3021 4478 3259 4535 quatuor
3293 4467 3458 4520 millia
3489 4483 3582 4520 ca-

2005 4563 2160 4618 dunt.
2195 4561 2332 4618 Hinc
2362 4578 2488 4618 arca
2515 4561 2732 4616 lsraalirl
2758 4559 3018 4625 advecta,
3052 4576 3174 4614 cum
3215 4575 3278 4614 ea
3315 4559 3368 4612 itt
3397 4561 3585 4614 hostes

2007 4656 2250 4718 irruunt,
2294 4654 2440 4723 quod
2490 4653 2719 4708 omnino
2768 4652 3009 4707 futurum
3051 4650 3394 4705 confiderent
3427 4660 3486 4704 ttt
3519 4666 3584 4704 ea

2008 4758 2279 4818 praesente
2334 4749 2654 4818 superiores
2709 4745 2812 4816 ipsi
2862 4760 2963 4815 pro
3020 4759 3172 4799 more
3213 4742 3584 4797 discederent.

2004 4840 2386 4897 Conseruntur
2421 4855 2551 4910 ergo
2588 4853 2806 4900 manus,
2858 4836 3209 4893 Hebraeorum
3247 4834 3462 4905 plurimi
3494 4850 3585 4887 ca-

2005 4933 2146 4989 dttnt
2177 4975 2192 4999 ,
2244 4948 2372 4988 arca
2433 4933 2547 5003 ipsa
2598 4933 2667 4987 ab
2701 4931 2954 4987 hostibus
2986 4929 3351 4999 intercipitur.
3382 4929 3586 4996 Quam-

2004 5026 2192 5081 obrem
2227 5025 2522 5080 infeliciter
2555 5035 2720 5095 gesta:
2759 5023 2839 5079 rei
2880 5025 3091 5078 tristem
3134 5021 3390 5077 nuntium
3437 5022 3587 5078 Elius

2003 5118 2239 5186 accipit,
2273 5133 2336 5172 ac
2366 5132 2591 5171 suorum
2629 5116 2852 5185 quidem
2889 5115 3124 5169 filiorum
3160 5114 3441 5168 interitum
3490 5132 3585 5185 ge-

2003 5225 2204 5264 neroso
2253 5210 2361 5263 fert
2390 5209 2612 5274 animo,
2641 5207 2787 5278 quod
2820 5207 2853 5261 ii
2893 5208 3040 5263 vitiis
3070 5208 3187 5261 suis
3237 5223 3347 5260 ttott
3379 5208 3587 5260 carnis-

327 5295 594 5350 ταπίπτει
634 5295 728 5350 τοῦ
761 5297 950 5360 θρόνου
983 5300 1078 5349 καὶ
1123 5299 1374 5369 τελευτᾷ·
1409 5299 1564 5369 ἔτυχε
1622 5301 1730 5368 γὰρ
1778 5300 1896 5352 τότε

1999 5311 2123 5356 sent
2152 5341 2166 5367 ,
2223 5300 2544 5356 scortationi
2591 5315 2654 5354 ac
2695 5300 2925 5355 luxuriae
2961 5299 3126 5354 dediti
3163 5297 3589 5368 (consueverant

330 5386 474 5438 κατὰ
502 5402 564 5454 γε
594 5387 690 5450 τὰς
721 5387 898 5450 πύλας
935 5388 1028 5440 τοῦ
1052 5388 1201 5459 ἱεροῦ
1231 5389 1540 5458 καθήμενος
1574 5392 1666 5442 ἐπὶ
1685 5392 1900 5462 δίφρου,

331 5477 475 5530 ὀκτὼ
508 5480 594 5530 καὶ
625 5483 672 5546 ι(
713 5477 913 5549 βιώσας
945 5477 1062 5546 ἐτη.

330 5569 398 5619 ob
432 5582 570 5622 arca
620 5567 994 5639 captivitatem
1050 5567 1370 5635 gravissime
1425 5569 1711 5637 perculsus
1766 5574 1905 5629 solio
1950 5591 2051 5630 suo
2107 5574 2400 5636 delabitur,
2453 5590 2689 5642 moxque
2738 5573 2950 5628 \ivendi

1999 5393 2147 5447 enim
2183 5401 2335 5447 toros
2360 5391 2572 5446 alienos
2603 5391 2870 5461 polluere.
2907 5391 3214 5459 oblatisque
3257 5390 3366 5442 Deo
3409 5389 3586 5442 carni-

2009 5487 2110 5540 bus
2149 5493 2277 5539 ante
2326 5483 2472 5538 rcsci
2532 5499 2697 5554 quam
2748 5493 3082 5538 consecrata:
3116 5481 3314 5547 forent)
3348 5495 3362 5533 :
3395 5491 3585 5533 rerum

3026 5573 3188 5625 finem
3240 5570 3384 5624 facit.
3447 5568 3582 5621 Natu

335 5659 472 5713 forte
505 5668 614 5715 tum
661 5676 759 5730 pro
789 5660 974 5730 templi
1005 5659 1220 5716 foribus
1256 5660 1308 5715 in
1342 5661 1473 5715 sella
1497 5664 1742 5718 versatili
1776 5647 2098 5722 consederat
2127 5681 2301 5720 annos
2322 5665 2433 5736 jam
2458 5667 2749 5736 nonaginta
2774 5674 2828 5719 ct
2856 5677 2977 5717 octo
3005 5675 3184 5717 natus.

403 5838 449 5868 ⁸³
479 5839 606 5895 Ἰίὶ).
641 5855 736 5904 ιιι,
774 5843 826 5896 9.
