4054 6418
292 405 396 471 33‘}

1563 381 1968 464 ANNALIUM
2009 403 2199 462 rans
2244 404 2321 464 II.

3439 401 3538 462 33-l

293 520 454 589 τικὴν
483 517 677 590 στολὴν
710 517 1082 590 προφητεύειν
1113 513 1263 588 αύτῷ
1315 515 1447 582 περὶ
1498 515 1606 570 τῶν
1649 515 1871 585 μελλόν-

1990 522 2126 576 reste
2151 513 2255 568 sibi
2290 515 2697 580 vaticinaretur,
2736 514 2956 585 quinam
2997 514 3116 582 ejus
3161 510 3210 564 bc
3233 510 3288 563 lli
3333 509 3542 563 futurus

296 627 426 665 των.
457 610 566 664 Τοῦ
597 611 654 664 δὲ
677 611 1089 680 προτρέψαντος
1119 609 1404 681 ἐξέρχεται
1461 607 1603 661 κατά
1662 609 1867 661 Παλαι-

296 702 516 754 στινῶν.
535 701 592 756 ’0
633 702 820 772 μέντοι
861 701 1036 756 Σαοὺλ
1067 703 1134 772 τῇ
1150 702 1278 773 νίκῃ
1305 699 1565 768 ἐπαρθεὶς
1590 701 1867 768 ἐπαρᾶται

295 793 410 854 τοῖς
461 791 738 862 Ἐὕραίοις
766 809 782 824 ·
818 793 885 864 ἦν
907 810 994 855 τις
1033 792 1416 862 ἀποσχόμενος
1465 790 1558 842 τοῦ
1618 791 1868 855 φονεύειν

297 883 424 944 τοὺς
457 883 689 952 ἐχθροὺς
715 883 888 955 φάγῃ,
921 883 1020 937 καὶ
1076 881 1152 953 μὴ
1212 882 1408 952 μέχρις
1463 875 1523 933 οὗ
1557 879 1652 944 νὺξ
1712 879 1872 931 ἐπελο·

301 971 472 1027 θοῦσα
497 973 602 1040 τῆς
633 974 973 1045 ἀναιρέσεως
1007 973 1208 1036 αὐτοὺς
1237 971 1538 1043 ἀποπαύσῃ
1569 971 1679 1023 τῶν
1714 971 1872 1024 πολε-

304 1065 464 1134 μίων,
499 1067 908 1136 ἐπικατάρατος
938 1066 1049 1137 εἴη.
1109 1066 1266 1118 Οὕτω
1321 1064 1500 1118 τοίνυν
1543 1063 1638 1116 τοῦ
1698 1063 1872 1116 Σαοὺλ

302 1159 598 1227 φήσαντος,
623 1160 749 1214 ἐπεὶ
773 1161 912 1214 κατά
935 1178 1056 1212 τινα
1085 1161 1184 1230 δρυ
1196 1160 1294 1229 μδν
1317 1160 1568 1227 ἐγένοντο
1595 1158 1872 1227 μελισσῶν

301 1251 570 1320 γέμοντα,
613 1253 641 1306 6
671 1251 765 1305 τοῦ
811 1253 985 1306 Σαοὺλ
1016 1255 1143 1315 παῖς
1174 1253 1276 1306 οὐκ
1334 1249 1588 1321 ἀκηκοὼς
1637 1253 1735 1318 τῆς
1774 1251 1868 1304 τοῦ

301 1343 510 1413 πατρὸς
556 1345 696 1414 ἀρᾶς
746 1343 1056 1412 ἀποθλίψας
1114 1361 1169 1397 τι
1227 1344 1423 1415 κηρίον
1480 1343 1574 1396 τοῦ
1650 1344 1868 1414 μέλιτος

303 1437 516 1507 ἢσθιεν.
551 1433 684 1490 Εἶτα
706 1439 868 1505 γνοὺς
899 1439 960 1490 τὸ
991 1439 1218 1505 γεγονὸς
1264 1439 1364 1490 οὐκ
1393 1436 1571 1506 ὀρθῶς
1626 1436 1729 1504 ἔφη
1781 1437 1873 1490 τὸν

305 1529 516 1596 πατέρα
547 1528 806 1598 τοιαύτην
835 1529 977 1598 ἀράν
1001 1529 1206 1581 θείναιο
1246 1527 1591 1597 εὐψυχότατα
1623 1527 1728 1596 γὰρ
1769 1543 1872 1580 κα·

305 1619 564 1688 ιτα-τρέχει
593 1619 692 1689 τῆς
723 1619 832 1674 τῶν
881 1619 1168 1682 ἐναντίων,
1209 1619 1263 1671 ετ
1321 1635 1384 1686 γε
1415 1620 1624 1689 τροφῆς
1678 1621 1735 1672 ἐν
1795 1619 1874 1690 τῷ

307 1711 460 1780 μέσῳ
495 1711 694 1781 φθάσει
727 1706 1080 1782 μεταλαϐεῖν.
1129 1713 1187 1766 Ὀ
1215 1713 1272 1764 δέ
1305 1713 1479 1765 Σαοὺλ
1533 1713 1672 1782 μετά
1704 1714 1766 1766 τὸ
1796 1731 1876 1768 νι-

305 1802 472 1871 κῆσαι
501 1803 595 1857 καὶ
629 1803 793 1858 θῦσαι
833 1803 910 1876 τῷ
956 1803 1076 1876 Θεῷ
1107 1804 1324 1857 κελεύει
1353 1804 1446 1856 τὸν
1481 1804 1746 1875 ἀρχιερέα
1782 1804 1876 1856 καὶ

305 1893 464 1958 αὖθις
502 1897 706 1962 γνῶναι
737 1897 786 1948 εί
817 1896 1032 1949 δίδωσιν
1071 1897 1258 1958 αὐτοτς
1287 1897 1314 1948 6
1343 1895 1476 1958 656;
1501 1897 1593 1948 ἐπὶ
1624 1895 1684 1948 τὸ
1712 1911 1876 1964 στρα-

306 1985 536 2039 τόπεδον
569 1986 680 2040 τῶν
704 1987 918 2057 ἐχθρῶν
947 1987 1121 2040 ἐλθεῖν
1167 1989 1262 2041 καὶ
1297 1986 1610 2054 διαφθεῖραι
1651 1986 1874 2050 αὐτούς.

311 2074 576 2139 Εἰπόντος
615 2075 671 2128 δέ
712 2075 806 2128 τοῦ
859 2075 1167 2144 ἀρχιερέως
1221 2077 1297 2145 μὴ
1347 2075 1748 2145 ἀποκρίνεσθαι
1786 2076 1878 2128 τὸν

308 2165 466 2228 Θεὸν,
505 2167 532 2218 6
563 2166 739 2218 Σαοὺλ
777 2165 881 2236 ἔφη
922 2166 997 2237 μὴ
1019 2166 1147 2220 ἄνευ
1189 2167 1367 2228 αίτίας
1399 2165 1557 2219 τοῦτο
1583 2167 1830 2234 γίνεσθαι
1861 2182 1875 2196 ο

310 2257 428 2315 ἀλλ’
477 2257 590 2311 ἔστι
615 2273 668 2310 τι
693 2256 954 2310 λανθάνον
985 2255 1042 2324 ἐξ
1075 2257 1236 2326 ἡμῶν
1279 2257 1588 2329 ἁμάρτημα
1633 2260 1734 2328 τῆς
1783 2257 1880 2312 τοῦ

309 2349 448 2403 Θεοῦ
507 2353 719 2420 σιωπῆς
789 2351 986 2418 αἴτιον,
1047 2352 1142 2406 καὶ
1191 2353 1419 2423 δμνυμι,
1459 2353 1564 2407 κᾶν
1610 2355 1637 2406 6
1691 2357 1821 2418 παῖς
1853 2357 1881 2409 ὁ

311 2441 446 2512 ἐμὸς
483 2441 740 2496 ἰωνάθαν
769 2443 858 2512 εἴη
886 2444 913 2496 6
951 2442 1014 2496 τὺ
1060 2426 1366 2515 ἁμάρτημα
1413 2443 1575 2498 τοῦτο
1625 2446 1880 2515 ποιήσας,

315 2535 662 2588 ἀποκτείνειν
681 2534 844 2588 αὐτὸν
875 2535 967 2588 καὶ
999 2534 1088 2588 τὸν
1116 2537 1252 2588 Θεὸν
1301 2534 1475 2599 οὕτως
1529 2535 1880 2590 ίλεώσασθαι.

318 2625 515 2678 Πίπτει
541 2622 634 2678 οὖν
659 2627 686 2678 6
718 2627 922 2694 κλῆρος
944 2627 1037 2680 ἐπὶ
1069 2627 1159 2680 τὸν
1202 2625 1482 2690 Ἰωνάθαν,
1515 2629 1609 2678 καὶ
1640 2625 1734 2678 τοῦ
1773 2643 1880 2678 πα-

315 2715 444 2786 τρὸς
467 2717 784 2786 ἐρωτῶντος
811 2718 973 2770 αύτδν
1002 2717 1054 2770 τί
1089 2733 1144 2770 τε
1186 2717 1463 2786 ,πεποίηκε
1495 2717 1592 2769 καὶ
1619 2717 1768 2779 ὅπως
1805 2717 1884 2780 είς

312 2807 448 2862 Θεὸν
473 2808 772 2878 ἐξήμαρτε,
805 2809 971 2878 μηδὲν
994 2809 1183 2879 ἕτερον
1230 2809 1418 2876 ἔλεγεν
1467 2810 1698 2864 συνιδεῖν
1731 2811 1762 2882 ἦ
1793 2812 1887 2880 μὲ-

315 2895 460 2961 λιτος
512 2897 638 2968 χθὲς
669 2896 1102 2965 ἀπογεύσασθαι,
1136 2896 1236 2969 τὴν
1293 2897 1432 2966 ἀρὰν
1491 2899 1722 2969 ἀγνοῶν.
1763 2902 1881 2953 Διο-

323 2987 550 3058 μνύεται
588 2987 680 3044 οὖν
707 2991 734 3041 6
763 2989 936 3042 Σαοὺλ
966 2989 1280 3044 ἀποκτεῖναι
1321 2990 1510 3044 αὐτόν.
1568 2992 1680 3045 Οὖκ
1731 2993 1885 3046 ἀνοί-

319 3097 514 3154 σταται
573 3081 602 3134 6
647 3083 798 3144 παῖς,
853 3081 924 3133 τὰ
965 3081 1062 3134 τοῦ
1119 3082 1286 3151 ὅρκου
1349 3081 1526 3152 βιάζει
1591 3084 1884 3154 προϐῆναι.

329 3150 490 3222 Ἀλλὰ
543 3169 603 3222 τὸ
657 3169 864 3240 πλῆθος
918 3170 1098 3238 ἀλγεῖ,
1155 3150 1253 3225 καὶ
1315 3150 1407 3226 τον
1449 3150 1706 3227 Ἶωνάθαν
1740 3150 1886 3241 ἐξαιο
1914 3197 1958 3256 C

326 3265 411 3330 ρεί
465 3260 565 3330 τῆς
624 3263 807 3333 χειρὸς
872 3263 1068 3327 Σαοὺλ,
1122 3263 1218 3316 καὶ
1295 3262 1532 3316 ἱκετεύει
1575 3263 1665 3316 τὸν
1726 3265 1879 3330 Θεὸν,

323 3350 464 3404 ῑλεον
533 3353 623 3407 ἐπὶ
679 3353 857 3426 τούτῳ
923 3355 1092 3410 ποιεῖ.
1153 3355 1446 3429 Καὶ-περὶ
1516 3353 1615 3424 μὲν
1680 3354 1886 3409 τούτων

321 3442 514 3508 οὕτως.

1970 613 2120 660 esset
2150 605 2352 660 exitus.
2380 606 2478 661 Illo
2501 622 2683 677 regem
2708 607 2773 660 ad
2808 606 3006 661 bellum
3033 604 3329 664 excitante,
3363 601 3545 668 cepias

1970 696 2170 752 Saulus
2195 687 2482 752 adversum
2509 698 2821 772 Palaestinos
2854 699 3076 762 educit;
3112 708 3346 762 cumque
3375 693 3545 746 victo-

1971 789 2050 842 ria
2109 789 2315 858 potitus
2377 797 2562 852 esset,
2631 787 2957 842 insolentior
3009 788 3186 840 factus
3229 781 3546 851 huiusmodi

1973 881 2210 950 quadam
2271 881 2655 934 exsecratione
2707 880 2809 934 sibi
2853 878 3110 932 Hebraeos
3137 874 3466 936 devincit“,
3501 873 3544 926 si

1971 972 2095 1040 quis
2138 972 2388 1027 hostibus
2442 986 2670 1042 parcens
2704 970 2887 1025 cibum
2945 978 3208 1029 sumeret.
3247 983 3347 1020 nec
3377 966 3431 1018 in
3466 963 3545 1017 eis

1974 1063 2294 1118 occidendis
2347 1063 2534 1125 tandiu
2567 1069 2942 1132 perseveraret
2971 1061 3096 1114 dum
3138 1075 3241 1112 nos
3281 1069 3546 1125 superveu

1973 1155 2132 1210 niens
2162 1155 2405 1209 caedendi
2457 1156 2618 1210 finem
2649 1155 2877 1216 faceret,
2923 1154 2971 1206 is
3002 1163 3060 1206 ut
3089 1149 3438 1204 exsecrabilis
3467 1146 3549 1215 fo-

1973 1256 2058 1303 ret
2107 1263 2171 1304 ac
2221 1249 2357 1304 diris
2391 1249 2775 1305 devoveretur.
2811 1249 2934 1303 [huc
2984 1248 3182 1304 Saulus
3223 1261 3342 1298 cum
3374 1244 3549 1312 prolo-

1975 1349 2136 1394 cutus
2193 1338 2423 1403 fuisset,
2490 1341 2628 1394 forte
2675 1339 2874 1411 accidit
2935 1349 2993 1394 ut
3040 1337 3304 1392 militibus
3357 1337 3546 1389 silvam

1973 1430 2264 1499 quamdam
2324 1430 2622 1502 ingressis,
2680 1449 2801 1498 qua:
2864 1431 3062 1486 referta
3117 1437 3263 1485 esset
3318 1431 3548 1497 aribus,

1975 1520 2122 1575 Sauli
2157 1520 2302 1575 filius
2331 1523 2720 1576 exsecratione
2757 1533 2982 1593 paterna
3015 1538 3125 1576 non
3155 1523 3336 1576 audita
3369 1523 3548 1574 favum

1977 1609 2156 1664 mellis
2179 1611 2429 1666 avulsum
2480 1612 2812 1666 comedet-et.
2857 1611 3104 1680 Cumque
3135 1611 3394 1678 deinceps
3438 1624 3552 1661 rem

1978 1702 2056 1756 uti
2093 1711 2244 1773 gesta
2274 1702 2469 1757 fuisset
2495 1703 2860 1758 intellexisset
2885 1745 2899 1766 ,
2943 1704 3082 1757 male
3114 1703 3314 1756 factum
3343 1717 3370 1754 a
3399 1708 3555 1769 patre

1979 1793 2218 1856 dicebat,
2253 1794 2345 1865 qui
2387 1794 2490 1850 hac
2537 1794 2832 1850 devotione
2873 1795 3080 1849 milites
3114 1793 3496 1848 obstrinxisset
3539 1811 3553 1845 :

1979 1887 2060 1941 sic
2089 1887 2236 1942 enim
2281 1895 2658 1956 comparatum
2695 1903 2816 1942 esse
2865 1897 2927 1942 ut
2973 1887 3157 1940 animo
3211 1887 3336 1953 quis
3371 1882 3556 1936 fortis-

1979 1981 2120 2035 simo
2151 1981 2370 2034 invadat
2390 1977 2792 2042 adversarium,
2829 1977 2921 2031 ubi
2949 1977 3130 2031 cibum
3163 1985 3358 2028 nactus
3380 1981 3557 2026 semet

1980 2073 2383 2142 aliquantulum
2417 2071 2703 2126 recrearit.
2737 2069 2935 2124 Saulus
2966 2069 3189 2122 victoria
3225 2065 3384 2136 174
3413 2064 3557 2133 poti-

1982 2173 2072 2218 tus
2095 2203 2112 2228 ,
2149 2179 2272 2219 cum
2294 2179 2408 2218 rem
2435 2178 2644 2224 sacram
2677 2162 2787 2216 Deo
2810 2159 3051 2224 fecisset,
3089 2155 3285 2212 iterum
3314 2156 3556 2226 pontifici

1982 2256 2206 2310 mandat
2234 2265 2292 2310 ut
2317 2255 2486 2310 Deum
2519 2239 2864 2319 consuleret,
2891 2267 3021 2306 num
3053 2249 3286 2304 feliciter
3317 2248 3555 2302 hosﬁum

1983 2357 2164 2403 castra
2195 2348 2443 2402 invasuri
2482 2357 2671 2402 essent
2707 2355 2762 2400 et
2799 2346 3008 2400 cladem
3049 2347 3130 2398 eis
3175 2341 3397 2396 illaturi.
3448 2339 3558 2390 Re-

1983 2440 2286 2510 spondente
2319 2439 2576 2510 pontiﬁce
2597 2439 2842 2494 divimtm
2870 2438 3153 2492 oraculum
3179 2435 3358 2495 silere,
3389 2452 3408 2483 ι
3441 2431 3560 2484 Νιιιι

1985 2535 2111 2598 hoc,
2137 2533 2214 2586 ait
2247 2531 2464 2596 Saulus,
2492 2533 2699 2599 absque
2727 2540 2877 2586 certa
2905 2543 3067 2584 causa
3105 2527 3182 2590 fit,
3217 2529 3309 2580 sed
3336 2540 3559 2578 necesse

1983 2626 2068 2672 est
2123 2617 2342 2684 aliquod
2402 2617 2674 2671 occultum
2749 2631 2871 2670 esse
2939 2615 3194 2668 delictum
3259 2621 3558 2673 nostrum,

1985 2707 2142 2778 cujus
2169 2709 2342 2776 gratia
2368 2707 2527 2762 nobis
2561 2707 2704 2760 Deus
2748 2707 2892 2761 haud
2924 2705 3272 2774 respondeat.
3299 2684 3561 2772 Equidetit

1987 2809 2333 2855 sacramento
2361 2800 2626 2853 confirmo
2659 2814 2744 2852 me
2779 2837 2794 2860 ,
2842 2799 2888 2850 si
2947 2797 3027 2850 vel
3085 2795 3362 2850 Jonathau
3419 2795 3562 2848 filius

1988 2907 2144 2947 tuens
2180 2891 2592 2974 bujus‘peccati
2635 2891 2706 2946 sit
2735 2901 2948 2969 auctor,
2983 2889 3210 2943 omnino
3239 2903 3360 2941 etim
3396 2887 3565 2940 inter-

1988 2983 2284 3050 fecturum,
2337 2995 2500 3054 atque
2557 2985 2655 3038 hac
2686 2984 2898 3038 ratione
2935 2982 3104 3038 Deum
3133 2981 3496 3051 placatorum.
3536 2998 3552 3028 ι

1989 3075 2103 3132 ἱλίοο
2152 3076 2312 3137 modo
2347 3074 2546 3130 factum
2582 3083 2640 3130 ut
2707 3089 2826 3128 sors
2873 3071 3034 3128 ducta
3093 3073 3146 3125 in
3187 3070 3556 3124 Jonatbaut-m

1993 3166 2261 3231 caderet;
2323 3181 2559 3234 cumque
2605 3164 2774 3218 filium
2816 3175 2971 3235 pater
3029 3163 3396 3231 ittlet‘t‘Ogarct
3438 3159 3570 3230 quid

1992 3258 2262 3314 facinoris
2288 3257 2632 3328 designasset
2655 3273 2832 3327 quave
2865 3273 2922 3310 re
2955 3257 3010 3311 in
3031 3257 3199 3310 Deum
3231 3253 3569 3324 deliquisset,

1993 3351 2203 3407 nullius
2239 3351 2331 3404 ille
2372 3366 2432 3405 se
2489 3351 2768 3404 conscium
2811 3350 2912 3404 sibi
2949 3365 3067 3403 esse
3103 3348 3227 3402 facti
3275 3344 3570 3415 respondet

1997 3461 2160 3513 quam
2204 3445 2348 3514 quod
2387 3445 2645 3497 hesterno
2672 3443 2759 3496 die
2795 3443 2900 3496 mel
2933 3443 3300 3512 degustasset,
3349 3439 3572 3506 ignarus

325 3539 440 3609 ejus
464 3536 862 3596 exsecraiionis
930 3557 1034 3612 qua
1089 3541 1356 3614 populum
1417 3551 1573 3612 pater
1641 3541 2045 3596 obstrinxisset.
2119 3541 2234 3594 lloc
2278 3540 2466 3594 audito
2497 3539 2694 3594 Saulus
2725 3555 2848 3593 cum
2892 3555 2949 3592 se
3006 3550 3324 3592 necaturum
3381 3537 3568 3603 jurat,

328 3649 559 3705 cumque
613 3635 750 3689 nihil
817 3637 1143 3691 adversante
1195 3637 1307 3692 filio
1357 3651 1576 3706 prorsus
1649 3635 1964 3706 juramento
2005 3623 2386 3688 satisfacimus
2440 3639 2620 3694 esset,
2657 3633 2914 3685 misertus
2966 3629 3291 3685 Jonathanis
3341 3629 3570 3698 populus

325 3742 446 3782 eum
487 3729 554 3782 de
581 3726 727 3782 Sauli
795 3743 957 3782 tnanu
1031 3729 1225 3784 liberat
1283 3728 1565 3796 Deumque
1606 3723 1966 3796 supplicando
2006 3724 2200 3794 placat.
2263 3720 2330 3776 Et
2377 3721 2488 3776 han:
2527 3721 2745 3791 quidem
2804 3721 2857 3774 in
2913 3721 3060 3774 hunc
3098 3721 3310 3773 modum
3354 3731 3571 3773 narrata

329 3829 510 3876 ευηιο.

399 3915 586 3966 Είπεῖν
636 3913 694 3966 δέ
731 3915 822 3966 τὸν
871 3911 1006 3966 Θεὸν
1037 3911 1225 3980 ἔλεγεν
1254 3912 1282 3966 6
1336 3911 1588 3982 Σαμουὴλ
1641 3910 1716 3974 ὼς
1771 3911 1896 3964 ἐπεὶ

329 4003 499 4056 πολλά
546 4007 692 4064 κακὰ
719 4006 848 4067 τοὺς
901 4004 1192 4074 Ἐϐραίους
1227 4005 1276 4056 oi
1327 4004 1690 4072 Ἀμαληκῖται
1753 4001 1898 4054 κατά

327 4116 392 4167 γε
413 4099 512 4171 τὴν
538 4097 744 4170 ἔρημον
781 4095 1068 4169 διέθηκαν,
1111 4095 1276 4170 ἡνίκα
1316 4095 1416 4164 τῆς
1444 4095 1722 4160 Αἰγύπτου
1779 4091 1898 4155 ἐξει-

331 4189 643 4261 πορεύοντο,
679 4190 925 4244 κελεύειν
965 4191 1193 4261 πολέμῳ
1229 4185 1658 4262 τιμωρήσασθαι
1698 4183 1896 4246 αὐτοὺς

329 4280 418 4334 τὸν
445 4281 616 4336 Σαοὺλ
656 4282 752 4336 καὶ
779 4282 1007 4352 μηδενὸς
1033 4281 1214 4336 αὐτῶν
1245 4281 1569 4350 φείσασθαι.
1613 4279 1762 4348 Νικᾷ
1784 4273 1898 4330 τοί-

335 4389 426 4424 νυν
463 4373 662 4436 αὐτοϋς
694 4375 842 4426 κατᾶι
869 4373 1092 4442 κράτος,
1147 4373 1420 4443 λαμϐάνει
1474 4372 1531 4426 δὲ
1589 4373 1680 4424 τὸν
1712 4369 1893 4424 αὐτῶν

335 4463 554 4529 βασιλέα
597 4463 769 4532 Ἀγάγ
799 4463 1170 4532 αἰχμάλωτον,
1220 4460 1283 4518 οὗ
1337 4463 1627 4534 θαυμάσας
1665 4463 1724 4515 τὸ
1764 4462 1900 4516 κάλ-

331 4553 419 4618 ὶος
483 4557 579 4608 καὶ
625 4555 684 4609 τὸ
750 4555 980 4626 μέγεθος
1032 4555 1128 4609 τοῦ
1183 4555 1460 4626 σώματος,
1503 4547 1578 4618 ὡς
1635 4554 1900 4625 Ἰώσηπός

239 4645 246 4654 ’
333 4662 484 4715 φησι,
517 4645 788 4715 σωτηρίας
819 4645 970 4709 ἀξιον
1005 4645 1214 4715 ἔκρινε.
1247 4645 1356 4697 Καὶ
1387 4643 1580 4706 Θυσίας
1633 4643 1740 4696 ἀπὸ
1792 4643 1900 4694 τῶν

333 4735 590 4806 λαφύρων
623 4738 850 4791 ἐκείνων
907 4738 1178 4806 ἀνήνεγκε
1231 4736 1308 4806 τῷ
1355 4733 1494 4804 Θεῷ.
1535 4733 1652 4801 Ἐφ’
1713 4727 1756 4802 ᾧ
1805 4737 1900 4789 καὶ

335 4828 468 4896 πρὸς
523 4827 616 4881 τὸν
660 4827 916 4898 Σαμουὴλ
955 4826 1058 4898 ἐφη
1091 4829 1120 4879 6
1151 4829 1318 4889 Θεόςο
1361 4844 1380 4878 ι
1417 4822 1902 4894 Μεταμεμὲλημαι

336 4919 416 4972 ὅτι
441 4919 636 4990 ἐχρισα
665 4919 755 4972 τὸν
783 4918 955 4972 Σαοὺλ
983 4921 1063 4983 είς
1093 4917 1347 4987 βασιλέα,
1379 4915 1535 4984 κάγὼ
1565 4915 1906 4982 ἐξουδὲνωκα

340 5010 503 5062 αὐτὴν
533 5009 624 5062 τοῦ
665 5009 738 5080 μὴ
770 5009 1082 5078 βασιλεύειν
1129 5012 1187 5062 ἐν
1249 5007 1490 5078 Ἰσραήλ.
1532 5025 1550 5058 ι
1615 5006 1779 5061 Ὅθεν
1814 5001 1940 5060 καὶ⁸

341 5101 474 5169 πρὸς
493 5101 586 5153 τὸν
620 5103 793 5155 Σαοὺλ
821 5101 998 5166 οὕτως
1027 5101 1214 5172 ἔλεγεν
1245 5102 1274 5154 6
1300 5099 1579 5169 Σαμουὴλ,
1611 5099 1775 5169 ἡνίκα
1819 5099 1910 5150 τὸν

351 5190 522 5259 ’Δγὰγ
579 5193 916 5262 ἐζωογόνησε
975 5193 1086 5244 τῶν
1183 5189 1570 5260 Ἀμαληκιτῶν
1658 5187 1908 5257 βασιλέα,

346 5299 366 5332 ι
399 5282 805 5352 Μεματαίωσαι
840 5275 945 5344 ab,’
981 5283 1064 5335 ὅτι
1120 5281 1219 5334 οὐκ
1241 5278 1516 5349 ἐφύλαξας
1561 5279 1661 5350 τὴν
1687 5281 1910 5349 ἐντολὴν

340 5375 406 5442 ἣν
443 5375 750 5428 ἐνετείλατό
780 5391 862 5427 σοι
895 5375 924 5427 6
949 5375 1179 5445 Κύριος.
1215 5374 1380 5426 Ὅθεν
1411 5375 1504 5426 καὶ
1531 5373 1592 5426 οὗ
1649 5374 1911 5443 στήσεταί

343 5479 424 5517 σοι
445 5465 480 5534 ἡ
521 5465 786 5534 βασιλεία,
813 5469 907 5519 καὶ
937 5465 1162 5533 ζητήσει
1193 5463 1401 5532 Κύριος
1457 5465 1745 5535 ἄνθρωπον
1770 5465 1911 5519 κατά

345 5555 572 5624 καρδίαν
599 5557 764 5611 αὐτοῦ
807 5557 889 5620 είς
914 5557 1150 5628 ἄρχοντα
1182 5556 1278 5608 ἐπὶ
1323 5557 1416 5610 τὸν
1465 5557 1595 5608 λαὸν
1651 5555 1841 5611 αὐτοῦ.
1887 5574 1906 5609 ι

348 5646 488 5718 Πρὸς
514 5649 724 5714 τούτοις
743 5649 809 5704 δὲ
838 5653 932 5704 καὶ
955 5651 1091 5705 τάὸεο
1116 5649 1254 5720 πρὸς
1285 5649 1447 5704 αὑτὸν
1483 5649 1692 5717 ἔλεγεν,
1746 5649 1914 5720 ἡνίκα

415 5805 464 5838 ⁸³
505 5807 523 5861 1
554 5807 688 5880 Reg.
719 5825 829 5876 xw,
852 5810 944 5868 24.
1023 5809 1116 5864 "l
1150 5807 1283 5878 Reg.
1321 5823 1407 5876 xv,
1445 5809 1530 5862 11.

2066 3913 2203 3961 hum
2238 3914 2420 3959 autem
2457 3903 2657 3958 Saulus
2679 3903 3002 3974 prmcepisse
3037 3903 3140 3956 sibi
3177 3905 3340 3956 l‘emn
3367 3902 3575 3958 diceret

1995 4006 2054 4052 ut
2087 3996 2306 4067 quando
2335 3997 2650 4052 Amalecita:
2689 3996 2742 4050 in
2769 3997 2991 4052 deserto
3045 3996 3328 4050 lsraelicos
3371 3998 3570 4051 misere

1998 4099 2326 4146 tractassem
2357 4129 2373 4153 ,
2429 4105 2496 4144 ex
2564 4087 2794 4162 Aigypto
2826 4090 2876 4143 id
2918 4099 3079 4158 temp!
3107 4090 3180 4142 ris
3233 4069 3528 4161 migrantes
3557 4130 3572 4150 ,

1997 4181 2112 4252 ipse
2162 4181 2306 4236 bello
2357 4181 2658 4236 sceleratos
2694 4181 2946 4236 homines
2985 4182 3206 4252 puniret
3231 4199 3292 4236 ac
3349 4185 3576 4237 omnino

2007 4289 2196 4329 eorum
2231 4274 2440 4329 nemini
2476 4285 2743 4346 parceret,
2771 4276 3154 4346 obtemperans
3198 4278 3456 4332 mandato
3491 4277 3543 4334 di
3565 4307 3608 4320 -~

2009 4370 2138 4426 vino
2167 4367 2339 4427 vincit
2369 4385 2464 4427 eos
2509 4369 2646 4436 acie,
2691 4385 2983 4442 regemque
3019 4371 3258 4442 Agagum
3305 4373 3577 4438 captitum

2006 4461 2246 4518 abducit.
2285 4461 2482 4518 Verum
2509 4463 2968 4534 pulchritudinem
2997 4462 3116 4530 eius
3160 4482 3171 4530 ι
3197 4464 3577 4516 roceritatcm-

2007 4569 2115 4624 que
2141 4556 2388 4623 corporis
2426 4555 2762 4620 admiratus,
2806 4553 3265 4623 quemadmodum
3326 4563 3376 4608 et
3421 4553 3579 4608 Jose-

2009 4646 2148 4714 phus
2177 4645 2456 4700 memoriae
2487 4645 2748 4715 prodidit,
2783 4645 3063 4698 hominem
3114 4642 3338 4714 dignum
3370 4645 3582 4712 judicat

2003 4737 2164 4808 cujus
2221 4738 2385 4794 saluti
2429 4739 2666 4806 vitaeque
2715 4745 2988 4808 parcatur.
3035 4736 3206 4789 Simul
3262 4736 3329 4790 de
3391 4736 3580 4804 spoliis

2004 4827 2434 4882 Amalecitarum
2469 4827 2582 4882 Deo
2609 4827 2860 4882 victimas
2891 4827 3070 4880 offert.
3101 4825 3235 4878 Tum
3279 4839 3405 4880 vero
3439 4826 3583 4882 Deus

2005 4919 2094 4974 his
2131 4921 2319 4976 verbis
2355 4919 2674 4974 Samuelum
2727 4916 3058 4986 compellare
3091 4933 3104 4969 :
3155 4936 3172 4968 ι
3211 4915 3447 4997 [ξωιιίιρῐ
3499 4935 3584 4970 me

2008 5013 2160 5067 Sauli
2195 5013 2340 5084 regis
2375 5011 2744 5066 lsraelitarum
2780 5012 2947 5066 creati
2987 5029 3000 5066 :
3038 5022 3374 5080 quapropter
3405 5011 3582 5065 homi-

2009 5119 2136 5158 nem
2174 5103 2457 5174 indignum
2489 5119 2610 5158 esse
2658 5104 2824 5156 statui
2860 5102 2948 5170 qui
2987 5117 3110 5156 cum
3144 5101 3379 5170 imperio
3409 5102 3586 5156 Israe-

2009 5193 2120 5250 litis
2164 5196 2349 5264 praesit
2387 5195 2455 5248 ⁸⁵.
2500 5213 2518 5246 ι
2568 5195 2643 5248 Ea
2697 5194 2764 5248 de
2803 5209 2967 5246 causa
3027 5193 3268 5246 vicissim
3301 5193 3588 5247 Samuclus

2016 5285 2089 5339 ita
2127 5285 2348 5340 Saulum
2379 5285 2578 5355 alloqui
2605 5301 2621 5338 :
2659 5303 2675 5335 ι
2711 5282 3163 5353 Quandoquidem
3194 5283 3431 5360 Agagum
3461 5296 3562 5334 con

2017 5377 2271 5443 servasti,
2308 5377 2520 5446 gessisti
2561 5385 2614 5430 te
2653 5377 2962 5441 dementer,
2998 5391 3102 5428 non
3139 5373 3444 5442 praestando
3472 5367 3590 5424 edi-

2017 5478 2106 5522 cto
2160 5484 2267 5538 quo
2328 5478 2379 5522 te
2441 5468 2702 5522 Dominus
2741 5465 3057 5520 obstrinxit.
3112 5464 3316 5516 idcirco
3362 5477 3584 5530 regnum

2017 5571 2188 5628 penes
2221 5567 2272 5612 te
2303 5573 2410 5610 non
2455 5557 2719 5621 manebit,
2767 5557 2862 5611 scd
2902 5555 3173 5610 hominem
3215 5553 3413 5619 deliget
3451 5553 3590 5602 υςυε

2017 5650 2202 5706 animo
2246 5664 2344 5704 suo
2388 5657 2624 5720 gratum,
2664 5648 2754 5718 qui
2793 5648 2994 5719 populo
3029 5659 3126 5699 suo
3167 5659 3288 5698 cum
3324 5648 3590 5711 potestate
