4054 6452
448 349 553 416 33ὃ

1731 362 2152 424 MICHAELIS
2190 363 2449 426 GLYCIE

3582 369 3682 432 336

447 473 653 541 praesit.
696 493 714 526 ι
746 473 911 529 Addit
941 483 996 531 et
1025 477 1128 531 alia
1180 479 1365 544 verba,
1398 495 1522 534 cum
1569 478 1767 536 Saulus
1809 482 1995 536 sacriﬁ-

2119 483 2218 555 τὴν
2244 483 2435 538 θυσίαν
2463 484 2681 555 ἔφερεν,
2721 505 2739 538 ι
2781 487 2856 542 Οὐ
2879 486 3023 542 θέλει
3058 487 3260 558 Κύριος
3294 489 3682 552 ὁλοκαυτώσεις

448 568 592 619 cium
630 583 789 620 suum
817 570 1040 624 offerre:
1067 589 1078 623 :
1107 589 1124 621 ι
1163 573 1274 625 Deo
1305 588 1414 624 non
1461 581 1564 625 tam
1590 573 1805 642 placent
1831 575 2016 629 hostia:

446 673 510 709 ac
537 659 804 713 sacriﬁcia
855 677 1013 728 quam
1053 663 1095 715 si
1122 665 1244 728 quis
1279 664 1398 731 ejus
1428 666 1682 720 mandato
1712 666 1781 721 sit
1807 667 2018 721 obtem-

445 763 666 814 perans.
706 753 870 805 Certe
916 753 1181 806 Dominus
1224 756 1444 823 abrupit
1468 772 1495 807 a
1527 767 1578 809 te
1608 757 1764 810 hodie
1788 772 2012 827 regnum

448 839 814 896 lsraelitarnm
843 882 858 903 ,
918 843 1084 914 idque
1137 846 1293 900 alteri
1332 856 1382 901 te
1419 847 1631 901 meliori
1662 848 1837 902 tradet
1869 848 1936 904 ⁸⁸.
1989 866 2009 900 ι

449 929 585 986 llinc
616 935 783 987 etiam
818 935 1021 988 factum
1054 945 1112 990 ut
1145 953 1271 991 cum
1302 953 1634 1008 magnopere
1668 937 1816 993 Sauli
1851 954 2015 993 causa

444 1034 597 1074 vates
628 1025 717 1076 hic
753 1026 1018 1079 sollicitus
1051 1039 1215 1090 esset,
1256 1027 1519 1082 Dominus
1544 1029 1747 1082 diceret
1791 1045 1805 1082 :
1848 1048 1866 1080 ι
1916 1027 2014 1082 De-

443 1113 563 1198 sine
605 1117 791 1186 lugere
821 1117 1075 1183 Saulum,
1105 1132 1441 1190 acceptoque
1472 1121 1594 1174 oleo
1643 1136 1801 1174 sacro
1853 1119 2014 1176 Beth-

442 1204 710 1258 lehemam
752 1207 1104 1264 adJeSsaeum
1139 1212 1508 1280 proficiscere,
1540 1212 1714 1280 deque
1744 1211 1866 1266 ﬁliis
1895 1213 2014 1280 ejus

389 1289 395 1304 ’
442 1308 610 1348 unum
659 1298 817 1368 175
874 1301 928 1352 in
979 1317 1205 1371 regnum
1257 1303 1446 1372 ungito
1490 1301 1557 1356 ⁸⁷.
1616 1324 1633 1354 ι
1669 1304 2014 1372 Quapropter

439 1399 506 1437 eo
538 1383 824 1440 Samuelus
856 1404 916 1442 se
962 1390 1214 1455 confert;
1250 1392 1613 1460 omnibusque
1639 1393 1852 1446 caetcr’s
1895 1392 2016 1446 Jes-

441 1476 532 1527 s:ei
573 1475 694 1528 ﬁliis
727 1479 945 1545 rejectis
968 1520 982 1542 ,
1023 1490 1078 1533 ut
1107 1480 1157 1532 in
1184 1480 1380 1547 quibus
1410 1482 1588 1535 oleum
1640 1497 1852 1535 sacrum
1903 1496 2010 1535 non

440 1578 742 1633 emanaret,
781 1572 999 1624 tandem
1035 1583 1163 1626 natu
1200 1572 1457 1625 minimus
1491 1572 1733 1625 onmium
1779 1572 2013 1626 Davides

443 1661 680 1728 ungitur.
715 1662 788 1715 Ea
821 1663 888 1716 de
937 1679 1100 1718 causa
1151 1665 1409 1734 deinceps
1457 1665 1547 1718 ille
1575 1664 1840 1734 Spiritum
1869 1666 2011 1734 apud

439 1766 498 1803 se
526 1764 773 1805 sanctum
809 1754 1063 1817 habebat,
1101 1771 1225 1809 cum
1273 1772 1304 1810 e
1342 1756 1560 1809 diverso
1592 1755 1764 1810 malus
1785 1757 2012 1826 Spiritus

2123 577 2218 627 καὶ
2249 576 2443 640 θυσίας
2475 577 2552 639 ὡς
2585 578 2645 630 τὸ
2675 578 2906 632 ἀκοῦσαι
2939 579 3040 648 τῆς
3069 579 3256 648 φωνῆς
3309 579 3502 642 αὐτοῦ,
3537 597 3554 630 ι
3591 579 3682 634 καὶ

2117 664 2273 729 αὖθις
2299 683 2346 718 οι
2383 667 2644 739 Διέρρηεε
2679 669 2880 739 Κύριος
2915 669 3013 739 τὴν
3048 668 3326 736 βασιλείαν
3379 669 3594 738 Ἰσραὴλ
3623 670 3684 722 lx

2116 757 2301 826 χειρός
2334 775 2428 810 σου
2468 760 2736 828 σήμερον,
2768 761 2864 812 καὶ
2893 761 3053 813 δώσει
3103 762 3274 830 αὐτὴν
3323 759 3400 828 τῷ
3455 760 3683 828 πλησίον

2118 863 2212 900 σου
2265 848 2344 918 τῷ
2393 848 2587 918 ἀγαθῷ
2640 851 2777 921 ὑπὲρ
2837 852 2919 906 σέ.
2972 871 2992 903 ι
3033 852 3204 905 Ὅθεν
3251 851 3345 904 τοῦ
3398 853 3681 919 προφήτου

2117 935 2291 988 πολλὰ
2351 936 2733 1006 φροντίζοντος
2783 939 2912 1009 περὶ
2959 938 3054 991 τοῦ
3087 939 3280 1004 Σαοὺλ,
3328 956 3346 990 ι
3401 937 3629 1002 Παῦσαι,
3659 955 3678 987 ι

2115 1027 2253 1096 πρὸς
2285 1029 2446 1081 αὐτὸν
2476 1028 2580 1098 ἔφη
2612 1031 2638 1082 6
2670 1029 2823 1093 Θεὸς,
2847 1049 2866 1082 ι
2897 1031 2994 1083 καὶ
3025 1031 3205 1083 λαϐὼν
3233 1030 3293 1081 τὸ
3325 1030 3482 1098 ἅγιον
3501 1029 3682 1082 ἔλαιον

2115 1122 2195 1182 εἰς
2229 1119 2477 1187 Βηθλεὲμ
2511 1120 2714 1175 ἄπελθε
2764 1122 2900 1197 πρδς
2938 1122 3160 1183 Ἰεσσαὶ,
3222 1123 3315 1174 καὶ
3362 1121 3550 1191 χρίσαι
3599 1121 3682 1183 εἰς

2116 1209 2346 1283 βασιλέα
2404 1212 2500 1266 ἕνα
2522 1213 2632 1268 τῶν
2676 1215 2808 1268 υἱῶν
2851 1213 3042 1276 αὐτοῦ.
3074 1233 3093 1267 ι
3130 1216 3395 1284 Ἔρχεται
3428 1211 3540 1276 οὖν,
3585 1213 3686 1265 καὶ

2113 1307 2334 1359 πάντων
2359 1305 2536 1360 ἄλλων
2569 1308 3125 1377 ἀποῶκιμασθέντων
3158 1309 3266 1363 τῶν
3298 1308 3431 1362 υἱῶν
3478 1306 3685 1360 Ἰεσσαὶ

2115 1395 2261 1466 (οὐδὲ
2301 1396 2410 1466 γὰρ
2436 1398 2516 1460 είς
2538 1397 2736 1461 αὐτοὺς
2762 1399 2822 1452 τδ
2847 1397 3002 1465 ἅγιον
3047 1397 3272 1450 ἔϐλυσεν
3296 1397 3494 1467 ἔλαιον)
3531 1397 3684 1466 χρίε-

2112 1505 2204 1540 ται
2235 1488 2263 1539 ό
2296 1490 2515 1540 πάντων
2555 1488 2785 1551 ὕστατος
2839 1489 3019 1544 Δαϐίδ.
3077 1489 3193 1554 Ἐφ’
3223 1484 3266 1556 ᾧ
3310 1488 3406 1542 καὶ
3457 1487 3685 1555 Πνεῦμα

2114 1579 2270 1644 ἅγιον
2295 1580 2482 1632 ἔκτοτε
2511 1574 2579 1651 ἦν
2607 1581 2662 1632 ὲν
2697 1579 2868 1650 αὐτῷ,
2903 1582 2995 1633 τὸν
3041 1580 3098 1634 δὲ
3130 1579 3304 1633 Σαοὺλ
3338 1578 3555 1644 πνεῦμα
3588 1595 3689 1629 πο-
3748 1639 3750 1642 ι

2114 1669 2280 1740 νηρὺν
2323 1672 2645 1742 ἐπέρχεται.
2707 1673 3046 1741 Πνιγομένου
3087 1672 3265 1724 τοίνυν
3304 1671 3471 1723 αὑτοῦ
3499 1670 3688 1736 ἔλεγον

2112 1763 2160 1814 οἱ
2207 1763 2404 1831 ἰατροὶ,
2447 1762 2594 1816 καθά
2623 1780 2790 1832 φησιν
2831 1761 3118 1833 Ἰώσηπος,
3155 1763 3237 1816 ὄτι
3270 1763 3345 1832 μὴ
3382 1761 3558 1824 ἄλλως
3619 1761 3688 1812 τὸ

436 1842 660 1895 Saulum
699 1845 1004 1900 invaderet.
1031 1845 1256 1911 Quoties
1297 1857 1476 1901 autem
1513 1847 1602 1901 ille
1632 1847 1855 1901 Saulum
1889 1863 1995 1902 cor-

2113 1855 2352 1906 τοιοῦτον
2392 1855 2810 1908 καταπαύσεται
2835 1854 3029 1919 πάθος,
3062 1855 3110 1907 si
3171 1855 3247 1924 μή
3301 1868 3386 1916 τις
3426 1849 3536 1906 οἵδε
3592 1852 3687 1906 διὰ

433 1936 658 2003 riperet,
697 1937 914 1992 aiebant
955 1939 1194 2001 medici,
1246 1941 1706 2008 quemadmodum
1739 1940 1995 2009 Iosephus

2114 1943 2378 2011 κιννύρας
2414 1943 2581 2014 ᾄδειν.
2618 1945 2781 1997 Ὅθεν
2823 1945 2916 1998 καὶ
2945 1944 3202 2014 ζητηθεὶς
3265 1946 3317 1998 εί
3364 1962 3467 1998 που
3506 1943 3685 1996 τοιοῦ-

435 2033 642 2091 narrat,
680 2027 798 2081 ﬁeri
833 2029 993 2084 aliter
1033 2046 1138 2084 non
1174 2048 1334 2101 posse
1361 2043 1422 2086 ut
1453 2032 1653 2086 malum
1687 2033 1828 2087 istud
1873 2048 1995 2087 con-

2111 2032 2204 2090 τός
2229 2035 2313 2097 τίς
2347 2037 2519 2096 ἐστιν,
2551 2035 2743 2104 ἄγεται
2765 2038 2792 2088 6
2813 2036 2996 2089 Δαϐίδ.
3034 2039 3186 2090 Ποιεῖ
3209 2031 3301 2089 οὖν
3333 2036 3492 2089 αὐτὸν
3517 2035 3685 2087 ὁπλο-

431 2121 726 2187 sopiretur,
759 2137 922 2191 quam
957 2123 1189 2192 alicujus
1214 2140 1378 2193 opera
1411 2125 1504 2194 qui
1535 2125 1734 2179 ﬁdibus
1763 2133 1995 2179 caneret.

2115 2127 2301 2195 φόρον,
2339 2127 2434 2178 καὶ
2494 2126 2581 2180 διὰ
2625 2129 2790 2194 τιμῆς
2831 2127 2976 2194 ἄγει.
3033 2129 3142 2181 Καὶ
3175 2130 3202 2180 6
3266 2128 3367 2196 μὲν
3419 2127 3685 2196 Ἰώσηπος

431 2212 620 2280 Itaque
650 2213 788 2268 facta
823 2217 1285 2286 pervestigatione
1329 2219 1518 2286 ecquis
1547 2218 1746 2272 alicubi
1794 2217 1995 2288 peritus

2110 2218 2306 2281 οὕτως.
2347 2217 2422 2271 Τὸ
2450 2218 2505 2270 δὲ
2536 2217 2812 2286 δαιμόνιον
2836 2217 2899 2271 τὸ
2953 2219 3256 2288 συμπνίγον
3302 2219 3392 2271 τὸν
3425 2218 3601 2272 Σαοὺλ
3643 2219 3682 2288 ὴ

429 2303 550 2367 ejus
599 2305 732 2358 artis
756 2316 938 2370 esset,
967 2307 1201 2363 Davides
1245 2310 1554 2374 adducitur,
1604 2325 1766 2379 quem
1806 2309 1995 2363 Saulus

2106 2309 2207 2378 μὲν
2231 2306 2324 2360 τοῦ
2349 2306 2515 2360 Δαϐὶδ
2554 2307 2796 2378 κιννύραν
2819 2307 3119 2372 κατέπαυε,
3154 2309 3293 2378 πλὴν
3321 2309 3396 2371 ὡς
3426 2308 3504 2377 τῷ
3540 2325 3686 2360 παν-

429 2395 760 2460 :arn-.igerum
809 2413 966 2450 suum
1002 2408 1152 2452 creat
1181 2409 1236 2453 et
1286 2400 1558 2454 honorato
1596 2400 1717 2453 loco
1751 2415 1918 2470 penes
1945 2414 1995 2453 se

2114 2397 2253 2468 αγίῳ
2291 2397 2572 2465 Πνεύματι
2625 2400 2925 2468 κινουμένη
2951 2415 2967 2430 ’
2997 2397 3190 2452 τούτου
3227 2400 3336 2469 γὰρ
3386 2398 3682 2470 ὲπᾲδοντος

428 2487 650 2538 retinet.
688 2486 777 2540 Sic
806 2487 1084 2556 Joscphus
1118 2507 1229 2543 rem
1255 2500 1458 2560 gestam
1484 2499 1897 2545 commemorat.
1928 2491 1995 2544 Ac

2106 2491 2286 2542 ἐκεῖνο
2319 2491 2410 2540 καὶ
2442 2485 2577 2542 ἆκον
2610 2489 2876 2560 ἡσύχαζε.

427 2592 619 2631 verum
658 2579 875 2647 quidem
907 2591 987 2636 est
1018 2582 1220 2636 malum
1254 2583 1419 2636 istum
1457 2585 1714 2654 genium,
1743 2584 1834 2651 qui
1901 2583 2126 2636 Saulum
2173 2583 2426 2647 vexabat,
2463 2583 2681 2638 Davidis
2745 2583 2952 2637 cithara
3018 2582 3266 2638 sedatum
3317 2581 3484 2638 "uisse
3515 2599 3530 2636 :
3577 2579 3672 2635 sed

425 2669 499 2724 ita
529 2671 725 2724 factum
761 2673 864 2726 hoc
895 2682 1184 2740 statuatur,
1254 2676 1396 2744 quod
1463 2692 1524 2730 ea
1553 2676 1814 2728 nimirum
1864 2690 1893 2728 a
1935 2675 2144 2745 Spiritu
2212 2688 2404 2732 sancto
2471 2676 2682 2746 pulsata
2712 2676 2898 2731 fuerit.
2931 2675 3028 2730 lllo
3061 2691 3294 2746 namque
3332 2689 3554 2730 carmen
3578 2682 3670 2730 ac‘

420 2767 640 2820 clnenle
671 2767 843 2818 malus
866 2765 1057 2834 genius
1082 2767 1161 2818 vel
1195 2765 1364 2820 invite
1399 2767 1843 2834 conquiescebat.

495 2859 802 2914 Secundum
839 2861 953 2914 haec
982 2860 1257 2914 Palaestini
1292 2862 1695 2930 expeditionem
1726 2863 1993 2916 adversus

2177 2862 2334 2916 Μετὰ
2382 2858 2439 2914 δὲ
2499 2859 2673 2915 ταῦτα
2720 2862 2863 2916 κατὰ
2923 2859 3197 2916 Ἰουδαίων
3245 2860 3675 2931 ἐκστρατεύουσι

419 2948 634 3003 Judmos
659 2951 990 3020 suscipiunt,
1013 2951 1188 3020 deque
1212 2953 1406 3006 castris
1432 2953 1648 3007 illorum
1668 2952 1751 3006 vir
1773 2952 1991 3021 quidam

2103 2948 2474 3002 Παλαιστινοί.
2534 2947 2658 3016 Ἀφ’
2700 2945 2775 3004 ὧν
2831 2953 3075 3014 καταϐὰς
3133 2951 3275 3021 ἀνήρ
3313 2968 3394 3014 τις
3452 2949 3665 3003 Γωλιὰθ

425 3043 607 3107 pindit
648 3046 872 3098 nomine
920 3043 1244 3108 Goliathus,
1297 3045 1536 3115 ingentis
1602 3045 1994 3115 magnitudinis

2101 3036 2340 3107 τοῦνομα
2387 3037 2752 3108 παμμεγέθης
2805 3033 2894 3110 (ἦν
2932 3037 3042 3109 γὰρ
3109 3039 3329 3108 πήχεων
3387 3040 3673 3109 τεσσάρων

421 3138 560 3203 (erat
600 3137 741 3188 enim
798 3151 892 3189 sex
937 3137 1243 3189 cubitorum
1278 3146 1332 3190 et
1359 3138 1518 3190 unius
1551 3137 1877 3206 spitbamae),
1904 3138 1989 3190 in-

2099 3129 2190 3180 ml
2224 3128 2555 3198 σπιθαμῆς),
2579 3130 2929 3198 ἐνδεδυμένος
2951 3130 3174 3200 θώρακα
3206 3129 3446 3198 σταθμὸν
3466 3131 3671 3198 ἄγοντα

417 3228 581 3280 ditius
615 3243 810 3282 .rream
839 3229 1060 3282 loricam
1090 3229 1333 3297 quinque
1367 3229 1534 3282 millia
1565 3229 1825 3282 siclorum
1860 3243 1993 3296 pen-

2099 3220 2260 3272 πέντε
2300 3220 2548 3289 χιλιάδας
2603 3221 2803 3274 σίκλων
2838 3223 2933 3274 καὶ
2981 3225 3048 3274 τὰ
3087 3222 3252 3276 λοιπὰ
3305 3222 3447 3275 ὅπλα
3477 3222 3673 3274 ἀναλό-

416 3323 661 3387 dentem,
683 3321 840 3390 cujus
865 3321 1220 3389 magnitudini
1250 3331 1303 3374 ct
1334 3320 1559 3389 ponderi
1589 3336 1738 3374 arma
1773 3334 1993 3389 quoque

2099 3328 2226 3378 γως,
2266 3313 2451 3381 φωνὴν
2508 3315 2753 3384 μεγάλην
2795 3314 2991 3384 ἀφίησι
3031 3317 3126 3367 καὶ
3164 3317 3491 3384 μονομαχεῖν
3539 3315 3670 3382 an-

417 3422 616 3464 cmtera
669 3410 1101 3479 respondebant.
1157 3409 1254 3462 llic
1300 3425 1429 3480 ergo
1473 3423 1664 3462 vocem
1698 3408 1990 3460 immanem

417 3503 579 3562 tollit,
623 3508 802 3572 deque
850 3503 1045 3557 castris
1094 3502 1474 3556 lsraelicorum
1508 3501 1746 3569 aliquem
1775 3498 1840 3552 ad
1873 3497 1990 3551 sin-

419 3595 607 3664 gulare
641 3603 921 3648 certamen
957 3602 1238 3663 provocat.
1276 3593 1545 3647 Omnibus
1572 3599 1753 3644 autem
1783 3599 1993 3659 perter-

415 3686 537 3739 ritis
578 3685 806 3739 Davides
851 3687 919 3739 ad
962 3685 1188 3739 Saulum
1234 3684 1622 3745 introducitur,
1660 3681 1753 3749 qui
1806 3696 1989 3749 regem

415 3778 753 3841 consolatus,
792 3793 966 3847 eoque
1020 3778 1105 3830 vix
1161 3790 1446 3845 persuaso,
1505 3773 1648 3842 quod
1687 3789 1879 3844 parum
1930 3776 1986 3827 in

417 3871 641 3934 Davide,
668 3871 712 3924 si
745 3871 1119 3938 respiceretur
1148 3869 1320 3938 ipsius
1347 3877 1498 3931 aetas,
1531 3867 1742 3920 fiduciae
1782 3882 1992 3936 ponen-

414 3963 542 4016 dum
575 3964 935 4026 existimaret,
976 3961 1290 4016 Goliatbum
1329 3958 1638 4028 aggreditur
1671 3959 1990 4014 heminem-

413 4067 520 4122 que
549 4053 730 4106 fundw
751 4056 901 4120 jactu
934 4051 1214 4106 interﬁcit.
1247 4049 1384 4105 Cum
1425 4057 1609 4103 autem
1639 4064 1707 4103 ex
1747 4064 1812 4104 eo
1854 4059 1991 4103 teni-

413 4160 548 4214 pore
579 4145 838 4200 mulieres
867 4146 923 4200 in
949 4145 1188 4198 carmine
1214 4142 1450 4213 quodam
1474 4150 1738 4196 canerent
1764 4142 1988 4196 Saulum

425 4235 647 4303 quidem
709 4236 859 4289 mille
909 4234 1228 4289 Palaestinos
1269 4231 1513 4297 fudisse,
1554 4231 1814 4285 Davidem
1859 4244 1990 4285 vero

416 4330 606 4382 decem
645 4327 840 4390 millia,
876 4342 1043 4397 regno
1091 4341 1195 4380 suo
1229 4335 1476 4379 metuere
1527 4323 1725 4379 Saulus
1771 4321 1985 4391 incipit,

2089 3418 2194 3454 τει.
2226 3402 2334 3455 Καὶ
2360 3406 2577 3456 πάντων
2599 3404 3064 3472 ὲξαπορουμένων
3102 3405 3386 3473 εἰσάγεται
3417 3407 3444 3456 δ
3478 3401 3666 3466 Δαϐὶδ,

2091 3491 2189 3543 καὶ
2250 3491 2340 3543 τὸν
2389 3491 2563 3544 Σαοὺλ
2606 3493 3178 3562 παραμυθησάμενος.

2090 3583 2288 3642 πείσας
2323 3581 2486 3633 αὑτὸν
2516 3581 2660 3652 (οὐδὲ
2684 3581 2795 3652 γὰρ
2820 3583 2848 3634 6
2897 3582 3071 3636 Σαοὺλ
3101 3582 3346 3653 ἐθάρρει,
3389 3583 3524 3650 πρὸς
3567 3583 3670 3650 τὴν

2091 3675 2186 3726 τοῦ
2218 3674 2383 3726 Δαϐὶδ
2424 3674 2639 3744 ἡλικίαν
2673 3673 2914 3744 ἀφορῶν)
2949 3675 3096 3744 ὁρμᾷ
3135 3675 3275 3728 κατὰ
3310 3673 3518 3726 ι’ωλιάθ
3567 3675 3663 3725 καὶ

2089 3765 2176 3818 διὰ
2209 3766 2504 3834 σφενδόνης
2537 3764 2700 3818 αὑτὸν
2727 3766 2962 3836 ἀναιρεῖ.
3011 3765 3239 3818 Ἐκτοτε
3293 3763 3388 3818 οὖν
3417 3765 3525 3816 τῶν
3566 3780 3667 3830 γυ·-

2090 3857 2298 3912 ναικῶν
2329 3857 2604 3924 λεγουσῶν
2634 3858 2714 3911 ὅτι
2743 3858 2916 3910 Σαοὺλ
2949 3857 3050 3927 μὲν
3103 3856 3344 3926 χιλιάδας
3373 3858 3666 3911 Παλαιστι-

2089 3949 2199 4003 νῶν
2235 3948 2626 4018 κατηκόντισε,
2660 3949 2825 4002 Δαϐὶδ
2856 3948 2912 4000 δὲ
2949 3949 3240 4019 μυριάδας,
3277 3953 3525 4002 πτοεῖται
3564 3950 3662 4002 καὶ

2090 4043 2171 4104 είς
2231 4042 2332 4110 τὴν
2381 4041 2546 4094 αὑτοῦ
2598 4041 2876 4111 βασιλείαν
2902 4042 2933 4094 6
2959 4040 3133 4095 Σαούλ
3164 4057 3177 4070 ’
3208 4040 3294 4110 ἐφ’
3314 4033 3358 4109 ᾧ
3391 4041 3486 4093 καὶ
3531 4040 3666 4095 ὕπο-

2097 4148 2234 4184 πτον
2261 4129 2409 4202 εἶχεν
2439 4131 2623 4185 ἔκτοτε
2651 4133 2740 4184 τὸν
2771 4131 2955 4198 Δαϐἱδ,
2982 4131 3077 4184 καὶ
3117 4132 3311 4202 φθόνον
3349 4132 3574 4204 ἔτρεφεν
3602 4133 3661 4186 οὐ

2095 4223 2313 4293 μικρόν.
2354 4222 2518 4277 Ὅθεν
2548 4224 2646 4277 καὶ
2683 4224 2765 4286 ei;
2790 4223 3157 4294 ἐκστρατείας
3187 4225 3352 4278 αὐτὸν
3394 4224 3663 4279 ἀπέστελτ

2090 4315 2182 4368 λεν
2214 4315 2290 4378 ὡς
2344 4315 2596 4368 ἐντεῦθεν
2648 4315 2726 4385 τῷ
2784 4317 3006 4386 πολέμῳ
3049 4317 3431 4386 ἀναιρεθῆναι.
3493 4317 3554 4369 '0
3605 4317 3664 4370 δὲ

412 4430 468 4472 et
497 4419 564 4471 ab
585 4433 651 4472 eo
676 4417 766 4472 die
797 4388 1115 4487 suspectum
1142 4415 1401 4470 Davidem
1427 4415 1636 4470 habens
1662 4429 1770 4468 non
1796 4388 1986 4482 parum

2099 4388 2262 4461 Δαϐὶδ
2291 4406 2382 4459 τὸν
2409 4407 2543 4460 Θεὸν
2574 4407 2715 4477 ἔχων
2747 4406 2867 4477 μεθ’
2909 4407 3106 4461 ἑαυτοῦ
3147 4409 3404 4478 ὴρίστευε
3454 4427 3663 4462 παντα-

415 4510 633 4564 invidiae
672 4510 935 4564 adversus
960 4524 1086 4562 eum
1124 4508 1240 4562 alit.
1277 4506 1626 4575 Quapropter
1651 4507 1717 4560 ad
1754 4505 1983 4576 expedi-

416 4602 592 4655 tiones
626 4600 905 4655 hominem
935 4601 1170 4669 ablegat,
1203 4608 1262 4652 ut
1290 4599 1474 4666 aliquo
1507 4606 1668 4667 pacto
1701 4598 1753 4650 in
1779 4598 1983 4666 prteliis

413 4704 730 4748 necaretur.
770 4692 864 4746 Ille
899 4707 1048 4755 vero,
1083 4691 1174 4760 qui
1204 4689 1374 4744 Deum
1411 4689 1625 4744 scilicet
1659 4699 1981 4757 praesentem

415 4785 665 4844 haberet,
702 4783 905 4850 ubique
949 4796 1065 4834 rem
1113 4780 1370 4848 praeclare
1405 4779 1584 4848 gerit;
1628 4794 1740 4848 quo
1777 4777 1982 4832 factum

411 4886 494 4929 est
542 4886 598 4928 ut
636 4875 752 4943 ipsa
786 4887 1006 4942 quoque
1040 4870 1190 4926 Sauli
1229 4861 1334 4924 ﬁlia
1366 4871 1520 4940 virgo
1553 4871 1814 4940 singulari
1858 4887 1984 4925 eum

411 4981 598 5019 amore
661 4965 1142 5032 complecteretur.
1185 4961 1300 5026 Qua
1358 4976 1416 5014 re
1483 4960 1650 5014 Saulo
1713 4961 1985 5030 patefacta

411 5058 646 5111 oblatam
677 5062 741 5107 ad
776 5053 1100 5108 struendum
1129 5053 1361 5107 insidias
1387 5054 1731 5108 occasionem
1763 5054 1984 5108 minime

413 5146 665 5215 negligit,
693 5144 768 5197 uti
803 5145 1076 5210 Iosephus
1110 5153 1529 5207 commemorat,
1568 5144 1862 5212 signiﬁcari
1893 5143 1983 5210 ju-

413 5242 546 5292 bens
583 5237 684 5306 ipsi
721 5251 777 5289 se
806 5236 967 5289 ﬁliam
1003 5251 1156 5290 suam
1185 5237 1231 5289 ei
1263 5237 1656 5292 collocatur-um
1689 5239 1741 5290 in
1783 5238 1974 5290 matri-

412 5325 679 5388 monium,
740 5324 782 5375 si
840 5324 984 5378 mille
1047 5323 1286 5378 hostium
1342 5325 1519 5392 capita
1565 5325 1676 5394 regi
1728 5322 1980 5379 referret.

415 5425 593 5486 Atque
624 5417 738 5470 hzec
770 5417 844 5471 ita
879 5416 1021 5471 facta
1055 5426 1184 5470 sunt
1212 5433 1225 5470 :
1253 5417 1540 5470 Micholem
1577 5430 1798 5470 uxorem
1838 5415 1983 5468 acci—

413 5511 513 5576 pit.
549 5507 750 5562 Verum
784 5507 1007 5577 indigne
1050 5507 1237 5562 ferens
1270 5509 1469 5562 Saulus
1497 5506 1642 5576 quod
1668 5506 1981 5571 accidisset,

411 5605 604 5670 majori
641 5610 842 5655 aestuat
895 5600 1122 5666 invidia,
1155 5602 1311 5671 quasi
1357 5601 1470 5670 jam
1522 5614 1689 5670 regno
1725 5613 1825 5654 suo
1870 5612 1985 5654 me-

477 5765 524 5804 "
559 5768 738 5838 lReg.
779 5785 868 5837 xv,
904 5769 994 5824 2'2.
1069 5769 1112 5802 ⁸⁷
1141 5769 1158 5823 l
1186 5769 1315 5841 lteg.
1341 5766 1538 5836 X\’l,'i.

2090 4494 2210 4566 χοῦ,
2245 4496 2321 4560 ὡς
2345 4497 2596 4549 ἐντεῦθεν
2619 4499 2712 4550 καὶ
2734 4497 2834 4567 τὴν
2865 4496 3141 4566 θυγατέρα
3171 4497 3342 4552 Σαοὺλ
3391 4497 3664 4567 παρθένον

2087 4585 2257 4640 οὖσαν
2287 4587 2469 4658 ἔρωτα
2503 4591 2652 4659 σχεῖν
2702 4589 2896 4643 αὐτοῦ.
2939 4589 3085 4658 Δῆλα
3111 4589 3322 4657 γίνεται
3345 4589 3522 4642 ταῦτα
3562 4591 3662 4643 καὶ

2088 4677 2166 4749 τῷ
2199 4679 2398 4732 Σαούλ.
2439 4681 2551 4732 Καὶ
2585 4680 2642 4742 ὃς
2672 4678 3006 4750 δραξάμενος
3065 4681 3324 4752 ἀφορμῆς
3373 4681 3511 4751 πρὸς
3560 4682 3661 4750 τὴν

2089 4770 2213 4824 κατ’
2245 4769 2456 4823 ἐκείνου
2491 4771 2807 4841 ἐπιϐουλὴν,
2833 4772 2908 4835 ὼς
2966 4774 3229 4842 Ἰώσηπος
3263 4776 3489 4844 ἱστορεῖ,
3524 4775 3660 4826 ἀπο-

2090 4861 2276 4916 δοῦναι
2312 4862 2413 4932 τὴν
2443 4862 2716 4934 θυγατέρα
2742 4865 3054 4932 ἔλεγεν,Ἃν
3082 4866 3259 4937 χιλίας
3293 4885 3383 4937 μοι
3414 4867 3658 4936 κεφαλὰς

2088 4954 2294 5024 κομίσῃ
2325 4954 2437 5006 τῶν
2468 4955 2767 5024 πολεμίων.
2815 4955 3030 5011 Γίνεται
3067 4957 3262 5023 ταῦτα,
3311 4959 3406 5010 καὶ
3447 4961 3527 5018 είς
3559 4973 3658 5023 γυη-

2089 5049 2253 5100 ναῖκα
2280 5049 2554 5118 λαμϐάνει
2590 5051 2691 5118 τὴν
2716 5050 2935 5119 Μελχώ.
2977 5051 3052 5103 Οὐ
3089 5050 3442 5122 φέρειταῦτα
3461 5051 3654 5115 Σαοὺλ,

2087 5138 2205 5191 ἀλλ’
2234 5140 2326 5192 ἐπὶ
2361 5139 2522 5191 πλέον
2553 5140 2758 5206 φθονεῖ,
2796 5141 2891 5194 ἆτε
2925 5142 3021 5194 καὶ
3055 5142 3184 5210 περὶ
3231 5143 3327 5210 τῆς
3379 5139 3658 5209 βασιλείας

2087 5230 2253 5283 αὐτοῦ
2309 5231 2900 5291 δεδιώ;.⁹Αποκτεῑναι
2957 5227 3142 5284 λοιῗξὸν
3207 5232 3369 5284 αὑτὸν
3429 5231 3651 5300 μελετᾷ.

2091 5322 2408 5392 Ἀνατίθησι
2432 5322 2609 5376 ταῦτα
2659 5325 2740 5393 τῷ
2769 5325 2870 5394 υἱῷ
2902 5341 2961 5376 τε
3009 5325 3266 5378 ’ἰωνάθαν
3301 5327 3394 5378 καὶ
3423 5328 3536 5386 τοῖς
3567 5340 3657 5376 πιο

2093 5415 2374 5478 στοτάτοις
2407 5415 2516 5467 τῶν
2541 5417 2788 5470 οίι;ετῶν.
2847 5417 2904 5469 'O
2934 5418 2989 5469 δὲ
3034 5418 3231 5488 μηνύει
3264 5417 3341 5486 τῷ
3371 5417 3536 5469 Δαϐὶδ
3585 5416 3656 5467 τὰ.

2091 5507 2187 5574 τῆς
2217 5506 2559 5576 βουλῆς,καὶ
2599 5509 2738 5574 ὑπὲρ
2784 5509 2950 5561 αὑτοῦ
2977 5509 3054 5578 τῷ
3106 5509 3274 5577 πατρὶ
3317 5507 3650 5575 διαλέγεται.

2093 5600 2243 5653 Μετὰ
2277 5599 2336 5653 δὲ
2369 5600 2542 5654 ταῦτα
2562 5601 2744 5656 διώκει
2772 5602 2862 5655 τὶν
2911 5602 3073 5656 Δαϐὶδ
3115 5603 3207 5657 καὶ
3245 5600 3390 5669 ἅπαξ
3436 5600 3532 5656 καὶ
3566 5598 3651 5666 δὶς

3255 3491 3410 3562 μόλις
3465 3491 3520 3543 δὲ
3572 3491 3670 3543 καὶ
3767 3483 3780 3493 ’
