4054 6472
292 472 394 541 337

1562 465 1969 528 ANNALIUM
2005 468 2199 529 PARS
2241 471 2326 531 ll.

3423 480 3533 544 338

293 590 384 643 καὶ
429 584 712 650 πολλάκις.
764 582 1084 654 τηνικαῦτα
1148 581 1228 652 τῷ
1290 581 1541 651 ἀρχιερεῖ
1587 580 1852 648 Ἀϐιάθαρ

1959 591 2142 637 tuens.
2178 583 2546 648 Quamobrem
2578 584 3023 644 interﬁciendum
3056 587 3318 659 deinceps
3348 588 3530 643 homi-

291 679 653 751 προσέρχεται
681 696 694 711 ·
742 678 866 731 τότε
889 678 984 729 καὶ
1015 677 1141 740 τοὺς
1176 675 1374 746 ἄρτους
1398 675 1497 743 τῆς
1547 673 1856 743 προθέσεως

291 769 510 837 ἔφαγεν.
545 768 792 823 Ἐκεῖθεν
845 763 1006 829 αὖθις
1066 766 1263 834 φεύγει
1320 765 1461 835 πρὸς
1524 763 1854 834 ’Δϐιμέλεχο

289 861 406 914 τότε
461 861 520 914 δὲ
571 861 667 916 καὶ
734 861 803 915 τὰ
863 860 972 914 τῶν
1038 857 1418 928 ἐπιληπτικῶν
1474 855 1855 926 ὑποκρίνεται.

290 950 408 1002 Ἐπὶ
459 949 675 1011 τούτοις
744 951 802 1003 δὲ
853 951 883 1002 δ
933 949 1100 1004 Δαϐὶδ
1153 946 1334 1019 εὑρὼν
1390 947 1485 999 τὸν
1536 945 1709 998 Σαοὺλ
1760 945 1858 998 καὶ

286 1039 440 1119 ﬁssae
501 1040 596 1093 καὶ
654 1040 759 1107 δὶς,
834 1042 929 1095 καὶ
993 1042 1317 1119 ᾁποκτεῑναι
1376 1037 1542 1091 αὐτὸν
1608 1036 1854 1106 εὐχερῶς

291 1110 447 1199 ἒχων,
508 1135 733 1202 ποιῆσαι
780 1133 941 1188 τοῦτο
998 1110 1100 1186 οὐκ
1147 1132 1330 1202 ἤθελε,
1388 1123 1466 1200 τῷ
1501 1127 1622 1198 Θεῷ
1677 1129 1859 1182 πάντα

294 1224 358 1276 τὸ,
396 1225 521 1277 κατ’
581 1226 745 1281 αὐτὸν
793 1226 1092 1287 ἀνατιθείς.
1145 1226 1259 1279 Καὶ
1314 1224 1443 1294 περὶ
1496 1222 1599 1292 μὲν
1647 1220 1860 1275 τούτων

292 1315 483 1369 οὕτως.

1959 689 2086 728 nem
2128 675 2346 741 statuit,
2403 675 2565 730 simul
2614 678 2776 749 176
2822 680 3111 735 consilium
3155 696 3312 748 suum
3365 679 3534 733 Jona-

1957 765 2110 819 thani
2149 765 2259 819 ﬁlio
2298 751 2675 835 ministrisque
2709 769 2989 825 ﬁdissimis
3043 770 3240 842 aperit.
3285 772 3349 827 At
3390 771 3534 825 ﬁlius

1954 857 2020 911 ad
2062 856 2318 911 Davidem
2353 867 2643 927 paternum
2671 863 2960 916 consilium
2996 863 3269 921 enuntiat.
3301 865 3534 933 ejusque

1954 962 2119 1002 causa
2147 957 2356 1017 patrem
2390 949 2705 1018 alloquitur.
2738 952 2836 1006 llle
2870 955 3065 1017 semel,
3107 954 3209 1021 bis,
3254 956 3534 1009 multoties

1966 1039 2221 1095 Davidem
2260 1044 2634 1111 persequitur;
2661 1046 2751 1114 qui
2791 1044 2881 1100 tali
2920 1062 3097 1099 rerum
3132 1061 3354 1100 suarum
3388 1056 3534 1100 statu

1961 1131 2320 1187 Abiatbarum
2355 1134 2666 1203 pontiﬁcem
2698 1136 2913 1190 accedit
2937 1145 2991 1191 et
3026 1137 3258 1205 panibus
3287 1138 3533 1206 proposi-

1965 1221 2131 1275 tionis
2187 1222 2453 1278 vescitur.
2494 1224 2636 1279 lline
2709 1225 2777 1279 ad
2830 1227 3238 1280 Abimeleebum
3303 1226 3427 1293 fuga
3475 1244 3534 1282 se

1963 1310 2202 1373 confert,
2242 1311 2337 1365 ubi
2380 1314 2572 1367 morbo
2603 1313 2782 1368 teneri
2822 1315 3117 1385 epileptico
3160 1316 3530 1385 judirabatur.

296 1409 514 1467 Interim
560 1386 798 1469 Davides
841 1412 1066 1468 Saulum
1107 1411 1277 1467 semel
1309 1418 1474 1479 atque
1526 1409 1725 1464 iterum
1768 1411 2047 1474 repertum
2082 1419 2282 1459 necare
2308 1420 2431 1460 eum
2502 1407 2649 1464 facili
2709 1419 2992 1465 momento
3057 1418 3261 1480 posset,
3323 1426 3535 1481 nequa-

292 1521 449 1575 quam
487 1514 672 1563 tamen
717 1509 772 1563 id
820 1508 1005 1567 facere
1033 1507 1227 1568 voluit.
1262 1506 1376 1564 Deo
1426 1505 1694 1561 nimirum
1735 1500 2061 1572 permittens
2090 1500 2358 1569 quidquid
2389 1502 2457 1558 de
2484 1505 2603 1574 ipso
2629 1504 2874 1561 futurum
2913 1515 3082 1562 esset.

362 1599 716 1655 Παλαιστινοὶ
751 1602 799 1656 δ’
830 1598 988 1665 αὖθις
1037 1601 1180 1656 κατὰ
1212 1600 1487 1656 Ἰουδαίων
1531 1596 1864 1670 στρατεύον-

294 1710 401 1758 ται,
441 1693 527 1762 ἐφ’
556 1687 600 1761 ᾧ
628 1696 723 1747 καὶ
762 1695 888 1758 τοὺς
912 1694 1112 1756 αὐτοὺς
1144 1692 1478 1764 συμμάχους
1541 1691 1570 1743 δ
1626 1690 1863 1760 Ἀγχοὺς

2028 1594 2270 1650 Rursum
2303 1595 2580 1652 Palaestini
2610 1599 2797 1669 copias
2835 1615 2962 1655 suas
2996 1601 3284 1656 adversum
3316 1599 3537 1655 Judreos

1957 1685 2220 1751 educunt,
2268 1689 2506 1759 ideoque
2537 1705 2670 1745 suos
2698 1692 2864 1746 etiam
2914 1693 3206 1747 auxiliares
3241 1693 3410 1747 Aebis
3445 1709 3538 1747 rex

296 1784 470 1840 καλεῖ.
516 1787 673 1855 Ὀρει
741 1785 800 1838 δὲ
854 1784 934 1856 τῷ
999 1785 1231 1839 Γελϐουέ
1298 1783 1630 1855 προσϐάλλει
1677 1782 1771 1835 καὶ
1835 1783 1854 1835 ἐ

1961 1789 2251 1835 convocat.
2284 1780 2422 1835 Tum
2458 1781 2659 1837 Saulus
2687 1798 2906 1852 quoque
2935 1799 3057 1837 cum
3108 1786 3223 1838 suis
3269 1785 3335 1837 ad
3382 1799 3541 1838 mou-

293 1879 486 1943 Σαοὺλ,
519 1879 616 1931 καὶ
645 1877 973 1949 πολυπληθῆ
1001 1879 1104 1948 τὴν
1152 1864 1511 1946 παρεμϐολὴν
1538 1874 1647 1929 τῶν
1702 1875 1854 1928 ἀλλο-

1962 1882 2070 1926 tem
2097 1870 2357 1928 Gelboem
2398 1875 2971 1943 contendit;eumque
3000 1876 3268 1930 maximas
3307 1875 3360 1929 in
3400 1877 3538 1929 alie-

1801 1965 1829 1979 -
1890 1924 1934 1980 Β

291 1971 473 2038 φύλων
506 1970 632 2025 ἰδὼν
666 1969 963 2040 ἐταράχθη,
1008 1973 1105 2024 καὶ
1136 1971 1333 2039 ἐξέστη
1358 1970 1392 2039 ἡ
1437 1967 1632 2038 καρδία
1659 1967 1853 2021 αὑτοῦ.

291 2062 397 2115 Καὶ
449 2061 776 2133 ἐπηρώτησε
827 2061 922 2114 τὸν
954 2061 1162 2132 Κύριον
1190 2061 1279 2114 διὰ
1330 2060 1428 2114 τοῦ
1484 2059 1709 2130 Ἐφοὺθ,
1758 2058 1856 2111 καὶ

288 2152 389 2204 οὐκ
420 2153 697 2224 ἀπεκρίθη
750 2152 1061 2223 αὐτῷοκαὶ
1118 2154 1228 2222 γὰρ
1289 2155 1338 2206 εί
1403 2152 1480 2222 μὴ
1532 2152 1857 2221 εὐδοκίμουν

288 2241 419 2311 παρ’
442 2242 615 2311 αύτῷ,
650 2242 750 2297 οὐκ
794 2243 1124 2314 είσήκουσεν
1157 2243 1360 2300 αὐτῶν.
1394 2243 1513 2311 Ἐφ’
1546 2237 1591 2311 ᾧ
1626 2245 1716 2294 καὶ
1761 2240 1861 2313 ζη-

285 2332 370 2383 τεῖ
395 2334 860 2404 ἐγγαστρίμυθον,
888 2338 937 2388 εί
967 2337 1062 2389 καὶ
1097 2336 1157 2389 τὸ
1203 2336 1366 2403 γένος
1407 2335 1590 2388 αὐτῶν
1620 2334 1858 2403 ἔφθασεν

288 2425 351 2476 ἐκ
388 2423 492 2492 τῆς
522 2426 733 2486 πόλεως
760 2425 927 2479 αὑτοῦ
960 2426 1218 2481 ἐκϐαλεῖν
1248 2426 1345 2480 ἅτε
1377 2428 1516 2497 πρὸς
1551 2428 1690 2480 Θεὸν
1719 2428 1858 2499 πρό·

288 2530 447 2584 τερον
494 2515 754 2572 εὐσεϐῶν.
821 2518 1292 2589 Ἐγγαστρίμυθοι
1350 2519 1407 2572 δὲ
1472 2519 1729 2587 ἐλέγοντο
1767 2518 1859 2572 διὰ

169 2660 181 2672 κ
289 2606 347 2657 τὸ
373 2607 605 2676 δαίμονα
646 2610 791 2679 ἔχειν
816 2611 873 2662 ἐν
901 2613 965 2681 τῇ
1006 2615 1206 2683 γαστρὶ
1248 2612 1433 2666 αὐτῶν
1473 2613 1858 2682 ἐγκαθήμενον

289 2698 381 2749 καὶ
420 2697 488 2749 τὰ
524 2688 785 2766 μέλλοντα
823 2700 1197 2771 μυθευόμενον
1227 2702 1327 2755 εἰτ’
1369 2696 1462 2755 οὖν
1519 2703 1850 2773 μαντευόμεο

289 2803 399 2842 νον.
430 2788 504 2842 Τὸ
531 2790 718 2858 μέντοι
741 2790 965 2858 γύναιον
1014 2795 1194 2847 ἐκεῖνο
1245 2795 1495 2847 πείθεται
1546 2794 1721 2864 μόλις,
1760 2798 1856 2850 καὶ

286 2881 383 2948 τὴν
404 2881 496 2933 τοῦ
528 2882 778 2953 Σαμουὴλ
803 2882 983 2954 ψυχὴν
1005 2885 1062 2951 ἐξ
1097 2884 1225 2956 ᾅδου
1284 2886 1504 2955 ἀνάγει,
1551 2888 1630 2952 ὡς
1662 2890 1857 2961 Ἰώση-

286 2983 385 3032 πος
429 2972 649 3041 ἱστορεῖ.
699 2972 759 3026 Ὃ
806 2975 918 3046 γὰρ
982 2976 1054 3030 τὰ
1106 2976 1227 3031 θεῖα
1287 2978 1453 3045 σοφὸς
1507 2980 1857 3052 Θεοδώρητος

291 3059 525 3130 δυσσεϐῆ
556 3061 706 3130 λέγει
739 3063 830 3116 τὸν
867 3064 1028 3133 λόγον
1054 3071 1269 3124 τουτονὶ
1291 3071 1389 3124 καὶ
1439 3071 1684 3126 ἀνόσιον*
1731 3073 1856 3127 οὐδὲ

284 3154 394 3222 γὰρ
424 3155 671 3208 πείθεται
707 3157 896 3221 νέκυος
940 3158 1122 3231 ψυχὴν
1181 3162 1240 3228 ἐξ
1276 3162 1407 3235 ᾅδου
1478 3165 1575 3218 καὶ
1611 3166 1714 3237 τὴν
1758 3183 1858 3220 τυ-

1962 1960 2284 2031 n'genarum
2337 1962 2532 2016 castris
2585 1978 2707 2017 esse
2760 1964 2947 2030 copias
2981 1964 3378 2033 conspexisset,
3414 1981 3539 2034 per-

1958 2052 2210 2107 turbatus
2235 2061 2319 2107 est
2344 2053 2619 2122 animique
2642 2055 2792 2123 gravi
2822 2062 3032 2110 terrore
3063 2064 3366 2125 correptus.
3403 2054 3534 2109 Eam

1955 2143 2025 2198 ob
2056 2158 2168 2197 rem
2201 2144 2490 2199 Dominum
2526 2161 2623 2213 per
2654 2145 2942 2215 Ephodum
2972 2147 3232 2211 consulit,
3274 2147 3364 2217 qui
3398 2147 3537 2201 nihil

1956 2236 2003 2290 ei
2047 2237 2390 2304 respondet:
2432 2237 2639 2308 quippe
2685 2239 2742 2293 ni
2790 2239 2928 2293 bona
2971 2249 3156 2295 essent
3184 2241 3325 2312 apud
3366 2240 3534 2295 Deum
3602 2280 3607 2283 -

1961 2328 2218 2383 lsraelitze
2252 2329 2305 2383 in
2353 2329 2549 2400 gratia.
2585 2317 2694 2385 no'n
2726 2333 3057 2387 exautliel'at
3105 2348 3219 2387 eos.
3251 2331 3423 2403 Igitur
3454 2332 3538 2386 fe-

1960 2417 2163 2470 minam
2196 2415 2423 2482 inquirit
2446 2435 2567 2489 qum
2597 2422 2819 2475 oracula
2856 2435 2956 2492 per
2990 2434 3231 2476 ventrem
3260 2422 3536 2487 redderet,

1957 2524 2275 2579 quanquam
2310 2520 2494 2575 antea,
2533 2527 2657 2567 cum
2696 2514 2874 2568 adhuc
2907 2514 2960 2566 in
2995 2515 3257 2570 Deum’se
3288 2516 3541 2584 religiose

1959 2612 2196 2674 gereret,
2237 2610 2406 2657 totam
2450 2604 2767 2673 huiusmodi
2824 2608 3120 2661 mulierum
3176 2606 3454 2660 nationem
3508 2622 3540 2661 e

1956 2711 2017 2749 re
2048 2695 2264 2764 publica
2306 2711 2405 2749 sua
2445 2698 2750 2765 expulerat.
2786 2696 3061 2753 Vocantur
3115 2706 3297 2751 autem
3348 2697 3540 2763 hujus-

1957 2786 2102 2840 motli
2151 2784 2372 2841 feminae
2418 2788 2781 2858 ventriloquu:
2809 2799 3098 2858 propterea
3128 2789 3276 2858 quod
3300 2790 3532 2857 geniun

1958 2878 2012 2932 in
2056 2886 2245 2933 ventre
2294 2878 2706 2935 delitescentem
2760 2882 3038 2944 habeant,
3089 2882 3179 2949 qui
3220 2881 3289 2933 de
3338 2879 3538 2934 futuris

1957 2971 2290 3040 respondeat
2315 2979 2370 3026 et
2400 2972 2749 3027 Vaticinetur.
2781 2974 2880 3029 Vix
2914 2971 3133 3037 Saulus,
3165 2975 3311 3042 quod
3350 2988 3539 3042 posce-

1958 3063 2070 3128 bat,
2104 3077 2133 3116 a
2177 3064 2497 3119 muliercula
2532 3065 2755 3120 tandem
2803 3065 3083 3134 impetrat,
3133 3082 3254 3136 qua:
3294 3065 3535 3120 animam

1961 3154 2206 3210 Samueli
2237 3171 2303 3210 ex
2357 3172 2488 3211 orco
2533 3155 2809 3226 producit.
2846 3166 2902 3211 ut
2934 3154 3211 3228 Josrphus
3262 3156 3540 3211 memerita

284 3241 482 3310 χοῦσαν
512 3244 761 3311 ἀνάγειν,
813 3248 975 3318 μήτοι
1002 3268 1067 3319 γε
1095 3252 1353 3306 τοσούτου
1378 3257 1686 3325 προφήτου.
1718 3257 1851 3310 ’Λλ-

1955 3245 2217 3319 prodidit,
2271 3263 2586 3318 quanquam
2641 3247 3009 3318 peritissimus
3039 3249 3130 3303 ille
3179 3262 3361 3302 rerum
3402 3247 3540 3300 divi-

284 3328 362 3382 λοι
390 3329 458 3391 ,δὲ
487 3331 581 3384 τὸν
604 3332 764 3402 λόγον
799 3334 992 3390 τοῦτον
1028 3337 1104 3410 μή
1136 3338 1385 3404 θέλοντες
1439 3342 1658 3396 ἀνόσιον
1691 3344 1853 3411 δέξα-

285 3418 428 3480 σθαι,
457 3419 760 3475 λαοπλάνον
789 3428 914 3480 τινὰ
939 3426 1162 3496 λέγουσι
1212 3429 1443 3501 δαίμονα
1473 3433 1543 3486 τὰ
1585 3436 1730 3488 κατὰ
1762 3438 1854 3491 τὸν

285 3506 455 3562 Σαοὺλ
479 3511 801 3581 ἀναγγεῖλαι
840 3515 907 3583 τῇ
964 3516 1418 3589 ἐγγαστριμύθῳ.
1465 3520 1524 3576 '0
1565 3525 1667 3592 μὲν
1720 3524 1855 3578 Θεο-

282 3598 517 3671 δώρητος
544 3600 668 3655 οὔτε
695 3603 756 3656 τὸ
795 3605 1015 3675 πρῶτον
1067 3607 1142 3671 ὡς
1184 3608 1448 3674 δυσσεϐὲς
1481 3613 1851 3685 καταδέχεται

280 3690 404 3745 οὔτε
434 3695 598 3748 πάλιν
621 3694 683 3747 τὸ
713 3695 971 3768 δεύτερον
998 3714 1015 3730 σ
1063 3700 1114 3752 εἰ
1150 3701 1258 3771 γὰρ
1314 3701 1527 3773 δαίμων
1579 3701 1650 3777 ἦν
1690 3708 1719 3759 ὁ
1748 3724 1855 3775 φα-

287 3785 425 3851 νεὶς,
472 3786 573 3840 οὐκ
628 3785 696 3841 ἂν
753 3788 931 3860 ἀληθῆ
1000 3790 1305 3862 ἐφθέγγετο
1353 3795 1597 3863 ῥήματα.
1642 3797 1854 3851 Οὐκοῦν

280 3873 448 3935 αὐτὸς
484 3875 514 3926 δ
541 3872 675 3937 Θεὸς
723 3877 786 3928 τὸ
847 3874 1012 3943 είδος,
1063 3880 1222 3951 φησὶ,
1271 3880 1367 3934 τοῦ
1410 3881 1667 3955 Σαμουὴλ
1720 3903 1854 3956 σχη-

281 3965 516 4033 ματίσας
539 3965 839 4038 ἠϐουλήθη,
874 3969 1163 4043 ἐξενήνοχε
1221 3972 1323 4043 τήν
1382 3975 1662 4045 ἀπόφασιν
1687 3994 1702 4008 ·
1745 3979 1851 4051 ἔφη

278 4059 371 4109 καὶ
401 4056 511 4126 γὰρ
556 4057 644 4111 διά
673 4074 779 4113 του.
807 4061 919 4113 τῶν
962 4063 1262 4134 προφητῶν
1283 4079 1297 4093 ο
1327 4082 1347 4116 ι
1388 4064 1514 4118 Ἐὰν
1575 4068 1854 4139 ἀπέλθητε

278 4151 415 4219 πρὸς
456 4149 547 4203 τὸν
576 4151 1057 4223 ψευδοπροφήτην,
1087 4152 1200 4222 ἐγὼ
1250 4153 1455 4227 Κύριος
1481 4160 1510 4209 ὁ
1538 4157 1671 4221 Θεὸς
1719 4161 1856 4215 ἀπο-

273 4242 608 4313 κριθήσομαι
644 4243 715 4296 δι’
746 4244 934 4299 αὐτοῦ.
971 4262 990 4297 ι
1046 4245 1204 4326 obsto
1230 4246 1330 4300 -διὰ
1360 4246 1455 4301 τοῦ
1489 4249 1725 4322 Βαλαὰμ
1757 4253 1853 4322 ηύ-

273 4331 471 4402 λόγησε
520 4333 609 4387 τον
637 4333 787 4395 λαὸν,
820 4336 915 4388 καὶ
947 4336 1037 4389 διὰ
1071 4336 1373 4402 δυσσεϐοῦς
1401 4340 1652 4410 μάντεως
1707 4361 1852 4414 προ-

275 4424 626 4494 ηγγέλθησαν
654 4426 723 4479 τὰ
751 4427 1008 4495 ἐσόμενα.
1041 4429 1256 4483 Γίνεται
1284 4432 1478 4496 ταῦτα,
1503 4437 1601 4488 καὶ
1640 4438 1691 4490 oi
1735 4441 1850 4493 [Ια-

271 4515 538 4571 λαιστινοὶ
598 4521 712 4581 τοῖς
797 4519 1072 4591 Ἑϐραίοις
1141 4523 1563 4593 προσϐάλλουσι.
1651 4530 1849 4584 mmet

270 4609 461 4662 λοιπὸν
519 4611 548 4661 ὁ
590 4609 763 4664 Σαοὺλ
815 4617 914 4666 καὶ
956 4614 1006 4666 oi
1054 4615 1247 4679 παῖδες
1308 4618 1499 4672 αὐτοῦ.
1548 4620 1606 4674 '0
1658 4625 1847 4691 μέντοι
1882 4605 1927 4661 θ

273 4698 451 4754 Σαοὺλ
480 4700 684 4764 πολλὰς
716 4702 1020 4773 δεξάμενος
1081 4706 1324 4779 πληγὰς,
1385 4711 1481 4763 καὶ
1538 4710 1614 4782 μὴ
1658 4715 1845 4784 φέρειν

268 4789 593 4861 δυναμενος,
623 4794 836 4851 κελεύει
866 4799 975 4851 τινὶ
1004 4798 1117 4853 τῶν
1180 4800 1346 4855 αὐτοῦ
1402 4804 1465 4856 τὸ
1493 4804 1646 4875 ξίφος
1677 4808 1844 4861 αὐτοῦ

270 4883 722 4951 ἑπενεγκεϊν,ἴνα
754 4887 830 4957 μὴ
885 4890 1006 4950 ταῖς
1041 4891 1254 4960 ἐχθρῶν
1313 4896 1474 4964 χερσὶ
1533 4899 1841 4970 παραδοθῇ.

277 4971 339 5031 _'0
364 4973 542 5027 δὀὐκ
597 4977 873 5032 ἐπείθετο.
930 4977 1253 5037 Ἐπιπίπτει
1305 4984 1497 5038 λοιπὸν
1549 4987 1713 5052 αὐτὸς
1773 4992 1841 5061 τῇ

268 5063 537 5134 μαχαίρᾳ,
570 5068 668 5119 καὶ
704 5068 840 5137 μηδὲ
895 5068 1068 5136 οὕτως
1109 5073 1311 5144 ἰσχύων
1362 5076 1547 5148 ἐαυτῷ
1576 5077 1639 5132 τὸ
1685 5079 1844 5143 τέλος

262 5155 582 5223 ἐπενεγκεῖν
611 5159 791 5213 πείθει
820 5161 944 5216 τινὰ
980 5163 1091 5219 τῶν
1142 5167 1555 5238 ’Δμαληκιτῶν,
1614 5172 1711 5226 καὶ
1746 5188 1840 5225 τε·

260 5244 401 5295 λειοῖ
427 5245 613 5299 αὐτόν.
664 5247 812 5302 etas
877 5251 1234 5310 Παλαιστινοὶ
1289 5256 1655 5320 σκυλεύοντες
1709 5262 1839 5324 τοὺς

260 5334 559 5404 πολεμίους
593 5341 987 5409 ἐντυγχάνουσι
1011 5341 1092 5412 τῷ
1125 5343 1302 5399 Σαούλ
1337 5362 1399 5399 τε
1433 5349 1530 5400 καὶ
1568 5330 1682 5410 τοῖς
1713 5368 1841 5403 παι-

265 5422 353 5473 σὶν
391 5423 580 5491 αὐτοῦ,
607 5426 699 5479 καὶ
727 5427 998 5497 κόψαντες
1028 5431 1128 5494 τὰς
1169 5432 1413 5501 κεφαλὰς
1436 5435 1617 5488 αὐτῶν
1647 5439 1843 5507 περιῆ-
1868 5451 1878 5459 ·

1956 3355 2151 3395 narum
2198 3337 2579 3394 Tlteodoretus
2644 3339 2953 3394 orationem
3022 3339 3334 3421 hujusm‘odi
3383 3345 3542 3392 vocat

1957 3430 2183 3500 impiam
2217 3438 2272 3483 et
2305 3430 2689 3500 irreligiosam.
2723 3427 2840 3483 Non
2881 3429 3032 3484 enim
3070 3428 3394 3500 persuaderi
3434 3428 3543 3483 sibi

1954 3522 2164 3593 patitur
2206 3520 2290 3576 vel
2337 3521 2464 3576 silis
2495 3521 2728 3591 alicujus
2773 3521 3012 3575 hominis
3063 3521 3265 3575 mortui
3305 3520 3541 3573 animam

1955 3629 2017 3669 ex
2057 3629 2189 3669 oreo
2240 3612 2428 3669 reduci
2462 3627 2653 3683 posse,
2683 3612 2886 3667 nedum
2926 3611 3051 3667 talis
3091 3628 3155 3670 ac
3208 3611 3347 3666 tanti
3380 3611 3541 3697 vatis;

1955 3706 2060 3759 Alii
2093 3714 2359 3776 negantes
2394 3705 2534 3757 banc
2567 3703 2877 3757 orationem
2927 3702 3153 3771 impiam
3203 3715 3349 3764 esse,
3394 3701 3546 3756 velut

1954 3797 2310 3866 impostorem
2358 3795 2504 3865 vulgi
2538 3796 2840 3849 dmmonem
2874 3793 3166 3863 quemdam
3201 3791 3544 3847 muliercula:

1954 3886 2325 3942 vaticinatriei
2376 3886 2725 3941 renuntiasse
2779 3884 2911 3955 quid
2974 3883 3142 3938 Saulo
3208 3891 3538 3937 eventurum

1953 3987 2119 4032 esset.
2146 3979 2215 4031 At
2240 3976 2625 4031 Tbeodoretus
2650 3962 2831 4046 neque
2856 3974 3089 4045 primum
3123 3973 3252 4028 illud
3277 3973 3539 4036 admittit,

1955 4068 2186 4138 impium
2228 4080 2353 4123 esse
2403 4067 2799 4138 pronuntians,
2852 4080 3032 4135 neque
3081 4065 3210 4120 item
3257 4065 3539 4129 alterum;

1955 4175 2082 4216 nam
2117 4161 2162 4214 si
2200 4160 2397 4231 genius
2429 4159 2609 4215 malus
2654 4141 2850 4215 fuisset
2880 4159 2972 4228 qui
3022 4158 3301 4228 apparuit,
3348 4173 3539 4214 verum
3616 4183 3629 4196 ι

1953 4267 2087 4308 sane
2138 4266 2252 4306 non
2299 4251 2640 4321 protulisset.
2701 4251 3072 4317 Quamobrem
3126 4249 3322 4306 statuit
3371 4250 3539 4305 Deum

1956 4346 2137 4416 ipsum
2182 4353 2575 4415 reprasentata
2616 4344 2858 4398 Samueli
2894 4345 3104 4413 specie,
3139 4359 3241 4414 pro
3268 4342 3537 4398 arbitratu

1954 4453 2078 4501 suo,
2112 4437 2277 4491 verba
2332 4436 2487 4491 istaec
2536 4435 2760 4490 eﬁ'atum
2810 4449 2955 4490 esse.
3003 4435 3143 4489 Nam
3195 4434 3392 4491 alicubi
3444 4450 3537 4504 per

1953 4540 2132 4583 vatem
2182 4527 2476 4598 quemdam
2527 4527 2704 4580 dixit:
2764 4544 2784 4577 ι
2839 4525 3046 4593 Quodsi
3106 4526 3299 4581 falsum
3356 4533 3536 4579 vatem

1955 4619 2330 4683 secesseritis,
2356 4635 2455 4690 ego
2482 4618 2750 4673 Dominus
2783 4633 2877 4689 per
2901 4617 2971 4688 ipe
2989 4633 3080 4671 nm
3124 4616 3487 4682 respondebo.
3510 4633 3531 4666 ι
3551 4672 3565 4687 κ

1956 4712 2049 4768 Sic
2079 4728 2243 4782 opera
2292 4711 2535 4766 Balaami
2576 4709 2778 4780 populo
2833 4710 3009 4777 fausta
3058 4710 3389 4778 imprevatus
3429 4715 3534 4771 est,

1953 4819 2161 4875 perque
2187 4812 2367 4859 vatem
2396 4803 2706 4870 improbum
2738 4818 2856 4872 qua:
2892 4802 3077 4857 futura
3106 4811 3295 4857 essent
3321 4803 3536 4858 indit-ah

1953 4893 2052 4951 vit.
2107 4893 2417 4963 Respondit
2471 4878 2816 4962 bie‘quoque
2873 4891 3211 4963 praedictioui
3261 4901 3534 4947 eventus:

1952 4984 2230 5041 Palaestini
2264 4984 2525 5040 Hebraeos
2553 4985 2848 5049 invadunt,
2883 4983 3082 5039 Saulus
3109 4998 3235 5039 cum
3284 4984 3410 5038 ﬁliis
3443 5001 3538 5037 oe-

1950 5076 2158 5132 cumbit
2186 5096 2202 5144 ;
2231 5091 2471 5146 cumque
2521 5074 2710 5131 multis
2741 5077 3064 5130 vulneribus
3092 5074 3330 5131 aﬂ‘ectus
3367 5084 3537 5147 esset,

1947 5182 2053 5223 nec
2085 5169 2320 5236 amplius
2367 5169 2642 5238 imperare
2691 5169 2876 5222 animo
2913 5183 3015 5224 suo
3045 5178 3252 5238 posset,
3307 5184 3535 5223 suorum

1947 5256 2163 5315 cuidam
2195 5259 2418 5315 mandat
2454 5268 2513 5314 ut
2539 5274 2599 5314 se
2627 5259 2820 5317 stricto
2848 5260 3008 5330 177
3032 5260 3217 5330 gladio
3259 5259 3501 5316 transadi
3519 5289 3535 5301 -

1949 5361 2062 5424 gat,
2091 5368 2160 5409 ne
2190 5353 2434 5409 hostium
2472 5354 2525 5406 in
2556 5360 2887 5423 potestatem
2913 5353 3145 5408 veniret.
3185 5354 3293 5409 Sed
3343 5369 3410 5408 eo
3454 5368 3538 5407 req
3582 5342 3588 5348 ’

1947 5454 2180 5498 cusante
2205 5442 2447 5515 gladium
2479 5445 2648 5513 cepit,
2688 5444 2849 5514 eique
2882 5444 3155 5502 incubuit.
3190 5446 3439 5514 Cumque
3465 5459 3535 5498 ne

260 5527 360 5605 γον
408 5513 499 5566 διὰ
542 5515 724 5605 quisq;
755 5518 854 5587 τῆς
881 5516 1090 5589 χώρας,
1140 5521 1210 5575 τὰ
1260 5522 1318 5576 δὲ
1368 5523 1598 5594 σώματα
1653 5528 1836 5583 αὐτῶν

1955 5536 2024 5589 sic
2049 5513 2273 5601 quidem
2319 5533 2567 5588 adimere
2601 5535 2704 5589 sibi
2740 5513 2909 5589 vitam
2955 5544 3161 5605 posset,
3193 5513 3529 5591 Amaleeita-

259 5602 699 5673 ἀνασταυροῦσιν
726 5605 832 5672 ἔξω
885 5607 982 5661 τοῦ
1008 5611 1245 5681 τείχους,
1279 5612 1355 5676 ὡς
1383 5613 1650 5686 Ἰώσηπος
1683 5618 1834 5671 iaso-

261 5697 368 5764 ρετ.

1949 5638 2072 5677 rum
2104 5624 2394 5693 quemdam
2426 5633 2642 5687 exorat,
2668 5625 2764 5694 qui
2791 5624 2954 5680 ﬁnem
2988 5626 3040 5681 ei
3073 5624 3294 5679 vivendi
3324 5622 3529 5678 attulit.

1949 5713 2089 5769 Tum
2130 5713 2408 5769 Palaestini
2440 5714 2689 5785 spoliatis
2727 5714 2977 5771 hostibus
3006 5715 3062 5769 in
3103 5714 3327 5770 Saulum
3373 5714 3527 5782 ejus~

262 5799 371 5851 que
434 5787 577 5844 ﬁlios
642 5789 932 5863 incidunt;
996 5811 1231 5868 cmnque
1286 5800 1467 5871 capita
1519 5801 1762 5873 ipsorum
1835 5806 2227 5875 resccuisseut,
2269 5821 2330 5864 ea
2380 5823 2478 5877 per
2500 5822 2716 5863 omnem
2743 5807 3014 5866 ditionem
3044 5821 3200 5865 suam
3236 5805 3529 5864 circumfe-

264 5882 480 5941 rebant.
513 5889 840 5958 corporibus
869 5903 1022 5948 extra
1056 5912 1245 5953 muros
1269 5899 1573 5970 suspensis,
1605 5908 1664 5955 ut
1689 5899 1963 5974 Josepbus
1999 5913 2210 5962 narrat.
2668 5886 2673 5891 l
