4054 6430
1397 388 1422 422 δ

235 483 345 550 3111

1479 466 1887 548 ANN’ALIUM
1928 484 2123 545 PARS
2163 482 2247 545 II.

3384 483 3496 550 362

236 600 618 660 ἀποκαλύπτει
648 602 825 659 ταῦτα
869 602 947 674 τῷ
973 601 1355 675 Ἀϐεσσαλώμ.
1398 601 1814 674 Παρατηρεῖται

1940 613 2040 663 tua!
2078 612 2202 653 cum
2237 596 2360 667 ejus
2393 576 2667 653 desiderio
2706 611 2827 657 non
2878 595 3265 659 assentiretur.
3304 596 3500 667 vitium

236 693 455 764 καιρὸν,
478 691 767 764 ἐξέρχεται
789 695 870 757 είς
896 694 1102 763 κουρὰν
1127 693 1233 747 τῶν
1257 692 1592 765 θρεμμάτων
1624 689 1814 755 αὐτοῦ,

221 785 606 854 συλλαμϐάνει
643 786 764 855 μεθ’
796 786 993 841 ἑαυτοῦ
1025 789 1119 840 καὶ
1152 787 1281 851 τοὺς
1310 786 1598 856 ἀδελφούς.
1625 786 1815 843 Τελετ-

239 894 329 931 ται
365 877 690 946 συμπόσιον,
722 879 817 930 καὶ
852 877 1176 948 καρωθέντα
1205 877 1297 932 τὸν
1325 879 1542 948 ’Δμνὼν
1565 877 1815 932 κτείνουσ

242 983 327 1019 σιν
364 967 414 1019 oi
470 967 682 1019 οίκέται
717 966 912 1020 αὑτοῦ.
962 967 1246 1021 Ἐντεῦθεν
1279 966 1371 1020 οὖν
1402 968 1431 1020 6
1457 966 1818 1034 Ἀϐεσσαλὼμ

242 1055 503 1126 πτοηθεὶς
532 1058 753 1125 φρονεῖν
780 1056 984 1128 ἦρξατο
1010 1058 1151 1111 κατὰ
1181 1059 1413 1127 πατρός.
1455 1057 1567 1111 Καὶ
1600 1056 1817 1128 πρῶτον

246 1148 342 1218 μὲν
372 1147 549 1200 πείθει
592 1148 752 1202 αὑτὸν
786 1151 814 1202 6
846 1149 1126 1218 ’Δχιτόφελ
1148 1149 1228 1211 είς
1257 1148 1356 1212 τὰς
1388 1148 1674 1210 παλλακάς
1702 1149 1819 1201 εἰσ-

243 1241 421 1293 ελθεῖν
471 1239 568 1293 τοῦ
619 1239 855 1317 Πατρδς,
886 1239 1077 1293 ἔπειτα
1113 1238 1474 1310 συμϐουλεύει
1508 1238 1657 1308 αύτῷ
1681 1238 1820 1308 μετὰ

247 1333 505 1403 στρατιᾶς
527 1332 771 1403 ὁρμῆσαι
802 1332 946 1385 κατὰ
975 1332 1070 1384 τοῦ
1102 1332 1287 1387 Δαϐίδ.
1320 1332 1414 1403 Μὴ
1439 1332 1819 1394 εἰσακουσθεὶς

244 1423 300 1474 δὲ
346 1422 436 1477 διὰ
483 1423 541 1476 τὸ
573 1423 786 1493 ἀγαθὴν
820 1422 967 1486 δόξαι
1016 1423 1116 1494 τὴν
1150 1424 1244 1477 τοῦ
1288 1426 1458 1478 Χουσὶ
1505 1423 1820 1495 συμϐουλὴν

249 1514 427 1585 (ἔτυχε
462 1513 571 1585 γὰρ
632 1513 784 1584 φίλος
817 1509 960 1568 εἶναι
1001 1515 1079 1585 τῷ
1127 1515 1293 1570 Δαϐὶδ
1326 1520 1354 1569 6
1384 1515 1578 1587 Χουσὶ)
1614 1517 1823 1589 ἀγχόνῃ

248 1608 542 1676 ἐχρήσατο.
575 1606 705 1659 Ἐπὶ
746 1606 803 1659 δὲ
835 1607 1013 1676 τούτῳ
1046 1593 1312 1659 διώκεταί
1336 1607 1536 1674 μᾶλλον
1572 1609 1599 1659 6
1624 1605 1820 1659 Ἀϐεσ-

250 1693 466 1764 σαλὼμ,
511 1695 605 1747 καὶ
632 1695 698 1765 δὴ
730 1695 1241 1763 καταλαμϐάνεται.
1277 1696 1422 1749 Ἀλλ’
1458 1690 1502 1748 ὦ
1527 1695 1821 1763 Δαϐιδικῆς

248 1784 461 1855 ψυχῆςι
506 1787 598 1837 καὶ
627 1785 864 1838 τοσαῦτα
899 1787 1009 1854 γάρ
1046 1786 1237 1838 παθὼν
1282 1785 1436 1857 παρὰ
1462 1786 1556 1838 τοῦ
1607 1802 1823 1854 πατρα-

250 1876 369 1929 λοία
391 1877 572 1944 ἔλεγε·
597 1895 615 1928 ι
643 1876 907 1930 Φείσασθε
935 1879 1030 1931 τοῦ
1063 1878 1353 1948 παιδαρίου
1386 1877 1761 1946 Ἀϐεσσαλώμ.
1796 1896 1815 1928 ι

1920 692 1969 746 ei
2004 690 2241 760 per'vim
2273 687 2456 743 oﬂ‘ert.
2488 687 2610 743 Mox
2641 698 2906 758 concepto
2933 688 2988 743 in
3029 704 3153 744 eam
3196 688 3322 741 odio
3350 687 3500 742 foras

1917 781 2174 837 violatam
2221 779 2395 847 ejicit.
2444 779 2538 833 Illa
2588 767 2714 834 non
2744 796 2934 848 parum
2990 789 3166 834 semet
3209 778 3495 841 afﬂictare,

1920 870 2073 925 fratri
2131 870 2462 925 Abesalomo
2509 885 2623 924 rem
2678 871 3030 939 patefacere;
3087 871 3180 940 qui
3234 870 3501 939 temporis

1917 964 2329 1034 opportunitate
2356 964 2670 1026 observata,
2701 979 2927 1016 suorum
2969 963 3035 1017 ad
3070 942 3334 1039 pecorum
3372 973 3503 1017 ton-

1917 1069 2102 1108 suram
2147 1054 2501 1123 proﬁciscens
2554 1054 2753 1109 fratres
2815 1069 2946 1108 suos
2993 1055 3256 1107 invitatos
3311 1068 3500 1109 secum

1918 1145 2163 1201 abducit.
2222 1143 2361 1198 Hinc
2422 1145 2645 1215 epulum
2719 1145 3032 1208 instruitur,
3087 1148 3504 1223 Amnonemque

1921 1237 2127 1292 factum
2191 1237 2511 1292 hilariorem
2564 1237 2878 1292 Abesalomi
2941 1236 3129 1291 fratris
3188 1236 3380 1290 famuli
3432 1252 3499 1289 ex

1921 1330 2227 1399 composito
2275 1339 2501 1385 necant.
2541 1330 2617 1383 Ex
2676 1345 2743 1384 eo
2797 1341 3044 1398 tempore
3096 1338 3350 1383 metuens
3401 1327 3507 1383 sibi

1921 1422 2284 1477 Abesalomus
2312 1417 2541 1478 consilia
2573 1423 2823 1492 quaedam
2862 1432 3055 1476 contra
3091 1430 3299 1490 patrem
3343 1420 3509 1475 moli-

1925 1524 2038 1568 tur.
2075 1515 2156 1570 Ae
2187 1516 2366 1585 primo
2394 1515 2614 1584 quidem
2645 1526 2837 1570 auctor
2862 1515 2915 1571 ei
2961 1515 3064 1569 fuit
3111 1512 3511 1583 Aebitopbelus

1923 1613 1985 1659 ut
2013 1605 2181 1672 patris
2210 1605 2547 1660 concubinas
2574 1605 2739 1659 iniret
2758 1622 2774 1670 ',
2793 1604 2994 1660 deinde
3022 1612 3081 1657 ut
3105 1619 3230 1658 cum
3265 1602 3510 1656 exercitu

1926 1694 2186 1749 Davidem
2232 1696 2539 1750 invaderet.
2577 1695 2776 1750 Verum
2823 1712 2945 1749 eum
2992 1695 3042 1748 ei
3078 1702 3367 1764 propterea
3402 1708 3513 1747 non

1925 1789 2418 1856 obtemperaretur,
2475 1789 2621 1857 quod
2686 1785 2904 1842 Chusaai
2966 1786 3258 1842 consilium
3316 1783 3514 1844 melius

1926 1894 2052 1934 esse
2079 1881 2255 1934 visum
2288 1881 2505 1945 fuisset,
2531 1881 2769 1935 hominis
2802 1879 2989 1933 Davidi
3016 1878 3172 1932 valde
3193 1875 3512 1934 familiaris.

263 1969 423 2023 Ἀλλὰ
480 1971 573 2022 καὶ
622 1971 717 2024 τοῦ
774 1972 932 2024 ἰωὰϐ
968 1973 1112 2025 κατὰ
1171 1972 1401 2041 καρδίας
1436 1972 1690 2040 βαλόντος
1729 1972 1823 2025 τὸν

1940 1970 2223 2038 suspendio
2272 1972 2436 2025 vitam
2471 1971 2610 2025 finit.
2647 1971 2963 2025 Secundum
2998 1972 3129 2024 haee.
3151 1969 3512 2023 Abesalomus

250 2062 630 2131 Ἀϐεσσαλὼμ,
667 2065 836 2134 ἡνίκα
864 2066 941 2135 τῷ
995 2066 1198 2147 δένδρῳ
1228 2066 1538 2139 ἀπῃωρήθιι
1566 2066 1675 2119 τῶν
1708 2082 1827 2135 τρι-

251 2151 382 2219 χῶν,
418 2151 719 2221 ὲθρήνησεν
750 2153 993 2224 ἄμετρα.

1933 2061 2140 2132 impetu
2181 2064 2373 2131 majori
2411 2073 2619 2134 patrem
2658 2064 3038 2135 persequitur:
3064 2065 3160 2118 sed
3188 2064 3363 2118 haeret
3395 2072 3519 2117 tau-

1933 2153 2078 2207 dem.
2128 2156 2307 2222 Atque
2349 2155 2437 2211 hic
2482 2156 2615 2210 mihi
2660 2152 2985 2210 Davidicum
3018 2155 3263 2208 animum
3306 2155 3514 2223 aspice.

251 2239 572 2308 Quanquam
622 2246 746 2299 talia
810 2255 1075 2316 tantaque
1122 2261 1420 2317 perpessus
1458 2259 1489 2300 a
1547 2242 1822 2315 parricida
1865 2242 2082 2307 fuisset,
2142 2246 2500 2301 nihilominus
2568 2247 2622 2300 in
2653 2247 2768 2301 haee
2803 2247 2969 2302 verba
3012 2260 3145 2301 suos
3176 2245 3516 2315 alloquitur:
3582 2250 3597 2259 '

258 2350 277 2385 ι
314 2331 528 2388 Parcite
589 2333 776 2404 juveni
808 2336 1136 2391 Abesalomo
1160 2337 1226 2391 ⁸⁸.
1264 2355 1282 2388 ι
1328 2334 1496 2402 ldem,
1529 2350 1652 2390 cum
1719 2333 2084 2390 Abesalomus
2132 2337 2319 2391 arbori
2367 2338 2615 2393 crinibus
2670 2338 2891 2394 innexis
2947 2337 3298 2399 adbaasisset,
3352 2351 3520 2406 supra

251 2428 474 2482 modum
504 2428 869 2484 calamitatem
908 2432 1027 2500 ejus
1057 2431 1387 2500 deploravit.

323 2521 416 2590 Τῷ
443 2524 633 2589 μέντοι
673 2526 836 2578 Δαϐὶδ
875 2524 1177 2594 μελετῶντι
1205 2523 1330 2576 ναὸν
1365 2522 1719 2592 οἰκοδομῆσαι
1749 2522 1827 2593 τῷ

256 2616 449 2686 Κυρίῳ
482 2617 637 2671 εἶπεν
689 2620 718 2671 6
765 2616 952 2670 Νάθαν
973 2632 989 2648 ·
1033 2634 1054 2667 ι
1086 2615 1272 2670 Πάντα
1303 2594 1403 2669 δσα
1429 2616 1487 2667 ὲν
1531 2617 1596 2684 τῇ
1631 2615 1830 2685 καρδίᾳ

256 2726 347 2762 σου
383 2709 566 2778 βάδιζε
595 2708 688 2764 καὶ
720 2708 883 2773 ποίει,
912 2708 1152 2772 ὅτιθεὸς
1188 2708 1329 2777 μετὰ
1364 2705 1482 2759 σοῦ.
1520 2725 1540 2758 ι
1561 2705 1828 2776 Ἡγνόησε

254 2803 364 2873 γὰρ
392 2803 488 2855 καὶ
514 2795 666 2863 οὗτος
699 2801 760 2855 τὸ
789 2801 1002 2870 μέλλον,
1030 2801 1105 2864 ὡς
1136 2801 1164 2852 6
1196 2798 1454 2870 Σαμουὴλ
1480 2799 1573 2852 τὸν
1602 2799 1830 2868 χρισθη-

256 2895 486 2964 σόμενον
517 2894 631 2946 υίδν
662 2893 754 2946 τοῦ
786 2894 1011 2957 Ἰεσσαὶ,
1045 2896 1141 2948 καὶ
1163 2892 1237 2954 ὼς
1256 2894 1284 2945 6
1326 2891 1631 2955 Ἐλισσαῖος
1650 2892 1711 2945 τὸ
1730 2891 1831 2960 τῆς

2013 2518 2330 2576 Secundum
2381 2521 2497 2577 haec
2521 2522 2789 2592 cOgitanti
2824 2541 2948 2580 cum
2985 2525 3171 2580 animo
3199 2539 3299 2580 suo
3330 2519 3525 2577 Davidi

1937 2610 2007 2666 de
2048 2613 2249 2681 templo
2296 2612 2348 2665 in
2391 2615 2661 2669 honorum
2700 2615 2908 2670 domini
2935 2618 3270 2671 exstruendo
3310 2614 3525 2667 Natbau

1938 2705 2252 2772 respondet,
2296 2705 2560 2774 quidquid
2602 2722 2792 2761 secum
2823 2709 3003 2763 facere
3035 2706 3438 2767 constituisset,
3471 2705 3525 2757 id

1939 2793 2118 2846 moliri
2156 2792 2267 2848 Deo
2302 2798 2544 2851 secundo
2573 2806 2848 2868 pergeret.
2892 2798 3184 2869 lgnorabat
3209 2798 3357 2850 enim
3378 2806 3528 2849 vates

1931 2885 2062 2954 quid
2110 2884 2350 2941 futurum
2408 2897 2590 2953 esset,
2640 2891 3107 2958 quemadmodum
3168 2886 3525 2959 inungendus

256 2984 609 3053 Σομανίτιδος
654 2984 850 3045 πάθος.
900 2983 1234 3055 Νύκτωρδὲ
1283 2984 1572 3051 ἐπιφανεὶς
1628 2981 1777 3054 αὐτῷ
1806 2983 1834 3037 6

1940 2976 2123 3035 lessasi
2155 2978 2297 3033 filius
2322 2994 2350 3033 a
2387 2978 2648 3034 Samuelo
2686 2996 2792 3034 non
2827 2982 3254 3050 agnoscebatur,
3288 2992 3344 3032 et
3385 2976 3526 3033 litis-

258 3075 461 3143 Κύριος
486 3074 588 3143 ἔφη
608 3091 621 3105 ·
661 3093 678 3127 ι
718 3075 1109 3145 Πορεύου,οκαὶ
1139 3074 1262 3127 εἰπὲ
1313 3074 1391 3142 τῷ
1419 3073 1591 3140 δούλῳ
1628 3091 1730 3144 μου
1759 3073 1834 3145 τῷ

1940 3087 2078 3128 sanus
2106 3072 2471 3126 calamitatem
2497 3071 2856 3128 Sumanitidis
2876 3075 3186 3142 ignorabat.
3215 3070 3324 3126 Sed
3354 3078 3526 3125 noctu

257 3163 454 3216 Δαϐίδ’
504 3163 627 3217 Ὅτι
676 3165 739 3215 οὐ
800 3164 865 3215 σὺ
931 3163 1310 3233 οἱκοδομήσεις
1368 3180 1473 3233 μου
1520 3157 1692 3231 οἷκον,
1754 3164 1834 3217 ὅτι

1940 3163 2084 3217 Deus
2107 3160 2344 3216 Natbani
2376 3173 2706 3232 conspectus
2734 3165 2911 3230 inquit
2937 3182 2952 3218 :
2982 3182 3001 3215 ι
3027 3164 3129 3218 Abi
3161 3162 3530 3233 significatum

178 3303 184 3307 _
264 3258 476 3326 αἵματα
513 3255 684 3310 πολλὰ
722 3256 942 3327 ἐξέχεας
980 3257 1071 3309 ὲπὶ
1097 3258 1196 3325 τῆς
1229 3257 1331 3327 γῆς
1365 3257 1608 3311 ἐναντίον
1642 3275 1768 3328 μου.
1810 3275 1831 3309 ›

1944 3256 2147 3310 famulo
2178 3270 2298 3308 meo
2334 3254 2545 3319 Davidi,
2576 3270 2686 3308 non
2727 3254 2906 3322 ipsum
2936 3271 3056 3310 esse
3090 3256 3184 3327 qui
3214 3254 3386 3310 aedem
3422 3253 3536 3308 Do-

263 3347 432 3402 Τοῦτο
460 3349 519 3402 δὲ
554 3351 810 3420 εἰρῆσθαι
845 3351 994 3406 δοκεῖ
1014 3352 1093 3406 εἰς
1122 3350 1393 3418 ὠφέλειαν
1421 3350 1530 3404 τῶν
1562 3350 1660 3414 τὰς
1688 3368 1840 3420 μιαι-

262 3442 450 3507 φονίας
497 3441 921 3509 ὲργαξομένων’
977 3442 1099 3494 οὐδὲ
1171 3443 1278 3511 γὰρ
1334 3441 1399 3495 ἂν
1430 3442 1640 3495 δίκαιον
1679 3442 1839 3508 φόνον

263 3526 550 3596 ἐμέμψατο
577 3527 655 3597 τῷ
688 3528 901 3597 βασιλεῖ
926 3529 952 3581 6
979 3529 1073 3582 τοῦ
1100 3530 1284 3593 Φινεὲς
1314 3532 1409 3583 τὸν
1429 3531 1642 3584 δίκαιον
1678 3531 1840 3599 φόνον

264 3618 457 3682 θυσίας
493 3621 972 3690 προσαγορεύσας.
1010 3622 1127 3688 Ἐφ’
1150 3614 1193 3687 ᾧ
1224 3623 1317 3674 καὶ
1350 3622 1535 3674 δίδωσι
1561 3622 1724 3674 Δαϐὶδ
1747 3624 1843 3673 Σε-

263 3710 501 3781 λομῶντι
538 3713 615 3781 τῷ
646 3712 747 3781 υίῷ
776 3712 943 3765 αὐτοῦ
968 3712 1028 3765 τὸ
1059 3714 1414 3783 παράδειγμα
1443 3713 1537 3766 τοῦ
1574 3714 1705 3768 ναοῦ
1749 3716 1844 3768 καὶ

264 3802 370 3854 τῶν
400 3803 565 3857 οἴκων
593 3802 780 3857 αὐτοῦ.
825 3803 1008 3855 Πάντα
1038 3805 1094 3856 ὲν
1121 3808 1307 3874 γραφῇ
1340 3807 1403 3857 ἐκ
1424 3806 1601 3876 χειρὸς
1631 3806 1839 3874 Κυρίου

265 3894 496 3947 δέδωκεν
526 3893 692 3964 αὐτῷ.
730 3893 893 3949 Ἀλλά
922 3897 1013 3948 καὶ
1037 3897 1200 3958 αὐτὸς
1232 3900 1257 3949 ὁ
1288 3896 1496 3960 Νάθαν,
1521 3897 1683 3966 ήνίκα
1704 3896 1841 3965 πρὸς

266 3986 427 4039 αὖτ’,ν
462 3987 741 4056 ἀπεστάλη
783 3987 938 4056 παρὰ
986 3987 1143 4052 Θεοῦ,
1202 3988 1358 4040 εἰπε·
1400 4008 1416 4039 ι
1449 3990 1629 4042 Καλὸν
1686 3990 1844 4042 τοῦτο

267 4080 553 4148 ἐποίησας,
599 4081 682 4133 ὅτι
717 4080 958 4152 ἐγενήθη
997 4083 1055 4135 ἐν
1089 4083 1153 4151 τῇ
1200 4081 1401 4152 καρδίᾳ
1452 4099 1546 4132 σου
1583 4082 1713 4151 περὶ
1747 4081 1842 4133 τοῦ

268 4171 623 4241 οἰκοδομῆσαι
650 4167 800 4224 οἷκον
824 4187 837 4201 ν
866 4170 982 4224 ἀλλ’
1011 4172 1071 4224 οὐ
1112 4172 1199 4238 σὺ,
1225 4168 1579 4242 οἰκοδομήσει
1600 4174 1629 4224 6
1659 4175 1722 4226 ἐκ
1745 4174 1840 4226 σοῦ

267 4263 342 4317 δέ.
381 4281 402 4316 ι

1949 3348 2100 3401 mino
2126 3346 2199 3400 sit
2229 3354 2632 3412 exstructurus,
2663 3347 2893 3401 multum
2924 3348 3072 3401 enim
3106 3347 3177 3401 ab
3211 3362 3278 3400 eo
3309 3346 3537 3414 sangui-

1950 3439 2035 3492 nis
2070 3454 2194 3493 esse
2247 3438 2426 3492 fusum
2448 3438 2517 3490 ".
2554 3456 2572 3488 ι
2623 3437 2781 3504 Quod
2826 3438 3047 3508 quidem
3082 3451 3424 3508 postremum
3465 3437 3536 3491 ad

1944 3530 2237 3585 utilitatem
2268 3547 2458 3585 eorum
2500 3530 2709 3585 dictum
2739 3546 2866 3586 esse
2900 3532 3123 3585 videtur
3157 3532 3251 3599 qui
3289 3531 3537 3586 caedibus

1944 3638 2065 3677 sese
2103 3622 2486 3691 coinquinant.
2522 3623 2655 3676 Nam
2707 3624 3003 3693 caeteroqui
3061 3624 3291 3677 minime
3332 3634 3537 3692 putan-

1945 3714 2075 3767 dum
2113 3725 2196 3768 est
2237 3715 2407 3767 Deum
2445 3714 2569 3768 huic
2602 3717 2711 3786 regi
2749 3718 2927 3771 caedes
2968 3716 3148 3784 justas
3200 3716 3540 3786 exprobrare

1950 3806 2208 3873 voluisse,
2225 3820 2348 3859 cum
2375 3815 2742 3874 perpetratum
2765 3822 2793 3859 a
2817 3807 3086 3861 Pliineaso
3109 3807 3312 3861 easdem
3339 3809 3541 3875 aequis-

1951 3897 2146 3951 simam
2188 3896 2442 3951 διιόῐὶίὶυῆ
2468 3899 2707 3950 ‘nomine
2743 3897 3023 3965 dignetur.
3069 3897 3222 3952 lianc
3261 3898 3428 3967 igitur
3466 3899 3538 3953 ob

1953 4005 2175 4044 causam
2208 3989 2443 4043 Davides
2478 3989 2761 4043 Salomoni
2792 3991 2902 4043 tilio
2932 4006 3034 4044 suo
3063 3992 3231 4045 t-radit
3254 3992 3540 4056 exemplar

1950 4084 2275 4139 exstruendi
2304 4085 2491 4155 templi
2522 4096 2578 4139 et
2608 4085 2969 4139 aedificiorum
3003 4087 3146 4155 eius,
3180 4088 3344 4154 idque
3376 4102 3539 4140 manu

1950 4179 2167 4234 Domini
2202 4195 2546 4248 expressum.
2578 4178 2791 4232 Nathan
2826 4192 2996 4244 certe,
3032 4196 3154 4234 cum
3181 4181 3247 4234 ad
3281 4180 3540 4234 Daviilem

1948 4284 1978 4323 a
2029 4270 2143 4324 Deo
2192 4269 2390 4324 fuisset
2431 4269 2740 4341 ablegatus,
2778 4270 3015 4324 ostendit
3062 4285 3186 4324 eum
3233 4271 3320 4325 his
3373 4270 3541 4323 rebus

270 4357 377 4413 filio
402 4358 779 4429 relinquendis
805 4370 1140 4432 occupatum
1209 4361 1399 4419 fuisse.
1438 4363 1603 4435 179
1671 4360 1923 4430 Factum,
1968 4363 2169 4432 inquit,
2217 4364 2314 4418 abs
2362 4372 2416 4417 te
2467 4362 2751 4434 praeclare,
2798 4363 2943 4432 quod
2989 4363 3303 4433 bujusmodi
3354 4377 3544 4417 curam

271 4455 573 4522 susceperis
599 4453 667 4508 de
701 4454 885 4523 templi
916 4464 1192 4510 structura
1224 4472 1237 4508 :
1272 4473 1385 4511 non
1420 4468 1603 4513 tamen
1646 4473 1708 4514 ea
1742 4472 1842 4528 per
1880 4465 1953 4521 te,
1981 4458 2077 4514 sed
2105 4468 2292 4512 natum
2327 4473 2392 4511 ex
2428 4466 2480 4512 te
2510 4458 2677 4510 lilium
2712 4457 3045 4525 perlicietnr.

336 4545 399 4599 Εί
431 4545 528 4600 καὶ
569 4546 918 4617 μακροθυμεῖ
945 4551 972 4603 6
1013 4548 1146 4612 Θεὸς
1180 4550 1282 4619 τῆς
1314 4550 1594 4621 ἁμαρτίας
1635 4550 1834 4621 τολμω

2025 4548 2444 4604 Observandum
2477 4548 2659 4602 obiter
2689 4548 2833 4617 quod
2869 4545 3084 4601 tametsi
3127 4546 3272 4600 Deus
3300 4544 3545 4600 farinore

277 4638 461 4707 μένης,
494 4639 609 4693 ἀλλ’
642 4638 739 4709 ὀψέ
770 4658 902 4694 ποτε
926 4641 1165 4707 κολάζει.
1196 4643 1302 4696 Ἴδε
1340 4644 1449 4715 γὰρ
1474 4645 1555 4697 ὅτι
1584 4645 1723 4714 μετὰ
1744 4643 1853 4697 τῶν

275 4730 308 4781 Γ
313 4731 629 4784 αϐαωνιτῶν
659 4733 711 4784 oi
755 4732 1095 4805 Ἰσραηλῖται
1136 4736 1432 4789 συνέθεντο
1482 4736 1557 4807 μὴ
1592 4735 1851 4803 φονεῦσαι

274 4824 482 4888 αὐτοὺς,
541 4825 569 4877 6
620 4824 677 4877 δὲ
741 4826 913 4880 Σαοὺλ
970 4827 1068 4880 σὺν
1142 4831 1253 4892 τοῖς
1306 4828 1487 4891 ἅλὶοις
1535 4829 1852 4894 ἀλλοφύλοις

273 4918 361 4970 καὶ
415 4916 618 4980 αὐτοὺς
672 4918 985 4971 ἀπέκτεινε.
1046 4919 1157 4981 Τὰς
1214 4921 1398 4988 μέντοι
1453 4920 1549 4973 τοῦ
1604 4921 1846 4973 τοιούτου

273 5009 621 5080 τολμήματος
653 5010 811 5074 δίκας
841 5014 935 5064 ἐπὶ
966 5011 1062 5064 τοῦ
1094 5013 1259 5065 Δαϐὶδ
1306 5012 1625 5082 εἰσέπραξε,
1659 5014 1848 5082 λοιμξν

273 5099 605 5167 ἐπενεγκών.
639 5102 750 5156 Καὶ
777 5105 827 5155 εί
865 5102 941 5173 μὴ
975 5102 1104 5165 τοὺς
1140 5106 1233 5156 τοῦ
1263 5105 1436 5158 Σαοὺλ
1467 5106 1611 5157 ἑπτα
1652 5106 1848 5166 παῖδας

273 5191 592 5261 ἐφόνευσαν,
621 5195 723 5245 οὐκ
753 5192 819 5246 ἂν
852 5197 883 5263 ὴ
919 5194 1039 5246 θεία
1078 5195 1218 5264 ὀργὴ
1252 5196 1450 5250 ἔπαυε.
1486 5197 1849 5265 Μανθάνομεν

274 5282 359 5336 οὖν
389 5285 456 5336 ἐκ
482 5283 678 5337 τούτου
713 5285 788 5349 ὡς
817 5288 1007 5353 γένους
1038 5289 1065 5340 6
1087 5288 1369 5357 Δεσπότης
1397 5289 1496 5341 οὐκ
1516 5285 1626 5341 οἶδε
1658 5290 1848 5357 διαφο-

280 5372 390 5440 ρὰν,
438 5372 577 5426 ἀλλὰ
619 5377 730 5438 τοῖς
781 5375 1158 5447 ἠδικημένοις,
1193 5377 1299 5437 κᾶν
1340 5377 1654 5444 ἀλλιιγενείς
1688 5373 1843 5444 ὦσιν,

279 5464 536 5536 ὲπαμύνει
570 5465 793 5529 δικαίως
825 5468 980 5531 Θεὸς.
1028 5468 1133 5520 Καὶ
1176 5469 1340 5531 αὐτὸς
1367 5471 1395 5520 6
1425 5468 1591 5522 Δαϐὶδ
1613 5470 1704 5522 τὸν
1745 5471 1850 5523 Οὐ-

283 5553 394 5621 ρίαν
432 5553 703 5621 ἀδικήσας
743 5554 1045 5624 ἀλλόφυλον
1087 5555 1221 5609 ὅντα
1257 5538 1543 5626 (Χετταῖος
1587 5558 1718 5626 γάρ)
1750 5561 1851 5613 οὐκ

282 5646 625 5718 ἀτιμώρητος
656 5647 863 5715 ἔμεινε.
892 5650 965 5702 Τὸ
992 5650 1049 5702 δὲ
1083 5649 1347 5719 μοιχίδιον
1379 5650 1602 5719 βρέφος,
1633 5650 1661 5703 ὃ
1696 5652 1855 5721 πρῶ·

281 5741 446 5808 τοντῇ
476 5738 762 5809 Βηρσαϐεὲ
786 5741 978 5809 γέγονε
1007 5742 1365 5814 μοιχευθείσῃ
1395 5742 1473 5812 τῷ
1495 5743 1684 5810 Δαϐὶδ,
1713 5744 1854 5800 ἐπά-

341 5896 384 5930 ⁸⁸
416 5897 459 5953 11
491 5896 621 5965 Reg.
660 5914 816 5968 xvnt,
848 5899 900 5956 5.
976 5902 1021 5936 ⁸³
1055 5899 1073 5955 1
1111 5901 1291 5958 Paral.
1323 5916 1458 5971 xvu,
1482 5902 1536 5957 1.

1959 4641 2193 4713 quodam
2231 4642 2521 4711 designato
2571 4640 2731 4711 longa
2774 4650 2961 4694 utatur
3003 4638 3286 4707 patientia,
3324 4638 3543 4694 tandem

1962 4743 2145 4788 tamen
2179 4732 2481 4804 aliquanJo
2515 4734 2724 4802 puniat.
2766 4732 2899 4800 Ejus
2932 4731 3014 4785 rei
3048 4731 3169 4785 licet
3205 4746 3234 4783 a
3265 4729 3546 4785 GabaOni-

1961 4824 2031 4879 tis
2053 4812 2363 4894 exemplum
2393 4835 2602 4894 petere.
2635 4824 2786 4879 Pacti
2814 4841 2937 4878 rum
2969 4823 3295 4878 Gabaonitis
3328 4824 3547 4878 fuerant

1960 4918 2201 4972 Israeliei
2241 4934 2350 4970 non
2383 4933 2441 4971 se
2476 4917 2601 4971 illos
2632 4918 3086 4988 interempturos.
3119 4917 3188 4971 At
3218 4915 3421 4970 Saulus
3448 4931 3547 4971 eos

1955 5009 2318 5064 nihilominus
2359 5025 2467 5064 una
2521 5025 2645 5063 cum
2684 5010 2894 5064 exteris
2937 5008 3258 5063 nationibus
3316 5009 3547 5081 reliquis

1959 5104 2185 5158 excidit.
2224 5103 2360 5170 Ejus
2395 5103 2660 5158 fut-inuris
2685 5119 2879 5175 poenas
2904 5103 3051 5158 Deus
3082 5118 3178 5172 per
3217 5102 3421 5158 illatam
3456 5121 3548 5157 re—

1959 5203 2161 5260 gnante
2215 5191 2420 5247 Davide
2472 5191 2669 5246 famem
2719 5192 2922 5262 exegit.
2965 5193 3123 5258 Quod
3174 5194 3280 5248 nisi
3337 5204 3547 5263 septem

1956 5283 2107 5338 Sauli
2152 5283 2245 5338 (liii
2290 5285 2526 5341 inissent
2568 5287 2912 5356 interempti,
2956 5286 3038 5342 ira
3076 5288 3173 5342 Dei
3203 5303 3312 5343 non
3342 5304 3550 5344 cessas-

1955 5386 2058 5432 set.
2086 5375 2222 5430 ilioe
2246 5376 2684 5432 animadvertere
2714 5378 2841 5433 licet
2872 5378 3164 5433 Dominum
3195 5383 3410 5451 generis
3438 5379 3547 5435 dis-

1954 5467 2164 5523 crimen
2190 5468 2397 5523 nullum
2430 5469 2751 5532 admittere,
2780 5472 2876 5525 sed
2908 5472 3134 5528 affectos
3163 5473 3383 5543 injuria,
3405 5482 3546 5527 tam-

1956 5560 2059 5614 etsi
2112 5560 2334 5630 generis
2362 5559 2564 5614 diversi
2620 5570 2676 5613 et
2716 5563 2984 5632 peregrini
3026 5565 3156 5627 sint,
3189 5565 3338 5634 justo
3391 5564 3542 5632 jndi-

1957 5654 2046 5708 cio
2077 5669 2178 5707 suo
2205 5653 2506 5707 vindicare.
2549 5651 2691 5719 Quin
2726 5654 2892 5708 etiam
2937 5656 3053 5725 ipse
3100 5655 3360 5720 Davides,
3398 5653 3545 5723 quod

1965 5747 2150 5803 Uriam
2184 5762 2284 5819 per
2320 5746 2502 5802 scelus
2534 5745 2829 5818 violasset,
2866 5747 3163 5802 hominem
3211 5747 3547 5817 cmtcroquin
