4054 6480
289 419 393 484 365

1537 404 1942 468 ANNALIUM
1976 405 2183 469 PARS
2220 407 2303 467 ΙΙ.
2404 476 2407 479 _

3442 416 3552 493 θέε

287 536 490 590 τούτων
538 531 605 602 τῇ
660 526 936 599 Βερσαὸεὲ
995 519 1129 596 (οἶδε
1193 522 1304 593 γὰρ
1359 521 1454 598 τὸν
1516 520 1719 574 σκοπὴν
1765 517 1859 571 τοῦ

1975 519 2472 594 beaeaperit(norat
2508 526 2655 579 enim
2700 525 2791 581 Dei
2832 537 3071 583 mentem
3121 536 3287 597 atque
3332 529 3554 584 institu-

288 626 467 699 Θεοῦ),
499 624 641 692 αῦτη
695 622 752 676 δὲ
793 619 990 691 μηνύει
1032 617 1112 687 τῷ
1142 614 1325 669 Δαϐίδ.
1372 612 1434 687 ὀ
1486 613 1671 684 μέντοι
1699 608 1863 663 Δαϐἰδ

286 720 351 776 δι’
379 715 579 773 ἑαυτοῦ
617 714 718 785 μὲν
763 715 857 766 τὸν
902 709 1060 768 ἰωὰὸ
1092 705 1412 778 τιμωρῆσαι
1465 703 1541 775 μὴ
1590 700 1858 772 θελήσας,

288 809 384 866 ἅτε
430 809 575 880 ὑπὲρ
609 805 781 862 αὐτοῦ
816 803 988 859 πολλὰ
1037 800 1406 865 κοπιᾶσαντα,
1444 795 1525 868 τῷ
1553 792 1864 865 Σολομῶντι

290 902 548 971 παραινεῖ
589 900 909 954 ἀποκτεῖναι
957 895 1142 959 αὐτὸν,
1188 894 1276 949 ἵνα
1335 892 1412 965 μὴ
1461 890 1563 961 τῆς
1608 888 1866 958 νεότητος

290 993 454 1048 αὐτοῦ
481 992 895 1063 καταφρονήσῃ.
937 987 1020 1042 Τὰ
1053 987 1195 1042 αὐτὰ
1228 986 1288 1045 δὲ
1316 983 1681 1056 συμϐουλεύει
1711 979 1866 1042 αὑτῷ

290 1090 384 1142 καὶ
429 1088 562 1157 περὶ
599 1085 696 1138 τοῦ
731 1082 929 1153 Σεμεεὶ
958 1081 1034 1145 ὠς
1060 1082 1310 1151 ἀρχηγοῦ
1339 1079 1516 1142 Βντος,
1561 1076 1611 1128 εί
1641 1074 1735 1129 καὶ
1766 1073 1866 1126 a6-

289 1181 373 1245 τὸς
400 1179 692 1252 ἐκαρτέρει
724 1176 897 1247 πολλὰ
921 1177 1017 1228 καὶ
1043 1174 1311 1237 πολλάκις
1342 1168 1703 1242 ὑϐριζόμενος
1729 1163 1865 1234 παρ’

289 1273 475 1328 αὑτοῦ.
510 1274 720 1342 Κρατεῖ
748 1272 776 1323 6
807 1268 1083 1339 Σολομῶν,
1118 1267 1215 1322 καὶ
1254 1263 1565 1334 τηνικαῦτα
1588 1261 1682 1316 τὸν
1713 1261 1867 1315 ἀδελ-

291 1365 387 1435 φὸν
409 1363 575 1419 αὐτοῦ
624 1362 841 1433 Ὀρνίαν
876 1359 1120 1431 φονεύει.
1150 1357 1313 1414 Ἀλλὰ
1343 1357 1441 1412 καὶ
1474 1355 1567 1409 ἐπὶ
1595 1352 1672 1426 τῷ
1700 1351 1863 1409 Ἰωὰϐ

288 1457 552 1521 ὡσαύτως
600 1457 767 1520 ποιεῖ,
799 1453 903 1509 κᾶν
956 1451 1035 1523 τῷ
1090 1449 1209 1521 Θεῷ
1251 1448 1605 1521 προσέφυγεν
1632 1462 1648 1479 ο
1684 1448 1713 1500 6
1754 1445 1863 1519 γὰρ
1908 1518 1914 1527 ⁸

290 1550 428 1613 θεῖος
458 1549 623 1618 νόμος
653 1545 745 1600 τὸν
770 1541 1235 1615 προσπεφευγότα
1268 1540 1347 1613 τῷ
1381 1539 1497 1612 ναῷ
1530 1538 1862 1610 ἀνδροφόνον

288 1633 629 1704 ἀναιρεῖσθαι
661 1628 1013 1701 προσέταξεν.

372 1726 431 1780 '0
474 1722 728 1793 Σολομῶν
788 1722 846 1773 ὲν
899 1704 1208 1790 χιλιόμόοιν
1262 1714 1593 1788 ἱερατεύσας
1650 1712 1862 1767 ἱκέτευε

288 1813 378 1868 τὸν
427 1812 579 1877 Θεὸν,
605 1811 702 1863 καὶ
754 1807 948 1876 σοφίας
990 1810 1179 1879 τυχεῖν
1224 1806 1398 1878 ᾔτησε
1438 1806 1535 1858 καὶ
1563 1804 1857 1883 συνέσεως.

293 1904 468 1975 Ὠφθη
496 1873 733 1970 δὲάὐτῷ
751 1873 953 1972 Κύριος
987 1901 1044 1953 ὲν
1062 1873 1356 1970 ,ῦπνῳηκαὶ
1386 1893 1561 1950 εἴπεν·
1591 1876 1864 1967 ιᾉίτησαι
1891 1873 1941 1934 Β

288 1995 350 2049 τδ
388 1995 597 2064 αίτημα
655 1990 891 2062 σεαυτῷ.
926 2010 946 2043 ι
993 1989 1054 2044 Ὀ
1085 1988 1139 2042 δὲ
1175 1985 1297 2042 εἷπε
1330 2004 1343 2019 ·
1375 2006 1394 2041 ι
1435 1988 1506 2041 Σὺ
1531 1986 1740 2050 ἔδωκας
1772 1986 1864 2040 τὸν

289 2084 475 2139 δοῦλόν
516 2100 611 2138 σου
651 2083 775 2137 ἀντὶ
825 2081 991 2135 Δαόὶδ
1045 2079 1141 2134 τοῦ
1193 2078 1402 2149 πατρός
1450 2095 1576 2150 μου,
1606 2080 1704 2133 καὶ
1751 2076 1866 2147 ἐγώ

290 2178 407 2247 εἰμι
442 2175 730 2246 παιδάριον
763 2173 984 2245 μικρὸν,
1016 2172 1114 2225 καὶ
1144 2170 1252 2241 ἐγὼ
1288 2172 1390 2225 οὐκ
1433 2167 1554 2225 οἶδα
1585 2171 1685 2241 τὴν
1719 2171 1865 2225 εἴσο-

288 2271 378 2325 δόν
414 2286 516 2339 μου
563 2269 659 2321 καὶ
694 2268 792 2338 τὴν
835 2264 1021 2330 ἔξοδόν
1060 2281 1188 2336 μου,
1217 2265 1312 2317 καὶ
1352 2264 1550 2321 δώσεις
1582 2262 1660 2334 τῷ
1692 2262 1867 2333 δούλῳ

292 2377 386 2413 σου
424 2358 651 2429 καρδίαν
684 2355 907 2410 ἀκούειν
945 2356 1040 2409 καὶ
1071 2353 1373 2424 διακρίνειν
1407 2351 1500 2406 τὸν
1531 2351 1661 2405 λαόν
1689 2367 1785 2403 σου
1812 2351 1869 2403 ὲν

288 2452 632 2524 δικαιοσύνῃ.
663 2468 682 2502 ι
707 2451 817 2504 Καὶ
859 2445 981 2502 εἷπε
1009 2447 1214 2517 Κύριος
1244 2447 1381 2514 πρὸς
1439 2444 1625 2511 αὑτὸν,
1667 2462 1686 2496 ι
1720 2441 1868 2496 Ἀνθ’

289 2539 365 2599 ὧν
397 2545 586 2616 ᾐτήσω
616 2543 748 2612 παρ’
789 2541 921 2613 ἐμοῦ
957 2540 1018 2593 τὸ
1061 2539 1213 2610 ῥῆμα
1251 2537 1434 2601 τοῦτο,
1478 2537 1573 2590 καὶ
1602 2535 1702 2605 οὐχ
1728 2535 1871 2605 ἡμέ-

295 2656 394 2709 ρας
423 2636 626 2700 πολλὰς
675 2634 798 2691 οὐδὲ
844 2632 1081 2686 πλοῦτον
1130 2630 1255 2686 οὐδὲ
1290 2628 1468 2700 ψυχὰς
1509 2626 1723 2698 ἐχθρῶν
1749 2642 1869 2693 σου,

293 2726 408 2780 ἀλλ’
439 2727 628 2796 ᾐτήσω
677 2721 904 2791 τεαυτῷ·
942 2721 1160 2775 σύνεσιν
1198 2717 1292 2772 τοῦ
1347 2716 1657 2770 εἰσακούειν
1692 2715 1869 2786 ῥῆμα,

296 2818 406 2872 ἰδοὺ
438 2815 718 2884 πεποίηκα
748 2815 891 2868 κατὰ
940 2814 1000 2866 τὸ
1033 2811 1187 2884 ῥῆμά
1218 2827 1336 2864 σου.
1382 2810 1515 2865 Ἰδοὺ
1543 2809 1755 2862 δέδωκά
1786 2825 1871 2862 σοι

292 2911 525 2982 καρδίαν
566 2908 853 2979 -φρονίμην
889 2906 987 2959 καὶ
1014 2905 1208 2975 σοφὴν,
1243 2905 1343 2974 ὅση
1400 2902 1462 2955 06
1513 2900 1740 2971 γέγονεν
1767 2900 1869 2971 ἔμ-

293 3004 533 3074 προσθέν
564 3020 681 3064 σου,
707 3002 801 3054 καὶ
831 2998 971 3068 μετὰ
1005 2998 1063 3052 σὲ
1086 2998 1146 3050 06
1170 2998 1467 3067 γενήσεται
1492 2994 1677 3066 ὅμοιός
1707 3010 1790 3048 σοι
1816 2995 1873 3048 ὲν

304 3096 609 3168 βασιλεῦσι.
652 3093 765 3148 Καὶ
823 3093 917 3146 ἐὰν
967 3089 1243 3161 πορευθῇς
1288 3090 1345 3142 ὲν
1374 3091 1440 3159 τῇ
1496 3086 1601 3158 όδῷ
1639 3103 1767 3158 μου,
1795 3084 1874 3151 ὡς

293 3189 458 3244 Δαΰὶδ
505 3189 533 3240 6
587 3186 773 3256 πατήρ
820 3202 939 3250 σου,
978 3181 1235 3251 πληθυνῶ
1290 3182 1391 3244 τὰς
1445 3179 1660 3251 ἡμέρας
1695 3193 1814 3232 σου.
1844 3194 1865 3229 ι

294 3284 447 3337 Μετὰ
481 3280 654 3333 ταῦτα
677 3276 954 3347 οἰκοδομεῖ
984 3273 1112 3329 ναὸν
1137 3272 1214 3344 τῷ
1246 3271 1392 3343 Θεῷ,
1423 3272 1519 3329 καὶ
1549 3272 1696 3324 αἰτεῖ
1729 3264 1873 3324 εἶναι

294 3374 418 3435 τοὺς
475 3369 789 3441 ὀφθαλμοὺς
839 3365 1007 3420 αὐτοῦ
1055 3363 1445 3436 ἀνεῳγμένους
1480 3363 1572 3415 ἐπὶ
1603 3361 1697 3416 τὸν
1727 3361 1875 3415 θεῖον

295 3460 445 3520 οἷκον
475 3462 571 3516 καὶ
598 3458 904 3515 εἰσακούειν
934 3457 1136 3513 αὐτῶν.
1189 3456 1298 3511 Καὶ
1348 3453 1504 3525 ὤφθη
1542 3453 1748 3525 Κύριος
1795 3450 1874 3523 τῷ

299 3555 606 3626 Σολομῶντι
656 3553 933 3623 δεύτερον,
968 3547 1154 3611 καθὼς
1199 3546 1355 3616 ὤφθη
1414 3548 1473 3600 ὲν
1521 3542 1738 3612 Γαόαὼ,
1781 3545 1876 3599 καὶ

299 3645 452 3701 εἶπεν
472 3666 486 3680 ·
520 3647 800 3700 ι’Ἦκουσα
829 3643 931 3714 τῆς
960 3640 1142 3711 φωνῆς
1162 3643 1260 3711 τῆς
1293 3638 1607 3711 προσευχῆς
1639 3654 1755 3703 σου,
1779 3636 1877 3707 καὶ,

232 3762 241 3771 ·
298 3740 497 3810 ἡγίασα
534 3737 627 3790 τδν
657 3736 786 3790 ναὸν
828 3733 1018 3787 τοῦτον
1046 3749 1060 3764 ο
1100 3733 1197 3786 καὶ
1238 3730 1457 3784 ἔσονται
1504 3732 1553 3783 οί
1603 3726 1875 3798 ὀφθαλμοί

302 3849 405 3902 μου
438 3833 555 3884 ἐκεῖ
578 3828 676 3883 καὶ
705 3831 738 3897 ὴ
764 3818 967 3898 καρδία
1003 3842 1105 3896 μου
1135 3823 1315 3885 πάσας
1350 3823 1448 3887 τὰς
1476 3822 1714 3894 ἡμέρας.
1742 3818 1873 3872 Ἐὰν

296 3924 355 3978 δὲ
384 3920 775 3993 ἀποστραφῆτε
820 3918 915 3971 ἀπ’
966 3917 1125 3987 ἐμοῦ,
1167 3913 1344 3985 ἐξαιρῶ
1376 3915 1467 3966 τὸν
1510 3912 1728 3983 Ἰσραὴλ
1766 3910 1874 3964 ἀπὸ

297 4015 399 4084 τῆς
431 4013 532 4083 γῆς
556 4011 785 4080 ταύτης,
811 4008 905 4062 καὶ
931 4006 1024 4060 τὸν
1058 4001 1212 4058 οἷκον
1242 4003 1433 4057 τοῦτον
1467 4001 1527 4055 ὃν
1559 4003 1767 4072 ήγίασα
1796 3999 1873 4071 τῷ

297 4106 548 4175 ὀνόματι,
580 4101 874 4178 exceptum
901 4100 1064 4153 αὐτὸν
1098 4098 1163 4151 ἐκ
1202 4095 1496 4164 προσώπου
1534 4111 1662 4164 μου.
1704 4111 1723 4144 ι
1764 4092 1872 4146 Τοῦ

302 4202 488 4269 μέντοι
527 4196 870 4264 Σολομῶντος
917 4191 1368 4265 προσευξαμένου
1416 4188 1529 4260 πῦρ
1575 4186 1874 4260 οὐρανόθεν

300 4290 612 4361 κατηνέχθη
654 4288 744 4342 καὶ
774 4287 873 4350 τὰς
922 4283 1385 4356 προσενεχθείσας
1426 4282 1618 4345 θυσίας
1664 4280 1875 4350 ὴνάλωο

300 4399 412 4436 σεν.
448 4383 590 4450 Ὀρα
637 4377 827 4431 λοιπὸν
871 4377 971 4447 ὅση
1024 4375 1348 4446 πρότερονή
1396 4371 1492 4426 τοῦ
1523 4371 1875 4442 Σολομῶντος

297 4470 570 4531 εὐσέϐεια,
619 4468 737 4534 εἴγε
790 4465 888 4519 καὶ
946 4463 1059 4537 πῦρ
1111 4465 1203 4516 sui
1251 4464 1373 4523 ταῖς
1430 4460 1646 4523 θυσίαις
1702 4460 1871 4514 αὑτοῦ

1973 614 2135 684 tum),
2162 614 2424 671 Bersabea
2456 632 2569 670 rem
2599 619 2667 673 ad
2687 617 2943 673 Datidem
2976 619 3169 674 defert.
3196 619 3555 691 Davides,qni

1970 719 2072 776 per
2106 721 2165 760 se
2189 705 2422 763 Joabum
2453 708 2593 764 allici
2619 709 2890 779 supplicio
2930 711 3120 777 nollet,
3151 714 3299 780 quod
3333 714 3379 768 is
3411 714 3555 767 mul-

1972 804 2057 852 tos
2086 797 2296 854 labores
2346 799 2521 870 ipsius
2545 815 2709 855 causa
2766 801 3071 870 pertulisset
3097 845 3114 870 ,
3136 803 3420 860 Solomoni
3442 805 3554 861 filio
3582 854 3587 861 .

1973 890 2249 946 consuluit
2294 899 2353 946 ut
2400 907 2524 947 eum
2560 892 2878 960 interficiat,
2897 908 2963 948 ne
2999 894 3342 967 juventutem
3377 897 3553 968 ipsius

1971 982 2354 1040 ﬂoccifeceret.
2386 984 2531 1040 Idem
2561 986 2612 1041 ei
2634 985 2726 1041 dat
2765 986 2985 1040 consilii
3014 987 3083 1042 de
3112 987 3330 1059 Semejo
3385 992 3552 1057 plane

1972 1075 2231 1131 seditioso
2265 1066 2526 1142 homine;
2553 1092 2715 1147 quem
2748 1085 2934 1133 tamen
2989 1079 3108 1148 ipse
3140 1080 3364 1147 tulerat,
3413 1082 3551 1139 licet

1970 1167 2157 1223 multis
2185 1169 2255 1224 ab
2278 1184 2345 1224 eo
2375 1167 2571 1225 fuisset
2597 1169 2889 1240 aliquoties
2928 1170 3147 1239 injuriis
3172 1172 3427 1230 allectus.
3454 1174 3554 1230 Se-

1970 1259 2211 1316 cundum
2264 1261 2382 1316 haec
2407 1276 2576 1333 regno
2644 1262 2853 1332 potitur
2888 1259 3143 1327 Solomo,
3203 1272 3262 1319 et
3321 1265 3551 1322 fratrem

1970 1364 2132 1409 suum
2163 1350 2388 1407 Orniam
2432 1353 2713 1410 interﬁcit.
2740 1353 2890 1410 Idem
2916 1353 3087 1410 Joabo
3125 1355 3346 1422 accidit,
3368 1372 3548 1426 quau-

1970 1458 2134 1515 qnam
2175 1445 2221 1499 is
2252 1444 2318 1498 ad
2352 1460 2500 1499 aram
2555 1442 2653 1499 Dei
2696 1444 3051 1517 profugisset.
3114 1446 3225 1502 Lex
3278 1449 3422 1504 enim
3471 1448 3555 1504 di-

1969 1538 2098 1592 vina
2130 1536 2601 1608 bomicidam,'qui
2633 1537 2701 1593 ad
2732 1540 2999 1610 templum
3025 1539 3274 1612 fugisset,
3314 1540 3551 1597 interﬁci

1962 1627 2142 1699 jubet.

2040 1720 2185 1777 Hinc
2219 1718 2442 1776 Solomo
2463 1734 2588 1789 eum
2639 1719 2789 1776 mille
2818 1720 3117 1790 aliquando
3147 1720 3403 1777 victimas
3450 1723 3554 1777 im-

1970 1815 2251 1879 molasset,
2277 1813 2389 1870 Deo
2427 1813 2720 1884 supplicat,
2749 1822 2805 1870 et
2826 1814 3147 1885 sapientiam
3170 1816 3551 1885 prudentiam.

1969 1923 2076 1978 que
2109 1907 2213 1963 sibi
2245 1915 2303 1962 ut
2325 1906 2590 1976 largiatur
2615 1915 2754 1962 orat.
2788 1906 2926 1961 Nam
2958 1908 3100 1962 Deus
3131 1907 3248 1977 ipse
3275 1923 3376 1978 per
3397 1922 3549 1963 som-

1969 2017 2101 2057 num
2135 2002 2185 2056 ei
2212 2016 2273 2057 se
2306 2001 2584 2057 obtulerat
2611 1987 2909 2071 et‘aliquid
2946 2002 3016 2056 ab
3045 2015 3105 2056 se
3136 2001 3218 2056 uti
3245 2002 3557 2072 postularet

1964 2093 2226 2163 iusserat.
2254 2091 2349 2150 llle
2380 2106 2512 2147 vero
2544 2093 2920 2163 respondens:
2952 2094 3067 2147 «Ἱίι
3101 2107 3191 2148 me
3217 2092 3461 2164 ,.inquit
3482 2093 3556 2160 ",

1969 2185 2025 2239 in
2064 2184 2236 2254 patris
2272 2183 2380 2241 mei
2427 2183 2654 2241 Davidis
2708 2184 2891 2241 locum
2932 2184 3224 2252 suffecisti,
3286 2185 3553 2241 famulum
3609 2190 3616 2197 '

1972 2285 2150 2331 tuum.
2183 2276 2298 2347 Ego
2320 2291 2452 2332 vero
2482 2290 2618 2345 puer
2666 2275 2850 2332 adhuc
2874 2291 2999 2331 sum
3025 2275 3344 2340 admodum,
3371 2284 3430 2331 et
3459 2292 3557 2347 per

1969 2378 2185 2429 aetatem
2234 2380 2324 2423 res
2358 2367 2594 2423 necdum
2625 2367 3015 2422 administrare
3074 2381 3318 2437 possunt.
3352 2367 3560 2434 Quanto

1969 2454 2157 2511 obrem
2189 2452 2396 2509 famulo
2421 2464 2514 2510 tuo
2544 2455 2609 2510 du
2647 2465 2887 2511 mentem
2911 2455 3145 2511 docilem
3170 2456 3237 2512 ad
3258 2457 3558 2529 regendum

1973 2549 2240 2617 populum
2279 2555 2457 2611 tuum,
2498 2554 2670 2617 utque
2698 2547 2790 2617 jus
2823 2547 2874 2602 ei
2908 2547 3098 2603 dicere
3132 2563 3199 2603 ex
3230 2548 3350 2619 ipsa
3376 2550 3555 2619 arqui-

1971 2645 2080 2694 tate
2120 2638 2378 2709 possim.»
2418 2638 2574 2709 181
2608 2637 2750 2692 Tum
2784 2638 2928 2694 Deus
2961 2656 2976 2695 :
3015 2638 3299 2706 «Quando.
3333 2641 3432 2705 ait,
3499 2652 3558 2696 tt:

1972 2729 2118 2785 istud
2148 2730 2378 2800 petiisti,
2412 2744 2524 2784 non
2582 2729 2800 2801 longam
2858 2738 3098 2797 aetatem,
3155 2747 3264 2788 non
3315 2731 3559 2796 divit‘as,

1972 2833 2086 2873 non
2122 2818 2362 2874 hostium
2414 2826 2634 2874 tuorum
2681 2833 2898 2886 necem,
2959 2820 3056 2875 sed
3104 2820 3457 2889 prudentiam
3490 2821 3558 2880 ad

1972 2908 2335 2966 discernenda
2358 2910 2486 2981 jura
2517 2910 2834 2980 postulasti,
2875 2912 3014 2966 scito
3038 2926 3127 2966 me
3160 2910 3260 2966 tibi
3293 2912 3440 2982 quod
3489 2912 3546 2966 in

1974 3003 2114 3071 votis
2136 3011 2256 3057 erat
2284 3002 2654 3058 concessisse.
2707 3002 2787 3056 En
2828 3010 3038 3056 tantam
3070 3003 3276 3058 mentis
3318 3003 3562 3074 pruden-

1979 3094 2106 3149 tiam
2147 3107 2312 3164 atque
2346 3094 2685 3166 sapientiam
2719 3095 2819 3150 tibi
2855 3095 3082 3167 largior,
3117 3106 3177 3152 ut
3216 3096 3317 3153 tibi
3348 3111 3445 3168 par
3478 3098 3562 3152 in-

1980 3193 2064 3242 ter
2093 3201 2248 3258 reges
2278 3203 2442 3243 nemo
2472 3202 2655 3259 neque
2683 3198 2813 3242 ante
2841 3197 2894 3243 te
2923 3187 3115 3254 fuerit,
3142 3204 3323 3259 neque
3351 3198 3477 3258 post
3507 3197 3563 3246 te

1979 3279 2053 3335 sit
2080 3277 2326 3332 futurus.
2372 3278 2583 3345 Quodsi
2633 3279 2890 3334 traditam
2922 3294 2952 3334 a
2984 3295 3071 3334 me
3119 3279 3246 3335 vitae
3291 3279 3562 3335 rationem

1978 3370 2155 3442 patris
2210 3371 2288 3426 tui
2320 3371 2546 3431 Davidis
2593 3371 2847 3440 exemplo
2894 3380 3119 3426 secutus
3170 3369 3365 3438 fueris,
3393 3372 3563 3427 etiam

1977 3462 2078 3519 tibi
2110 3471 2330 3519 aetatem
2357 3462 2710 3533 producam.»
2743 3460 3059 3516 Secundum
3098 3460 3218 3515 haec
3246 3457 3431 3514 fanum
3463 3474 3561 3513 ex-

1978 3559 2169 3623 struit,
2201 3568 2375 3626 atque
2414 3554 2585 3610 Deum
2615 3564 2875 3626 precatur
2900 3563 2960 3608 ut
2991 3552 3202 3625 apertis
3224 3567 3294 3607 ac
3324 3552 3563 3623 vigilan-

1980 3646 2130 3700 tibus
2160 3645 2336 3705 oeulis
2369 3646 2612 3698 divinam
2645 3644 2788 3698 hanc
2824 3643 2996 3699 aade'm
3031 3645 3329 3712 respiciat,
3378 3652 3434 3698 et
3461 3644 3562 3698 lto-

1978 3739 2155 3794 mines
2181 3739 2237 3792 in
2266 3752 2327 3792 ea
2349 3737 2729 3807 supplicantes
2762 3735 3041 3791 exaudiat.
3072 3734 3209 3789 Tum
3243 3735 3414 3789 altera
3438 3735 3563 3788 vire

1977 3829 2121 3884 Deus
2143 3830 2192 3884 ei
2228 3829 2460 3900 perinde
2490 3843 2551 3883 se
2580 3827 2781 3882 obtulit
2827 3835 2993 3896 atque
3030 3825 3179 3896 apud
3241 3823 3562 3880 Gabaonem

1976 3920 2181 3985 factum
2242 3918 2443 3984 fuerat,
2487 3926 2542 3972 et
2594 3918 2714 3973 haec
2743 3915 2942 3971 effatus
2971 3923 3055 3970 est
3086 3914 3254 3970 verba
3278 3915 3321 3946 ⁹¹
3362 3932 3377 3969 :
3411 3913 3563 3984 «Ego

1981 4021 2103 4068 tuas
2131 4011 2198 4067 ad
2230 4027 2317 4066 me
2353 4024 2547 4079 preces
2572 4020 2623 4064 et
2672 4007 3137 4081 supplicationem
3186 4005 3462 4071 exaudivi,
3498 4013 3558 4062 et

1977 4104 2138 4161 istam
2197 4119 2230 4160 a
2278 4112 2332 4159 te
2379 4114 2753 4158 constructam
2798 4103 2972 4157 eadem
3024 4097 3364 4155 consecravi.
3420 4096 3557 4153 Tam

1977 4196 2167 4252 oculos
2196 4195 2266 4250 ibi
2297 4209 2460 4265 quam
2491 4203 2728 4249 mentem
2782 4208 3002 4263 semper
3056 4191 3292 4253 habebo.
3346 4189 3557 4258 Quodsi

1976 4304 2009 4346 ο
2049 4305 2136 4345 me
2165 4286 2538 4354 desciveritis,
2567 4287 2853 4343 lsraelicos
2877 4302 2980 4357 ego
3014 4286 3083 4341 de
3116 4286 3219 4339 hac
3261 4293 3405 4340 terra
3453 4298 3556 4339 ex-

1977 4381 2254 4454 stirpabo;
2285 4390 2342 4436 et
2368 4382 2469 4435 hoc
2508 4381 2796 4450 templum,
2827 4380 2974 4449 quod
3009 4376 3221 4431 nomini
3274 4390 3397 4430 meo
3421 4390 3555 4428 con-

1978 4471 2215 4538 secravi,
2254 4488 2285 4526 a
2321 4481 2620 4543 conspectu
2658 4484 2781 4525 meo
2812 4468 3168 4539 repudiabou
3204 4466 3406 4521 Eodem
3447 4465 3552 4519 So-

299 4561 651 4631 κατεφέρετο.
688 4561 797 4613 Καὶ
833 4558 928 4611 τὸν
971 4558 1072 4627 μὲν
1104 4556 1233 4609 ναὸν
1280 4554 1450 4618 λίθοις
1505 4553 1872 4625 ἀπελεκήτοις

1977 4564 2196 4621 lomone
2217 4579 2410 4636 preces
2439 4565 2786 4633 concipiente
2817 4562 2957 4633 ignis
2993 4559 3063 4615 de
3093 4559 3233 4614 coelo
3264 4559 3447 4627 lapsus
3472 4567 3558 4614 est

298 4653 571 4721 οἰκοδομεῖ
601 4651 913 4722 (αὐτοφυεῖς
953 4649 1063 4720 γὰρ
1108 4646 1416 4719 εὑρέθησαν
1456 4644 1577 4716 θείᾳ
1616 4643 1867 4715 προνοίᾳ,

303 4746 447 4800 ὥστε
489 4743 717 4816 μηδενὸς
765 4743 1034 4812 ἁρμονίαν
1062 4741 1323 4811 δεηθῆναι
1359 4737 1605 4808 σιδήρου,
1634 4735 1708 4799 ὥς
1737 4752 1872 4806 φησι

300 4839 692 4911 Θεοδώρητος),
720 4838 807 4891 τὸν
852 4836 911 4890 δὲ
950 4835 1045 4888 τοῦ
1108 4831 1256 4902 ἱεροῦ
1306 4831 1594 4902 περίϐολον
1644 4832 1874 4902 τμητοῖς

301 4934 473 4996 λίθοις
521 4933 840 5002 ὲδομήσατο,
895 4927 1057 4981 κάκεῖ
1105 4927 1200 4980 καὶ
1255 4923 1507 4998 λατόμων
1562 4922 1764 4980 δέεται.
1799 4920 1876 4977 Τὸ

305 5025 488 5094 μέντοι
522 5023 693 5092 μῆκος
748 5019 844 5073 τοῦ
897 5018 1027 5073 ναοῦ
1069 5016 1334 5087 ἐξήκοντα
1388 5018 1609 5085 πήχεων
1654 5010 1745 5087 ἦν,
1779 5015 1877 5068 καὶ

306 5120 482 5190 εἰκοσι
514 5118 574 5167 τὶ
619 5115 799 5185 εὖρος.
829 5110 1029 5182 Κύκλῳ
1069 5112 1161 5164 τοῦ
1206 5109 1335 5164 ναοῦ
1398 5109 1632 5162 οἰκίσκοι
1676 5108 1876 5178 ᾠκοδο-

304 5212 560 5283 μήθησαν
598 5210 757 5280 χάριν
803 5206 913 5260 τῶν
951 5204 1193 5260 Λευῖτῶν
1229 5206 1324 5257 καὶ
1363 5204 1463 5272 τῆς
1508 5203 1617 5255 τῶν
1667 5202 1878 5255 σκευῶν

301 5305 614 5365 ἀποθέσεως
638 5317 650 5331 ’
684 5302 752 5355 τὰ
784 5302 896 5373 γὰρ
929 5304 1058 5366 ἆγια
1090 5303 1270 5369 μόνοις
1309 5302 1422 5361 τοῖς
1465 5297 1703 5368 ἱερεῦσιν
1731 5292 1879 5368 ἦσαν

305 5398 464 5467 βατά.
506 5397 580 5448 T6
628 5394 683 5448 δὲ
728 5394 822 5459 τοῦ
873 5391 1005 5446 ναοῦ
1038 5390 1173 5461 ῦψος
1202 5388 1280 5462 ρκ’
1323 5391 1546 5459 πήχεων
1577 5386 1665 5459 ἦν.
1695 5391 1913 5469 Πάνταέ

301 5491 357 5544 δὲ
379 5494 471 5545 τὸν
519 5493 646 5543 ναὸν
683 5490 881 5559 χρυσῖς
931 5486 1323 5540 συνεκάλυπτε.
1368 5484 1557 5537 Ταῦτα
1597 5483 1655 5536 δὲ
1704 5483 1880 5537 πάντα

302 5591 367 5642 τὰ
406 5587 499 5638 τοῦ
540 5582 671 5637 ναοῦ
705 5584 738 5652 ἡ
775 5582 874 5650 μὲν
907 5581 1065 5652 χάρις
1091 5578 1186 5633 τοῦ
1216 5577 1371 5646 ἁγίου
1413 5576 1724 5647 Πνεῦματος
1752 5576 1884 5630 ὑπέ-

305 5681 445 5747 δειξε
497 5678 577 5749 τῷ
610 5676 799 5742 Δαῦὶδ,
830 5675 992 5738 αὐτὸς
1034 5674 1089 5728 δὲ
1118 5673 1195 5745 τῷ
1226 5672 1557 5743 Σολομῶντι.
1591 5673 1884 5746 Οἰκοδομεῖ

375 5868 424 5901 ⁹⁰
446 5869 514 5924 Ill
548 5865 682 5935 Reg.
714 5880 833 5930 XIII,
868 5863 919 5918 7.
999 5863 1039 5895 ⁸³
1073 5863 1117 5918 ll
1156 5860 1332 5917 Pam].
1371 5877 1466 5930 ιιι,
1507 5861 1591 5917 10.

1459 6090 1487 6104 κ
1530 6084 1543 6105 κ

1977 4670 2032 4716 et
2053 4660 2261 4715 hostias
2292 4657 2506 4713 oblatas
2533 4655 2867 4725 absumpsit.
2900 4654 2973 4707 De
2994 4666 3105 4722 quo
3153 4651 3281 4706 licet
3308 4642 3587 4705 animath

1980 4763 2167 4807 vertas
2203 4760 2413 4820 quanta
2479 4747 2794 4804 Solomonis
2843 4744 3004 4800 initio
3044 4743 3217 4814 pietas
3251 4750 3306 4797 et
3362 4739 3556 4811 religio

1978 4843 2167 4909 fuerit,
2215 4843 2433 4911 quando
2488 4839 2783 4908 impetrare
2836 4834 3015 4906 potuit
3069 4842 3129 4888 ut
3183 4833 3235 4887 in
3301 4831 3556 4886 victimas

1980 4933 2158 5006 ipsius
2189 4932 2332 5004 ignis
2363 4947 2394 4987 e
2450 4930 2590 5006 (ξαείο
2625 4930 2992 4985 delaberetur.
3052 4923 3338 4993 Templum
3371 4930 3555 4975 autem

1979 5003 2045 5084 de
2064 5003 2337 5098 lapidibus
2371 5003 2605 5079 exstruit
2637 5023 2783 5077 ascia
2832 5021 2981 5076 nulla
3016 5020 3241 5093 politis;
3294 5033 3419 5072 nam
3469 5016 3555 5071 di-

1983 5122 2105 5176 vina
2132 5117 2477 5192 providentia
2519 5115 2725 5170 factum
2759 5121 2842 5169 est
2866 5121 2926 5168 ut
2955 5114 3036 5173 sic
3079 5127 3175 5182 per
3212 5124 3273 5167 se
3318 5110 3430 5164 nati
3463 5125 3555 5164 re-

1981 5215 2313 5286 perirentur,
2336 5210 2486 5265 nullo
2535 5217 2594 5263 ut
2620 5205 2791 5272 ferro,
2818 5200 3282 5276 quemadmodum
3302 5202 3559 5260 Tlreodo-

1983 5316 2137 5364 retus
2166 5304 2445 5363 memoria:
2466 5301 2730 5373 prodidit,
2749 5300 2815 5356 ad
2837 5314 2932 5354 eos
2961 5301 3102 5354 inter
3116 5313 3177 5355 se
3200 5299 3556 5369 compingen-

1983 5402 2082 5457 dos
2108 5409 2164 5454 et
2213 5397 2623 5453 concinnandos
2673 5408 2813 5463 opus
2841 5400 3011 5451 esset.
3070 5391 3139 5447 At
3187 5406 3315 5446 vero
3365 5390 3557 5458 templi

1984 5491 2386 5547 munimentum
2415 5487 2663 5542 exterius
2693 5501 2724 5541 e
2753 5486 2911 5541 caesis
2939 5486 3214 5554 lapidibus
3243 5482 3559 5543 aedificavit,

1986 5583 2167 5652 ibique
2201 5579 2558 5650 lapicidarum
2591 5577 2900 5633 net-assaria
2933 5585 3054 5631 erat
3094 5589 3281 5643 opera.
3344 5570 3559 5640 Templi

1984 5674 2268 5745 longitudo
2291 5671 2391 5727 fuit
2420 5670 2700 5742 sexaginta
2724 5668 3057 5737 cubitorum,
3080 5665 3310 5721 latitudo
3338 5662 3573 5735 viginti;
