4054 6430
500 407 607 474 347

1788 399 2211 462 MICHAELIS
2250 399 2515 461 GLYCxE

3625 372 3722 468 at

498 521 562 576 In
595 517 842 592 ejusdem
894 512 1126 570 circuitu
1156 507 1361 581 passim
1412 508 1657 564 azdiculae
1704 509 1954 579 quaedam
2012 512 2077 566 ad

2203 510 2239 563 ἱδ
2277 510 2368 563 τὸν
2402 509 2544 563 θεῖον
2589 503 2740 561 οἷκον
2791 476 2998 560 ἐκεῖνον
3051 506 3191 576 μετὰ
3236 503 3312 557 τλ¹
3352 503 3444 575 ἔτη
3491 506 3584 576 τῆς
3633 509 3738 574 ἑξό-

502 602 814 668 Levitarum
845 618 979 661 usus
1004 603 1300 657 adstructaa
1329 609 1478 665 sunt,
1512 609 1568 655 et
1599 607 1662 654 ut
1689 615 1817 654 vasa
1847 615 2003 655 sacra
2029 601 2083 654 in

503 705 585 759 eis
619 706 1052 770 reponerentur;
1113 709 1241 748 nam
1296 694 1400 747 hoc
1432 693 1734 748 sacrarium
1786 694 1919 749 solis
1948 710 1975 747 a
2002 709 2089 747 sa-

503 789 824 846 cerdotibus
851 784 992 840 adiri
1026 784 1106 838 fas
1136 792 1276 837 erat.
1307 781 1557 835 Altitudo
1599 780 1714 834 fani
1770 782 2085 836 cubitorum

2186 600 2277 653 δου
2318 602 2453 670 (56).
2495 598 2780 670 Παρῆ).θον
2820 599 2877 651 δὲ
2928 598 3163 650 τοσαῦτα
3210 598 3328 667 ἔτη,
3361 600 3503 662 ὅπως
3544 601 3740 654 ἀποκα-

2191 691 2383 761 μόντες
2422 695 2488 761 τῇ
2540 693 2619 754 είς
2654 691 2723 744 τὰ
2761 690 2863 760 ὅρη
2894 690 3291 761 περιπλανήσει
3327 691 3419 744 τὸν
3457 691 3549 745 ἕνα
3591 690 3741 745 τόπον

2187 782 2283 852 τὴν
2318 781 2680 851 Ἰερουσαλὴμ
2722 783 3076 851 ἀγαπήσωσι.

402 910 412 921 ·
504 891 620 939 erat
644 890 864 937 centum
896 877 1112 947 viginti.
1156 875 1223 929 Et
1252 874 1472 942 quidem
1501 874 1686 927 fanum
1718 874 1823 928 hoc
1861 874 2177 929 universum
2214 889 2348 929 auro
2416 875 2783 943 integebatur.
2851 873 3043 926 Omnia
3082 888 3213 929 vero
3278 873 3429 929 istaec
3464 874 3519 929 in
3556 875 3746 944 templo

505 973 876 1031 construenda
929 970 1170 1040 Spiritus
1227 974 1451 1019 sanctus
1506 982 1605 1036 per
1669 966 1897 1035 gratiam
1956 982 2109 1020 suam
2187 965 2374 1021 Davidi
2426 966 2865 1031 demonstravit,
2918 965 3152 1022 Davides
3205 982 3419 1023 rursum
3487 965 3746 1021 Solomont

507 1064 649 1135 tilio;
677 1069 767 1138 qui
803 1067 1046 1122 divinam
1079 1066 1218 1119 banc
1241 1063 1411 1117 tndem
1438 1075 1582 1113 anno
1604 1060 1670 1113 ab
1695 1058 2075 1113 lsraelicorum
2116 1060 2447 1131 ex/Egypto
2509 1061 2835 1129 migratione
2878 1059 2986 1114 320
3045 1062 3353 1115 aediﬁcavit.
3423 1063 3523 1117 T'ot
3579 1074 3745 1117 autem

506 1166 941 1218 intercesserunt
965 1159 1118 1223 anui,
1173 1167 1232 1212 ut
1255 1157 1476 1212 tandem
1509 1154 1730 1224 perttcsi
1761 1151 2191 1220 obvagationum
2224 1154 2444 1208 illarum
2479 1155 2706 1225 quosvis
2771 1153 2827 1207 in
2889 1166 3105 1210 montes
3170 1156 3350 1211 locum
3410 1157 3650 1221 unicum,
3676 1158 3749 1212 vi-

507 1257 706 1311 delicet
736 1254 1105 1323 lliersolyma,
1134 1249 1463 1317 deligerent.

579 1349 853 1403 Caeterum
887 1362 1008 1416 qua:
1031 1345 1085 1398 in
1115 1345 1216 1398 hoc
1252 1342 1424 1396 veteri
1457 1344 1583 1402 fano
1615 1341 1859 1409 luerunt,
1910 1341 2090 1397 diviso

511 1453 624 1497 tres
651 1441 707 1495 in
741 1445 948 1510 partes,
980 1436 1239 1490 nimirum
1273 1435 1326 1487 in
1358 1434 1536 1487 locum
1596 1433 1688 1486 ubi
1743 1433 1863 1487 laici
1901 1434 2091 1488 censi-

510 1539 741 1595 sterent,
797 1538 853 1583 et
889 1529 978 1582 ubi
1017 1534 1375 1580 versarentur
1411 1524 1730 1578 sacerdotes
1764 1539 1828 1578 ac
1864 1523 2091 1589 Levita,

508 1627 600 1698 qui
641 1625 801 1678 locus
845 1620 1119 1690 peculiare
1171 1616 1395 1672 sacrarii
1450 1610 1653 1668 nomen
1701 1615 1961 1678 habebat,
2034 1616 2090 1670 in

508 1721 667 1788 adyta
696 1714 933 1783 denique
963 1709 1264 1767 sacrarium
1295 1706 1704 1763 sanctissimum
1749 1718 2086 1778 nuncupata,

508 1823 634 1879 quae
669 1806 821 1861 adire
850 1803 1061 1857 nemini
1090 1808 1290 1871 praeter
1322 1812 1599 1853 summum
1663 1800 1975 1868 pontiﬁcem
2012 1798 2090 1853 fas

507 1910 644 1960 erat.
689 1914 753 1952 ac
782 1912 852 1949 ne
889 1895 1048 1965 182
1078 1893 1152 1947 illi
1191 1892 1410 1962 quidem
1448 1892 1608 1945 aliter
1650 1906 1811 1960 quam
1839 1892 2009 1945 semel
2036 1892 2089 1944 in

507 2005 683 2044 annos
741 1989 1009 2052 singulos,
1070 2000 1172 2039 nec
1233 1998 1353 2038 Stne
1408 1983 1713 2052 sanguine:
1753 1982 1869 2036 haec
1927 1981 2093 2051 igitur

506 2083 675 2139 etiam
710 2082 837 2137 licet
871 2080 925 2135 in
978 2079 1134 2135 caelis
1165 2075 1609 2145 deprehendere.
1668 2075 1803 2130 Nam
1839 2075 1897 2129 in
1947 2076 2092 2129 caelo

458 2164 465 2169 ’
506 2175 669 2231 nobis
691 2175 969 2245 proximo,
1009 2169 1267 2227 nimirum
1332 2168 1385 2221 in
1416 2182 1584 2233 aere,
1652 2180 1782 2221 sunt
1832 2168 2091 2221 animalia

506 2265 712 2335 quasvis
739 2263 1082 2333 promiscue;
1115 2259 1166 2311 in
1203 2257 1397 2324 altero,
1423 2259 1565 2327 quod
1598 2257 1744 2311 intra
1777 2259 2093 2311 ﬁrmamen-

512 2369 625 2413 tum
657 2354 994 2426 aspectabile
1030 2352 1374 2415 continetur,
1412 2358 1475 2404 ut
1520 2350 1846 2404 Anastasius
1882 2350 1969 2403 ille
2003 2350 2092 2403 Si-

511 2447 688 2502 naites
714 2445 813 2511 ait,
846 2443 1103 2498 caelestes
1155 2441 1261 2494 illae
1290 2448 1593 2509 potestates
1628 2439 1836 2509 degunt
1884 2455 1949 2494 ac
1978 2439 2092 2495 for-

512 2537 673 2591 tassis
696 2536 860 2588 etiam
878 2542 1202 2588 sanctorum
1228 2530 1512 2584 hominum
1539 2529 1765 2594 anitum;
1801 2530 1942 2585 ultra
1964 2546 2093 2587 vero

514 2626 649 2680 illud
683 2625 915 2677 alterum
945 2630 1002 2676 et
1035 2620 1466 2690 inadspectabile
1513 2620 1713 2673 coelum
1750 2635 1913 2675 nemo
1967 2638 2093 2691 per—

514 2717 669 2773 venit
697 2729 941 2783 unquam
986 2722 1184 2782 prater
1241 2727 1434 2767 verum
1493 2710 1646 2764 illum
1674 2711 1976 2766 Christum.
2029 2713 2096 2768 Et

511 2811 734 2880 quidem
768 2808 957 2861 l’anum
1007 2803 1141 2858 illud
1193 2802 1457 2859 terrestre
1494 2804 1778 2860 conditum
1817 2803 1989 2859 fuisse
2026 2805 2093 2860 ad

512 2901 805 2967 imaginem
860 2910 1044 2950 rerum
1088 2895 1396 2949 coalestiunt
1453 2894 1617 2949 etiam
1677 2897 1950 2949 maximus
2005 2894 2095 2950 ille

508 2990 711 3046 Paulus
736 2997 928 3044 noster
961 2987 1112 3042 hisce
1143 2985 1328 3041 verbis
1390 2984 1722 3053 signiﬁcavit
1752 3002 1766 3039 :
1804 3003 1821 3036 ι
1855 2982 1977 3038 Non
2034 2978 2099 3038 in

2262 1342 2450 1397 Ταῦτα
2491 1341 2547 1394 δὲ
2594 1341 2664 1396 τὰ
2714 1342 2855 1396 κατά
2899 1359 2963 1411 γε
3008 1341 3100 1396 τὸν
3145 1342 3373 1398 παλαιὸν
3409 1344 3550 1403 ναδν,
3588 1344 3644 1407 δς
3679 1345 3751 1407 εἰς

2188 1437 2316 1506 τρία
2362 1434 2635 1506 διῄρηται,
2668 1435 2748 1499 εἷς
2786 1453 2846 1488 τε
2885 1435 2983 1506 τὴν
3014 1435 3124 1489 τῶν
3174 1436 3382 1489 λαῖκῶν
3409 1437 3604 1507 δηλαδὴ
3640 1429 3750 1492 στά-

2192 1543 2294 1589 σιν,
2327 1527 2430 1595 τὴν
2466 1525 2574 1579 τῶν
2620 1524 2809 1594 ἱερέων
2868 1527 2963 1579 καὶ¹
3000 1527 3125 1578 τῶν
3161 1526 3427 1593 Λευῖτῶν,
3472 1528 3528 1591 ὃς
3565 1528 3625 1599 δὴ
3670 1530 3755 1582 καὶ

2189 1619 2355 1680 τόπος
2402 1618 2557 1687 ἆγιος
2602 1617 2838 1683 ἐλέγετο,
2873 1622 2968 1672 καὶ
3015 1619 3097 1681 είς
3139 1619 3278 1673 αὐτὰ
3323 1620 3391 1673 τὰ
3422 1620 3605 1684 ἄδυτα,
3638 1620 3755 1691 ἆδὴ

2191 1712 2287 1764 καὶ
2329 1711 2496 1779 "Avia
2527 1710 2635 1763 τῶν
2675 1709 2844 1777 ἁγίων
2876 1710 3143 1775 ἐκαλεῖτο,
3172 1714 3227 1764 ὲν
3259 1707 3339 1773 οἷς
3383 1713 3553 1775 οὐδεὶς
3584 1714 3757 1783 εἰσήρ-

2195 1818 2320 1872 χετο
2371 1803 2419 1853 εί
2456 1801 2530 1873 μὴ
2582 1801 2743 1870 μόνος
2785 1802 2813 1853 6
2859 1801 3171 1872 ἀρχιερεὺς,
3201 1805 3454 1868 κάκεῖνος
3494 1804 3636 1868 ἅπαξ
3670 1805 3754 1856 τοῦ

2194 1891 2463 1959 ἐνιαυτοῦ,
2501 1897 2595 1946 καὶ
2641 1890 2812 1945 ταῦτα
2851 1893 2911 1944 οὐ
2958 1896 3127 1964 χωρὶς
3170 1896 3423 1964 αἵματος,
3454 1898 3545 1949 καὶ
3581 1899 3634 1948 ὲν
3665 1898 3753 1948 αὐ-

2194 1988 2307 2049 τοῖς
2332 1985 2445 2048 τοῖς
2480 1985 2727 2054 οὐρανοῖς
2756 1984 3035 2056 εὑρήσεις.
3091 1987 3180 2038 Ἐν
3208 1988 3317 2055 γὰρ
3344 1988 3423 2057 τῷ
3451 1987 3582 2055 πρὸς
3621 1989 3756 2057 ήμᾶς

2196 2075 2432 2146 οὐρανῷ,
2474 2077 2554 2145 τῷ
2597 2076 2720 2146 ἀέρι
2774 2075 3040 2146 δηλονότι,
3086 2078 3268 2130 πάντα
3326 2079 3395 2149 δὴ
3437 2080 3505 2151 τὲι
3545 2078 3758 2147 ἀγελαῖα

2195 2167 2333 2231 ζῶα,
2360 2167 2628 2236 ἐσώτερον
2663 2167 2719 2219 δὲ
2766 2167 2860 2220 τοῦ
2896 2169 3226 2240 φαινομένου
3262 2171 3659 2241 στερεώματος,
3691 2168 3759 2232 ὥς

2194 2275 2360 2328 φησιν
2403 2258 2431 2311 6
2466 2258 2725 2327 Σιναϊτης
2768 2259 2923 2325 Θείοςε
2949 2261 3332 2326 Ἀναστάσιος,
3376 2264 3473 2325 τὰς
3515 2261 3761 2334 οὐρανίας

2193 2349 2486 2417 διαγούσας
2540 2350 2824 2417 δυνάμεις,
2870 2352 3001 2415 ἴσως
3043 2352 3098 2405 δὲ
3150 2356 3242 2405 καὶ
3296 2354 3470 2419 αὐτὰς
3520 2354 3616 2417 τὰς
3662 2353 3761 2405 τῶν

2196 2443 2366 2512 ἁγίων
2392 2442 2592 2513 ψυχάς.
2634 2442 2934 2513 Ἀνώτερον
2966 2444 3021 2496 δὲ
3052 2444 3144 2497 τοῦ
3185 2445 3450 2517 δευτέρου
3481 2448 3575 2499 καὶ⁸
3607 2430 3763 2515 ἀορά-

2194 2548 2288 2585 του
2326 2531 2565 2601 οὐρανοῦ·
2595 2530 2768 2595 οὐδεὶς
2799 2532 3146 2603 εἰσελήλυθεν
3180 2534 3230 2586 εί
3273 2534 3355 2606 μὴ
3397 2536 3555 2607 μόνος
3583 2538 3608 2588 6
3630 2536 3757 2603 ἀλη-

2196 2624 2293 2695 θὴς
2350 2626 2637 2696 ἀρχιερεὺς
2695 2626 2951 2694 Χριστὸς,
2982 2622 3253 2681 ἀντίτυπα
3310 2629 3426 2681 τῶν
3485 2627 3756 2699 ἀληθινῶν.

2200 2716 2324 2769 Ὅτι
2347 2717 2402 2769 δὲ
2425 2720 2493 2771 τὰ
2519 2717 2615 2771 τοῦ
2659 2716 2907 2786 ἐπιγείου
2938 2717 3096 2771 τοῦδε
3135 2721 3264 2773 ναοῦ
3295 2721 3427 2774 κατ’
3465 2722 3643 2775 εἰκόνα
3665 2719 3763 2773 τῶν

2197 2806 2535 2879 ἐπουρανίων
2568 2808 2840 2871 ἔκτισται,
2866 2811 2960 2863 καὶ
2983 2810 3145 2873 αὐτὸς
3168 2813 3196 2862 6
3225 2811 3535 2893 ndppsya;
3567 2812 3763 2875 Παῦλος

2198 2896 2489 2967 ἐδήλωσεν,
2513 2896 2686 2960 οὕτως
2717 2898 2908 2962 είπὼν,
2942 2917 2960 2950 ι
3007 2899 3142 2952 Οὐδὲ
3173 2900 3281 2971 γὰρ
3324 2904 3409 2966 εἰς
3436 2901 3765 2973 χειροποίητα

2199 2987 2331 3055 ἆγια
2363 2987 2612 3059 εἰσῆλθεν
2650 2989 2679 3042 6
2722 2989 2982 3058 Χριστὸς,
3016 2990 3133 3043 ἀλλ’
3176 2994 3258 3055 είς
3300 2995 3473 3048 αὐτὸν
3506 2995 3594 3046 τὸν
3620 2994 3767 3062 οὐρα-

509 3082 886 3138 nianul’aetnm
947 3076 1254 3133 sacrarium
1321 3075 1576 3130 Christus
1656 3075 1937 3145 ingressus
1984 3084 2089 3141 est,

2203 3080 2307 3147 νὺν,
2344 3081 2441 3135 νῦν
2466 3081 2873 3151 ἐμφανισθῆναι
2911 3083 2990 3154 τῷ
3018 3084 3298 3155 προσώπῳ
3348 3087 3444 3140 τοῦ
3482 3086 3611 3140 Θεοῦ
3641 3085 3767 3154 ὑπὲρ

511 3174 658 3240 quod
702 3172 816 3227 veri
871 3169 1099 3224 sacrarii
1134 3167 1278 3222 foret
1327 3168 1634 3236 exemplar,
1672 3169 1766 3222 sed
1801 3169 1861 3221 in
1914 3166 2088 3236 ipsum

513 3267 738 3329 caelum,
766 3274 824 3329 ut
856 3275 1005 3315 nunc
1037 3259 1148 3314 Deo
1169 3274 1353 3314 coram
1378 3275 1476 3328 pro
1508 3259 1666 3312 nobis
1694 3267 1955 3329 appareat
1973 3258 2082 3312 σί.»

513 3352 694 3425 Atque
723 3357 810 3408 hic
837 3353 881 3406 si
914 3352 1204 3420 diligenter
1244 3350 1488 3403 animum
1547 3348 1822 3414 advertas,
1879 3349 2095 3405 videbis

515 3453 842 3504 ornamenta
864 3444 979 3498 fani
1016 3440 1337 3497 suboculos
1361 3440 1612 3494 cadentia
1645 3440 1801 3511 quasi
1832 3439 2095 3509 quasdam

515 3554 808 3611 expressas
840 3539 1107 3607 imagines
1154 3549 1281 3590 esse
1316 3532 1750 3604 pulchritudinis
1804 3531 1954 3586 illius
2009 3532 2095 3584 in-

515 3630 924 3702 adspectabilis.
945 3628 1189 3683 Sensilcs
1229 3627 1450 3697 quidem
1479 3623 1757 3680 suﬂituum
1787 3622 2094 3694 fragrantia:

518 3729 915 3794 reprteseutant
939 3720 1102 3774 nobis
1130 3718 1360 3773 halitum
1397 3724 1453 3772 et
1476 3715 1718 3771 sumtum
1744 3715 1894 3770 illum
1931 3714 2096 3770 intel—

517 3815 779 3870 lectilem.
807 3811 970 3867 Facta
1001 3811 1071 3866 de
1128 3806 1375 3863 terrestri
1422 3807 1653 3861 materie
1711 3805 1915 3861 lumina
1969 3815 2099 3863 sunt

2196 3169 2377 3242 ἡμῶν.
2422 3188 2442 3223 ι
2480 3170 2623 3240 Ὅρα
2657 3171 2765 3241 γὰρ
2796 3173 3065 3242 νουνεχῶς
3092 3175 3175 3227 ὅτι
3225 3180 3319 3228 καὶ
3371 3177 3439 3230 τὰ
3486 3175 3768 3244 φαινόμενα

2196 3262 2295 3316 τοῦ
2320 3261 2450 3316 ναοῦ
2487 3263 2646 3317 τοῦδε
2688 3263 2863 3334 κάλλη
2910 3266 3009 3334 τῆς
3041 3266 3280 3335 ἀφανοῦς
3336 3252 3550 3336 ἐκείνης
3584 3266 3770 3333 εὐπρεο

2204 3355 2364 3417 πείας
2420 3355 2559 3411 εἰσιν
2617 3355 3082 3423 ἀπεικονίσματα,
3153 3358 3209 3409 αἱ
3270 3357 3319 3410 δ’
3391 3354 3483 3410 οὖν
3532 3351 3772 3424 αἰσθηταὶ

2204 3445 2424 3499 εὐωδίαι
2466 3446 2565 3515 τῆς
2611 3446 2810 3516 νοητῆς
2850 3447 3145 3517 διαδόσεως
3181 3449 3578 3519 ἐκτυπὼματα.
3610 3446 3686 3498 Τὰ
3722 3444 3773 3495 δὲ

2206 3536 2369 3590 ὐλικέι
2416 3537 2572 3606 φῶτα
2605 3540 2704 3607 τῆς
2738 3538 2905 3591 ἀΰλου
2957 3538 3290 3606 φωτοδοσίας
3344 3532 3551 3601 είκὸνες
3589 3535 3774 3607 τυγχά-

2202 3641 2395 3681 νουσι⁶
2448 3629 2542 3681 καὶ
2598 3628 2709 3703 γὰρ
2746 3628 2835 3681 διὰ
2886 3628 3057 3683 τῶνδε
3106 3628 3217 3682 τῶν
3271 3629 3480 3685 ὑλαίων
3522 3629 3652 3698 πρὸς
3687 3626 3775 3692 τὴν
3822 3673 3850 3699 ο

2204 3719 2443 3790 ἄρρητον
2467 3718 2681 3790 ἐκείνην
2706 3719 2958 3792 θεωρίαν,
2977 3720 3118 3774 καθὰ
3143 3722 3317 3793 δήπου
3353 3722 3448 3776 καὶ
3467 3720 3544 3792 τῷ
3570 3719 3775 3789 μεγάὶῳ

2204 3811 2353 3862 δοκεῖ
2383 3810 2672 3881 Διονυσίῳ,
2700 3813 3048 3881 χειραγωγοῦ
3058 3813 3217 3883 μεθα.
3621 3813 3625 3817 ’

518 3907 790 3979 imagines
839 3904 978 3958 lucis
1021 3902 1167 3956 illius
1195 3899 1436 3956 caelestis
1464 3909 1521 3954 et
1572 3899 1824 3956 materiei
1877 3915 2107 3969 prorsus
2146 3903 2409 3971 expertis.
2444 3899 2713 3957 Nimirum
2743 3919 2843 3974 per
2880 3905 3044 3959 hasce
3109 3920 3199 3960 res
3264 3907 3503 3963 materie
3541 3909 3780 3958 constan-

518 4011 603 4056 tes
630 4015 694 4076 ιο
721 4008 968 4053 terrenas
1002 3993 1067 4048 ad
1094 3994 1617 4063 contemplatibnem
1686 3994 1837 4050 illam
1871 3991 2225 4061 inell‘abilem,
2261 3996 2729 4066 quemadmodum
2805 4008 2863 4053 et
2930 4012 3129 4070 magno
3180 4000 3258 4054 illi
3328 3999 3595 4071 Dionysio
3640 3990 3781 4046 video

521 4106 633 4158 tur,
663 4092 820 4163 quasi
853 4105 1015 4144 manu
1043 4088 1319 4144 ducimur.

591 4190 666 4247 Ut
697 4199 877 4245 autem
908 4187 976 4243 ad
1008 4187 1360 4242 Solomonem
1389 4194 1761 4253 revertamur,
1811 4184 2113 4255 superasse

522 4283 673 4338 illum
727 4295 919 4337 omnes
972 4279 1231 4333 omnibus
1282 4276 1449 4332 rebus
1510 4275 1683 4329 sacris
1758 4289 1825 4329 ex
1878 4274 2102 4329 Litteris

524 4390 828 4448 cognoscas
887 4373 1034 4427 licet.
1099 4391 1115 4423 ι
1155 4373 1416 4433 Tantum,
1444 4368 1781 4438 inquiunt",
1813 4365 2019 4422 divitiis
2049 4373 2104 4419 et

525 4469 792 4539 sapientia
835 4474 1063 4520 cunctos
1106 4461 1328 4533 Egypti
1379 4474 1537 4531 reges
1566 4459 1827 4514 excelluit
1856 4456 2102 4521 Solomo,

527 4569 588 4615 ut
613 4571 806 4613 omnes
834 4555 984 4611 orbis
1015 4565 1292 4609 terrarum
1348 4565 1509 4619 reges
1567 4559 1928 4619 conspectum
1986 4550 2107 4621 eius

526 4650 872 4720 requirerent
914 4646 1205 4701 audientiae
1256 4643 1543 4712 sapientia
1572 4656 1760 4707 causa,
1811 4656 1917 4711 qua
1948 4641 2109 4712 longe

527 4742 863 4811 amplissima
894 4738 1154 4807 praeditus
1217 4734 1441 4805 quosvis
1493 4734 1773 4803 sapientes
1827 4733 2112 4805 Egyptios

530 4841 656 4902 post
686 4846 744 4886 se
774 4830 1170 4899 relinquebat.»
1208 4824 1355 4878 ldem
1385 4822 1605 4878 Solonio
1666 4838 1791 4878 cum
1841 4823 2109 4878 divinitus

530 4923 861 4994 sapientiam
917 4932 1124 4975 tantam
1163 4925 1362 4972 nactus
1419 4915 1654 4979 luisset,
1716 4918 2108 4970 sententiarum

533 5017 634 5071 tria
667 5016 835 5070 millia
870 5013 1115 5082 protulit,
1151 5018 1206 5063 et
1264 5008 1495 5061 odarttm
1531 5009 1775 5077 quinque
1806 5008 1976 5062 millia
2043 5013 2111 5063 de

530 5110 787 5162 omnibus
820 5120 851 5160 e
883 5114 1025 5158 terra
1064 5098 1425 5155 nascentibus
1455 5109 1510 5153 et
1538 5101 1754 5155 cunctis
1784 5102 2111 5158 animalibus

566 5266 645 5303 ,ι’
676 5260 843 5315 Hebr.
874 5272 951 5319 ix,
979 5253 1067 5308 2L
1144 5254 1191 5285 ⁸³
1216 5253 1285 5308 lll
1319 5254 1450 5324 Reg.
1478 5271 1553 5322 tv,
1585 5256 1674 5310 54.

605 5404 717 5472 (56)
749 5402 809 5456 ln
841 5409 1050 5455 textum
1100 5398 1351 5455 Graecum
1389 5398 1749 5471 Latinamque
1794 5402 2105 5455 versionem

535 5475 717 5548 gravis
755 5487 910 5548 error
958 5472 1229 5548 incubuit,
1278 5472 1499 5548 cuntab
1560 5472 1981 5548 lsraeliticorum
2042 5485 2107 5524 ex

536 5540 771 5614 Egypto
801 5542 1128 5610 migratione
1164 5540 1415 5614 trecenti
1462 5551 1673 5614 tantum
1731 5556 1792 5596 ac
1862 5541 2106 5614 triginta,

536 5611 1026 5677 rl'z'numerentur
1052 5611 1178 5667 anni
1207 5625 1380 5679 usque
1424 5611 1493 5665 ad
1544 5621 1880 5665 exstructam
1942 5613 2053 5663 Deo
2079 5626 2110 5663 a

540 5685 833 5754 Solomone
858 5680 1245 5754 Hierosolymis
1270 5696 1482 5754 sacram
1511 5681 1680 5754 aedem
1692 5720 1708 5754 .4
1746 5681 1935 5754 Exstat
1960 5680 2107 5733 enim

538 5756 661 5809 luce
694 5753 992 5807 meridiana
1018 5751 1220 5807 clarius
1252 5753 1623 5805 testimonium
1659 5752 1780 5805 libri
1807 5766 1865 5804 ιιι
1901 5751 2107 5818 ltegum

537 5822 718 5887 capite
752 5830 904 5877 sexto
936 5837 952 5875 :
986 5821 1213 5880 Factum
1233 5831 1307 5877 est
1339 5837 1460 5887 erqo
1488 5821 2003 5887 quadringentesimo
2057 5830 2106 5873 et

2132 4509 2186 4569 D

2285 4184 2409 4237 ’Ὀτι
2440 4182 2495 4236 δὲ
2531 4183 2741 4247 πάντας
2771 4184 3121 4256 ὑπερϐαίνων
3140 4178 3209 4255 ἦν
3241 4187 3336 4239 ἐπὶ
3382 4190 3548 4241 πᾶσιν
3576 4189 3603 4240 6
3636 4187 3782 4239 Σολοο

2216 4275 2408 4345 μῶν,ή
2436 4275 2628 4345 Γραφὴ
2674 4276 2973 4330 διδασκέτω
3002 4293 3061 4328 σε
3094 4277 3357 4346 λέγουσαο
3389 4299 3407 4330 ι
3460 4280 3571 4334 Καὶ
3597 4282 3786 4347 ἐμεγα-

2213 4365 2380 4436 λύνθη
2408 4367 2661 4437 Σολομῶν
2684 4368 2824 4439 ὑπὲρ
2856 4370 3066 4431 πάντας
3091 4374 3217 4431 τοὺς
3246 4369 3496 4440 βασιλεῖς
3519 4370 3787 4439 Αἰγύπτου

2214 4457 2430 4528 πλούτῳ
2478 4460 2572 4511 καὶ
2608 4459 2894 4530 φρονήσει,
2930 4461 3023 4513 καὶ
3069 4464 3273 4523 πάντες
3324 4464 3379 4515 οἱ
3423 4462 3664 4532 βασιλεῖς
3696 4459 3786 4526 τῆς

2211 4549 2314 4616 γῆς
2351 4546 2580 4617 ἐζήτουν
2612 4551 2673 4602 τὸ
2707 4550 3004 4621 πρόσωπον
3045 4550 3394 4621 Σολομῶντος
3436 4552 3531 4605 τοῦ
3566 4550 3788 4605 ἀκοῦσαι

2214 4639 2313 4711 τῆς
2355 4642 2675 4711 φρονήσεως
2729 4640 2918 4695 αὐτοῦ.
2978 4643 3321 4714 Ἐπληθύπιθη
3378 4646 3491 4716 γὰρ
3548 4646 3580 4712 ἡ
3639 4641 3790 4708 σοφία

2219 4730 2385 4783 αὐτοῦ
2420 4730 2559 4802 ὑπὲρ
2596 4732 2776 4786 πάντα
2832 4729 3097 4803 φρόνιμον
3143 4723 3447 4815 ῥίγύπτου.
3486 4754 3504 4786 ι
3544 4734 3654 4796 Τὰς
3701 4727 3788 4783 τοῦ

2220 4821 2562 4892 Σολομῶντος
2597 4821 2836 4893 βίϐλους,
2861 4825 2954 4892 ἀφ’
2988 4819 3061 4877 ὧν
3097 4826 3192 4879 καὶ
3218 4829 3265 4879 οἱ
3296 4826 3406 4878 τῶν
3438 4826 3641 4895 ίατρῶν
3676 4821 3790 4873 παῖ-

2218 4914 2305 4978 δες
2357 4915 2453 4975 τὰς
2498 4914 2755 4985 ἀφορμὰς
2792 4914 3005 4969 ἔλαϐον.
3044 4918 3197 4970 Μετά
3249 4921 3357 4988 γὰρ
3405 4920 3466 4970 τὸ
3520 4917 3701 4968 ὶαεεῖν
3736 4917 3793 4962 ἐκ

2218 5004 2354 5061 Θεοῦ
2388 5006 2489 5077 τὴν
2548 5007 2742 5075 σοφίαν
2790 5008 3098 5078 τρισχιλίας
3158 5010 3256 5078 μὲν
3317 5009 3639 5078 παραϐολὰς
3706 5004 3794 5054 καὶ

2221 5098 2665 5169 πεντακισχιλίας
2704 5098 2846 5169 ᾠδὰς
2886 5099 3117 5171 ὲλὰλησε
3167 5103 3290 5173 περὶ
3325 5103 3551 5155 πάντων
3591 5098 3694 5150 τῶν
3739 5109 3791 5145 τε

2216 5403 2531 5472 octogesimo
2556 5419 2697 5456 anno
2730 5401 3047 5472 egressionis
3078 5398 3315 5467 ﬁliorum
3351 5398 3549 5464 Israel,
3604 5413 3654 5451 et
3678 5408 3793 5472 quae

2216 5465 2544 5540 sequuntur.
2571 5472 2682 5526 lino
2710 5465 2811 5526 nec
2838 5472 3039 5526 desunt
3064 5465 3210 5524 inter
3262 5473 3651 5539 cttronotogos,
3704 5465 3789 5532 qui

2217 5542 2381 5611 longe
2431 5541 2593 5613 etiam
2635 5542 2819 5611 plures
2849 5541 3218 5596 numerandos
3262 5556 3388 5613 esse
3440 5540 3789 5613 contendant,

2219 5622 2273 5666 et
2316 5605 2418 5679 pro
2446 5612 2551 5664 480
2592 5605 3071 5682 vélintlegentlum
3097 5625 3221 5666 esse
3271 5612 3326 5665 in
3357 5612 3534 5682 sacris
3591 5605 3792 5682 codici-

2218 5670 2470 5736 bus-580.
2504 5685 2617 5747 Qua
2640 5684 2707 5737 de
2735 5698 2794 5735 re
2827 5670 3069 5743 uberius,
3104 5684 3198 5749 qui
3244 5679 3551 5736 doctrinam
3593 5670 3793 5746 tcmp’o—

2216 5768 2337 5806 runt
2373 5763 2490 5808 arte
2531 5768 2596 5807 ac
2615 5752 2874 5809 mcthodo
2907 5761 3265 5822 pertractant.
