4054 6466
297 440 394 506 349

1558 435 1964 499 ANNALIUM
2006 437 2204 499 PARS
2247 440 2329 502 ΙΙ.

3430 438 3534 504 350

293 550 350 602 ἐκ
373 548 475 618 γῆς
506 550 797 618 φυομένων
834 549 930 603 καὶ
976 548 1196 603 πάντων
1225 547 1332 602 τῶν
1364 547 1541 611 ζώων.
1581 549 1707 601 Ἐπὶ
1748 547 1857 616 γὰρ

1965 549 2294 616 composuit.
2339 549 2457 609 lloe
2479 549 2626 605 enim
2657 549 2904 604 indicare
2935 547 3126 605 volens
3148 557 3338 604 auctor
3366 549 3533 603 histo-

290 638 457 710 τούτῳ
501 641 664 696 xui-6
710 641 1061 713 συγγραφεύς
1115 659 1283 712 φησιν
1315 642 1397 694 ὅτι
1437 640 1702 709 ἐλάλησεν
1727 641 1859 711 περδ⁹

289 730 393 785 τῶν
426 732 599 798 ξύλων
633 735 742 786 ἀπὸ
772 734 873 803 τῆς
926 735 1119 804 κέδρου
1166 736 1264 803 τῆς
1310 737 1367 787 ὲν
1396 734 1474 804 τῷ
1504 733 1724 803 Λιϐάνῳ
1764 732 1861 788 καὶ

290 821 388 885 ἓως
413 824 511 892 τῆς
536 823 790 878 ὑσσώπου
816 824 918 894 τῆς
950 823 1395 895 ἐκπορευομένης
1427 824 1492 877 ὲκ
1518 822 1612 876 τοῦ
1649 822 1856 892 τοίχου.

291 913 443 982 Παρὰ
490 912 549 965 δὲ
612 912 858 977 Ἐζεκίου
921 912 1192 967 κεκαῦθαί
1260 932 1423 984 φησιν
1464 916 1491 967 6
1536 913 1860 984 πολυμαθὴς

291 1004 378 1056 καὶ
414 1003 726 1075 πολυῖστωρ
755 1004 1036 1068 Εὐσὲὁιος.
1076 1005 1219 1059 Ὅσα
1267 1006 1364 1059 καὶ
1410 1004 1521 1078 γὰρ
1553 1009 1610 1060 ὲν
1650 1009 1719 1077 γῇ
1765 1009 1862 1059 καὶ

292 1094 551 1168 θαλάσσῃ,
588 1097 644 1149 ἐν
675 1097 819 1168 ἀέρι,
866 1098 1115 1167 ἀφορμαὶ
1152 1099 1250 1166 τῆς
1292 1098 1501 1153 ἐκείνου
1540 1098 1859 1167 φιλοσοφίας

291 1184 551 1253 ἐγένοντο.
585 1186 741 1240 Ούτω
791 1188 891 1258 μὲν
921 1183 1014 1242 οὗν
1069 1190 1096 1241 6
1162 1187 1411 1253 Ἐζεκίας
1469 1191 1563 1244 καὶ
1620 1192 1714 1243 ἐπὶ
1759 1189 1859 1243 τοῦ

289 1276 448 1330 Δαϐὶδ
501 1279 721 1349 ἐποίησε
781 1279 1038 1351 ψαλμοῖς.
1063 1280 1282 1334 Τούτων
1332 1282 1426 1335 καὶ
1476 1282 1582 1352 γὰρ
1631 1283 1689 1335 ὲν
1741 1284 1861 1346 ταῖς

288 1370 686 1438 αἰχμαλωσίαις
732 1371 1113 1436 ἀπολωλότων,
1179 1373 1416 1443 Ἔσδρας
1462 1391 1549 1437 τις
1594 1373 1735 1445 ἀνὴρ
1780 1375 1863 1439 είς

289 1463 454 1531 ἄκρον
493 1465 592 1532 τῆς
636 1464 916 1534 Ἑϐραῖδος
964 1464 1250 1521 διαλέκτου
1296 1467 1576 1537 ἐληλακὼς
1615 1474 1660 1521 τ’
1704 1468 1860 1531 ὅλους

289 1555 762 1627 ἁπηριθμήσατοῆ
794 1558 890 1611 καὶ
921 1558 1138 1624 πλείους
1171 1559 1449 1624 συλλέξας.
1470 1560 1609 1616 Ἀλλ’
1639 1562 1667 1614 6
1712 1562 1861 1626 Ἐζε-

288 1642 412 1707 κίας
449 1645 577 1707 τοὺς
605 1645 822 1709 πλείους
852 1649 961 1702 τῶν
987 1648 1220 1721 ψαλμῶν
1248 1650 1525 1722 ἀθετήσας
1549 1652 1626 1715 ὡς
1663 1653 1738 1724 μὴ
1765 1652 1858 1706 τοῦ

289 1735 452 1789 Δσϐὶδ
501 1732 644 1791 εἶναι
695 1739 1180 1812 ὡμολογημένους,
1208 1743 1335 1806 τοὺς
1396 1751 1475 1813 ρν¹
1513 1745 1608 1798 καὶ
1664 1745 1861 1815 μόνους

287 1828 607 1900 ἀπέκρινεν,
635 1830 712 1893 ὡς
761 1833 790 1885 6
846 1832 1159 1903 σοφώτατος
1211 1834 1422 1898 Ψελλὸς
1476 1836 1678 1905 ἱστορεῖ
1719 1836 1854 1907 (57).
1890 1868 1919 1907 ,ς

300 1918 725 1991 Ἐφυσιολόγησε
780 1922 838 1976 δὲ
903 1923 1159 1990 Σολομῶν
1216 1926 1310 1979 καὶ
1367 1924 1497 1995 περὶ
1544 1924 1729 1991 λίθων,
1759 1927 1857 1997 οὐχ

290 2010 436 2075 ὅπως
467 2012 827 2084 ὲχρώσθησαν
859 2015 1022 2082 μόνον
1074 2017 1107 2085 ἤ
1156 2016 1567 2086 συνεπάγησαν,
1596 2017 1731 2071 ἀλλὰ
1763 2020 1860 2071 καὶ

287 2103 418 2156 ὅπου
456 2103 662 2173 ἑκάστη
718 2106 983 2158 συντελεῖ.
1013 2105 1127 2175 Τὴν
1164 2107 1263 2174 μὲν
1296 2108 1655 2178 σωφροσύνης
1685 2108 1857 2179 ἔφησε

288 2193 675 2266 φυλακτήριον,
696 2196 795 2266 τὴν
822 2196 879 2250 δὲ
903 2197 1037 2268 πρὸς
1059 2199 1127 2250 τὰ
1153 2195 1349 2267 θειώδη
1375 2199 1623 2268 ἀντέχειν
1650 2199 1856 2270 πυρσὰ,

286 2285 480 2354 ἑτέραν
527 2287 584 2339 δὲ
616 2288 942 2357 φυγαδεύειν
975 2288 1265 2357 πνεύματα
1310 2291 1541 2359 πονηρά.
1578 2290 1740 2343 Ἀλλὰ
1765 2290 1860 2345 καὶ

286 2378 414 2446 περὶ
445 2377 716 2449 δαιμόνων
747 2377 904 2449 ἐτέθη
951 2378 1155 2448 βιϐλίον
1181 2379 1373 2445 αὑτοῦ,
1405 2382 1554 2446 ὅπως
1586 2399 1646 2435 τε
1680 2382 1856 2437 κατά-
1892 2458 1898 2463 _

285 2485 473 2537 γονται
502 2471 597 2523 καὶ
624 2472 680 2523 ὲν
708 2471 843 2536 οἵοις
869 2472 1039 2541 εἴδεσι
1087 2472 1386 2542 φαίνονται.
1424 2474 1619 2538 Φύσεις
1650 2475 1706 2529 δὲ
1736 2476 1860 2530 τού-

284 2573 393 2611 των
439 2559 529 2612 καὶ
570 2559 839 2631 ἰδιότητας
874 2561 1103 2632 ἔγραψε,
1144 2562 1265 2626 πῶς
1296 2577 1355 2614 τε
1391 2563 1719 2633 δεσμοῢνται
1764 2569 1860 2621 καὶ

286 2645 402 2708 πῶς
432 2647 937 2719 ἐμφιλοχωροῦντες
979 2652 1331 2707 ἀπολύονται.
1360 2652 1526 2706 Ὅθεν
1557 2654 1693 2727 ἔργα
1736 2658 1861 2709 τού-

285 2751 399 2799 τοις
432 2738 711 2810 ἀχθοφόρα
756 2741 1072 2807 ἐπέταττεν,
1105 2741 1390 2812 ὑλοτομεῖν
1445 2760 1528 2807 τε,
1556 2745 1631 2807 ὡς
1679 2744 1855 2812 λόγος,

285 2833 585 2902 ἠνάγκαζε,
617 2824 712 2887 κάι
738 2833 1058 2903 κατωμαδὸν
1096 2834 1163 2886 τὰ
1189 2833 1328 2905 ἄχθη
1369 2835 1557 2905 φέρειν
1591 2834 1860 2904 παρεϐιά-

285 2924 427 2988 Cato.
473 2924 732 2997 ᾮδηκότα
760 2943 817 2981 τε
871 2927 1156 2999 σπλάγχνα
1187 2927 1219 2997 ἢ
1256 2929 1495 2997 ἐπῳδαῖς
1532 2930 1565 3000 ἢ
1599 2931 1858 3001 βοτάναις

285 3017 583 3088 περιτιθεὶς
637 3018 992 3089 ἐθεράπευεν.
1035 3019 1178 3073 Ἀλλ’
1222 3019 1249 3073 ὅ
1304 3036 1370 3089 γε
1422 3021 1564 3085 θεῖος
1607 3022 1858 3087 Ἐζεκίας

285 3109 401 3182 Θεῷ
438 3110 633 3164 ἑαυτὸν
666 3110 959 3178 ἀνατιθεὶς,
998 3112 1091 3165 καὶ
1121 3112 1303 3166 πάντα
1341 3114 1441 3183 τῆς
1474 3115 1689 3168 ἐκεῖθεν
1719 3133 1856 3184 προ-

288 3203 433 3264 νοίας
488 3202 818 3272 ἐξαρτήσας,
842 3203 951 3256 τῶν
1021 3203 1160 3275 ὑπὲρ
1211 3203 1376 3272 φύσιν
1418 3205 1498 3276 τῷ
1547 3208 1858 3276 Σολομῶντι

285 3293 763 3363 φιλοσοφηθέντων
807 3292 1183 3365 ὠλιγώρησεν.
1233 3288 1333 3349 Ὧν
1384 3296 1441 3350 δὲ
1504 3297 1790 3368 ἱστόρησεν
1831 3300 1859 3351 6

287 3380 512 3444 Ψελλὸς,
540 3381 633 3433 καὶ
683 3383 712 3434 ό
746 3381 1010 3450 Ἰώσηπος
1065 3383 1274 3454 μάρτυς
1306 3385 1420 3438 ἐστὶ
1457 3384 1659 3454 λέγων·
1698 3405 1717 3439 ι
1751 3389 1862 3442 Καὶ

284 3473 498 3543 ἐπῳδὰς
524 3473 666 3527 κατὰ
707 3472 982 3542 δαιμόνων
1012 3475 1113 3532 καὶ
1139 3477 1503 3546 ὲξορκισμοὺς
1539 3479 1861 3548 ἐπενόησεν,

286 3560 400 3629 αἷς,
436 3583 454 3616 ι
495 3565 744 3635 φησὶνηι
787 3561 904 3620 οἶδα
949 3565 1232 3637 χρώμενον
1280 3567 1544 3640 Ἐλεάζαρ
1598 3571 1690 3623 τὸν
1725 3570 1862 3623 Ἰου-

286 3656 453 3722 δαῖον,
481 3657 768 3730 δαὶκτύλιον
816 3659 1100 3713 ὲντιθέντα
1140 3664 1205 3731 τῇ
1250 3663 1359 3731 ῥινὶ
1385 3661 1479 3715 τοῦ
1534 3662 1860 3732 πάσχοντος,

286 3749 431 3802 καθὰ
483 3749 737 3820 Σολομῶν
807 3751 1095 3817 ὑπέδειξεο
1159 3754 1255 3807 καὶ
1311 3754 1740 3824 ὀσφραινόμενον
1802 3755 1864 3808 τὸ

283 3841 564 3912 δαιμόνιον
593 3842 794 3906 εὐθέως
829 3843 1041 3905 ἐκεῖθεν
1083 3843 1369 3914 ἠλαύνετο.
1394 3846 1573 3915 Δῆλον
1615 3846 1671 3899 δὲ
1701 3846 1865 3903 τοῦτο

282 3931 533 4000 γίνεσθαι
589 3932 677 3988 διά
736 3950 881 3996 τινος
948 3935 1304 3999 ὑποτεθέντος
1358 3937 1586 4005 ἀγγείου
1658 3938 1861 4008 μεστοῦ

285 4023 515 4088 ὕδατος·
547 4025 981 4096 συνεταράσσετο
1024 4026 1135 4094 γὰρ
1161 4026 1223 4079 τὸ
1269 4026 1507 4081 τοιοῦτον
1540 4027 1683 4100 ὕδωρ
1715 4030 1861 4082 ὲκεί-

284 4133 377 4168 νου
411 4113 791 4185 ὲξερχομένου.
830 4133 848 4167 ι
884 4115 1075 4170 Ταῦτα
1108 4117 1166 4170 δὲ
1200 4117 1377 4170 πάντα
1426 4118 1494 4171 τὰ.
1537 4120 1664 4189 περὶ
1707 4121 1865 4173 Σολο-

287 4208 501 4275 μῶντος
539 4205 900 4276 ἱστορούμενα
954 4207 1050 4261 καὶ
1093 4207 1254 4272 αὐτὸς
1299 4209 1505 4274 ἐκεῖνος
1552 4211 1867 4264 ὲπιϐεὸᾱιοῖ

287 4300 347 4350 ὲν
379 4300 447 4367 τῇ
489 4296 658 4367 βίϐλῳ
683 4296 852 4350 αὐτοῦ
878 4299 947 4368 τῇ
978 4288 1252 4371 λέγομένῃ
1287 4299 1460 4370 Σοφίᾳ
1488 4301 1863 4371 Σολομῶντος,

287 4389 385 4440 καὶ
413 4387 537 4440 τάδε
565 4388 708 4442 κατὰ
732 4390 885 4458 ῥῆμα
917 4387 1151 4456 διεξιὼν,
1173 4409 1191 4442 ι
1214 4390 1271 4442 '0
1285 4389 1416 4452 Θεὸς
1440 4391 1603 4444 ἐδωκὲ
1636 4410 1728 4461 μοι
1755 4393 1864 4448 τῶν

284 4480 458 4533 ὅντων
497 4480 698 4547 γνῶσιν
725 4479 955 4549 ἀψευδῆ,
998 4482 1198 4535 εἰδέναι
1242 4498 1299 4534 τε
1347 4483 1604 4535 σύστασιν
1630 4484 1861 4555 κόσμου,

289 4568 468 4631 θέσεις
499 4569 744 4640 ἀστέρων
780 4572 876 4623 καὶ
916 4572 1108 4640 φύσεις
1155 4571 1334 4638 ζώων,
1359 4573 1624 4646 διαφορὰς
1680 4579 1864 4642 φυτῶν

286 4664 383 4715 καὶ
438 4661 697 4732 δυνάμεις
733 4662 923 4733 ῥιζῶν,
959 4665 1049 4716 καὶ
1079 4662 1282 4732 γνῶσιν
1327 4665 1425 4733 τὴν
1457 4667 1514 4719 ἐν
1547 4668 1797 4738 κρυπτῷ.
1839 4688 1857 4721 ι

288 4753 500 4808 Οὐκοῦν
532 4753 824 4818 ἀξιόπιστα
847 4756 1022 4810 πάντα
1055 4756 1124 4808 τὰ
1167 4758 1295 4826 περὶ
1325 4756 1673 4828 Σολομῶντος
1713 4760 1866 4829 λεγό-

292 4861 453 4916 μενα.

1963 640 2057 693 ria:
2082 641 2265 695 verbis
2297 640 2604 712 hlljUSllllldi
2634 657 2763 697 usus
2791 651 2909 699 est:
2945 640 3249 697 (Disseruit
3283 641 3349 696 de
3380 642 3512 696 arbo

1962 730 2138 796 ribus,
2168 748 2200 787 a
2236 734 2402 789 cedro
2434 733 2624 788 Libani
2657 750 2828 802 usque
2852 736 2919 789 ad
2947 735 3236 806 hysopum,
3271 734 3328 788 in
3359 736 3535 803 parie-

1964 821 2097 875 tinis
2123 823 2213 892 qui
2249 823 2551 878 naseitur.»
2587 822 2658 876 Ex
2698 824 2782 878 his
2818 824 2971 877 libr's
3017 822 3388 878 Solomonieis
3422 838 3529 877 meo

1963 911 2209 967 dicorum
2235 914 2384 968 natio
2409 915 2585 968 multa
2609 914 3014 969 commentandi
3049 914 3368 969 occasiones
3390 931 3532 968 sum-

1961 989 2073 1073 psit
2106 1023 2119 1058 :
2149 1022 2274 1060 nam
2312 1023 2655 1077 quaecunque
2710 1008 2956 1071 interra,
3007 1009 3062 1063 in
3096 1010 3257 1072 mari,
3310 1010 3366 1064 in
3413 1025 3537 1067 aere

1962 1096 2250 1161 exsistunt,
2284 1099 2565 1153 Solomoni
2602 1100 2669 1155 ad
2712 1101 3215 1171 philosophandum
3252 1105 3536 1173 materiem

1962 1189 2408 1258 suppeditarunt.
2440 1189 2717 1246 Nonnulla
2753 1192 2936 1247 tamen
2973 1194 3287 1249 Solomonis
3337 1211 3535 1251 nomen

1960 1281 2377 1348 praeseferentia
2429 1281 2595 1337 fuisse
2659 1282 2727 1336 ab
2766 1282 2961 1338 Ezecia
3024 1294 3411 1353 concremata,
3445 1287 3535 1340 do-

1962 1372 2239 1427 ctissimus
2258 1372 2344 1426 ille
2366 1373 2835 1443 plurimarumque
2861 1390 3039 1430 rerum
3065 1377 3375 1446 cognitione
3402 1394 3537 1447 pra--
3612 1364 3616 1371 ’

1962 1463 2108 1518 ditus
2132 1464 2406 1519 Eusebius
2430 1466 2711 1520 memoria:
2736 1466 2991 1535 prodidit.
3021 1468 3167 1521 Idem
3193 1467 3282 1521 hic
3312 1468 3540 1523 Ezecias

1962 1554 2019 1608 in
2062 1553 2334 1612 Davidicis
2363 1559 2526 1612 etiam
2573 1558 2796 1626 psalmis
2836 1559 3278 1626 praestititznam
3311 1575 3437 1615 cum
3487 1561 3541 1615 in

1960 1648 2366 1716 captivitatibus
2433 1648 2509 1702 illi
2563 1650 2749 1705 amissi
2806 1650 3007 1716 forent,
3060 1652 3260 1705 Esdras
3291 1653 3539 1722 quidam,

1962 1738 2047 1793 vir
2081 1738 2149 1793 ad
2177 1754 2453 1793 summum
2494 1740 2781 1795 llebraicaa
2814 1740 3015 1810 lingua:
3047 1742 3283 1810 peritus,
3321 1754 3538 1797 trecen-

1966 1839 2067 1893 tos,
2095 1829 2206 1883 imo
2231 1829 2415 1898 plures
2442 1830 2706 1884 collectos
2737 1832 3017 1885 recens’uit
3051 1847 3065 1884 :
3100 1846 3291 1886 verum
3317 1831 3540 1889 Ezecias

1960 1920 2331 1990 compluribus
2370 1936 2435 1975 ex
2480 1921 2638 1991 183
2674 1922 2824 1975 hisce
2844 1922 3072 1991 psalmis
3095 1923 3259 1992 plane
3297 1926 3539 1995 rejectis,
3608 1942 3613 1945 ·

1961 2022 2020 2067 ut
2049 2012 2140 2081 qui
2166 2014 2303 2066 citra
2327 2011 2761 2067 controversiam
2792 2011 3015 2066 Davidis
3046 2013 3313 2081 appellari
3343 2015 3540 2083 nequi-

1960 2113 2102 2168 rent,
2147 2105 2295 2160 solos
2327 2105 2430 2158 150
2465 2105 2707 2173 reliquos
2741 2103 3003 2175 suffragio
3036 2120 3138 2159 suo
3186 2105 3537 2176 approbavit,

1961 2196 2425 2264 quemadmodum
2476 2197 2687 2251 Psellus
2747 2196 2836 2250 ille
2884 2197 3236 2253 doctissimus
3293 2199 3540 2268 scripsit.

1961 2284 2232 2343 Praeterea
2264 2287 2488 2343 Solomo
2515 2287 2583 2342 de
2618 2288 2852 2358 gemmis
2913 2304 3137 2357 quoque
3164 2290 3425 2345 disseruit
3453 2306 3541 2345 ea-

1960 2395 2191 2448 rum-lue
2222 2388 2441 2445 natura,
2470 2394 2575 2431 non
2614 2386 2828 2431 tantum
2862 2392 2971 2446 quo
3006 2378 3110 2432 illm
3137 2390 3300 2448 pacto
3326 2381 3540 2437 calores

1961 2472 2062 2526 hos
2091 2470 2179 2526 vel
2205 2471 2327 2524 illos
2355 2469 2629 2537 accipiant
2660 2469 2749 2522 vel
2778 2469 3074 2538 gignantur
3123 2479 3178 2524 et
3200 2471 3538 2538 coalescant,

1960 2578 2150 2617 verum
2186 2563 2350 2617 etiam
2397 2562 2520 2630 quis
2575 2561 3007 2631 uniuscujusque
3039 2561 3112 2615 sit
3166 2577 3299 2616 usus
3329 2581 3344 2617 :
3376 2562 3538 2619 aliam
3572 2562 3575 2565 ’

1960 2653 2108 2707 enim
2136 2651 2413 2720 pudicitia:
2443 2651 2728 2705 custodem
2761 2668 2881 2706 esse
2920 2654 3322 2721 pronuntiavit,
3377 2656 3540 2708 aliam

1962 2747 2221 2802 sulfureis
2250 2746 2771 2801 inﬂammationibus
2803 2747 3092 2810 resistere,
3151 2747 3314 2801 alam
3371 2748 3545 2803 malos

1959 2838 2148 2909 genios
2176 2837 2417 2908 abigere.
2453 2836 2596 2902 Quin
2633 2836 2800 2890 etiam
2829 2836 3030 2890 librum
3063 2836 3132 2891 de
3163 2838 3342 2908 geniis
3381 2853 3537 2893 com-

1958 2929 2166 3001 posuit,
2208 2945 2316 2998 quo
2353 2930 2619 2983 nimirum
2651 2937 2813 2999 pacto
2846 2943 2878 2984 e
2928 2929 3153 2983 sublimi
3197 2930 3545 2985 deducantur

1959 3022 2300 3095 et'qualibus
2331 3024 2520 3076 formis
2563 3030 2883 3091 appareant.
2928 3021 3260 3077 Eorumdem
3318 3029 3546 3078 naturas

1960 3124 2125 3184 atque
2163 3114 2538 3183 proprietates
2570 3113 2893 3184 complexus
2937 3124 3044 3177 est,
3078 3123 3191 3168 tum
3221 3129 3333 3183 quo
3376 3126 3543 3184 pacto

1882 3210 1927 3274 C
1962 3206 2198 3261 vinculis
2219 3208 2591 3276 astringantur
2620 3213 2676 3259 et
2703 3205 2869 3259 certis
2902 3204 3039 3258 locis
3062 3204 3278 3259 adsueti
3309 3206 3539 3273 abigan-

1966 3309 2074 3353 tur.
2103 3296 2242 3352 Hinc
2271 3296 2474 3352 factum
2508 3305 2566 3351 ut
2596 3310 2800 3366 operas
2833 3295 3101 3365 quasdam
3151 3298 3541 3368 gestandorum

1939 3377 2193 3459 ‘bnerum
2225 3388 2304 3441 eis
2334 3387 2675 3456 imponeret:
2711 3400 2834 3439 nam
2868 3393 2925 3439 et
2954 3385 3267 3452 materiem,
3299 3401 3400 3441 ceu
3425 3403 3545 3455 per-

1968 3479 2178 3551 hiben_t,
2210 3492 2305 3532 eos
2332 3477 2540 3531 caedere
2568 3476 2821 3546 cogebat,
2859 3486 2916 3531 et
2949 3477 3198 3531 humeris
3228 3493 3399 3532 onera
3420 3494 3547 3548 por-
3642 3535 3645 3538 ,

1968 3583 2102 3627 tare.
2132 3571 2282 3625 ldem
2328 3568 2617 3623 hominum
2657 3568 2870 3623 viscera
2922 3570 3239 3624 exulcerata
3284 3572 3367 3625 vel
3421 3586 3543 3625 car—

1966 3663 2209 3716 minibus
2257 3661 2343 3714 vel
2378 3659 2561 3713 herbis
2617 3658 2876 3713 adhibitis
2929 3660 3178 3715 sanabat.
3226 3659 3427 3717 Verum
3461 3663 3547 3716 di-

1968 3753 2124 3806 \ittlts
2154 3755 2317 3805 homo
2350 3749 2596 3811 Ezecias,
2640 3749 2732 3816 qui
2784 3764 2843 3803 se
2872 3742 3044 3802 totum
3087 3748 3142 3800 D.
3165 3766 3197 3803 ο
3226 3765 3548 3805 consecras-

1966 3852 2050 3905 set
2075 3851 2132 3895 et
2159 3839 2522 3908 mancipasset
2548 3839 2776 3907 ejusque
2806 3836 2873 3891 ad
2913 3836 3314 3906 providentiam
3347 3850 3549 3893 cuncta

1965 3937 2213 4000 referret,
2245 3932 2395 4002 parvi
2420 3947 2483 3988 ea
2522 3931 2648 3985 fecit
2679 3948 2798 4001 quae
2840 3945 3007 3999 supra
3042 3940 3292 3985 naturam
3328 3930 3549 3997 Solonio

1965 4027 2380 4099 philosophatus
2430 4032 2596 4079 esset.
2664 4022 2790 4077 llzec
2840 4031 3021 4076 autem
3056 4038 3085 4074 a
3120 4019 3298 4074 Psrllo
3330 4023 3550 4097 tradita

1968 4118 2182 4175 veritati
2216 4126 2592 4189 consentanea
2628 4129 2751 4168 esse
2792 4112 3067 4182 Iosephus
3106 4128 3324 4183 quoque
3370 4114 3551 4169 vei-his

1969 4211 2002 4265 h
2029 4225 2120 4264 see
2152 4218 2413 4263 testatur:
2449 4225 2467 4257 ι
2509 4207 2685 4260 Etiam
2714 4206 2957 4260 carmina
2990 4206 3237 4274 qu:edam
3287 4200 3577 4263 adversus

1968 4307 2159 4375 genios
2190 4311 2245 4355 et
2275 4301 2594 4356 eorumdem
2637 4299 3014 4368 adjurationes
3046 4302 3402 4367 excogitavit;
3433 4298 3552 4366 qui-

1967 4395 2094 4461 bus,
2133 4395 2328 4464 inquit,
2352 4389 2576 4446 memini
2611 4389 2863 4444 Judaeum
2905 4389 3196 4456 quemdam
3230 4388 3551 4442 Eleazarum

1969 4498 2239 4550 utentem,
2273 4484 2542 4539 annulum
2574 4480 2805 4535 naribus
2834 4479 3075 4534 hominis
3107 4479 3293 4551 agitati
3329 4481 3473 4533 malo
3521 4494 3550 4532 a

1975 4580 2135 4653 genio
2168 4578 2247 4633 sic
2278 4575 2610 4639 admovisse,
2645 4571 3111 4642 quemadmodum
3156 4570 3420 4624 indicavit
3452 4570 3552 4623 So-

1971 4673 2154 4739 lonio;
2189 4684 2352 4741 quem
2381 4683 2505 4722 cum
2537 4665 2732 4737 genius
2766 4663 3064 4726 olfecisset,
3094 4663 3360 4718 continuo
3394 4677 3458 4716 ex
3485 4678 3551 4716 eo

1976 4761 2247 4834 migravit.
2278 4758 2343 4813 Et
2366 4759 2747 4831 migrationem
2781 4756 2926 4811 hanc
2980 4755 3098 4808 fieri
3148 4754 3215 4809 de
3253 4769 3384 4808 vase
3419 4770 3553 4823 quo-

1973 4856 2122 4919 dam,
2146 4868 2285 4922 aqua
2314 4851 2550 4920 repleto,
2584 4847 2872 4920 perspicue
2897 4843 3260 4900 animadverti
3293 4852 3548 4912 poterat;

288 4951 589 5006 nam~aqua
637 4935 795 5007 genio
832 4943 1067 4991 exeunte
1110 4936 1451 4994 turbabalur.
1490 4958 1509 4992 ι
1545 4942 1723 5012 Atque
1754 4945 1867 5001 hare
1910 4925 2183 5002 omniade
2239 4941 2533 4997 Solomone
2596 4947 3020 4994 commemorata
3045 4934 3334 4990 confirmat
3356 4933 3472 5004 ipse
3495 4935 3584 4989 in'

287 5044 358 5084 eo
389 5028 528 5083 libro
605 5027 697 5097 qui
762 5026 1038 5098 Sapientia
1088 5026 1400 5085 Solomonis
1451 5033 1782 5102 appellatur,
1844 5037 1931 5094 his
1970 5039 2103 5108 ipsis
2134 5034 2315 5091 verbis
2350 5050 2430 5089 :‘c
2466 5032 2611 5087 Deus
2653 5028 2789 5084 mihi
2850 5029 2998 5084 dedit
3053 5042 3234 5082 rerum
3286 5028 3548 5098 cogni'io-

288 5138 415 5178 nem
454 5121 793 5175 verissimam
826 5131 885 5176 ut
923 5122 1112 5177 mundi
1143 5137 1460 5195 compagem
1509 5137 1852 5197 perspectam
1894 5132 2146 5195 habeam,
2209 5128 2562 5194 siderumque
2596 5124 2734 5177 situs
2797 5131 2851 5176 et
2905 5130 3130 5177 naturas
3182 5120 3548 5174 animantium

288 5224 345 5268 et
373 5214 627 5283 stirpium
658 5212 997 5267 differentias
1046 5224 1101 5268 et
1135 5215 1376 5269 radicum
1436 5218 1577 5272 vires
1609 5228 1664 5273 et
1700 5220 2010 5277 abditorum
2089 5218 2578 5289 coguitionem”.r
2633 5212 2844 5281 Ωυιιιυε
2915 5228 3047 5267 sane
3126 5210 3306 5267 verbis
3362 5222 3549 5266 osten-

287 5311 438 5365 ditur
463 5308 644 5363 omnia
674 5308 739 5363 de
766 5306 1056 5363 Solomone
1089 5311 1304 5380 prodita
1338 5312 1497 5366 fidem
1531 5315 1752 5369 mereri.

359 5447 407 5481 ”
431 5446 562 5516 Sap.
598 5460 688 5508 vn,
719 5444 809 5499 20.

361 5565 472 5635 ('57)
502 5566 635 5628 Qum
662 5562 727 5616 de
756 5560 1278 5635 PsalmisDavidicis
1301 5579 1525 5635 numero
1569 5565 1860 5635 plusquam

290 5632 570 5696 trecentis,
596 5648 723 5704 cum
752 5632 934 5704 amissi
972 5632 1223 5704 fuissent,
1272 5635 1342 5704 ab
1366 5633 1540 5688 Esdra
1572 5632 1725 5704 ipost
1773 5654 1866 5691 cu-

287 5705 594 5772 ptivitatem
624 5701 887 5764 collectis,
924 5709 987 5772 et
1033 5702 1100 5755 ab
1125 5701 1356 5757 Ezechia
1429 5705 1495 5757 ad
1563 5701 1860 5761 numerum

290 5771 509 5828 centum
536 5787 609 5844 ac_
638 5771 1032 5844 quinquaginta
1063 5772 1357 5844 _revocatis
1407 5776 1620 5836 asserit,
1663 5777 1859 5844 partim

289 5852 555 5915 Suspecta:
582 5841 706 5896 fidei
752 5851 901 5904 sunl,
935 5840 1131 5910 partim
1182 5846 1406 5898 omnino
1441 5845 1593 5913 falsa,
1637 5840 1695 5903 ut
1741 5861 1861 5916 qum

1973 5574 2096 5635 post
2119 5564 2449 5631 captivitatis
2491 5571 2734 5631 tempora
2765 5562 2967 5635 vixisse
3024 5559 3334 5635 Ezechiam,
3381 5566 3551 5635 atque

1974 5628 2146 5690 Esdra
2177 5628 2458 5690 chraicm
2489 5628 2692 5707 linguae
2714 5633 3052 5707 peritissimo
3080 5630 3354 5707 iuniorem
3378 5628 3546 5707 [υἰέ-θ

1971 5715 2303 5775 snpponaut,
2335 5698 2648 5779 nequeut—lla
2681 5698 2734 5756 in
2763 5704 2826 5755 iis
2855 5698 3231 5779 liaiieri_tlcbet
3256 5698 3394 5779 ratio
3446 5698 3552 5779 κᾶν

1971 5768 2287 5845 σοίρίυτάτου
2316 5768 2529 5828 Ψελλοῦ
2554 5816 2568 5841 ,
2599 5774 2644 5830 si
2676 5787 2854 5829 tamen
2904 5771 2996 5826 illa
3048 5769 3150 5824 fuit
3209 5768 3552 5824 celeberrimi

1968 5845 2025 5901 ill
2056 5861 2117 5901 us
2153 5847 2394 5903 doctoris
2417 5845 2633 5916 opinio.
