4054 6476
298 385 327 420 ⁸)

295 385 398 450 353
994 316 1009 341 ⁸
1261 432 1277 446 ,
1541 360 1891 436 ᾹΝΝᾹῙᾸΠ

1999 368 2195 431 PARS
2233 365 2319 427 II.

3444 352 3546 414 354

296 497 463 568 δούλῳ
494 513 609 550 σου.
666 514 686 547 ι
737 493 955 561 Ἐπειδὴ
1011 494 1140 564 γὰρ,
1190 493 1344 563 φησὶ,
1394 491 1493 560 τὴν
1549 491 1867 561 πρέπουσαν

1998 488 2118 540 )cus
2170 486 2287 553 ipse
2349 479 2700 535 Solomoncm
2758 474 2939 531 verbis
2998 474 3154 529 hisce
3209 470 3548 540 compellat:

294 591 413 660 ἐμοὶ
445 589 526 658 τῷ
573 588 782 657 κτίστῃ·
817 587 985 656 τιμὴν
1033 586 1126 639 καὶ
1169 584 1329 650 δί’ξαν
1363 588 1429 655 τῇ
1471 582 1662 660 δούλη
1692 581 1871 634 κτίσει

293 677 619 751 ἀπένειμας,
652 678 812 731 δώσω
850 675 1011 745 κάγὼ
1057 677 1157 746 τὴν
1209 676 1367 740 δόξαν
1426 692 1520 727 σου
1573 674 1652 741 τῷ
1698 670 1872 740 δούλῳ

295 790 409 830 σου.
447 771 614 826 Ὅθεν
663 774 757 826 καὶ
793 771 1058 842 ἐπαρθεὶς
1105 772 1133 823 ὁ
1189 768 1476 838 Ἰεροϐοὰμ
1508 767 1715 838 ἤρξατο
1763 765 1873 818 ἀπὸ

294 865 637 935 Σολομῶντος
664 863 755 917 τὸν
786 863 915 918 λαὸν
948 860 1406 933 ἁφιστᾷν..Τοῦτο
1443 858 1629 929 μαθὼν
1654 859 1682 911 6
1713 857 1873 910 Σολο-

295 959 412 1028 μῶν
468 955 653 1027 ἐζήτει
707 955 798 1008 τὸν
852 954 1137 1024 ἰεροϐοὰμ
1201 950 1520 1005 συλλαδείν·
1562 949 1647 1019 ἐφ’
1694 942 1739 1017 ᾧ
1778 949 1873 1001 καὶ

290 1045 483 1114 φεύγει
528 1045 664 1116 πρὸς
713 1047 1012 1113 Αἴγυπτον,
1059 1043 1158 1114 τὴν
1217 1042 1479 1111 τελευτὴν
1518 1039 1871 1111 Σολομῶντος

289 1135 599 1205 καρτερῶν.
630 1136 742 1189 Καὶ
775 1136 919 1189 κατὰ
934 1134 1042 1205 μὲν
1082 1134 1183 1203 τὴν
1222 1132 1377 1185 θείαν
1409 1132 1636 1202 Γραφὴν
1679 1131 1868 1184 ἐϐασί-

295 1225 455 1278 λευσε
493 1227 751 1296 Σολομῶν
796 1225 889 1294 ἐτη
926 1225 1001 1295 μ’,
1037 1225 1179 1277 κατὰ
1221 1223 1278 1277 δὲ
1320 1223 1412 1275 τὸν
1454 1221 1722 1292 Ἰώσηπον
1775 1221 1872 1290 ἐτη

292 1317 644 1386 ὀγδοήκοντα.
704 1316 1060 1385 Ἐτελεύτησε
1114 1315 1213 1379 δὲ,
1259 1312 1335 1375 ὡς
1390 1313 1597 1381 ἐκεῖνος
1647 1310 1872 1381 ἔφησεν,

295 1407 433 1461 ἐτῶν
464 1409 794 1478 ἐνενήκοντα
822 1408 918 1460 καὶ
952 1405 1259 1471 τεσσάρων.

1977 576 2277 643 «Quoniam
2304 584 2359 629 tu
2386 570 2715 627 commisisti
2739 576 2798 623 ut
2829 577 3106 639 prarccpto
3134 580 3259 620 meo
3309 580 3419 617 non
3452 564 3551 616 0|)-

1973 678 2315 739 temperares
2343 674 2398 720 et
2443 663 2700 717 mandata
2753 676 2873 715 mea
2913 660 3010 714 tibi
3066 657 3387 728 przescripta
3443 671 3553 708 non

1972 756 2246 822 serv'ares,
2282 756 2517 827 eripiam
2575 770 2674 825 ego
2723 754 2821 809 tibi
2869 753 2936 809 de
2986 767 3153 806 manu
3206 763 3295 805 tua
3324 763 3554 819 regnum

1987 860 2164 915 tuum,
2208 850 2373 919 idque
2398 861 2556 903 servo
2587 844 2961 899 tuodaboMJ
2999 842 3265 897 Nimirum
3326 840 3429 894 hoc
3472 838 3558 892 di-

1979 956 2104 997 cere
2131 939 2295 995 vult:
2345 937 2481 1004 Quia
2513 935 2759 991 debitum
2809 933 2942 989 mihi
3005 931 3237 988 creatori
3289 930 3557 984 honorent

1979 1033 2320 1104 gloriamque
2350 1038 2613 1084 creaturae
2660 1041 2833 1081 serva:
2869 1022 3131 1087 detuliSti,
3187 1035 3286 1092 ego
3342 1032 3561 1088 quoque

1973 1125 2198 1197 gloriam
2221 1123 2678 1193 maiestatemque
2701 1127 2847 1174 tuam
2877 1118 2943 1171 ad
2964 1129 3181 1171 servum
3211 1122 3359 1168 tuum
3384 1123 3562 1166 trans-

1979 1216 2179 1270 feram.
2261 1215 2475 1280 Quibus
2533 1226 2667 1267 sane
2728 1208 2914 1265 verbis
2973 1208 3152 1263 elatus
3199 1204 3564 1260 Jeroboatnus

1982 1308 2142 1379 185
2175 1304 2437 1378 populum
2496 1321 2526 1360 a
2555 1304 2852 1361 Solomone
2903 1301 3070 1371 coepit
3116 1299 3426 1361 abducere;
3454 1310 3564 1365 quo

1994 1400 2087 1454 ille
2116 1400 2360 1470 cognito,
2409 1413 2519 1469 quo
2564 1407 2728 1468 pacto
2760 1395 3150 1452 Jeroboamum
3209 1388 3568 1459 comprehen-

297 1502 450 1556 deret
471 1502 763 1572 cogitabat.
796 1497 996 1555 Verum
1026 1500 1069 1555 is
1093 1499 1215 1570 luga
1243 1499 1297 1553 in
1321 1495 1610 1569 Egyptum
1641 1495 1832 1560 evasit,
1858 1494 2046 1563 ibique
2082 1494 2398 1549 Solomonis
2429 1492 2638 1549 exitum
2692 1488 3076 1561 exspectavit;
3141 1489 3236 1557 qui
3285 1485 3353 1539 de
3385 1497 3570 1541 sacra.

296 1608 417 1647 rum
472 1594 690 1662 quidem
719 1591 1048 1646 Litterarum
1105 1590 1430 1645 auctoritate
1463 1587 1707 1657 regnavit
1738 1600 1912 1640 annos
1957 1586 2050 1653 40,
2077 1585 2173 1641 sed
2217 1587 2372 1656 juxta
2417 1585 2720 1657 Josephum
2783 1584 2873 1638 80.
2938 1581 3086 1638 Idem
3120 1580 3284 1636 tradit
3312 1580 3571 1635 Solomo-

304 1700 425 1740 nem
469 1693 744 1738 mortuum
784 1698 906 1738 esse
951 1698 1074 1737 cum
1126 1688 1289 1735 natus
1321 1690 1468 1736 esset
1498 1694 1675 1734 annos
1700 1678 1791 1733 94.

374 1778 524 1848 Πλὴν
555 1780 588 1846 ἡ
621 1776 813 1848 Γραφὴ
833 1777 930 1829 καὶ
955 1775 1083 1829 τάδε
1109 1775 1239 1845 περὶ
1267 1772 1434 1828 αὐτοῦ
1453 1773 1700 1836 διέξεισι·
1735 1770 1845 1824 Kal.
1862 1772 1890 1824 6
1943 1744 1995 1848 _‘

2056 1772 2292 1828 Narrant
2325 1773 2486 1829 etiam
2526 1768 2747 1829 Littera:
2778 1786 2949 1827 sacra:
2985 1768 3338 1825 Solomonem
3370 1766 3571 1839 mulie-

303 1871 558 1942 βασιλεὺς
583 1855 840 1939 Σολομῶν
873 1863 942 1939 ἦν
971 1865 1339 1935 φιλογύναιος,
1369 1868 1465 1917 καὶ
1492 1862 1654 1915 ἔλασε
1682 1863 1874 1930 γυναῖο

1998 1882 2108 1919 rum
2139 1865 2311 1921 amori
2348 1865 2516 1921 fuisse
2553 1865 2799 1921 deditum
2835 1872 2890 1917 et
2922 1877 3125 1919 uxores
3168 1869 3384 1916 exteras
3418 1876 3573 1914 com-

303 1978 410 2025 κας
441 1959 731 2031 ἀλλοτρίας
765 1957 971 2019 πολλὰς
998 1997 1016 2024 ,
1063 1957 1161 2010 καὶ
1191 1955 1294 2025 τὴν
1338 1953 1621 2023 θυγατέρα
1653 1949 1877 2020 Φαραὼ,

304 2051 673 2113 Μωαϐίτιδας,
718 2048 1155 2119 Ἀμμανίτιδας,
1196 2046 1374 2115 Σύροις
1418 2046 1513 2097 καὶ
1555 2041 1883 2111 Ἰδουμαίας,

303 2143 575 2204 Χετταίας
603 2141 699 2193 καὶ
736 2140 1079 2209 Ἀμορραίας
1101 2153 1118 2170 ο
1151 2123 1247 2191 Ral
1274 2134 1418 2207 ἦσαν
1444 2135 1593 2205 αὺτῷ
1619 2136 1881 2204 γυναῖκες

304 2233 575 2302 ἄρχουσαι·
601 2227 678 2298 ψ’,
705 2228 799 2282 καὶ
817 2227 1095 2281 παλλακαὶ
1115 2233 1181 2279 τ’.
1217 2227 1351 2279 Τότε
1378 2225 1728 2297 ᾠκοδόμησεν
1749 2223 1888 2293 ὑψη-

305 2323 373 2377 λὰ
400 2325 515 2386 τοῖς
539 2321 775 2385 εἰδώλοις
799 2320 991 2374 πασῶν
1015 2317 1126 2372 τῶν
1151 2308 1432 2388 γυναικῶν
1448 2317 1637 2371 αὐτοῦ.
1672 2318 1767 2380 Ὠς
1801 2319 1887 2370 ἐν-

303 2411 496 2465 τεῦθεν
520 2412 615 2465 καὶ
642 2409 734 2462 τὸν
777 2406 1410 2478 παραϐάτηνἹουλιανὸν
1435 2407 1752 2479 ὁρμηθῆναι
1791 2406 1886 2459 καὶ

307 2505 503 2570 εἰπεῖν,
532 2504 614 2556 ὅτι
634 2500 739 2554 Τὸν
750 2498 1080 2569 Σολομῶντα
1099 2497 1263 2567 σοφὸν
1295 2487 1369 2568 μῆ
1394 2498 1606 2565 λέγετε,
1637 2498 1890 2565 καθάπερ

308 2599 338 2648 ὀ
367 2596 540 2665 μέγας
572 2593 796 2659 διέξεισι
837 2589 1136 2662 Κύριλλοςο
1175 2591 1225 2643 εί
1266 2589 1324 2641 δὲ
1375 2588 1777 2642 πεπιστεύκατε
1816 2585 1892 2642 εἷ-

308 2704 400 2740 ναι
434 2687 620 2756 σοφὸν,
655 2686 817 2756 μήτοι
849 2684 1006 2753 παρὰ
1031 2682 1297 2751 γυναικὸς
1327 2681 1706 2752 ἐξηπατῆσθαι
1738 2681 1892 2751 νομί-

309 2779 453 2846 ζετε,
480 2779 657 2849 κρίσει
701 2777 761 2830 δὲ
792 2776 971 2847 οἰκείᾳ
1001 2776 1096 2830 καὶ
1121 2775 1274 2846 παρὰ
1305 2775 1403 2829 τοῦ
1440 2776 1704 2845 φανέντος
1738 2775 1889 2847 αὐτῷ

307 2871 448 2925 Θεοῦ
500 2869 826 2939 πειθόμενον
857 2868 1286 2939 λελατρευκέναι
1337 2869 1451 2931 τοῖς
1493 2866 1675 2930 ἄλλοις
1721 2866 1887 2931 θεοῖς.

315 2966 459 3035 Πρὸς
491 2961 583 3018 οὖν
612 2963 785 3017 ταῦτα
814 2963 844 3016 6
882 2960 1026 3026 θεῖος
1060 2955 1219 3023 οὗτος
1248 2960 1389 3031 ἀνὴρ
1420 2958 1892 3029 ἀνταποκρινόμε-

316 3076 403 3123 νος
416 3059 510 3112 καὶ
529 3053 1053 3126 τάδελιτροστίθιίσιν⁹
1089 3071 1109 3105 ι
1141 3051 1279 3107 Ἀπὸ
1311 3056 1411 3122 μὲν
1439 3045 1514 3105 ὧν
1537 3050 1769 3121 ἔγραφε,
1798 3066 1887 3103 σο-

317 3153 416 3220 φὸς
448 3151 517 3203 ἂν
541 3149 754 3217 λέγοιτο
786 3146 918 3218 παρ’
944 3132 1106 3216 μῶν
1139 3145 1211 3214 δὴ
1237 3144 1330 3197 καὶ
1361 3146 1536 3197 νοοῖτο
1581 3143 1726 3197 κατὰ
1758 3143 1893 3212 ἁλή-

1988 1956 2173 2026 plures
2205 1957 2452 2022 duxisse,
2485 1957 2750 2011 nimirum
2791 1949 2956 2010 ﬁliam
2989 1954 3317 2018 Pharaonis,
3358 1952 3535 2007 Moabi
3561 1981 3574 1993 -

1989 2047 2128 2100 tides
2159 2047 2365 2115 aliquot
2396 2056 2452 2101 et
2483 2045 2880 2100 Ammanitides
2915 2055 2969 2100 et
3001 2043 3164 2116 Syras
3201 2055 3258 2099 et
3300 2043 3573 2098 Idutneas

1988 2147 2042 2194 et
2067 2137 2342 2194 Chettaeas
2381 2147 2435 2194 et
2468 2138 2804 2202 Amorraeas,
2845 2137 2923 2191 ita
2959 2146 3021 2191 ut
3056 2136 3338 2207 principes
3370 2150 3571 2190 uxores

1989 2228 2112 2290 700,
2165 2227 2505 2283 concubinas
2542 2225 2649 2281 300
2705 2225 2982 2280 habuerit.
3051 2223 3132 2278 Ex
3198 2238 3266 2277 co
3325 2232 3575 2291 tempore

1990 2319 2324 2373 sublimibus
2358 2317 2409 2371 in
2442 2318 2577 2373 locis
2614 2316 2844 2371 delubra
2896 2314 3323 2371 simulacrorum
3358 2315 3574 2371 cunctis

1990 2393 2255 2469 uxoribus
2295 2412 2409 2465 suis
2433 2410 2722 2465 exstruxit.
2767 2409 2928 2466 Unde
2962 2409 3200 2479 sumpsit
3226 2410 3574 2464 occas'onctu

1992 2506 2243 2560 desertor
2274 2503 2368 2559 ille
2424 2502 2545 2557 ﬁdei
2592 2500 2865 2567 Julianus,
2896 2509 2958 2556 ut
2997 2501 3207 2557 diceret
3231 2494 3579 2556 Christianos

1964 2594 2351 2650 ‘Solomonem
2383 2592 2613 2650 minime
2665 2594 2869 2649 debere
2921 2594 3227 2663 sapientem
3278 2592 3578 2662 appellare.

1993 2689 2127 2744 Nam
2160 2689 2263 2743 hoc
2293 2690 2414 2758 ejus
2449 2688 2674 2743 verbum
2710 2686 2947 2759 Cyrillus
2977 2686 3261 2742 memoriae
3307 2687 3572 2757 prodidit.

1994 2779 2200 2847 Quodsi
2228 2780 2475 2845 omnino,
2515 2779 2714 2850 inquit,
2776 2780 3087 2851 sapientem
3122 2778 3294 2833 fu’sse
3331 2781 3581 2849 persuasi

1996 2874 2152 2938 estis,
2187 2872 2357 2929 nolite
2379 2880 2576 2943 putare
2618 2873 2913 2944 deceptum
2941 2888 2969 2927 a
3005 2871 3235 2927 muliere
3254 2871 3447 2931 fuisse.
3483 2873 3581 2926 sed

1996 2962 2179 3037 potius
2208 2962 2517 3021 existimate
2545 2973 2697 3020 certo
2721 2965 2931 3033 judicio
2970 2975 3027 3019 ct
3057 2964 3385 3020 auctoritate
3437 2964 3583 3019 illius

2000 3057 2095 3112 Dei
2131 3048 2356 3122 l‘rcluui,
2394 3056 2484 3125 qui
2522 3054 2574 3111 ei
2615 3064 2793 3111 semet
2819 3055 3118 3112 videndum
3147 3057 3447 3123 obtulerat,
3477 3057 3583 3112 diis

2002 3148 2304 3220 peregrinis
2355 3148 2634 3203 serviisse.
2696 3146 2909 3214 Quibus
2974 3149 3159 3203 verbis
3201 3149 3438 3220 Cyri-Ilus
3491 3165 3593 3216 re:

318 3243 468 3295 Θειαν
496 3242 525 3294 6
554 3239 839 3309 Σολομῶν·
869 3238 952 3291 ὅτι
983 3237 1041 3289 δὲ
1074 3234 1546 3307 πεπλημμέληκεν
1594 3234 1894 3304 ὁμολογου-

2000 3239 2638 3314 spondens,hujusmodi
2666 3241 2913 3311 quaedam
2952 3241 3214 3313 subiicit:
3256 3241 3397 3297 «Nos
3424 3241 3586 3297 Solo-

320 3333 502 3402 μένως
522 3332 637 3393 τοῖς
657 3328 1032 3398 ψευδωνύμως
1065 3326 1368 3396 λατρεύσεις
1412 3325 1578 3389 θεοῖς,
1610 3323 1894 3394 ἁρνήσαιτ’

316 3425 389 3478 ἂν
410 3418 605 3486 οὖδείς.
640 3421 805 3477 Ὅθεν
847 3420 973 3474 οὔτε
1025 3422 1337 3491 προφήταις
1393 3419 1567 3484 ἁγίοις
1614 3418 1736 3473 οὔτε
1792 3418 1899 3491 μὴν

321 3515 643 3579 ἀποστόλοις
696 3513 966 3582 ποιοῦμεν
1029 3512 1191 3564 αὑτὸν
1221 3509 1561 3581 ἐναρίθμιον,
1594 3511 1648 3562 εἴ
1689 3527 1753 3579 γε
1805 3511 1900 3563 καὶ

323 3605 525 3674 μᾶλλον
551 3602 695 3656 κατά
730 3602 829 3673 μὶν
858 3602 959 3671 τὴν
1011 3601 1242 3669 νεότητα
1272 3601 1343 3651 τὰ
1372 3599 1509 3668 πρὸς
1548 3598 1706 3663 δόξαν
1734 3595 1896 3650 -Θεοῦ

309 3695 565 3766 ,πληροῦν
605 3693 892 3764 ἠπείγετο,
927 3692 1072 3746 κατὰ
1103 3692 1161 3745 δὲ
1190 3691 1283 3745 τὸν
1334 3689 1427 3742 τοῦ
1452 3689 1660 3760 γήρους
1705 3687 1897 3756 καιρὸν

320 3785 505 3857 πάγην
526 3786 676 3855 αὐτῷ
705 3784 803 3855 τὴν
819 3783 928 3837 ἀπὸ
959 3783 1217 3851 γυναικὸς
1245 3783 1273 3834 6
1292 3782 1538 3843 Σατανᾶς
1563 3779 1902 3834 κατεσκεύα-

320 3897 406 3937 σε.
447 3898 466 3931 ι
497 3877 722 3942 Τούτοις
750 3878 848 3948 μὲν
879 3874 976 3928 οῦν
1010 3876 1105 3929 καὶ
1145 3874 1409 3945 Ἰώσηπος
1434 3875 1718 3944 συμφωνεῖ
1753 3871 1898 3938 διεξ-

324 3976 422 4029 ιὼν
446 3974 667 4028 οὕτωσίο
701 3991 720 4024 ι
742 3971 884 4025 Ἀλλ’
903 3974 964 4026 οὐ
994 3970 1234 4033 τοιοῦτος
1263 3970 1291 4020 6
1316 3968 1568 4037 Σολομῶν
1596 3971 1653 4020 ἐν
1669 3965 1747 4037 τῷ
1780 3982 1902 4019 και-

324 4068 405 4139 ρῷ
431 4068 527 4121 τοῦ
551 4068 778 4137 γήρους,
814 4067 997 4128 ὁποῖος
1030 4066 1141 4132 ἄρα
1173 4063 1269 4117 καὶ
1294 4066 1369 4139 ἐνῇ
1384 4065 1448 4132 τῇ
1483 4061 1700 4131 νεότητι
1733 4058 1900 4114 αὐτοῦ

319 4157 415 4233 ἦν.
443 4159 857 4230 Προϐαινούσης
883 4158 993 4227 γὰρ
1030 4158 1129 4226 τῆς
1159 4155 1323 4226 ἥϐης,
1354 4155 1455 4213 καὶ
1498 4154 1595 4207 τοῦ
1632 4152 1899 4223 λογισμοῦ

242 4312 245 4313 ν
316 4255 411 4308 διὰ
442 4253 534 4306 τὸν
560 4252 752 4323 χρόνον
780 4249 1139 4312 ἀσθενοῦντος
1179 4247 1584 4318 ἀντέχνειζπρὸς
1622 4247 1719 4317 τὴν
1765 4247 1903 4317 μνή-

326 4363 436 4418 μην
466 4348 577 4400 τῶν
607 4344 1064 4416 θείωνιέντολῶν,
1097 4341 1194 4395 τοῦ
1233 4340 1364 4395 ἰδίου
1393 4357 1454 4393 τε
1488 4340 1623 4394 Θεοῦ
1657 4340 1899 4394 κατωλι-

324 4443 545 4511 γὼρησε
570 4439 667 4492 καὶ
693 4440 774 4501 είς
805 4439 1073 4506 γυναῖκας
1112 4434 1450 4503 ἀλλοφύλους
1478 4433 1760 4500 ἐξώκειλε,
1788 4434 1903 4510 ’σοῖς

2004 3348 2223 3389 munem
2254 3343 2482 3404 propter
2509 3348 2574 3401 ea
2609 3348 2733 3405 quae
2762 3332 3016 3403 scripsit,
3060 3340 3117 3387 et
3142 3332 3329 3388 dicere
3360 3334 3589 3403 sapien-

2004 3438 2113 3483 tem
2147 3437 2200 3482 et
2226 3428 2412 3497 rcipsa
2443 3434 2687 3481 statuere
2723 3440 3040 3496 possumus.
3104 3424 3368 3481 Eumdcm
3401 3427 3590 3481 colen-

2001 3522 2088 3577 dis
2119 3521 2352 3575 deastris
2389 3520 2533 3575 haud
2559 3520 2726 3575 dubie
2758 3519 3078 3589 deliquisse,
3107 3534 3272 3574 nemo
3300 3528 3449 3575 certe
3491 3535 3589 3575 ne-

2004 3613 2163 3684 garit.
2202 3612 2319 3678 Qua
2352 3613 2421 3667 de
2449 3626 2616 3667 causa
2648 3627 2749 3667 nec
2779 3613 2921 3666 inter
2943 3625 3134 3667 sacros
3157 3627 3281 3667 eum
3305 3623 3457 3667 vates
3488 3627 3592 3667 nec

2003 3702 2150 3760 inter
2178 3703 2458 3774 apostolos
2498 3701 2877 3758 numeramus.
2944 3702 3038 3757 Vel
3074 3703 3256 3773 potius
3286 3705 3361 3757 ita
3393 3706 3593 3759 statui-

2003 3810 2146 3866 mus,
2197 3797 2254 3852 in
2305 3798 2596 3866 iuventute
2647 3796 3116 3851 studiosissimum
3170 3797 3591 3867 fuissecutqme

2006 3891 2073 3946 ad
2128 3890 2226 3944 Dei
2277 3889 2508 3961 gloriam
2563 3887 2911 3959 pertinerent
2943 3887 3203 3954 elliccret,
3253 3889 3309 3942 in
3365 3894 3591 3944 senecta

2005 3996 2137 4035 vero
2178 3979 2437 4035 Satanam
2473 3980 2525 4034 ei
2569 3994 2665 4049 per
2695 3979 2957 4034 mulieres
2988 3979 3220 4035 insidias
3248 3981 3575 4053 struxisse.»

2004 4074 2221 4140 Quibus
2259 4089 2394 4130 sane
2443 4074 2739 4144 postremis
2788 4074 2975 4145 Cyrilli
3029 4075 3213 4129 verbis
3264 4077 3427 4131 etiam
3480 4077 3589 4132 hoc

2003 4163 2229 4236 Joscphi
2264 4166 2643 4222 testimonium
2684 4166 2984 4224 consentit.
3043 4166 3395 4239 Nequaquam
3422 4211 3437 4238 ,
3488 4173 3587 4235 ait,

2009 4259 2136 4314 talis
2165 4258 2223 4313 in
2257 4266 2481 4314 senecta
2519 4257 2743 4313 Solomo
2774 4259 2899 4323 fuit,
2942 4259 3159 4329 qualem
3204 4261 3260 4315 in
3304 4262 3593 4333 iuventute

2011 4365 2071 4405 se
2103 4359 2373 4422 gesserat.
2413 4348 2553 4404 Nam
2581 4358 2744 4404 aetate
2776 4350 2888 4419 jam
2914 4351 3282 4419 provectiore,
3316 4369 3440 4406 cttnt
3475 4353 3594 4422 ejus

2008 4443 2152 4496 ratio
2185 4441 2448 4511 paulatim
2474 4440 2864 4495 debilitaretur
2889 4441 3250 4496 in‘retinenda
3278 4442 3594 4499 divinorum

326 4534 470 4594 θεοῖς
500 4531 680 4585 αὐτῶν
710 4532 979 4600 πρότερον
1026 4528 1366 4590 καταθύσας.
1409 4528 1519 4580 Καὶ
1551 4528 1660 4598 πρὸ
1691 4526 1894 4580 τούτων

2009 4535 2392 4588 mandatorum
2422 4533 2706 4598 memoria,
2722 4531 2894 4586 Deum
2914 4547 3074 4586 suum
3098 4548 3205 4585 non
3221 4533 3403 4604 magni
3441 4534 3593 4595 fecit.

326 4625 384 4677 δὲ
408 4624 487 4686 είς
519 4626 618 4694 τὴν
645 4624 895 4695 φυλακὴν
921 4623 1030 4677 τῶν
1062 4622 1311 4697 νομίμων
1340 4619 1676 4690 ἐξήμαρτεν,
1706 4619 1793 4671 ὅτε
1834 4618 1904 4672 τὰ

326 4716 434 4767 τῶν
460 4714 679 4784 χαλκῶν
712 4713 851 4785 βοῶν
883 4713 1210 4782 ὁμοιώματα
1237 4709 1617 4763 κατεσκεύασε
1658 4709 1764 4774 καὶ,
1793 4708 1904 4760 τῶν

322 4806 555 4860 λεόντων
596 4806 706 4859 τῶν
753 4805 888 4876 περὶ
922 4805 1013 4859 τὸν
1043 4805 1233 4872 θρόνον
1264 4802 1361 4874 τὸν
1404 4802 1557 4868 ἴδιον,
1589 4802 1687 4855 καὶ
1725 4800 1903 4854 ταῦτα

323 4900 403 4964 δὶς
420 4899 603 4961 ,αὐτοῦ
633 4896 889 4953 τοῦρθεοῦ
914 4896 1038 4951 καθ’
1062 4897 1264 4960 ὕπνους
1299 4894 1580 4965 φανέντος.
1608 4893 1772 4947 Ὅθεν
1803 4894 1900 4947 καὶ
1927 4896 1933 4907 ’

274 4992 286 5052 ’ξ
328 4994 494 5063 ’Δδερ
524 4994 617 5046 τὸν
683 4993 986 5062 Ἰδουμαῖον
1036 4991 1247 5062 ἐγείρει
1278 4991 1402 5045 κατ’
1427 4989 1595 5061 αὐτοῦ
1624 4993 1652 5042 6
1692 4987 1849 5051 Θεός.
1878 5005 1896 5039 ι

262 5080 289 5121 .·
338 5091 398 5143 ιο
435 5091 623 5160 μέντοι
656 5091 846 5162 θρόνος
874 5092 972 5145 τοῦ
1019 5089 1366 5161 Σολομῶντος
1414 5088 1763 5158 ἐλεφάντινος
1806 5082 1899 5158 ἦν,

322 5180 703 5249 ἀναδαθμίδας
757 5181 898 5250 ἔχων
937 5178 1018 5244 ἐξ.
1084 5183 1193 5234 Καὶ
1226 5181 1287 5235 ἐν
1327 5181 1428 5251 μιᾷ
1470 5180 1678 5250 ἑκάστῃ
1722 5179 1903 5231 αὐτῶν

322 5270 537 5335 λέοντες
569 5274 914 5341 είστήκεισαν
941 5271 1308 5343 ἑκατέρωθεν,
1333 5273 1470 5342 πρὸς
1496 5272 1708 5333 τούτοις
1730 5271 1787 5325 δὲ
1811 5271 1904 5325 καὶ

330 5364 585 5433 ὁμοίωμα
615 5366 819 5434 μόσχου
871 5359 941 5432 ἦν
970 5364 1103 5435 παρ’
1133 5363 1304 5434 αὐτῷ.
1343 5364 1404 5416 Ei
1436 5364 1493 5416 δέ
1530 5363 1703 5417 ταῦτα
1730 5362 1905 5428 οὕτως

328 5456 463 5527 ἔχει,
490 5456 671 5519 καθὼς
702 5457 911 5510 ἀνωθεν
942 5457 1182 5529 εἴρηται,
1223 5458 1514 5528 προσέχειν
1547 5457 1722 5523 ἄξιον,
1767 5458 1905 5524 ἀγα·

330 5548 491 5618 ante,
509 5548 606 5600 καὶ
631 5547 708 5619 μὴ
736 5546 1179 5620 συναρπάζεσθαι
1209 5553 1321 5612 τοῖς
1347 5550 1597 5617 λέγουσιν
1620 5551 1703 5602 ὅτι
1737 5566 1906 5617 μετα-

291 5640 451 5710 Evcl;
482 5640 612 5712 περὶ
660 5643 720 5694 τὸ
751 5641 926 5712 γῆρας
969 5644 996 5694 6
1042 5640 1297 5712 Σολομῶν
1352 5643 1643 5714 ἐχρήσατο,
1683 5643 1742 5696 Εἰ
1793 5644 1904 5712 γὰρ

402 5800 450 5835 ⁸⁸
473 5799 537 5859 Ill
569 5801 704 5872 Iicg.
732 5818 807 5870 tu,
848 5803 929 5859 ll.

657 5903 927 5962 Partum.
985 5900 1101 5961 Gn.
1155 5899 1417 5964 CLVIII.

2013 4633 2068 4680 et
2095 4632 2313 4680 exteras
2340 4623 2407 4678 ad
2444 4624 2707 4678 mulieres
2739 4637 2848 4677 non
2895 4623 3073 4677 solum
3119 4622 3363 4688 deﬂexit,
3400 4639 3595 4679 verum

2013 4716 2181 4770 etiam
2209 4715 2312 4769 diis
2344 4729 2531 4769 earum
2557 4730 2713 4770 sacra
2745 4714 2889 4771 fecit.
2919 4713 3066 4781 Quin
3109 4716 3273 4770 etiam
3310 4726 3468 4772 antea
3500 4723 3599 4773 de-

2011 4808 2175 4878 liquit
2206 4808 2261 4862 in
2295 4806 2431 4878 legis
2461 4808 2662 4874 edicta,
2694 4823 2818 4863 cum
2850 4808 3192 4863 altencorum
3225 4810 3387 4864 boum
3419 4810 3598 4865 simu-

2012 4902 2162 4957 lac’ra
2186 4901 2522 4970 leonumque
2545 4900 2693 4956 circa
2722 4901 2918 4956 solium
2950 4910 3114 4956 suum
3147 4902 3395 4973 lingeret,
3423 4917 3602 4973 quan-

2014 4995 2215 5050 tumvis
2253 4993 2303 5049 ei
2339 4992 2425 5049 bis
2451 4993 2595 5048 Deus
2621 4993 2676 5048 in
2702 5008 2899 5049 somno
2928 4994 3292 5064 apparuisset,
3329 5011 3493 5066 quam
3527 4997 3599 5053 ob

2012 5102 2237 5143 causam
2268 5085 2411 5142 Deus
2440 5085 2675 5141 Aderem
2701 5083 2998 5140 Idumazum
3026 5086 3291 5141 adversus
3313 5104 3438 5142 cum
3468 5104 3601 5145 cou-

2016 5179 2226 5236 citavit.
2247 5178 2562 5234 Solomonis
2574 5185 2758 5232 autem
2774 5177 2970 5232 solium
2991 5177 3138 5232 istud
3164 5179 3427 5235 eboreum
3457 5189 3601 5247 erat,

2016 5282 2073 5327 et
2116 5271 2317 5343 gradus
2367 5285 2463 5325 sex
2514 5270 2767 5329 habebat.
2802 5268 2856 5324 in
2890 5284 3125 5339 quorum
3165 5271 3433 5342 graduum
3463 5287 3604 5342 quo-

2017 5367 2152 5421 libet
2203 5365 2459 5434 utrinque
2500 5364 2692 5418 leones
2718 5363 2958 5430 stabant,
2994 5372 3047 5417 ct
3076 5373 3278 5434 praeter
3311 5366 3411 5419 bos
3444 5364 3602 5421 vituli

2018 5472 2239 5529 quoque
2272 5455 2924 5511 simulacrum-habebat.
2982 5454 3118 5521 Quae.
3152 5456 3419 5511 hactenus
3452 5456 3604 5511 indi-

2015 5560 2157 5607 cata'
2183 5550 2229 5605 si
2260 5565 2389 5605 vera
2412 5558 2561 5615 sunt,
2597 5548 2760 5619 186
2792 5558 3006 5613 caveto,
3044 5548 3246 5604 dilecte
3279 5547 3374 5613 illi,
3406 5562 3478 5602 ne
3504 5547 3599 5603 cui

2018 5646 2178 5701 ﬁdem
2222 5642 2426 5698 habeas
2479 5641 2573 5712 qni
2614 5641 2966 5695 Solomoucm
3004 5641 3059 5694 in
3093 5647 3381 5695 senectute
3414 5639 3599 5710 pumi-

3164 5889 3245 5948 12
