4054 6502
538 418 645 480 ἴὲδ

1818 414 1877 474 Μ
1882 410 2237 475 ICHAELIS
2278 413 2539 477 GLYCIE

3578 426 3587 429 ’
3652 429 3748 489 356

535 535 703 591 tentia
725 534 944 589 ductum
976 531 1144 586 fuisse
1179 529 1394 586 dixerit.
1424 526 1560 584 Nam
1588 529 1633 585 si
1658 528 1762 584 hoc
1793 530 2096 599 accidisset,

2209 531 2365 585 τοῦτο
2411 525 2502 600 ἦν,
2551 532 2860 602 προφήταις
2897 533 2962 587 ἂν
2996 533 3174 602 ἁγίοις
3203 535 3514 609 ἐναρίθμιος
3549 534 3631 612 ἦν,
3666 551 3750 598 καὶ

522 627 754 699 ριιιηὶιιο
783 626 925 679 inter
954 638 1138 678 sacros
1178 632 1329 676 vates
1380 621 1693 687 referretur,
1741 637 1842 676 nec
1888 622 1970 677 vir
2014 622 2102 676 ille

529 720 746 772 divinus
781 716 1018 787 Cyril‘lus
1040 728 1166 768 eum
1193 713 1260 766 de
1292 722 1476 765 vatum
1511 726 1742 766 numero
1765 711 2101 767 excluderet.

611 810 743 865 Post
778 804 1478 885 Solomonem’Roboamus
1508 804 1625 873 ejus
1678 802 1820 857 ﬁlius
1868 804 2102 874 imperio

528 905 737 973 potitus
753 910 862 966 est,
895 906 1293 971 quog'egnantc
1324 896 1557 966 populus
1590 896 1724 950 duas
1753 895 1805 949 in
1832 905 2018 966 partes
2044 910 2104 951 se

529 994 792 1065 disjunxit
822 1033 838 1057 ,
901 992 1044 1066 quod
1089 989 1403 1044 Roboamus
1445 1003 1541 1043 eos
1596 988 1822 1042 nimium
1864 1003 1895 1041 a
1945 987 2103 1042 Solo-

531 1101 694 1141 mone
723 1092 976 1154 gravatos
1002 1081 1282 1140 servitutis
1298 1083 1429 1154 jugo
1444 1089 1678 1136 tractare
1700 1078 1888 1135 mitius
1911 1080 2102 1135 nollet.

528 1181 666 1234 Tum
698 1179 819 1233 dum
836 1187 1069 1257 tantum
1103 1176 1303 1242 tribus,
1336 1175 1596 1229 nimirum
1621 1173 1848 1229 Judaica
1882 1182 1937 1228 et
1962 1173 2106 1227 Beu-

521 1272 801 1339 jaminea,
853 1269 1076 1337 reliqua!
1112 1267 1216 1337 ipsi
1263 1276 1609 1331 manserunt,
1653 1266 1871 1323 emteris
1915 1265 2103 1320 decem

531 1363 784 1418 tribubus
813 1361 1118 1417 Jeroboami
1160 1357 1418 1413 Samaria:
1467 1357 1716 1428 degentis
1777 1356 2014 1425 imperio
2043 1368 2105 1409 se

527 1452 974 1523 subiicientibus.
1012 1452 1060 1506 Is
1092 1459 1240 1505 metu
1269 1447 1583 1503 Solomonis
1613 1447 1666 1500 in
1690 1444 1927 1516 [Egypto
1950 1444 2104 1514 prius

527 1547 763 1607 vixerat,
818 1557 1007 1596 verum
1061 1556 1127 1595 eo
1186 1541 1352 1595 rebus
1414 1538 1672 1595 humanis
1732 1542 1989 1605 exempto
2043 1548 2105 1590 se

530 1635 831 1689 Samariam
861 1631 1185 1686 contulerat.
1224 1629 1518 1700 Subjectus
1556 1629 1900 1697 illinsregno
1932 1641 2106 1696 popu-

529 1732 615 1784 lus
668 1725 907 1781 lsraclici
958 1730 1011 1778 et
1064 1721 1337 1793 Ephra'mi
1394 1719 1809 1791 appellationem
1866 1717 2106 1773 habebat

2207 622 2305 674 οὐκ
2341 622 2408 675 ἂν
2430 622 2592 676 αὐτὸν
2615 624 2642 673 ὀ
2669 622 2945 686 θειότατος
2987 625 3255 696 Κύριλλος
3286 631 3384 701 τῆς
3421 631 3526 684 τῶν
3555 649 3753 707 προφη-

2205 713 2313 765 τῶν
2339 712 2514 765 ἐποίει
2543 713 2764 782 μερίδος
2793 714 3103 785 ἀλλότριον.

2275 804 2432 857 Μετὰ
2484 804 2541 857 δὲ
2588 805 2759 858 ταῦτα
2805 811 3002 875 κρατεῖ
3039 810 3067 860 ὁ
3102 808 3207 862 ’τοῦ
3270 811 3607 883 Σολομῶντος
3654 816 3758 880 uls;
3866 852 3873 859 ι

2216 892 2475 965 Ῥοὗοὲμ,
2504 895 2590 964 ἐφ’
2622 888 2684 949 οὗ
2718 898 2813 951 καὶ
2857 899 3195 969 διασχίζεται
3224 904 3251 953 ὁ
3277 901 3424 971 λαὸς,
3455 904 3546 958 ἆτε
3581 906 3653 976 μή
3681 907 3759 959 θε-

2205 982 2472 1052 λήσαντος
2489 984 2804 1041 ἀναπαῦσαι
2838 989 3037 1052 αὖτοὺς
3056 982 3464 1060 βεϐαρημένους
3495 993 3593 1063 ήδη
3614 993 3760 1058 ὄντας
3850 1034 3866 1041 ι.

2200 1078 2284 1149 τῷ
2312 1078 2406 1131 τοῦ
2426 1077 2784 1148 Σολομῶντος
2818 1080 2995 1151 ¹ζυγῷ.
3036 1083 3147 1135 Καὶ
3180 1080 3273 1136 δύο
3302 1085 3404 1154 μὲν
3430 1086 3612 1153 φυλαὶ,
3644 1087 3676 1157 ἦ
3705 1105 3758 1140 τε
3858 1126 3867 1137 .

2206 1169 2302 1223 τοῦ
2345 1169 2516 1223 Ἰούδα
2544 1171 2639 1224 καὶ
2666 1172 2700 1241 ή
2733 1171 2827 1224 τοῦ
2873 1172 3157 1242 Βενιαμὶν,
3191 1175 3346 1246 αὐτῷ
3386 1178 3759 1246 ὲναπέμειναν,

2207 1261 2264 1315 αί
2300 1260 2356 1314 δὲ
2386 1260 2575 1315 λοιπαὶ
2607 1262 2740 1316 δέκα
2770 1264 3125 1335 ὑπετάγησαν
3156 1266 3233 1337 τῷ
3280 1268 3562 1341 Ἰεροσοὰμ
3598 1271 3652 1321 ἐν
3672 1272 3758 1324 Σα-

2209 1352 2416 1424 μαρείφ⁸
2446 1352 2709 1422 διάγοντι.
2740 1355 2839 1407 Διὰ
2868 1356 2976 1426 γὰρ
2999 1355 3091 1408 τὸν
3120 1357 3288 1426 φόὸον
3315 1357 3410 1411 τοῦ
3439 1359 3764 1429 Σολομῶντος

2181 1444 2266 1495 γὲν
2294 1443 2559 1514 Αἰγύπτῳ
2606 1443 2899 1515 διέτριϐεν,
2946 1446 3160 1500 ἐκείνου
3197 1447 3255 1501 δὲ
3305 1450 3663 1519 παρελθόντος
3692 1456 3765 1515 εἰς

2207 1536 2521 1607 Σαμάρειαν
2573 1537 2815 1609 ἔρχεται.
2858 1540 2968 1592 Kal.
3002 1542 3029 1593 ὁ
3063 1542 3164 1611 μὲν
3197 1540 3291 1595 ὑπ’
3333 1543 3500 1597 αὑτὸν
3527 1544 3651 1607 λαὸς
3679 1546 3767 1597 xal.

2214 1628 2433 1699 -Ὶσραὴλ
2457 1628 2710 1698 ἐλέγετοο
2736 1629 2847 1685 ἀπὸ
2876 1630 2985 1703 γὰρ
3012 1632 3110 1686 τοῦ
3153 1629 3399 1705 Ἐφραῖμ
3423 1634 3541 1688 υἱοῦ
3581 1635 3768 1708 Ἰωσὴφ

2180 1718 2236 1770 ’δ
2269 1719 2554 1790 Ἱεροσοάμ
2593 1722 2889 1790 κατήγετο.
2922 1721 3129 1776 Τοῦτον
3152 1722 3210 1777 δὲ
3237 1725 3330 1779 τὸν
3356 1725 3489 1780 λαὸν
3518 1726 3767 1798 ᾐχμαλώ-

528 1827 823 1890 propterea
877 1813 1021 1884 quod
1053 1813 1122 1867 ab
1164 1810 1452 1881 Ephraemo
1483 1807 1707 1878 Iosephi
1741 1807 1850 1862 filio
1886 1808 2096 1878 generis

2207 1826 2402 1864 τευσεν
2430 1810 2460 1863 ὀ
2487 1809 2593 1882 πρὸ
2640 1810 2732 1864 τοῦ
2762 1813 3140 1885 Σενναχηρεὶμ
3167 1815 3389 1890 κρατῶν
3437 1816 3549 1873 τῶν
3581 1816 3767 1870 Ἀσσυ-

523 1880 789 1977 originem
820 1880 1184 1958 Jeroboamus
1214 1880 1483 1955 traheret.
1536 1900 1678 1953 Eum
1712 1901 1973 1971 populum
2002 1899 2096 1955 Sa-

2206 1903 2342 1971 ρίων
2372 1880 2759 1976 Σαλμανασὰρ,
2798 1907 2856 1960 ὲν
2903 1880 3114 1978 οῖς-ἦν-
3133 1880 3230 1961 καί
3255 1908 3283 1961 ὀ
3320 1907 3534 1972 δίκαιος
3561 1909 3766 1980 Τωσήτ.

521 1999 860 2052 lamanassar
884 2010 980 2049 rex
1002 1992 1369 2064 Assyriorum,
1385 1992 1478 2062 qui
1502 1994 1748 2062 proxime
1773 1990 2101 2048 Senacberi-

517 2094 649 2148 hum
693 2088 1012 2153 antecessit,
1042 2088 1098 2157 in
1128 2085 1507 2157 captivitatem
1537 2085 1803 2151 abduxit;
1859 2099 2097 2155 quorum

521 2185 576 2237 in
608 2195 838 2236 numero
872 2177 978 2233 fuit
1018 2156 1207 2247 justus
1251 2177 1342 2232 ille
1388 2175 1641 2231 Tobzeus.
1721 2175 1914 2247 Magna
1968 2190 2101 2230 vero

520 2289 649 2344 pars
677 2273 893 2328 illorum
920 2288 949 2327 a
985 2270 1361 2326 Senacheribo
1397 2278 1480 2325 est
1509 2256 1818 2333 interfecta,
1851 2283 1975 2324 cum
2008 2266 2099 2323 ille

519 2366 783 2436 singulari
826 2379 953 2419 cum
1002 2362 1307 2439 ignominia
1359 2360 1755 2431 Hierosolymis
1787 2368 2094 2415 revertere-

2221 1996 2344 2064 Ἀφ’
2373 1990 2448 2051 ὧν
2479 1997 2708 2061 πολλοὺς
2734 1996 2894 2068 ἔργον
2924 1998 3087 2068 φόνου
3119 2001 3424 2070 πεποίτριεν
3448 2002 3477 2054 ὁ
3518 2001 3769 2070 Σιενναχη⁴

2208 2088 2356 2159 ρεὶμ,
2376 2087 2466 2140 ὅτε
2499 2087 2619 2157 μετ’
2648 2087 2910 2158 αἰσχύνης
2940 2088 2998 2155 ἐξ
3034 2090 3398 2161 Ἰερουσαλὴμ
3425 2092 3765 2160 ὑποστρέφει,

2205 2178 2254 2229 εί
2285 2177 2379 2230 καὶ
2404 2176 2466 2231 τὸ
2493 2178 2645 2240 τέλος
2675 2178 2773 2259 οὐκ
2799 2179 3075 2242 εἰςικαλδν
3101 2179 3285 2251 ἀπέϐη
3320 2180 3470 2252 αὐτῷ
3492 2196 3508 2211 ο
3540 2183 3620 2244 είς
3668 2180 3770 2250 γὰρ

2205 2269 2297 2323 τὸν
2340 2268 2481 2324 Θεὸν
2504 2269 2911 2342 βλασφημήσας
2958 2271 3063 2324 ὑπὸ
3088 2273 3198 2325 τῶν
3240 2274 3394 2329 ἰδίων
3426 2276 3629 2329 τέκνων
3651 2275 3771 2345 ἀνῄ-
3840 2318 3845 2327 .

2210 2377 2341 2441 ρητο
2366 2361 2465 2432 τὴν
2497 2363 2665 2434 ζωήν-

523 2472 635 2521 tur,
677 2457 898 2512 tandem
928 2464 983 2511 et
1017 2455 1134 2526 ipse
1158 2454 1299 2509 tristi
1329 2454 1436 2508 fine
1501 2452 1983 2509 vitamelandens.
2022 2451 2158 2518 Quia
2196 2453 2341 2509 enim
2375 2456 2782 2513 contumeliosis
2813 2457 2871 2513 in
2922 2456 3100 2515 Deum
3132 2458 3319 2516 verbis
3353 2471 3497 2516 usus
3526 2460 3717 2528 fuerat,
3742 2473 3769 2514 a

518 2553 759 2626 prapriis
786 2551 910 2605 filiis
940 2550 1048 2605 vita
1074 2547 1341 2619 spoliatus
1367 2558 1473 2602 est.

482 2630 493 2647 ’
587 2648 950 2704 Jeroboamus
974 2655 1180 2709 autem,
1214 2657 1285 2697 ne
1318 2657 1547 2714 regnum
1578 2643 1862 2698 amitteret
1895 2642 2099 2714 populo

519 2740 952 2812 Hierosolymam
977 2736 1366 2808 proﬁciscente
1390 2734 1500 2789 fani
1522 2735 1722 2806 gratia,
1750 2735 1962 2804 primus
1993 2734 2099 2789 im-

516 2835 739 2906 pietatis
775 2830 1295 2903 cujusdamauctor
1329 2826 1564 2893 eitstitit,
1596 2826 1971 2897 juvencasque
1997 2839 2100 2879 an-

438 2952 449 2959 ·
514 2943 640 2983 reas
679 2925 896 2981 duobus
944 2922 1000 2976 in
1042 2920 1187 2976 locis
1217 2917 1526 2975 constituit.
1582 2918 1702 2983 Quo
1735 2908 1877 2979 facto
1914 2914 2100 2971 Joelus

517 3028 671 3097 vates
706 3026 758 3072 et
796 3016 963 3070 homo
994 3013 1223 3067 divinus
1261 3025 1294 3066 e
1324 3008 1512 3065 Judzea
1539 3009 1821 3064 Bcthelem
1873 3023 1933 3064 se
1960 3024 2099 3064 eon-

515 3112 649 3175 fert,
679 3111 855 3179 deque
895 3105 1155 3162 mandato
1186 3104 1284 3160 Dei
1314 3101 1499 3159 verbis
1528 3101 1845 3173 hujusmodi
1884 3102 2096 3161 utitur:

520 3203 599 3258 :0
630 3218 742 3267 ara,
780 3216 899 3267 ara,
922 3192 1019 3256 Ven
1073 3198 1293 3253 Davidis
1328 3212 1359 3252 e
1404 3195 1608 3251 familia
1645 3194 1869 3266 quidam
1897 3209 2096 3250 nasce-

518 3304 627 3362 tur,
659 3294 749 3350 eui
787 3309 991 3349 nomen
1023 3293 1132 3348 erit
1170 3290 1371 3348 Josias.
1427 3289 1478 3346 1s
1506 3304 1670 3360 super
1700 3297 1755 3344 te
1784 3288 2097 3346 sacerdotes

517 3387 858 3441 excelserum
908 3381 1170 3438 mactabit
1196 3390 1250 3437 et
1279 3396 1400 3439 ossa
1433 3374 1675 3437 humana
1704 3380 1760 3437 in
1790 3388 1843 3435 te
1868 3380 2096 3435 combu-

520 3489 605 3532 τοι
624 3478 723 3531 ⁸⁷.»
783 3475 916 3543 Quae
947 3474 1112 3530 verba
1143 3490 1267 3530 cum
1297 3473 1735 3545 pronuntiasset,
1771 3473 1936 3528 etiam
1974 3486 2093 3526 ma-

2281 2640 2346 2696 Ὅ
2385 2642 2684 2716 Ἰεροδοὰμ,
2710 2642 2801 2699 ἶνα
2856 2646 2932 2718 μὴ
2975 2647 3350 2720 ἀποσχίζήται
3382 2651 3411 2704 ὁ
3438 2650 3566 2714 λαὸς
3611 2649 3773 2705 θέλων

2202 2736 2282 2799 είς
2324 2738 2674 2811 Ἱεροσόλυμα
2720 2742 2980 2813 ἔρχεσθαι
3016 2742 3106 2797 διὰ
3157 2744 3247 2798 τὸν
3306 2746 3458 2812 ναὸν,
3509 2747 3607 2817 τῆς
3651 2748 3773 2798 dae-

2203 2828 2354 2890 δείας
2380 2832 2717 2902 κατᾴρχεται
2760 2833 2977 2903 πρῶτος
3012 2835 3107 2889 καὶ
3149 2836 3246 2900 τὰς
3274 2839 3495 2909 χρυσᾶς
3522 2836 3772 2906 δαμάλεις
3832 2842 3839 2849 “

2204 2919 2410 2991 ἵστησι.
2444 2922 2759 2993 Τηνίκαῦτα
2793 2926 2887 2978 καὶ
2916 2927 2943 2979 ὁ
2970 2928 3259 2999 προφήτης
3309 2928 3489 3003 τιωὴλ,
3514 2930 3552 2983 ὁ
3580 2930 3669 2983 καὶ
3691 2928 3773 2982 ειν-

2202 3013 2418 3084 θρωπος
2450 3014 2544 3068 τοῦ
2580 3016 2740 3084 Θεοῦ,
2772 3016 2833 3083 ἐξ
2864 3017 3036 3073 Ἰούδα
3071 3020 3421 3090 παρεγένετο
3460 3024 3541 3086 εἰς
3582 3020 3774 3089 Βαιθὴλ

2198 3105 2257 3161 ὲν
2275 3105 2416 3176 λόγῳ
2445 3106 2674 3177 Κυρίου,
2698 3107 2792 3163 καὶ
2818 3104 2962 3161 εἷπεο
2995 3107 3465 3184 «Θυσιαστήριον,
3497 3109 3780 3179 θυσιαστή-

2201 3213 2338 3267 ριον,
2383 3196 2491 3251 ἰδοὺ
2542 3198 2789 3252 τίκτεται
2816 3199 2896 3271 τῷ
2922 3200 3059 3270 οῖκῳ
3104 3201 3299 3269 Δασλδ,
3344 3205 3566 3268 Ἰωσίας
3613 3202 3774 3270 ὄνομα

2199 3288 2369 3360 αὐτῷ,
2406 3290 2501 3345 καὶ
2523 3290 2675 3344 θύσει
2703 3293 2795 3345 ἐπὶ
2842 3293 2901 3345 σὲ
2922 3292 3052 3357 τοὺς
3075 3294 3243 3365 ἱερεῖς
3268 3297 3391 3351 τῶν
3418 3297 3659 3368 ὑψηλῶν,
3691 3294 3779 3350 xei.

2197 3386 2333 3439 ὀστᾶ
2364 3385 2673 3458 ἀνθρώπων
2726 3387 2820 3439 ἐπὶ
2873 3389 2933 3441 σὲ
2978 3390 3354 3467 κατακαύσει.
3395 3411 3416 3444 ι
3488 3393 3622 3447 Τότε
3680 3390 3773 3461 δὴ,

2196 3476 2317 3529 τότε
2370 3476 2462 3551 καὶ
2516 3478 2626 3547 τὴν
2683 3480 2843 3550 χεῖρα
2909 3479 3007 3533 τοῦ
3077 3480 3371 3554 Ἰεροὸοὰμ
3424 3482 3780 3556 ξηρανθεῖσαν

518 3585 654 3625 num
683 3567 1016 3634 Jeroboami,
1045 3584 1166 3638 qua:
1204 3577 1498 3638 propterea
1541 3581 1768 3638 prorsus
1812 3580 2095 3625 emareue-

2200 3566 2282 3621 διὰ
2295 3567 2370 3629 σὺ
2400 3568 2689 3642 κινηθῆναι
2721 3571 2865 3625 κατὰ
2902 3573 2996 3626 τοῦ
3049 3576 3346 3645 προφήτου
3376 3579 3547 3641 αὐτὸς
3578 3579 3607 3631 ὀ
3653 3592 3782 3647 προ-

520 3669 628 3725 rat,
666 3660 793 3730 quia
826 3658 1139 3731 sustulisset
1176 3659 1326 3731 illam
1352 3659 1620 3717 adversus
1666 3666 1844 3715 vatem
1869 3699 1884 3723 ,
1941 3662 2095 3712 vates

520 3754 638 3821 ipse
675 3728 907 3825 sanavit.
964 3728 1099 3805 'l‘um
1145 3728 1294 3805 vates
1323 3750 1545 3820 quidam
1580 3749 1745 3817 alius,
1772 3748 1866 3820 qui
1912 3747 1986 3805 iis
2034 3747 2093 3803 in

516 3843 652 3902 loeis
689 3844 945 3914 degeret,
996 3842 1270 3898 hominem
1325 3842 1477 3897 illum
1527 3841 1773 3898 divinum
1824 3852 1984 3914 urget
2026 3850 2096 3898 ut

517 3951 700 3994 secum
734 3944 1067 4001 vesceretur,
1094 3950 1404 4007 quanquam
1427 3933 1578 3991 Joelo
1610 3934 1921 3991 mandasset
1951 3935 2094 3990 Deus

443 4069 449 4085 .
519 4039 579 4084 ut
600 4028 874 4084 Bethelem
911 4029 1373 4098 proficisceretur,
1400 4043 1509 4083 non
1544 4037 1722 4083 tamen
1747 4026 1824 4082 ibi
1851 4025 1936 4082 vel
1968 4025 2093 4081 cibo

520 4123 606 4177 vel
641 4129 772 4191 potu
807 4132 1028 4189 sumpto
1057 4128 1446 4177 reverteretur.
1509 4119 1699 4189 Itaque
1725 4133 1852 4174 eum
1886 4132 2094 4173 mensae

518 4214 848 4278 assiderent,
900 4212 1041 4267 Dens
1073 4211 1229 4268 alteri
1303 4213 1407 4269 vati
1438 4210 1701 4283 pracepit
1738 4218 1799 4265 ut
1843 4208 2091 4263 divinum

520 4305 794 4361 hominem
846 4303 1056 4360 Joclum
1110 4305 1290 4360 verbis
1337 4301 1649 4369 huiusmodi
1696 4298 2088 4371 compellaret:

526 4396 1009 4467 «Quandoquidem
1040 4396 1095 4450 in
1122 4395 1401 4466 Oppidum,
1441 4403 1493 4449 te
1532 4392 1840 4458 contulisti,
1889 4401 1944 4447 et
1970 4391 2093 4446 cibo

518 4471 758 4559 potuque
789 4498 841 4544 te
868 4489 1131 4544 recreasti
1176 4489 1280 4542 hoc
1326 4486 1383 4540 in
1424 4485 1564 4550 loco,
1591 4499 1789 4554 corpus
1818 4494 1966 4539 tuum
2002 4499 2094 4539 sea

519 4584 707 4649 pulcro
759 4582 1028 4653 majorum
1085 4590 1304 4635 tuorum
1359 4592 1470 4633 non
1528 4577 1851 4632 inferetur.»
1904 4577 2092 4648 Itaque

516 4674 778 4743 deinceps
808 4672 1009 4726 factum
1042 4680 1125 4725 est
1157 4679 1214 4723 ut
1244 4667 1312 4722 ad
1344 4683 1473 4722 suos
1500 4676 1781 4725 revertens
1808 4669 1864 4722 in
1892 4669 2090 4724 itinere

518 4780 546 4817 a
567 4764 724 4818 leone
745 4762 1126 4830 perimeretur,
1157 4773 1220 4812 ac
1240 4754 1512 4812 interfecit
1533 4757 1624 4811 ille
1644 4757 1864 4827 quidem
1888 4768 2087 4825 vatem,

518 4855 615 4910 sed
644 4853 873 4907 ulterius
901 4850 1153 4921 progredi
1190 4863 1298 4903 non
1325 4856 1406 4904 est
1434 4862 1618 4904 ausus.
1650 4848 1862 4921 Quippe
1892 4865 2091 4921 corpus

2197 3657 2377 3727 φήτης
2419 3657 2632 3716 ἰάσατο.
2662 3659 2952 3730 Προφήτης
2979 3658 3037 3714 δέ
3060 3676 3141 3724 τις
3174 3660 3252 3715 ῶν
3303 3667 3495 3719 ἐκεῖσε
3529 3664 3782 3732 ἐϐιάσατο

2195 3750 2286 3805 τὸν
2339 3749 2631 3822 ἄνθρωπον
2680 3752 2774 3805 τοῦ
2803 3752 2939 3807 Θεοῦ
2990 3755 3191 3823 φαγεῖν
3228 3754 3412 3827 ἄρτον
3449 3760 3571 3829 μετ’
3595 3757 3778 3823 αὑτοῦ,

2187 3844 2290 3898 ικαὶ
2313 3842 2491 3899 ταῦτα
2522 3843 2617 3898 τοῦ
2653 3842 2789 3899 Θεοῦ
2815 3844 2955 3916 πρὸς
2990 3846 3155 3902 αὐτὸν
3204 3849 3473 3917 εἰπόντος
3526 3851 3782 3909 ἀπελθεῖν

2198 3935 2300 4006 μὲν
2327 3938 2408 4000 είς
2430 3935 2655 4008 Βαιθήλ,
2690 3936 2783 3991 καὶ
2813 3939 2950 4009 μήτε
2976 3938 3142 4011 ἄρτον
3173 3942 3437 4009 φαγόντα
3466 3947 3610 4016 μήτε
3641 3944 3782 4014 ὕδωρ

2194 4029 2388 4083 πιόντα
2422 4029 2788 4100 ὑποστρέψαι.
2821 4030 2937 4099 Ἐφ’
2965 4023 3011 4101 ᾧ
3051 4032 3146 4087 καὶ
3165 4035 3511 4107 καθημένων
3534 4037 3630 4091 ἐπὶ
3654 4055 3785 4109 τραο

2196 4119 2368 4192 πέζης
2394 4120 2548 4189 λόγος
2571 4121 2775 4200 Κυρίου
2807 4123 3025 4192 ἐγένετο
3053 4125 3188 4194 πρὸς
3206 4126 3305 4181 τὸν
3335 4131 3635 4201 προφήτην
3646 4127 3785 4185 ἐκεῖ·

2193 4228 2305 4279 νον,
2340 4212 2426 4265 ἵνα
2455 4212 2584 4285 εἴπῃ
2602 4214 2736 4284 πρὸς
2754 4215 2843 4268 τὸν
2871 4215 3158 4287 ἄνθρωπον
3181 4217 3279 4272 τοῦ
3303 4221 3474 4276 Θεοῦ·
3512 4221 3687 4277 ι’Δνθ’
3713 4213 3786 4277 ὧν

2196 4298 2535 4370 ἐπέστρεψας
2570 4302 2662 4353 καὶ
2690 4300 2890 4371 έφαγες
2923 4304 3087 4374 ἄρτον
3112 4307 3209 4358 καὶ
3236 4306 3404 4373 ἔπιες
3443 4309 3595 4380 ὕδωρ
3631 4312 3688 4363 ἐν
3712 4306 3787 4377 τῷ

2192 4392 2347 4477 semp
2378 4392 2638 4465 τούτῳ,οὐ
2657 4393 2734 4466 μὴ
2753 4395 2975 4467 εἰσέλθῃ
2991 4398 3047 4449 τὸ
3074 4396 3236 4468 σῶμά
3251 4415 3357 4454 σου
3388 4403 3474 4466 εἰς
3501 4402 3599 4456 τὸν
3617 4402 3787 4471 τάφον

2193 4484 2304 4538 τῶν
2338 4485 2587 4556 πατέρων
2653 4503 2771 4540 σου.
2806 4506 2826 4539 ι
2873 4487 2988 4557 Ἐφ’
3018 4484 3062 4554 ᾧ
3122 4490 3216 4542 καὶ
3265 4492 3654 4566 ὑποστρέφων
3689 4493 3790 4547 ὑπὸ

2192 4579 2404 4644 λέοντος
2434 4578 2576 4634 κατὰ
2604 4578 2701 4651 τὴν
2735 4579 2853 4634 ὁδὸν
2900 4578 3244 4638 θανατοῦται.
3296 4584 3418 4638 Καὶ
3489 4589 3520 4640 ὁ
3555 4586 3659 4657 μὲν
3689 4584 3789 4656 θὴρ

2193 4671 2458 4737 ἀπέπνιξε
2473 4672 2634 4741 μόνον
2655 4672 2839 4738 αὑτὸν,
2859 4672 2954 4724 ἐπὶ
2969 4672 3129 4725 πλέον
3145 4672 3202 4727 δὲ
3228 4677 3393 4748 χωρῆ
3401 4693 3498 4731 σαι
3520 4679 3626 4731 οὐκ
3644 4676 3791 4731 ἐτόλ-

2194 4780 2367 4836 μησεο
2398 4764 2458 4818 τὸ
2482 4764 2587 4834 γὰρ
2622 4762 2782 4832 σῶμα
2805 4760 2899 4815 τοῦ
2928 4762 3211 4833 προφήτου
3244 4762 3415 4827 δίκας
3453 4763 3791 4836 είσπραχθὲν

2191 4853 2278 4907 διὰ
2331 4853 2429 4924 τὴν
2459 4854 2770 4924 παρακοήν,
2820 4851 2990 4923 αὐτὴν
3035 4852 3239 4922 δηλαδὴ
3287 4854 3397 4927 τὴν
3450 4857 3792 4928 πνιγμονὴν,

518 4950 658 5004 vatis
707 4946 984 5018 supplicio
1038 4951 1261 5015 propter
1323 4942 1752 4997 inobedientiam
1809 4942 2085 5011 affectum,

2200 4943 2487 5015 ἐδικαιώθη
2516 4944 2722 5010 ἔκτοτε,
2753 4944 2845 4997 καὶ
2888 4945 3073 4998 οὐκέτι
3123 4944 3256 5015 βορὰ
3284 4947 3370 5017 τῷ
3396 4947 3588 5002 λέοντι
3628 4944 3796 5019 προῦ-

519 5043 664 5110 quod
695 5039 1019 5109 supplicium
1049 5046 1170 5092 erat
1202 5037 1320 5106 ipsa
1353 5035 1600 5103 necatio,
1638 5035 1797 5106 187
1827 5036 2090 5107 deinceps

522 5134 763 5185 immune
819 5129 1043 5195 factum,
1102 5144 1132 5183 a
1189 5128 1347 5182 leone
1397 5127 1646 5182 devorari
1700 5143 1807 5183 non
1854 5138 2086 5198 poterat.

520 5222 790 5278 Caeterum
846 5228 1025 5275 vatem
1097 5220 1243 5274 hunc
1296 5219 1529 5274 alterum
1587 5217 1858 5288 Josephus
1925 5217 2094 5272 tradit

520 5314 694 5369 fuisse
720 5311 905 5375 talem,
961 5313 1053 5382 qui
1103 5311 1242 5367 falso
1291 5326 1492 5366 nomen
1536 5310 1638 5366 hoc
1672 5311 1999 5365 mentiretur
2037 5317 2094 5365 et

520 5404 803 5477 improbus
832 5413 978 5460 esset
1005 5418 1071 5459 ac
1103 5403 1412 5459 Jerob’oami
1444 5403 1588 5473 regis
1637 5403 1924 5472 impostor.
1981 5402 2090 5459 Ve-

522 5514 644 5554 rum
673 5497 1055 5554 Theodoretns
1092 5512 1217 5553 eum
1252 5498 1304 5551 in
1325 5511 1580 5551 verorum
1599 5504 1780 5549 vatum
1804 5509 2091 5550 numerum

521 5592 708 5657 refert,
741 5599 904 5659 atque
958 5590 1010 5644 id
1065 5601 1125 5645 ut
1163 5589 1381 5659 probet,
1438 5588 1767 5642 Litterarum
1813 5602 2091 5642 sacrarum

522 5683 902 5740 auctoritatem
930 5682 1142 5751 allegat,
1174 5682 1230 5735 in
1258 5680 1454 5751 quibus
1486 5680 1763 5736 memoria:
1810 5679 2087 5749 proditum

596 5861 641 5893 ’⁷
674 5861 740 5917 lll
775 5860 906 5933 Reg.
944 5876 1063 5927 xm,

2192 5055 2363 5092 κειτο.
2390 5037 2500 5090 Καὶ
2525 5035 2618 5089 τὸν
2639 5018 2740 5105 μὲν
2765 5037 3053 5106 προφήτην
3080 5036 3291 5091 ἐκεῖνον
3315 5018 3798 5111 ψευδοπροφήτην

2195 5126 2335 5186 εἶναι
2366 5129 2516 5197 λέγει
2549 5129 2641 5181 καὶ
2690 5129 2926 5198 πονηρὸν
2976 5127 3069 5180 καὶ
3126 5128 3440 5185 ἀπατεῶνα
3472 5132 3574 5186 τοῦ
3637 5132 3801 5201 Ἱερο-

2195 5220 2339 5289 ϐοάμ
2372 5221 2400 5273 ὁ
2445 5219 2741 5289 Ἰώσηπος,
2776 5218 2835 5270 '0
2864 5218 2920 5271 δὲ
2948 5218 3296 5288 Θεοδώρητος
3336 5220 3533 5293 ἀληθῆ
3576 5225 3798 5292 προφή-

2193 5330 2294 5381 την
2317 5313 2410 5389 τὸν
2442 5309 2688 5364 τοιοῦτον
2712 5305 2854 5364 εἶναι
2884 5310 3057 5378 λέγει,
3089 5312 3367 5380 παράγων
3391 5314 3495 5366 καὶ
3522 5314 3630 5385 τὴν
3661 5313 3797 5383 Γρα-

2195 5404 2300 5476 φὴν
2332 5403 2473 5457 οὕτω
2502 5405 2785 5474 λέγουσαν*
2815 5420 2834 5454 ι
2858 5400 3101 5472 Διεσώθη
3124 5402 3192 5455 τὰ
3215 5402 3358 5457 ὀστᾶ
3373 5405 3477 5457 τοῦ
3506 5406 3795 5478 προφήτου

2193 5492 2287 5545 τοῦ
2342 5491 2649 5563 πρεσὸύτου
2703 5488 2796 5543 τοῦ
2837 5488 3216 5551 κατοικοῦντος
3257 5490 3322 5542 ἐν
3371 5490 3593 5562 Βαιθὴλ
3658 5489 3797 5559 μετὰ.

2193 5584 2304 5637 τῶν
2335 5584 2508 5636 ὀστῶν
2557 5579 2652 5635 τοῦ
2687 5579 2976 5650 ἀνθρώπου
3006 5580 3100 5634 τοῦ
3145 5578 3283 5635 Θεοῦ
3319 5580 3427 5634 τοῦ
3463 5582 3707 5652 ἥκοντος
3738 5580 3799 5645 ἐξ

2208 5673 2380 5731 Ἰούδα
2424 5673 2519 5730 καὶ
2563 5670 2919 5740 λελαληκότος
2950 5676 3127 5748 πέιντα
3181 5673 3246 5727 τὰ
3284 5670 3440 5743 ἔργα
3473 5673 3515 5728 ἃ.
3541 5671 3806 5741 εποίησεν
