4054 6426
320 387 428 457 36f

1574 393 1984 493 ANNALIUM
2020 395 2214 457 PARS
2252 393 2335 457 Il.

3466 393 3573 456 362

320 509 454 564 Θεοῦ
479 507 684 564 καὶτὸν
715 507 966 564 διάϐολον
1005 508 1239 581 ἐνμέσῳ
1269 508 1470 576 αὐτῶν,
1496 511 1592 566 καὶ
1618 510 1763 567 οὕτω
1788 513 1902 567 δια-

2014 514 2085 569 ibi
2140 510 2369 584 pereat?
2454 509 2592 565 Tum
2645 525 2704 566 se
2746 509 2974 582 Spiritus
3020 509 3244 580 quidam
3292 510 3588 581 proripuit,

319 600 576 672 λεχθῆναι
629 599 764 671 πρὸς
815 601 909 655 τὸν
947 600 1177 672 Κύριον,
1239 603 1697 673 προσωποποιίαν
1757 599 1900 657 εἶναι

319 709 485 764 φησιν
510 692 711 755 ὁ-οεῖος
748 692 1156 763 Χρυσόστομος.
1209 695 1313 748 Τὸν
1349 694 1547 763 μένων
1580 694 1728 748 Βάαλ
1777 695 1902 749 θεὸν

308 781 459 851 ,εἶναι
487 787 638 857 λέγει
695 788 910 857 Τυρίων
964 787 1312 858 ὁοῚώσηπος,
1344 788 1442 861 τὴν
1487 790 1547 844 δὲ
1590 790 1902 861 Ἀστάρτην

321 880 870 950 Σιδωνίων,-Βααλὴμ
903 880 962 935 δὲ
985 869 1196 935 ⁶ἶπον-τοῦ
1224 882 1374 937 Βάαλ
1407 882 1598 954 σηκόν.
1636 884 1749 938 Καὶ
1771 884 1904 952 περὶ

323 972 423 1043 μὲν
442 971 648 1026 τούτων
678 972 876 1035 οὕτως.
920 971 984 1026 '0
1015 972 1074 1026 δὲ
1090 971 1360 1042 Ἰωσαφὰτ
1391 975 1484 1029 καὶ
1500 975 1789 1046 προφήτην
1806 974 1904 1045 ζη-

294 1064 494 1134 τήσας
523 1065 618 1120 καὶ
636 1066 864 1120 τοιαῦτα
887 1067 1076 1138 μαθὼν
1106 1069 1258 1139 ὅμως
1289 1069 1602 1142 συναπῆρεν
1629 1071 1711 1133 εἰς
1747 1071 1907 1124 πόλε-

325 1172 424 1223 μον
466 1158 606 1226 μετά
636 1156 732 1221 τοῦ
760 1158 1008 1229 Ἀχαάϐο
1065 1158 1204 1232 πλήν
1259 1161 1350 1215 διὰ
1395 1160 1495 1231 τὴν
1527 1161 1697 1230 ἀλλην
1734 1161 1901 1216 αὐτοῦ

320 1247 542 1316 ἀρετὴν,
587 1247 664 1310 ὡς
700 1246 906 1301 ἄνωἿεν
936 1249 1176 1320 εἴρηται,
1223 1251 1583 1323 διεφυλάχθη.
1623 1252 1686 1305 '0
1713 1252 1902 1323 μέντοι

321 1338 563 1408 Μιχαίας
591 1339 807 1412 φυλακῇ
846 1340 1150 1411 ἐμϐληθεὶς
1192 1341 1346 1413 παρά
1374 1342 1470 1395 τοῦ
1504 1343 1716 1414 Ἀχαάϐ
1748 1343 1904 1414 ἔλεγε

328 1430 490 1499 μετὰ,
527 1431 848 1502 παρρησίας
875 1450 894 1484 ι
935 1433 1062 1485 Ἐὰν
1110 1434 1454 1505 ἐπιστρέφων
1483 1434 1821 1507 ἐπιστρέψῃς
1847 1436 1907 1490 ὲν

320 1523 540 1594 εἰρήνῃ,
569 1524 632 1577 οὐ
661 1523 961 1595 λελάληκεν
990 1526 1048 1579 ἐν
1078 1526 1211 1597 ἡμῖν
1245 1526 1274 1578 ὁ
1295 1526 1521 1599 Κύριος.
1552 1545 1573 1580 ›
1607 1528 1778 1581 Ἀλλά
1809 1526 1909 1583 καὶ

320 1614 353 1683 ή
388 1614 482 1668 ἐπὶ
508 1614 603 1669 τοῦ
648 1616 861 1687 ’Δχαάϐ
916 1616 1005 1670 διὰ
1063 1616 1159 1671 τοῦ
1188 1616 1374 1671 Ἠλίου
1435 1617 1557 1672 θεία
1593 1619 1906 1691 πρόρρησις

321 1708 497 1777 πέρας
543 1706 694 1776 ἔσχε.
741 1708 987 1778 Τρωθεὶς
1035 1709 1130 1763 ἐπὶ
1161 1709 1299 1764 πολὺ
1340 1711 1419 1781 τῷ
1452 1709 1663 1781 ἅρματι
1692 1711 1907 1776 ἵστατο,

2008 612 2065 660 et
2096 618 2281 660 coram
2316 603 2547 659 Domino
2583 617 2642 658 se
2672 601 2878 658 sistens
2907 602 2964 657 in
2998 603 3145 658 hunc
3181 603 3402 658 modum
3437 604 3591 660 locu-

2010 705 2098 752 tus
2126 705 2239 752 est:
2302 696 2443 767 «Ego
2488 710 2621 751 vero
2668 695 2946 750 hominem
2979 695 3303 766 decipiam.)
3353 696 3452 752 Cui
3487 697 3591 753 Do-

2009 790 2227 845 minus:
2281 789 2377 844 «Et
2415 805 2523 858 quo
2554 787 2772 842 tandem
2801 796 2961 857 pacto
2982 788 3045 845 2»,
3094 788 3321 853 «Abibo,
3392 783 3593 859 in'quit,

2009 890 2066 937 et
2113 896 2210 937 ero
2258 881 2489 952 spiritus
2554 881 2784 936 mendax
2831 880 2887 935 in
2932 895 3029 937 ore
3058 890 3378 937 cunctorum
3404 891 3594 937 vatum

2009 973 2166 1044 ejus;
2198 989 2372 1043 eoque
2400 973 2563 1029 modo
2593 972 2770 1042 ipsum
2815 972 3021 1028 fallam.
3048 992 3066 1025 ι
3103 972 3241 1027 Tum
3294 974 3592 1030 Dominus:

2016 1066 2148 1123 «ιΑὺί
2177 1082 2327 1137 ergo,
2350 1067 2446 1133 ait,
2469 1067 2725 1136 quodque
2747 1065 2956 1130 dixisti,
2989 1066 3208 1121 facito.»
3245 1065 3387 1121 Sunt
3408 1076 3596 1122 autem

2012 1158 2129 1214 hac
2171 1159 2379 1225 omnia,
2430 1158 2894 1227 quemadmodum
2922 1157 3304 1215 Theodoretus
3353 1159 3594 1229 scripsit,

2011 1265 2177 1305 meum
2228 1264 2591 1321 personarum
2639 1249 2911 1319 ﬁctiones,
2943 1265 3065 1318 quae
3116 1266 3218 1306 nos
3263 1251 3332 1306 de
3360 1251 3599 1320 permis-

2014 1345 2172 1402 sione
2202 1344 2386 1400 divina
2409 1343 2694 1399 erudiunt.
2749 1341 2954 1399 Eodem
2981 1342 3142 1397 modo
3166 1358 3291 1397 eum
3320 1342 3378 1396 in
3410 1356 3600 1396 narra-

2014 1439 2164 1492 tione
2190 1436 2259 1491 de
2305 1435 2445 1492 Jobo
2484 1434 2706 1491 Litterae
2735 1450 2907 1492 sacrae
2951 1434 3202 1490 referunt
3252 1436 3475 1507 angelos
3503 1450 3599 1490 co-
3630 1475 3635 1479 .

2012 1542 2132 1583 ram
2163 1526 2399 1582 Domino
2446 1526 2708 1591 astitisse,
2756 1541 2822 1582 ac
2863 1527 3009 1582 inter
3034 1541 3133 1582 eos
3163 1527 3344 1598 ipsum
3378 1536 3619 1596 quoque'

2012 1619 2314 1687 diabolum,
2364 1621 2463 1690 qui
2522 1618 2693 1674 Deum
2744 1618 3185 1689 compellaverit,
3232 1618 3456 1674 divinus
3507 1619 3599 1673 ille

2013 1710 2437 1781 Cbrysostomus
2517 1725 2881 1781 personarum
2972 1710 3247 1765 ﬁctionem
3326 1710 3600 1781 agnoscit.

320 1797 408 1853 ἵνα
443 1798 518 1869 μή
548 1800 762 1872 τροπὴν
811 1796 1120 1872 ἐργάσηται
1150 1805 1219 1874 τῇ
1253 1806 1422 1874 φυγῇ.
1448 1803 1523 1857 Τδ
1562 1803 1621 1856 δὲ
1648 1799 1789 1874 αἷμα
1815 1820 1906 1873 φε-

2014 1801 2287 1858 Caeterum
2352 1800 2485 1857 Baal
2538 1802 2779 1872 Josepho
2854 1802 3007 1858 deus.
3065 1808 3151 1857 est
3220 1801 3597 1873 Assyriorum,

320 1890 554 1961 ρόμενον
607 1894 853 1964 ὲνεπάγη
908 1895 988 1966 τῷ
1021 1872 1252 1966 ἅρματι.
1285 1872 1460 1950 Τοῦτο
1491 1896 1646 1967 παρά
1674 1872 1853 1968 κρήνῃ
1881 1898 1906 1950 ὁ

2015 1896 2239 1951 Astarte
2284 1910 2420 1952 vero
2473 1894 2844 1959 Sidoniorum,
2889 1895 3098 1950 Baalim
3152 1872 3393 1964 denique
3424 1894 3602 1950 sacel-

324 1983 536 2053 ήνίοχος
573 1984 825 2051 ἕπλυνεν,
850 1988 901 2041 οί
930 1986 988 2040 δὲ
1023 1988 1183 2052 κύνες
1209 1987 1501 2060 ὲξέλειχον.
1531 1989 1597 2042 Δί
1627 1988 1685 2041 δὲ
1710 1988 1906 2059 πόρναι

2017 1988 2130 2043 lum
2164 1986 2292 2041 Baal
2321 1985 2739 2057 interpretatur.
2776 1986 2856 2042 Ac
2896 1986 2971 2041 de
2993 1986 3079 2042 his
3110 1985 3338 2056 quidem
3373 1986 3490 2040 brec
3518 1985 3603 2039 in-

322 2078 453 2148 περὶ
477 2077 576 2150 τὴν
599 2078 675 2134 ἔω
700 2082 843 2134 κατά
869 2081 931 2134 τὸ
959 2081 1080 2146 ἔθος
1106 2081 1401 2136 ἐλούσαντο
1419 2098 1434 2114 ο
1466 2084 1774 2154 πηγιμαῖον
1803 2082 1906 2153 γὰρ

2014 2081 2194 2136 dicata
2227 2091 2433 2136 sunto._
2470 2079 2804 2149 Josaphatus
2843 2089 3029 2136 autem
3070 2078 3341 2150 requisita
3372 2088 3498 2134 vate
3535 2093 3601 2132 ac
3662 2139 3666 2143 η

319 2162 389 2239 ἦν
412 2169 474 2223 τὸ
499 2169 668 2242 ὕδωρ,
707 2174 1096 2243 κεχρωσμένον
1117 2172 1177 2227 δὲ
1211 2172 1291 2243 τῷ
1315 2173 1536 2244 αἵματι.

2016 2172 2625 2244 hujusmodimebusex
2648 2186 2714 2227 eo
2744 2171 2982 2243 cognitis
3024 2171 3204 2227 nihilo
3241 2172 3426 2226 minus
3472 2185 3600 2225 cum

318 2261 580 2318 Achaabo
600 2262 669 2318 ad
704 2265 906 2320 bellum
936 2265 1216 2335 profectus
1242 2274 1347 2322 est.
1378 2265 1517 2333 Quia
1565 2274 1752 2322 tamen
1814 2264 2020 2335 alioqui
2086 2263 2170 2320 vir
2207 2279 2422 2335 magna:
2478 2263 2698 2319 virtutis
2733 2272 2876 2326 erat.
2902 2272 2971 2341 ut
2992 2279 3159 2334 supra
3210 2279 3430 2334 quoque
3461 2262 3604 2318 dixi-

321 2371 466 2423 mus,
502 2357 795 2429 ineolnmis
833 2357 1059 2413 domum
1089 2358 1288 2415 evasit.
1364 2358 1637 2415 Michaeas.
1689 2360 1751 2414 in
1816 2372 2094 2414 carcerem
2149 2357 2223 2412 ab
2285 2354 2544 2411 Achaabo
2597 2356 2881 2426 coniectus
2929 2370 3144 2426 magna
3192 2371 3333 2413 eum.
3367 2357 3480 2412 oris
3538 2354 3605 2410 li‘

204 2471 211 2478 ·
319 2449 535 2506 bertate
557 2449 736 2506 dixit:
779 2450 1028 2535 .cQuodsi
1071 2467 1336 2523 prospere
1371 2451 1595 2509 domum
1625 2467 1891 2509 reversus
1918 2451 2110 2519 fueris,
2142 2450 2314 2507 Deum
2349 2466 2450 2522 per
2485 2466 2573 2506 me
2598 2451 2828 2507 mimine
2858 2451 3104 2507 locutum
3134 2466 3260 2507 esse
3295 2451 3531 2507 fatebor.
3578 2468 3598 2501 ι

321 2541 617 2599 Enimvero
661 2543 902 2600 divinum
966 2544 1107 2599 illud
1163 2545 1448 2600 oraculum
1493 2545 1563 2601 de
1617 2545 1904 2613 Achaabo,
1939 2544 2088 2616 quod
2121 2542 2272 2599 Elias
2339 2542 2530 2609 edidit,
2595 2550 2829 2599 eventus
2859 2544 2978 2613 ipse
3010 2543 3412 2614 comprobavit.
3465 2541 3605 2598 Nam

319 2649 449 2690 cum
478 2636 676 2691 vulnus
696 2635 1029 2706 accepisset,
1066 2636 1160 2692 diu
1182 2637 1479 2693 admodum
1510 2638 1566 2694 in
1600 2653 1763 2694 curru
1790 2637 1963 2702 stetit,
1994 2652 2067 2692 ne
2125 2648 2423 2706 conspecta
2452 2635 2596 2707 regis
2635 2634 2760 2707 fuga
2828 2635 3031 2691 milites
3090 2637 3233 2690 hosti
3305 2644 3453 2709 terga
3505 2635 3604 2691 da-

321 2738 467 2787 rent.
529 2732 606 2788 Ibi
635 2732 855 2803 sanguis
894 2747 926 2789 e
959 2733 1188 2790 vulnere
1251 2733 1531 2806 proﬂuens
1588 2749 1755 2791 curru
1821 2733 2094 2800 adhaesit;
2147 2748 2313 2803 quem
2364 2731 2623 2801 deinceps
2675 2732 2862 2804 auriga
2911 2732 2978 2786 ad
3037 2731 3248 2788 fontem
3321 2732 3499 2786 abluit
3548 2740 3605 2785 et

206 2860 211 2864 ι
320 2842 488 2885 canes
520 2829 815 2886 linxerunt.
864 2829 1022 2886 Mane
1085 2846 1217 2887 vero
1252 2832 1572 2888 meretrices
1602 2832 1673 2888 ad
1716 2831 1925 2889 fontem
1968 2831 2128 2902 190
2159 2828 2400 2886 Achaabi
2447 2828 2714 2900 sanguine
2766 2831 2993 2885 tinctum
3052 2829 3379 2885 accedentes
3437 2828 3601 2888 etiam

322 2923 380 2979 in
411 2938 480 2979 eo
501 2939 735 2996 corpora
771 2940 869 2981 sua
906 2939 1007 2996 pro
1046 2941 1203 2982 more
1225 2927 1540 2983 abluerunt.

392 3019 600 3088 Ἰωρὰμ
627 3017 685 3072 δὲ
706 3017 802 3071 τοῦ
829 3017 1102 3087 κηδεστοῦ
1138 3021 1349 3090 Ἀχαάϐ
1372 3020 1629 3092 ζηλώσας
1656 3021 1757 3093 τὴν
1780 3022 1910 3076 ἀσέ-

320 3112 478 3166 ϐειαν
526 3111 687 3178 ἀξίαν
717 3110 818 3182 τὴν
867 3112 1143 3181 τιμωρίαν
1178 3111 1401 3183 εὕρατο.
1444 3112 1506 3167 '0
1559 3113 1669 3186 γάρ
1729 3115 1905 3186 μέγας

2014 3116 2196 3169 soceri
2227 3113 2315 3169 sui
2348 3112 2635 3169 aemulatus
2677 3110 2905 3166 meritas
2947 3107 3174 3163 omnino
3224 3122 3415 3177 pmnas
3476 3109 3599 3166 luit.

316 3205 524 3267 ηἮλίας
580 3204 671 3258 διὰ
714 3204 1062 3274 γραμμάτων
1119 3208 1404 3276 μεμήνυκε
1457 3207 1560 3278 τὴν
1589 3207 1898 3277 ἀπόφασιν*

2014 3205 2150 3262 Nam
2185 3220 2419 3278 magnus
2462 3205 2553 3259 ille
2574 3213 2726 3275 vates
2752 3202 2902 3257 Elias
2925 3201 3239 3270 huiusmodi
3267 3201 3450 3256 verbis
3473 3216 3602 3256 eum

328 3312 348 3347 ι
379 3294 518 3349 Τάδε
540 3293 692 3362 λέγει
714 3293 921 3364 Κύριος
938 3308 966 3346 ⁸.
986 3295 1129 3349 Ἀνθ’
1157 3291 1355 3352 ὧνόὐκ
1384 3298 1688 3370 ὲπορεύθης
1715 3300 1773 3352 ὲν
1798 3298 1904 3370 ὁδῷ

2014 3313 2112 3367 per
2158 3297 2374 3352 litteras
2400 3294 2788 3366 compellavit:
2827 3293 2986 3349 «Haec
3013 3293 3109 3348 tibi
3140 3293 3408 3348 Dominus
3433 3294 3606 3365 signi-

332 3385 604 3454 ἰωσαφάτ
629 3385 724 3439 τοῦ
757 3385 966 3457 πατρός
998 3403 1116 3454 σου,
1145 3388 1477 3454 ἀπέκτεινας
1503 3389 1561 3445 δὲ
1593 3391 1724 3454 τοὺς
1752 3391 1906 3449 ἀδελ-

2017 3390 2144 3446 ficat
2171 3407 2187 3445 :
2231 3390 2505 3456 Quoniam
2534 3388 2850 3443 institutum
2877 3395 3121 3457 paterna:
3161 3385 3449 3454 Josaphati
3480 3387 3608 3443 vitae

2092 3017 2412 3075 Secundum
2438 3018 2565 3073 hace
2581 3031 2673 3071 rex
2696 3012 3320 3083 Jeramusimpietatem
3358 3014 3605 3071 Aelraabi
3677 3014 3681 3018 ’

321 3478 456 3548 φούς
484 3496 605 3545 σου,
637 3479 747 3535 ίδοὺ
781 3482 989 3551 Κύριος
1010 3480 1285 3536 πατάσσει
1315 3482 1535 3554 πληγήν
1568 3483 1819 3555 μεγάλην
1853 3485 1911 3537 ὲν

317 3572 396 3643 τῷ
418 3572 555 3640 obrui
583 3589 699 3640 σου,
729 3572 826 3625 καὶ
856 3573 922 3626 σὺ
953 3571 1051 3644 ἔσῃ
1083 3575 1144 3626 ὲν
1167 3575 1507 3645 ἀρρωστίαις
1534 3576 1827 3647 πονηραῖς,
1852 3576 1911 3631 ὲν

320 3664 608 3736 ἀρρωστίᾳ
632 3663 865 3729 κοιλίας,
900 3663 1007 3728 ἓως
1052 3663 1119 3719 ἀν
1166 3665 1356 3738 ἐξέλθῃ
1387 3667 1458 3720 τὰ.
1483 3665 1683 3738 ἐντερά
1729 3683 1847 3721 σου.
1884 3687 1905 3719 ι

333 3746 797 3819 Ἐπεστράφησαν
843 3747 1026 3801 τοίνυν
1080 3747 1374 3818 ἀλλόφυλοι
1407 3750 1530 3804 κατ’
1562 3748 1757 3816 αὑτοῦ,
1813 3749 1910 3803 καὶ

292 3838 530 3904 ’πάντας
561 3840 1068 3915 ὲξηνδραπόδισαν,
1099 3841 1200 3897 καὶ⁹
1241 3843 1317 3896 τάκ
1338 3842 1505 3896 τέκνα
1533 3843 1699 3896 αὑτοῦ
1718 3843 1910 3901 ,πάντα

322 3929 682 3985 κατέκτειναν
729 3932 857 3985 ἀνευ
910 3931 1007 3985 τοῦ
1043 3931 1316 4002 Ὀχοζίου.
1349 3932 1668 4005 Ἐπέσκηψε
1724 3936 1821 3988 καὶ
1873 3937 1907 4005 ή

2014 3497 2122 3537 non
2148 3497 2209 3538 es
2235 3489 2503 3547 sectatus,
2558 3481 2657 3535 sed
2685 3479 2894 3535 fratres
2936 3490 3058 3534 tuos
3103 3478 3429 3535 interfecisti
3458 3519 3474 3544 ,
3533 3494 3606 3533 en

2012 3588 2211 3645 magna
2236 3574 2549 3629 caiamitate
2589 3572 2851 3627 Dominus
2882 3570 3151 3626 familiam
3197 3581 3345 3626 tuam
3380 3571 3607 3636 alliciat,

2012 3679 2078 3719 ac
2130 3674 2190 3720 tu
2240 3663 2501 3734 gravibus
2552 3658 2845 3719 admodum
2888 3664 3096 3719 morbis
3122 3662 3422 3729 laborabis,
3465 3678 3607 3732 quos

2012 3755 2160 3810 inter
2211 3765 2380 3810 erunt
2421 3752 2699 3811 viscerum
2749 3757 3012 3821 tormina,
3052 3766 3160 3810 tam
3211 3756 3303 3810 diu
3346 3755 3602 3810 durantia

2011 3846 2192 3903 donec
2222 3847 2489 3903 intestina
2526 3862 2722 3921 egeras
2745 3849 2820 3903 ’.ι
2884 3848 3001 3902 Non
3030 3847 3206 3901 multo
3233 3855 3356 3915 post
3395 3853 3605 3921 extera;

2011 3937 2265 3991 nationes
2306 3937 2360 3991 in
2393 3950 2521 3991 eum
2566 3919 2756 4007 copias
2798 3937 3081 4003 educunt,
3113 3951 3307 3991 omnes
3347 3951 3379 3991 e
3421 3919 3606 3990 medio

321 4023 499 4089 νόσος,
530 4023 630 4076 καὶ¹
649 4022 772 4076 οὐδὲ
805 4022 945 4091 μετά
968 4022 1202 4078 Θάνατον
1234 4022 1525 4095 βασιλικῆς
1557 4023 1768 4096 ἠξιώθη
1805 4042 1906 4079 τα-

325 4115 456 4186 φῆς.
479 4115 724 4183 ’Δληθῶς
769 4115 1007 4188 φοϐερὸν
1050 4117 1112 4171 τὸ
1152 4118 1420 4190 ἐμπεσεῖν
1443 4119 1526 4184 είς
1552 4121 1743 4191 χεῖρας
1767 4120 1907 4175 Θεοῦ
1950 4136 1971 4190 ε.

324 4206 552 4275 ζῶντος.
668 4218 679 4228 ’

2012 4026 2243 4092 tollunt,
2298 4026 2504 4082 liberos
2546 4028 2729 4098 regios
2775 4026 3148 4092 interficiunt,
3207 4025 3455 4081 Ochozia
3485 4026 3605 4081 solo

2009 4127 2266 4188 excepto.
2301 4116 2476 4173 Simul
2508 4129 2563 4173 et
2595 4121 2821 4173 morbus
2852 4118 3153 4173 hominem-
3175 4120 3407 4185 invadit,
3434 4135 3501 4175 ac
3533 4137 3606 4175 ne

2011 4209 2217 4280 regiam
2244 4210 2467 4280 quidem
2496 4211 2835 4280 sepulturam
2863 4225 2894 4263 a
2925 4219 3102 4265 morte
3132 4221 3464 4267 consecutus
3495 4222 3603 4267 est.

2012 4300 2288 4357 Nimirum
2347 4317 2544 4373 reapse
2602 4301 2954 4357 formidabile
3011 4313 3096 4357 est
3139 4302 3194 4357 in
3235 4303 3332 4358 Dei
3367 4303 3606 4358 viventis

2010 4409 2209 4450 manus
2233 4395 2482 4450 incidere
2501 4396 2568 4450 ι’.

393 4480 555 4537 Μετά
575 4480 775 4537 τοῦτον
799 4482 1050 4554 Ὀχοζίας
1076 4483 1329 4555 ζηλωτὴς
1359 4485 1453 4539 καὶ
1483 4486 1647 4550 αὐτὸς
1672 4487 1774 4558 τῆς
1805 4505 1906 4561 πα-

2083 4489 2365 4545 Successit
2394 4489 2664 4560 inrcguo
2712 4487 2859 4544 filius
2893 4488 3182 4551 Ochozias,
3243 4499 3299 4545 et
3333 4491 3450 4560 ipse
3505 4505 3605 4559 pa-

320 4572 521 4643 τρικῆς
567 4573 849 4638 ἀσεϐείας.
892 4575 1342 4631 ’Λποστέλλονται
1394 4577 1579 4632 τοίνυν
1628 4580 1768 4649 πρὸς
1815 4581 1906 4634 τὸν

2014 4590 2201 4636 ternm
2237 4580 2541 4651 impietatis
2593 4580 2901 4635 aemulator.
2962 4581 3080 4636 lloe
3143 4591 3392 4651 tempore
3449 4583 3600 4639 missi

324 4664 500 4734 μέγαν
536 4667 722 4720 Ἠλίαν
756 4666 849 4720 δύο
893 4667 1367 4740 πεντηκόνταρχοι
1413 4670 1550 4741 μετά
1596 4670 1900 4740 σοϐαρότη-

2014 4681 2145 4728 sunt
2203 4673 2269 4727 ad
2327 4686 2586 4743 magnum
2644 4671 2796 4727 illum
2851 4679 3030 4727 vatem
3065 4671 3237 4727 Eliam
3295 4675 3405 4728 duo
3439 4674 3603 4743 quin-

320 4773 412 4819 τος
449 4757 745 4824 καλοῦντες
785 4759 951 4813 αὐτὸν
985 4759 1080 4814 επὶ
1111 4761 1190 4832 τῷ
1230 4763 1585 4834 ὲρωτηθῆνατ
1612 4764 1719 4830 τῆς
1750 4764 1906 4817 νόσου

2014 4778 2325 4835 quagenum
2359 4762 2590 4816 militum
2618 4762 2883 4832 praefecti,
2933 4764 3025 4834 qui
3046 4781 3171 4819 eum
3217 4765 3482 4836 superbe.
3508 4782 3603 4820 ar-

319 4845 415 4899 τοῦ
467 4845 732 4916 βασιλέως
780 4850 1009 4906 ἐνεκενν
1059 4845 1215 4921 ἑφίἷ)
1265 4853 1363 4908 καὶ
1413 4853 1539 4926 πῦρ
1575 4852 1906 4923 καταγαγὼν

2014 4861 2232 4910 cessum
2256 4851 2325 4908 de
2353 4852 2500 4922 regis
2527 4853 2720 4908 morbo
2748 4854 3171 4909 consulendum.
3232 4855 3375 4910 Tum
3412 4856 3598 4927 ignem

319 4937 530 4992 ἄνωθεν
572 4930 1183 5009 κατέκαυσεν-αὐτούς.
1221 4943 1367 5000 Ἀλλ’
1392 4944 1626 5000 ἐνταῦθα
1665 4948 1715 4999 οῖ
1753 4946 1904 5017 ὠμό-

2014 4946 2103 5002 ille
2128 4945 2348 5002 coalitus
2375 4945 2658 5002 deducens
2688 4946 2981 5002 universos
3027 4948 3424 5003 concremavit.
3486 4948 3603 5003 line

317 5043 461 5098 τητα
501 5029 595 5083 τοῦ
634 5033 920 5101 προφήτου
965 5037 1405 5108 κατηγοροῦντες
1443 5038 1615 5095 αὑτοῦ
1659 5057 1905 5110 κατηγο-

2014 5039 2130 5096 Ιοοο
2151 5039 2244 5110 qui
2273 5039 2658 5095 crudelitatem
2692 5040 2838 5095 vatis
2871 5049 3160 5104 accusant,
3215 5041 3389 5096 Deum
3420 5041 3601 5113 ipsum

321 5119 478 5188 ροῦσι
504 5120 601 5174 τοῦ
631 5121 768 5176 Θεοῦ
793 5139 806 5153 °
839 5123 909 5178 δι’
932 5126 1104 5181 αὐτοῦ
1133 5128 1244 5200 γὰρ
1270 5131 1343 5184 τὰ
1373 5130 1573 5185 πάντα.
1604 5132 1895 5187 Στέλλεται

317 5212 414 5269 οῦν
441 5213 626 5284 τρίτος
656 5203 1295 5291 πεντηκόνταρχοςικαὶ
1327 5209 1512 5293 ήπίόις
1542 5223 1725 5293 λόγοις
1756 5242 1899 5295 χρη-

319 5306 556 5378 σάμενος
587 5311 689 5380 τὴν
721 5309 1000 5382 τιμωρίαν
1032 5311 1311 5382 διέφυγεν.
1347 5317 1772 5388 Κατερχόμενος
1804 5317 1899 5373 οῦν

317 5400 416 5453 καὶ
461 5402 806 5472 συναντήσας
846 5404 962 5467 τοῖς
1007 5402 1401 5460 ἀποσταλεῖσιν
1445 5408 1543 5461 ἐπὶ
1586 5408 1661 5462 τά
1706 5408 1901 5463 εἴδωλα

318 5484 468 5555 εἷπε,
505 5509 524 5543 ι
567 5491 726 5563 Παρὰ
758 5493 821 5547 τὸ
860 5493 937 5565 μὴ
973 5486 1117 5548 εἶναι
1152 5494 1289 5549 Θεὸν
1321 5498 1381 5552 ὲν
1416 5498 1656 5570 Ἰσραὴλ,
1693 5501 1904 5575 πορεύῃ

318 5582 554 5653 ζητήσαι
599 5590 764 5656 μυῖαν
807 5586 935 5641 θεὸν
969 5587 1256 5661 Ἀκαρῶνς
1292 5591 1326 5661 ή
1362 5590 1517 5664 κλίνη
1553 5594 1640 5663 ἐφ’
1667 5587 1734 5667 ἧς
1770 5594 1902 5648 ἀνέ-

317 5674 453 5744 ϐης,
498 5677 560 5729 οὐ
611 5675 1007 5751 καταϐήσῃ.-)
1045 5680 1314 5734 Ἰστωσαν
1361 5678 1456 5736 οὖν
1503 5683 1758 5740 ἐντεῦθεν
1804 5685 1903 5755 οἴῳ

387 5841 411 5872 ⁵
442 5840 487 5897 ll
513 5840 696 5898 Paral.
727 5859 790 5910 ιιι,
827 5834 919 5902 ‘21.
958 5872 961 5875 -
1003 5848 1044 5879 ¹⁹
1076 5845 1246 5904 llcbr.
1276 5864 1329 5919 χ,
1366 5848 1456 5903 54.

2011 5133 2380 5188 criminantur
2414 5151 2429 5188 :
2459 5147 2589 5193 nam
2622 5147 2724 5203 per
2753 5147 2879 5189 eum
2912 5134 3029 5188 haec
3066 5134 3249 5189 omnia
3277 5135 3420 5191 facta
3449 5148 3600 5194 sunt.

2011 5225 2254 5282 Tandem
2289 5234 2345 5281 et
2380 5227 2577 5281 tertius
2599 5226 2822 5296 quidam
2856 5227 3095 5282 militum
3147 5228 3631 5299 quinquagenum.

2009 5319 2304 5391 praefectus
2335 5318 2643 5388 ablegatur,
2676 5319 2984 5389 qui-vatem
3021 5322 3467 5378 mitibusverbis
3511 5324 3597 5378 alo

2010 5411 2232 5465 locutus
2259 5410 2742 5481 supplicium-quo
2761 5411 2980 5483 priores
3003 5412 3187 5469 affecti
3213 5415 3435 5471 fuerant
3468 5431 3597 5470 eva-

2012 5501 2104 5558 sit.
2136 5501 2508 5567 Quamobrem
2537 5510 2691 5558 vatcs
2715 5502 2784 5559 de
2819 5513 3009 5560 monte
3050 5505 3416 5572 descendens,
3462 5519 3590 5560 eum

2012 5595 2300 5650 incidisset
2367 5594 2423 5649 in
2451 5595 2706 5671 homines
2731 5597 3013 5668 ablegatos
3044 5613 3073 5651 a
3103 5613 3231 5669 rege
3285 5598 3352 5652 ad
3386 5611 3591 5651 consu-

2012 5684 2201 5741 lendus
2233 5685 2499 5750 dcastros,
2534 5683 2851 5757 hujusmodi
2875 5686 3038 5745 verba
3070 5687 3336 5758 protulit:
3376 5684 3599 5765 «Quane
