4054 6430
401 1106 412 1166 l

479 385 586 449 353
643 424 654 434 η

1740 390 2163 459 MICHAELIS
2200 396 2465 463 GLYCAE

3618 412 3716 474 3M

478 488 778 572 ‘doqutuem
800 499 1124 575 delinquere
1148 520 1256 561 non
1286 505 1581 574 dubitasti,
1638 518 1697 565 et
1729 513 1887 581 quasi
1922 514 2065 572 Deus

2172 518 2399 589 κρίματι
2430 519 2867 591 περιπίπτουσι,
2898 520 2991 574 καὶ
3024 522 3175 585 ὅπως
3203 523 3524 590 ἀγανακτεῖν
3557 546 3719 596 παρ.-

477 593 624 663 apud
652 590 938 649 lsraelicos
997 595 1178 651 nullus
1231 598 1394 665 foret,
1452 613 1701 655 muscam
1758 602 2059 661 Accaronis

485 685 650 740 deum
705 687 1052 754 consuluisti,
1101 702 1168 743 ex
1221 704 1288 744 eo
1318 690 1484 756 lecto,
1535 705 1699 758 quem
1731 697 1901 750 semel
1946 697 2060 765 jam

479 775 876 842 conscendisti,
906 791 1015 832 non
1051 778 1253 834 evades
1274 780 1373 833 ιι.»
1409 779 1483 836 De
1507 796 1617 852 quo
1641 782 1769 838 licet
1788 786 2062 843 aestiment

478 869 862 940 qualijudicio
915 882 971 927 et
1017 887 1180 943 poena
1225 885 1474 945 pereant,
1534 886 1904 951 quantamque
1961 883 2058 938 Dei

479 964 764 1018 concitent
804 966 860 1019 in
890 972 949 1020 se
979 965 1341 1035 iracundiam,
1374 968 1467 1039 qui
1500 985 1629 1041 spes
1654 986 1786 1027 suas
1808 972 1863 1026 in
1881 983 2059 1029 astro~

477 1052 631 1122 logos
662 1063 715 1109 et
755 1063 910 1110 vates
947 1056 1237 1113 collocant.
1292 1057 1502 1129 Estque
1543 1061 1680 1116 adeo
1720 1077 1833 1116 non
1865 1063 1962 1118 abs
2004 1077 2064 1119 re

476 1145 812 1217 deploranda
853 1150 1137 1205 hominum
1169 1153 1459 1221 impiorum
1485 1154 1642 1209 bruta
1668 1155 1909 1211 fatuitas.
1943 1156 2060 1212 Non

478 1239 627 1293 enim
663 1248 876 1295 tantum
907 1241 1035 1296 olim
1070 1242 1147 1296 illi
1180 1244 1418 1299 maxima
1453 1247 1656 1316 quaevis
1677 1247 1936 1303 animalia
1968 1264 2071 1316 pro

2168 611 2504 675 σκευάζουσι
2529 610 2619 665 τὸν
2645 611 2800 676 Θεὸν,
2829 613 2877 665 oi
2902 612 3001 675 τὰς
3032 612 3254 676 ἐλπίδας
3280 612 3455 667 αὐτῶν
3480 617 3723 687 ἀστρολό-

2168 717 2288 769 γοις
2332 701 2423 755 καὶ
2471 703 2728 771 μάντεσιν
2769 702 3118 777 ἀναθέμενοι.
3153 703 3339 768 Ἀξιον
3377 704 3432 759 δὲ
3475 705 3724 777 θρηνῆσαι

2166 788 2279 843 τῶν
2307 791 2588 846 δυσσεσῶν
2621 794 2721 862 τὴν
2752 794 2999 863 ἀλογίαν.
3035 796 3112 849 Οὐ
3147 796 3257 865 γὰρ
3294 797 3451 864 μόνον
3479 799 3546 852 τὰ
3580 801 3727 867 μέγι-

2172 896 2272 936 στα
2296 882 2405 936 τῶν
2429 882 2585 948 ζώων
2608 884 2990 952 ἔθεοποίησαν,
3018 887 3157 940 ἀλλά
3185 886 3282 941 καὶ
3305 886 3372 940 τὰ
3404 889 3731 958 σμικρότατα

2168 972 2475 1043 καὶμύσους
2498 978 2696 1044 μεστά.
2722 977 2788 1030 Τί
2806 978 2916 1046 γὰρ
2947 978 3341 1049 μυσαριίντερον
3370 979 3568 1049 μυίας;
3590 980 3729 1035 Ἀλλ’

2169 1067 2318 1136 ὅμως
2349 1068 2446 1121 καὶ
2474 1069 2573 1139 τὴν
2602 1072 2790 1125 είκὸνα
2815 1070 3021 1141 ταύτης
3049 1072 3183 1127 Θεὸν
3213 1074 3584 1145 ἀνηγόρευσαν
3603 1115 3618 1140 ,
3646 1080 3753 1151 καὶ¹

2170 1160 2237 1229 ἢν
2267 1157 2452 1223 ζῶσαν
2479 1163 2604 1226 ταῖς
2638 1164 2859 1236 ῥιπίσιν-
2879 1164 3191 1232 ἐλαύνουσι,
3218 1165 3426 1236 ταύτης
3456 1166 3546 1220 τὸν
3577 1165 3733 1221 τύπον

2181 1251 2303 1304 Θεὸν
2329 1250 2703 1322 ὠνομάκασιν.

483 1327 592 1383 diis
623 1330 958 1395 habuerunt,
988 1331 1083 1386 sed
1115 1332 1276 1388 etiam
1304 1334 1551 1400 minima,
1601 1351 1773 1406 eaque
1823 1336 2141 1407 piacularia.
2171 1338 2306 1396 Nam
2374 1343 2529 1412 quid,
2590 1343 2842 1408 obsecro,
2885 1357 3074 1400 musca
3140 1353 3329 1417 potest.
3374 1360 3501 1402 esse
3554 1347 3736 1403 [tullius

481 1429 539 1475 et
567 1422 1027 1479 abominabiltus?
1088 1423 1457 1483 Nihilominus
1517 1428 1596 1483 illi
1631 1444 1835 1486 muscae
1874 1431 2171 1488 simulacro
2249 1437 2599 1492 divinitatem
2676 1438 3026 1505 tribuerunt;
3094 1453 3370 1509 quamque
3441 1440 3615 1496 vivam
3650 1440 3736 1496 lla-

554 1611 832 1666 Caaterunt
894 1614 984 1668 ille
1019 1624 1206 1670 vatum
1244 1616 1503 1687 princeps
1531 1618 1699 1686 Elias,
1753 1619 1842 1675 cui
1906 1628 2060 1676 tanta

484 1706 719 1760 libertas
755 1706 875 1761 oris
900 1715 1106 1761 eratut
1144 1707 1465 1777 huiusmodi
1515 1711 1701 1766 verbis
1744 1711 2060 1770 Achaabum

444 1516 640 1573 ‘bellis
674 1520 967 1593 abigebant
990 1561 1006 1585 ,
1071 1521 1191 1592 ejus
1240 1522 1465 1594 imagini
1490 1524 1920 1597 appellationem
1969 1527 2069 1584 Dei
2106 1541 2520 1587 concesserunt.

2255 1623 2311 1677 '0
2340 1623 2397 1677 δέ
2430 1639 2495 1693 γε
2523 1624 2634 1677 τῶν
2660 1623 2959 1695 προφητῶν
2982 1625 3285 1695 κορυφαῖος
3317 1624 3524 1689 Ἠλίας,
3553 1626 3582 1678 6
3610 1629 3737 1696 παῤ·

2170 1717 2366 1787 ρησίαν
2394 1718 2534 1789 ἔχων
2561 1718 2839 1782 τοσαύτην
2864 1717 3007 1772 ὥστε
3038 1719 3135 1773 καὶ
3166 1717 3306 1786 πρὸς
3340 1718 3543 1790 ’Ᾱχαάὄ
3572 1718 3736 1783 οὕτως

484 1803 907 1872 alloqueretnr:
951 1804 1073 1858 «lta'
1094 1803 1244 1858 vivat
1286 1803 1550 1859 Dominus
1578 1804 1727 1861 Deus
1765 1807 2061 1875 ille‘meus,

2172 1811 2364 1876 εἰπεῖν,
2412 1827 2431 1861 ι
2469 1811 2545 1879 Ζῇ
2587 1809 2798 1881 Κύριος
2840 1812 2869 1863 6
2898 1809 3037 1874 Θεός
3079 1827 3206 1880 μου,
3252 1813 3309 1864 εί
3351 1808 3501 1865 ἔσται
3543 1810 3609 1863 τά
3646 1810 3732 1880 ἔτη

486 1904 549 1949 ιιι
576 1893 738 1948 annis
767 1892 919 1947 hisee
942 1890 1053 1948 nec
1074 1906 1256 1950 rorem
1293 1909 1397 1950 nec
1426 1897 1669 1967 pluviam
1705 1898 1943 1955 habituri
1968 1918 2065 1958 su-

479 2002 622 2051 mus,
658 1986 762 2040 nisi
791 2000 877 2040 me
903 1987 1229 2055 iubente";
1268 2006 1286 2040 ι
1346 1989 1438 2059 qui
1471 1997 1735 2059 praeterea
1774 1991 1948 2047 Baulis
1977 2008 2064 2048 sa-

480 2079 698 2134 criﬁcos
726 2085 881 2134 tanto
911 2078 1064 2149 191
1111 2080 1325 2149 pudore
1364 2081 1553 2137 affecit
1584 2090 1644 2137 ut
1671 2098 1864 2140 omnes
1900 2086 2065 2140 etiam

483 2169 606 2236 ipso
638 2170 970 2224 exhortante
1002 2171 1070 2226 ab
1130 2168 1395 2226 ISraelitis
1448 2173 1855 2239 occiderentur,
1920 2174 2067 2231 Elius

486 2276 642 2332 ergo,
673 2276 742 2316 ne
769 2277 934 2331 quam
970 2262 1024 2315 in
1058 2263 1376 2333 superbiam
1409 2262 1718 2335 iustumque
1750 2267 2071 2336 prolabere-

483 2363 594 2418 tur,
664 2362 879 2408 tantum
914 2352 1278 2423 permittente
1332 2351 1877 2424 Deopersecutioni’s
1919 2366 2004 2412 est
2031 2374 2073 2413 a-

486 2443 746 2499 Jezabele
785 2459 1108 2514 perpessus,
1139 2456 1201 2500 ut
1229 2449 1397 2500 etiam
1430 2446 1604 2501 Deum
1646 2446 1734 2503 his
1761 2448 1946 2504 verbis
1970 2463 2066 2520 ap-

483 2536 743 2606 pellaret:
783 2534 1214 2593 «Tantlemssatis
1233 2538 1339 2593 hoc
1353 2548 1471 2593 esto
1498 2539 1621 2605 tibi,
1645 2542 1830 2602 vitam.
1853 2557 2063 2612 quaeso,

484 2645 662 2683 meam
707 2629 841 2683 mihi
885 2629 1122 2684 auferto.
1170 2631 1355 2700 Egone
1405 2631 1543 2686 meis
1573 2633 1872 2703 majoribus
1921 2650 2063 2704 prae-

482 2731 568 2775 sto
589 2720 696 2774 "?»
738 2719 920 2776 Possit
954 2730 1137 2776 autem
1171 2722 1372 2775 mirum
1395 2720 1561 2776 alicui
1596 2722 1831 2778 fortasse
1862 2724 2058 2790 videri,

481 2812 573 2881 qui
606 2812 810 2866 factum
838 2814 911 2869 sit
943 2822 1001 2869 ut
1029 2823 1183 2869 vates
1227 2813 1337 2874 hic,
1366 2813 1454 2868 vir
1481 2814 1711 2869 omnino
1755 2824 1983 2871 sanctus
2010 2824 2065 2871 et

479 2905 617 2975 legis
644 2912 681 2960 e‘
701 2906 1022 2975 praseripto
1049 2921 1108 2961 se
1136 2920 1367 2977 gerens,
1392 2907 1576 2961 cibum
1608 2922 1639 2961 a
1692 2908 1873 2963 corvis
1918 2924 2062 2978 pra:-

482 2999 655 3051 bitum
691 2998 1026 3052 comederet.
1082 2995 1358 3051 Nimirum
1408 2998 1529 3065 ipse
1592 2997 1878 3067 legislator
1932 3013 2062 3053 eum

2166 1900 2342 1953 ταῦτα
2386 1901 2575 1971 δρόσος
2618 1902 2653 1971 ἦ
2706 1902 2862 1965 ὐετὺς
2909 1903 2959 1955 εί
3009 1901 3085 1973 μὴ
3134 1902 3225 1956 διὰ
3269 1902 3433 1973 λόγου
3481 1903 3734 1970 στόματός

2170 2008 2296 2059 μου,
2339 2009 2359 2044 ι
2398 1992 2426 2043 6
2460 1992 2590 2055 τοὺς
2628 1993 2797 2063 ἱερεῖς
2827 1992 2922 2046 τοῦ
2956 1992 3105 2047 Βάαλ
3141 1994 3237 2046 ἐπὶ
3266 1994 3520 2048 τοσοῦτον
3553 2009 3733 2048 καται-

2169 2081 2370 2153 σχύνας
2398 2082 2541 2138 ὥστε
2572 2085 2668 2137 καὶ
2700 2084 2911 2149 πάντας
2937 2085 3140 2148 αὐτοὺς
3164 2085 3233 2155 τῇ
3263 2085 3561 2156 προτροπῇ
3580 2080 3732 2136 αὑτοῦ

2167 2175 2318 2242 παρὰ
2340 2176 2449 2229 τῶν
2464 2176 2832 2245 Ἰσραηλιτῶν
2844 2177 3277 2247 ἀποκτανθῆναι,
3303 2178 3391 2231 ἵνα
3421 2177 3496 2248 μή
3519 2194 3572 2229 τι
3599 2174 3737 2246 πάθῃ

2169 2267 2503 2337 ὑπέρογκον,
2528 2266 2787 2322 τοσοῦτον
2812 2268 2967 2339 παρά
2988 2269 3089 2338 τῆς
3117 2266 3359 2334 Ἱεζάόελ
3387 2268 3736 2339 συγχωρείται

2164 2358 2457 2413 διώκεσθαι
2484 2359 2561 2423 ὡς
2591 2360 2685 2415 καὶ
2716 2359 2853 2431 πρὸς
2880 2361 2974 2415 τὸν
3001 2361 3134 2415 Θεὸν
3161 2362 3393 2427 alitem,»
3425 2357 3738 2415 Ἱκανούσθω

2165 2450 2230 2521 δὴ
2247 2490 2261 2513 ,
2288 2451 2422 2507 λάϐε
2448 2442 2557 2522 τὴν
2573 2453 2758 2524 ψυχήν
2781 2470 2899 2523 μου·
2912 2454 3010 2509 ἀπ’
3034 2455 3192 2524 ἐμοῦ.
3220 2452 3314 2524 Μὴ
3345 2454 3609 2524 κρείσσων
3634 2450 3737 2517 ἐγὼ

2164 2543 2307 2617 ὑπὲρ
2335 2546 2461 2610 τοὺς
2495 2546 2879 2617 πατέραςεμου
2903 2567 2917 2612 ;
2947 2565 2965 2598 ι
3003 2543 3333 2616 Ἀπορήσείε
3366 2546 3409 2598 δ’
3433 2545 3499 2599 ἀν
3521 2561 3603 2606 τις
3629 2542 3737 2604 πῶς

2164 2635 2325 2703 ἀγιος
2351 2633 2430 2689 ὢν
2454 2637 2483 2688 6
2513 2637 2805 2705 προφήτης
2833 2638 2926 2690 καὶ
2955 2638 3099 2690 κατά
3128 2636 3296 2705 νόμον
3326 2633 3735 2700 πολιτευόμενος

2165 2728 2324 2796 ἤσθιε
2360 2727 2473 2798 silv;
2491 2728 2589 2782 διὰ
2616 2730 2875 2799 κοράκων
2909 2726 3144 2799 τροφήν.
3179 2727 3358 2791 Αὐτὸς
3391 2729 3425 2781 6
3451 2725 3735 2797 νομοθέτης

2163 2818 2372 2889 ταύτην
2403 2820 2554 2890 αὐτῷ
2587 2819 2679 2874 διὰ
2707 2821 2817 2874 τῶν
2847 2821 3105 2891 κοράκων
3135 2819 3453 2891 προσέφερε
3472 2857 3490 2887 ,
3521 2816 3736 2886 xai‘dp-b

2168 2926 2262 2964 τον
2293 2913 2394 2981 μὲν
2422 2912 2628 2980 ἔωθεν,
2660 2913 2843 2983 δείλης
2877 2914 2936 2967 δὲ
2976 2913 3131 2982 κρέα.
3164 2910 3231 2968 Οί
3267 2912 3384 2981 γὰρ
3416 2914 3570 2983 νόμοι
3600 2906 3739 2964 οὗτοι

2167 3002 2257 3056 διά
2284 3003 2383 3074 τὴν
2409 3005 2520 3056 τῶν
2554 3003 2828 3058 Ἰουδαίων
2856 3003 3150 3057 ἀσθένειαν
3183 3002 3476 3075 ἐτέθησαν.
3506 3003 3613 3056 Καὶ
3638 3003 3741 3070 γὰρ

480 3102 581 3157 per
610 3104 808 3143 corvos
840 3088 920 3143 sic
946 3087 1152 3159 alebat,
1183 3097 1243 3143 ut
1272 3089 1548 3143 matutino
1570 3090 1788 3159 quidem
1819 3099 2062 3157 tempore

2172 3099 2265 3152 καὶ
2308 3098 2551 3171 Σαμψὼν
2591 3092 2681 3154 διὰ
2726 3100 2826 3170 μὲν
2866 3099 2966 3171 τὴν
3007 3100 3181 3169 μέθην
3219 3098 3317 3152 καὶ
3359 3100 3459 3169 τὴν
3496 3097 3740 3165 λαγνείαν

484 3195 702 3249 panem,
735 3180 1058 3250 vespertino
1089 3193 1287 3235 carnes
1316 3178 1616 3249 acciperet.
1642 3179 1816 3251 Leges
1848 3179 1932 3235 ha:
1957 3183 2061 3236 sci-

2172 3187 2461 3258 ἐγυμνώθη
2492 3192 2592 3260 τῆς
2623 3191 2868 3261 χάριτος,
2899 3186 3091 3256 φαγὼν
3118 3186 3179 3240 δὲ
3208 3189 3269 3240 τδ
3299 3186 3502 3259 κηρίον
3528 3183 3619 3238 τοῦ
3650 3181 3739 3252 μὲ-

410 3346 417 3351 _
484 3270 616 3327 licet
647 3282 872 3343 propter
911 3272 1229 3328 Judmorum
1265 3271 1702 3327 imbecillitatem
1770 3273 1897 3328 latas
1947 3272 2065 3328 iue-

485 3372 638 3418 runt‘.
672 3364 887 3420 Idcirco
920 3363 1170 3419 videmus
1206 3362 1527 3441 Samsonem
1550 3371 1773 3434 propter
1795 3365 2066 3420 temulen-

2170 3281 2354 3363 λιτος,
2383 3282 2412 3337 6
2441 3286 2503 3337 iw
2530 3283 2714 3353 νεκρῷ
2743 3283 2919 3336 λέοντι
2949 3282 3225 3351 ὲξύφαναν
3256 3268 3550 3351 μέλισσαι,
3580 3274 3746 3345 κατη-

2175 3374 2370 3443 γορίαν
2396 3374 2657 3443 οὐδεμίαν
2686 3372 2924 3440 ἐδέξατο.

484 3453 616 3508 tiam
651 3455 1049 3524 lasciviamque
1077 3453 1347 3510 divinitus
1369 3450 1476 3508 sibi
1501 3467 1768 3510 concesso
1798 3454 2069 3512 beneﬁcio
2109 3459 2279 3520 fuisse
2349 3465 2668 3535 spoliatum,
2728 3480 2855 3520 cum
2920 3476 3275 3535 nequaquam
3318 3472 3615 3537 propterea
3635 3457 3735 3516 culi

484 3560 650 3622 petur
677 3549 823 3619 quod
860 3548 1043 3602 favum
1075 3546 1255 3603 mellis
1288 3546 1357 3599 ab
1392 3545 1589 3616 apibus
1616 3545 1674 3600 in
1700 3547 1880 3601 leonis
1908 3549 2175 3609 cadavere
2199 3564 2525 3627 congestum
2560 3557 2885 3612 comederit.

557 3643 679 3699 Hoc
710 3640 902 3701 etiam,
935 3637 1137 3693 dilecte
1191 3635 1269 3689 ﬁli
1291 3677 1305 3699 ,
1346 3634 1548 3690 factum
1584 3635 1743 3691 scito.
1797 3635 1936 3692 Cum
1971 3636 2069 3694 Sa-

2240 3647 2485 3719 Πρόσεχε
2517 3647 2597 3715 δὲ,
2626 3647 2904 3715 ἀγαπητὰ
2939 3646 3138 3702 Ἦνίκα
3169 3645 3452 3719 προσῆλθε
3480 3649 3543 3720 τῇ
3576 3642 3778 3717 Earpu-~

487 3736 760 3807 raphtiam
786 3740 941 3787 vates
972 3727 1121 3782 Elias
1154 3727 1502 3797 pervenisset
1526 3741 1591 3782 ac
1622 3727 1786 3783 famis
1819 3739 2066 3799 tempore

2172 3739 2306 3811 φθίᾳ
2336 3741 2366 3794 6
2397 3741 2685 3811 προφήτης
2719 3740 2816 3795 καὶ
2849 3740 3001 3810 ἀρτῳ
3035 3739 3296 3808 ἔδεξιὼθη
3333 3740 3658 3810 αὐτοσχεδίῳ
3689 3736 3744 3789 ἔν

485 3829 862 3901 qualicunque
894 3836 1034 3894 pane
1074 3820 1449 3890 exciperetur,
1509 3819 1833 3891 huiusmodi
1881 3829 2066 3877 votum

2172 3831 2247 3903 τῷ
2269 3831 2449 3903 καιρῷ
2471 3832 2566 3884 τοῦ
2590 3831 2785 3902 λιμοῦ,
2812 3833 2926 3894 τοῖς
2951 3832 3195 3900 ἀγγείοις
3219 3833 3460 3896 ἐκείνοις
3480 3829 3744 3900 ἐπηύξατο

484 3924 555 3978 de
593 3921 740 3976 vasis
768 3917 907 3987 ipsis
937 3914 1190 3983 concepit
1221 3928 1237 3966 :
1280 3912 1514 3982 tll'ydria
1545 3928 1651 3982 qua
1682 3911 1859 3968 farina
1890 3914 2066 3969 conti~

2172 3923 2342 3986 οὕτως
2372 3922 2543 3978 είπών
2562 3929 2577 3945 ⁸
2616 3941 2636 3976 ι
2683 3918 2746 3976 Ἥ
2783 3923 2943 3993 ὑδρία
2972 3922 3069 3976 τοῦ
3099 3922 3337 3993 ἀλεύρου
3355 3920 3707 3989 οὐκ<ὲκ⁴λείψει
3726 3958 3740 3983 ,

485 4023 678 4075 stetur,
712 4022 785 4064 ne
811 4007 1049 4070 deﬁciat,
1081 4014 1140 4059 et
1180 4003 1355 4060 cadus
1409 4004 1516 4058 olei
1569 4018 1852 4073 nunquam
1888 4004 2066 4059 minus

2172 4016 2265 4070 καὶ
2294 4018 2323 4069 6
2349 4015 2655 4086 καμψάκης
2676 4014 2772 4068 τοῦ
2801 4014 2983 4089 ελαίου
3008 4015 3110 4068 οὐκ
3137 4013 3401 4086 δλαττονή
3411 4031 3515 4067 σει.
3546 4031 3569 4065 ι
3606 4009 3742 4095 ςΑὭθ
3766 4056 3775 4061 ,

466 4138 469 4141 -
489 4104 693 4159 habeat
715 4101 783 4155 ιι.
797 4118 825 4153 ι·
848 4099 1040 4153 Fuerit
1056 4105 1239 4152 autem
1262 4095 1353 4150 hic
1371 4110 1551 4165 operae
1569 4095 1807 4164 pretium
1825 4109 2066 4164 quaerere

2172 4106 2408 4160 ὶνταῦθα
2450 4106 2688 4176 ζητῆσαι
2733 4106 2881 4171 ἀξιον
2924 4104 3085 4174 ειπερ
3127 4105 3348 4175 ἀληθῶς
3393 4109 3452 4158 ὲν
3488 4102 3566 4174 τῷ
3606 4121 3742 4169 κατι-

490 4211 622 4251 num
649 4207 846 4262 reapse
871 4192 927 4246 in
953 4191 1045 4245 illo
1072 4189 1210 4245 cado
1232 4188 1397 4243 fuerit
1418 4187 1623 4242 oleum.
1650 4185 1920 4256 Equidem
1944 4199 2066 4239 cum

2172 4193 2322 4265 ψάκῃ
2361 4195 2559 4265 ἐκείνῳ
2595 4195 2776 4250 ἔλαιον
2810 4190 2900 4265 ἦν.
2935 4196 3152 4265 Ἔγωγε
3195 4198 3305 4266 γὰρ
3342 4195 3441 4250 τοῦ
3466 4193 3742 4265 προφήτου

489 4296 674 4343 vatem
710 4285 896 4340 dicere
929 4281 1098 4337 audio
1132 4299 1145 4335 :
1196 4278 1406 4334 «Cadus
1434 4277 1542 4334 olei
1572 4291 1857 4345 nunquam
1883 4276 2066 4330 minus

2172 4284 2383 4340 ἀκούων
2415 4286 2688 4354 λέγοντος,
2724 4304 2743 4338 ι
2768 4287 2879 4342 Καὶ
2909 4287 2947 4340 δ’
2971 4287 3273 4357 καμψάκης
3305 4287 3403 4341 τοῦ
3439 4285 3619 4361 ἐλαίου
3650 4283 3751 4335 οὐκ

496 4378 723 4443 habeat,
791 4377 969 4432 donec
1015 4374 1147 4428 huic
1188 4372 1401 4443 regioni
1442 4371 1594 4426 Deus
1624 4368 1866 4439 pluviam
1911 4382 2066 4423 suam

2173 4376 2521 4448 ὲλαττονήσει
2541 4416 2556 4441 ,
2589 4377 2696 4441 ἕως
2727 4370 2788 4430 οὗ
2823 4376 2985 4430 δώσει
3016 4381 3109 4430 τὸν
3140 4378 3297 4431 ὑετὸν
3330 4378 3497 4432 αὑτοῦ
3532 4375 3623 4430 ἐπὶ
3652 4372 3743 4441 τῆς

493 4440 883 4533 concesserit,»
944 4440 1291 4534 nequaquam
1323 4459 1581 4515 existimo
1603 4466 1790 4523 vatem
1833 4458 1943 4513 hoc
1994 4455 2065 4511 de

2172 4470 2347 4539 Υῆενι
2382 4440 2487 4523 οδκ
2526 4465 2687 4538 οἶμαι
2725 4469 2819 4523 τὸν
2862 4470 3152 4541 προφήτην
3191 4471 3325 4541 περὶ
3368 4469 3550 4522 ἐλαίου
3592 4440 3742 4527 εὖξα-

489 4562 614 4618 oleo
661 4571 849 4615 votum
910 4555 1259 4626 concepisse.
1319 4553 1450 4607 Nam
1494 4566 1619 4606 cum
1681 4558 1872 4606 tantus
1921 4557 2066 4604 esset

2172 4560 2315 4615 σθαι.
2352 4560 2621 4614 Τοσούτου
2658 4561 2767 4631 γὰρ
2801 4560 2955 4623 ὄντος
2989 4559 3227 4631 αὐχμοῦ,
3266 4562 3362 4613 καὶ
3393 4560 3504 4614 τῶν
3538 4553 3742 4624 ἀνθρὼ-

455 5790 462 5805 ’
604 5822 738 5877 ιιιν
780 5823 910 5893 ιιι-ς.
966 5837 1004 5892 ι,
1044 5820 1132 5877 ιθ.
1240 5819 1375 5875 unt
1420 5819 1556 5897 Ites-
1599 5835 1730 5889 κνιιι
1764 5818 1813 5871 l-

489 4661 678 4717 ustus,
708 4649 1076 4717 hominesque
1104 4655 1330 4715 propter
1358 4657 1516 4710 aquae
1546 4642 1790 4711 inepiam
1838 4642 1893 4696 id
1925 4653 2070 4696 tem—

492 4743 641 4815 poris
665 4741 932 4814 perirent,
960 4738 1115 4807 quid,
1169 4749 1374 4804 quaeso,
1406 4732 1622 4788 fructus
1682 4733 1978 4799 attulisset,
2026 4733 2073 4787 si

501 4837 673 4892 cadus
703 4835 886 4890 oleum
915 4832 983 4887 de
1013 4836 1280 4900 perpetuo
1309 4827 1465 4896 quasi
1497 4826 1647 4881 fonte
1675 4827 1911 4897 quodam
1947 4842 2078 4896 sup-

497 4926 836 4999 peditasset?
902 4923 979 4978 De
1032 4936 1143 4990 quo
1208 4919 1347 4974 licet
1372 4919 1705 4997 intelligere
1737 4934 1847 4973 non
1904 4916 2074 4973 fuisse

498 5020 697 5074 cadum
729 5017 882 5071 illum
915 5014 1136 5085 plenum
1166 5011 1309 5078 oleo,
1339 5010 1783 5081 quandoquidem
1811 5010 1934 5067 oleo
1964 5025 2073 5066 non

494 5109 812 5179 indigebant
852 5106 946 5177 qui
986 5120 1142 5175 aqua:
1177 5104 1413 5175 penuria
1450 5102 1692 5175 graviter
1722 5103 2067 5159 laborabant.

448 5246 451 5249 .
496 5199 701 5256 Verum
733 5204 883 5255 certa
918 5199 1153 5270 quadam
1188 5200 1254 5251 de
1289 5212 1455 5252 causa
1493 5196 1688 5252 cadutn
1733 5196 1888 5251 illum
1921 5203 2073 5249 vates

501 5292 610 5347 olei
642 5291 841 5347 cadum
876 5291 1186 5361 appellavit.
1246 5288 1366 5344 Non
1422 5290 1567 5344 enim
1621 5288 1919 5358 quidquam
1951 5300 2074 5341 esse

497 5393 681 5455 potest
719 5385 864 5455 quod
909 5382 1161 5439 homines
1221 5391 1509 5452 tantopere
1546 5380 1717 5450 possit
1754 5378 2072 5434 exhilarare

497 5488 559 5534 nt
584 5492 725 5549 aqua
758 5468 936 5549 magni
972 5473 1206 5547 alicujus
1232 5485 1400 5531 aestus
1425 5484 1695 5543 tempore.
1761 5472 1913 5527 Licet
1968 5472 2075 5525 hoc

494 5573 562 5627 de
596 5570 771 5626 sacris
823 5568 1049 5624 Litteris
1102 5567 1398 5636 intelligas,
1448 5582 1570 5635 qua:
1608 5564 1808 5618 alicubi
1877 5578 2073 5632 aquam

500 5665 608 5719 incl
640 5661 997 5733 nuncupant:
1027 5678 1153 5716 nam
1184 5676 1309 5715 cum
1344 5657 1554 5713 Hebraei
1591 5656 1961 5728 afﬂigerentur
1989 5655 2076 5707 in-

1132 5910 1219 5921 ...α

2173 4672 2291 4709 πων
2319 4654 2684 4708 ἐκλειπόντων
2715 4650 3027 4724 τηνικαῦτα
3048 4658 3112 4724 τῇ
3145 4654 3407 4724 ἀνυδρίᾳ,
3436 4654 3519 4716 τίς
3549 4655 3580 4721 ὴ
3610 4650 3745 4716 ὠφέ-

2173 4747 2292 4800 λεια
2337 4747 2504 4819 εῐπερ
2538 4749 2567 4800 6
2611 4746 2916 4816 καμψάκης
2944 4744 3237 4814 ’ἐπήγαζεν
3279 4747 3507 4811 ἐλαιονς
3542 4745 3641 4797 οὐκ
3679 4737 3743 4809 ἦν

2173 4839 2364 4893 λοιπὸν
2402 4841 2432 4893 6
2469 4838 2776 4909 καμψάκης
2814 4838 3031 4900 ἐκεῖνος
3062 4838 3263 4892 ἐλαίου·
3288 4838 3593 4908 καμψάκης
3614 4876 3627 4900 ,
3667 4834 3743 4885 ὅτι

2176 4929 2314 4998 μηδὲ
2356 4928 2522 5001 χρεία
2565 4929 2749 4982 ἐλαίου
2793 4930 2909 4992 τοῖς
2951 4929 3143 4981 ἕνεκεν
3187 4926 3389 4990 ὓδατος.
3426 4928 3741 4995 κάμνουσινε

2186 5020 2339 5072 Ἐπεὶ
2371 5020 2428 5072 δὲ
2460 5020 2520 5072 τὸ
2555 5019 2734 5073 ἔλαιον
2768 5019 3095 5088 ἀγαλλίαοσιν
3126 5018 3466 5089 ὑπεμφαίνει
3502 5015 3653 5084 παρὰ
3679 5014 3740 5080 τῇ

2172 5111 2402 5181 Γραφῇ,
2447 5111 2538 5164 διὰ
2568 5110 2727 5164 τοῦτο
2768 5111 3072 5180 καμψάκην
3107 5110 3290 5163 ἐλαίου
3326 5110 3418 5162 τὸν
3452 5105 3757 5176 καμψάκηνν

2172 5202 2387 5254 ἐκεῖνον
2415 5203 2443 5254 ὀ
2473 5204 2769 5271 προφήτης
2787 5200 3069 5254 ἐκάλεσεν.
3094 5198 3230 5252 esse
3247 5199 3356 5267 γὰρ
3377 5197 3565 5264 ἓτερον
3584 5191 3743 5267 ἀγαλο

2175 5292 2356 5346 λίασιν
2387 5293 2480 5346 ἐπὶ
2511 5293 2765 5346 τοσοῦτον
2814 5291 3060 5361 εἰσφέρει
3105 5289 3182 5353 ὠς
3219 5289 3356 5344 αὐτὸ
3404 5288 3465 5340 τὸ
3514 5285 3654 5350 ὕδωρ
3687 5283 3749 5332 ἑνί

2177 5385 2454 5454 αὐχμώδει
2485 5384 2683 5455 καιρῷ.
2706 5384 2816 5438 Καὶ
2839 5385 3070 5437 πειθέτω
3099 5400 3158 5435 σε
3181 5385 3216 5454 ἡ
3240 5382 3365 5450 ἁγία
3392 5378 3606 5448 Γραφὴ,
3627 5372 3741 5443 μέλι

2176 5464 2236 5529 τὸ
2259 5476 2401 5545 ὕδωρ
2433 5477 2736 5531 καλέσασα.
2772 5478 2834 5530 0t
2866 5479 2975 5545 γὰρ
3006 5474 3253 5544 ξιςδραιοι
3281 5474 3422 5545 δίψει
3456 5466 3738 5539 συσχεθέν-

2177 5582 2268 5629 τες
2292 5567 2556 5637 ἀφορήτῳ
2587 5568 2729 5621 κατὰ
2759 5569 2858 5634 τὴν
2891 5566 3119 5636 ἔρημον,
3165 5567 3261 5620 καὶ
3295 5564 3441 5634 ὕδωρ
3472 5560 3737 5631 εὑρόντεςο

2182 5658 2401 5726 μέλιτος
2432 5658 2653 5713 ἐδόκουν
2693 5657 3134 5729 ἐμπίμπλασθαι.
3180 5657 3323 5729 Πρὸς
3349 5654 3479 5725 γοῦν
3507 5651 3604 5721 τὴν
3629 5644 3738 5702 διά⁸

1926 5816 1967 5848 ⁸³
1997 5814 2062 5870 Ill
2104 5814 2239 5885 Reg.
2272 5827 2383 5881 xix,
2415 5811 2465 5867 4.
2563 5812 2698 5875 "illi
2735 5814 2870 5885 Reg.
2904 5827 3034 5883 xvtt,
3070 5811 3153 5868 Η.
