4054 6430
390 720 398 727 ,
507 662 628 729 des,
659 681 798 720 unus
831 681 896 721 ex
920 667 1221 737 majoribus
1276 668 1474 738 ipsius.
1536 672 1884 740 praestiterat.
1945 673 2095 728 Inter

450 1100 459 1143 ί

434 2554 448 2568 .
512 2519 625 2570 tur,
658 2510 816 2578 cujus
848 2523 951 2579 ope
986 2508 1162 2591 fretus
1191 2517 1357 2563 esset.
1395 2507 1599 2561 Verum
1637 2504 1779 2560 Deus
1806 2520 2098 2576 progresso

405 4792 437 4877 ρ
532 4813 697 4860 nocte
723 4802 826 4859 185
861 4801 1029 4856 millia
1069 4807 1200 4854 sunt
1232 4798 1301 4853 ab
1329 4798 1522 4867 angelo
1553 4798 1902 4866 interempta,
1930 4796 2108 4862 magis

418 5010 429 5015 ι
534 4996 760 5058 prOpler
793 5002 823 5040 a
857 4984 1087 5039 Domino
1123 4981 1193 5037 ad
1233 4982 1443 5051 frugem
1480 4988 1791 5045 revocatur,
1847 4979 1987 5049 pede
2022 4978 2105 5035 sic

500 3701 804 3764 excitavit,
865 3700 1109 3770 itemque
1158 3698 1520 3754 munitionem
1582 3695 1876 3765 quamdam
1939 3695 2099 3749 aliam

507 366 614 428 367
1806 354 2224 444 MICHAELIS
2260 350 2553 449 οινοᾱςΔ

582 481 742 552 193
775 482 1012 539 Attilius
1053 483 1228 555 ipsius
1262 479 1557 540 Jezcchias
1618 499 1831 542 summa
1884 489 2089 545 virtute
2113 491 2169 552 Α

506 573 769 642 praeditus
794 574 923 641 fuit,
961 577 1255 646 omniaque
1290 578 1549 646 prmstitit
1579 594 1701 648 quae
1757 578 1889 636 olim
1926 579 2093 636 Davi-

3625 398 3720 468 368

2275 497 2528 562 Ἐζεκίας
2556 499 2612 553 δὲ
2643 502 2672 554 6
2697 501 2890 555 τούτου
2923 504 3042 569 υίὸς
3072 502 3169 577 τὴν
3204 503 3504 576 ἀκροτάτην
3535 514 3729 582 κατώρ-

2198 584 2373 641 θωσεν
2403 589 2632 661 ἀρετὴν,
2662 592 2759 647 καὶ
2800 594 2973 649 πάντα
3007 596 3108 651 ὅσα
3143 596 3364 666 ἐποίησε
3397 599 3550 652 Δαϐὶδ
3581 604 3607 653 6
3640 620 3737 656 πα-
3770 630 3779 633 -

2194 678 2302 748 τὴρ
2346 680 2538 739 αὐτοῦ.
2578 683 2685 737 Σὺν
2725 686 2841 749 τοῖς
2879 686 3061 751 ἄλλοις
3102 693 3198 743 καὶ
3237 689 3329 743 τὸν
3369 689 3593 759 χαλκοῦν
3626 694 3734 762 ὅφιν

2196 769 2556 840 συνέτριψεν,
2588 772 2647 826 δν
2677 775 2901 845 ἐποίησε
2931 777 3140 847 Μωσῆς
3165 794 3180 809 ο
3214 777 3322 840 ἕως
3352 778 3460 849 γὰρ
3487 779 3589 835 τῶν
3615 785 3742 852 ἠμε-

2196 857 2308 927 ρῶν
2341 860 2566 915 ἐκείνων
2598 857 2740 932 ἦσαν
2774 864 2825 918 οί
2859 864 2966 918 υἱοὶ
3005 866 3227 938 Ἰσραὴλ
3265 867 3556 937 θυμιῶντες
3585 875 3741 944 αὐτῷ.

2195 948 2309 1029 Καὶ
2354 950 2524 1021 ἄλλην
2570 955 2756 1023 πᾶσαν
2802 955 3129 1026 ἐπιμέλειαν
3183 957 3419 1012 ποιεῖται
3468 958 3557 1011 τοῦ
3605 948 3744 1018 ναού.

2196 1042 2333 1096 Τότε
2357 1043 2422 1116 δὴ
2446 1046 2556 1099 τῶν
2583 1047 2778 1118 ἱερέων
2803 1049 2880 1119 μὴ
2909 1047 3288 1119 ἐξαρκούντων
3311 1050 3392 1113 είς
3416 1050 3512 1113 τὰς
3540 1049 3746 1117 θυσίας,

2193 1135 2270 1198 ὡς
2298 1138 2331 1208 ή
2362 1136 2470 1191 τῶν
2502 1138 3004 1211 Παραλειπομένων
3038 1142 3221 1212 βίϐλος
3249 1144 3405 1212 φησὶ,
3439 1142 3747 1213 συνεϐοήθη·

2197 1245 2298 1282 σαν
2323 1230 2418 1283 καὶ
2442 1231 2489 1282 οἱ
2515 1229 2761 1286 Λευῖται.
2786 1220 2967 1302 ’Ὅπερ
2996 1232 3091 1286 καὶ⁵
3114 1231 3212 1309 νύν
3235 1230 3382 1286 ἔστιν
3409 1233 3532 1287 ἰδεῖν
3565 1249 3597 1277 ’ν
3628 1248 3723 1303 πρε
3750 1268 3755 1273 η
3838 1254 3841 1255 ν

2197 1319 2459 1391 σϐυτέρου
2495 1321 2607 1392 γὰρ
2640 1323 2715 1393 μὴ
2754 1325 3019 1401 παρόντος
3054 1326 3264 1396 καὶτῆς
3288 1326 3479 1397 χρείας
3509 1342 3750 1380 κατεπει-

2193 1408 2400 1479 γούσης
2447 1409 2817 1478 ἀναγκάζεται
2868 1413 2969 1467 καὶ
3020 1413 3271 1477 διάκονος
3319 1415 3643 1485 προσφέρειν
3686 1412 3756 1484 τῷ

2191 1498 2432 1571 δεομένῳ
2458 1502 2519 1554 τό
2551 1502 2856 1575 βάπτισμα.
2885 1504 2993 1558 Τοῦ
3024 1505 3373 1576 Σεναχηρελμ
3408 1505 3758 1576 στρατεύσαν-

2192 1610 2283 1653 τος
2343 1593 2464 1647 κατ’
2498 1594 2703 1661 αὐτοῦ,
2740 1596 3033 1650 ἀπέστειλε
3095 1597 3234 1667 πρὸς
3282 1596 3512 1669 Ἡσαΐαν
3569 1595 3755 1662 λέγων,

2200 1702 2218 1735 ι
2265 1681 2480 1756 Ἦμέρα
2520 1685 2755 1758 θλίψεως
2791 1687 2884 1742 καὶ
2923 1687 3160 1759 έλεγμοῦ
3203 1689 3299 1742 καὶ
3337 1686 3761 1761 παροργισμοῦἡ

2193 1776 2376 1847 ἡμέρα
2404 1775 2567 1849 αὕτη.
2594 1780 2678 1834 ὅτι
2707 1776 2875 1852 ἦλθον
2899 1783 2947 1835 οἱ
2976 1782 3086 1838 uini.
3113 1782 3220 1845 ἕως
3246 1782 3477 1846 ὠδίνων,
3502 1781 3594 1835 καὶ
3621 1778 3783 1864 ἰσχὺς.

2192 1866 2291 1919 οὐκ
2325 1867 2439 1921 ἐστι
2470 1872 2538 1939 τῇ
2574 1871 2859 1942 τικτούσῃ.
2902 1892 2921 1926 ι
2967 1870 3443 1947 Ἐμπιπράμεθα,
3477 1868 3642 1940 φησὶ,
3672 1867 3760 1922 καὶ

2193 1958 2543 2030 ἐξαπτόμεθα
2563 1960 2641 2031 τῷ
2666 1961 2825 2032 θυμῷ
2845 1962 2956 2016 τῶν
2979 1962 3076 2018 τοῦ
3103 1963 3388 2034 Ῥαψάκου
3418 1957 3759 2031 βλασφημιῶν

2193 2049 2569 2116 ἀκούσαντεςθ
2620 2053 2852 2108 κολάσαι
2900 2054 2958 2108 δὲ
3005 2056 3132 2118 τοὺς
3177 2054 3467 2117 δυσσεϐεῖς
3513 2052 3572 2106 οὺ
3616 2050 3765 2104 δυνά.-

2198 2140 2357 2208 μεθα.
2388 2141 2583 2210 Ἔλεγε
2624 2145 2733 2214 γὰρ
2774 2146 2802 2199 6
2846 2146 3191 2216 Σεναχηρεὶμ
3231 2145 3325 2199 διά
3351 2144 3451 2198 τοῦ
3479 2141 3764 2211 Ῥαψάκου,

2202 2253 2220 2285 ι
2254 2234 2346 2305 Μὴ
2375 2236 2641 2288 ἀπατάτω
2669 2252 2728 2288 σε
2752 2238 2779 2289 6
2805 2236 2941 2301 Θεός
2968 2254 3062 2290 σου
3090 2230 3237 2305 ὲφ’ᾧ
3265 2236 3550 2298 πέποιθας.
3584 2252 3603 2285 ι
3634 2228 3767 2285 Ἀλλ’

2194 2327 2221 2379 ὁ
2254 2324 2384 2389 Θεὸς
2416 2326 2698 2379 ἀνελθόντι
2731 2327 2808 2397 τῷ
2849 2327 3064 2396 βασιλεῖ
3097 2330 3176 2390 είς
3210 2327 3302 2380 τὸν
3336 2327 3463 2381 ναὸν
3495 2326 3588 2380 καὶ
3617 2324 3767 2389 εὐξα-

2199 2418 2344 2485 μένῳ
2383 2418 2583 2471 αὐτίκα
2626 2417 2835 2475 στέλλει
2874 2419 2967 2471 τὸν
2998 2419 3247 2488 Ἠσαίαν,
3293 2418 3517 2488 μηνύων
3554 2416 3621 2469 τά
3655 2414 3768 2468 ἐσό-
3846 2408 3855 2421 ’

2200 2526 2337 2578 μενα
2358 2509 2508 2579 αύτῷ
2532 2508 3081 2581 χρηστάΤψικαῦτα
3104 2511 3201 2567 καλ
3220 2510 3332 2582 γάρ
3354 2511 3557 2577 ἔλεγεν,
3577 2528 3597 2561 ι
3616 2507 3770 2560 ’Υπε-

2199 2601 2421 2671 ρασπιῶ
2460 2602 2555 2669 τῆς
2603 2597 2818 2666 πόλεως
2857 2602 3064 2671 ταύτης
3107 2603 3176 2656 δι’
3204 2603 3310 2674 ἐμὲ
3355 2606 3453 2657 καὶ
3494 2603 3581 2657 διὰ
3621 2598 3772 2653 Δαϐὶδ

2197 2696 2290 2747 τὸν
2328 2694 2495 2748 παῖδά
2539 2712 2665 2765 μου.
2709 2714 2729 2747 ι
2764 2696 2879 2749 Ἵνα
2918 2697 3029 2768 γὰρ
3069 2696 3143 2767 μὴ
3179 2684 3385 2768 νομίσῃ
3422 2689 3770 2758 Ἐζεκίαςὸτι

2199 2787 2290 2839 διὰ
2320 2786 2419 2857 τὴν
2451 2787 2618 2841 αὐτοῦ
2652 2787 3005 2858 δικαιοσύνην
3034 2790 3067 2858 ή
3103 2788 3294 2857 δέησις
3331 2786 3500 2842 αὐτοῦ
3534 2780 3772 2856 εἰσηκού-

2185 2876 2302 2946 -σθη
2325 2917 2340 2939 ,
2376 2874 2551 2930 ταῦτα
2590 2876 2741 2945 λέγει
2785 2876 3013 2948 Κύριος.
3055 2876 3376 2947 Ἐμάθομεν
3409 2873 3505 2930 οὖν
3542 2872 3776 2929 ἐντεῦθεν

512 2968 649 3023 muli
677 2969 785 3023 mei
813 2982 1036 3024 causa.»
1072 2966 1206 3034 Qua:
1238 2965 1461 3036 quidem
1493 2964 1567 3020 ita
1596 2963 1864 3020 divinitus
1885 2964 2096 3034 prolata

2201 2968 2284 3021 ὅτι
2316 2966 2412 3021 καὶ
2438 2968 2766 3039 τεθνηκότες
2794 2969 2843 3020 oi
2874 2967 3074 3022 δίκαιοι
3101 2966 3213 3022 τῶν
3240 2968 3468 3033 ζώντων
3496 2969 3774 3039 προΐσταν-

515 3070 668 3127 sunt,
695 3077 766 3115 ne
797 3070 1018 3131 putaret
1052 3059 1343 3116 Jezechias
1373 3059 1681 3113 orationem
1731 3071 1887 3112 suam
1940 3055 2096 3126 iusti-

2201 3077 2314 3113 ται.
2356 3060 2415 3113 Ὀ
2448 3060 2634 3127 μέντοι
2670 3060 2919 3124 Ἐζεκίας
2951 3061 3045 3114 καὶ
3074 3059 3152 3130 τῷ
3182 3060 3306 3130 Θεῷ
3354 3059 3577 3133 ἐθάρρει
3605 3055 3780 3113 καὶτὰ

514 3153 610 3207 tia:
665 3168 853 3216 causa,
910 3167 1018 3220 qua
1050 3150 1316 3219 praeditus
1375 3159 1527 3214 erat,
1587 3148 1901 3204 exauditam
1955 3164 2096 3205 esse.

2205 3143 2336 3218 παρ’
2366 3149 2562 3203 ἑαυτοῦ
2603 3150 2979 3221 συνεισέφερε.
3017 3151 3128 3205 Καὶ
3166 3152 3391 3221 πρῶτον
3424 3153 3523 3214 τὰς
3556 3150 3660 3220 πρὸ
3687 3148 3777 3214 τῆς

517 3242 788 3297 Praeterea
846 3242 974 3296 licet
1037 3241 1171 3296 hinc
1237 3239 1546 3311 intelligere
1611 3239 1788 3309 iustos
1846 3240 2096 3294 homines

2202 3242 2415 3304 πόλεως
2445 3242 2630 3311 πηγὰς
2660 3241 2978 3312 ἐνέφραξεν,
3006 3241 3200 3295 ἔπειτα
3228 3240 3362 3308 τοῦς
3394 3243 3636 3314 πύργους
3662 3238 3781 3293 ἀνέ-

521 3334 689 3387 etiam
711 3333 822 3387 vita
860 3331 1080 3387 iunctos
1107 3331 1411 3387 viventium
1448 3339 1714 3401 patronos
1741 3344 1929 3401 agere.
1982 3330 2096 3384 Ca»

2203 3350 2403 3403 στησεν
2433 3335 2512 3396 είς
2546 3333 2681 3402 ὕψος
2705 3373 2718 3398 ,
2752 3334 2849 3387 καὶ
2883 3334 3257 3404 προτείχισμα
3290 3333 3781 3406 προσῳκοδόμησεν

2202 3424 2413 3490 ἕτερον.
2450 3425 2589 3477 Τότε
2630 3425 2826 3496 συνέϐη
2871 3425 2965 3477 καὶ
2998 3426 3067 3478 τὰ
3106 3427 3241 3496 πρὸς
3279 3426 3519 3481 θάνατον
3552 3406 3778 3494 ιῖαλακι-

2206 3515 2400 3583 σθῆναι
2436 3516 2601 3569 αὑτὸν
2623 3555 2636 3578 ,
2672 3515 2815 3569 ὥστε
2847 3504 3251 3572 ταπεινωθέντα
3286 3519 3619 3590 ἐπιστρέψαι
3651 3508 3780 3587 πρδς

2204 3607 2437 3675 Κύριον,
2469 3607 2545 3665 ὡς
2574 3608 2632 3659 ὲν
2660 3610 2728 3677 τῇ
2763 3608 2932 3677 βίϐλῳ
2964 3608 3075 3662 τῶν
3106 3610 3613 3680 Παραλειπομένων
3644 3602 3780 3660 ίστό-
3826 3609 3832 3614 ’

2206 3715 2369 3767 ρηται
2395 3715 2410 3730 ·
2454 3698 2621 3767 (Kal.
2646 3699 3007 3769 ἐταπεινώθη,
3053 3719 3072 3752 ι
3110 3700 3217 3769 γάρ
3243 3718 3438 3772 φησιν,
3481 3719 3499 3751 ι
3546 3697 3783 3763 Ἐζεκίας

521 3795 831 3850 mdilicavit.
863 3793 1071 3849 Deinde
1100 3793 1303 3849 accidit
1337 3800 1397 3846 ut
1443 3805 1569 3845 cum
1604 3797 1864 3858 praesenti
1905 3789 2096 3842 mortis

2204 3792 2313 3843 ἁπδ
2338 3789 2434 3843 τοῦ
2464 3789 2631 3857 ὕψους
2655 3791 2757 3860 τῆς
2782 3790 3012 3860 καρδίας
3038 3791 3227 3847 αὐτοῦ.
3265 3812 3281 3840 ι
3316 3793 3428 3845 Τοῦ
3457 3792 3565 3860 γὰρ
3592 3781 3787 3856 πατρδς

522 3887 770 3957 periculo
815 3886 1120 3956 langueret.
1183 3884 1554 3949 Quamobrem
1620 3878 1861 3938 demisso
1920 3880 2096 3935 animo

2199 3881 2372 3943 ,αὑτοῦ
2409 3882 2608 3951 Ἀχὰτζ
2643 3883 2744 3952 τὴν
2785 3883 3125 3952 προφητείαν
3166 3882 3493 3949 δεξαμένου.
3542 3901 3559 3932 ι
3595 3878 3783 3943 Ἰδοὺή

525 3988 700 4034 semet
748 3977 817 4031 ad
847 3976 1136 4030 Dominum
1193 3970 2004 4043 convertit,'quemadmodum
2044 3975 2096 4027 in

2208 3973 2479 4043 παρθένος
2508 3972 2566 4025 ὲν
2594 3974 2793 4043 γαστρὶ
2823 3972 2990 4037 Eiet,»
3026 3974 3188 4035 αὑτός
3218 3991 3276 4025 τε
3310 3974 3569 4043 ἐνόμισεν
3598 3965 3738 4023 εἶναι
3762 3967 3789 4019 ὁ

525 4070 867 4124 Omissorum
899 4067 1038 4121 libro
1068 4068 1348 4121 memoria:
1374 4067 1649 4135 proditum
1686 4078 1770 4119 est
1788 4064 1854 4117 ιθ.
1897 4083 1915 4115 ι
1941 4064 2096 4129 Jeze-

2221 4064 2577 4134 Ἐμμανουὴλ
2599 4104 2613 4126 ,
2653 4066 2751 4117 καὶ
2782 4064 2858 4127 ὡς
2893 4065 2975 4126 είς
3009 4065 3174 4116 αὐτὸν
3207 4063 3278 4115 τά
3313 4064 3420 4135 τῆς
3460 4059 3787 4129 ἐπαιηελίας

528 4158 701 4224 chias,
735 4155 931 4225 inquit,
968 4170 1035 4209 ex
1082 4155 1192 4208 imo
1250 4165 1472 4224 pectore
1532 4169 1591 4210 se
1651 4153 1926 4209 demisit.»
1966 4153 2096 4218 Quia

2212 4157 2509 4228 ἐκϐήσεται
2534 4173 2547 4186 ο
2586 4154 2675 4225 ἐφ’
2705 4150 2749 4223 ᾧ
2791 4156 3098 4227 παρθενίαν
3130 4156 3320 4210 ἀσκῶν
3357 4157 3565 4228 γάμοις
3599 4150 3788 4222 ὁμιλῆ-

530 4251 676 4305 enim
714 4257 869 4319 pater
897 4247 1074 4318 ipsius
1103 4246 1383 4301 oraculum
1417 4256 1706 4317 acceperat
1734 4246 2050 4315 huiusmodi
2086 4263 2096 4300 :

2213 4264 2303 4300 σαι
2335 4249 2435 4301 οὐκ
2472 4247 2688 4317 ἤθελεν.
2728 4248 2888 4302 Ἀλλά
2922 4249 3017 4302 καὶ
3044 4248 3145 4317 τὴν
3177 4248 3283 4300 τῶν
3314 4246 3639 4316 ἀλλοφύλων
3672 4242 3789 4296 ίδὼν

545 4343 660 4398 «En
690 4340 842 4412 virgo
867 4353 1153 4413 prmgnans
1187 4336 1405 4404 erit”,t
1440 4337 1684 4408 seipsum
1707 4348 1927 4407 putarat
1954 4337 2096 4391 illum

2213 4338 2491 4394 ἀπώλειαν
2532 4341 2647 4412 (ὑπ’
2671 4341 2906 4408 ἀγγέλου
2953 4344 3048 4396 καὶ
3092 4341 3200 4409 γὰρ
3247 4343 3304 4393 ὲν
3350 4342 3495 4411 μέσῃ
3525 4336 3683 4392 νυκτὶ
3719 4327 3788 4386 τί

537 4433 955 4492 Emmanuelum
993 4448 1135 4498 esse,
1164 4446 1228 4485 ac
1256 4429 1642 4501 promissionis
1674 4438 1931 4483 eventum
1972 4428 2027 4482 in
2050 4443 2096 4484 se

2212 4432 2448 4501 χιλιάδες
2491 4432 2887 4504 ἀνῃρέθησαν),
2913 4432 3186 4501 ἐπηύξνιινε
3234 4432 3443 4501 μᾶλλον
3484 4431 3586 4498 τὴν
3631 4420 3790 4480 α’ῦτοῦ

528 4529 693 4583 ﬁnem
727 4527 1064 4583 habiturum.
1091 4524 1442 4594 QuaprOpter
1480 4520 1854 4590 virginitatem
1915 4521 2096 4577 colens

2215 4523 2495 4579 ἀπόνοιαν.
2535 4525 2652 4592 Ἐφ’
2683 4517 2726 4592 ᾧ
2771 4523 3108 4586 συνετίζεται
3153 4524 3302 4593 παρά
3348 4521 3591 4590 Κυρίου.
3637 4515 3793 4585 σήψει

527 4621 683 4676 nullo
711 4619 949 4692 coniugii
990 4617 1173 4674 studio
1197 4615 1509 4671 tenebatur.
1540 4613 1808 4668 Praeterea
1859 4627 1986 4667 cum
2018 4629 2096 4668 ex-

2215 4616 2378 4678 ποδὺς
2410 4615 2743 4686 ὑποϐληθείς
2769 4632 2783 4646 ·
2821 4616 3050 4683 σημεῖόν
3080 4632 3139 4667 τε
3167 4615 3383 4667 δίδωσιν
3416 4611 3569 4681 αὐτῷ
3598 4611 3672 4673 ὡς
3700 4607 3794 4659 οὐκ

530 4726 847 4768 traneorum
880 4712 1164 4766 interitum
1189 4706 1595 4777 conspexisset,
1644 4720 1712 4760 ex
1756 4704 1955 4774 quibus
1999 4721 2096 4760 una

2213 4707 2568 4761 ἀποθανεῖται
2614 4706 2789 4770 οὕτως
2831 4707 2991 4777 ἔχων
3038 4727 3057 4759 ι
3100 4707 3232 4760 Ἰδοὺ
3280 4704 3397 4772 ἐγὼ
3446 4706 3669 4775 στρέφω
3704 4696 3794 4768 τὴν

2215 4799 2373 4852 σκιὰν
2400 4800 2509 4854 τῶν
2536 4793 2876 4871 ἀναϐαθμῶν
2902 4800 2996 4862 οὓς
3026 4801 3230 4870 κατέϐη
3260 4802 3289 4853 6
3319 4800 3481 4871 ἥλιος
3508 4797 3634 4859 τοὺς
3666 4794 3797 4847 δέκα

2214 4891 2568 4962 ἀναϐαθμοῦς
2601 4890 2696 4946 τοῦ
2731 4893 2884 4946 οἴκου
2918 4893 3012 4946 τοῦ
3047 4893 3253 4961 πατρός
3289 4909 3412 4944 σου.
3459 4910 3478 4941 ι
3516 4887 3658 4941 Φασὶ
3693 4884 3797 4954 γὰρ

2216 4980 2308 5033 τδν
2336 4980 2544 5051 Ἀχάτζ
2569 4984 2633 5034 ἐκ
2665 4981 2917 5051 μηχανῆς
2940 4999 3088 5045 τινος
3115 4983 3171 5033 ἐν
3197 4981 3275 5050 τῷ
3303 4982 3443 5049 οἴκῳ
3470 4978 3643 5033 αὑτοῦ
3667 4979 3797 5030 ἀνα⁸

2221 5071 2470 5141 ϐαθμοὺς
2501 5072 2915 5125 κατασκευάσαι
2942 5073 3094 5137 τινάς
3122 5067 3233 5125 οἷον
3259 5069 3679 5141 ὼρολοτοῦντας
3706 5059 3798 5116 καὶ

536 5168 752 5238 signum
778 5165 1048 5236 quoddam
1080 5164 1251 5229 dedit,
1282 5178 1348 5218 ex
1382 5178 1492 5232 quo
1529 5178 1588 5218 se
1614 5171 1847 5219 mortem
1879 5162 1932 5217 id
1967 5172 2096 5218 tem-

2218 5163 2313 5217 τὸν
2345 5164 2439 5217 τοῦ
2476 5163 2635 5235 ἡλίου
2673 5164 2873 5234 δρόμον
2910 5163 3332 5235 ἐκμετροῦντας.
3376 5162 3516 5215 Τότε
3554 5156 3738 5212 λοιπὸν
3772 5154 3799 5204 6

536 5262 687 5331 poris
731 5273 843 5312 non
884 5256 1164 5311 obiturum
1199 5253 1362 5326 194
1398 5254 1769 5324 intelligeret:
1804 5273 1822 5306 ι
1855 5252 1960 5314 Εη,
2017 5253 2096 5307 ἰη-

2215 5255 2349 5319 Θεδς
2374 5250 2452 5319 εἰς
2481 5256 2668 5309 πίστιν
2691 5256 2801 5309 τῶν
2822 5257 3134 5326 λεγομένων
3160 5252 3496 5326 (προσετίθη
3522 5250 3630 5320 γὰρ
3655 5242 3797 5313 αὖτῷ

535 5354 676 5420 quit,
716 5365 817 5423 ego
864 5357 1178 5403 convertam
1208 5348 1457 5401 umbram
1481 5344 1770 5417 graduum,
1825 5360 1965 5414 quos
1999 5345 2096 5416 ian

2213 5350 2308 5402 καὶ
2329 5348 2492 5418 ἕτερα
2517 5348 2664 5420 ζωῆς
2685 5350 2779 5419 ἐτη
2808 5349 3240 5417 πεντεκαίδεκα)
3265 5345 3465 5408 ἀνύτειν
3494 5345 3634 5397 ἱέναι
3659 5338 3798 5393 ποιεί

536 5440 730 5499 decem
773 5442 855 5498 sol
881 5441 1169 5496 descendit
1197 5440 1252 5493 in
1279 5439 1348 5493 iis
1380 5440 1474 5509 qui
1511 5446 1642 5493 sunt
1701 5439 1758 5494 in
1793 5438 1962 5493 domo
2022 5450 2096 5492 tu:

2210 5440 2311 5511 τὴν
2339 5439 2434 5493 τοῦ
2462 5440 2617 5511 ἡλίου
2647 5440 2840 5506 σκιὰν,
2872 5441 3063 5510 ἐπειδὴ
3093 5443 3191 5493 καὶ
3218 5441 3247 5492 6
3281 5437 3541 5500 Ἐζεκίας
3572 5431 3681 5487 ἀπὸ
3707 5431 3794 5481 δυ-

537 5546 768 5608 paterna
808 5534 1084 5607 gradibus.
1120 5551 1137 5584 ι
1197 5531 1443 5587 Tradunt
1497 5531 1642 5585 enim
1678 5532 1956 5586 Achazum
2016 5545 2096 5600 pel

2214 5530 2366 5601 σμῶν
2411 5530 2505 5585 τοῦ
2553 5531 2670 5602 βίου
2719 5531 2814 5585 ἐπὶ
2863 5531 3123 5600 δευτέραν
3170 5529 3347 5600 ἀρχὴν
3402 5522 3795 5591 ἐπαλινδρόμει

539 5628 852 5685 machinam
888 5626 1182 5698 quamdam
1222 5623 1278 5678 in
1311 5624 1472 5679 domo
1498 5639 1595 5680 sua
1620 5623 1819 5690 gradus
1846 5622 2096 5693 quosdau

2212 5624 2359 5697 ζωῆς
2381 5640 2398 5657 θ
2431 5623 2518 5694 ἐφ’
2541 5619 2586 5693 ᾧ
2614 5624 2675 5678 τδ
2705 5623 2801 5679 τοῦ
2831 5623 2984 5694 ἡλίου
3017 5623 3246 5694 σημεῖον
3265 5661 3280 5690 ,
3312 5621 3411 5674 καὶ
3441 5619 3544 5690 οὐχ
3572 5616 3790 5685 ἕτερον,

508 754 614 808 alia
647 768 959 826 serpentem
1014 759 1295 814 aheueum
1351 776 1381 813 a
1411 760 1560 816 lllose
1596 760 1797 816 factum
1857 764 2089 819 attrivit.

505 841 644 898 Nam
678 846 746 900 ad
777 846 867 901 illa
902 862 1078 917 usque
1119 857 1365 917 tempora
1418 847 1659 904 sumtum
1712 849 1760 903 ei
1819 848 2094 906 faciebant

502 936 786 993 Israelitze.
808 938 956 995 idem
977 955 1245 995 summam
1275 941 1460 1010 templi
1491 956 1675 995 curam
1700 941 1910 1005 habuit,
1934 957 2091 997 cum-

508 1045 615 1098 que
642 1031 959 1088 sacerdotes
989 1034 1300 1089 mactandis
1332 1032 1576 1090 victimis
1602 1048 1708 1088 non
1752 1033 2089 1101 suﬂicerent,

508 1132 570 1176 ut
619 1123 674 1178 in
724 1124 1069 1181 Omissorum
1121 1127 1265 1182 libro
1314 1136 1572 1181 narratur
1600 1128 1666 1191 ".
1730 1126 1951 1203 Leyitas
2010 1127 2092 1183 eis

508 1229 711 1283 operas
776 1216 1140 1273 subsidiarias
1194 1217 1376 1274 facere
1426 1218 1611 1289 jussit,
1666 1218 1814 1288 quod
1865 1219 2088 1288 quidem

509 1323 661 1361 nunc
705 1307 872 1361 etiam
936 1308 1052 1363 fieri
1085 1309 1337 1365 videmus
1372 1328 1386 1363 :
1420 1324 1546 1364 nam
1588 1325 1711 1364 cum
1762 1310 1952 1363 senior
1980 1324 2090 1363 non

510 1398 669 1451 adest
693 1409 855 1467 atque
896 1415 1025 1454 usus
1061 1399 1135 1453 ita
1185 1400 1447 1468 postulat,
1511 1401 1675 1453 etiam
1708 1399 1971 1453 diaconus
1999 1414 2089 1454 re-

510 1487 755 1556 quirenti
793 1489 1124 1558 baptismum
1152 1489 1421 1558 impertiri
1450 1489 1688 1559 cogitur.
1736 1487 1873 1543 Cum
1904 1496 2090 1542 autem

511 1579 923 1637 Senacheribus
950 1581 1357 1652 expeditionem
1390 1581 1654 1636 adversus
1689 1581 1867 1648 ipsum
1899 1594 2090 1635 susce-

510 1671 703 1740 pisset,
747 1674 816 1728 ad
846 1674 1043 1728 Isaiam
1079 1691 1205 1730 cum
1240 1673 1392 1728 hisce
1443 1673 1622 1729 verbis
1670 1673 1825 1728 misit
1855 1690 1869 1728 :
1905 1692 1923 1725 ι
1963 1673 2090 1729 Dies

510 1767 777 1837 angustiae
813 1776 869 1822 et
892 1768 1290 1837 explorationis
1336 1775 1393 1820 et
1426 1766 1730 1822 iracundia:
1785 1766 2089 1820 hodiernus

508 1858 630 1912 dies
681 1865 785 1911 est.
844 1855 979 1911 Nam
1026 1867 1217 1928 partus
1269 1858 1429 1927 quasi
1484 1857 1707 1927 quidam
1746 1857 1933 1924 instat,
1985 1872 2090 1912 nec

505 1949 671 2005 matri
708 1959 916 2005 tantum
947 1960 1030 2006 est
1050 1950 1250 2004 virium
1273 1955 1339 2005 “ut
1365 1950 1501 2005 eniti
1528 1950 1845 2020 possit”'.»
1881 1949 2092 2016 Quibus

508 2043 695 2098 verbis
735 2043 840 2099 hoc
903 2043 1112 2098 scilicet
1162 2042 1381 2097 voluit:
1429 2042 1639 2097 Ardent
1692 2042 1864 2097 animi
1897 2051 1953 2097 et
2012 2042 2092 2097 ira

510 2135 761 2190 succensi
802 2146 957 2201 sunt,
992 2151 1056 2190 ex
1081 2149 1190 2204 quo
1243 2134 1511 2205 Rapsacis
1542 2126 1910 2205 blasphemias
1939 2133 2093 2188 audi-

508 2231 731 2295 vimus;
765 2240 1169 2300 neque_tamen
1229 2229 1433 2298 impios
1474 2227 1731 2282 homines
1754 2230 1943 2296 pinnis
1976 2226 2093 2280 alli«

512 2336 643 2377 cere
679 2337 994 2390 possumus.
1055 2321 1311 2376 Iusserat
1367 2320 1515 2375 enim
1574 2318 1985 2374 Senacheribus
2044 2320 2093 2374 ei

2121 1827 2166 1886 B

511 2431 614 2485 per
643 2415 947 2485 Rapsacem
977 2416 1086 2471 dici
1135 2431 1204 2470 ne
1229 2431 1288 2471 se
1319 2414 1498 2484 decipi
1530 2430 1560 2469 a
1595 2414 1704 2468 Deo
1744 2428 1845 2469 suo
1882 2420 2097 2483 patere-

517 2602 575 2654 in
605 2601 867 2670 templum
936 2599 1048 2671 regi
1096 2608 1260 2669 atque
1308 2598 1381 2653 ibi
1429 2607 1649 2669 prccato
1699 2606 1875 2652 vatem
1903 2595 2095 2651 Isaiam

516 2705 645 2744 mox
672 2691 867 2745 adesse
910 2690 1085 2760 iubet,
1129 2705 1193 2745 ac
1229 2689 1472 2745 futuram
1518 2688 1621 2758 ipsi
1675 2687 2097 2758 prosperitatem

512 2783 810 2853 signiﬁcat,
840 2782 1150 2854 lmiusmodi
1183 2797 1317 2837 usus
1353 2781 1496 2836 inter
1534 2780 1640 2835 alia
1665 2779 1887 2835 verbis:
1932 2778 2098 2833 «Pro-

516 2877 773 2949 pugnabo
800 2874 942 2930 hanc
970 2875 1161 2931 urbem
1200 2883 1311 2929 tam
1366 2887 1487 2928 mea
1523 2887 1688 2942 quam
1727 2870 1954 2926 Davidis
2019 2869 2099 2926 ia-

522 3437 703 3481 terum
732 3425 1017 3483 Jezechias
1048 3434 1104 3481 et
1134 3424 1335 3479 ﬁdebat
1363 3423 1478 3478 Dco
1510 3432 1564 3477 ct
1589 3438 1744 3477 suam
1766 3436 1984 3492 quoque
2012 3422 2100 3475 di-

521 3516 806 3586 ligentiam
836 3513 1150 3570 adhibebat.
1174 3513 1417 3568 Primum
1444 3513 1588 3568 enim
1626 3511 1829 3572 fontes,
1858 3511 1949 3580 qui
1975 3522 2101 3566 ante

506 3609 714 3663 urbem
736 3617 918 3670 erant,
955 3607 1271 3671 obstruxit;
1340 3605 1544 3661 deinde
1611 3616 1793 3660 turres
1839 3606 1893 3658 in
1931 3606 2100 3658 altum

533 4898 698 4951 etiam
727 4895 783 4949 in
811 4894 1071 4963 opinione
1096 4906 1195 4946 sua
1230 4890 1427 4946 stolida
1464 4887 1916 4943 conﬁrmabatur.
1952 4887 2105 4952 Qua—

536 5075 738 5132 al'llicto
768 5084 826 5129 ut
848 5075 955 5145 iam
988 5082 1351 5144 putresceret.
1427 5070 1533 5127 Sed
1575 5080 1755 5126 tamen
1806 5071 1856 5124 ei
1905 5070 2105 5126 deinde

615 5806 758 5885 fill
782 5807 957 5867 Paral.
993 5823 1125 5880 xxx,
1162 5800 1246 5863 15.
1328 5806 1388 5840 ”‘
1416 5800 1480 5862 Ν
1522 5802 1655 5873 Reg.
1691 5818 1803 5870 xu,
1833 5802 1886 5858 ὅ.
1965 5803 2007 5835 ι’
2035 5801 2079 5862 ll
2109 5801 2286 5860 Paral.
2315 5816 2485 5874 χχιιι,
2533 5796 2623 5859 26.
2726 5804 2768 5839 ³³
2792 5802 2895 5859 lsa.
2929 5815 3027 5895 vn,
3067 5799 3153 5855 14.
3186 5868 3187 5871 η
