4054 6416
290 325 396 395 977

1534 318 1943 387 ANNALIUM
1977 322 2178 386 PARS
2209 311 2323 387 It.‘

2474 204 2487 233 ι

3446 336 3554 401 3ῗὸ

293 454 509 509 σχουσι,
544 438 650 507 τὴν
676 430 772 490 τοῦ
805 437 1050 501 Μωσέως
1092 436 1427 491 ἐπικτῶνται
1456 420 1828 506 πεντάτευχον
1853 451 1866 466 ’

1979 436 2289 491 senioribus
2317 436 2498 491 edocti
2539 437 2772 494 fuissent
2790 442 3021 513 quinam
3056 444 3124 501 iis
3159 445 3212 500 in
3246 446 3379 503 locis
3407 449 3558 504 Deus

295 531 388 583 καὶ
437 527 583 581 οὕτω
633 527 728 580 τὸν
780 527 1038 596 ἀληθινὸν
1066 527 1209 594 Θεὸν⁸
1247 527 1565 593 ἐπιγνόντες
1611 524 1872 587 ἀϐλαϐεῖς

294 618 387 673 τοῦ
419 618 610 673 λοιποῦ
641 618 1071 690 διετηρήθησαν,
1101 620 1274 672 είοκαὶ
1300 621 1380 681 είς
1409 618 1656 688 αἱρέσεις
1686 617 1873 668 ἐντεῦ-

296 710 388 764 θεν
418 704 736 777 ἐξώκειλαν,
774 712 871 766 ἆτε
905 711 984 782 μὴ
1009 713 1135 766 κατ’
1159 712 1319 783 ὀρθὸν
1360 712 1519 780 λόγον
1547 713 1666 775 ταῖς
1700 710 1873 782 ἱεραῖς

297 802 501 873 βίϐλοις
539 803 927 871 ἐγκύπτοντες.
961 804 1043 858 Τὰ
1072 805 1129 857 δὲ
1157 804 1253 874 ἐτη
1272 804 1383 857 τῶν
1424 801 1873 874 βασιλευσάντων

294 897 355 949 ἐν
379 894 667 966 Σαμαρείᾳ
691 902 766 947 σν¹
788 896 891 948 οιαὶ
909 901 980 963 γ’,
1012 897 1076 950 ἐκ
1098 896 1376 968 διαφόρων
1403 896 1504 966 μὲν
1537 895 1868 964 γεγονότων,

295 986 516 1038 πάντων
538 987 597 1039 δὲ
628 986 1009 1058 πεποιηκότων
1038 988 1101 1041 τὸ
1128 987 1367 1058 πονηρὸν
1401 986 1544 1040 κατὰ
1562 987 1668 1058 τὴν
1685 987 1874 1057 ἀμαρ-

296 1076 417 1130 τίαν
453 1077 760 1149 Ἱεροϐοάμ.

367 1332 482 1406 Τὴν
507 1336 606 1408 μὲν
636 1332 730 1391 οὖν
780 1338 888 1392 ἀπὸ
924 1339 1186 1409 Περσίδος
1220 1357 1329 1393 των
1367 1335 1641 1393 Ἰουδαίων
1674 1340 1874 1394 ἐπάνο-

296 1426 387 1482 δον
410 1427 714 1499 ὲξηγήσατό
738 1448 798 1482 τε
826 1433 853 1484 6
881 1432 1119 1500 Ἔσδρας
1148 1431 1243 1485 καὶ
1275 1422 1677 1501 συνεγράψατο.
1723 1431 1787 1485 Ἦ
1816 1431 1874 1485 δὲ

300 1521 577 1590 πρόφασις
624 1523 722 1592 τῆς
770 1524 1035 1576 ἐπανόδου
1084 1523 1228 1578 κατὰ
1255 1523 1349 1577 τὸν
1392 1524 1657 1592 Ἰώσηπον
1708 1524 1873 1595 αὕτη.

300 1611 463 1684 Τρεῖς
505 1615 836 1682 στρατιῶται
864 1614 1362 1689 ,φυλάσσοντεςϋτδν
1400 1614 1647 1684 βασιλέα,
1683 1617 1742 1667 ἐν
1789 1607 1874 1678 οῗς

299 1697 372 1773 ἦν
408 1703 501 1756 καὶ
531 1703 860 1771 Ζοροϐάϐελ,
894 1704 1099 1776 ἤρισαν
1139 1705 1198 1758 ὲν
1224 1707 1575 1777 προϐλήματι
1618 1706 1874 1775 τεθείσης

1976 528 2284 595 antiquitus
2311 529 2411 593 coli
2449 533 2850 602 consuevisset,
2888 551 2918 590 a
2947 553 3056 606 quo
3096 540 3256 594 malis
3283 541 3557 610 ejusmodi

1976 616 2348 680 allies-rentur.
2383 618 2835 690 quinquc‘Mosis
2880 629 3158 684 volumina
3205 643 3554 698 receperunt,

1970 721 2151 777 eoque
2171 709 2331 763 modo
2354 711 2540 781 agnito
2563 727 2693 766 vero
2717 713 2950 772 Numine
2977 718 3108 773 nihil
3131 721 3200 775 ab
3219 735 3286 776 eo
3310 731 3558 790 tempore

1976 798 2105 884 mali
2148 803 2395 869 perpessi
2439 813 2941 874 sunt,-quanquam
2989 809 3042 864 in
3080 820 3261 866 sectas
3289 814 3556 884 quasdam

1976 883 2239 958 deinceps
2267 890 2433 945 etiam
2478 893 2881 964 exorbitarunt,
2918 902 3098 969 utqui
3145 915 3294 956 recta
3340 883 3558 958 ratione

1973 978 2146 1037 libros
2171 995 2358 1036 sacros
2382 998 2494 1038 non
2524 984 2861 1054 inspicerent
2886 1004 2949 1043 ac
2982 994 3389 1059 persolvet-ent.
3412 996 3557 1051 Anni

1976 1080 2162 1124 autem
2218 1071 2433 1128 illorum
2470 1076 2562 1144 qui
2606 1075 2876 1131 Samaria;
2922 1093 3223 1150 regnarunt
3269 1094 3399 1139 sunt
3426 1086 3555 1150 255,

1975 1177 2040 1217 ac
2087 1163 2311 1219 fuerunt
2349 1167 2406 1221 bi
2439 1169 2675 1224 diversis
2721 1169 2826 1224 orti
2871 1171 3115 1239 familiis,
3147 1188 3201 1230 et
3254 1193 3444 1233 omnes
3488 1182 3557 1236 ad

1977 1256 2288 1324 exemplum
2315 1256 2623 1314 Jet'oboami
2655 1279 2714 1320 se
2748 1267 2913 1335 impie
2944 1278 3247 1337 gesserunt.

2045 1345 2357 1404 Iudaeorum
2379 1360 2562 1407 autem
2597 1372 2627 1409 e
2656 1355 2877 1413 Perside
2904 1359 3137 1413 reditum
3160 1360 3380 1429 scriptis
3404 1360 3494 1414 libi
3511 1361 3559 1416 is

1978 1436 2180 1493 Esdras
2209 1449 2294 1495 est
2316 1445 2660 1517 complexus.
2704 1448 2834 1518 Ejus
2860 1461 3044 1505 autem
3079 1452 3410 1506 reversiouis
3443 1453 3558 1507 haec

1980 1529 2085 1583 fuit
2115 1532 2356 1599 occasio,
2383 1536 2545 1589 sicuti
2568 1536 2851 1608 Josephus
2878 1542 3097 1611 quidem
3123 1543 3401 1596 memoriae
3426 1557 3559 1612 pro-

1977 1620 2137 1678 didit.
2187 1623 2323 1679 Tres
2371 1628 2596 1693 milites,
2642 1631 2910 1701 gate-{lites
2958 1632 3115 1703 regii,
3166 1649 3399 1702 quorum
3437 1643 3559 1688 erat

1977 1711 2033 1766 in
2069 1729 2297 1769 numero
2333 1717 2737 1783 Zorobabelus,
2778 1723 3189 1777 contendebant
3242 1723 3388 1777 inter
3433 1737 3557 1778 sese

296 1796 625 1864 συμφωνίας
659 1795 885 1864 αίτῆσαι
925 1798 1017 1850 τὸν
1054 1799 1296 1853 νικῶντα
1344 1798 1488 1868 ἅπερ
1536 1799 1601 1851 ἂν
1643 1799 1874 1871 ἐθελήσῃ

1984 1800 2079 1873 per
2107 1808 2450 1862 occasionem
2467 1810 2625 1879 .pacti
2655 1811 2932 1874 conventi,
2969 1821 3027 1869 ut
3048 1814 3137 1880 qui
3181 1813 3422 1875 viris-set,
3456 1827 3558 1883 po-

302 1883 452 1953 παρὰ
478 1883 572 1938 τοῦ
604 1884 893 1955 βασιλέως.
930 1888 1038 1941 Τοῦ
1063 1886 1247 1960 τοίνυν
1279 1889 1397 1951 ἐνὸς
1428 1891 1679 1952 εἰπόντος
1715 1890 1874 1966 νικᾷν

296 1972 390 2026 τὸν
410 1967 590 2042 οῐνονξ
616 1976 713 2029 καὶ
739 1976 836 2030 τοῦ
860 1977 1051 2046 ἐτέρου
1087 1978 1179 2031 τὸν
1218 1977 1469 2048 βασιλέα,
1498 1981 1525 2032 ό
1568 1981 1874 2051 Ζοροϐάϐελ

291 2060 421 2117 εἶπε
449 2067 606 2137 νικᾷν
631 2068 731 2130 τὰς
763 2072 1056 2138 γυναῖκας,
1079 2070 1188 2123 καὶ
1221 2070 1360 2140 ὑπὲρ
1389 2071 1569 2124 πάντα
1606 2073 1704 2140 τὴν
1741 2072 1874 2141 ἁλή-

300 2155 478 2212 θειαν.
536 2160 647 2212 Καὶ
720 2163 844 2213 ἐπεὶ
909 2159 1088 2216 ταῦτα
1145 2159 1385 2231 εἰρηκὼς
1443 2161 1721 2239 νενίκηκε,
1779 2165 1877 2217 καὶ

288 2248 534 2320 ἢκουσεν
596 2252 924 2324 αἰτήσασθαι
976 2254 1013 2309 ἃ
1075 2253 1360 2324 βούλεται,
1422 2254 1657 2323 ἠξίωσεν
1713 2256 1877 2309 αὐτὸν

298 2341 571 2412 ἀφεθῆναι
624 2343 722 2415 τὴν
780 2346 1182 2415 αἰχμαλωσίαν.
1251 2348 1316 2400 ⁸0
1377 2345 1442 2416 δὴ
1498 2347 1594 2400 καὶ
1647 2346 1872 2414 γέγονε·

300 2435 600 2504 τηνικαῦτα
628 2439 723 2491 καὶ
767 2443 873 2509 γὰρ
906 2438 1244 2509 ἐπληροῦντο
1283 2439 1352 2492 τὰ
1389 2444 1430 2491 o'
1458 2437 1556 2510 ἔτη
1584 2441 1689 2509 -τῆς
1722 2438 1876 2500 θείας

295 2524 493 2595 ὀργῆς.
523 2528 633 2581 Καὶ
688 2530 740 2582 οἱ
804 2529 906 2598 μὲν
964 2528 1376 2599 οίκοδομοῦντες
1418 2531 1512 2584 τὸν
1557 2530 1685 2584 ναὸν
1734 2524 1877 2600 ἦσαν

300 2617 607 2687 Ζοροϐάϐελ
650 2618 748 2673 καὶ
809 2621 1018 2691 Ἰησοῦς
1069 2622 1099 2674 6
1128 2621 1225 2675 τοῦ
1273 2621 1546 2687 Ἰωσεδὲκ,
1584 2621 1877 2691 οἰκοδομη-

298 2705 463 2777 θῆναι
491 2708 547 2762 δὲ
572 2710 601 2762 6
621 2710 863 2776 τοιοῦτος
892 2711 1107 2780 ἔφθασε
1134 2711 1265 2775 ναὸς
1303 2713 1404 2782 τὴν
1445 2713 1714 2784 δευτέραν
1743 2714 1878 2767 ταύ-

300 2811 403 2864 την
468 2796 758 2868 οἰκοδομὴν
787 2797 845 2851 ἐν
884 2799 1102 2869 χρόνοις
1152 2805 1249 2870 μς¹
1306 2800 1394 2853 διὰ
1447 2799 1508 2854 τὸ
1556 2801 1710 2871 παρὰ
1766 2802 1878 2858 τῶν

304 2888 688 2954 γειτονούντων
728 2889 1311 2961 ταύτηνίκωλύεσθαιι
1338 2882 1394 2962 ἢ
1430 2892 1539 2963 γὰρ
1587 2894 1782 2964 πρώτη
1817 2895 1878 2949 ἐν

284 2977 515 3047 ,χρόνοις
540 2978 952 3049 εἰκοσι-ἐγένετο
978 2982 1130 3052 παρὰ
1153 2981 1524 3052 Σολομῶντος,
1544 2984 1621 3048 ὡς
1643 2985 1879 3054 Ἔσδρας

304 3070 534 3140 ἱστορεῖ.
568 3071 678 3124 Καὶ
718 3075 818 3142 τὴν
864 3074 1052 3142 μέντοι
1091 3074 1199 3127 ἀπὸ
1220 3074 1554 3140 Βαϐυλῶνος
1600 3076 1713 3131 τῶν
1747 3079 1878 3130 Ἰου-

1978 1904 2232 1950 testatem
2277 1898 2502 1954 haberet
2549 1916 2580 1953 a
2630 1915 2758 1971 rege
2804 1901 3031 1971 petendi
3070 1898 3332 1971 quidquid
3368 1901 3552 1955 vellet.

1974 1987 2112 2044 Cum
2141 1988 2309 2058 igitur
2343 2005 2485 2044 unus
2520 1991 2748 2059 dixisset
2781 1993 3004 2048 vincere
3038 1993 3251 2051 vinum.
3283 1993 3421 2048 alter
3465 2009 3556 2048 re-

1975 2094 2122 2150 gem,
2176 2074 2553 2134 Zorobabeltts
2606 2078 2840 2146 feminas
2887 2081 3111 2143 vincere
3167 2079 3375 2142 statuit,
3428 2088 3556 2135 ante

1976 2173 2158 2224 omnia
2183 2185 2315 2225 vero
2338 2171 2644 2231 veritatem.
2668 2170 2826 2237 Quod
2848 2171 3070 2225 verbum
3095 2170 3186 2226 ubi
3217 2170 3554 2240 protulisset,

1976 2259 2266 2314 victoriam
2295 2260 2509 2316 caeteris
2534 2260 2739 2331 eripuit
2763 2269 3061 2331 petereque
3084 2261 3273 2330 jussus
3296 2270 3384 2315 est
3413 2260 3559 2329 quod

1974 2350 2263 2407 libuisset.
2302 2351 2463 2422 199
2495 2352 2631 2406 Tum
2665 2353 2755 2407 ille
2787 2352 3064 2407 nationem
3105 2367 3257 2406 suam
3286 2353 3560 2422 captivam

1977 2442 2035 2497 in
2085 2443 2398 2498 libertatem
2434 2444 2650 2498 restitui
2706 2445 3026 2515 postulavit,
3074 2444 3242 2523 idque
3293 2443 3559 2499 continuo

1970 2532 2188 2589 factum
2219 2544 2341 2590 est:
2379 2534 2583 2604 quippe
2628 2542 2741 2589 tum
2783 2533 2946 2589 etiam
2978 2533 3044 2588 70
3075 2533 3151 2588 illi
3188 2534 3319 2588 anni
3359 2534 3560 2590 divinat

1979 2624 2075 2678 ira:
2122 2624 2380 2694 completi
2425 2631 2603 2679 erant.
2654 2624 3028 2679 Exstruebant
3070 2632 3253 2699 autent
3295 2623 3561 2695 deinceps

1978 2713 2538 2783 llierosolymitanum
2588 2713 2853 2783 templum
2890 2713 3263 2768 Zorobahelus
3309 2723 3365 2768 et
3396 2714 3560 2771 Jesus

1968 2804 2229 2885 .Josedeci
2250 2803 2415 2871 ﬁlius,
2432 2817 2611 2873 neque
2641 2802 2828 2873 perfici
2859 2802 3097 2858 secunda
3114 2802 3266 2858 istaec
3282 2793 3559 2867 structura

1979 2897 2158 2967 potuit
2185 2903 2314 2951 ante
2346 2909 2552 2949 annum
2581 2893 3055 2964 quadragesimum
3077 2901 3318 2959 sextum,
3351 2894 3496 2963 quod
3526 2907 3560 2947 a

1985 2987 2241 3062 ﬁnitimis
2276 2987 2594 3041 nationibus
2643 2982 3022 3052 impediretur.
3067 2984 3226 3039 Prior
3252 2997 3382 3037 vero
3416 2982 3561 3038 intra

1980 3079 2300 3134 vicesimum
2333 3093 2537 3133 annum
2569 3092 2601 3130 ει
2637 3075 2932 3132 Solomone
2973 3073 3221 3128 absoluta
3271 3073 3467 3139 fuerat,
3502 3081 3563 3129 ut

284 3161 469 3216 «δαίων
499 3164 779 3231 ἐπάνοδον,
806 3168 899 3220 ναὶ
949 3168 1055 3237 μὴν
1088 3167 1182 3220 καὶ
1231 3168 1331 3236 τὴν
1361 3168 1469 3220 τῶν
1499 3169 1709 3238 νεκρῶν
1738 3186 1877 3238 παγ-

1983 3171 2186 3225 Esdras
2233 3177 2648 3226 commemorat.
2702 3167 2971 3224 Cteterum
3024 3166 3277 3237 exemplo
3322 3166 3560 3236 quodam

296 3256 535 3325 -κόσμιον
570 3257 867 3312 ἀνάστασιν
888 3260 1273 3327 αἰνιττόμενος
1302 3263 1329 3314 6
1349 3258 1481 3324 Θεὸς
1521 3260 1771 3326 ὑπέδειξε
1803 3263 1882 3332 τῷ

317 3346 582 3419 Ἰεζεκιὴλ
629 3350 812 3403 πεδίον
866 3349 1076 3421 πλῆρες
1126 3350 1302 3405 ὀστῶν
1347 3352 1583 3423 νεκρῶν,
1618 3352 1655 3406 ἃ.
1704 3371 1881 3427 παρα-

304 3438 473 3502 δόξως
504 3438 976 3511 ἑζωογονήθησαν.
1015 3441 1082 3494 '0
1119 3441 1221 3511 μὲν
1254 3437 1350 3496 οὖν
1397 3444 1637 3514 Ἔσδρας
1675 3445 1881 3515 εὐφυὴς

292 3528 381 3584 νῶν
434 3533 771 3601 προεκόμισε
823 3534 944 3586 τότε
991 3533 1081 3588 τὸν
1138 3534 1326 3604 νόμον,
1376 3537 1471 3589 καὶ
1521 3517 1756 3605 ἀνέγνω,
1787 3537 1882 3591 καὶ

293 3614 630 3672 ’ὑπετύπωσε
671 3620 853 3674 πάντα
903 3621 974 3674 τὰ
1021 3621 1165 3676 κατὰ
1199 3622 1260 3674 τὸ
1300 3623 1467 3693 ἱερὸν,
1500 3616 1882 3687 καῖτοὺςλα-

288 3708 498 3773 ’δόντας
558 3713 867 3781 ἀλλογενείς
933 3716 1204 3781 γυναῖκας
1266 3716 1324 3766 ἐν
1392 3714 1472 3784 τῷ
1541 3715 1720 3786 καιρῷ
1779 3718 1882 3787 τῆς

302 3803 681 3872 αἰχμαλωσίας
723 3805 977 3883 ἐκϐαλεῖν
1021 3806 1313 3875 πεποίηκε.
1355 3808 1467 3861 Καὶ
1500 3807 1646 3862 οὕτω
1678 3806 1881 3871 πάντες

293 3896 732 3968 σκαθαρισθέντες
757 3899 1021 3970 ἐποίησαν
1048 3900 1108 3952 τὸ
1144 3900 1356 3970 Πάσχα.
1410 3900 1572 3955 Ἀλλά
1604 3902 1698 3955 καὶ
1725 3900 1881 3965 αὖθις

304 3991 572 4057 γυναῖκας
606 3990 874 4060 ἑωρακὼς
917 3991 1216 4056 ’ᾼζωτίους
1276 3990 1554 4061 Ἑϐραίοις
1604 3991 1882 4062 ὲπιμιγεί-

302 4095 428 4146 σας,
461 4081 557 4134 καὶ
589 4080 888 4152 θρηνήσας,
922 4082 1111 4134 ἔπεισε
1145 4082 1238 4134 τὸν
1279 4080 1406 4134 λαὸν
1461 4081 1671 4145 ταύτας
1711 4081 1881 4135 ἐκϐα-

292 4169 419 4222 λεῖν
463 4171 538 4234 ὡς
574 4173 753 4241 γάμον
809 4172 1149 4242 παράνομον.
1185 4173 1424 4241 Λέγεται
1451 4172 1507 4226 δὲ
1554 4173 1650 4227 καὶ
1696 4173 1876 4241 τοῦτο,

303 4263 382 4324 ὡς
406 4262 454 4314 εί
483 4264 559 4332 μὴ
586 4259 654 4333 ἦν
683 4264 712 4315 6
733 4264 992 4334 Ἔσδρας,
1016 4266 1115 4318 οὐκ
1138 4264 1205 4318 ἂν
1231 4264 1353 4317 οὐδὲ
1379 4264 1438 4318 ἓν
1467 4265 1676 4335 βιϐλίον
1698 4265 1789 4320 διά
1815 4283 1880 4335 γε

305 4352 403 4423 τὴν
442 4355 551 4407 τῶν
604 4355 878 4409 Ἰουδαίων
940 4357 1213 4427 ῥαθυμίαν
1244 4357 1340 4409 καὶ
1384 4358 1482 4427 τὴν
1521 4357 1880 4429 πολυχρόνιον

1982 3262 2263 3318 declarare
2293 3262 2485 3316 volens
2520 3261 2662 3316 Deus
2707 3276 2817 3316 non
2856 3260 3018 3315 modo
3046 3258 3363 3315 Judatorum
3395 3273 3425 3313 e
3457 3256 3562 3312 Ba-

1981 3351 2184 3424 bylone
2210 3351 2471 3419 reditum,
2501 3352 2597 3407 sed
2628 3352 2804 3406 etiam
2833 3350 3198 3406 universalem
3230 3366 3295 3406 ex
3331 3351 3563 3429 mortuis

1983 3443 2468 3509 resurrectionem,
2502 3440 2818 3497 Jezecbielo
2851 3456 3103 3512 campum
3144 3441 3364 3497 ossibus
3394 3441 3562 3498 cada-

1980 3549 2173 3589 verum
2198 3536 2419 3603 pienum
2442 3534 2704 3600 ostendit,
2725 3548 2847 3604 quae
2866 3548 3007 3588 novo
3031 3542 3086 3587 ct
3110 3532 3376 3587 inusitato
3398 3534 3563 3589 modo

1980 3624 2149 3677 vitam
2182 3624 2604 3692 ret-uperabant.
2635 3621 2837 3678 Esdras
2872 3631 3085 3685 autem,
3118 3623 3204 3676 vir
3243 3614 3560 3691 prastantis

1982 3713 2214 3785 ingenii,
2248 3714 2424 3783 legent
2456 3714 2510 3767 id
2550 3713 2816 3782 temporis
2845 3712 3098 3780 protulit,
3130 3727 3305 3780 eaque
3334 3699 3563 3769 recitata

1948 3803 2170 3872 ‘templi
2228 3812 2565 3858 structuram
2622 3797 2948 3857 universam
2991 3801 3152 3855 lineis
3207 3800 3560 3857 deformavit.

1983 3894 2179 3950 Eﬂ‘ecit
2209 3895 2373 3950 etiam
2411 3901 2470 3949 ut
2502 3893 2818 3963 quicunque
2859 3890 3182 3963 peregrinas
3219 3904 3424 3945 uxores
3455 3888 3565 3944 du-

1981 3988 2140 4040 rante
2196 3986 2517 4056 captivitate
2574 3985 2877 4050 duxissent,
2929 3982 3388 4047 excluderentur;
3449 3996 3563 4051 quo

1982 4089 2138 4149 pacto
2192 4078 2440 4132 lustratis
2491 4076 2750 4131 omnibus
2803 4074 3012 4131 Pascha
3070 4073 3405 4128 celebratum
3455 4079 3564 4126 est.

1985 4169 2235 4238 Cumque
2288 4182 2508 4223 rursum
2549 4166 2779 4222 vidisset
2815 4164 3073 4222 Hebraeos
3123 4163 3388 4235 quosdam
3436 4176 3566 4218 cum
3674 4214 3685 4225 ,

1979 4262 2188 4317 Azotiis
2233 4260 2573 4315 mulieribus‘
2603 4267 3054 4325 consuescentes,
3096 4255 3386 4326 deplorato
3422 4253 3566 4309 malo

1974 4360 2175 4412 .auctor
2199 4352 2399 4422 p0pulo
2435 4351 2535 4404 fttit
2562 4358 2622 4404 ut
2643 4363 2834 4404 earum
2861 4346 3117 4416 coniugio
3152 4354 3410 4414 tanquam
3444 4344 3566 4398 ille-

305 4443 688 4514 αίχμαλωσίαν
719 4445 883 4515 μέχρι
912 4447 1006 4498 τοῦ
1044 4445 1139 4498 νῦν
1160 4442 1794 4517 διεσώζετο.11ροσσχεῖν
1822 4445 1877 4500 δὲ

1984 4443 2177 4516 gitimo
2209 4443 2580 4499 valedicerent
2618 4441 2879 4510 ipsasque
2914 4437 3150 4492 feminas
3184 4435 3564 4506 repudiarent.

278 4526 456 4603 ίᾶξιον
486 4538 581 4591 καὶ
622 4536 716 4608 τῷ·
756 4537 980 4607 μεγάλῳ
1013 4532 1275 4607 Κυρίλλῳ
1318 4538 1379 4589 ὲν
1410 4538 1523 4600 τοῖς
1571 4537 1714 4591 κατὰ
1752 4535 1882 4590 Ἰου-

305 4630 492 4686 λιανοῦ
541 4631 635 4684 καὶ
682 4629 808 4683 τάδε
842 4630 971 4698 περλ⁸
995 4628 1189 4682 τούτου
1236 4628 1538 4701 διειληφότι
1573 4644 1590 4663 ⁶
1642 4630 1798 4684 Ἐπεὶ
1823 4630 1882 4684 δὲ

305 4723 443 4793 πρὸς
466 4724 564 4793 τὴν
593 4720 922 4790 ἐνεγκοῦσαν
952 4721 1356 4791 ἀπεκομίζοντο
1400 4722 1450 4773 oi
1500 4719 1746 4774 Ἰουδαῖοι
1784 4721 1882 4774 καὶ⁸

306 4818 458 4886 νόμῳ
491 4814 567 4884 τῷ
596 4814 683 4869 διὰ
711 4813 958 4875 Μωσέως
981 4811 1455 4881 παιδαγωγεῖσθαι
1488 4812 1652 4867 πάλιν
1680 4812 1883 4867 ἐσπού-

304 4910 486 4973 δαζον,
522 4908 643 4960 τότε
686 4905 751 4976 δὴ
784 4906 908 4958 τότε
954 4903 1086 4975 παρ’
1126 4903 1311 4966 αὐτοῖς
1336 4903 1553 4974 ἐδέχετο
1594 4906 1880 4974 σκῆπτρον

304 4992 613 5072 Ζοροϐάϐελ
645 5000 674 5053 6
724 4996 820 5051 τοῦ
881 4994 1152 5066 Σαλαθιήλ
1192 4997 1256 5048 ὲκ
1301 4993 1476 5065 φυλῆς
1512 4993 1706 5059 Ἰούδα,
1739 4993 1881 5048 ὥστε

304 5096 353 5147 εἰ
392 5094 485 5147 καὶ
527 5091 823 5163 καταλῆξαί
871 5105 1038 5159 φησιν
1081 5091 1110 5141 6
1152 5088 1462 5159 παράφρων
1512 5089 1591 5149 είς
1620 5087 1882 5140 Σεδεκίαν

303 5186 402 5257 τὴν
436 5184 528 5238 τοῦ
578 5184 743 5239 Δαϐὶδ
792 5180 1092 5253 βασιλείαν,
1121 5179 1450 5250 ματαιάζειν
1487 5177 1633 5231 ἔοικε
1670 5195 1879 5250 προφα-

303 5279 434 5344 νῶς,
458 5276 612 5347 είεγε
665 5274 804 5345 μετὰ
833 5273 924 5328 τὸν
972 5274 1073 5343 τῆς
1107 5270 1488 5342 αἰχμαλωσίας
1545 5271 1739 5342 καιρὸν
1769 5273 1882 5334 τοῖς

302 5372 404 5441 τῆς
437 5367 715 5437 βασιλείας
737 5364 934 5429 θώκοις
956 5365 984 5418 6
1015 5362 1324 5433 Ζοροϐάϐελ
1345 5361 1526 5432 ὲνιδρυ
1536 5360 1698 5431 μένος
1728 5361 1883 5429 ἐφαί-

303 5479 446 5517 νετο.
475 5457 645 5522 Οὗτος
696 5457 795 5528 μὲν
827 5454 922 5510 οὖν
958 5452 1293 5526 παρέπεμψε
1344 5452 1406 5505 τὸ
1466 5453 1748 5522 σκῆπτρον
1793 5452 1881 5506 διὰ

302 5554 410 5607 τῶν
443 5550 638 5620 ἐφεξῆς
668 5550 832 5623 μέχρι
852 5548 951 5618 τῆς
989 5534 1233 5617 Ἡρώδου
1261 5543 1556 5614 βασιλείας,
1584 5543 1642 5606 ὃς
1671 5543 1880 5613 μητρδς

306 5648 405 5716 μὲν
436 5644 660 5713 γέγονεν
692 5640 971 5705 Ἰουδαίας,
990 5636 1311 5706 ἁλλογενοῦς
1346 5636 1403 5688 δὲ
1431 5636 1660 5704 πατρός.
1689 5633 1879 5688 Ἐκλε-

302 5736 566 5792 λοιπότων
621 5733 729 5804 γὰρ
774 5731 916 5787 οὕτω
953 5731 1063 5785 τῶν
1108 5731 1171 5782 ἐκ
1219 5729 1315 5797 τῆς
1363 5727 1534 5780 Ἰούδα
1583 5727 1759 5795 φυλῆς
1812 5727 1873 5778 τδ

1987 4534 2103 4588 Hoc
2135 4546 2355 4603 quoque
2388 4528 2665 4584 memoria:
2703 4525 2979 4597 proditum
3017 4530 3122 4584 est.
3169 4523 3317 4592 quod
3356 4523 3566 4591 absque

1987 4624 2242 4679 hoc-viro
2273 4622 2486 4685 fuisset,
2522 4635 2592 4675 ne
2621 4633 2793 4673 unum
2833 4614 3055 4686 quidem
3103 4613 3304 4669 librum
3343 4627 3563 4667 sacrum

1985 4714 2228 4771 habituri
2261 4728 2531 4775 essemus,
2565 4711 2636 4766 ob
2666 4705 2978 4763 Iudaeorum
3016 4704 3402 4776 negligentiam
3437 4702 3595 4769 diu-g

1988 4815 2316 4876 turnamque
2378 4803 2772 4873 captivitatem.
2832 4795 3397 4852 Animadvertendum
3460 4794 3566 4848 hoc

1984 4900 2171 4963 etiam,
2206 4893 2608 4966 quod'eximius
2637 4892 2727 4947 ille
2753 4888 2986 4960 Cyrillus
3014 4887 3071 4941 in
3110 4886 3268 4941 libris
3300 4885 3564 4940 adversus

1983 4987 2261 5043 Juliauutn
2313 4984 2536 5053 scriptis
2588 4980 2861 5051 exposuit.
2918 4980 3300 5047 Posteaquam,
3350 4975 3447 5039 ait,
3508 4974 3564 5029 in

1982 5080 2217 5152 patriam
2253 5092 2408 5130 suam
2435 5072 2609 5129 Jutltri
2647 5071 2855 5126 reversi
2884 5062 3141 5133 fuissent,
3174 5084 3344 5137 seque
3374 5083 3564 5123 rursus

1984 5175 2051 5227 ad
2085 5152 2462 5241 przescriptum
2497 5165 2630 5236 legis
2654 5181 2681 5217 a
2713 5159 2862 5217 Muse
2901 5162 3113 5216 tradita:
3148 5175 3347 5231 magno
3378 5160 3564 5216 studio

1984 5261 2328 5318 conformare
2349 5257 2668 5327 coepissent,
2725 5252 3098 5331 Zorobabelus
3123 5251 3401 5307 Salathieli
3423 5250 3567 5305 ﬁlius

1984 5371 2049 5410 ex
2096 5352 2320 5408 Judaica
2357 5351 2503 5404 trihu
2560 5362 2789 5417 regnum
2822 5346 2967 5416 apud
3002 5360 3097 5400 eos
3141 5343 3380 5412 occepit.
3417 5342 3567 5408 Qua-

1987 5454 2212 5516 propter
2240 5459 2363 5498 cum
2396 5456 2632 5497 vesanus
2668 5441 2759 5495 illc
2785 5439 3037 5495 Julianus
3071 5450 3302 5507 regnum
3345 5433 3566 5488 Davidis

1987 5540 2041 5593 in
2089 5537 2316 5593 Setlecia
2366 5520 2529 5588 linem
2582 5532 2845 5587 habuisse
2899 5529 3054 5593 dicit,
3113 5527 3289 5598 palam
3343 5523 3562 5586 delirat,

1984 5633 2204 5704 quando
2233 5627 2712 5705 postcaptivitatis
2739 5635 2955 5694 tempus
2976 5623 3031 5675 in
3059 5619 3208 5689 regio
3234 5615 3371 5670 solio
3400 5612 3567 5668 Zoro-

1988 5725 2213 5781 b.thelus
2236 5739 2384 5778 eous:
2404 5722 2502 5777 dit.
2538 5719 2683 5774 Idem
2711 5718 2777 5772 ad
2809 5724 3058 5787 posteros
3085 5717 3363 5777 sceptrum
3391 5713 3566 5761 trans-
