4054 6416
292 906 440 970 των.
471 917 722 970 Πείθεται
752 912 845 970 οὖν
875 918 972 971 καί
1033 934 1168 987 φησι
1202 919 1339 988 πρὸς
1396 918 1595 972 αὐτόν·
1652 936 1670 970 t
1704 917 1887 987 Μανὴ,

198 2982 209 2993 .
317 2943 617 3010 σατράπαι.
654 2942 913 2994 Πείθουσι
941 2942 1033 2994 τὸν
1068 2941 1297 3012 βασιλέα
1330 2938 1542 3007 τοιάνδε
1575 2941 1770 2994 θέσθαι
1797 2939 1893 2994 κέ·

265 5455 298 5483 ο

300 1650 372 1703 οὐ
406 1650 566 1720 μόνον
593 1650 695 1704 οὐκ
743 1650 1074 1720 ἐδυσχέρανε
1105 1650 1247 1704 κατὰ
1268 1649 1361 1703 τοῦ
1388 1648 1608 1720 Δανιὴλ,
1635 1648 1769 1703 ἀλλά
1793 1649 1890 1703 καὶ

305 345 409 410 381
1554 346 1964 413 ANNALIUM
2000 350 2198 412 PARS
2240 348 2330 413 II.
3464 354 3572 418 382

307 446 597 511 ἐπαοιδῶν
625 457 795 528 (Θεοῦ
832 458 940 530 γάρ
980 454 1166 529 ἔλεγον
1191 459 1259 514 τά
1278 461 1502 514 τοιαῦτα
1530 442 1893 533 πράγματα),

2003 472 2112 518 tus.
2143 461 2494 531 Quapropter
2534 471 2893 532 experrectus
2935 463 3211 531 quodnam
3248 464 3439 521 fuisset
3470 483 3574 521 no-

308 554 335 603 6
365 545 658 620 προφήτης
683 552 993 623 μετεκλήθη
1036 553 1257 624 Δανιὴλ,
1295 560 1389 606 καὶ
1435 553 1509 615 ὡς
1540 550 1652 623 εἶχε
1691 555 1758 607 τὰ
1789 556 1887 623 τῆς

2003 563 2250 608 cturuum
2299 551 2431 606 illud
2471 552 2671 620 visum,
2721 567 3056 625 cognoscere
3085 556 3241 627 201
3282 559 3571 630 gestiebat.

307 642 552 711 ὁράσεως
587 642 666 713 τῷ
711 644 927 714 βασιλεῖ
978 644 1303 715 διεσάφησε.
1366 642 1648 698 Μανθάνει
1714 643 1890 698 ταῦτα

2003 645 2097 699 ille
2149 659 2272 699 cum
2319 658 2511 698 omnes
2549 644 2721 713 ipsius
2775 646 3059 715 sapientes
3106 663 3171 702 ac
3222 649 3364 717 magi
3402 651 3470 704 de
3517 666 3576 705 re

309 733 400 787 καὶ
452 732 766 804 Βαλθάσαρ,
819 735 914 786 καὶ
944 735 1038 788 τὸν
1081 737 1370 806 προφήτην
1404 735 1466 787 ού
1500 734 1714 804 μικρῶς
1747 736 1893 788 αίτεῖ

1995 736 2398 804 desperassent,
2424 736 2567 804 quod
2592 735 2751 790 eﬂ‘ari
2781 737 2909 792 talia
2939 739 3109 793 solius
3133 754 3257 794 esse
3292 740 3387 796 Dei
3420 741 3572 797 dice-
3670 727 3685 769 ’δ

309 825 559 895 περὶτῆς
581 826 886 888 ἐπιλύσεως
916 828 1026 880 τῶν
1053 828 1366 897 ὁραθέντων
1394 828 1591 896 ἐκείνῳ
1618 826 1888 896 γραμμὰ-
1992 836 2141 894 rent,
2180 826 2397 881 tandem
2448 820 2601 882 vates
2634 827 2892 884 Danielus
2939 831 3236 886 arcessitus
3269 833 3383 897 regi
3418 850 3573 888 som-
3672 820 3677 845 ξ

1992 836 2141 894 rent,
2180 826 2397 881 tandem
2448 820 2601 882 vates
2634 827 2892 884 Danielus
2939 831 3236 886 arcessitus
3269 833 3383 904 regi
3418 850 3573 888 som-
3672 820 3677 845 ξ

1995 918 2147 972 nium
2202 934 2364 974 suum
2420 919 2695 988 exposuit.
2739 920 2864 976 Haec
2916 921 2991 976 ita
3044 918 3155 976 tum
3208 923 3383 979 fuisse
3425 937 3574 997 gesta

1996 1008 2284 1063 Baltbasar
2346 1010 2648 1081 cognoscit.
2709 1010 3055 1081 Quapmpter
3106 1024 3285 1071 vatem
3340 1017 3575 1072 sollicite
3670 1044 3675 1047 -

1993 1106 2153 1171 rogat
2186 1109 2244 1155 ut
2267 1100 2397 1170 quid
2429 1116 2508 1156 ea:
2541 1098 2646 1157 sibi
2685 1101 2878 1157 litterae
2912 1104 3137 1171 vellent,
3169 1120 3305 1175 quas
3339 1123 3568 1177 conspe-

1996 1190 2208 1256 xisset,
2273 1192 2598 1247 declararet.
2667 1192 2764 1247 Cui
2832 1192 3091 1249 Danielus
3182 1182 3572 1266 acquiescens,

2000 1299 2020 1333 ι
2062 1281 2328 1347 Verbum,
2355 1283 2554 1352 inquit,
2582 1282 2740 1339 Mane
2763 1285 2992 1340 denotat
3024 1284 3198 1340 Deum
3230 1302 3405 1344 annos
3427 1291 3575 1359 regni

1995 1375 2075 1429 tui
2101 1389 2419 1429 numerasse
2450 1390 2513 1429 ac
2535 1375 2931 1448 complevisse;
2960 1392 3089 1431 nam
3121 1380 3577 1450 signiﬁcationem

1995 1466 2325 1520 numerandi
2355 1476 2462 1520 tam
2487 1465 2621 1533 Syra
2656 1482 2818 1537 quam
2848 1467 3073 1524 Hebraea
3095 1470 3152 1524 in
3180 1471 3367 1541 lingua
3390 1473 3574 1529 habet.

1997 1554 2200 1610 Thecel
2258 1555 2523 1625 appendit
2552 1555 2620 1610 ad
2656 1562 2914 1610 stateram
2945 1557 3090 1612 Deus
3128 1573 3357 1628 regnum
3398 1567 3576 1620 tuum,

1992 1643 2163 1714 idque
2201 1643 2351 1713 justo
2410 1644 2929 1715 ponderetdelicere
2961 1644 3340 1716 deprehendit.
3371 1647 3580 1703 Phares

1996 1735 2234 1791 divisum
2264 1744 2348 1790 est
2375 1750 2602 1806 regnum
2647 1744 2801 1791 tuum
2831 1751 2894 1792 ac
2922 1737 3105 1792 Persis
3139 1738 3423 1809 Medisque
3444 1755 3579 1793 con-

1992 1841 2211 1883 cessum
2230 1828 2297 1880 “.
2332 1846 2353 1880 ο
2397 1827 2612 1881 Etenim
2641 1827 2696 1882 id
2729 1829 2995 1898 temporis
3016 1829 3120 1883 soli
3156 1828 3443 1901 Babylonii
3478 1845 3580 1901 per

1994 1920 2182 1976 orbem
2224 1919 2548 1991 regnabant.
2605 1920 2715 1974 llas
2758 1919 3101 1976 calamitates
3130 1936 3255 1977 cum
3288 1923 3578 1977 imminere

1993 2013 2097 2068 sibi
2126 2010 2418 2067 Balthasar
2441 2011 2510 2067 de
2536 2011 2676 2067 vatis
2704 2010 3040 2067 indicatione
3066 2013 3437 2083 cognovisset,
3465 2006 3579 2067 non
3672 2006 3673 2013 “

314 2122 409 2161 σου
438 2106 740 2181 λύτρωσαι,
778 2109 873 2161 καὶ
917 2108 1175 2163 ἀσέϐειάν
1233 2125 1326 2164 σου
1359 2112 1416 2162 ὲν
1447 2109 1753 2179 οίκτιρμοϊς
1789 2125 1888 2161 πε·-

2003 2103 2162 2158 modo
2205 2116 2320 2161 non
2369 2102 2688 2157 succensuit
2742 2101 2986 2169 Danielo,
3022 2117 3213 2159 verum
3261 2104 3449 2170 etiam,
3486 2105 3601 2159 .uti‘

314 2198 510 2270 νήτων.
541 2217 564 2254 ι
646 2218 653 2225 ·
918 2246 923 2251 .
1991 2197 2275 2269 pollicitus
2313 2193 2514 2261 fuerat,
2544 2193 2906 2264 amplissimis
2950 2208 3079 2250 eum
3114 2196 3445 2251 muneribus
3481 2211 3578 2252 or-

310 2291 486 2359 navit,
519 2286 763 2364 purpura
792 2290 1050 2349 videlicet
1110 2276 1614 2365 aureoquétorque
1677 2293 1958 2348 donatum.
2000 2288 2252 2360 Cumque
2302 2297 2480 2342 vatem
2536 2286 2934 2357 interrogasset
2988 2302 3098 2358 quo
3159 2299 3319 2357 pacto
3373 2298 3579 2347 numen

316 2384 560 2441 divinum
628 2385 848 2456 placare
900 2395 1126 2455 posset,
1187 2402 1514 2458 responsum
1572 2384 1889 2457 huiusmodi
1962 2382 2135 2438 tulit:
2172 2399 2195 2433 ί
2225 2379 2595 2435 Benelicentia
2635 2378 2847 2433 redime
2884 2377 3086 2434 delicta
3117 2389 3233 2448 tua,
3293 2389 3352 2437 et
3383 2382 3580 2454 impie-

308 2489 481 2555 tatem
513 2489 658 2534 tuam
689 2481 1167 2537 commiseratione
1197 2497 1324 2554 erga
1364 2497 1655 2553 pauperes.
1691 2500 1711 2533 ι

384 2573 541 2627 Μετὰ
569 2573 624 2624 δὲ
653 2575 825 2627 ταῦτα
860 2574 1148 2645 στρατεύει
1170 2576 1316 2628 κατὰ
1344 2575 1707 2629 Βαϐυλωνίων
1731 2576 1758 2628 6
1788 2576 1893 2626 Δα-

314 2666 460 2736 ρεῖος
493 2663 626 2735 (41),
652 2666 793 2719 κατὰ
814 2664 913 2734 τὴν
943 2667 1037 2720 τοῦ
1064 2666 1263 2739 Δανιὴλ
1292 2667 1620 2736 πρόρρησιν,
1652 2668 1745 2718 καὶ
1767 2663 1892 2731 ἄγει

303 2758 414 2811 σὺν
450 2760 560 2820 τοῖς
601 2752 809 2821 λοιπὸῖς
840 2757 1214 2827 αἰχμαλώτοις
1250 2760 1343 2810 καὶ
1370 2758 1533 2810 αὑτὸν
1555 2758 1646 2811 τὸν
1667 2755 1894 2827 Δανιὴλ,

314 2847 374 2903 δν
399 2849 492 2901 καὶ
523 2848 613 2903 διὰ
641 2849 809 2917 τιμῆς
859 2846 974 2919 εἶχε
1027 2847 1254 2915 πολλῆς.
1310 2848 1606 2903 Φθονοῦσιν
1663 2848 1812 2918 αύτῷ
1842 2848 1893 2901 οἱ

308 1012 617 1082 ἠρίθμησεν
640 1015 667 1066 6
700 1012 832 1076 Θεὸς
858 1012 957 1083 τὴν
985 1012 1268 1082 βασιλείαν
1295 1030 1387 1066 σου
1418 1012 1514 1066 καὶ
1552 1013 1846 1082 ἐπλήρωσε
1871 1029 1887 1045 ο

306 1103 467 1157 τοῦτο
497 1106 607 1175 γὰρ
637 1105 937 1176 ἑρμηνεύει
963 1106 995 1175 ἡ
1038 1105 1188 1175 Σύρα
1241 1104 1460 1172 γλῶττα
1492 1104 1592 1156 καὶ⁵
1637 1104 1886 1174 Ἑϐραῒς.

306 1194 499 1260 Θεκὲλ,
556 1195 905 1266 ὲστάθμησεν
936 1197 964 1248 6
1006 1194 1139 1258 Θεὸς
1187 1194 1288 1264 τὴν
1321 1194 1604 1265 βασιλείαν
1636 1210 1756 1260 σου,
1790 1194 1889 1247 καὶ

306 1287 504 1357 εὑρέθη
532 1287 861 1357 ὑστεροῦσα.
918 1286 1116 1359 Φαρὲς,
1147 1287 1403 1357 διῄρηται
1449 1287 1544 1340 καὶ
1576 1287 1607 1356 ὴ
1640 1286 1890 1356 βασιλεία

309 1394 406 1432 σου
430 1378 524 1433 καὶ
553 1377 710 1448 ἐδόθη
744 1379 982 1448 Πέρσαις
1009 1380 1103 1433 καὶ
1125 1380 1373 1451 Μήδοις.⁵
1407 1397 1426 1429 ι
1466 1379 1604 1432 Τότε
1658 1378 1754 1432 καὶ
1780 1378 1888 1449 γὰρ

315 1467 473 1536 μόνον
519 1463 588 1537 ἦν
637 1469 672 1537 ἠ
725 1466 976 1537 βασιλεία
1027 1468 1136 1520 τῶν
1185 1468 1571 1522 Βαϐυλωνίων.
1614 1468 1670 1522 Ὀ
1707 1468 1889 1523 τοίνυν

311 1557 601 1629 Βαλθάσαρ
654 1559 724 1612 τὰ
753 1558 1148 1628 συμϐησόμενα
1188 1557 1336 1628 αύτῷ
1365 1557 1517 1613 δεινὰ
1548 1556 1890 1629 μεμαθηκὼς

311 1742 387 1804 ὡς
416 1741 707 1812 ὑπέσχετο,
762 1741 992 1812 δωρεαῖς
1048 1741 1226 1806 αὐτὸν,
1270 1741 1560 1811 μεγίσταις
1588 1739 1885 1812 ἠμείψατο,

310 1831 597 1903 πορφύραν
641 1833 872 1897 ὲνδύσας
928 1837 1025 1888 καὶ
1071 1832 1311 1905 χρυσοῦν
1362 1834 1680 1903 μανιάκιον.
1720 1831 1890 1886 Ἀλλὰ

308 1923 404 1977 καὶ
430 1925 713 1995 ἐρωτήσας
747 1924 910 1979 αὑτὸν
946 1926 1096 1987 ὅπως
1141 1924 1491 1995 ἐξευμενίσαι
1539 1923 1797 1996 δυνηθείη
1827 1924 1891 1978 τὸ

302 2012 486 2078 θεῖον,
511 2014 780 2099 ἧκουσενιο
835 2033 854 2068 ‹
901 2015 996 2070 Ἐν
1039 2016 1435 2086 ἐλεημοσύναις
1486 2015 1585 2078 τὰς
1617 2015 1891 2087 ἁμαρτίας

1921 1884 1965 1938 Β

2075 2563 2392 2627 Secundum
2423 2563 2539 2618 haec
2582 2562 2774 2618 Darius
2808 2564 3118 2618 exercitum
3164 2563 3219 2617 in
3256 2563 3582 2638 Babylonios

1998 2657 2172 2722 ducit,
2203 2654 2665 2725 quemadmodum
2716 2653 2976 2708 Danielus
3022 2654 3268 2709 futurum
3316 2659 3583 2726 praedixe-

1998 2756 2104 2802 rat.
2145 2745 2196 2802 ls
2221 2745 2366 2799 inter
2389 2744 2636 2814 captivos
2656 2755 2889 2799 caeteros
2920 2744 3096 2813 ipsum
3131 2759 3349 2814 quoque
3382 2748 3591 2823 Danie:

1999 2839 2110 2894 lum
2142 2837 2394 2904 abduxit,
2436 2845 2493 2890 et
2537 2850 2735 2906 magno
2765 2835 3028 2905 deinceps
3063 2834 3124 2889 in
3162 2836 3341 2904 pretio
3368 2837 3580 2892 habuit.

2000 2931 2141 2986 Hinc
2189 2940 2307 2985 orta
2367 2936 2712 2998 satraparum
2762 2925 2969 2981 invidia
3015 2948 3028 2981 :
3086 2928 3417 2996 persuadent
3466 2930 3581 3000 regi

2001 3022 2317 3077 mandatum
2352 3029 2412 3075 ut
2437 3020 2767 3089 publicaret,
2788 3032 2898 3085 quo
2922 3016 3326 3087 signiﬁcaretur
3359 3019 3581 3074 leonum

2001 3115 2057 3169 in
2088 3113 2301 3169 foveam
2338 3110 2710 3180 abjiciendum
2744 3123 2888 3170 esse,
2924 3110 3018 3179 qui
3058 3123 3090 3162 a
3136 3107 3248 3164 Deo
3281 3110 3621 3180 quidquam.

318 3212 524 3266 τούτων
556 3214 850 3283 φροντίσας
881 3213 1081 3284 ηὔχετο
1116 3216 1197 3278 εἰς
1236 3214 1390 3272 Θεόν.
1429 3216 1548 3283 Ἐφ’
1580 3209 1625 3284 ᾧ
1656 3216 1750 3268 καὶ
1784 3217 1895 3280 τοῖς

2003 3215 2187 3278 petere
2214 3200 2741 3273 deprehenderetur.
2771 3199 2889 3255 Hoc
2910 3199 3151 3254 edictum
3190 3199 3450 3289 Danielus
3475 3205 3583 3255 nti-

318 3303 501 3357 λέουσι
520 3304 895 3374 παραδίδοται.
923 3305 1087 3360 Ἀλλὰ
1111 3306 1249 3369 σῶος
1265 3308 1331 3378 τῇ
1357 3305 1623 3377 ἐπαύριον
1646 3307 1740 3359 τοῦ
1766 3308 1897 3360 λάκ-

2004 3300 2154 3354 nime
2187 3294 2480 3360 reveritus,
2512 3293 2685 3349 Deum
2716 3291 2976 3363 precibus
3002 3290 3355 3361 implorabat.
3388 3292 3589 3358 Quam-

316 3411 421 3446 κου
466 3395 767 3466 ἐξέρχεται.
805 3390 926 3449 Τῶν
952 3397 1009 3450 δὲ
1041 3398 1310 3450 εἰπόντων
1339 3398 1416 3467 μὴ
1459 3396 1634 3459 ἄλλως
1664 3396 1755 3469 τὸν
1789 3396 1897 3448 Aui-

2003 3388 2190 3441 obrem
2219 3384 2468 3440 leonibus
2497 3382 2773 3453 objicitur,
2800 3380 2895 3436 sed
2926 3380 3101 3435 altero
3129 3397 3253 3436 mox
3285 3382 3374 3436 die
3401 3382 3589 3438 salvus
3614 3430 3623 3437 ι

319 3484 442 3557 νιὴλ
481 3488 743 3557 σωθῆναι,
773 3490 823 3540 εί
854 3490 928 3559 μὴ
957 3492 1285 3560 κατακορείς
1316 3483 1460 3559 ἦσαν
1490 3489 1541 3540 ot
1568 3488 1806 3554 λέοντες,
1846 3486 1897 3540 τί

2004 3492 2034 3532 e
2067 3475 2227 3531 fovea
2261 3474 2628 3546 progreditur.
2660 3473 2765 3528 llic
2807 3471 2886 3526 illi
2928 3472 3115 3526 dicere
3162 3472 3445 3527 Danielum
3478 3472 3588 3527 alia

321 3580 566 3645 γίνεται;
628 3576 751 3643 Τοῖς
794 3581 977 3635 λέουσι
1027 3582 1124 3635 καὶ
1176 3582 1333 3637 αὐτοὶ
1359 3580 1773 3651 παρατίθενται,
1807 3581 1897 3634 καὶ

2003 3570 2151 3625 nulla
2172 3568 2239 3624 de
2259 3583 2420 3623 causa
2446 3567 2775 3622 incolumem
2793 3566 3033 3621 evasisse
3052 3579 3214 3635 quam
3236 3565 3379 3635 quod
3398 3566 3587 3623 leones

324 3669 530 3733 εὐθέως
560 3671 698 3741 βορὰ
749 3671 965 3734 τούτοις
993 3672 1262 3741 γίνονται.
1314 3672 1473 3725 Μετὰ
1501 3670 1698 3735 ταῦτα,
1732 3670 1897 3739 ἠγουν

2003 3662 2174 3716 saturi
2228 3659 2482 3714 fuissent.
2538 3658 2694 3721 Ouid.
2735 3657 2864 3712 inde
2911 3656 3156 3711 factum?
3203 3655 3312 3725 ipsi
3367 3673 3588 3727 quoque

2001 3751 2257 3807 leonibus
2278 3750 2636 3819 objiciuntur,
2662 3755 2719 3803 et
2745 3749 2812 3804 ab
2838 3749 2917 3803 eis
2941 3747 3208 3802 continuo
3230 3750 3586 3802 devorantur.

314 3027 522 3093 λευσιν,
553 3029 613 3092 ὃς
647 3028 714 3082 ἂν
737 3028 991 3101 εὑρεθείη
1023 3030 1325 3101 εὐξάμενος
1370 3033 1450 3094 είς
1486 3030 1640 3094 Θεὸν,
1677 3030 1756 3101 τῷ
1784 3030 1895 3084 τῶν

317 3119 549 3174 λεόντων
597 3121 941 3192 ἐμϐληθῆναι
988 3122 1200 3193 λάκκῳ.
1251 3123 1311 3175 ’0
1337 3123 1469 3192 γοῦν
1497 3122 1698 3193 Δανιὴλ
1729 3123 1898 3195 μηδὲν

329 3762 471 3831 μετὰ
492 3763 613 3824 τοὺς
642 3761 885 3826 λέοντας,
922 3763 992 3817 τὰ
1018 3763 1083 3816 ἐκ
1104 3763 1203 3831 τῆς
1251 3762 1531 3835 θαλάσσης
1561 3760 1903 3831 ἁνερχόμενα

322 3852 568 3921 τέσσαρα
604 3853 769 3925 θηρία
797 3856 899 3926 ὁρᾷ
917 3870 932 3884 ·
960 3856 1055 3906 καὶ
1088 3853 1116 3904 ὁ
1155 3851 1401 3922 Γαϐριὴλ
1429 3850 1487 3902 δὲ
1520 3852 1578 3904 ὲν
1604 3848 1772 3920 πεδίῳ
1794 3846 1905 3901 τινὶ

325 3942 634 4014 διαλέγεται
672 3944 824 4015 αὐτῷ
857 3944 951 3996 καὶ
976 3945 1046 3997 τὰ
1077 3940 1344 4021 μέλλοντα
1375 3939 1640 3994 διδάσκει.

2005 3933 2263 3991 animalia
2287 3940 2524 4002 quatuor
2544 3930 2728 4001 egredi
2754 3931 2958 3997 cernit;
2992 3930 3329 4001 angelusque
3354 3928 3589 3986 Gabrie-

2008 4025 2094 4079 lus
2134 4024 2369 4094 quodam
2410 4023 2464 4077 in
2513 4031 2674 4094 prato
2705 4036 2833 4077 cum
2880 4021 3002 4091 ipso
3041 4021 3362 4090 colloquens
3407 4020 3591 4077 futura

1685 4192 1695 4205 κ
2009 4118 2273 4174 declarat.
3074 4094 3085 4107 Ι

399 4218 558 4277 Μετὰ
582 4221 781 4275 ’ταῦτα
827 4236 1021 4289 κρατε.
1074 4218 1259 4289 Κύρος
1311 4220 1340 4272 6
1395 4219 1637 4289 Πέρσης,
1670 4215 1763 4272 τὸν
1810 4213 1897 4269 τοῦ

2084 4222 2354 4291 Deinceps
2409 4219 2642 4291 imperio
2695 4217 2870 4291 Cyrus
2925 4216 3090 4274 Persa
3147 4217 3380 4287 potitur,
3431 4215 3594 4271 Dario

344 4313 645 4383 Ἀστυάγου
676 4316 898 4384 Δαρεῖον
927 4313 1133 4367 ἀνελὼν
1184 4312 1392 4365 καὶτὸν
1444 4312 1678 4389 Κροῖσον
1706 4309 1897 4377 ἀφαιί-

2012 4313 2263 4386 Astyagis
2295 4313 2408 4368 ﬁlio
2461 4312 2735 4367 exstincto
2777 4311 3101 4380 sublatoque
3141 4312 3209 4365 de
3243 4309 3422 4364 medio
3468 4324 3639 4389 rege,

334 4422 454 4468 σας.
479 4380 612 4458 Τότε
643 4406 728 4476 δὴ,
757 4380 891 4459 ⁷τότε
922 4405 949 4456 6
975 4402 1174 4479 Δανιὴλ
1208 4405 1305 4456 καὶ
1329 4403 1391 4456 τὸ
1412 4380 1520 4455 τῶν
1551 4380 1897 4455 Βαϐυλωνίων

2011 4406 2225 4462 Crasso.
2266 4406 2326 4461 1d
2374 4405 2642 4474 temporis
2689 4402 2948 4457 Danielus
2991 4400 3180 4455 Belum
3236 4400 3593 4454 simulacrum

332 4499 571 4565 εἰδωλον,
632 4500 795 4552 αὐτὸν
816 4498 1017 4567 δηλαδὴ
1040 4498 1132 4550 τὸν
1160 4495 1297 4566 Βὴλ,
1316 4483 1383 4549 ἐκ
1413 4496 1579 4565 μέσου
1612 4496 1897 4563 πεποίηκε,

2014 4498 2438 4570 Babyloniorum
2477 4495 2736 4558 abolevit.
2770 4505 2825 4551 et
2873 4493 3282 4563 improbitatem
3317 4491 3599 4548 sacriﬁco-

331 4588 426 4640 καὶ
466 4558 567 4658 τὴν
621 4588 726 4640 τῶν
775 4558 965 4657 ἱερέων
1004 4558 1363 4654 ’κακουργίαν
1411 4558 1501 4638 διὰ
1544 4584 1642 4653 τῆς
1676 4558 1897 4654 αἰθάλης

2017 4607 2138 4647 rum
2173 4606 2271 4661 per
2303 4589 2543 4658 cinerem
2574 4587 2842 4657 coarguit.
2875 4582 3111 4639 Sustulit
3140 4583 3270 4637 item
3300 4584 3597 4637 draconem

331 4680 659 4749 ἁπήλεγξεν.
698 4680 941 4750 Ἀναιρεῖ
970 4680 1026 4731 δὲ
1063 4680 1160 4733 καὶ
1185 4679 1277 4732 τὸν
1317 4677 1449 4749 παρ’
1478 4677 1710 4740 ἐκείνοις
1734 4678 1897 4748 τιμῶ·

2021 4683 2171 4738 illum
2205 4696 2368 4752 quem
2404 4679 2659 4750 religiose
2686 4676 3111 4743 venerabantur.
3138 4676 3277 4728 Hine
3303 4673 3508 4727 factum
3540 4684 3602 4727 ut

336 4792 495 4847 μενον
534 4775 826 4845 δράκοντα.
876 4768 1007 4824 Εἶτα
1058 4771 1153 4837 τις
1195 4769 1617 4823 Ἐπανίστανται
1649 4767 1791 4823 κατὰ
1819 4767 1913 4822 τοῦ

334 4867 517 4939 Κύρου
549 4867 619 4928 ὡς
646 4865 805 4934 δῆθεν
841 4861 1284 4939 ἰουδαΐζοντοτοί
1315 4862 1504 4931 ἱερεῖς,
1531 4859 1748 4913 ἔκδοτον
1770 4859 1915 4927 λαμ·

335 4961 561 5015 ϐάνουσι
587 4960 680 5013 τὸν
705 4956 927 5029 Δανιὴλ,
960 4959 1051 5009 καὶ
1086 4957 1145 5009 ὲν
1179 4953 1239 5019 ἒξ
1262 4955 1499 5025 ἡμέραις
1530 4953 1720 5023 λάκκῳ
1745 4967 1914 5005 κατα-

333 5053 628 5119 κλείουσιν,
683 5050 822 5104 ἑπτὰ
873 5049 1060 5115 λέουσι
1113 5045 1452 5115 παραδόντες
1515 5043 1699 5098 αὐτόν.
1749 5041 1919 5113 una

336 5146 553 5217 βληθεὶς
576 5144 671 5197 καὶ
696 5143 819 5196 τότε
854 5139 1099 5208 ἀϐλαϐὴς
1129 5138 1399 5207 διαμένει.
1460 5135 1781 5205 Τηνικαῦτα
1816 5136 1915 5188 καὶ

333 5241 363 5294 6
397 5226 678 5307 Ἀϐακοϋμ
736 5239 794 5287 ὲν
823 5224 1028 5304 ἀδιαρεί
1088 5230 1166 5302 τῷ
1208 5229 1411 5300 Δανιὴλ
1451 5228 1767 5299 ἐφίσταται,
1815 5228 1914 5281 καὶ

339 5330 516 5386 ταῦτα
568 5330 665 5383 τοῦ
718 5330 925 5384 λάκκου
987 5326 1438 5396 ὲσφραγισμένου
1472 5323 1648 5390 ὄντος,
1685 5324 1746 5376 τὸ
1804 5323 1913 5381 τῶν

2022 4784 2142 4829 orla
2174 4771 2551 4836 saeriﬁcorum
2587 4767 2857 4823 seditione
2897 4765 3160 4822 adversus
3187 4762 3412 4833 Cyrum,
3445 4761 3600 4832 quasi

2020 4844 2132 4938 iam
2159 4876 2347 4936 aperte
2376 4853 2769 4932 judaizantém,
2802 4858 3060 4913 Danielus
3105 4856 3186 4912 eis
3216 4853 3511 4910 dederetur
3547 4862 3606 4909 et

2021 4968 2164 5013 totos
2187 4972 2284 5012 sex
2318 4956 2435 5010 dies
2460 4954 2516 5009 in
2551 4954 2741 5008 eadem
2773 4966 2896 5006 cum
2931 4958 3139 5020 septem
3167 4946 3422 5003 leonibus
3448 4945 3604 5000 fovea

2020 5048 2466 5104 concluderetur.
2497 5044 2696 5100 Verum
2727 5058 2796 5097 ne
2821 5053 2932 5096 tum
2960 5040 3180 5110 quidem
3208 5038 3372 5108 202
3401 5036 3605 5106 aliquid

2020 5140 2340 5211 detrimenti
2363 5138 2596 5206 accepit.
2627 5136 2769 5202 Quin
2798 5134 2960 5189 etiam
2992 5141 3144 5186 vates
3169 5130 3522 5185 Abbacumus
3551 5128 3607 5181 in

2021 5233 2164 5290 oeuli
2204 5240 2486 5284 momento
2527 5228 2595 5283 ad
2649 5226 2935 5281 Danielum
2985 5222 3255 5295 pervenit,
3295 5233 3612 5292 quanquam

2025 5327 2181 5382 fovea
2214 5324 2332 5394 ipsa
2366 5322 2653 5392 obsignata
2676 5320 2855 5385 Ioret,
2886 5320 3056 5389 eique
3088 5327 3307 5374 coctum
3343 5312 3610 5372 messori-

411 5497 459 5530 “
479 5497 615 5553 Dan.
640 5513 690 5563 v,
712 5484 804 5552 26.

412 5659 523 5730 (ιι)
575 5658 705 5726 Quae
751 5659 842 5730 bie
901 5666 1200 5730 narrantur
1260 5652 1326 5730 de
1364 5651 1747 5730 expeditione
1770 5648 1919 5703 Darii
2009 5638 2184 5730 'Cyro
2205 5646 2459 5702 eumdem
2501 5631 3614 5730 Danielum"permittente“concludi--113

344 5707 566 5785 utili-lin
584 5707 1516 5800 Babylonios,cile—captivitate;
1542 5721 1781 5800 Danielis
1811 5735 1921 5800 non
2042 5707 2392 5800 eadeumcum
2425 5728 2637 5795 septem
2670 5707 2921 5800 leonibus
2945 5713 3121 5800 iovca.
3156 5707 3616 5800 'lanutlimtisﬁipsos

352 5776 1392 5870 @5553;gara",,Iégiiiis’fnéc‘qua:
1420 5791 1806 5865 subjiciuntur
1867 5795 1933 5845 tle
2044 5791 2198 5845 adire
2231 5788 2439 5858 fontes,
2478 5776 2579 5842 nec
2609 5786 2662 5839 in
2697 5781 3014 5838 bauricndis
3041 5778 3249 5833 lacunis
3282 5776 3512 5828 haerere.

542 6085 586 6127 ᾤ

2004 3843 2135 3911 Post
2163 3841 2220 3895 id
2252 3841 2512 3910 temporis
2535 3839 2760 3894 Danielo
2784 3838 2960 3893 visum
2991 3837 3240 3902 oll‘ertur,
3263 3852 3371 3906 quo
3394 3853 3424 3890 e
3452 3838 3590 3893 mari
3692 3902 3703 3911 1
