4054 6444
432 339 537 404 T83
1697 316 2124 382 ΜἸΕΗᾹΕΙᾸΒ
2159 314 2420 377 ῦΙΧΟΞΕ

3562 310 3663 378 33$

434 452 535 505 bus
569 448 623 502 in
664 445 851 502 Iudaea
884 441 1066 497 cibum
1107 436 1302 493 defert.
1336 431 1614 503 Ejusmodi
1650 443 1779 487 sunt
1820 432 2006 486 divrna

2133 438 2374 499 μεριστων
2396 428 2456 493 ἐξ
2482 425 2738 489 Ἰουδαίας
2764 422 2962 495 βρῶμα
2982 420 3231 491 ’κομίζων
3252 419 3423 490 αὐτῷ’
3451 421 3664 474 τοιαῦτα

433 540 700 609 prodigia.
738 537 897 590 Vates
929 533 1068 587 idem
1098 540 1153 585 et
1193 526 1417 581 Danielo
1443 525 1613 591 adest,
1646 533 1700 578 et
1732 539 1767 583 _a
1798 537 2005 577 messo-

436 630 591 683 ribus
619 641 725 679 non
753 623 1116 678 desideratur.

507 719 705 788 Cyrum
735 716 789 768 'm
813 728 982 783 regno
1005 708 1302 778 Cambyses
1332 703 1494 768 ﬁlius,
1519 702 1613 772 qui
1634 712 1689 757 et
1715 700 2007 756 Nabucho-

438 808 730 864 douo~oris
762 810 1185 875 cognomentum
1219 797 1429 859 habuit,
1469 802 1693 857 secutus
1735 802 1839 847 est.
1876 793 2007 860 Ejus

438 900 718 968 copiarum
775 898 1076 964 imperator
1118 888 1227 943 fuit
1276 886 1650 955 llolopherncs
1695 883 1810 945 ille,
1844 895 2007 950 quem

439 1005 563 1045 eum
607 986 834 1041 Juditha
876 981 1180 1054 prudenter
1222 985 1472 1031 necasset
1521 989 1585 1028 ac
1631 974 1794 1027 rebus
1840 972 2008 1040 ipsius

438 1079 696 1134 omnibus
723 1074 894 1145 potita
939 1071 1153 1131 fuisset,
1189 1082 1299 1121 non
1334 1074 1516 1119 tamen
1551 1063 1853 1118 insolenter
1885 1060 2009 1114 ani-

441 1186 561 1225 mos
587 1169 838 1235 sumpsit,
852 1165 954 1219 sed
974 1161 1234 1216 omnibus
1260 1159 1372 1216 Deo
1396 1154 1731 1210 consecratis
1757 1154 1809 1206 in
1836 1151 2011 1205 vidui-

441 1270 555 1317 tate
574 1259 843 1327 solitaque
859 1251 1197 1309 continentia
1215 1248 1350 1303 vixit
1370 1249 1436 1301 ad
1457 1262 1660 1300 armum
1690 1258 1861 1313 usque
1888 1244 2008 1297 105.

441 1355 575 1409 Post
605 1352 929 1420 Cambysem
968 1360 1200 1414 magnus
1244 1343 1462 1411 quidam
1510 1339 1754 1393 Smerdis
1790 1353 2011 1408 regnum

442 1443 753 1511 occupavit.
787 1441 926 1494 Eum
974 1437 1171 1490 Darius
1214 1431 1494 1503 llystaspis
1527 1430 1670 1483 [ilius
1705 1438 1789 1482 est
1822 1442 2015 1483 c0nse-

445 1545 626 1597 cutus,
662 1534 764 1587 sub
817 1544 931 1599 quo
971 1526 1273 1581 Zorobabel
1324 1532 1380 1575 et
1422 1520 1582 1574 Jesus
1625 1518 1833 1580 fanum,
1870 1517 2015 1586 quod

446 1639 623 1681 annos
653 1632 799 1676 totos
847 1619 915 1675 40
946 1617 1252 1687 neglectum
1282 1613 1551 1682 iacuerat,
1584 1623 1803 1664 rursum
1846 1606 2014 1661 :ediﬁ-

446 1716 621 1771 cando
639 1692 1009 1783 perfecerunt.
1028 1710 1160 1760 Post
1181 1703 1400 1758 Darium
1424 1699 1672 1769 regnavit
1693 1697 2017 1760 Artabanes,

448 1818 611 1873 quem
643 1783 971 1854 Artaxerxes
1001 1792 1380 1864 Longimanus
1415 1788 1652 1859 excepit.
1687 1786 1820 1856 Ejus
1856 1795 2016 1843 aetate

452 1892 771 1964 Sophocles,
833 1887 1166 1948 Heraclitus,
1231 1883 1607 1951 Anaxagoras,
1664 1877 2017 1951 Pythagoras,

449 1981 818 2053 Thucydides,
869 1974 1181 2045 Euripides,
1239 1969 1571 2034 Herodotus,
1643 1966 2019 2037 Empedocles,

450 2076 739 2145 Diogenes,
773 2069 1154 2142 Hippocrates,
1183 2063 1362 2129 Plato,
1388 2059 1714 2116 Aristoteles
1743 2058 1875 2145 clari
1907 2057 2025 2112 fue-

446 2140 602 2222 runt.
651 2164 780 2218 Post
822 2140 1174 2215 Artaxerxem
1218 2156 1370 2210 hunc
1413 2163 1469 2208 et
1513 2153 1654 2208 alius
1699 2140 2028 2205 Artaxerxes

449 2257 684 2320 exstitit,
700 2249 1120 2308 succedentibus
1144 2245 1337 2300 ordine
1360 2243 1466 2299 sibi
1496 2243 1783 2297 Persarum
1811 2240 2030 2312 regibus

2107 520 2203 573 καὶ
2234 519 2345 587 γᾶρ
2406 518 2479 570 τὰ
2512 515 2604 569 τοῦ
2636 514 2772 566 Θεοῦ
2836 512 3142 581 θαυμάσια.
3210 509 3318 562 Καὶ
3348 510 3426 579 τῷ
3471 510 3663 578 Δανιὴλ

2105 605 2331 673 ἐπέστη,
2370 602 2467 656 καὶ
2501 602 2610 655 τῶν
2633 600 2898 671 θεριστῶν
2927 602 3027 652 οὒκ
3068 597 3499 665 ἀπελιμπάνετο.

2176 691 2331 746 Μετὰ
2380 692 2438 745 δὲ
2488 692 2667 761 Κῦρον
2708 690 3017 760 Καμϐύσης
3065 690 3094 741 6
3141 687 3257 749 υίὸς
3308 686 3549 745 abs-06,6
3579 685 3668 738 καὶ

2107 783 2588 854 Ναϐουχοδονόσορ
2649 779 2989 851 ἐπικληθεὶς,
3058 770 3120 830 οὗ
3183 775 3484 845 στρατηγὸς
3524 772 3672 827 Ὀλι-

2110 878 2334 946 φὲρνης,
2386 876 2447 928 ὃν
2503 874 2538 942 ἡ
2587 872 2788 943 Ἱουδὴθ
2831 870 3124 937 πανσόφως
3162 865 3531 921 ἀποκτείνασα
3583 864 3675 918 καλ⁴

2115 969 2292 1022 πάντα
2327 967 2397 1020 τὰ
2453 964 2621 1017 αὑτοῦ
2676 963 2916 1015 λαὸοὗσα
2952 962 3052 1035 οὐχ
3081 960 3275 1029 ὑψώθη
3298 958 3397 1028 τὴν
3426 957 3674 1026 καρδίαν,

2110 1060 2245 1112 ἀλλὰ
2274 1057 2448 1111 ταῦτα
2487 1057 2667 1109 πάντα
2705 1055 2783 1124 τῷ
2814 1053 3003 1123 Κυρῖῳ
3044 1051 3356 1119 ἀναθεμένη
3385 1051 3450 1118 τῇ
3483 1049 3678 1116 χηρείᾳ,

2111 1146 2417 1210 ἐδούλευσε,
2481 1145 2621 1215 μετὰ
2650 1143 2749 1212 τῆς
2789 1140 3055 1209 συνήθους
3115 1139 3441 1207 ἐγκρατείας
3470 1135 3678 1205 ζήσασα

2113 1238 2208 1307 ἐτη
2233 1241 2327 1308 ps’.
2395 1236 2550 1290 Μετὰ
2576 1233 2765 1286 τοῦτον
2798 1230 3063 1301 Σμέρδιος
3092 1228 3120 1280 6
3152 1228 3366 1295 Μάγος,
3398 1221 3519 1278 εἷτα
3575 1225 3681 1275 Δα-

2117 1332 2258 1396 ρεῖος
2297 1329 2325 1380 6
2360 1325 2457 1379 τοῦ
2522 1324 2860 1383 Ὑστάσπου.
2902 1321 2988 1389 ἐφ’
3023 1313 3084 1374 οὗ
3126 1323 3153 1373 6
3190 1316 3497 1385 Ζοροϐάϐελ
3533 1316 3626 1368 καὶ
3658 1317 3686 1367 6

2128 1419 2336 1487 Ἰησοῦς
2392 1415 2717 1469 ὲτελείωσαν
2775 1413 2865 1465 τὸν
2923 1412 3053 1464 ναὸν
3106 1406 3576 1479 ἀμελψένταέτη
3615 1410 3685 1473 μ’.

2116 1512 2271 1565 Μετὰ
2293 1510 2517 1577 Δαρεῖον
2533 1506 2899 1576 Ἀρταϐάνης.
2935 1502 3075 1573 μετὰ
3101 1499 3292 1554 τοῦτον
3326 1498 3690 1569 Ἀρταξέρξης

2117 1600 2519 1671 δΜακρόχειρ,
2581 1598 2666 1665 ἔφ’
2719 1591 2779 1649 οὗ
2824 1593 3104 1663 Σοφοκλῆς
3160 1592 3256 1645 καὶ
3321 1592 3690 1661 Ἡράκλειτος.

2132 1694 2502 1762 Ἀναξαγόρας
2567 1691 2662 1744 καὶ
2718 1688 3045 1757 Πυθαγόρας
3101 1686 3197 1739 καὶ
3225 1683 3559 1750 θουκυδίδης
3600 1680 3697 1733 καὶ

2126 1784 2430 1855 Εὐριπίδης
2460 1782 2556 1835 καὶ⁵
2594 1780 2883 1850 ⁹Ηρόδοτος
2922 1776 3012 1831 καὶ
3053 1775 3431 1845 Ἐμπεδοκλῆς
3461 1774 3553 1826 καὶ
3582 1774 3697 1824 Διο-

2125 1854 2288 1945 γένης
2321 1874 2414 1927 καλ
2454 1873 2841 1939 Ἱπποκράτης,
2882 1869 3119 1945 ,Πλάτων
3151 1854 3248 1919 καὶ
3313 1863 3698 1935 Ἀριστοτέλης

2121 1967 2500 2038 ἐγνωρίζοντο.
2561 1966 2716 2019 Μετὰ
2747 1964 2804 2015 δὲ
2854 1960 3221 2031 Ἀρταξέρξην
3266 1957 3458 2026 ἕτερος
3501 1954 3696 2023 ’Δρτα-

2124 2058 2339 2127 ξέρξης,
2378 2059 2471 2109 καὶ
2502 2056 2609 2118 ἕως
2630 2056 2856 2123 Δαρείου
2892 2051 2989 2104 τιιῦ
3032 2050 3331 2119 Ἀρσάμου,
3356 2046 3418 2099 ὃν
3449 2042 3693 2099 καθελών

2138 2148 2489 2219 Ἀλέξανδρος
2554 2148 2656 2216 τὴν
2706 2145 2989 2213 βασιλείαν
3022 2142 3132 2195 τῶν
3180 2140 3415 2211 Περσῶν
3445 2135 3704 2191 κατέλυσα

2129 2241 2225 2295 καὶ
2249 2242 2437 2294 πᾶσαν
2464 2239 2561 2309 τὴν
2578 2238 2700 2307 ’γῆν
2735 2235 3033 2305 ἐκράτησε.

453 2362 628 2415 usque
655 2319 722 2399 ad
748 2343 968 2397 Darium
999 2338 1251 2393 Arsamis
1274 2335 1470 2403 tilium,
1509 2348 1620 2405 quo
1680 2331 1895 2402 deiecto
1961 2332 2289 2405 sublatoque
2326 2349 2551 2406 regnum
2585 2331 2865 2389 Persicum
2917 2329 3225 2384 Alexander
3252 2326 3458 2383 evertit
3486 2334 3540 2380 et
3565 2319 3707 2378 orbis

452 2439 687 2513 imperio
722 2434 930 2510 potitus
954 2440 1058 2491 est.

528 2535 665 2588 Hinc
683 2518 815 2602 ergo
837 2529 1033 2584 discito
1058 2526 1294 2598 primum
1319 2518 1567 2579 omnium
1594 2526 1826 2589 regnum
1852 2518 2020 2575 fuisse

454 2624 803 2693 Assyriorum
836 2618 953 2679 sive
978 2615 1423 2687 Babyloniorum,
1454 2613 1685 2667 alterum
1719 2606 2022 2677 Medorum,

456 2734 486 2772 a
516 2715 715 2785 quibus
746 2710 879 2766 illud
907 2709 1142 2778 primum
1174 2706 1448 2761 sublatum
1476 2703 1611 2770 fuit;
1644 2703 1865 2758 tertium
1896 2699 2026 2757 Per-

456 2821 663 2871 sarum,
695 2803 841 2873 quod
870 2799 1152 2854 Medorum
1184 2796 1415 2865 imperio
1444 2794 1741 2859 successit;
1771 2802 2025 2862 quartum

418 2880 433 2893 ’
456 2896 838 2955 Macedonum,
862 2907 893 2945 a
920 2889 1120 2961 quibus
1143 2885 1395 2943 debellati
1426 2893 1556 2942 sunt
1581 2884 1760 2940 Persa:
1782 2902 1797 2950 ;
1827 2892 2029 2953 postre-

458 3004 608 3043 mum
640 2987 1031 3040 Romanorum.

2201 2517 2459 2573 Μάνθανε
2493 2515 2587 2571 οὖν
2616 2515 2867 2570 ἐντεῦθεν
2904 2515 2987 2581 ὅτι
3031 2512 3224 2585 πρώτη
3261 2511 3572 2583 βασιλείαή
3603 2509 3707 2562 τῶν

2142 2611 2445 2681 Ἀσσυρίων
2473 2612 2591 2682 ἦτοι
2619 2610 3002 2675 Βαϐυλωνίων,
3035 2608 3264 2676 δευτέρα
3302 2608 3334 2675 ὴ
3381 2604 3490 2657 τῶν
3514 2604 3711 2671 Μήδων

2128 2703 2203 2765 ὡς
2238 2703 2455 2773 ἐκείνην
2505 2701 2831 2765 καθελοῦσα,
2882 2700 3023 2770 μετὰ
3071 2698 3245 2751 ταῦτα
3278 2697 3458 2767 ἡτῶν
3489 2694 3709 2765 Περσῶν

2125 2793 2200 2857 ὡς
2226 2793 2442 2863 ἐκείνην
2495 2791 2880 2863 διαδεξαμένη,
2930 2804 3123 2843 επειτα
3175 2791 3207 2860 η
3242 2788 3350 2840 τῶν
3389 2786 3712 2842 Μακεδόνων

2125 2886 2202 2946 ὡς
2243 2882 2742 2952 καταγωνισαμένη
2772 2883 2897 2944 τοὺς
2932 2878 3171 2951 Πέρσας,
3216 2880 3310 2932 καὶ
3357 2879 3518 2944 τέλος
3548 2878 3581 2946 ἡ
3608 2876 3712 2929 τῶν

2138 2975 2446 3044 Ῥωμαίων.

530 3076 662 3131 Post
710 3073 1083 3129 Alexandrum
1138 3066 1259 3136 ejus
1313 3065 1505 3122 famuli
1563 3075 1724 3135 atque
1773 3076 2028 3141 proceres

2201 3032 2358 3121 Μετὰ
2384 3067 2567 3136 μέντοι
2592 3032 2685 3121 τδ⁷ν
2711 3063 3066 3131 Ἀλέξανδρον
3108 3066 3156 3118 οἱ
3192 3063 3397 3127 παῖδες
3429 3062 3598 3119 αὐτοῦ
3624 3060 3715 3115 καὶ

459 3182 690 3239 regnum
754 3164 1075 3220 diviserunt.
1136 3159 1373 3230 ngypto
1430 3155 1650 3228 praefuit
1705 3154 2031 3211 Ptolemaeus

460 3260 593 3331 Lagi
614 3259 780 3320 ﬁlius,
803 3268 966 3324 quem
990 3252 1181 3307 ordine
1203 3247 1477 3304 Ptolemaai
1506 3248 1573 3302 i3
1596 3248 1877 3303 subsecuti
1908 3253 2035 3301 sunt

464 3364 638 3419 usque
665 3348 730 3402 ad
762 3347 1130 3413 LleOpatram.
1162 3340 1350 3395 Asiam
1381 3338 1670 3408 occupavit
1703 3337 2032 3408 Antigonus,

466 3438 679 3511 Syriam
710 3445 765 3490 et
788 3433 1128 3489 Palaestinam
1160 3431 1427 3499 Seleucus
1457 3428 1714 3487 Nicanor.
1751 3429 1841 3497 qui
1874 3426 2038 3481 urbes

467 3531 606 3586 duas
633 3526 691 3579 in
719 3523 910 3577 Cilicia
954 3520 1195 3575 condidit
1224 3527 1279 3573 et
1318 3534 1481 3573 unam
1514 3519 1571 3572 in
1616 3519 1800 3588 Syria.
1831 3515 2037 3570 Harum

466 3618 707 3689 primam
722 3613 1028 3689 Seleuciam
1051 3598 1364 3681 appellavit,
1400 3610 1626 3665 alteram
1670 3607 2036 3675 Antiochiam,

469 3686 1065 3770 tertiam'baodiceam,
1090 3701 1278 3757 inditis
1302 3700 1562 3755 nimirum
1592 3700 1907 3771 hujusmodi
1940 3714 2042 3755 no-

467 3796 711 3850 minibus
747 3809 779 3848 a
821 3809 922 3849 suo
969 3802 1025 3847 et
1067 3790 1161 3844 lilii
1206 3790 1440 3860 ﬂliteque
1483 3792 1730 3845 nomine.
1777 3789 1894 3846 Sub
1938 3791 2043 3846 hoc

467 3884 667 3940 Rhodii
697 3884 867 3939 maris
909 3880 1139 3950 imperio
1174 3878 1334 3950 potiti
1376 3886 1610 3933 statuam
1654 3878 1787 3934 solis
1822 3895 1888 3935 ex
1936 3895 2043 3936 aere

468 3988 567 4028 sua
600 3975 657 4027 in
688 3973 866 4027 insula
895 3973 1223 4035 excitarunt,
1252 3983 1418 4038 quam
1457 3977 1684 4039 propter
1716 3969 2047 4040 magnitudi-

469 4079 598 4119 nem
620 4061 907 4123 Colossum
938 4062 1148 4125 dixere,
1178 4074 1244 4115 ac
1273 4059 1451 4115 vocati
1480 4070 1609 4114 sunt
1639 4059 1745 4129 ipsi
1783 4060 2045 4129 deinceps

470 4154 846 4209 Colosseuses.
871 4153 1000 4207 Post
1031 4151 1320 4209 Seleucum
1346 4151 1654 4207 Antiochus
1681 4151 1826 4205 titius
1854 4165 2046 4220 regna-

469 4245 573 4312 vit,
617 4243 974 4314 ejusdemque
1016 4243 1258 4299 nominis
1288 4242 1379 4296 alii
1414 4242 1679 4312 quinque.
1714 4239 1921 4296 Deinde
1954 4255 2048 4295 re-

473 4352 637 4408 gnum
673 4335 910 4391 obtinuit
950 4334 1252 4390 Antiochus
1300 4332 1550 4399 illustris,
1602 4331 1813 4387 Seleuci
1862 4331 2047 4385 Philo-

2141 3161 2471 3232 μεγιστᾶνες
2524 3160 2623 3231 τὴν
2660 3158 2941 3229 βασιλείαν
2969 3157 3185 3223 διεῖλον,
3218 3157 3311 3210 καὶ
3352 3158 3461 3224 τῆς
3500 3155 3596 3226 μὲν
3625 3155 3717 3205 Al-

2137 3251 2346 3319 γύπτου
2382 3249 2717 3316 Πτολεμαῖος
2747 3247 2775 3297 6
2815 3246 3013 3314 Λαγὼς
3040 3248 3136 3300 καὶ⁵
3169 3249 3217 3299 οἱ
3250 3246 3499 3313 καθεξῆς
3525 3244 3718 3319 Πτολες

2141 3342 2290 3410 μαῖοι
2337 3339 2469 3392 δέκα
2504 3340 2595 3392 τὸν
2629 3339 2868 3410 ἀριθμὸν
2910 3337 3065 3400 ὄντες
3090 3336 3186 3391 καὶ
3214 3339 3383 3407 ,τρεῖς
3410 3337 3514 3398 ἕως
3559 3335 3721 3387 Κλεο-

2139 3430 2376 3499 πάτρας,
2435 3430 2533 3500 τῆς
2588 3428 2646 3481 δὲ
2703 3428 2888 3491 Ἀσίας
2931 3428 3266 3500 Ἀντίγονος,
3311 3430 3419 3497 τῆς
3447 3427 3503 3479 δὲ
3529 3422 3721 3491 Συρίας

2142 3524 2235 3575 καὶ
2260 3521 2625 3592 Παλαιστίνης
2659 3521 2921 3583 Σέλευκος
2945 3522 2973 3572 ὁ
2995 3519 3281 3588 Νικάνωρ,
3322 3518 3391 3583 ὃς
3421 3513 3512 3572 κώ
3547 3516 3721 3575 πόλεις

2138 3609 2234 3662 δύο
2256 3610 2445 3671 κτίσας
2470 3611 2550 3671 εἰς
2578 3609 2646 3662 τά
2679 3608 2824 3679 μέρη
2847 3608 3105 3671 Κιλικίας
3127 3609 3221 3661 καὶ
3242 3610 3448 3676 ἑτέραν
3480 3606 3724 3675 ὲνΣυρία

2141 3701 2240 3770 τὴν
2291 3700 2391 3770 μὲν
2434 3699 2765 3753 Σελεύκειαν
2799 3699 3056 3762 ἐκάλεσε,
3108 3699 3206 3769 τὴν
3265 3699 3322 3752 δὲ
3366 3700 3720 3768 Ἀντιόχειαν,

2141 3797 2242 3864 τὴν
2269 3794 2328 3847 δὲ
2385 3793 2732 3857 Λαοδίκειαν,
2786 3792 2869 3854 είς
2924 3790 3099 3859 ὄνομα
3155 3788 3356 3842 ἑαυτοῦ
3418 3807 3478 3843 τε
3512 3791 3604 3843 καὶ
3632 3784 3722 3839 τοῦ

2144 3885 2263 3939 υἱοῦ
2299 3885 2395 3938 καὶ
2424 3885 2525 3954 τῆς
2562 3882 2837 3953 θυγατρὸς
2889 3882 3079 3936 αὐτοῦ.
3120 3881 3239 3949 Ἐφ’
3274 3873 3337 3935 οὗ
3401 3881 3595 3935 Ῥόδιοι
3629 3881 3724 3931 θα·-

2144 3975 2701 4046 λασσοκρατήσαντες
2748 3974 3056 4044 ἀνέστησαν
3097 3976 3157 4026 ἒν
3210 3976 3276 4044 τῇ
3313 3977 3471 4046 νήσῳ
3498 3974 3726 4047 χαλκοῦν

2147 4066 2445 4137 ἀνδριάντα
2479 4067 2561 4127 είς
2622 4066 2791 4135 τιμὴν
2818 4065 2912 4119 τοῦ
2967 4066 3144 4136 ηλίου,
3182 4064 3243 4119 δν
3266 4067 3357 4120 διὰ
3404 4070 3467 4122 τὸ
3508 4068 3730 4139 μέγεθος

2148 4156 2418 4210 ἐκάλεσαν
2477 4154 2766 4218 κολοσσὸν,
2826 4154 2921 4223 ἀφ’
2980 4148 3042 4208 οὗ
3082 4158 3176 4211 καὶ
3210 4157 3373 4210 αὐτοὶ
3438 4159 3731 4219 Κολοσσεῖς

2149 4243 2553 4315 ὠνομάσθησαν
2598 4243 2736 4314 (42).
2789 4245 2947 4299 Μετά
2996 4246 3052 4297 δὲ
3094 4246 3356 4299 Σέλευκον
3397 4247 3669 4316 Ἀντίοχος
3704 4246 3732 4298 6

2152 4336 2268 4400 υίὸς
2313 4335 2480 4389 αὐτοῦ
2512 4337 2609 4389 καὶ
2637 4337 2820 4408 ἕτεροι
2852 4338 3037 4392 πέντε.
3089 4335 3222 4391 Εἶτα
3256 4337 3536 4411 Ἀντίοχος
3560 4341 3587 4391 6
3614 4342 3731 4392 ἐπι-

473 4430 681 4499 patoris
706 4427 851 4483 [ilius
883 4427 983 4483 sub
1036 4441 1146 4496 quo
1199 4425 1580 4495 Hierosolyma
1634 4422 1876 4478 secunda
1933 4422 2029 4477 vict

2157 4428 2330 4499 φανὴς
2364 4430 2477 4491 υἱὸς
2502 4430 2768 4487 Σελεύκου
2802 4429 2897 4482 τοῦ
2928 4431 3329 4500 φιλοπάτορος]
3359 4432 3448 4501 ἐφ’
3476 4427 3539 4485 οὗ
3565 4432 3735 4501 ήδευ-

473 4528 633 4591 capta
651 4528 773 4575 est:
798 4534 923 4575 cum
946 4519 1095 4574 enim
1115 4516 1409 4590 Egyptum
1438 4516 1750 4571 universam
1778 4514 2029 4585 prazt'oni:

2156 4520 2291 4591 τέρα
2316 4519 2514 4581 ἅλωσις
2539 4520 2640 4589 τῆς
2686 4518 3073 4590 Ἰερουσαλήμ.
3095 4512 3266 4583 Οὗτος
3304 4523 3416 4591 γὰρ
3447 4526 3546 4592 τὴν
3568 4522 3734 4588 Λίγυ-

474 4621 530 4666 et
553 4611 741 4683 injusti
766 4610 1007 4666 hominis
1032 4609 1088 4663 in
1113 4623 1320 4664 morem
1343 4606 1598 4677 cepisset,
1622 4605 2029 4677 Hierosolyman

2158 4627 2293 4663 πτον
2325 4611 2506 4664 πᾶσαν
2537 4610 2942 4681 χειρωσάμενος
2984 4610 3059 4674 ὡς
3093 4610 3277 4682 ἅρπαξ
3301 4615 3398 4666 καὶ
3425 4614 3615 4676 ἄδικος
3644 4611 3737 4663 ἐπὶ

477 4702 775 4758 iracundus
806 4716 868 4756 se
898 4700 1194 4764 convertit,
1230 4698 1412 4768 ibique
1442 4698 1547 4753 180
1575 4697 1857 4753 hominum
1890 4698 2029 4768 203

2158 4702 2258 4771 τὴν
2290 4700 2654 4773 Ἰερουσαλὴμ
2685 4703 2825 4771 μετὰ
2848 4702 3023 4770 θυμοῦ
3070 4704 3440 4773 ὑπέστρεψεν,
3472 4704 3624 4757 ἔνθεν
3654 4718 3735 4753 τοι

478 4793 649 4846 millia
700 4790 941 4845 necavit.
994 4788 1195 4859 Elapso
1245 4788 1470 4847 biennio
1523 4801 1717 4842 rursus
1768 4789 2029 4860 COpiarun

2161 4790 2253 4845 καὶ
2309 4790 2660 4862 ἀνῃρέθησαν
2729 4792 2991 4861 μυριάδες
3045 4798 3137 4863 ιη’.
3180 4776 3367 4847 ”Μετὰ
3402 4795 3463 4847 δὲ
3496 4795 3593 4849 δύο
3644 4791 3734 4859 ἐτη

479 4881 867 4951 imperatorem
899 4879 1074 4945 misit,
1104 4881 1200 4950 qui
1232 4879 1400 4935 multa
1433 4879 1573 4933 mala
1606 4879 1725 4933 urbi
1758 4895 1924 4935 sacrae
1962 4880 2029 4933 in-

2158 4883 2449 4935 άπέστειλε
2517 4883 2846 4953 στρατηγὸν,
2897 4884 2957 4947 ὃς
3011 4884 3185 4938 πολλὰ
3218 4887 3369 4940 κακὰ
3391 4890 3458 4958 τῇ
3493 4868 3645 4939 πόλει
3672 4890 3735 4953 τῇ

481 4976 626 5041 tulit,
657 4974 1031 5044 populumque
1062 4965 1241 5041 coegit
1273 4980 1335 5025 ut
1366 4969 1612 5026 Graecam
1637 4971 1955 5042 religionem
1989 4980 2029 5026 at

2160 4971 2294 5044 ἁγίᾳ
2327 4962 2629 5039 ἐνεδείξατο
2659 4976 2754 5027 καὶ
2799 4976 2891 5027 τὸν
2920 4975 3051 5029 λαὸν
3104 4976 3406 5046 ἑλληνίζειν
3436 4979 3739 5047 ἠνάγκαζε.

481 5080 663 5118 mores
690 5064 1133 5132 amplecteretur.
1156 5060 1374 5116 Exstitit
1397 5070 1508 5115 tum
1535 5061 1783 5116 Matthias
1810 5062 2028 5131 quidam

2162 5064 2442 5127 Ματθαίος
2468 5065 2527 5116 δέ
2557 5082 2641 5126 τις
2688 5064 2828 5134 ἔχων
2856 5064 3007 5128 υἱοὺς
3037 5067 3220 5128 πέντε,
3255 5068 3350 5134 ἀφ’
3402 5062 3481 5120 ὧν
3543 5066 3739 5127 Ἰούδας

485 5151 575 5207 cui
626 5151 868 5222 quinque
922 5149 1017 5203 lilii
1063 5159 1242 5217 erant,
1274 5159 1330 5204 et
1379 5150 1525 5205 inter
1575 5152 1713 5207 alios
1742 5151 1910 5208 Judas
1943 5154 2029 5230 illi

2164 5158 2192 5208 ὁ
2222 5153 2603 5222 Μακκαὸαῖος,
2652 5155 2710 5219 ὃς
2742 5156 2893 5227 ζήλῳ
2934 5157 3067 5227 θείῳ
3097 5157 3341 5228 κινηθεὶς
3375 5160 3471 5211 τὸν
3502 5174 3741 5228 στρατη-

548 5314 1087 5398 .(ι2)“(ξοιοβεεῐιεοβι
1122 5333 1153 5373 a
1201 5318 1418 5398 colosso
1457 5319 1569 5398 soli
1613 5329 1812 5398 erecto
1868 5310 2047 5378 dictos

487 5384 931 5468 fuisse-Rhodios
957 5388 1180 5468 quidam
1211 5390 1479 5468 suspicati
1495 5400 1645 5468 sunt,
1704 5393 1903 5460 quibus
1948 5410 2049 5447 no-

488 5468 601 5531 ster
623 5457 709 5531 hic
739 5457 998 5531 suscribit
1026 5459 1243 5531 Glycas.
1279 5458 1411 5524 Quis
1438 5461 1509 5514 sit
1529 5457 1852 5531 Artaba'nes,
1884 5478 2046 5531 quem

485 5530 631 5581 inter
657 5527 877 5580 Darium
930 5529 1022 5580 τὸν
1086 5524 1395 5592 Ὑστάσπου
1450 5542 1505 5584 et
1550 5524 1918 5585 Artaxerxem
1956 5538 2049 5585 τὸν

483 5598 844 5677 Μακρόχειρα
882 5598 1133 5677 collocat,
1172 5599 1396 5677 ignoro,
1442 5600 1545 5677 nisi
1580 5600 1719 5655 forte
1770 5603 2046 5677 βιώνυμος

489 5667 655 5740 fuerit
687 5666 923 5722 'Xerxcs
977 5669 1122 5740 Darii
1168 5666 1332 5735 ﬁlius,
1387 5679 1442 5724 et
1497 5672 1816 5725 Artaxerxis
1863 5666 2046 5740 pater.

489 5739 643 5803 Quod
672 5750 854 5794 autem
889 5738 1038 5795 addit
1059 5745 1159 5795 sub
1193 5742 1294 5794 hoc
1331 5741 1630 5795 Artaxerxe
1658 5743 1835 5795 claros
1867 5738 2048 5797 tuisse

2155 5323 2515 5395 Sophoclem,
2577 5324 2935 5391 Heraclitum,
2988 5325 3397 5395 Anaxagoram,
3470 5322 3741 5395 Pythago-

2154 5392 2296 5467 ram,
2337 5396 2734 5467 Thucydidem,
2804 5394 3145 5467 Euripidem,
3195 5394 3560 5467 Herodotum,
3620 5392 3740 5442 Em-

2153 5460 2857 5535 pedoclern,'l)iogenem,
2942 5460 3363 5534 Hippocratem,
3430 5460 3736 5523 Platonem,

2152 5536 2521 5600 Aristolelem,
2560 5536 2614 5588 in
2638 5536 3138 5605 plerisquesaltem
3170 5540 3412 5605 aberrat,
3450 5541 3512 5583 ut
3543 5536 3737 5605 iustus

2153 5605 2555 5659 demonstrabit
2620 5600 2956 5661 Bibliotheca
3019 5616 3209 5660 nostra
3276 5600 3628 5663 universalis,
3675 5611 3739 5649 ex

2153 5690 2256 5743 qua
2280 5690 2454 5743 nuper
2472 5678 2849 5745 excerpsimus
2880 5676 3272 5730 Bibliothecatn
3301 5670 3737 5745 chronologicam

2153 5734 2479 5810 scriptorum
2530 5734 3025 5804 ecclesiasticorum
3074 5747 3232 5801 simul
3260 5757 3325 5798 ac
3353 5734 3735 5804 profano‘l'utu.
