4054 6426
342 484 464 548 .393

1601 481 2011 544 ANNALIUM
2049 484 2246 546 PARS
2287 484 2404 546 Ιιῐ.

3511 494 3616 557 394

354 600 605 657 κατοικεῖ
627 596 736 653 πᾶν
768 595 829 650 τὸ
857 596 1135 669 πλήρωμα
1165 596 1265 667 τῆς
1297 594 1553 667 θεότητος
1577 598 1913 666 σωματικῶς

2044 605 2210 669 atque
2241 598 2483 671 Spiritus
2508 610 2732 656 sanctus
2760 614 2981 659 carnem
3012 606 3317 662 assumenti
3346 609 3614 674 aderant,

354 691 638 746 τουτέστιν
673 687 982 752 ούσιωδῶς.·

2037 691 2260 761 quando
2291 689 2551 747 identitas
2580 692 2905 751 substantiae
2937 695 3105 751 dividi
3137 699 3363 768 nequit,
3404 707 3465 754 ut
3501 701 3619 756 exi-

355 786 496 840 mius
535 784 628 839 ille
653 791 846 840 noster
878 782 1214 838 Athanasius
1241 779 1507 851 loquitur.
1569 780 1783 836 Idcirco
1848 778 2081 838 Paulus"
2113 784 2289 839 etiam.
2350 783 2491 840 dixit
2521 786 2575 819 ὀ·
2604 786 2660 841 in
2688 785 2910 844 Christo
2954 797 3123 846 totam
3160 790 3475 848 divinitatis
3508 791 3619 863 ple-

354 877 658 933 nitudinem
715 874 1079 946 corporaliter
1132 873 1423 940 habitare,
1477 870 1533 927 id
1590 880 1679 929 est
1724 872 2121 930 essentialiter.

435 971 764 1041 Ἐγκυμονεῑ
788 968 1097 1039 τηνικαῦτα
1124 965 1337 1033 λοιπὸν,
1359 964 1625 1035 όγκοῦται
1659 966 1694 1036 ἡ
1729 965 1935 1036 παρθε-

351 1063 475 1135 νικὴ
509 1062 729 1133 γαστὴρ
752 1062 949 1133 αὐτῆς.
982 1061 1057 1114 Οὐ
1099 1059 1317 1132 μικρῶς
1363 1060 1460 1113 ἐπὶ
1485 1058 1699 1122 τούτοις
1739 1059 1770 1112 6
1817 1058 1934 1112 ἰω-

353 1155 462 1226 σὴφ
501 1154 857 1225 ταράσσεται,
897 1151 1176 1221 λαθραίως
1203 1149 1479 1205 ἀπολῦσαι
1514 1150 1616 1220 τὴν
1646 1150 1931 1220 ἐγκύμονα

354 1249 576 1321 μελετᾷ.
609 1248 763 1311 Θεῖος
801 1245 952 1316 αὐτῷ
1002 1245 1293 1314 ἐφίσταται
1342 1243 1575 1313 ἄγγελος
1598 1244 1722 1299 κατ’
1752 1244 1889 1316 ὄναρ
1910 1283 1927 1311 ,

350 1356 374 1395 ι
414 1340 508 1411 Μὴ
541 1338 810 1410 φοσηθῇς,
837 1338 1038 1405 λέγων,
1065 1333 1409 1407 παραλαϐεῖν
1440 1335 1681 1405 Μαριὰμ
1704 1334 1806 1407 τὴν
1831 1352 1930 1405 γυ-

222 1456 230 1462 ·
344 1433 512 1489 νσῖκά
547 1447 675 1487 σου·
706 1430 902 1499 τὸγὰρ
931 1431 990 1484 ὲν
1015 1429 1157 1499 αὐτῇ
1198 1428 1463 1497 γεννηθὲν
1498 1428 1564 1481 ὲκ
1607 1428 1939 1499 Πνεύματός.

310 1522 705 1592 λστινμὰτίου.
737 1541 758 1576 t
797 1521 1072 1587 Ἐξυπνος
1103 1519 1201 1574 οὖν
1230 1518 1477 1590 γεγονὼς
1508 1520 1794 1592 παρέλαόε
1824 1520 1926 1592 τὴν

344 1618 584 1685 γυναῖκα
631 1614 825 1690 αὐτοῦ,
879 1614 976 1667 καὶ
1023 1613 1126 1667 οὐκ
1175 1612 1483 1682 ἐγίνωσκεν
1511 1613 1707 1684 αὐτὴν,
1740 1614 1847 1677 ἓως
1869 1605 1931 1668 οὗ

341 1709 502 1762 ἔτεκε
554 1709 651 1761 τὸν
670 1708 803 1762 Υίδν
834 1707 1008 1777 αὐτῆς
1044 1708 1141 1761 τὸν
1172 1708 1544 1779 πρωτότοκον.
1594 1709 1654 1762 '0
1700 1708 1801 1779 μὲν
1836 1705 1932 1764 οὖν

345 1802 529 1873 μέγας
555 1799 838 1865 Βασιλειός
869 1817 1037 1873 φησιν
1071 1802 1154 1856 ὅτι
1179 1799 1306 1855 οὔτε
1345 1801 1454 1872 πρὸ
1484 1800 1581 1855 τοῦ
1609 1802 1772 1856 τόκου
1803 1801 1931 1856 οὔτε

340 1894 482 1960 μετὰ
503 1892 596 1947 τὸν
619 1893 777 1947 τόκον
800 1892 941 1960 ἔγνω
969 1894 1069 1962 τὴν
1093 1893 1377 1962 πάναγνον
1404 1894 1432 1946 6
1462 1892 1687 1965 Ἰωσήφ.
1721 1894 1796 1947 Τὸ
1818 1894 1929 1966 γὰρ

2106 967 2224 1024 Hoc
2261 976 2428 1038 pacto
2462 967 2554 1024 illa
2592 977 2752 1026 utero
2792 970 3382 1048 coneipithvirgineus
3425 987 3618 1033 venter

2035 1059 2395 1118 intumescit:
2427 1076 2540 1117 non
2579 1078 2772 1133 parum
2803 1062 3080 1134 Iosephus
3111 1081 3177 1121 eo
3222 1070 3453 1124 nomine»
3479 1085 3610 1139 per-

2038 1150 2311 1214 turbatur.
2343 1163 2720 1222 praegnantem
2753 1168 2783 1208 a
2821 1168 2881 1210 se
2907 1155 3049 1210 clam
3081 1156 3361 1213 dimittere
3390 1160 3618 1230 cogitat.
3654 1170 3661 1173 ‘

2035 1237 2239 1295 Verum
2283 1241 2506 1298 divinus
2547 1243 2784 1313 angelus
2800 1244 2857 1300 ἐἰ
2893 1260 2992 1315 per
3018 1260 3273 1302 somnum
3306 1250 3484 1305 adstat
3516 1261 3570 1308 et
3596 1290 3616 1315 ,

2043 1351 2061 1383 ι
2094 1331 2174 1386 Ne
2218 1341 2469 1399 metuas,
2525 1334 2741 1406 inquit,
2768 1337 3069 1411 asciscere
3112 1339 3339 1396 Mariam
3385 1358 3617 1400 uxorem

2041 1431 2187 1479 tuam
2219 1441 2233 1479 :
2263 1440 2389 1480 nam
2420 1426 2573 1497 quod
2616 1426 2670 1481 in
2713 1442 2777 1484 ea
2832 1429 3077 1499 genitum
3133 1441 3254 1500 est,
3305 1447 3374 1489 ex
3418 1444 3619 1493 sancto

2038 1512 2246 1585 Spiritu
2279 1524 2361 1572 est
2386 1517 2456 1572 ³⁸.
2485 1534 2505 1570 ι
2537 1516 2888 1588 Quapropter
2934 1531 3288 1592 experrectus
3341 1540 3370 1579 a
3420 1540 3621 1584 somno

2034 1606 2323 1678 coniugem
2386 1623 2542 1664 suam
2593 1610 2833 1678 ascivit;
2888 1627 2995 1668 nec
3034 1630 3156 1670 eam
3201 1620 3496 1690 cognovit,
3526 1625 3610 1676 (Ιο-

2032 1716 2138 1757 nec
2173 1716 2238 1757 ea
2268 1702 2477 1772 peperit
2509 1702 2713 1759 Filium
2749 1719 2911 1760 suum
2943 1707 3395 1780 primogenitum.
3440 1711 3618 1783 Atque

2031 1791 2137 1847 hoc
2183 1793 2304 1847 loco
2334 1808 2576 1865 magnus
2621 1794 2716 1852 ille
2761 1794 2996 1853 Basilius
3035 1800 3115 1855 ait
3152 1799 3456 1871 Josephum
3520 1820 3617 1860 nec

2029 1893 2161 1937 ante
2189 1890 2429 1951 partum,
2464 1897 2570 1938 nec
2600 1897 2631 1938 a
2668 1892 2827 1954 partu
2865 1884 3236 1942 castissimum
3271 1889 3414 1949 hanc
3446 1890 3615 1962 virgi-

333 1985 450 2052 ἓως
472 1979 547 2041 οὗ
583 1983 858 2056 πολλαχοῦ
897 1985 998 2054 τῆς
1021 1985 1250 2057 Γραφῆς
1281 1985 1541 2057 ἀόριστον
1571 1987 1827 2058 εὓρηται,
1849 1988 1913 2054 ὡς

2030 1988 2156 2037 nem
2188 1975 2537 2045 cognovisse.
2566 1974 2702 2033 Nam
2739 1976 3068 2033 vocabulum
3096 1985 3293 2042 donec,
3323 1980 3434 2047 ait,
3469 1982 3614 2037 mul-

332 2080 469 2133 ὅταν
507 2077 642 2152 λέγῃ
663 2092 679 2108 ⁶
737 2094 756 2130 ι
788 2077 899 2131 Καὶ
928 2076 1028 2147 οὐχ
1081 2077 1431 2148 ὑπέστρεψεν
1468 2080 1496 2132 6
1517 2079 1690 2150 κόραξ
1717 2080 1824 2146 ἕως
1861 2073 1923 2135 οὗ

336 2167 613 2241 ἐξηράνθη
648 2170 681 2240 ἡ
723 2169 831 2240 γῆ⁹
869 2185 891 2220 ι
948 2168 1046 2234 καὶ.
1101 2171 1212 2240 γὰρ
1267 2172 1298 2223 6
1322 2172 1495 2242 κόραξ
1542 2172 1667 2226 οὐδὲ
1697 2175 1835 2243 μετὰ
1861 2173 1923 2228 τὸ

334 2261 678 2333 ξηρανθῆναι
735 2261 838 2333 τὴν
895 2262 1002 2332 γῆν
1064 2261 1408 2335 ὑπέστρεψε.
1469 2265 1581 2319 Kal.
1619 2246 1918 2336 ’ἀλλαχοῡο
1967 2291 1971 2295 -

337 2370 356 2406 ι
388 2347 566 2410 Εἶπεν
621 2354 650 2407 6
677 2353 883 2423 Κύριος
921 2352 1000 2424 τῷ
1031 2355 1226 2426 Κυρίῳ
1257 2349 1385 2426 μου,
1429 2356 1603 2413 κάθου
1635 2359 1697 2411 ὲκ
1729 2357 1922 2425 δεξιῶν

331 2463 463 2517 μου,
486 2446 593 2511 ἕως
620 2447 691 2501 ἂν
723 2446 802 2500 θῶ
830 2448 957 2510 τοὺς
984 2447 1218 2517 ἐχθρούς
1252 2464 1348 2502 σου
1371 2450 1665 2505 ὑποπόδιον
1691 2452 1799 2505 τῶν
1823 2469 1921 2507 πο-

272 2548 279 2549 '
324 2539 435 2593 δῶν
467 2556 586 2594 σου.
628 2558 647 2592 ι
684 2539 856 2610 Εἴπερ
879 2541 981 2594 οὐκ
1013 2536 1081 2613 ἦν
1137 2541 1391 2610 ἀόριστον
1421 2543 1485 2597 τὸ
1505 2543 1643 2608 ἕως,
1682 2544 1916 2617 ἐγερθῆ-

324 2648 411 2687 ναι
442 2633 635 2687 λοιπὸν
660 2634 900 2702 εἴπαμεν
929 2632 1021 2687 τὸν
1050 2632 1256 2704 Κύριον
1287 2635 1428 2703 μετὰ.
1451 2635 1510 2688 τὸ
1543 2634 1770 2703 τεθῆναι
1792 2639 1916 2702 τοὺς

322 2724 563 2795 ἐχθροὺς
585 2724 754 2779 αὐτοῦ
786 2724 893 2779 ύπὸ
937 2727 1073 2788 τοὺς
1110 2727 1278 2790 πόδας
1326 2726 1518 2782 αὐτοῦ.
1589 2728 1751 2783 Ἀλλὰ
1775 2730 1918 2784 καὶὸ

322 2816 522 2889 Σωτὴρ
567 2818 805 2888 Χριστὸς
849 2821 966 2882 τοῖς
1022 2817 1297 2890 μαθηταῖς
1321 2819 1490 2874 αὐτοῦ
1524 2821 1682 2890 ἔλεγε
1705 2838 1720 2851 ·
1751 2841 1768 2872 ι
1804 2821 1918 2876 Καὶ

320 2908 523 2981 ἔσομαι
559 2910 681 2981 μεθ’
707 2910 867 2980 ὑμῶν
895 2910 1080 2975 πάσας
1107 2912 1205 2977 τὰς
1234 2911 1453 2983 ἡμέρας
1503 2912 1610 2977 ἕως
1639 2913 1739 2985 τῆς
1783 2931 1915 2968 συν-
1954 2978 1969 2989 ⁸

319 3001 562 3067 τελείας.
596 3020 616 3054 ι
653 3003 716 3056 El
741 2999 838 3058 οὖν
870 3003 973 3058 οὐκ
1000 3000 1073 3076 ἦν
1102 3004 1357 3076 ἀόριστον
1388 3005 1450 3059 τὸ
1477 3005 1612 3073 ἕως,
1647 3007 1787 3076 μετὰ
1819 3008 1916 3079 τὴν

321 3092 645 3150 συντέλειαν
663 3093 852 3151 λοιπὸν
873 3097 935 3151 οὐ
969 3098 1258 3152 συνέσεται
1288 3099 1401 3161 τοῖς
1425 3098 1695 3170 μαθηταῖς
1717 3101 1745 3154 6
1775 3100 1913 3172 Χρι-

320 3183 471 3248 στός.
498 3184 621 3238 Καὶ
639 3183 750 3257 μὴν
782 3188 812 3242 6
833 3188 1051 3252 Παῦλος
1082 3187 1227 3244 οὕτω
1248 3189 1416 3260 φησιν
1436 3207 1450 3224 ·
1499 3209 1518 3243 ι
1560 3191 1913 3265 Ἀρπαγησό-

317 3274 462 3347 μεθα
488 3276 546 3328 ιν
567 3277 824 3359 νεφέλαις
840 3280 923 3351 εἰς
943 3280 1254 3350 ἀπάντησιν
1277 3280 1375 3335 τοῦ
1397 3281 1605 3354 Κυρίου
1629 3285 1712 3348 είς
1740 3286 1906 3356 ἀέρα,
1936 3322 1979 3382 C

2031 2067 2100 2121 tis
2127 2067 2181 2120 in
2210 2066 2344 2122 locis
2372 2082 2653 2122 sacrarum
2684 2068 3339 2135 Litterarumjndelinite
3364 2074 3609 2143 positum

2031 2160 2334 2231 reperitur.
2371 2160 2533 2218 Verbi
2556 2152 2754 2233 'gratia
2796 2178 2923 2218 cum
2967 2164 3206 2220 dicitur:
3239 2184 3259 2218 ι
3291 2164 3483 2237 Neque
3525 2184 3613 2224 re-
3720 2184 3721 2189 ‘

2027 2265 2222 2307 versus
2269 2260 2353 2307 est
2399 2267 2634 2318 corvus,
2673 2252 2852 2308 donec
2879 2253 3154 2310 exsiccata
3184 2264 3270 2311 est
3305 2266 3451 2320 terra
3482 2259 3547 2313 ³¹.
3587 2279 3605 2312 ι

2024 2342 2296 2400 Nimirum
2348 2360 2421 2401 ne
2468 2355 2661 2416 postea
2697 2344 2919 2416 quidem
2950 2362 3116 2418 quam
3150 2350 3430 2406 exsiccata
3465 2360 3611 2408 terra

2025 2435 2196 2503 foret,
2231 2452 2430 2494 corvus
2467 2437 2557 2492 ille
2594 2455 2851 2496 reversus
2885 2450 2988 2496 est.
3029 2441 3166 2497 Item
3203 2442 3257 2497 in
3297 2444 3406 2499 alio
3441 2445 3562 2501 loco
3596 2464 3610 2500 :

2029 2547 2048 2582 ι
2079 2529 2226 2584 Dixit
2255 2530 2521 2585 Dominus
2560 2531 2791 2588 Domino
2819 2550 2965 2600 meo,
2996 2535 3142 2592 Sede
3171 2534 3239 2590 ad
3271 2552 3448 2592 meam
3478 2539 3612 2595 dex-

2022 2630 2232 2687 teram,
2269 2622 2445 2679 donec
2477 2625 2645 2694 208
2685 2634 2808 2682 tuos
2840 2627 3031 2683 hostes
3074 2628 3376 2684 scabellum
3413 2631 3610 2700 pedum

2023 2723 2239 2770 tuorum
2271 2714 2511 2771 effecero
2538 2716 2611 2770 9'.
2644 2734 2663 2768 ›
2696 2716 2900 2783 Quodsi
2935 2719 3102 2773 donec
3151 2719 3439 2776 indeﬁnite
3494 2738 3605 2776 non

2020 2814 2336 2875 usurpatur,
2366 2816 2534 2863 restat
2562 2818 2621 2863 ut
2649 2809 2898 2865 dicamus
2925 2810 3178 2873 desinere
3204 2812 3495 2867 Dominum
3525 2829 3609 2870 se-

2019 2897 2172 2966 dere,
2210 2907 2563 2970 posteaquam
2588 2901 2778 2961 hostes
2807 2900 2979 2971 ipsius
3005 2902 3109 2957 sub
3138 2902 3306 2973 pedes
3325 2903 3443 2971 ejus
3473 2904 3609 2961 sub-

2015 2990 2144 3060 jecti
2174 2990 2401 3048 fuerint.
2458 2994 2645 3048 Etiam
2668 2993 2954 3065 discipulis
2985 2995 3101 3051 suis
3135 2996 3399 3051 Servator
3427 2996 3604 3054 dixit:

2023 3082 2373 3140 «Adfuturus
2415 3100 2538 3141 sum
2576 3068 2755 3142 vobis
2814 3095 3121 3158 perpetuo,
3184 3087 3361 3143 donec
3416 3089 3605 3146 smculi

2017 3173 2143 3230 ﬁnis
2189 3183 2431 3245 appetat.
2463 3193 2481 3228 ι
2517 3174 2575 3230 Si
2608 3191 2711 3232 vox
2758 3177 2925 3232 donec
2980 3168 3266 3234 indeﬁnita
3313 3195 3424 3235 non
3479 3190 3605 3245 est,

2016 3267 2266 3338 sequitur
2289 3267 2577 3325 Christum
2629 3285 2669 3325 a.
2700 3269 2893 3325 mundi
2925 3271 3403 3327 consummatione
3436 3271 3607 3329 disci-

318 3368 411 3422 καὶ
429 3354 848 3424 οὕτωπάντοτε
881 3370 979 3426 σὺν
1006 3371 1198 3443 Κυρίῳ
1223 3371 1484 3443 ἐσόμεθα.
1519 3392 1539 3427 ι
1579 3375 1692 3430 Καὶ
1729 3354 1904 3432 caiisa

2014 3360 2161 3432 pulis
2190 3360 2306 3418 suis
2338 3377 2451 3418 non
2483 3362 2830 3419 adfuturum.
2863 3364 3030 3435 Atqui
3066 3362 3272 3421 Paulus
3308 3366 3386 3421 ait
3417 3366 3464 3399 ³³
3516 3366 3605 3422 fu-

319 3458 420 3529 μδν
451 3459 650 3517 τοῦτον
674 3459 789 3533 εχει
814 3462 908 3520 τὸν
936 3457 1167 3535 τρόπον,
1206 3464 1236 3519 6
1269 3464 1327 3520 δὲ
1361 3466 1536 3537 μέγας
1583 3466 1906 3534 Ἀθανόισιός

266 3595 273 3600 .
313 3568 491 3623 φησιν
514 3552 597 3607 ὅτι
628 3553 1061 3629 οὐκιὲγίνωσκεν
1089 3556 1264 3628 αὐτὴν
1285 3556 1501 3628 ἀληθῶς
1532 3556 1639 3622 ἕως
1667 3553 1728 3614 οὗ
1752 3560 1907 3616 ἔτεκε

311 3644 403 3701 τὸν
421 3643 656 3714 Κύριον.
684 3645 801 3700 οὐκ
826 3645 945 3718 ᾔδει
975 3646 1028 3701 τί
1050 3645 1114 3701 τὸ
1135 3648 1194 3701 δν
1216 3648 1380 3719 αὐτῇ.
1408 3647 1586 3705 Μόνον
1612 3649 1707 3712 ὅτε
1726 3650 1903 3715 ἔτεκε,

309 3737 432 3792 τότε
458 3737 530 3809 δὴ
559 3738 656 3792 καὶ
686 3738 975 3810 ἐγνώρισε.
1010 3739 1145 3794 Τότε
1170 3739 1312 3809 ἔγνω
1341 3743 1368 3793 6
1401 3739 1601 3812 Ἰωσὴφ
1640 3742 1723 3805 τίς
1755 3743 1789 3812 ἡ
1810 3743 1904 3795 δύο

311 3840 483 3901 ναμις
539 3830 641 3902 τῆς
701 3831 999 3902 παρθένου.
1054 3832 1192 3887 Τότε
1221 3831 1386 3902 ἔγνω,
1434 3833 1526 3887 ὅτε
1584 3824 1899 3905 ἐξελόχευσε

309 3924 405 3975 καὶ
434 3921 512 3976 τὰ
561 3920 675 3975 τῶν
707 3921 882 3993 λεχῶν
915 3921 977 3975 ού
1032 3921 1389 3990 κατενόησεν,
1419 3924 1510 3978 ὅτε
1551 3924 1694 3993 γάλα
1762 3941 1904 3998 παρ-

304 4010 422 4080 εῖχε
505 4008 797 4083 Eulogius:
868 4010 967 4065 καὶ
1020 4010 1193 4083 θηλὴν
1243 4014 1345 4083 τῆς
1414 4017 1655 4086 φυσικῆς
1725 4016 1902 4088 νομῆς

304 4102 631 4174 summ.
677 4102 768 4157 ὅτε
810 4100 983 4175 μαζὸν
1016 4104 1186 4158 ἔδωκε
1240 4107 1332 4159 καὶ
1379 4106 1744 4176 φλὴὄοσυλίαν
1801 4110 1901 4181 οὐχ

304 4196 631 4269 ὑπέμεινεν.
713 4195 876 4253 Ἀλλὰ.
936 4196 1012 4269 μὴ
1079 4196 1230 4264 ξένον
1292 4198 1355 4250 τὸ
1415 4199 1651 4270 πρᾶγμα
1737 4201 1894 4273 ἡγοῦ.

304 4288 534 4361 Ἐπειδὴ
552 4289 670 4359 γὰρ
696 4287 851 4352 Θεὸς
876 4283 946 4360 ἦν
980 4289 1093 4343 ικαὶ
1134 4289 1424 4359 ἄνθρωπος
1458 4291 1519 4345 τὸ
1550 4292 1896 4368 τικτόμενον,

302 4382 364 4450 ἐξ
417 4383 674 4451 ἀνάγκης
732 4380 914 4452 ιαυτῷ
971 4379 1260 4448 συνέζευξα
1306 4382 1378 4436 τά
1431 4399 1492 4437 τε
1550 4382 1669 4440 θεῖα
1728 4387 1798 4441 τά
1837 4406 1898 4442 τε

299 4473 652 4546 ἀνθρώπινα.
725 4475 839 4530 Καὶ
901 4474 1223 4544 ἀνθρώπινα
1290 4475 1392 4543 μὲν
1461 4478 1495 4530 6:
1553 4476 1719 4547 ὄγκος
1795 4480 1899 4552 τῆς

300 4565 640 4639 γαστρὺς.’ό
699 4565 806 4636 τῆς
869 4565 1170 4636 κυοφορίας
1231 4565 1621 4638 ἐνναμηνιαῖος
1678 4572 1891 4642 καιρὸς,

2011 3462 2195 3508 turum
2223 3455 2366 3510 utin
2397 3455 2574 3513 nubes
2604 3457 2818 3528 abrepti
2867 3466 2923 3513 et
2983 3457 3166 3529 ipsum
3223 3458 3279 3515 in
3334 3474 3464 3516 aera
3492 3459 3606 3517 Do-

2007 3546 2160 3603 mino
2193 3562 2585 3613 occurramus.
2616 3557 2784 3622 atque
2811 3550 2886 3607 ita
2911 3560 3192 3622 perpetuo
3212 3568 3339 3609 cum
3369 3553 3609 3611 Domino

2007 3640 2201 3696 simus.
2236 3639 2365 3698 Haec
2412 3656 2442 3697 a
2499 3641 2703 3699 Basilio
2758 3643 2839 3700 sic
2894 3643 3114 3715 prodita
3162 3653 3314 3703 sunt.
3366 3646 3438 3702 At
3486 3663 3603 3705 ηιθ-

2004 3747 2146 3803 gnus
2190 3732 2282 3787 ille
2324 3732 2655 3791 Athanasius
2716 3735 2793 3791 ait
2860 3750 3055 3807 reapse
3123 3736 3429 3809 Josephum
3486 3755 3601 3796 non

2004 3822 2328 3894 cognovisse
2390 3823 2608 3894 ipsam,
2672 3825 2850 3881 donec
2896 3817 3210 3884 'Dominum
3267 3830 3594 3900 peperisset.

2003 3912 2296 3985 lgnorabat
2323 3912 2535 3970 scilicet
2581 3914 2714 3987 quid
2764 3915 2902 3973 illud
2955 3928 3107 3974 esset
3164 3920 3311 3989 quod
3365 3932 3486 3975 erat
3532 3920 3589 3974 in

2003 4004 2142 4075 ipsa.
2175 4002 2386 4062 Saltem
2422 4005 2515 4062 ubi
2545 4010 2890 4079 peperisset,
2943 4011 3189 4081 agnovit.
3218 4011 3377 4070 Tunc
3429 4014 3596 4070 nimi-

2002 4113 2124 4156 rum
2177 4098 2448 4156 intellexit
2497 4097 2773 4172 Iosephus
2823 4102 2946 4175 quae
2985 4103 3065 4159 vis
3093 4114 3242 4161 esset
3273 4106 3421 4185 illius
3478 4110 3591 4166 vir-

1999 4191 2168 4264 ginis.
2215 4191 2369 4248 Tunc
2417 4195 2677 4266 cognovit
2709 4210 2830 4252 eam
2870 4206 3091 4268 partum
3126 4198 3371 4255 edidisse
3399 4203 3584 4260 nullas

2000 4284 2105 4339 tori
2139 4284 2290 4356 leges
2320 4294 2648 4356 expertam,
2701 4304 2825 4345 cum
2881 4290 2965 4346 lac
3018 4290 3164 4349 novo
3212 4302 3268 4348 et
3316 4293 3582 4353 inusitato

2001 4362 2171 4433 modo‘
2201 4394 2430 4434 manans
2461 4379 2831 4450 suppeditavit
2860 4390 2916 4437 et
2954 4375 3360 4440 nutrimentum
3411 4402 3442 4441 a
3490 4401 3587 4443 na-

1993 4468 2162 4525 turali
2195 4468 2511 4536 diversum;
2545 4486 2669 4526 cum
2704 4487 2997 4527 mammam
3035 4475 3304 4544 praebuit,
3341 4492 3404 4533 ac
3432 4480 3591 4534 venis

2002 4568 2183 4615 tamen
2215 4573 2286 4615 ne
2310 4561 2612 4631 quidquam
2643 4561 2963 4618 decederet.
2997 4564 3108 4619 Nec
3139 4565 3448 4622 abhorrere
3484 4585 3586 4639 pu-

300 4656 334 4725 η
386 4656 491 4710 τοῦ
542 4654 866 4726 τικτομένου
932 4653 1175 4725 συνήθης
1246 4653 1464 4721 ἔξοδος,
1527 4652 1561 4728 ἢ
1629 4659 1897 4725 γαλακτω

2014 4650 2144 4706 ιεῢίε
2177 4651 2292 4707 Ιιαιο
2318 4668 2349 4707 a
2380 4668 2530 4708 vero.
2570 4650 2705 4707 Nam
2738 4653 2865 4723 quia
2913 4655 3127 4726 pariter
3165 4657 3329 4712 homo
3368 4668 3489 4713 erat
3530 4662 3583 4717 id

297 4749 503 4820 τροφξα
551 4748 646 4804 καὶ
717 4748 753 4819 ή
796 4747 905 4801 ἀπὸ
951 4746 1048 4800 τοῦ
1105 4746 1308 4818 μικροῦ
1363 4747 1459 4801 ἐπὶ
1518 4748 1580 4803 τὸ
1645 4751 1893 4821 καθῆκον

296 4841 471 4896 αὐτοῦ
520 4839 777 4910 σώματος
826 4836 1093 4907 αὖεησιςο
1138 4838 1286 4894 κατὰ
1332 4838 1440 4909 γὰρ
1469 4839 1564 4895 τὸν
1615 4843 1891 4915 μακάριον

298 4933 518 4986 Παῦλον
537 4932 761 4990 πάντων
795 4929 1130 5003 πεπείραται
1160 4931 1270 4984 τῶν
1297 4930 1594 5001 ἡμετέρων
1624 4934 1756 4990 ἄνευ
1791 4937 1906 5008 μὸί
1957 4919 1964 4928 ’

294 5042 392 5096 νης
421 5026 526 5096 τῆς
552 5023 849 5096 ἁμαρτίας.
885 5023 1018 5078 Θεία
1067 5022 1125 5078 δὲ
1149 5022 1314 5077 πάλιν
1345 5027 1380 5096 ἠ
1412 5025 1661 5096 ἄσπορος
1693 5027 1890 5102 σύλλη-

293 5109 407 5185 ψιςζ
445 5119 483 5189 ἡ
506 5116 811 5187 παράδοξος
854 5116 1058 5188 κύησις
1086 5118 1183 5172 καὶ
1214 5118 1570 5190 ἀρῥύπαντσς
1598 5121 1880 5193 γέννησις.

204 5215 217 5231 ⁸
297 5211 409 5265 Καὶ
461 5210 624 5265 τοῦτό
674 5212 827 5265 ἐστιν
871 5210 1012 5281 ὅπερ
1061 5212 1096 5282 ἡ
1138 5209 1392 5281 θεολόγοε
1437 5211 1595 5282 ἔλεγε
1624 5213 1883 5283 γλῶτταο

300 5320 320 5353 ι
348 5303 532 5375 Νόμοι
568 5302 786 5371 φύσεως
814 5301 1201 5358 καταλύονται.
1228 5321 1247 5357 ι
1276 5303 1421 5375 Πρὸς
1445 5307 1558 5370 τοῖς
1576 5305 1758 5371 ἄλλοις
1778 5307 1887 5380 γὰρ

297 5395 396 5447 καὶ
421 5393 710 5464 μητρικῶν
755 5392 970 5448 ὠδίνων
1000 5392 1227 5448 ἄνευθεν
1258 5395 1499 5465 Χριστὸν
1529 5398 1567 5469 ἡ
1606 5398 1888 5468 πάναγνος

296 5486 453 5540 ἔτεκε
473 5503 488 5519 ·
536 5487 677 5541 κατὰ
708 5487 818 5558 γὰρ
876 5487 969 5540 τὸν
1012 5487 1401 5558 Δαμασκηνὸν,
1463 5487 1594 5543 ἔνθα
1623 5491 1791 5565 ἡδονὴ
1825 5492 1885 5546 οὐ

297 5581 674 5651 προηγήσατο,
731 5580 960 5646 εἰκότως
1017 5579 1143 5634 οὐδὲ
1193 5579 1355 5647 ὀδύνη
1412 5581 1884 5654 ἐπηκολούθησεν.

297 5671 422 5726 Ὅτι
473 5671 536 5727 δὲ
564 5673 634 5727 τὰ
681 5672 783 5744 τῆς
844 5673 1143 5744 κυοφορίας
1199 5671 1485 5744 παράδοξα
1533 5668 1697 5746 ἦσαν,
1732 5676 1829 5745 καὶ
1857 5677 1886 5729 ὁ

228 5813 232 5817 ι
309 5761 714 5839 Ἀρεοπαγίτης
759 5763 1043 5829 Διονύσιος
1089 5763 1311 5833 ἔδειξεν,
1346 5764 1521 5831 οὕτως
1554 5766 1725 5822 εἰπὼν
1759 5772 1889 5840 περὶ

304 5880 426 6002 is"
450 5879 665 5940 Coloss.
707 5898 768 5948 II,
797 5884 851 5939 9.
929 5881 973 5915 ³ο
997 5879 1187 5938 Matth.
1223 5869 1380 5950 1,20.
1461 5882 1503 5915 ³¹
1549 5881 1687 5941 Gen,
1721 5899 1838 5953 ινιιι,
1869 5882 1924 5940 7,

1998 4746 2144 4817 quod
2179 4746 2526 4823 gignebatur,
2557 4754 2615 4802 et
2652 4745 2828 4811 Deus,
2864 4748 3179 4804 necessario
3233 4758 3351 4805 tam
3397 4750 3584 4811 divina

1999 4839 2250 4913 quaedam
2286 4856 2453 4911 quam
2487 4841 2728 4895 humana
2761 4841 3073 4913 conjunxit.
3119 4842 3373 4900 Humana
3421 4858 3587 4905 erant

2000 4942 2182 4988 tumor
2211 4931 2315 4988 alvi
2343 4971 2359 4996 ,
2393 4940 2610 5002 tempus
2641 4946 2839 4988 novem
2872 4932 3145 4989 mensium
3170 4976 3189 5002 ,
3221 4950 3337 5007 quo
3362 4949 3579 4997 uterum

1997 5033 2172 5080 mater
2224 5023 2491 5097 gerebat,
2541 5024 2684 5080 fetus
2743 5010 2798 5079 in
2850 5024 3031 5082 lucem
3090 5027 3263 5084 editio
3292 5044 3394 5101 pro
3428 5048 3585 5106 more

1998 5117 2176 5182 facta,
2211 5116 2452 5202 lacteum
2496 5117 2938 5184 nutrimentum,
2970 5134 3000 5175 a
3045 5134 3219 5190 parvo
3258 5124 3328 5180 ad
3377 5140 3583 5184 conve.

1998 5210 2242 5266 nicntem
2272 5208 2524 5279 corporis
2553 5216 2820 5263 staturam
2839 5207 3271 5267 incrementum.
3298 5209 3458 5289 Nam,
3503 5216 3579 5272 uti

1998 5302 2193 5359 beatus
2221 5299 2311 5356 ille
2339 5299 2540 5356 Paulus
2566 5303 2640 5355 ait
2658 5299 2724 5364 ³⁸,
2750 5310 3015 5371 expertus
3040 5310 3125 5358 est
3150 5300 3333 5361 omnia
3360 5315 3575 5372 nostra,

1995 5396 2114 5451 solo
2144 5403 2373 5464 peccato
2401 5401 2652 5464 excepto.
2683 5393 2923 5450 Rursum
2963 5386 3149 5451 divina
3182 5408 3342 5454 erant
3379 5412 3578 5469 expers

1995 5484 2226 5542 seminis
2259 5485 2576 5555 conceptio,
2611 5495 2805 5556 partus
2837 5483 3171 5554 inusitatus,
3226 5482 3361 5542 nulli
3413 5486 3576 5543 [mdi—

1997 5579 2096 5635 tati
2148 5576 2422 5648 nullisque
2464 5577 2724 5634 sordibus
2774 5577 3013 5639 obnoxia
3050 5579 3336 5634 nativitas.
3392 5571 3574 5649 Atque

1994 5673 2101 5731 hoc
2158 5671 2295 5728 illud
2345 5680 2429 5728 est
2483 5670 2629 5741 quod
2675 5670 2971 5742 Gregorius
3017 5670 3330 5741 Theologus
3384 5670 3572 5726 dixit:

1997 5785 2017 5821 ι
2050 5766 2227 5840 Leges
2276 5774 2488 5820 naturae
2536 5763 2851 5820 solvuntur.
2887 5783 2904 5815 ι
2952 5761 3084 5818 Nam
3118 5762 3263 5819 inter
3294 5762 3398 5818 alia
3433 5762 3571 5819 citra

2048 5883 2093 5919 ³²
2120 5882 2261 5939 Psal.
2296 5897 2408 5948 ctx,
2446 5883 2490 5935 l.
2570 5879 2656 5934 ³³1
2691 5879 2885 5936 Thess.
2917 5897 2987 5944 Iv,
3031 5879 3117 5934 l0.
3191 5877 3235 5911 ³⁸
3263 5878 3428 5936 llebr.
3458 5896 3571 5946 xw,
