4054 6430
413 479 521 540 395

1694 478 2120 541 MICHAELIS
2157 479 2418 541 GLYCE

3569 479 3667 540 396

413 607 696 650 maternus
725 594 891 648 etiam
933 592 1295 664 partutiginis
1344 592 1561 654 dolores
1602 591 1770 664 Virgo
1802 594 1987 664 puris-

2120 593 2282 656 ιῦτοῧ,
2306 596 2390 648 ὃτι
2421 594 2484 648 τὸ
2505 593 2606 664 μὲν
2635 591 2904 662 ἀνδρικῶς
2927 587 3268 659 οὐσιιᾶθῆναι
3303 587 3460 641 αὐτὸν
3483 590 3545 642 ἐκ
3568 591 3669 642 τῶν

413 689 553 744 sima
591 689 872 743 Christum
905 688 1143 757 peperit.
1190 686 1408 757 Quippe
1436 687 1504 742 de
1529 685 1760 740 Joannis
1792 687 1987 740 Dama-

413 779 567 834 sceni
602 779 911 842 sententia,
949 779 1040 834 ubi
1075 779 1327 848 voluptas
1375 788 1429 832 et
1491 777 1791 832 delectatio
1843 777 1994 831 nulla

393 871 693 941 praecessit
715 911 730 933 ,
767 873 844 926 ibi
874 888 982 926 non
1012 873 1108 927 abs
1141 889 1196 928 re
1225 872 1519 926 dicendum
1547 873 1713 925 etiam
1749 871 1994 925 dolorem

416 964 626 1018 nullum
655 969 944 1033 consequi.
975 965 1042 1018 Et
1073 972 1219 1018 vero”
1239 963 1412 1018 fuisse
1444 963 1644 1017 factam
1677 961 1999 1030 conceptio-

418 1059 544 1111 n’em
575 1057 833 1126 uterique
859 1056 1222 1126 gestationem
1255 1071 1482 1126 prorsus
1507 1054 1775 1110 inusitato
1808 1053 1994 1117 modo,

401 1158 654 1204 nestatur
691 1150 808 1217 ipse
849 1165 1070 1218 quoque
1117 1149 1410 1220 Dionysius
1445 1149 1770 1218 Areopagita
1813 1145 1996 1200 verbis

419 1242 737 1313 huiusmodi
761 1261 774 1297 :
800 1261 816 1294 ι
843 1241 1001 1307 Quod
1037 1224 1274 1296 humano
1299 1241 1525 1311 quidem
1556 1255 1706 1295 more
1729 1239 1995 1293 substan-

422 1337 553 1390 tiam
593 1336 988 1404 aSsuinpserit,
1026 1336 1094 1389 de
1124 1334 1299 1389 sacris
1330 1332 1572 1388 oraculis
1606 1331 1994 1402 percepimus:

421 1429 518 1483 sed
565 1428 883 1498 ignoramus
923 1437 1103 1481 tamen
1142 1443 1254 1496 quo
1291 1435 1450 1496 pacto
1485 1427 1552 1479 de
1585 1423 1838 1494 virgineo
1871 1437 1998 1476 san—

421 1517 624 1588 guine,
664 1533 896 1587 prorsus
938 1517 1258 1572 abhorrenti
1293 1532 1323 1570 a
1361 1529 1571 1570 naturze
1604 1514 1755 1584 lege,
1795 1512 2000 1567 forma-

423 1621 511 1664 tus
540 1609 633 1665 sit.
669 1629 686 1661 ι
721 1610 960 1680 Ideoque
999 1609 1208 1664 dictum
1249 1610 1318 1664 ab
1347 1603 1998 1675 Athanasio-pneclare:

429 1721 448 1752 ι
481 1701 705 1756 Partum
731 1701 904 1756 edidit
939 1703 1115 1755 nullas
1143 1701 1248 1754 tori
1279 1702 1423 1770 leges
1449 1706 1702 1769 experta.
1735 1715 1752 1747 ι
1782 1695 1999 1751 Etenim

422 1794 630 1862 absque
663 1793 757 1848 illo
788 1793 959 1856 foret,
999 1810 1104 1847 non
1151 1795 1341 1848 eadem
1379 1792 1689 1864 peperisset
1726 1806 1792 1847 ac
1825 1790 2003 1845 infan—

425 1897 533 1940 tem
563 1885 748 1942 fasciis
779 1887 1084 1940 iuvolutum
1128 1887 1179 1940 in
1209 1901 1451 1956 praesepe
1475 1886 1817 1940 reclinasset.
1851 1883 2004 1937 Hanc

2095 684 2260 754 ἱερῶν
2291 683 2504 752 Λογίων
2537 681 2838 755 ἐμάθομεν,
2865 679 3168 749 ἀγνοοῦμεν
3193 677 3250 733 δὲ
3276 677 3423 741 ὅπως
3448 679 3508 731 ὲκ
3534 695 3669 748 πιρ-

2097 775 2327 831 θενικῶν
2379 775 2634 846 αἱμάτων
2694 773 2869 843 ἑτέρῳ
2932 773 3085 841 παρὰ
3135 771 3236 842 τὴν
3293 770 3454 839 φύσιν
3496 769 3675 840 θεσμῷ

2096 868 2466 921 διεπλάττετο.
2495 868 2692 930 Καλῶς
2725 865 2819 920 οῦν
2845 867 2874 917 6
2904 868 3078 935 μέγας
3110 863 3435 926 Ἀθανάσιος
3459 862 3674 932 ἔφησεν·

2105 959 2270 1010 ι”Οτε
2290 958 2626 1028 ἐξελόχευσε,
2653 958 2749 1009 καὶ
2778 957 2847 1009 τὰ
2876 955 2986 1008 τῶν
3011 955 3186 1025 λεχῶν
3204 955 3266 1009 οὐ
3291 955 3636 1023 κατενόησεν.
3652 973 3668 1005 ι

2107 1051 2168 1102 Ei
2200 1049 2275 1120 μὴ
2309 1051 2416 1119 γὰρ
2443 1049 2604 1102 τοῦτο
2632 1045 2722 1121 ἦν,
2751 1049 2852 1102 οὐκ
2883 1048 2949 1102 ἂν
3004 1048 3038 1117 ή
3078 1049 3218 1117 αὐτὴ
3271 1047 3366 1100 και
3422 1045 3680 1099 τίκτουσα

2106 1144 2200 1195 καὶ
2239 1141 2639 1212 σπαργανοῦσα
2679 1143 2775 1195 καί
2809 1144 2875 1211 τῇ
2911 1140 3092 1209 φάτνῃ
3136 1137 3198 1192 τὸ
3232 1136 3447 1190 παιδίον
3481 1137 3682 1190 ἐπανα-

2102 1238 2380 1295 κλίνουσα.
2426 1237 2539 1292 Καὶ
2563 1235 2706 1290 οῦτω
2740 1238 2840 1305 μὲν
2862 1236 2910 1288 oi
2931 1234 3316 1305 διαληφθέντες
3354 1231 3488 1284 Θεῖοι
3514 1228 3684 1283 Πατέ-

2106 1350 2198 1404 ρες
2227 1333 2357 1402 περὶ
2376 1329 2469 1383 τοῦ
2490 1328 2852 1398 εὐαγγελικοῦ
2885 1325 3053 1397 ῥητοῦ
3078 1324 3175 1378 τοῦ
3199 1324 3456 1392 λέγοντος
3480 1337 3493 1352 ·
3531 1337 3552 1371 ι
3579 1317 3683 1374 Καὶ

2103 1423 2207 1476 οὐκ
2229 1421 2531 1489 ἐγίνωσκεν
2562 1419 2756 1488 αὐτὴν,
2783 1417 2891 1480 ἕως
2920 1408 2983 1469 οὗ
3008 1416 3195 1474 ἔτεκεν
3236 1415 3327 1468 τὸν
3359 1414 3486 1466 Υίόν
3517 1411 3684 1479 αὐτῆς

2105 1515 2198 1568 τὸν
2221 1513 2589 1583 πρωτότοκον.
2632 1529 2652 1564 ι
2695 1511 2758 1564 Οἱ
2810 1510 2868 1563 δὲ
2907 1508 3004 1562 τοῦ
3040 1508 3324 1568 Μάνεντος
3355 1502 3681 1574 κληρονόμοι

2108 1605 2468 1660 Παυλικιανοὶ
2491 1605 2554 1657 τὸ
2586 1603 2831 1656 τοιοῦτον
2875 1601 3041 1672 ῥητὸν
3071 1598 3209 1669 πρὸς
3249 1599 3384 1652 [διον
3410 1593 3684 1664 ἐκλαμόά-
3753 1651 3770 1664 κ

2110 1688 2297 1760 νοντες
2319 1697 2557 1767 θέλημα,
2591 1696 2692 1766 τὴν
2717 1695 2951 1750 ἄσπιλον
2981 1691 3076 1746 τοῦ
3119 1691 3332 1762 Κυρίου
3363 1688 3575 1759 μητέρα
3606 1702 3690 1740 τε·

2115 1787 2472 1861 ρατολογοῦσι
2507 1786 2647 1856 μετὰ
2679 1786 2772 1839 τὸν
2805 1785 3076 1854 σωτήριον
3105 1783 3266 1836 τόκον
3298 1779 3522 1850 ἐτέρους
3545 1777 3689 1838 υἱοὺς

2111 1882 2177 1932 ἐκ
2202 1877 2298 1931 τοῦ
2327 1875 2532 1944 Ἰωσὴφ
2569 1873 2987 1944 παιδοποιῆσαι.
3589 1921 3594 1924 .

425 1982 477 2032 in
509 1980 834 2034 sententiam
867 1980 1036 2033 divini
1078 1979 1285 2045 Patres,
1348 1993 1489 2048 quos
1556 1976 1943 2040 indicavimus,
1979 1974 2047 2030 de
2085 1973 2192 2028 isto
2234 1969 2512 2041 Evangelii
2548 1969 2737 2023 dicto:
2776 1985 2796 2019 ι
2827 1967 2949 2020 Non
3019 1966 3278 2036 cognovit
3309 1977 3437 2018 eam
3464 2001 3479 2024 ,
3518 1959 3694 2014 donec

424 2075 618 2130 Filium
654 2092 812 2132 suum
846 2077 1270 2148 primogenitum
1308 2076 1521 2147 peperit
1555 2075 1622 2140 ³⁵,
1656 2093 1674 2126 ι
1705 2073 2110 2130 disseruerunt.
2148 2067 2218 2123 At
2278 2065 2452 2121 Manis
2515 2063 2680 2136 209
2724 2063 2971 2118 hmredes
3011 2061 3088 2116 illi
3131 2057 3437 2115 Pauliciani
3492 2054 3694 2110 dictum

432 2175 536 2228 hoc
569 2147 859 2228 arbitratu,
909 2189 1012 2228 suo
1084 2181 1438 2243 torquentes,
1475 2171 1612 2226 labis
1683 2177 1963 2240 expertem
2037 2163 2250 2220 Domini
2309 2170 2537 2218 matrem
2590 2167 2907 2230 portentose
2946 2154 3160 2226 tingunt
3215 2159 3346 2222 post
3398 2147 3692 2204 salutarem

430 2287 646 2339 partum
688 2271 892 2326 liberos
930 2270 1069 2326 alios
1109 2285 1171 2325 ex
1213 2270 1456 2340 .Iosepho
1491 2267 1826 2337 suscepisse.

499 2363 794 2432 Postquam
825 2364 929 2417 hoc
960 2363 1122 2417 modo
1150 2363 1413 2417 Dominus
1444 2370 1631 2416 noster
1663 2360 1823 2415 Jesus
1849 2358 2008 2413 Chri-

2181 2354 2446 2407 Γεννᾶται
2497 2345 2594 2403 οὖν
2643 2331 2672 2402 6
2735 2344 2938 2416 Κύριος
2972 2339 3134 2411 ἡμῶν
3181 2334 3404 2407 Ἰησοῦς
3439 2332 3693 2432 Χριστὸς,

427 2466 546 2512 stus
582 2467 745 2512 natus
768 2467 935 2523 esset,
976 2456 1110 2527 Magi
1145 2472 1175 2510 e
1205 2455 1431 2511 Perside
1465 2457 1530 2511 ad
1564 2459 1687 2520 iter,
1713 2463 2010 2522 conspecto

430 2551 612 2605 s':dere
646 2565 872 2620 prorsus
911 2550 1203 2614 inusitato,
1249 2564 1308 2602 se
1340 2555 1686 2618 comparant,
1721 2543 2014 2601 adorandi-

429 2659 538 2710 que
570 2642 718 2697 illius
747 2658 910 2696 causa
945 2641 1388 2712 proﬁciscuntur,
1429 2640 1640 2694 stellam
1675 2638 1873 2693 ducem
1921 2650 2010 2691 se-

431 2733 686 2804 quentes,
713 2751 834 2804 quae
868 2735 1008 2789 viam
1062 2735 1167 2789 iter
1214 2735 1478 2806 ingressis
1518 2730 2008 2788 commonstrabat.

435 2828 549 2882 Hoc
571 2827 713 2891 loco,
755 2825 957 2882 dilecte
991 2825 1089 2888 ﬁli,
1126 2826 1418 2896 diligenter
1451 2825 1516 2878 iis
1547 2824 1792 2878 animum
1820 2821 2014 2876 adver-

433 2923 532 2975 tito
580 2935 700 2990 quae
746 2919 946 2975 dicturi
978 2935 1186 2975 smnus.
1229 2918 1364 2972 Nam
1397 2917 1466 2972 de
1498 2915 1776 2987 Magorum
1813 2914 2014 2968 adora-
2051 2965 2060 2970 .

434 3014 584 3069 tione
637 3013 923 3068 contentio
975 3027 1084 3067 non
1137 3011 1328 3080 exigua
1383 3009 1530 3064 inter
1582 3009 1730 3063 viros
1795 3015 2014 3060 sanctos

432 3102 670 3158 exsistit.
704 3102 837 3156 Nam
871 3101 1108 3172 primum
1140 3100 1372 3154 eximius
1413 3099 1500 3153 ille
1549 3107 1734 3153 noster
1773 3096 2011 3167 Epipha-

435 3192 564 3246 nius
594 3191 648 3244 in
682 3191 822 3245 libro
857 3206 1016 3260 quem
1052 3191 1292 3243 Panaria
1321 3189 1556 3255 vocavit,
1585 3189 1868 3244 Christum
1907 3189 2014 3257 iam

435 3285 646 3339 bitnum
677 3294 732 3338 et
764 3284 998 3353 quadam
1043 3284 1098 3335 in
1141 3283 1305 3336 domo
1342 3282 1509 3336 tradit
1551 3299 1579 3334 a
1615 3281 1781 3350 Magis
1815 3279 2018 3333 adora-

440 3387 556 3431 tum
592 3391 740 3431 esse.
774 3375 916 3441 Quia
959 3375 1106 3430 enim
1145 3383 1503 3444 conspectum
1539 3374 1592 3426 in
1627 3371 1801 3442 patrii
1831 3371 2018 3440 Mago-

441 3485 560 3522 rmn
582 3469 736 3522 sidus
756 3467 1032 3521 earnalem
1056 3466 1266 3521 Christi
1294 3465 1630 3518 nativitatem
1652 3463 2017 3533 signiﬁcabat,

441 3576 620 3628 neque
646 3558 826 3629 Magos
847 3560 1044 3630 exiguo
1075 3567 1322 3626 tempore
1348 3556 1778 3628 Hierosolymam
1819 3557 2019 3627 perdu-

443 3669 569 3708 cere
598 3662 829 3723 poterat,
854 3667 956 3721 qua
981 3650 1203 3721 quidem
1236 3650 1354 3720 ipsa
1386 3650 1597 3706 ratione
1630 3662 1812 3705 metus
1848 3649 2021 3704 Hero-

443 3747 538 3800 des
561 3747 729 3817 jussit
759 3745 998 3798 infantes
1031 3743 1256 3799 bimulis
1290 3743 1527 3813 majores
1559 3740 1816 3804 interﬁci,
1839 3741 2022 3794 habita

435 3839 705 3892 nimirum
784 3836 1051 3905 temporis
1106 3837 1225 3906 ejus
1288 3838 1504 3891 ratione
1554 3837 1700 3906 quod
1760 3851 1789 3889 a
1853 3833 2023 3906 Magis

439 3942 632 3989 exacte
678 3940 1033 4002 cognoverat,
1084 3929 1292 3984 idcirco
1339 3929 1558 3984 divinus
1600 3929 1690 3983 ille
1721 3929 1824 3990 vir,
1865 3928 2024 3996 cujus

446 4023 776 4078 mentionem
811 4021 975 4075 modo
1004 4019 1362 4084 faciebamus,
1385 4019 1672 4074 Christum
1700 4019 1962 4072 bimulum
1992 4032 2023 4072 a

444 4115 612 4185 Magis
643 4115 929 4168 adoratum
967 4127 1090 4167 esse
1135 4112 1398 4182 prodidit.
1427 4111 1624 4166 Verum
1654 4112 1813 4165 aliter
1856 4109 2025 4166 Joan-

446 4226 547 4264 nes
600 4209 691 4262 ille
743 4215 934 4261 noster
995 4219 1195 4258 aureus
1242 4212 1426 4257 orator
1468 4202 1656 4258 sentit.
1703 4200 1823 4256 Non
1877 4201 2024 4254 enim

445 4304 637 4359 eodem
676 4311 924 4369 tempore
952 4313 1062 4368 quo
1104 4296 1366 4352 Christus
1402 4305 1489 4350 est
1521 4304 1684 4350 natus
1707 4336 1722 4360 ,
1755 4294 1920 4348 etiam
1953 4291 2026 4346 si-

445 4397 549 4450 dus
584 4393 719 4448 illud
752 4407 778 4443 a
815 4389 986 4461 Magis
1028 4395 1387 4456 conspectum
1417 4371 1728 4439 esse'dicit.
1760 4383 1824 4440 lu
1851 4381 2024 4452 expli-

445 4489 660 4542 catione.
738 4483 976 4538 Matthxi
1033 4481 1100 4535 ad
1163 4479 1388 4536 verbum
1438 4493 1556 4548 quae
1609 4476 1789 4530 tradat
1837 4475 1962 4529 audi
2005 4491 2020 4529 :

451 4601 469 4633 ι
501 4579 667 4632 Multo
715 4585 841 4631 ante
879 4574 1080 4630 Christi
1110 4573 1454 4628 nativitatem
1498 4570 1651 4625 sidus
1691 4569 1823 4623 illud
1861 4567 2027 4638 Magis

447 4674 720 4745 apparuit,
778 4682 838 4725 ut
884 4670 1165 4724 Christum
1217 4665 1461 4740 inipsis
1511 4678 1776 4718 cunarum
1839 4653 2025 4716 fasciis

447 4767 781 4820 adorarent:
810 4763 1013 4832 quippe
1056 4773 1165 4814 non
1200 4773 1390 4829 parum
1429 4757 1484 4810 in
1534 4755 1731 4810 itinere
1768 4755 2026 4822 temporis

447 4848 980 4924 absumpturierant.
1012 4872 1030 4905 ι
1068 4850 1334 4905 Nimirum
1359 4849 1462 4904 hoc
1480 4847 1666 4924 dicere
1693 4847 1824 4912 vult,
1854 4845 2024 4902 Deum

451 4959 668 5019 tempus
694 4957 907 5003 certum
937 4947 1110 5016 Magis
1161 4943 1486 4997 admensum
1521 4953 1678 5003 esse,
1730 4939 1875 5010 quod
1927 4940 2026 4993 σὺν

2121 2452 2219 2502 καὶ
2253 2446 2436 2512 Μάγοι
2468 2444 2533 2496 ὲκ
2568 2441 2836 2511 Περσίδος
2883 2436 3221 2507 ἐγείρονται,
3257 2429 3356 2484 τὸν
3389 2426 3702 2482 καινότατον

2119 2543 2329 2595 ἐκεῖνον
2380 2535 2590 2604 ἀστέρα
2649 2531 3006 2600 θεασάμενοι,
3045 2527 3144 2580 καὶ
3194 2525 3274 2586 είς
3323 2518 3701 2593 προσκύνησιν

2120 2631 2288 2688 αὐτοῦ
2355 2627 2794 2698 παραγίνονται,
2852 2618 3275 2691 προηγούμενον
3327 2615 3553 2686 ἔχοντες
3611 2609 3703 2660 τὸν

2119 2721 2369 2778 τοιοῦτον
2418 2719 2628 2789 ἀστέρα
2681 2718 2774 2770 καὶ
2819 2715 2920 2782 τὴν
2951 2711 3070 2764 ὁδὸν
3096 2703 3210 2762 οἷον
3245 2701 3702 2759 ὑποδεικνύοντα.

2122 2815 2366 2885 Πρόσεχε
2391 2811 2470 2878 δὲ,
2494 2807 2752 2879 ἀγαπητέ
2774 2822 2788 2838 ⁸
2820 2801 3090 2873 διαφωνία
3115 2801 3225 2870 γὰρ
3253 2797 3313 2850 οὐ
3355 2794 3533 2867 μικρὰ
3557 2789 3702 2885 παρὰ

2119 2883 2234 2969 τοῖς
2295 2905 2474 2973 ἁγίοις
2506 2902 2720 2970 γίνεται
2769 2898 2872 2969 τῆς
2930 2893 3086 2963 παρὰ
3133 2892 3246 2944 τῶν
3297 2889 3517 2956 Μάγων
3546 2883 3704 2938 ἕνεκα

2124 2997 2572 3070 προσκυνήσεως.
2618 2991 2846 3060 Πρῶτον
2879 2989 2986 3058 γὰρ
3021 2989 3052 3040 6
3078 2987 3254 3055 μέγας
3285 2979 3617 3048 Ἐπιφὰνιος
3648 2975 3703 3070 ὲν

2121 3067 2190 3164 τῇ
2226 3091 2394 3162 βέὃλῳ
2433 3085 2712 3156 Παναρίῳ
2761 3085 2910 3152 διετῆ
2951 3081 3104 3150 λέγει
3149 3077 3246 3130 καὶ
3283 3077 3344 3128 ὲν
3382 3073 3535 3140 οἰκία
3561 3067 3707 3164 παρά

2283 3158 2491 3250 Μάγων
2545 3176 2994 3251 προσκυνηθῆναι
3044 3173 3140 3225 τδν
3184 3167 3456 3240 Χριστόν.
3487 3158 3706 3226 Ἐπειδὴ

2125 3281 2235 3350 γὰρ
2292 3279 2320 3330 6
2367 3274 2512 3330 κατὰ
2568 3272 2672 3337 τὴν
2709 3269 2900 3341 χώραν
2955 3266 3140 3321 αὐτῶν
3165 3263 3369 3333 φανεὶς
3394 3258 3572 3327 ἀστὴρ
3602 3255 3702 3350 τὴν

2127 3346 2269 3425 κατὰ
2297 3370 2477 3438 σάρκα
2508 3367 2749 3435 ἐμήνυσε
2780 3361 2877 3415 τοῦ
2927 3356 3170 3432 Χριστοῦ
3217 3355 3510 3426 γέννησιν,
3554 3346 3710 3416 προέ-

2127 3465 2305 3534 (pilas:
2341 3461 2398 3514 δὲ
2437 3459 2506 3512 δι’
2528 3459 2715 3526 ὀλίγου
2741 3454 2868 3518 τοὺς
2899 3453 3126 3518 Μάγους
3155 3449 3400 3515 ἀγαγεῖν
3430 3449 3510 3508 εἰς
3549 3444 3712 3506 Ἱερο-

2129 3555 2344 3625 σόλυμα
2394 3549 2563 3624 (κατὰ
2591 3550 2701 3620 γὰρ
2728 3547 2890 3601 τοῦτο
2916 3546 3015 3598 καὶ
3060 3545 3090 3597 6
3139 3541 3398 3611 Ἡρώδης
3443 3538 3552 3594 άπὸ
3610 3535 3713 3587 διε-

2127 3645 2256 3709 τοῦς
2312 3641 2663 3711 ἀναιρεῖσθαι
2720 3639 2788 3692 τὰ
2845 3639 3022 3708 βρέφη
3083 3633 3422 3705 προσέταξε,
3451 3629 3593 3685 κατὰ
3622 3625 3711 3678 τὸν

2125 3740 2321 3809 χρόνον
2359 3736 2419 3789 ὃν
2448 3733 2735 3805 ὴκρίϐωσε
2769 3731 2922 3802 παρὰ
2950 3727 3062 3781 τῶν
3109 3724 3368 3794 Μάγων),
3398 3722 3590 3776 τούτου
3617 3717 3710 3786 χά-

2129 3851 2217 3905 ριν
2249 3828 2629 3900 άναμνησθιὶς
2659 3828 2687 3880 6
2719 3826 2868 3887 θεῖος
2892 3821 3032 3892 ἀνὴρ
3059 3819 3214 3890 διετῆ
3239 3819 3402 3890 παρὰ
3434 3816 3549 3870 τῶν
3597 3811 3714 3866 Μά-

2127 3941 2239 3993 γων
2273 3922 2380 3991 ἔφη
2412 3916 2870 3989 προσκυνηθῆναι
2893 3914 2988 3967 τὸν
3029 3911 3287 3983 Χριστόν.
3337 3907 3487 3962 Ἂλλ²
3527 3907 3557 3959 6
3587 3920 3714 3973 χρο-

2129 3992 2429 4086 σορῤἡμων
2453 4012 2719 4079 Ἰωάννης
2750 4011 2850 4078 οὐχ
2879 4005 3087 4068 οὓτως·
3119 4003 3244 4057 οὐδὲ
3292 4000 3411 4072 γὰρ
3460 3999 3592 4086 ἅμα-
3637 3992 3714 4062 τῷ

2127 4081 2460 4177 γεννηθῆναι
2497 4103 2591 4156 τὸν
2622 4101 2862 4173 Χριστὸν
2896 4095 3203 4167 τηνικαῦτα
3242 4093 3338 4148 καὶ
3376 4093 3472 4148 τὸν
3513 4081 3714 4158 ἀστέρα

2128 4201 2266 4272 φησὶ
2290 4201 2402 4261 τοῖς
2431 4198 2640 4270 Μάγοις
2668 4193 2924 4263 ὀφθῆναι.
2957 4191 3066 4243 Καὶ
3093 4188 3260 4242 ἄκουε
3307 4185 3362 4239 τῖ
3393 4184 3541 4239 κατὰ
3562 4182 3715 4272 ῥῆμα

2127 4270 2382 4358 διέξεισιν
2410 4291 2470 4342 ὲν
2513 4277 2586 4359 τεῇ
2633 4286 2729 4340 τοῦ
2778 4284 2922 4338 κατὰ
2959 4280 3240 4336 Ματθαῖον
3270 4276 3576 4348 ἑρμηνείᾳ·
3601 4291 3620 4324 ι
3657 4270 3714 4322 '0

2128 4386 2304 4455 ἀστὴρ
2339 4384 2396 4437 δὲ
2424 4381 2534 4451 πρὸ
2594 4378 2798 4433 πολλοῦ
2856 4375 2961 4445 τῆς
3013 4373 3331 4443 γεννήσεως
3395 4370 3576 4438 ἐφάνη
3605 4363 3714 4455 τοῖς

2127 4454 2363 4545 Μάγοις;
2407 4474 2475 4526 ἵν’
2509 4475 2567 4526 ὲν
2615 4468 2962 4540 σπαργάνοις
2990 4465 3086 4519 τὸν
3115 4461 3362 4535 Χριστὸν
3393 4454 3716 4531 προσκυνή-

2130 4588 2285 4624 σωσι.
2319 4549 2496 4621 ῐΪολὺν
2523 4567 2632 4637 γάρ
2663 4563 2892 4635 ἔμελλον
2921 4562 2982 4614 έν
3015 4563 3082 4630 τῇ
3133 4557 3239 4627 ὀδῷ
3269 4554 3598 4611 ἀναλίσκειν
3625 4547 3717 4601 τὸν

2127 4663 2343 4734 χρόνον.
2407 4657 2789 4727 Συνεμέτρησε
2841 4653 2953 4723 γάρ
2983 4691 2999 4717 ,
3070 4649 3244 4719 φησι,
3287 4647 3382 4700 τὸν
3439 4643 3638 4715 χρόνον

2127 4728 2282 4819 ὀεδς,
2314 4752 2373 4805 ὃν
2399 4749 2626 4820 ἔμελλον
2656 4749 2713 4799 ὲν
2735 4745 2801 4816 τῇ
2827 4742 2932 4813 ὁδῷ
2967 4739 3247 4795 ἀναλῶσαι
3273 4739 3323 4792 oi
3373 4737 3592 4806 Μάγοιο
3619 4728 3708 4785 καὶ

2127 4845 2269 4900 οὕτω
2323 4843 2448 4898 κατ’
2503 4843 2712 4894 ἐκεῖνον
2753 4835 3102 4908 προέφθασεν
3131 4833 3316 4896 αὐτοῖς
3347 4831 3442 4885 τὸν
3477 4829 3704 4897 ἀστέρα,

2126 4937 2201 4999 ὡς
2218 4933 2468 4989 ἐντεῦθεν
2486 4934 2544 4986 ἐν
2564 4929 2901 5001 σπαργάνοις
2919 4926 3301 4997 προσκυνῆσαι
3321 4923 3413 4976 τὸν
3439 4921 3672 4991 Κύριον.
3687 4933 3706 4966 ι

451 5039 724 5108 sumpturi
767 5047 956 5092 essent
1007 5015 1063 5090 in
1101 5035 1300 5089 itinere
1328 5053 1340 5098 ;
1374 5035 1566 5102 itaque
1601 5031 1669 5086 de
1700 5031 1872 5102 ipsius
1901 5045 2014 5086 sen-

2131 5025 2298 5082 ’ΛλΣὰ
2351 5025 2446 5079 καὶ
2473 5025 2501 5076 6
2535 5025 2712 5093 μέγας
2736 5019 3089 5082 Ἀθανάσιος,
3140 5017 3302 5079 αὑτός
3334 5032 3394 5068 τε
3442 5017 3472 5068 6
3527 5015 3717 5079 Δαμαο

455 5133 622 5189 tentia
664 5131 875 5185 stellam
909 5131 1030 5199 ejus
1073 5137 1200 5205 ante
1245 5126 1595 5189 monstravit,
1633 5133 1694 5179 ut
1729 5125 1832 5178 hoc
1863 5122 2026 5178 modo

450 5226 737 5285 Christum
786 5224 841 5277 in
881 5222 1042 5278 cunis
1083 5230 1357 5291 repertum
1413 5226 1833 5274 venerarentur.
1877 5215 2028 5269 lianc

452 5317 826 5392 Chrysostomi
889 5316 1290 5384 expositionem
1341 5323 1456 5367 tum
1525 5310 1858 5366 Athanasius
1911 5319 2026 5363 tum

2136 5119 2338 5188 σκηνδς
2369 5117 2650 5184 Ἰωάννης,
2706 5116 2766 5167 έν
2831 5112 3085 5183 σπηλαίῳ
3113 5111 3370 5179 λέγοντες
3429 5105 3589 5176 παρὰ
3611 5101 3720 5156 τῶν

2137 5214 2350 5279 Μάγων
2405 5207 2860 5280 προσκυνηθῆναι
2909 5206 3000 5259 τὸν
3025 5203 3286 5274 Χριστὸν,
3322 5201 3424 5272 τὴν
3449 5199 3547 5252 τοῦ
3585 5212 3718 5267 χρυ-

2137 5305 2477 5374 σορρήμονος
2507 5299 2887 5357 ἐπιϐεϐαιοῦσι
2915 5298 3138 5359 πάντως
3169 5296 3458 5365 ἐξήγησιν.

451 5384 692 5465 Joannes
722 5408 1090 5462 Damasccnus
1121 5406 1469 5470 conﬁrmant,
1501 5419 1623 5458 cum
1665 5403 1717 5456 in
1767 5411 1926 5454 antro
1966 5408 2020 5452 et
2059 5399 2318 5470 Spelunca
2345 5394 2622 5449 Christum
2664 5409 2692 5445 a
2726 5390 2893 5462 Magis
2927 5389 3215 5444 adoratum
3250 5384 3572 5456 perhibent.

523 5500 642 5554 Non
674 5510 854 5553 autem
890 5496 1102 5567 ignoro,
1144 5496 1343 5550 dilecte
1387 5495 1483 5558 ﬁll,
1519 5505 1568 5548 te
1600 5493 1667 5548 de
1699 5491 2025 5562 quibusdam

453 5595 576 5648 aliis
605 5607 819 5662 quoque
842 5607 949 5645 non
975 5604 1165 5659 parum
1190 5588 1490 5657 ambigere,
1515 5601 1634 5655 qua:
1656 5585 1710 5638 in
1742 5585 1844 5638 hac
1873 5583 2025 5636 stella

451 5685 850 5741 consideranda
885 5685 1106 5736 veniunt
1135 5700 1147 5745 ;
1181 5691 1234 5734 et
1283 5678 1550 5748 imprimis
1584 5675 1844 5730 admirari
1908 5689 2029 5728 mo-

455 5788 569 5830 tum
597 5790 799 5830 novum
849 5792 912 5828 ac
947 5767 1293 5838 inusitatum,
1327 5767 1750 5831 institutionem,
1786 5766 2028 5821 occulta—

525 5949 567 5980 ⁸⁸
600 5947 784 6004 Matth.
826 5968 861 6014 t,
887 5951 975 6002 25.

2210 5483 2344 5540 Οἶδα
2373 5486 2448 5550 δὲ,
2487 5484 2767 5553 ἁγαπητὲ,
2800 5485 2882 5537 ὅτι
2934 5483 3030 5534 καὶ
3077 5481 3170 5533 ἐπὶ
3209 5481 3324 5540 τοῖς
3383 5476 3600 5536 λοιποῖς
3627 5467 3721 5524 τοῦ

2136 5579 2382 5652 τοιούτου
2416 5577 2648 5648 ἀστέρος
2687 5577 2748 5630 οὐ
2782 5575 2999 5646 μικρῶς
3041 5572 3427 5643 ἀμφισάλλεις,
3494 5569 3563 5636 τῇ
3617 5580 3722 5652 inf

2141 5671 2349 5742 ραδὸξῳ
2379 5686 2438 5722 τε
2470 5671 2711 5740 κινήσει,
2735 5671 2803 5738 τῇ
2834 5667 3044 5732 στάσει,
3075 5667 3138 5736 τῇ
3178 5659 3503 5735 ἁποκρυὸῇ,
3528 5661 3599 5727 τῇ
3629 5651 3722 5722 ἀφ’

2139 5765 2310 5836 ὕψους
2357 5765 2796 5834 συγκαταϐάσει,
2835 5762 2930 5815 καὶ
2959 5763 3126 5815 πᾶσιν
3160 5759 3348 5822 ἁπλῶς
3379 5755 3499 5816 τοῖς
3541 5746 3721 5804 10:06-

2967 6021 3036 6034 ι..-
3230 6016 3333 6029 ⁸-4-
