4054 6418
446 433 555 495 401
1742 449 2032 509 ΜΙΕΗΛΕ

2134 450 2160 507 3
2199 448 2464 509 GLYCIE
3624 447 3725 510 404

446 559 557 598 non
591 553 773 601 tamen
805 547 1153 604 divinitatem
1187 564 1342 604 suam
1378 551 1501 605 istic
1537 551 1642 606 hoc
1679 552 1800 620 ipso
1838 553 2032 621 patere

2151 552 2379 622 θεότητα
2409 551 2711 622 κατάδηλον
2741 549 2992 604 ἐντεῦθεν
3024 551 3302 621 ἐποῖησεν,
3340 551 3421 605 ὅτι
3471 554 3604 624 μηδὲ
3635 573 3728 622 αη-

447 636 560 698 ϋὶι,
600 637 822 706 quando
875 639 1089 694 nullum
1150 639 1545 714 Hierosolymis
1601 645 1908 716 prodigium
1982 643 2032 698 id

2148 644 2300 713 μεῖον
2361 645 2540 695 ἐκεῖσε
2592 641 2902 714 τηνικαῦτα
2966 643 3290 712 εἰργάσατο,
3323 644 3495 716 μόνην
3539 646 3597 698 δὲ
3626 646 3727 712 τὴν

452 729 719 795 temporis
743 729 932 796 edidit,
967 733 1067 786 sed
1102 742 1317 787 tantum
1355 734 1686 790 insidentem
1713 736 1885 790 labris
1919 736 2036 791 suis

449 818 681 887 gratiam
731 825 1214 877 commonstravit.
1248 824 1312 879 Et
1338 825 1407 880 ab
1437 840 1504 881 eo
1536 835 1781 898 tempore
1813 842 2035 884 rursum

451 908 503 960 in
555 910 746 965 umbra
782 914 940 981 quasi
985 916 1226 984 quadam
1279 917 1533 983 delituit,
1570 921 2033 990 quemadmodum

428 1008 638 1060 “orator
674 1006 764 1061 ille
803 1022 1004 1062 aureus
1036 1009 1090 1062 in
1118 1012 1475 1067 enarratione
1499 1013 1690 1083 scripti
1733 1029 1830 1084 per
1862 1012 2033 1069 Joan-

447 1111 573 1150 nem
601 1097 877 1170 Evangelii
907 1101 1170 1170 loquitur.
1313 1090 1319 1096 ’

511 1187 674 1258 213
706 1189 1020 1246 Secundum
1056 1194 1192 1255 haec,
1227 1195 1496 1252 videlicet
1517 1208 1640 1269 post
1699 1200 2030 1270 baptismum

443 1293 508 1332 ac
531 1281 738 1334 editum
802 1283 967 1338 Canae
1030 1286 1379 1354 miraculum,
1431 1290 1498 1344 12
1529 1291 1753 1361 quidem
1799 1309 2032 1350 numero

453 1371 754 1441 discipulos
782 1375 952 1444 eligit.
1002 1386 1058 1432 at
1103 1378 1354 1436 homines
1389 1397 1618 1452 prorsus
1648 1384 1838 1454 inopes
1871 1395 1924 1440 et
1953 1389 2034 1441 in-

453 1462 661 1529 doctos,
685 1466 938 1521 nimirum
958 1470 1288 1539 piscatores,
1322 1474 1629 1530 litterarum
1655 1476 2034 1548 doctrinaeque

447 1555 611 1611 rudes
636 1567 692 1611 et
721 1559 949 1627 plebeias
993 1563 1328 1618 conditionis
1362 1573 1526 1635 atque
1552 1576 1746 1626 status.
1788 1569 2035 1636 Quibus-

452 1662 602 1710 nam,
629 1649 854 1705 obsecro
917 1654 983 1707 de
1013 1655 1194 1710 causis
1235 1657 1422 1711 istud?
1465 1659 1532 1714 Ut
1591 1661 1866 1732 quidquid
1929 1665 2031 1734 ipsi

453 1739 712 1808 pra:clare
739 1740 985 1822 dicerent
1018 1755 1182 1816 atque
1203 1747 1471 1816 facerent,
1497 1751 1549 1805 id
1585 1767 1753 1808 omne
1785 1753 1882 1808 Dei
1933 1771 2035 1826 po-

451 1833 633 1886 testati
663 1835 1054 1906 sapientichue
1097 1839 1453 1896 tribueretur.
1504 1845 1686 1913 Atque
1739 1846 1843 1904 hoc
1898 1848 2030 1904 illud

2145 734 2387 804 ἐπικαθη
2399 735 2573 803 μένην
2607 736 2724 798 τοῖς
2753 735 2921 790 αὐτοῦ
2947 736 3154 806 χείλεσι
3179 735 3342 806 χάριν
3366 737 3614 802 ὑπέδειξε
3635 739 3724 791 καὶ

2143 823 2334 877 ἔκτοτε
2374 824 2539 878 πάλιν
2574 823 2754 894 ἐαυτῷ
2789 824 3166 889 συνεσκίασεν,
3205 827 3283 888 ὡς
3313 825 3342 878 6
3368 824 3604 896 χρυσοὸς
3628 826 3741 896 τὴν-

2143 914 2392 984 γλῶτταν
2422 917 2481 970 ἐν
2511 918 2578 988 τῇ
2611 917 2754 971 κατὰ
2802 915 3064 988 Ἰωάννην
3097 915 3363 990 ἑρμηνεία
3392 918 3590 989 φησίν.,

2213 1184 2368 1238 Μετά
2402 1182 2676 1251 δὲταῦτα,
2715 1186 2886 1257 ἡγουν
2913 1184 3054 1256 μετά
3105 1184 3168 1239 τὸ
3197 1185 3488 1256 βάπτισμα
3530 1187 3627 1242 καὶ
3662 1189 3726 1242 τὺ

2140 1274 2199 1328 ἐν
2251 1267 2410 1347 Κανᾷ
2451 1276 2676 1345 σημεῖον
2699 1317 2715 1340 ,
2765 1261 3055 1344 ἐκλέγεται
3089 1277 3361 1348 μαθητὰς,
3394 1277 3730 1333 δυοκαίδεκα

2141 1366 2233 1420 τὸν
2263 1367 2521 1438 ἀριθμὸν,
2543 1368 2787 1439 ἀπόρους
2815 1368 2872 1421 δὲ
2899 1369 3108 1432 πάντας
3129 1370 3227 1422 καὶ
3251 1368 3488 1434 ίδιώτας,
3533 1372 3726 1434 ἁλιεῖς,

2142 1461 2546 1530 ἀγραμμάτους
2577 1463 2671 1514 καὶ
2702 1462 2804 1532 τῆς
2844 1461 3068 1532 μερίδος
3127 1463 3289 1526 ὄντας
3337 1463 3448 1516 τῶν
3478 1448 3742 1532 ἀφανῶνί

2139 1551 2239 1604 Διά
2273 1549 2325 1603 τί
2351 1550 2408 1604 δέ
2439 1549 2617 1604 ταῦτα
2654 1554 2748 1604 καὶ
2780 1551 2928 1615 τίνος
2959 1553 3147 1606 ἕνεκεν
3175 1568 3190 1617 ;
3219 1553 3336 1607 Ἵνα
3357 1553 3418 1606 τὺ
3443 1554 3510 1608 δι’
3541 1556 3729 1609 αὐτῶν

2141 1643 2586 1715 κατορθούμενον
2616 1646 2682 1714 τῇ
2713 1643 2808 1696 τοῦ
2841 1643 2978 1698 Θεοῦ
3001 1645 3234 1715 δυνάμει
3262 1648 3358 1700 καὶ
3387 1647 3550 1716 σοφίᾳ.
3580 1647 3732 1717 λογε.

2141 1734 2327 1806 ζηται.
2359 1738 2474 1791 Καὶ
2502 1727 2854 1791 τοῦτάέστιν
2886 1738 3025 1807 ὅπερ
3060 1737 3220 1806 ἔλεγε
3272 1739 3409 1809 πρὸς
3458 1739 3674 1796 Παῦλον
3697 1743 3728 1795 6

2142 1828 2381 1896 Κύριοςο
2415 1847 2435 1881 ‹
2485 1829 2677 1900 Ἀρκεῖ
2707 1846 2791 1882 σοι
2822 1829 2853 1899 ἡ
2884 1829 3048 1900 χάρις
3097 1847 3203 1899 μου
3229 1845 3244 1861 ·
3283 1832 3314 1902 ἡ
3353 1832 3462 1902 γὰρ
3493 1832 3724 1902 δύναμίς

446 1922 625 1992 ipsum
659 1935 740 1980 est
770 1929 913 1996 quod
950 1927 1210 1986 Dominus
1249 1934 1316 1987 ad
1342 1934 1571 1989 Paulum
1598 1939 1978 2006 pronuntiavit
2012 1958 2024 1993 :

2136 1931 2238 1984 μου
2293 1915 2354 1967 ἐν
2403 1915 2665 1988 ἀσθενείᾳ
2705 1915 3040 1970 τελειοῦται.
3077 1935 3094 1969 ι
3137 1917 3248 1972 Καὶ
3295 1919 3325 1972 6
3367 1920 3469 1990 μὲν
3513 1920 3726 1991 ἀληθὴς

449 2035 468 2068 ι
507 2016 654 2074 Satis
695 2031 815 2075 esto
841 2021 936 2076 tibi
968 2034 1124 2092 grata
1153 2041 1272 2080 mea
1302 2042 1313 2075 :
1345 2027 1549 2096 quippe
1578 2046 1699 2084 mea
1724 2032 1807 2085 vis
1842 2041 1897 2085 et
1937 2047 2033 2101 po-

444 2117 612 2164 testas
662 2111 716 2165 in
748 2112 1118 2169 imbecillitate
1170 2117 1534 2184 perﬁcitur“.
1573 2139 1590 2168 ι
1641 2120 1759 2176 Νοη
1800 2123 2030 2178 dubium

442 2209 530 2254 est
550 2210 734 2256 autem
755 2201 887 2272 quin
922 2218 1114 2258 verum
1171 2205 1244 2259 sit
1281 2206 1486 2262 Christi
1553 2209 1856 2281 discipulos
1892 2228 2032 2283 pau-

445 2305 605 2359 peres
639 2307 704 2345 ac
739 2294 904 2347 rudes
933 2293 1127 2348 fuisse.
1150 2295 1337 2351 Nihilo
1363 2307 1542 2352 tamen
1570 2299 1754 2356 minus
1790 2302 2046 2372 Epipha--

356 2413 369 2426 -
444 2382 570 2437 nius
597 2385 819 2452 quidam
867 2387 1159 2456 presbyter
1194 2387 1249 2442 in
1297 2391 1546 2446 oratione
1568 2407 1692 2456 sua.
1749 2409 1912 2463 quam
1966 2397 2035 2451 de

443 2474 747 2544 impolluta:
775 2475 992 2532 Domini
1037 2478 1228 2535 Matris
1256 2481 1550 2538 nativitate
1582 2484 1740 2547 dixit,
1765 2486 2032 2544 Joannem

443 2563 695 2622 Zebedtei
733 2569 901 2624 lilium
932 2549 1118 2642 inquit
1145 2583 1271 2642 post
1297 2577 1468 2644 patris
1497 2577 1708 2638 obitum
1731 2583 2035 2648 possessio-

443 2673 544 2714 nes
567 2661 856 2718 universas
884 2679 1020 2733 quas
1084 2665 1315 2721 Zebedaa
1373 2669 1626 2724 habuerit
1685 2671 2030 2738 vendidisse,

441 2766 676 2820 cumque
705 2768 764 2808 se
785 2755 1107 2811 contulisset
1140 2757 1596 2830 Hierosolymam,
1629 2771 1873 2818 sanctam
1905 2780 2032 2821 eum

445 2843 668 2901 Sionetn
696 2848 922 2903 emisse.
977 2847 1095 2915 Qua
1151 2850 1218 2906 de
1245 2866 1410 2907 causa
1444 2852 1647 2908 factum
1703 2855 1773 2910 sit
1797 2864 1857 2909 ut
1892 2872 2032 2925 quo-

445 2937 591 2993 niam
613 2938 844 2995 Joannis
860 2941 1124 3012 emptioni
1145 2943 1416 3013 Caiaphas
1450 2945 1744 3012 adfuisset,
1767 2947 2031 3019 deinceps

449 3029 692 3106 pontiﬁci
725 3039 895 3086 notus
925 3031 1301 3101 perhibeatur.
1362 3033 1579 3105 Quippe
1611 3035 1900 3092 dimidium
1932 3038 2033 3094 bo-

442 3135 642 3175 norum
681 3137 907 3177 suorum
939 3124 1187 3192 pontiﬁci
1250 3125 1502 3192 dederat,
1543 3126 1818 3196 reliquum
1869 3129 2031 3184 dimi-

442 3211 594 3268 dium
623 3214 677 3267 in
715 3214 1094 3268 adornandum
1128 3216 1331 3284 pascha
1355 3207 1732 3312 impenderat,
1787 3219 1893 3312 hoc
1944 3230 2030 3278 est
2055 3252 2101 3312 ο

441 3305 498 3358 in
537 3319 753 3360 caenam
783 3305 930 3360 illam
984 3306 1188 3362 Christi
1225 3308 1533 3380 mysticam.
1583 3308 1818 3380 Ideoque
1851 3310 2020 3366 Chri-

439 3404 608 3461 stum,
635 3412 761 3452 cum
808 3397 1092 3468 discipulis
1132 3399 1340 3454 diceret
1376 3415 1388 3451 :
1427 3418 1447 3452 ι
1487 3402 1566 3455 Ad
1615 3416 1828 3457 certum
1870 3403 2021 3458 illum

439 3487 719 3544 hominem
749 3490 1026 3556 divertite,
1078 3472 1103 3544 ι’
1145 3490 1414 3547 Joannem
1470 3477 1808 3565 Theologum
1854 3497 2020 3552 intel-

439 3577 640 3634 misse
687 3579 872 3645 tradit,
923 3581 1066 3650 apud
1123 3598 1286 3652 quem
1337 3582 1538 3639 deinde
1605 3599 1822 3641 caenam
1876 3587 2024 3641 illam

440 3669 737 3739 mysticam
767 3672 1106 3742 sumpserint
1137 3686 1304 3744 atque
1323 3676 1761 3746 permanserint.
1793 3678 1862 3731 At
1893 3693 2026 3732 vero

440 3762 684 3817 Joannes
744 3762 1177 3843 Chrysustomus
1233 3767 1436 3822 asserit
1490 3773 1645 3822 tanta
1697 3768 2026 3825 Zehedamm

441 3864 498 3910 et
528 3854 671 3909 ﬁlios
700 3856 873 3926 ipsius
904 3856 1092 3926 inepia
1117 3858 1515 3925 laborasse,.,ut
1541 3862 1708 3923 etiarn
1733 3863 2028 3932 aliquando

441 3947 708 4002 naviculae
735 3948 1044 4004 assidentes
1078 3957 1263 4004 vetera
1301 3950 1582 4021 fractaque
1614 3953 2026 4008 retiaeonsue-

442 4040 574 4096 rint.
604 4040 673 4094 Et
695 4057 954 4111 quanam,
988 4034 1243 4108 obsecro,
1276 4043 1458 4098 fronte
1488 4046 1658 4100 audet
1688 4045 2030 4116 Epiphanius

441 4130 628 4185 dicere
674 4144 892 4184 caenam
942 4129 1090 4184 illam
1147 4131 1434 4201 mysticam
1475 4134 1527 4186 in
1582 4131 1812 4189 Joannis
1865 4135 2029 4191 domo

445 4231 803 4292 praeparatam
839 4223 1030 4289 fuisse,
1061 4233 1225 4293 atque
1261 4223 1761 4294 ipsum‘Joanuem
1806 4241 1930 4282 esse
1961 4228 2029 4283 ad

439 4331 604 4384 quem
673 4316 973 4388 discipulos
1027 4316 1289 4373 Dominus
1362 4318 1742 4389 ablegaverit?
1796 4319 1929 4375 Nam
1983 4321 2029 4376 si

439 4407 687 4463 Joannes
739 4424 865 4464 cum
915 4407 1082 4464 Petro
1133 4408 1476 4480 praeparandi
1523 4407 1809 4465 Paschatis
1860 4426 2030 4466 causa

440 4509 651 4572 certum
679 4500 971 4570 quemdam
1007 4500 1075 4555 ad
1109 4501 1388 4555 hominem
1423 4501 1626 4567 missus
1657 4500 1780 4564 fuit,
1835 4517 2030 4571 quem-

2136 2006 2294 2074 λόγος
2322 2007 2601 2077 πτωχείαν
2633 2008 2730 2061 καὶ
2761 2007 3034 2062 ἰδιωτείαν
3081 2009 3233 2078 λέγει
3270 2015 3562 2082 προσεῖναι
3609 2017 3728 2077 τοῖς

2139 2097 2410 2166 μαθηταῖς
2438 2098 2536 2151 τοῦ
2561 2098 2806 2166 Χριστοῦ
2834 2097 2971 2169 (55)·
3012 2099 3338 2170 Ἐπιφάνιος
3368 2103 3427 2156 δέ
3457 2121 3546 2168 τις
3582 2121 3728 2176 πρε-

2138 2187 2402 2260 σϐύτερος
2438 2191 2496 2242 ἐν
2534 2191 2680 2261 λόγῳ
2721 2191 2916 2256 αὑτοῦ,
2945 2192 3005 2247 δν
3034 2193 3127 2246 ἐπὶ
3165 2193 3244 2263 τῷ
3277 2195 3540 2264 γενεθλίῳ
3563 2197 3729 2267 δῆθεν

2138 2280 2239 2348 τῆς
2269 2280 2622 2351 παναμώμου
2672 2284 2900 2355 Μητρὸς
2947 2286 3044 2340 τοῦ
3095 2287 3306 2358 Κυρίου
3341 2289 3607 2354 ἐξέδωκε,
3628 2291 3727 2342 καὶ

2135 2372 2264 2425 τάδε
2295 2372 2487 2443 φησὶν,
2515 2374 2600 2427 ὅτι
2651 2375 2679 2428 6
2722 2375 2839 2438 υίὸς
2867 2378 3157 2432 Ζεϐεδαίου
3194 2379 3453 2462 Ἰωάννης
3481 2381 3619 2450 μετά
3663 2380 3727 2434 τὸ

2134 2463 2433 2518 ἀποθανεῖν
2475 2465 2567 2519 τὸν
2619 2470 2838 2536 πατέρα
2896 2469 3062 2524 αὐτοῦ
3103 2471 3358 2539 ἐπώλησε
3411 2473 3594 2527 πᾶσαν
3625 2473 3727 2538 τὴν

2134 2557 2298 2610 αὑτοῦ
2331 2560 2528 2629 κτῆσιν
2555 2560 2653 2630 τὴν
2695 2562 2752 2614 ἐν
2803 2563 3007 2634 Ζεὸεδῇ
3039 2563 3134 2617 καὶ
3167 2565 3339 2618 ἐλθὼν
3380 2567 3462 2630 είς
3521 2566 3727 2636 Ἰερου-

2136 2649 2318 2721 σαλὴμ
2339 2649 2584 2722 ἠγόρασε
2621 2651 2723 2720 τὴν
2752 2652 2915 2722 ἁγίαν
2945 2654 3108 2707 Σιών·
3133 2655 3256 2708 ὅθεν
3278 2655 3356 2720 ὡς
3379 2654 3471 2710 τοῦ
3496 2658 3724 2727 Καῖάφα

2133 2743 2546 2812 καταμένοντος
2581 2745 2641 2797 ἐν
2675 2747 2740 2815 τῇ
2777 2746 3055 2818 άγορασίᾳ.
3087 2747 3360 2813 Ἰωάννου,
3395 2751 3538 2803 κατὰ
3566 2749 3723 2805 τοῦτο

2131 2833 2354 2901 λέγεται
2401 2831 2560 2900 οὗτος
2591 2833 2735 2889 εἶναι
2787 2836 3070 2910 γνώριμος
3101 2839 3182 2911 τῷ
3212 2845 3490 2913 ἀρχιερεῖ·
3527 2843 3622 2897 καὶ
3655 2845 3724 2898 τά

2135 2932 2236 3000 μὲν
2290 2929 2468 3001 ἡμίση
2519 2931 2688 2984 ἔδωκε
2733 2932 2815 3002 τῷ
2866 2934 3164 3006 ἀρχιερεῖ,
3205 2935 3288 2999 είς
3329 2935 3388 2990 δὲ
3437 2936 3507 2990 τά
3561 2936 3725 2992 λοιπὰ

2132 3024 2308 3096 ἡμίση
2381 3025 2650 3095 ἡτοίμασε
2707 3025 2768 3078 τὸ
2813 3026 3023 3098 πάσχα,
3090 3027 3262 3099 ἤγουν
3328 3029 3390 3082 τὸ
3459 3014 3725 3101 μυστικὸν

2131 3115 2348 3170 δεῖπνον
2380 3116 2476 3170 τοῦ
2521 3118 2782 3186 Χριστοῦ.
2827 3118 3030 3173 Ἦνίκα
3081 3122 3176 3172 καὶ
3215 3120 3325 3192 γὰρ
3370 3123 3486 3186 τοῖς
3540 3122 3722 3193 μαθη-

2133 3211 2254 3273 ταῖς
2291 3209 2479 3276 ἐλεγεν
2508 3209 2536 3261 6
2573 3211 2812 3281 Χριστός
2839 3225 2853 3242 ⁸
2895 3230 2914 3264 ι
2959 3211 3236 3279 Ὑπάγετε
3271 3212 3417 3283 πρὸς
3468 3213 3563 3267 τδν
3594 3213 3722 3272 ,δεῖε-

2132 3318 2221 3368 να,
2260 3319 2279 3353 ι
2323 3301 2582 3374 Ἰωάννην
2621 3302 2817 3373 ἐδήλου
2863 3302 2956 3356 τὸν
3010 3301 3302 3372 Θεολόγον.
3345 3303 3500 3358 Ἐκεῖ
3535 3305 3722 3359 λοιπὸν

2129 3391 2387 3446 ἐτέλεσαν
2429 3394 2492 3447 τὸ
2535 3395 2804 3464 μυστικὸν
2859 3394 3117 3473 δεῖπνον³
3161 3397 3261 3450 καὶ
3303 3398 3425 3450 ἐκεῖ
3470 3396 3719 3467 ἔμειναν·

2130 3486 2228 3540 καὶ
2263 3485 2340 3550 ὡς
2374 3487 2474 3539 οὐκ
2511 3487 2662 3557 ήμην
2691 3487 2828 3555 ἐκεῖ,
2860 3488 2998 3560 μηδέ
3027 3488 3334 3562 πιστεύσῃς
3367 3507 3482 3559 μοι.
3524 3488 3588 3544 '0
3612 3491 3724 3562 γάρ

2127 3577 2532 3648 χρυσορρήμων
2592 3579 2846 3651 Ἰωάννης
2909 3581 3186 3652 τοσαύτην
3243 3581 3396 3650 ἔλεγε
3445 3583 3722 3653 πτωχείαν

2128 3668 2274 3740 ἔχειν
2310 3670 2403 3723 τόν
2432 3687 2493 3723 τε
2521 3669 2805 3724 Ζεϐεδαῖον
2844 3669 2939 3722 καὶ
2980 3671 3109 3733 τοὺς
3155 3671 3306 3734 υἱοὺς
3339 3671 3528 3738 αὐτοῦ,
3575 3671 3719 3725 ὥστε

2100 3761 2411 3831 -καθῆσθαι
2439 3763 2592 3831 παρά
2626 3760 2705 3832 τῷ
2739 3760 2914 3832 πλοίῳ
2945 3762 3040 3814 καὶ
3073 3760 3270 3815 δίκτυα
3302 3763 3536 3832 ῥάπτειν
3562 3763 3719 3835 διερ-

2135 3853 2356 3926 ρωγότα
2391 3854 2487 3907 καὶ
2517 3852 2751 3906 παλαιά.
2787 3853 2912 3916 Πῶς
2942 3853 3000 3906 δὲ
3026 3855 3123 3907 καὶ
3157 3854 3310 3925 παρὰ
3337 3857 3406 3926 τῇ
3433 3854 3587 3927 οἰκίᾳ
3617 3850 3714 3909 τοῦ

2140 3936 2403 4003 Ἰωάννου
2447 3947 2509 4000 τὺ
2561 3947 2827 4016 μυστικὸν
2873 3947 3090 4000 δεῖπνον
3131 3948 3159 4000 ό
3204 3947 3531 4017 διαληφθεὶς
3580 3947 3722 4020 ἀνὴρ

2130 4037 2530 4110 ἐτοιμασθῆναι
2559 4038 2732 4107 λέγει,
2783 4037 2877 4091 τὸν
2922 4037 3074 4091 δεῖνά
3105 4055 3167 4092 τε
3206 4037 3374 4092 αὐτὸν
3407 4034 3549 4095 εἶναι
3582 4037 3724 4113 πρὸς

2129 4130 2189 4184 ὃν
2210 4131 2260 4184 οἱ
2291 4131 2534 4201 μαθηταὶ
2573 4131 2726 4202 παρὰ
2753 4129 2848 4183 τοῦ
2882 4129 3088 4199 Κυρίου
3122 4131 3474 4202 ἐστάλησαν;
3515 4130 3579 4184 Ei
3613 4131 3722 4201 γάρ

2130 4223 2295 4286 αὐτὸς
2323 4224 2352 4276 6
2387 4223 2643 4294 Ἰωάννης
2683 4222 2908 4294 σύναμα
2932 4222 3012 4293 τῷ
3049 4223 3243 4294 Πέτρῳ
3272 4222 3555 4292 ἀπεστάλη
3584 4224 3724 4294 πρὸς

2129 4317 2222 4370 τὸν
2259 4317 2412 4370 δεῖνα
2462 4317 2562 4386 τῆς
2594 4316 2691 4368 τοῦ
2746 4314 2938 4384 πάσχα
2992 4315 3153 4386 χάριν
3201 4315 3530 4384 ἐτοιμασίας
3575 4317 3721 4370 κατὰ

2131 4408 2233 4478 τὴν
2267 4406 2634 4478 εύαγγελικὴν
2679 4407 2952 4478 ἱστορίαν,
2991 4407 3248 4476 φαίνεται
3303 4407 3602 4479 προφανῶς
3638 4410 3721 4462 ὅτι

2132 4503 2161 4556 6
2189 4500 2561 4571 πρεσϐύτσρος
2592 4495 2748 4563 οὗτος
2781 4501 3117 4570 Εὑαγγέλιον
3149 4501 3251 4554 οὐκ
3309 4501 3525 4568 ἀνέγνω
3566 4500 3721 4555 ποτέ.

437 4591 729 4647 admodum
775 4593 1089 4664 evangelica
1150 4593 1376 4648 historia
1441 4602 1649 4658 narrat,
1703 4593 2004 4650 manifesto

2134 4595 2188 4648 Ei
2219 4595 2326 4664 γάρ
2347 4591 2655 4661 ἀναγνῶναι
2674 4592 2912 4664 ἔφθασεν
2936 4633 2951 4658 ,
2988 4591 3133 4661 ἔγνω
3177 4592 3246 4647 ἂν
3274 4591 3361 4646 ὅτι
3387 4593 3416 4646 6
3458 4592 3720 4662 Ἰωάννης

438 4676 595 4758 paret
627 4687 996 4758 Epiphaniam
1037 4688 1187 4744 hunc
1215 4687 1493 4744 seniorem
1532 4671 1890 4761 Evangelium
1915 4705 2024 4745 non

511 4873 558 4905 “
601 4872 646 4928 ll
687 4871 819 4930 Cor.
860 4887 962 4940 xu,
991 4870 1049 4926 9.

513 5056 626 5127 (55)
653 5055 786 5131 Post
819 5055 1214 5131 ttat9_q'taig_'to§
1245 5057 1504 5131 Χριστοῦ,
1530 5059 1585 5114 in
1611 5059 1673 5115 F.
1699 5073 2028 5131 sequuntur,

439 5126 562 5200 quae
609 5126 828 5181 absunt
889 5126 959 5200 ab
997 5127 1266 5200 editione
1299 5126 1647 5200 'Meursiana,
1711 5126 2030 5186 Lénaelavii

441 5197 810 5269 versione,_e_t
835 5197 1118 5252 codicibus
1152 5197 1218 5253 V.
1244 5207 1296 5253 et
1327 5199 1369 5254 C
1404 5217 1420 5254 :
1466 5200 1526 5254 Ὀ
1561 5197 1746 5269 μέντοι
1775 5203 2034 5255 καλοσκέ-

443 5285 648 5330 παστος
676 5271 706 5319 6
734 5266 1142 5342 Μεταφραστὴς
1165 5339 1175 5342 _
1202 5272 1262 5324 ἐν
1288 5269 1365 5342 τῷ
1412 5271 1542 5342 παρ’
1562 5266 1731 5324 αὐτοῦ
1792 5289 2036 5342 συγγρα-

443 5343 599 5410 φέντι
624 5338 912 5412 μαρ-τέδρίῳ
941 5337 1050 5391 τῶν
1081 5337 1254 5412 ἁγίων
1271 5337 1591 5412 ἀποστόλων
1617 5337 2032 5412 Βαρτολομαίου

443 5406 535 5468 {ut
568 5406 824 5482 Βαρνάϐα
858 5406 993 5477 φησὶ
1032 5406 1226 5482 ταῦτα’
1249 5411 1418 5482 ίἈρτι
1444 5409 1509 5482 δέ
1535 5412 1625 5464 τὸν
1650 5406 1975 5482 ,παρᾳάλύτον
2001 5412 2030 5463 6

443 5479 972 5552 Σωτὴρ-ἰασάμενος
1012 5481 1180 5552 κατὰψ
1208 5479 1309 5548 τὴν
1323 5479 1343 5552 _'
1362 5480 1706 5552 προδατικὴν
1738 5479 1852 5552 εἶχε
1904 5481 2032 5534 θεα-

444 5557 546 5623 τὴν
584 5544 675 5624 τού
707 5544 986 5624 θαύματος
1022 5544 1468 5624 Δτὸνρβαρνόιϐσίν·
1522 5553 1606 5624 διδ
1658 5544 1762 5624 ίκαὶ
1792 5544 1931 5624 πρὸς
1964 5553 2031 5624 τά

446 5619 592 5696 βάθη
614 5621 724 5696 τῆς
747 5620 975 5696 καρδίας
1005 5619 1479 5696 ἀποδλεψάμενος,
1514 5623 1610 5696 καὶ
1639 5621 1817 5696 λόγου
1841 5619 1850 5624 ⁷
1871 5622 2033 5696 μετέ-

443 5691 472 5749 δ
493 5691 610 5758 υκέ,
645 5694 740 5746 καὶ
769 5709 839 5743 πα
851 5693 1082 5762 ῥρησίας
1115 5691 1216 5762 τῆς
1251 5692 1387 5757 πρὸς
1411 5692 1596 5756 αὑτὸν,
1627 5694 1656 5745 6
1685 5694 1866 5746 τοίνυν
1893 5694 2037 5762 Βαρ-

446 5767 616 5827 νάϐας
640 5764 738 5830 τὴν
767 5761 946 5815 οἰκίαν
971 5761 1193 5833 Μαρίας
1245 5761 1346 5833 τῆς
1377 5763 1610 5833 μητρὸς
1642 5763 1921 5833 Ἰωάννου,
1979 5761 2038 5825 ὃς

443 5837 669 5903 Μάρκος
688 5833 997 5898 ἐπελέγετο,
1023 5830 1348 5884 καταλαϐὼν
1367 5830 1539 5900 (θείαν
1553 5833 1610 5887 δὲ
1629 5832 1817 5887 τούτου
1837 5838 2039 5903 ταύτην

446 5906 592 5976 εἶχεν
620 5907 644 5958 ό
669 5904 846 5973 λόγος)
872 5907 1007 5973 φησὶ
1032 5903 1164 5972 πρὸς
1186 5903 1375 5973 αὑτήν
1402 5921 1419 5955 ι
1443 5903 1502 5957 Ὀ
1528 5904 1736 5974 μέλλω]
1763 5905 2039 5974 ἔρχεσθαι,

2134 4688 2416 4760 ἀπεστάλη
2451 4686 2591 4760 πρὸς
2620 4687 2712 4742 τὸν
2750 4687 2926 4751 δεῖνα,
2948 4688 3011 4743 οὐ
3044 4688 3152 4760 μὴν
3197 4689 3363 4756 αὐτὸς
3388 4690 3421 4743 ό
3461 4687 3724 4761 Ἰωάννης

2130 5060 2192 5115 ὃν
2217 5059 2528 5128 ἐπεθύμουν
2577 5059 2708 5114 ίδεῖν
2747 5058 2795 5112 οί
2832 5056 3070 5128 πατέρες
3099 5055 3285 5128 ἡμῶν,
3321 5055 3446 5128 ίδουί
3473 5055 3726 5128 παραγέτ

2131 5148 2314 5200 γονε.ι
2348 5125 2456 5184 Καὶ
2484 5129 2603 5200 ἅμα
2637 5125 3020 5200 καταλιποῦσα
3071 5125 3250 5200 πάντα
3301 5125 3568 5200 κατέλαϐε
3601 5125 3724 5200 κτὸν

2132 5192 2281 5263 ναὸν,
2314 5201 2408 5252 καὶ
2559 5199 2786 5270 Χριστῷ
2817 5196 3216 5270 προσπεσοῦσα
3265 5196 3404 5270 πρὸς
3449 5195 3541 5270 τὸν
3573 5192 3724 5270 οἷκον

2135 5271 2311 5340 αὐτῆς
2352 5265 2628 5340 εἰσελθεῖν
2653 5265 2822 5340 Δαὐτὸν
2860 5265 3189 5340 παρεκάλει,
3245 5269 3340 5320 καὶ
3357 5265 3424 5340 δὴ
3461 5268 3556 5340 καὶ
3593 5265 3722 5334 ἀφί·

2134 5331 2422 5393 κετοΪΚαὶ
2453 5339 2600 5392 ἐστιν
2623 5332 2780 5401 οὗτος
2816 5340 2874 5391 ἐν
2899 5331 3027 5405 ᾤ’τὸ
3049 5337 3240 5406 Πάσχα
3291 5331 3432 5406 μετά
3464 5337 3571 5389 τῶν
3619 5331 3725 5406 μα·

2139 5410 2319 5494 θητῶν
2337 5409 2648 5494 ἐπετέλεσε.
2679 5409 2851 5494 Λόγος
2881 5409 2936 5494 δέ
2955 5405 3282 5494 ,άνωθενεξξ
3309 5409 3457 5477 ἡμᾶς
3481 5405 3723 5494 καταδέ-

2141 5477 2334 5549 6ηκεν,
2353 5480 2432 5542 ὡς
2457 5482 2725 5547 κεράμιον
2766 5477 3057 5550 βαστάζων
3089 5477 3184 5550 τοῦ
3221 5477 3459 5550 ύδατοςκ
3485 5477 3528 5544 ᾧ
3555 5492 3726 5550 κατα-

2143 5546 2422 5603 κολουθεῖν
2445 5551 2472 5601 6
2506 5546 2893 5632 Xpt0t6;~s06;
2931 5546 3182 5618 μαθητάς
3205 5547 3523 5670 ⁹ἐπέτιρεὲίειτ,

2143 5637 2239 5670 ato:
2263 5616 2332 5670 ἦν
2358 5622 2384 5670 ό
2423 5621 2608 5670 00:06:.
2649 5637 2678 5670 0
2702 5635 2805 5670 1m.-
2844 5620 3062 5670 Μαρίας
3123 5635 3328 5670 ταύτης
3375 5635 3428 5670 ut
3463 5631 3510 5670 ς·

2143 5637 2239 5682 ato;
2263 5616 2332 5690 ἦν
2358 5622 2398 5690 67
2423 5615 2608 5688 σοφὸς,
2649 5621 2678 5672 ὁ
2702 5618 2805 5688 τῆς
2844 5615 3081 5690 Μαρίας
3123 5617 3328 5690 ταύτης
3358 5615 3510 5690 ξυὶόςέ
3565 5615 3726 5690 ἐν-δὴ

2145 5690 2224 5760 τῷ
2256 5687 2486 5757 τοιούτῳ
2503 5687 2643 5760 οἴκῳ
2666 5687 2768 5742 καὶ
2824 5687 2969 5758 μετά
3011 5689 3108 5758 τὴν
3151 5687 3436 5760 ἀνάληψιν
3492 5687 3723 5760 ἀνῆλθον

2129 5755 2672 5829 -ὑὲτοστρέψαντεςόἱ
2703 5755 2995 5813 ἀπόστολοι
3034 5755 3174 5829 μετὰ
3207 5755 3550 5820 τῶνλοιπῶν
3575 5755 3724 5829 ἁδελ-

2151 5832 2286 5899 φῶν,
2318 5825 2376 5883 ἐν
2407 5825 2488 5893 οἷς
2519 5826 2587 5899 ἦν
2621 5834 2716 5882 καὶ
2743 5825 3053 5897 Βαρνάϐις,
3077 5829 3172 5882 καὶ
3209 5829 3458 5899 Μάρκες.
3493 5826 3726 5894 Ἐπιφά-

2153 5919 2260 5966 mo;
2292 5903 2348 5954 δέ
2372 5919 2475 5965 τις.
2508 5913 2560 5956 et
2595 5900 2826 5970 reliqua.
2885 5956 2902 5962 _

3476 5564 3523 5613 ε,
3562 5546 3724 5616 Mdg-
3837 5596 3850 5608 ,
