4054 6422
229 469 330 532 ί-Οἲ

1461 476 1871 538 ANNALIUM
1913 477 2109 537 PARS
2151 479 2268 541 ΙΙΙ.

3386 480 3491 542 406

221 577 290 650 ἦν
319 581 346 631 6
381 579 532 632 δεῖνα
584 581 794 645 ἐκεῖνος
830 582 968 652 πρὸς
1008 581 1067 640 6v
1118 583 1522 657 ἀπεστάλησαν
1543 590 1593 641 ol
1631 588 1806 659 μαθη-

1915 591 2144 664 legisse;
2197 592 2342 660 quod
2379 607 2514 647 sane
2547 592 2589 647 si
2627 592 2780 663 prius
2831 591 3078 663 legisset,
3120 592 3385 647 Joannem
3423 594 3490 647 ad

221 673 313 726 ταὶ
342 670 494 744 παρα
523 671 618 727 τοῦ
653 674 889 746 Κυρίου.

291 945 426 1015 Περὶ
452 943 510 998 δὶ
537 944 629 997 τοῦ
664 945 878 998 Παύλου
907 947 960 1001 τί
990 948 1099 1019 χρὴ
1130 949 1227 1003 καὶ
1281 950 1487 1020 λεγειν,
1519 951 1577 1004 εἴ
1605 969 1670 1020 γε
1704 954 1803 1006 καὶ

217 1034 406 1089 τοῦτον
431 1032 573 1090 εἶναι
596 1038 837 1108 νομίζεις
859 1039 954 1093 ἕνα
979 1040 1088 1093 τῶν
1107 1041 1316 1096 δώδεκα
1339 1044 1480 1098 κατὰ
1499 1043 1597 1112 τὴν
1616 1043 1802 1096 πλειό-

219 1145 327 1180 νων
359 1128 668 1198 ὑπόληψιν;
706 1130 879 1200 Ἀφες
913 1133 1041 1195 τοὺς
1066 1134 1174 1187 τῶν
1209 1135 1421 1187 πολλῶν
1453 1122 1667 1203 λόγους,
1705 1137 1801 1189 καὶ

220 1222 333 1281 τοῖς
376 1221 544 1289 ἱεροῖς
606 1223 840 1292 πρόσεχε
897 1224 1216 1294 γράμμασι.
1274 1227 1494 1281 Δώδεκα
1563 1229 1663 1299 μὲν
1709 1230 1803 1284 οὖν

223 1310 504 1376 ἐξελέξατο
544 1315 794 1384 μαθητὰς
825 1317 852 1368 6
896 1318 1154 1387 Χριστὸς,
1185 1315 1267 1397 οἷς
1320 1322 1421 1374 οὐκ
1475 1321 1592 1375 ἔστι
1634 1341 1802 1392 συνη-

225 1409 562 1480 ριθμημὲνος
589 1412 618 1463 6
655 1412 894 1475 Παῦλος.
929 1413 1051 1477 Πῶς
1084 1416 1179 1468 καὶ
1208 1416 1339 1486 γάρ,
1373 1417 1491 1485 εἴγε
1537 1419 1674 1486 μετὰ
1705 1419 1805 1486 τὴν

223 1500 319 1552 τοῦ
353 1502 623 1569 παναγίου
674 1502 995 1571 Πνεύματος
1038 1504 1265 1558 κάθοδον
1323 1508 1695 1576 προσελήλυθε
1729 1508 1806 1576 τῷ

225 1591 490 1663 Χριστῷς
542 1593 763 1647 Δώδεκα
824 1595 922 1664 μὲν
988 1592 1084 1651 οὖν
1137 1599 1187 1650 el
1248 1599 1509 1669 μαθηταὶ,
1542 1602 1627 1671 ἐφ’
1662 1597 1736 1655 ὧν
1779 1603 1806 1655 6

236 1684 442 1748 Ἰούδας
471 1687 537 1756 τῇ
576 1689 674 1756 τῆς
701 1687 1074 1758 φιλαργυρίας
1111 1690 1260 1767 ,νόσῳ
1289 1689 1521 1760 κάτοχος
1561 1693 1808 1760 γεγονὼς

223 1774 321 1828 τοῦ
375 1775 486 1828 τῶν
536 1777 795 1846 μαθητῶν
848 1778 1106 1830 ἐκπίπτει
1157 1780 1348 1848 χοροῦ.
1403 1781 1705 1850 Είσάγεται
1748 1783 1806 1836 δὲ

1905 686 2140 741 alterum
2196 684 2344 739 illum
2399 691 2612 740 certum
2665 686 2943 741 hominem
3001 685 3311 756 ablegatum
3368 687 3492 739 ani-

1907 778 2314 845 madvertisset,
2350 793 2454 834 nec
2495 778 2647 834 illum
2678 777 2846 835 fuisse
2881 779 2949 833 ad
2977 793 3139 849 quem
3173 793 3202 832 a
3249 779 3482 832 Domino

1909 871 2290 926 mittebantur.

1975 963 2245 1018 Caeterum
2277 964 2346 1018 de
2385 962 2557 1019 Paulo
2600 963 2743 1018 nihil
2790 962 3086 1018 dicendum
3137 961 3286 1018 aliud
3327 978 3490 1028 quam

1907 1057 2052 1125 quod
2090 1057 2147 1111 in
2198 1072 2430 1112 numero
2483 1056 2881 1126 discipulorum
2920 1055 3142 1110 illorum
3199 1053 3492 1108 duodecim

1909 1165 2019 1204 non
2053 1149 2240 1210 fuerit,
2290 1149 2438 1220 quod
2493 1158 2674 1204 tamen
2724 1149 2926 1220 vulgus
2958 1149 3246 1202 hominum
3295 1145 3492 1200 existi—

1909 1250 2042 1294 mat.
2077 1240 2158 1294 Tu
2211 1241 2322 1296 illis
2360 1241 2716 1310 opinionibus
2767 1239 3014 1304 omissis,
3048 1255 3171 1308 quae
3217 1239 3388 1292 sacris
3440 1237 3494 1290 in

1907 1333 2138 1387 Litteris
2179 1333 2404 1393 tradita.
2431 1341 2562 1388 sunt
2604 1333 2868 1388 retineto.
2906 1330 3201 1385 Duodecim
3240 1329 3500 1383 videlicet

1908 1423 2209 1490 discipulos
2270 1423 2528 1478 Christus
2585 1423 2802 1492 selegit,
2865 1438 3102 1491 quorum
3163 1421 3527 1475 innumero

1909 1511 2114 1568 Paulus
2143 1531 2493 1584 nequaquam
2533 1515 2766 1569 exstitit.
2802 1514 2935 1568 Nam
2965 1513 3057 1582 qui
3097 1512 3290 1568 referri
3327 1512 3499 1580 possit
3533 1507 3538 1510 ’

1911 1608 2058 1661 inter
2116 1621 2231 1671 eos,
2285 1620 2412 1659 cum
2475 1621 2505 1659 a
2560 1606 2738 1660 sancti
2791 1606 3037 1673 Spiritus
3099 1607 3153 1659 in
3219 1603 3502 1672 apostolos

1908 1696 2175 1750 descensu
2214 1697 2454 1766 primum
2481 1695 2708 1751 Christo
2737 1695 3071 1751 accesserit?
3101 1694 3177 1747 Ex
3208 1693 3498 1748 duodecim

1910 1803 2044 1843 vero
2085 1787 2374 1858 discipulis
2426 1803 2550 1842 cum
2606 1788 2778 1842 Judas
2822 1803 2966 1843 unus
3005 1786 3253 1841 avaritiae
3309 1784 3502 1839 morbo

224 1867 342 1921 ἀντ’
395 1867 563 1922 αὑτοῦ
602 1871 740 1938 μετὰ
774 1871 874 1941 τὴν
904 1870 1000 1925 τοῦ
1037 1873 1248 1940 Κυρίου
1285 1872 1561 1956 ρινάληψιν
1587 1876 1614 1928 6
1651 1876 1807 1928 Ματ-

1915 1891 2204 1949 correptus
2255 1881 2360 1936 hoc
2416 1882 2615 1936 ordine
2668 1897 2733 1936 ae
2786 1892 2934 1938 cmtu
2997 1880 3318 1941 excidisset,
3377 1885 3502 1948 post

226 1961 369 2027 θεας,
396 1960 472 2024 ὡς
503 1963 535 2031 ἡ
575 1961 752 2031 βίόλος
779 1963 1094 2034 διαγορεύει
1121 1967 1233 2018 τῶν
1273 1965 1556 2036 Πράξεων.
1593 1968 1806 2022 Οὐκοῦν

1915 1971 2131 2028 Domini
2168 1973 2550 2028 ascensionem
2598 1973 2651 2027 in
2697 1975 2896 2029 cmlum
2943 1971 3106 2044 214
3136 1971 3391 2024 Matthias
3446 1969 3498 2023 in

225 2054 278 2107 οἷ
307 2056 402 2108 τὸν
431 2053 644 2109 Παῦλον
682 2053 778 2108 ἕνα
807 2056 1062 2122 λέγουσιν
1085 2051 1228 2108 εἶναι
1254 2057 1364 2110 τῶν
1405 2056 1685 2128 δὼδεκα,ἢ
1716 2059 1808 2111 τὶν

1915 2065 2033 2134 ejus
2058 2064 2242 2117 locum
2273 2063 2542 2120 sull'ectus
2563 2072 2668 2127 est,
2701 2064 2846 2117 sicut
2879 2063 3145 2118 Actorum
3178 2061 3318 2116 liber
3349 2074 3502 2114 com-

225 2145 533 2200 ἐκπεσόντα
565 2146 659 2200 τοῦ
687 2147 850 2217 χοροῦ
901 2146 1236 2227 δειξάτωσαν
1294 2150 1427 2218 ἡμῖν
1454 2148 1528 2218 (εί
1579 2151 1654 2220 μὴ
1699 2149 1809 2220 γὰρ

1915 2164 2185 2210 memorat
2208 2156 2272 2209 ⁵⁷.
2336 2155 2523 2224 Itaque
2574 2155 2620 2210 si
2671 2156 2765 2223 qui
2813 2154 3043 2207 Paulum
3097 2153 3152 2206 in
3210 2164 3500 2206 numerum

227 2239 457 2303 ἐξέπεσε
490 2257 596 2304 τις,
631 2241 732 2294 οὐκ
763 2241 828 2294 ἂν
864 2243 890 2294 6
921 2241 1135 2304 Παῦλος
1170 2242 1464 2311 εἰσῆλθεν),
1493 2243 1635 2311 ἦτὸν
1665 2243 1816 2296 Παῦ-

1915 2244 2133 2298 illorum
2167 2243 2460 2298 duodecim
2495 2243 2701 2299 referre
2731 2244 2945 2310 volunt,
2980 2243 3064 2296 vel
3089 2241 3214 2312 quis
3242 2255 3309 2295 eo
3355 2249 3503 2294 coetu

227 2334 321 2388 λον
370 2333 466 2387 ἕνα
510 2329 653 2389 εἶναι
700 2335 810 2388 τῶν
849 2335 1061 2388 δώδεκα
1095 2335 1170 2405 μὴ
1201 2329 1538 2404 λεγέτωσαν.
1581 2337 1730 2407 Πλὴν
1762 2337 1812 2390 εί

1917 2335 2188 2394 exciderit
2236 2329 2646 2400 demonstrent,
2680 2335 2736 2390 in
2792 2336 2952 2404 cujus
2989 2335 3106 2402 ipse
3151 2333 3334 2387 locum
3384 2345 3507 2383 suc-

228 2427 324 2480 καὶ
349 2426 425 2496 μὴ
443 2425 520 2496 τῷ
549 2425 693 2498 χορῷ
713 2427 823 2480 τῶν
848 2426 914 2497 ιβ’
949 2428 1439 2498 συνηριθμημένος
1476 2427 1650 2494 ἐστὶν,
1685 2427 1802 2482 ἀλλ’

1915 2426 2154 2481 cesserit
2197 2425 2422 2495 (quippe
2480 2439 2551 2479 ne
2600 2424 2725 2494 quis
2777 2424 3070 2490 exciderit,
3108 2421 3313 2478 Paulus
3363 2420 3506 2472 inter

225 2521 403 2582 οὐδεὶς
452 2520 935 2588 ὲπάνωστήσεται
963 2521 1202 2587 Παύλου,
1244 2520 1391 2574 καθά
1428 2536 1594 2589 φησιν
1623 2519 1651 2570 6
1694 2518 1795 2589 τὴν

1915 2531 2010 2570 eos
2059 2517 2264 2572 relatus
2313 2517 2484 2571 fuisse
2524 2516 2632 2571 diei
2685 2532 2796 2570 non
2854 2513 3082 2586 potest),
3134 2513 3219 2567 vel
3274 2511 3507 2566 Paulum

224 2615 474 2683 γλῶτταν
519 2614 774 2684 χρυσοῦς.
812 2615 873 2668 El
932 2614 1042 2683 γὰρ
1072 2615 1305 2675 ἕκαστος
1335 2613 1479 2666 κατὰ
1512 2611 1606 2665 τὸν
1663 2610 1801 2664 ῑδιον

1915 2606 2092 2662 facere
2122 2608 2192 2661 de
2243 2607 2539 2664 duodecim
2597 2622 2770 2661 unum
2813 2606 3092 2660 desinant.
3140 2603 3272 2659 Utut
3324 2613 3506 2656 autem

229 2689 400 2762 κόπον
443 2707 662 2761 καὶτὸν
700 2706 892 2777 μισθὸν
949 2705 1450 2777 λήψεται,σΠαύλου
1510 2703 1568 2758 δὲ
1613 2702 1801 2756 πλεῖον

1915 2704 2058 2749 coetu
2101 2696 2324 2752 illorum
2357 2696 2648 2750 duodecim
2683 2686 3121 2765 comprehensus
3172 2709 3282 2747 non
3314 2693 3506 2755 fuerit,

229 2801 406 2864 οὐδεὶς
449 2799 729 2863 ἐκοπίασε,
758 2800 811 2852 τί
842 2801 948 2871 χρὴ
1007 2799 1104 2852 καὶ
1159 2797 1381 2867 λέγειν;
1433 2796 1670 2867 Εῦδηλον
1703 2796 1814 2866 γὰρ

1915 2803 2080 2842 nemo
2137 2797 2321 2842 tamen
2366 2787 2536 2841 alium
2588 2801 2924 2857 quemquam
2975 2785 3288 2856 apostolum
3338 2799 3506 2852 supra

230 2892 481 2948 ἐντεῦθεν
505 2894 578 2956 ὡς
601 2894 703 2948 οὐκ
737 2891 885 2948 ἔστιν
908 2891 1074 2946 αὑτοῦ
1098 2891 1298 2963 μείζων
1320 2891 1519 2955 οὐδείς.
1551 2891 1661 2946 Καὶ
1689 2889 1818 2961 περὶ

1921 2881 2151 2936 Paulum
2189 2875 2504 2946 collecabit,
2548 2889 2610 2933 ut
2655 2877 2898 2934 Joannes
2945 2878 3038 2932 ille
3079 2876 3509 2948 Chrysostomus

235 2987 339 3056 μὲν
366 2986 571 3042 τούτων
609 2985 802 3050 οὕτως.

1928 2980 2024 3035 ait.
2061 2980 2278 3049 Quippe
2305 2981 2349 3036 si
2377 2996 2478 3051 pro
2505 2980 2712 3035 laboris
2742 2981 2826 3034 sui
2859 2979 3074 3034 ratione
3100 2992 3313 3033 merces
3339 2977 3505 3031 etiam

234 3078 532 3149 unicuique
580 3079 882 3146 tribuetur,
937 3088 994 3136 et
1043 3078 1088 3135 si
1144 3078 1333 3134 nullus
1389 3077 1612 3133 illorum
1677 3076 1806 3146 plus
1879 3075 2055 3131 Paulo
2128 3074 2426 3139 laboravit,
2469 3073 2626 3145 quid,
2671 3072 2928 3140 obsecro,
2969 3068 3506 3129 discendum?Pcr-

233 3179 484 3249 spieuum
519 3179 651 3235 hinc
718 3179 965 3251 profecto
1009 3188 1096 3235 est
1143 3179 1424 3234 neminem
1472 3192 1542 3233 eo
1606 3176 1873 3246 majorem
1912 3189 2059 3231 esse.
2086 3175 2162 3230 De
2198 3174 2287 3228 his
2319 3173 2612 3228 hactenus.

313 3272 373 3327 Ὀ
403 3273 460 3326 δὲ
515 3271 718 3344 Κύριος
767 3273 924 3342 ἡμῶν
990 3271 1203 3344 Ἰησοῦς
1257 3271 1498 3342 Χριστὸς
1557 3270 1700 3342 μετὰ
1747 3270 1807 3324 τδ

1983 3268 2252 3325 Dominus
2273 3276 2459 3324 autem
2484 3277 2674 3325 noster
2693 3267 2857 3324 Jesus
2874 3264 3131 3323 Christus
3148 3272 3507 3334 posteaquam

237 3363 602 3436 βαπτισθῆναι
643 3367 741 3420 καὶ
792 3364 888 3418 τοῦ
922 3363 1389 3435 θαυματουργετν,
1432 3363 1508 3428 ὡς
1551 3363 1816 3436 προείρηο

233 3478 345 3525 ται,
378 3458 472 3512 καὶ
508 3457 602 3512 τοῦ
645 3457 922 3511 διδάσκειν
981 3457 1323 3530 ἁπάρχεται,
1365 3457 1450 3526 ἐφ’
1481 3448 1526 3526 ᾧ
1560 3457 1657 3510 καὶ
1686 3455 1816 3510 λαὸν

233 3553 337 3608 οὒκ
359 3552 536 3619 ὀλίγον
565 3552 878 3619 ἐφέλκεται.
913 3550 1103 3623 Ταύτῃ
1135 3568 1221 3604 τοι
1259 3551 1358 3604 καὶ
1396 3549 1692 3618 φθονοῦσιν
1722 3549 1819 3601 αὑ-

139 3641 143 3645 ’
234 3643 316 3712 τῷ
359 3643 407 3696 οἱ
453 3645 729 3714 ἀρχιερεῖς
775 3644 869 3696 καὶ
918 3643 968 3695 οἱ
1017 3643 1412 3712 γραμμματεϊςο
1467 3641 1592 3694 ὅθεν
1623 3640 1818 3717 ῦϐρεσι

243 3735 505 3789 πλύνουσι
541 3736 638 3789 καὶ
662 3735 1066 3806 μώμουςδαύτῷ
1096 3733 1609 3805 προσεπιτρίὸουσι,
1632 3734 1820 3803 Σαμα-

243 3827 427 3898 ρείτην
459 3824 872 3888 ἀποκαλοῦντες
904 3826 1001 3880 καὶ
1024 3823 1370 3894 δαιμονῶντα
1413 3823 1590 3893 φάγον
1626 3839 1684 3876 τε
1721 3820 1820 3875 καὶ

238 3919 525 3988 οἰνοπότην
568 3919 754 3975 αὐτόν.
803 3919 968 3974 Ἀλλά
1025 3917 1121 3971 καὶ
1173 3917 1348 3979 λίθοις
1383 3916 1682 3987 βάλλουσι,
1725 3915 1822 3969 καὶ

244 4014 446 4084 μᾶλλον
473 4014 638 4084 ἡνίκα
672 4013 1052 4084 τετραήμερον
1092 4012 1283 4083 ἤγειρε
1330 4011 1424 4064 τὸν
1471 4011 1728 4081 Λάζαρον
1758 4010 1824 4064 ἐκ

243 4104 476 4174 νεκρῶν.
529 4103 728 4157 Οῦκέτι
779 4103 968 4156 λοιπὸν
1023 4102 1315 4174 παρρησίᾳ
1375 4101 1705 4171 περιεπάτει
1765 4101 1824 4154 ἐν

241 4198 358 4259 τοῖς
409 4195 710 4260 Ἰουδαίοις,
749 4192 869 4248 ἀλλ’
895 4194 1142 4265 ἀπῆλθεν
1185 4195 1268 4258 είς
1309 4192 1410 4265 τὴν
1437 4194 1625 4264 χώραν
1656 4194 1826 4262 ἐγγὺς

242 4287 340 4356 τῆς
373 4287 582 4357 ἐρήμου
629 4287 710 4349 εἰς
768 4284 1014 4357 Ἐφραῖμ
1070 4285 1392 4356 λεγομένην
1437 4285 1621 4349 πόλιν,
1663 4283 1828 4338 κάκεῖ
1871 4309 1882 4316 ~

244 4376 493 4447 διέτριὸε
560 4375 702 4446 μετὰ
762 4377 872 4432 τῶν
939 4377 1200 4447 μαθητῶν
1230 4377 1419 4444 αὐτοῦ,
1454 4376 1530 4440 ὡς
1567 4377 1826 4445 Ἰωάννης

247 4467 402 4536 φησί.
444 4465 581 4521 Μεθ’
633 4466 856 4537 ἡμέρας
897 4466 956 4519 δέ
1011 4484 1169 4531 τινας
1204 4467 1420 4520 ἐκεῖθεν
1448 4467 1695 4538 ἔρχεται,
1731 4465 1829 4519 καὶ

248 4559 387 4627 μετὰ
445 4557 613 4627 βατων
671 4559 1135 4628 προσυπᾳντῶσιν
1185 4559 1336 4629 αὐτῷ
1391 4560 1486 4613 τοῦ
1536 4559 1679 4613 κατὰ
1735 4557 1828 4612 τὸν

1917 3365 2227 3434 baptitatus
2282 3373 2469 3429 esset,
2515 3373 2632 3419 tum
2685 3363 2956 3418 miracula
3017 3361 3268 3432 quautam
3317 3358 3506 3422 edere,

1915 3473 2015 3513 ceu
2046 3456 2200 3527 prius
2233 3455 2638 3520 iudicabamus,
2675 3457 2865 3525 coepit,
2928 3463 3042 3510 tum
3094 3450 3331 3507 docendi
3380 3449 3513 3504 fecit.

1917 3547 2162 3601 initium.
2203 3546 2324 3612 Quo
2359 3546 2564 3600 factum
2597 3554 2658 3601 ut
2702 3546 2969 3616 populum
3019 3543 3085 3599 ad
3118 3559 3177 3598 se
3226 3557 3332 3596 non
3379 3540 3502 3594 exi-

1917 3654 2084 3709 guum
2119 3637 2491 3708 pertraheret,
2525 3651 2692 3707 quam
2728 3652 2843 3691 rem
2890 3634 3216 3706 pontiﬁcum
3265 3641 3321 3688 et
3371 3631 3512 3686 scri-

1919 3731 2116 3785 barum
2158 3728 2368 3783 invidia
2398 3740 2586 3784 secnta
2626 3737 2729 3783 est.
2763 3727 2904 3798 llinc
2949 3726 3278 3797 injuriarum
3323 3738 3513 3792 asper-

1882 3820 2106 3891 _siones
2147 3828 2202 3875 et
2258 3819 2754 3890 reprehensionum
2812 3816 3224 3887 usurpationes,
3299 3814 3508 3884 quibus

1921 3928 2047 3969 eum
2072 3912 2446 3982 exagitabant,
2466 3911 2879 3968 Samaritanum
2905 3909 3248 3981 appellantes
3269 3917 3325 3962 et
3349 3905 3514 3976 genio

1924 4007 2069 4060 malo
2100 4004 2406 4077 obnoxium
2462 4013 2519 4060 et
2573 4003 2936 4060 comedonem
2995 4011 3052 4058 et
3118 4001 3512 4056 temulentum.

1923 4098 2067 4168 Quin
2117 4098 2283 4154 etiam
2338 4097 2614 4168 lapidibus
2663 4097 2844 4167 ipsum
2901 4095 3211 4167 petebant,
3277 4108 3342 4148 ac
3398 4102 3514 4147 tum

1924 4192 2231 4263 praesertim
2275 4205 2400 4247 cum
2450 4189 2717 4245 Lazarum
2766 4198 2879 4245 toto
2927 4189 3113 4243 triduo
3145 4196 3422 4242 mortuum
3458 4184 3516 4238 in

1924 4285 2094 4341 vitam
2123 4291 2466 4341 revocasset.
2515 4283 2701 4350 Quare
2749 4298 2862 4336 non
2907 4281 3018 4351 jam
3071 4279 3313 4348 amplius
3347 4277 3520 4332 anda-

1926 4386 2047 4434 cter
2084 4377 2230 4433 inter
2253 4375 2478 4431 Iudaeos
2513 4374 2866 4436 versabatur,
2896 4373 2994 4428 sed
3028 4371 3085 4427 in
3113 4371 3356 4427 vicinam
3386 4368 3520 4424 soli-

1930 4470 2108 4526 tudini
2156 4470 2458 4540 regionem,
2491 4467 2585 4522 ubi
2611 4467 2876 4537 oppidum
2908 4475 3030 4520 erat
3075 4479 3240 4534 quam
3271 4463 3520 4532 Ephrae—

1929 4578 2074 4618 mam
2116 4561 2398 4626 dicebant,
2427 4559 2747 4624 secedebat,
2811 4559 3001 4628 ibique
3048 4571 3177 4612 eum
3208 4555 3520 4625 discipulis

243 4625 495 4720 Ᾱάζαρον
553 4625 726 4704 ἕνεκα*
771 4651 1074 4722 θαύματος.
1131 4653 1221 4707 Ἐν
1275 4625 1333 4705 δὲ
1386 4668 1450 4720 γε
1495 4655 1562 4722 τῇ
1613 4651 1818 4724 μεγάλῃ

1931 4655 2049 4711 suis
2071 4649 2418 4723 aliquandiu,
2449 4666 2550 4706 ceu
2583 4649 2826 4706 Joannes
2873 4648 3153 4704 memoriae
3181 4647 3429 4719 prodidit
3449 4647 3518 4711 ι’,

243 4743 467 4816 τετράδι
501 4743 656 4815 παρὰ
685 4744 892 4815 Σίμωνι
927 4747 1180 4800 ὲστιᾶται
1209 4746 1289 4816 τῷ
1317 4746 1490 4817 πατρὶ
1519 4745 1614 4800 τοῦ
1641 4745 1827 4811 Λαζά-

1932 4745 2189 4816 degebat.
2245 4743 2375 4800 Post
2427 4741 2642 4813 aliquot
2689 4741 2812 4798 dies
2860 4740 3163 4821 revertenti
3213 4738 3520 4810 palmarum

248 4853 344 4906 ρου
379 4835 514 4905 (56),
550 4835 609 4889 ὃν
633 4836 798 4899 αὐτὸς
827 4837 930 4907 τῆς
965 4838 1174 4909 λέπρας
1207 4839 1420 4894 ἰάσατο.
1453 4839 1588 4892 Τότε
1615 4839 1680 4909 δὴ
1705 4839 1818 4892 τότε

1931 4855 2057 4896 cum
2090 4838 2258 4894 ramis
2287 4844 2608 4902 occurrunt,
2634 4836 2755 4906 ejus
2795 4834 3046 4890 miraculi
3070 4848 3234 4889 causa
3262 4831 3409 4902 quod
3464 4832 3521 4887 in

245 4931 279 4998 ἡ
312 4929 450 5000 γυνὴ
496 4929 670 5002 πόρνη
722 4934 790 5002 τῇ
835 4920 1248 5003 κεφαλῇάὐτοῦ
1287 4931 1462 5004 μύρον
1488 4933 1697 5003 ὲπιχέει
1732 4949 1818 4986 πο-

1933 4915 2314 4987 resuseitando
2362 4929 2577 4985 Lazaro
2642 4927 2920 4984 ediderat.
2972 4925 3104 4981 Inde
3171 4940 3364 4995 magna
3429 4923 3523 4978 illa

246 5021 490 5090 λύτιμον.
529 5016 673 5092 Ὅρα
707 5023 764 5076 δὲ
798 5024 1069 5095 νουνεχῶς
1097 5026 1196 5095 ιὸτι
1245 5025 1302 5078 αί
1357 5027 1621 5094 γυναῖκες
1661 5013 1715 5078 ἆί
1767 5025 1818 5080 τὲ

1931 5033 2128 5095 quarta
2165 5023 2300 5079 feria
2335 5023 2478 5093 apud
2522 5022 2807 5077 Simonem
2845 5019 3044 5075 Lazari
3096 5026 3333 5090 patrem,
3364 5016 3526 5087 cujus

252 5112 426 5181 μύρον
460 5113 753 5185 anteum
807 5117 899 5171 τὸν
942 5117 1153 5190 Κύριον
1190 5120 1339 5190 τρεῖς
1367 5121 1422 5172 αἱ
1462 5117 1640 5172 πᾶσαί
1669 5121 1818 5172 εἰσινι

1935 5117 2147 5188 lepram
2197 5122 2509 5179 sanaverat,
2591 5113 2851 5169 convivio
2908 5112 3222 5183 excipitur;
3285 5126 3396 5182 quo
3468 5111 3525 5165 in

253 5203 424 5273 ’Λλλη
464 5205 562 5274 μὲν
607 5209 718 5279 γάρ
750 5208 898 5260 ἐστιν
927 5210 962 5278 ἡ
995 5209 1149 5279 παρὰ
1179 5209 1257 5280 τῷ
1304 5210 1550 5282 Ἰωάννῃ·
1584 5211 1746 5281 τιμία
1776 5211 1818 5264 6i

1936 5208 2192 5264 convivio
2239 5206 2441 5261 mulier
2487 5205 2765 5276 quaedam,
2815 5220 2941 5276 quae
2996 5219 3230 5276 corpore
3276 5219 3382 5260 suo
3412 5219 3528 5258 me-

249 5293 414 5366 αὖτη,
441 5299 535 5350 καὶ
564 5300 597 5370 ή
639 5299 846 5370 ἀδελφὴ
881 5289 1288 5370 τοῦΛαζάρου.
1324 5303 1499 5372 ’Ἄλλη
1522 5301 1579 5355 δὲ
1618 5304 1652 5372 ἡ
1685 5301 1818 5373 ποιρὲ

1939 5300 2166 5364 ruisset,
2211 5306 2497 5368 unguento
2529 5298 2752 5352 maximi
2790 5298 2956 5369 pretii
3017 5307 3184 5369 caput
3232 5298 3354 5370 ejus
3399 5312 3527 5368 per-

252 5387 353 5454 τῆς
401 5389 582 5452 οἰκίας
637 5391 884 5470 Σίμωνος
939 5391 1035 5445 τοῦ
1086 5391 1329 5464 λεπροῦ·
1367 5393 1546 5465 πόρνη
1588 5395 1644 5448 δὲ
1691 5394 1818 5448 αῦττ

1940 5391 2140 5446 fundit.
2190 5390 2370 5460 Atque
2418 5390 2508 5445 hic
2540 5390 2848 5460 prudenter
2890 5390 3167 5447 advertite
3202 5389 3352 5461 quod
3402 5405 3528 5443 mu-

255 5479 630 5548 προσελθοῦσα
681 5482 761 5554 τῷ
804 5485 1027 5554 Χριστῷ
1052 5523 1067 5551 ,
1103 5484 1290 5550 καθὼς
1319 5487 1348 5540 ὁ
1379 5485 1662 5550 Ματθαῖος
1691 5488 1818 5540 loco

1940 5486 2109 5542 lieres
2142 5500 2262 5557 qua:
2290 5484 2576 5541 Christum
2606 5493 2890 5557 unguento
2923 5484 3273 5556 perfuderint
3294 5482 3528 5539 omnino

322 5619 365 5650 ⁸⁷
398 5619 522 5675 Act.
557 5638 598 5688 ι,
626 5622 718 5678 26.
792 5623 839 5655 ⁸³
872 5623 1035 5680 Joan.
1063 5639 1142 5694 xu,
1181 5626 1270 5682 54.

323 5740 434 5816 (ὅθ)
473 5739 753 5816 Simonem
773 5743 1076 5812 Leprosum
1128 5755 1340 5816 patrem
1375 5746 1542 5802 fuisse
1611 5746 1822 5812 Lazari,
1949 5754 2114 5800 tuunt
2157 5743 2436 5816 mulieres,
2488 5759 2610 5814 qua:
2666 5741 2957 5816 Dominum
3001 5734 3368 5816 inmiserit“:
3413 5736 3510 5789 sed

258 5819 311 5865 et
344 5828 376 5890 ιι
395 5811 542 5880 lepra
569 5812 740 5868 fuisse
763 5831 791 5866 a
817 5807 1036 5890 Christo
1058 5807 1313 5890 sanatum
1371 5817 1572 5890 Clyeas
1604 5807 1823 5880 asserit,
1937 5819 2051 5890 lucc
2071 5833 2134 5870 ac
2161 5814 2362 5870 similia
2392 5807 2614 5871 ﬁrm-are
2638 5823 2733 5871 aut
2757 5812 3010 5869 refellere
3034 5807 3288 5884 pluribus
3315 5821 3424 5862 non
3441 5816 3525 5862 est

260 5889 315 5964 et
364 5885 419 5935 in
448 5897 638 5964 eorum
702 5885 1005 5941 concedere
1070 5888 1287 5964 videtur
1324 5885 1664 5964 opinionem,
1728 5891 1820 5956 qui
1933 5889 2171 5944 animus.

263 5959 372 6008 tres
401 5959 645 6022 omnino,
677 5968 879 6025 eosque
920 5973 950 6012 a
1004 5974 1060 6014 sc
1096 5961 1328 6016 invicem
1354 6028 1358 6033 ς
1388 5959 1653 6030 diversas,
1709 5969 1821 6016 sta-
3023 5992 3060 6026 ο

2745 6073 2763 6077 ρ
2775 6064 2895 6077 ν..ιαο-
2935 6065 2939 6069 -
3169 6066 3182 6071 -
3219 6065 3225 6068 .
3240 6060 3298 6068 ut.-.
3314 6063 3326 6067 ν
3341 6063 3352 6067 ..

197 6097 244 6114 θ.
