4054 6422
217 309 324 373 409

1449 305 1859 367 ANNAIJUM
1903 280 2102 362 rans
2147 301 2263 362 ιιῖ.

3395 257 3548 370 ΗΟ.

237 420 351 475 Καὶ
393 417 549 470 τοῦτο
593 417 770 486 δηλῶν
810 418 837 470 6
887 417 1283 485 εὐαγγελιστὴς
1335 418 1520 484 ἔλεγεν
1583 418 1666 469 ὅτι
1712 417 1806 467 καὶ

1920 414 2097 467 facile.
2143 434 2160 466 ι
2200 415 2348 468 Inter
2412 417 2551 470 alios
2606 424 2657 471 et
2709 415 2878 470 Judas
2940 417 3257 487 participat,
3319 433 3501 490 coque

219 510 402 566 λαϐὼν
451 511 512 564 τὸ
562 509 779 579 ψωμίον
811 509 1035 578 ἐξῆλθεν
1063 523 1076 539 ·
1112 505 1179 578 ἦν
1221 510 1276 561 δὲ
1310 509 1427 573 νύξ.
1472 509 1802 577 Ἀπέρκεται

217 601 312 658 οὖν
350 603 492 675 πρὸς
562 601 656 665 οὒς
726 600 1076 671 συνεφώνησε
1140 600 1480 673 παραδοῦναι
1533 600 1626 652 τὸν
1687 599 1804 652 Κύ-

219 711 356 766 ριον.

1914 505 2060 559 facto
2111 522 2168 557 se
2222 508 2286 560 ad
2345 505 2568 562 Judmos
2627 509 2860 573 confert,
2899 518 2957 562 ut
3005 525 3129 578 qua:
3176 525 3206 564 a
3275 508 3508 564 Domino

1914 607 2035 652 aeta
2071 599 2307 653 fuissent
2339 601 2473 668 ipsis
2525 601 2821 658 indicaret.
2876 602 2934 656 ld
2999 603 3150 657 enim
3190 603 3508 674 signiﬁcare

1911 694 2104 748 volens
2131 707 2325 748 auctor
2360 695 2605 750 historim
2638 697 2970 766 evangelicae
2994 697 3134 756 dixit
3158 716 3172 753 :
3201 718 3219 748 ι
3246 697 3422 753 Simul
3447 713 3510 752 ac

219 793 456 861 sumpsit
485 791 752 847 bucceam
777 789 970 856 exivit,
1001 803 1127 845 cum
1160 788 1385 859 quidem
1440 801 1550 844 nox
1577 797 1726 844 esset
1748 789 1851 844 δ’.»
1896 791 2023 845 Abit
2078 791 2247 860 igitur
2299 791 2365 844 ad
2425 805 2522 846 eos
2595 790 2927 860 quibuscum
2958 803 3152 863 pactus
3208 792 3391 848 fuerat
3445 810 3504 849 se

222 887 511 940 Dominum
543 883 678 954 ipsis
715 884 1067 938 traditurum.

290 979 402 1032 Καὶ
428 979 455 1030 6
483 976 583 1046 μὲν
608 975 815 1046 Κύριος
838 975 906 1028 τὰ
928 975 1218 1028 τελευταῖα
1247 976 1362 1037 τοῖς
1393 974 1666 1044 μαθηταῖς
1693 973 1811 1026 δια-

218 1071 452 1125 τίθεταν
482 1064 586 1120 εἷθ’
623 1067 799 1126 οὕτως
834 1069 916 1130 εἰς
951 1069 1123 1120 τόπον
1150 1067 1377 1136 ἔρχεται
1411 1067 1471 1119 ὃν
1501 1067 1620 1138 ᾔδει
1651 1069 1749 1119 καὶ
1782 1063 1812 1114 6

221 1162 515 1234 προδότης,
571 1160 630 1222 ὃς
678 1158 878 1213 αὐτίκα
937 1161 1033 1212 καὶ
1092 1159 1274 1214 λαϐὼν
1316 1160 1415 1230 τὴν
1464 1160 1693 1228 σπεῖραν
1746 1158 1812 1210 ἐκ

221 1254 334 1307 τῶν
386 1254 696 1324 ἀρχιερέων
749 1253 845 1304 καὶ
881 1251 1196 1321 Φαρισαίων
1249 1251 1535 1322 ὑπηρέτας
1583 1249 1807 1320 ἔρχεται

219 1349 337 1400 ἐκεῖ
387 1346 529 1415 μετά
565 1345 752 1413 φανῶν
801 1345 895 1413 καὶ
925 1340 1251 1415 λαμπάδων.
1295 1345 1584 1416 Ἐπερωτᾷ
1620 1343 1809 1396 λοιπὸν

224 1435 424 1498 αὐτούς
449 1449 466 1467 ο
511 1434 775 1486 πίπτουσι
827 1435 1026 1504 χαμαί.
1072 1434 1402 1488 Ἀποκόπτει
1431 1433 1492 1488 τὸ
1518 1433 1682 1486 ὠτίον
1712 1431 1806 1486 τοῦ

225 1526 450 1596 Μᾶλχου
481 1526 511 1578 6
551 1525 782 1596 Πέτρος,
821 1521 871 1579 εὶ
900 1526 997 1580 καὶ
1034 1525 1135 1594 τὴν
1175 1525 1345 1580 αὐτοῦ
1393 1527 1644 1598 κεφαλὴν
1673 1528 1810 1579 ἀπο-

224 1619 414 1685 τεμεῖν
450 1615 549 1668 οὑκ
579 1617 791 1686 ἴσχυσε·
827 1617 988 1671 τοῦτο
1007 1618 1103 1671 καὶ
1129 1619 1237 1689 γὰρ
1265 1614 1334 1690 ἦν
1368 1619 1519 1690 αὐτῷ
1549 1619 1609 1672 τὸ
1641 1634 1810 1671 σπου-

201 1707 543 1778 .δαζόμενον.
580 1709 716 1760 Τότε
747 1707 814 1781 δὴ
845 1709 967 1762 τότε
995 1711 1090 1764 καὶ
1117 1711 1257 1779 πρὸς
1286 1710 1449 1766 αὐτὸν
1486 1710 1597 1781 ἔφη
1628 1711 1655 1764 6
1691 1711 1807 1766 Κύ·

1988 971 2209 1028 lnterim
2271 972 2536 1028 Dominus
2582 971 2752 1028 rebus
2806 974 2922 1029 suis
2972 985 3315 1044 postremum
3363 980 3506 1034 inter

1913 1064 2216 1134 discipulos
2269 1065 2540 1120 ordinatis
2592 1075 2756 1135 atque
2814 1065 3137 1135 dispositis,
3212 1070 3263 1130 in
3325 1071 3506 1126 locum

1913 1156 2207 1226 quemdam
2238 1172 2295 1211 se
2333 1157 2526 1226 recipit
2561 1157 2829 1227 proditori
2861 1173 2970 1211 non
3005 1158 3274 1229 ignotum.
3299 1161 3351 1218 ls
3378 1179 3510 1219 vero

1911 1250 2142 1304 cohorte
2173 1249 2410 1304 militum
2437 1250 2705 1305 continuo
2735 1250 2900 1320 216
2921 1265 3109 1306 secum
3141 1262 3357 1322 sumpta
3383 1269 3509 1309 eum

1915 1341 2269 1412 pontilieibus
2292 1351 2346 1395 et
2374 1342 2668 1396 Pharisaeis
2694 1342 2985 1406 ministris,
3018 1357 3086 1414 eo
3116 1358 3240 1397 eum
3270 1345 3514 1402 lucernis

1916 1440 1973 1486 et
2018 1431 2235 1486 facibus
2289 1432 2535 1487 advolat.
2586 1431 2663 1487 lbi
2713 1432 2936 1488 Christo
2988 1434 3512 1506 cos-interrogante

1917 1523 2070 1576 humi
2114 1533 2404 1580 corruunt.
2432 1525 2628 1579 Petrus
2655 1524 2867 1580 Malcho
2892 1528 3197 1583 auriculam
3215 1529 3511 1590 abscindit.

1916 1630 2043 1670 cum
2077 1625 2245 1686 caput
2274 1615 2484 1671 homini
2531 1617 2861 1674 abscindere
2890 1635 3001 1674 non
3031 1633 3240 1690 posset,
3274 1623 3328 1677 id
3359 1625 3510 1693 quod
3579 1615 3585 1630 “

1917 1707 2167 1763 studiose
2215 1707 2404 1764 facere
2457 1709 2788 1766 conabatur.
2825 1710 2968 1765 Tum
3023 1711 3110 1766 his
3150 1729 3278 1768 cum
3325 1717 3511 1770 verbis

229 1817 347 1869 ριος
369 1817 386 1834 ο
424 1817 446 1853 ι
473 1794 552 1856 Ἦ
581 1801 733 1854 δοκεῖ
783 1819 866 1855 σοι
918 1803 1001 1857 ὅτι
1031 1803 1094 1857 οὐ
1122 1802 1361 1874 δύναμαι
1389 1803 1517 1875 ἄρτι
1551 1821 1810 1876 παρακα·

1920 1800 2183 1856 Dominus
2232 1801 2580 1870 compellat:
2621 1819 2640 1852 ι
2677 1807 2763 1856 An
2823 1817 2936 1856 non
2992 1802 3282 1858 existimas
3341 1821 3511 1875 posse

222 1893 381 1948 λέσαι
408 1893 502 1949 τδν
542 1894 764 1965 Πατέρα
801 1912 926 1964 μου,
949 1896 1047 1950 καὶ
1082 1896 1432 1968 παραστήσει
1467 1898 1808 1967 μοι-πλείους

222 1987 256 2055 ἢ
299 1987 510 2042 δώδεκα
555 1987 831 2056 λεγεῶνας
881 1988 1173 2057 ἀγγέλωνς
1207 1989 1326 2052 πῶς
1362 1985 1456 2043 οὖν
1507 1989 1814 2062 πληρωθῶ-

228 2093 320 2131 σιν
343 2081 398 2132 αι
427 2080 667 2148 Γραφαὶ,
700 2082 782 2134 ὅτι
823 2078 998 2142 οὕτως
1025 2080 1110 2136 δεῖ
1135 2082 1434 2150 γενέσθαι;
1469 2101 1492 2138 ι
1533 2083 1720 2137 Ταῦτα
1754 2082 1812 2135 δὲ

220 2174 337 2236 τοῖς
373 2173 643 2243 μαθηταῖς
678 2172 868 2242 ἔλεγεν
895 2174 924 2226 6
958 2175 1172 2247 Σωτὴρ,
1208 2176 1461 2246 ἐκφοϐῶν
1489 2177 1689 2240 αὐτοὺς
1716 2161 1814 2230 καὶ

227 2264 440 2318 πείθων
467 2265 722 2319 ἐντεῦθεν
751 2265 921 2334 μηδέν
942 2282 996 2320 τι
1018 2266 1127 2320 τῶν
1148 2269 1454 2338 γινομένων
1483 2262 1810 2339 πολυπραγ-

225 2360 430 2424 μονεῖν.
469 2358 531 2410 El
559 2361 673 2428 γὰρ
696 2361 817 2422 ταῖς
849 2359 1118 2430 Γραφαῖς,
1157 2361 1317 2430 φησὶ,
1356 2361 1518 2414 τοῦτο
1556 2361 1727 2426 δοκεῖ,
1751 2362 1813 2416 τὸ

224 2449 424 2503 παθεῖν
461 2450 562 2519 ἐμὲ
597 2450 866 2528 δηλονότι,
895 2451 1014 2515 πῶς
1036 2453 1196 2522 ὑμεῖς
1227 2452 1577 2507 ὲναντιοῦσθε
1613 2452 1815 2524 μαχαι-

225 2558 350 2611 ραις
387 2541 664 2612 χρώμενοι
691 2559 705 2609 ;
738 2544 800 2598 τὸ
836 2547 1104 2616 ποτήριον
1133 2544 1162 2598 ὂ
1190 2545 1394 2599 δέδωκέ
1419 2563 1510 2616 μοι
1537 2548 1565 2600 6
1599 2544 1810 2617 Ιῐατὴρ,

220 2636 286 2689 οὐ
329 2635 405 2706 μὴ
431 2637 542 2690 πίω
571 2637 741 2704 αὑτό;
1775 2653 1781 2659 ·

293 2811 571 2882 Δήσαντες
606 2809 700 2865 οὖν
730 2812 823 2866 τὸν
870 2812 1083 2883 Ἰησοῦν
1108 2814 1403 2884 ἀπήγαγον
1449 2814 1585 2885 πρὸς
1611 2817 1810 2871 ’Δνναν

224 2903 472 2985 πρῶτον,
502 2906 727 2958 κάκεῖσε
775 2905 1044 2976 κρίνεται.
1076 2907 1216 2976 Περὶ
1249 2907 1349 2977 τῆς
1378 2907 1547 2962 αὐτοῦ
1585 2909 1811 2981 διδαχῆς

227 2996 333 3048 καὶ
356 2997 470 3050 τῶν
503 2997 764 3066 μαθητῶν
790 2999 1086 3066 ἐρωτᾶται.
1129 2998 1514 3070 ’Δποκρίνεται
1541 3002 1615 3065 ὡς
1637 3004 1808 3066 εἰκός.

234 3090 522 3160 Ῥάπισμα
555 3090 795 3161 δέχεται,
833 3092 926 3144 καί
959 3109 1150 3161 φησιν⁹
1187 3112 1205 3143 ι
1246 3094 1307 3151 Et
1347 3094 1446 3162 μὲν
1477 3095 1664 3159 κακῶς
1685 3096 1806 3150 ἐλά·
1838 3129 1884 3190 C

222 3180 404 3250 λησα,
440 3198 458 3232 ι
503 3183 598 3234 καὶ
648 3182 717 3234 τά
773 3180 923 3251 ὲξῆς.
989 3183 1236 3238 Ἐκεῖθεν
1290 3184 1382 3238 οὖν
1425 3186 1624 3254 ἄγεται
1677 3189 1812 3259 πρὸς

225 3275 510 3342 Καῖάφαν,
537 3273 731 3328 ἔπειτα
768 3275 910 3344 πρὸς
953 3276 1185 3330 Πιλάτον
1220 3279 1433 3348 πρωῖας
1463 3278 1654 3352 οὔσηςο
1687 3284 1816 3351 πρὶν

224 3366 258 3436 ἢ
323 3367 423 3435 μὲν
477 3367 750 3436 ἀλέκτορα
799 3369 1052 3439 φωνῆσαι
1099 3371 1238 3440 πρὸς
1284 3373 1540 3441 Καϊάφαν
1597 3375 1811 3443 ἄγεται,

226 3459 379 3530 πρωῒ
429 3459 485 3512 δὲ
535 3461 676 3531 πρὸς
739 3461 994 3515 Πιλᾶτον.
1035 3465 1324 3517 Δείκνυσιν
1359 3466 1388 3516 6
1420 3465 1816 3537 εὐαγγελιστὴς

225 3553 311 3606 ὅτι
339 3551 400 3605 τὸ
425 3553 598 3622 ἥμισυ
629 3553 735 3622 τῆς
770 3554 962 3617 νυκτὸς
999 3552 1147 3607 ἅπαν
1185 3555 1294 3608 ὑπὸ
1333 3557 1565 3625 Καῖάφα
1596 3557 1818 3630 ἐρωτώ-

231 3663 395 3714 μενος
429 3646 585 3699 οὺόὲν
620 3646 968 3716 ἐξηλέγχετο,
1009 3646 1092 3700 διὸ
1131 3648 1228 3700 καὶ
1258 3649 1626 3719 παρέπεμψεν
1653 3650 1816 3702 αὐτὸν

227 3739 307 3808 τῷ
342 3739 579 3808 Πιλάτῳ.
610 3740 722 3791 Καὶ
771 3739 800 3791 6
851 3740 950 3808 μὲν
977 3741 1206 3810 Μάρκος
1229 3742 1358 3810 περὶ
1391 3741 1494 3810 τῆς
1523 3741 1816 3812 ἀλεκτορο-

229 3831 440 3898 φωνίας
474 3829 685 3894 διεξιὼν
724 3829 868 3882 οὕτω
905 3831 1072 3899 φησίν
1103 3847 1116 3861 ο
1167 3849 1185 3880 ι
1227 3830 1361 3900 Πρὶν
1404 3831 1674 3902 ἀλέκτορα
1705 3849 1817 3898 φω-

227 3924 393 3991 νῆσαι
420 3923 523 3986 δὶς,
551 3922 674 3992 τρὶς
711 3922 1006 3994 ἀπαρνήσῃ
1031 3940 1099 3992 με
1139 3941 1158 3974 ι
1195 3923 1443 3993 (ὅτεγάρ
1475 3923 1623 3986 ἅπαξ
1651 3924 1816 3995 ὴρνή-

233 4031 391 4075 σατο,
437 4013 719 4083 ἐφώνησεν
774 4013 803 4066 6
859 4012 1179 4084 ἀλεκτρυὼν
1232 4014 1294 4067 τὸ
1336 4015 1576 4084 πρῶτον,
1618 4015 1708 4069 ὅτε
1761 4015 1818 4070 δὲ

233 4106 424 4174 τρίτον
451 4107 754 4176 ἠρνήσατο,
805 4109 867 4158 τὸ
913 4105 1171 4177 δεύτερον
1221 4104 1562 4177 ἐφώνησεν),
1592 4108 1817 4179 ἀκριϐέ-

233 4216 428 4269 στερον
456 4197 826 4269 ἐξηγούμενος
843 4198 942 4269 τὴν
972 4198 1068 4254 τοῦ
1098 4198 1309 4268 Πέτρου
1343 4198 1656 4267 ἀσθένειαν,
1687 4201 1818 4270 παρ’

217 4293 402 4354 ,αὑτοῦ
463 4292 557 4346 τοῦ
614 4291 940 4348 διδασκάλου
993 4292 1223 4359 μαθὼν,
1272 4293 1355 4346 ὅτι
1408 4292 1503 4347 καὶ
1555 4296 1820 4364 φοιτητὴς

234 4387 449 4440 ἐκείνου
479 4382 569 4458 ἦν.
611 4386 671 4439 Ὀ
689 4386 746 4438 δὲ
766 4385 1040 4450 Ματθαῖος
1072 4387 1242 4439 εἰπὼν
1272 4389 1351 4439 ὅτι
1379 4404 1396 4437 ι
1425 4386 1563 4457 Πρὶν
1595 4387 1818 4440 ἀλέκτο-

1918 1906 2005 1946 me
2030 1890 2263 1946 Patrem’
2280 1907 2509 1947 exorare
2532 1892 2695 1947 modo
2719 1902 2779 1946 ut
2807 1886 2992 1962 plures
3025 1894 3157 1948 mihi
3183 1911 3347 1964 quam
3374 1898 3512 1949 duo-

1916 1984 2096 2040 decim
2139 1985 2388 2055 legiones
2420 1985 2742 2056 angelorum
2791 1986 3144 2055 suppeditet?
3177 1997 3235 2040 at
3267 2003 3508 2056 quonam

1914 2087 2076 2148 pacto
2112 2078 2423 2134 conﬁerent
2459 2093 2584 2148 quae
2617 2078 2737 2134 ﬁeri
2787 2089 3046 2148 Oportere
3105 2081 3278 2136 sacris
3313 2082 3507 2152 prodi-

1917 2179 2032 2224 tum
2064 2180 2149 2226 est
2182 2152 2524 2226 Litteris”?
2555 2187 2576 2223 ι
2611 2169 2742 2237 Quae
2765 2185 2898 2225 sane
2924 2171 3193 2226 Dominus
3226 2174 3291 2228 ad
3337 2173 3510 2228 disci-

1915 2265 2076 2333 pulos
2131 2265 2204 2319 lta
2259 2265 2513 2334 protulit,
2567 2273 2628 2319 ut
2683 2273 2891 2319 metum
2945 2265 3029 2319 eis
3083 2265 3382 2332 incuteret,
3445 2283 3509 2321 ac

1914 2356 2275 2426 persuaderet
2324 2371 2394 2412 ne
2433 2357 2566 2427 quid
2623 2371 2822 2412 eorum
2857 2372 2980 2426 quae
3033 2358 3352 2414 acciderent
3403 2373 3528 2434 cn-.

1915 2449 2118 2503 riosius
2152 2458 2557 2504 scrutarentur.
2590 2449 2728 2504 Nam
2775 2449 2822 2504 si
2871 2450 3048 2504 sacris
3094 2450 3171 2504 ita
3211 2452 3388 2504 visum
3423 2461 3510 2506 est

1919 2541 2145 2596 Litteris
2199 2549 2261 2594 ut
2290 2541 2615 2610 patiendum
2650 2541 2788 2595 mihi
2816 2541 2909 2608 sit,
2939 2539 3035 2610 qui
3067 2541 3128 2596 ﬁt
3168 2555 3229 2596 ut
3261 2559 3362 2599 vos
3390 2544 3510 2614 gla-
3597 2576 3606 2584 -

1916 2634 2023 2688 diis
2054 2643 2273 2687 utentes
2302 2633 2585 2688 adversari
2616 2633 2838 2687 velitis?
2867 2635 3131 2703 poculum
3167 2635 3329 2702 illud,
3358 2637 3507 2706 quod

1915 2726 2078 2780 Pater
2103 2726 2236 2779 mihi
2270 2727 2439 2788 dedit,
2473 2740 2581 2778 non
2615 2725 2843 2780 bibam?

1990 2819 2160 2888 Igitur
2193 2817 2506 2887 colligatum
2537 2817 2774 2873 vinculis
2811 2816 3003 2873 Jesum
3038 2817 3114 2892 ad.
3147 2819 3362 2873 Annam
3392 2820 3509 2889 pri-

1917 2927 2064 2964 mum
2095 2910 2400 2974 abducunt,
2427 2909 2616 2979 ibique
2642 2909 2856 2980 judicio
2885 2909 3127 2973 sistitur,
3159 2910 3228 2966 de
3257 2912 3510 2968 doctrina

1917 3014 1974 3060 et
2006 3003 2300 3072 discipulis
2329 3003 2720 3071 interrogatur
2747 3020 2761 3056 :
2794 3002 3096 3071 reapondet
3143 3012 3204 3058 ut
3239 3020 3338 3074 par
3365 3019 3509 3060 erat.

1915 3091 2052 3148 Cum
2086 3093 2298 3162 alapam
2339 3091 2646 3161 accepisset
2679 3107 2696 3146 :
2733 3109 2752 3142 ι
2791 3090 2849 3146 Si
2904 3093 3048 3147 male
3092 3093 3313 3150 locutus
3363 3110 3512 3161 sum,

1923 3186 2123 3256 inquit,
2181 3185 2478 3240 testiﬁcare
2526 3184 2595 3239 de
2651 3189 2798 3238 malo
2843 3201 2859 3240 :
2917 3183 3004 3238 sin
3066 3184 3230 3251 bene,
3277 3201 3379 3240 cur
3425 3199 3515 3239 me

1919 3277 2170 3332 caedis?»
2215 3276 2349 3330 lude
2407 3275 2476 3331 ad
2529 3274 2831 3346 Caiapham
2885 3274 3152 3341 ducitur;
3184 3291 3214 3330 ε
3271 3275 3515 3346 Caiapha
3585 3289 3598 3304 ‘

1919 3384 2111 3424 rursus
2140 3369 2207 3424 ad
2240 3369 2499 3424 Pilatum.
2547 3367 2730 3439 Atque
2776 3367 2870 3424 hic
2898 3364 3144 3424 ostendit
3181 3369 3517 3441 evangelicae

1921 3459 2168 3513 historias
2203 3460 2445 3528 scriptor
2472 3467 2584 3514 tota
2632 3460 2864 3514 dimidia
2899 3469 3066 3516 nocte
3107 3460 3514 3531 interrogatum

1919 3568 1948 3606 a
1975 3551 2218 3620 Caiapha
2261 3551 2470 3605 nullius
2523 3553 2790 3621 improbae
2825 3552 2907 3606 rei
2942 3551 3199 3606 convinci
3243 3553 3512 3622 potuisse,

1922 3645 2159 3713 ideoque
2190 3644 2258 3698 ad
2296 3645 2533 3698 Pilatum
2567 3659 2598 3698 a
2644 3643 2889 3713 Caiapha
2936 3644 3171 3698 missum
3219 3659 3364 3700 esse.
3399 3643 3518 3699 Cae-

1923 3747 2101 3792 terum
2164 3737 2233 3792 de
2269 3737 2395 3807 galli
2454 3746 2618 3790 cantu
2686 3735 2908 3791 Marcus
2958 3737 3031 3789 ita
3086 3719 3333 3791 locutum
3392 3752 3518 3792 esse

1920 3831 2214 3884 Dominum
2247 3829 2419 3883 refert
2470 3844 2484 3882 :
2525 3847 2543 3880 ι
2583 3828 2914 3896 Priusquam
2963 3827 3050 3882 bis
3094 3829 3272 3896 gallus
3303 3837 3516 3893 cantet,

1923 3932 2007 3976 ter
2057 3937 2144 3976 me
2189 3922 2421 3991 negabis
2441 3921 2507 3973 “.
2553 3938 2572 3971 ›
2614 3920 2831 3990 Quippe
2869 3934 2996 3974 cum
3026 3919 3148 3974 vice
3200 3920 3379 3989 prima
3415 3936 3516 3974 ne-

1921 4025 2094 4086 garet,
2126 4015 2367 4084 primum
2410 4013 2589 4082 gallus
2638 4013 2882 4067 cantavit
2915 4029 2930 4066 :
2965 4027 3090 4066 cum
3120 4025 3253 4065 vero
3284 4021 3519 4081 negaret

1925 4110 2174 4173 tertium,
2210 4104 2384 4178 gallus
2435 4106 2682 4161 secundo
2710 4105 2935 4160 cecinit.
2971 4103 3088 4158 Hoc
3139 4105 3307 4158 modo
3356 4118 3520 4158 accu-

1922 4204 2098 4258 ratius
2121 4201 2213 4256 ille
2238 4199 2678 4254 imbecillitatem
2712 4199 2860 4252 Petri
2898 4196 3176 4267 exposuit,
3211 4211 3272 4250 re
3299 4205 3413 4250 tota
3449 4203 3520 4250 de

1923 4295 2099 4365 ipsius
2143 4293 2386 4362 magistri
2436 4291 2522 4346 sui
2572 4290 2892 4342 narratione
2922 4289 3184 4358 cognita;
3216 4287 3321 4341 fuit
3372 4289 3521 4340 enim

1923 4388 2138 4443 Marcus
2160 4385 2312 4440 Petri
2341 4393 2584 4441 sectator
2613 4393 2669 4437 et
2718 4382 3049 4450 discipulus.
3099 4380 3392 4434 Matthteus
3423 4395 3523 4433 au-

235 4499 304 4547 ρα
336 4481 586 4550 φωνῆσαι
613 4479 734 4548 τρὶς
762 4480 1059 4551 ἀπαρνήσῃ
1087 4497 1176 4549 με,
1204 4499 1223 4530 ι
1248 4480 1346 4549 τὴν
1367 4479 1494 4550 ὃλην
1519 4479 1815 4550 ἀλεκτορο-

1928 4492 2034 4537 tem
2065 4495 2190 4534 cum
2231 4480 2310 4534 ait
2352 4496 2364 4532 :
2399 4498 2417 4529 ι
2448 4476 2774 4544 Priusquam
2832 4472 3010 4543 gallus
3060 4481 3266 4535 cantet,
3302 4481 3386 4525 ter
3435 4487 3524 4525 me

235 4576 444 4640 φωνίαν
498 4573 760 4643 ὲ-νέφηνε,
806 4571 955 4626 τοῦτ’
989 4574 1104 4627 ἐστι
1146 4575 1246 4641 τὴν
1299 4574 1555 4643 πρώτην,
1581 4573 1702 4644 ἥτις
1731 4574 1820 4626 διὰ

236 4666 516 4735 διαφόρων
566 4667 948 4737 ὲκφωνήσεωντ
977 4665 1209 4734 γίνεται,
1267 4663 1456 4735 ὥσπερ
1501 4657 1595 4718 οὖν
1645 4665 1742 4718 καὶ
1785 4666 1820 4735 ή

237 4759 471 4826 δευτέρα
498 4756 946 4827 ἀλεκτοροφωνία
972 4757 1128 4826 καὶ’ή
1157 4755 1340 4828 τρίτη.
1382 4757 1518 4828 Πρὶν
1560 4751 1654 4810 οὖν
1693 4756 1822 4809 ἀλέα

238 4865 409 4917 κτορα
441 4849 712 4918 φωνῆσαι,
745 4849 774 4900 6
821 4847 1100 4911 Ματθὸιίος
1129 4848 1325 4913 εἰπὼν,
1357 4849 1482 4919 τρὶς
1532 4849 1827 4920 ἀπαρνήσῃ

243 4959 332 5012 με,
368 4940 531 4995 τοῦτο
583 4941 788 4996 ὡσανεὶ
843 4942 1051 5008 ἔλεγεν,
1090 4938 1180 4994 ’ὅτι
1211 4943 1322 4998 Καὶ
1348 4943 1455 5012 πρὸ
1493 4941 1588 4995 τοῦ
1621 4941 1826 5010 φθάσαι

240 5040 340 5106 τὴν
375 5035 604 5105 πρώτην
643 5033 936 5103 παρελθεῖν
972 5029 1450 5106 ἀλεκτοροφωνίαν
1492 5035 1614 5106 τρὶς
1643 5037 1826 5107 ἀπαρ-

242 5133 382 5201 νήσῃ
421 5147 510 5200 με.

317 5229 469 5284 Μετά
507 5227 692 5298 μέντοι
752 5227 814 5281 τὸ
869 5226 1134 5298 κριθῆναι
1186 5225 1281 5280 τὸν
1321 5228 1528 5298 Κύριον
1580 5226 1687 5279 ὑπὸ
1735 5223 1828 5279 τοῦ

247 5321 482 5380 Πιλάτου
543 5317 869 5396 μαστίζεται
922 5319 1014 5372 τὸν
1077 5318 1248 5371 νῶτον
1299 5318 1499 5390 λώροις
1531 5312 1824 5384 ,πλεκτοῖς

249 5413 490 5465 τοιοῦτον
523 5413 618 5464 καὶ
651 5411 761 5481 γὰρ
792 5411 853 5463 τὸ
881 5410 1268 5481 φραγγέλλιον.
1299 5409 1416 5464 Εἶθ’
1450 5410 1626 5474 οὕτως
1657 5413 1736 5473 εἰς
1765 5414 1824 5464 τὸ

249 5505 631 5574 σταυρωθῆναι
663 5503 1040 5572 παραδίδοται.
1075 5502 1262 5554 Ταῦτα
1289 5503 1346 5556 δὲ
1380 5503 1558 5555 πάντα
1585 5503 1822 5573 πεποίη-

249 5614 337 5650 κεν
365 5600 398 5668 ή
423 5597 653 5666 ἄκαιρος
674 5595 938 5666 ἀνανδρία
963 5594 1055 5648 τοῦ
1091 5594 1345 5648 Πιλάτου·
1379 5595 1506 5657 τοὺς
1538 5594 1647 5664 γὰρ
1690 5595 1823 5646 Ἰου-

320 5781 362 5812 ⁸¹
397 5779 555 5837 Joan.
592 5798 711 5848 xm,
760 5784 850 5837 30.
926 5783 972 5815 "
1002 5783 1192 5838 Matth.
1262 5797 1408 5850 sxw,
1463 5783 1552 5837 33.

1630 5782 1673 5814 ⁵³
1713 5781 1875 5835 λίπε.

1928 4572 2155 4644 negabis
2183 4571 2254 4634 ",
2296 4587 2314 4621 ι
2352 4577 2525 4623 totum
2566 4563 2693 4636 galli
2748 4572 2973 4617 cantum
3025 4561 3273 4616 indicare
3324 4561 3520 4624 voluit,

1931 4664 2190 4720 videlicet
2217 4662 2482 4732 primum,
2539 4659 2632 4727 qui
2683 4654 2918 4710 diversis
2951 4651 3139 4707 editur
3170 4652 3420 4716 vocibus,
3466 4660 3525 4704 et

1929 4757 2257 4819 secundum,
2287 4759 2344 4806 et
2382 4749 2628 4806 tertium.
2659 4747 3010 4816 Quapropter
3061 4757 3186 4797 cum
3237 4741 3528 4794 blatthzeus

1935 4847 2119 4916 inquit
2151 4863 2164 4899 :
2199 4853 2239 4894 ἰ
2271 4843 2604 4911 Priusquam
2641 4839 2818 4909 gallus
2851 4845 3056 4902 cantet,
3093 4850 3182 4890 me
3225 4843 3310 4888 ter
3357 4848 3527 4899 nega-

1920 4933 2034 5003 bis,
2073 4957 2091 4990 ι
2144 4933 2764 5010 ῖιιιίιιεηιοιιίιιιυίἀιιιλιιι
2791 4931 2977 4985 dicere
3003 4927 3243 4991 videtur,
3277 4927 3524 4980 futurum

1927 5031 2143 5090 scilicet
2200 5039 2259 5084 ut
2315 5027 2514 5082 Petrus
2545 5041 2673 5080 eum
2708 5034 2790 5078 ter
2841 5024 3000 5094 prius
3044 5029 3292 5089 negaret,
3357 5034 3528 5090 quam

1929 5128 2055 5201 galli
2087 5134 2283 5182 cantus
2317 5125 2480 5178 ﬁnem
2516 5120 2768 5175 haberet.
2809 5165 2812 5169 .

1919 5252 1924 5256 α
2003 5219 2388 5288 Posteaquam
2431 5215 2488 5269 in
2517 5213 2816 5268 Dominum
2856 5208 3068 5263 Pilatus
3121 5203 3525 5276 inquisivissct,

1935 5322 2149 5382 tergum
2183 5311 2232 5364 ei
2259 5309 2391 5364 loris
2426 5307 2682 5377 implexis
2713 5303 2945 5360 caeditur
2975 5317 2990 5357 :
3027 5303 3131 5356 hoc
3174 5299 3324 5353 enim
3374 5295 3531 5352 vocis

1935 5403 2133 5474 ﬂagelli
2162 5412 2246 5456 est
2270 5401 2665 5471 signiﬁcatum.
2713 5395 2924 5451 Deinde
2975 5393 3045 5448 ad
3091 5387 3529 5460 cruciﬁgendum

1937 5498 2195 5553 traditur.
2223 5495 2402 5564 Atque
2432 5493 2548 5547 hate
2579 5490 2766 5546 omnia
2813 5504 2912 5558 per
2943 5487 3316 5556 importunam
3356 5480 3526 5563 animi

1934 5589 2299 5661 dejectionem
2353 5588 2410 5640 in
2450 5586 2624 5654 Pilato
2659 5582 3007 5646 acciderunt,
3053 5578 3146 5648 qui
3194 5573 3412 5630 Judaeos
3444 5585 3528 5623 rc-

1933 5796 2017 5834 ittv
2040 5819 2053 5844 ,
2115 5778 2206 5834 50.
2287 5775 2330 5806 ⁵⁵
2364 5770 2560 5828 Matth.
2596 5735 2745 5837 xm,
2780 5768 2873 5823 54.
