4054 6426
589 293 686 358 ut
1858 283 2287 351 MICHAELIS
2328 255 2596 360 cum
3285 256 3302 279 ‘
3580 349 3585 357 _
3746 280 3842 340 412

590 409 887 462 verebatur
913 411 1242 461 accusantes
1271 401 1568 457 Dominum
1601 407 1862 470 tanquam
1900 397 2180 453 hominem

2288 394 2474 455 δαίους
2515 389 2839 460 δυσωπῆσαι
2891 385 3064 442 θέλων
3111 383 3198 455 ἐφ’
3230 381 3309 447 οἷς
3336 383 3640 451 ἑνεκάλουν,
3665 386 3849 459 ἀντάρ-

589 497 944 552 seditiosum.
1005 494 1249 564 Ideoque
1295 508 1423 548 suas
1456 493 1619 547 etiam
1671 506 1862 562 poenas
1909 489 2000 543 ille
2031 502 2183 542 com-

591 590 817 645 meruit.
875 587 1090 656 Quippe
1141 601 1268 640 cum
1311 593 1641 655 potestatem
1688 583 1811 650 ejus
1857 578 2181 636 absolvendi

592 683 844 743 haberet,
876 689 936 734 ut
978 678 1072 749 qui
1107 677 1294 732 dicere
1362 692 1472 732 non
1531 676 1813 731 dubitaret
1868 689 1928 729 se
1979 672 2182 727 habere

592 781 918 842 potestatem
955 769 1134 840 ipsius
1159 768 1243 823 vel
1277 769 1439 839 217
1484 765 1800 822 dimittendi
1835 764 1919 820 vel
1955 761 2180 818 cruciﬁ-

591 864 784 933 gendi,
812 861 958 932 quod
1007 861 1186 916 facere
1237 868 1458 931 poterat
1508 875 1616 913 non
1653 855 1930 926 praestitit.
1967 853 2173 909 Formi-

591 955 765 1009 dabat
792 953 940 1009 euim
974 951 1195 1006 Judaeos
1217 953 1520 1005 clamantes
1548 968 1561 1004 :
1593 968 1613 1002 ι
1642 947 1697 1004 Si
1727 949 1893 1003 istum
1916 945 2179 1009 absolvis,

590 1060 701 1098 non
761 1058 823 1097 es
880 1041 1114 1097 Caesaris
1164 1041 1375 1097 amicus
1395 1040 1462 1094 ⁵⁸.
1502 1037 1742 1105 i‘Quare
1790 1053 1900 1093 non
1947 1035 2179 1091 dubium

589 1146 677 1190 est
714 1119 850 1190 eum
893 1133 1324 1187 condemnatum
1374 1146 1519 1196 esse,
1556 1130 1624 1185 de
1678 1131 1814 1200 ipsis
1865 1129 2030 1183 etiam
2074 1127 2180 1181 Do-

591 1229 727 1282 mini
790 1226 977 1281 verbis
1039 1224 1146 1278 hoc
1205 1225 1326 1293 ipso
1385 1239 1494 1278 non
1549 1222 1785 1278 obscure
1855 1230 2177 1291 apparente,

590 1335 716 1376 cum
749 1318 827 1372 ait
859 1333 875 1373 ε
909 1334 928 1368 ι
966 1315 1070 1384 Qui
1107 1333 1194 1373 me
1232 1315 1333 1372 tibi
1367 1314 1617 1383 tradidit,
1676 1314 1733 1370 in
1782 1312 1988 1384 majore
2018 1311 2180 1382 culpa

589 1421 696 1468 est.
737 1430 754 1464 ι
827 1411 859 1458 δ’
961 1455 974 1466 .
2052 1475 2060 1483 _

659 1505 936 1560 Caeterum
971 1503 1217 1559 Joannes
1263 1497 1514 1556 historiae
1569 1497 1804 1570 scriptor
1849 1497 2180 1567 evangelica:

593 1609 813 1664 tempus
865 1595 1114 1651 indicare
1166 1594 1384 1662 volens,
1420 1609 1530 1665 quo
1564 1603 1813 1662 tempore
1860 1589 2072 1645 Pilatus
2121 1590 2178 1644 in

593 1687 717 1743 loco
751 1688 997 1756 quodam
1056 1685 1372 1742 consederit
1424 1685 1522 1754 qui
1577 1683 1995 1756 Lapidipavium
2029 1681 2179 1737 dice-

591 1790 767 1842 retur,
835 1779 1054 1836 utJesu
1111 1793 1337 1833 causam
1393 1785 1779 1848 cognosceret,
1837 1774 1916 1828 ait
1971 1773 2177 1829 factum
2213 1749 2256 1806 Β

591 1879 698 1926 hoc
754 1870 927 1924 fuisse
993 1871 1048 1924 in
1108 1866 1510 1940 praeparatione
1572 1867 1826 1934 Paschze,
1881 1866 2016 1920 hora
2069 1865 2183 1920 fere

516 1997 521 2018 ρ
589 1972 765 2016 sexta.
799 1961 913 2017 Cur
938 1971 1128 2018 sextus
1161 1961 1252 2017 hic
1297 1959 1420 2016 dies
1468 1959 1793 2030 septimanae
1835 1958 1903 2012 ab
1943 1971 2183 2026 evange-

586 2056 713 2109 lista
747 2054 970 2111 Pascbae
1011 2054 1342 2125 praeparatio
1373 2052 1626 2108 dicitur?
1662 2052 1796 2124 Ejus
1831 2050 1913 2106 rei
1957 2065 2182 2106 causam

589 2148 690 2202 tibi
717 2148 1012 2217 perspicue
1041 2145 1356 2217 subjiciam.
1383 2137 1860 2224 Quemadmodum
1881 2143 2182 2198 Sabbatum

541 2299 548 2308 _
588 2239 708 2293 dies
746 2240 1070 2310 septimana:
1097 2238 1370 2308 septimus
1397 2249 1502 2303 est,
1535 2247 1592 2293 et
1632 2236 1996 2292 nihilominus
2041 2235 2183 2290 Sab-

527 2313 536 2324 ’
590 2332 780 2386 batum
812 2341 1066 2394 vocatur,
1096 2332 1202 2386 hoc
1227 2340 1316 2386 est
1344 2330 1592 2400 requies.
1621 2340 1850 2400 propter
1881 2329 2182 2398 requietem

589 2439 700 2490 qua
729 2433 860 2478 tunc
899 2423 1200 2491 quibusvis
1256 2422 1543 2500 operibus.
1580 2421 1957 2496 abstinebant,
2007 2423 2182 2475 otium

588 2515 884 2586 agentibus
913 2530 982 2570 eo
1011 2514 1104 2570 die
1157 2514 1473 2584 mancipiis,
1527 2503 1795 2584 iumentis
1841 2520 1898 2566 et
1943 2511 2186 2577 .cteteris

588 2607 871 2672 omnibus,
899 2606 982 2662 sic
1013 2606 1342 2675 praeparatio
1370 2606 1490 2660 dies
1509 2615 1596 2659 est
1623 2605 1944 2674 septimanae
1970 2613 2182 2667 sextus,

587 2707 646 2753 et
669 2697 1004 2768 praeparatio
1038 2705 1336 2767 prapterea
1387 2705 1766 2765 nuncupatur,
1815 2695 1964 2764 quod
2009 2695 2064 2749 in
2114 2690 2183 2750 eo

588 2789 767 2844 Judaei
801 2796 1116 2859 prmparent
1148 2788 1336 2844 omnia
1364 2787 1570 2857 quibus
1609 2785 1766 2842 usuri
1820 2802 1920 2856 per
1978 2785 2184 2842 Sabba-

588 2893 704 2938 tum
734 2893 898 2939 erant
919 2899 934 2950 ;
959 2875 1081 2952 'quo
1118 2881 1209 2937 die
1239 2896 1347 2937 nec
1378 2881 1560 2952 ignem
1613 2879 1960 2935 accendendi
2005 2879 2183 2934 facul-

587 2986 754 3031 tatem
779 2975 1084 3040 habebant,
1117 2989 1220 3030 nec
1242 2971 1722 3044 congerendorum
1752 2971 2051 3040 lignorum,
2079 2984 2184 3024 nec

2286 503 2389 556 την
2435 484 2600 538 αὑτὸν
2633 482 3114 550 ἀποδεικνύοντες.
3148 481 3229 543 εἰς
3261 478 3319 532 τὸ
3350 481 3721 552 σταυρωθῆναι
3753 500 3847 536 πα-

2287 577 2566 650 ραδίδωσι,
2621 573 3012 646 φραγγελλίοι;
3069 572 3337 644 πρότερον
3387 573 3649 642 μαστίξας
3675 575 3846 628 αὐτόν.

2285 670 2386 723 Διὰ
2435 667 2594 722 τοῦτο
2644 667 2742 721 καὶ
2774 667 3073 728 ’κολάσεως
3124 667 3153 718 ὁ
3189 664 3424 727 Πιλᾶτος
3454 663 3625 728 άξιος,
3651 664 3732 718 ὅτι
3760 666 3849 718 καὶ

2281 763 2584 833 δυνάμενος
2624 759 2898 816 ἀπολῦσαι
2954 759 3124 812 αὐτὸν
3174 758 3220 830 (ι
3251 756 3558 824 Ἑξουσίαν,
3583 756 3711 826 γὰρ,
3754 773 3850 826 φη-

2289 855 2396 921 σὶν,
2428 854 2540 924 ἔχω
2568 852 2840 906 ἀπολῦσαί
2869 869 2950 915 σε,
2985 851 3083 904 καὶ
3114 848 3366 914 ἐξουσίαν
3407 847 3516 918 ἔχω
3551 847 3848 918 σταυρῶσαί

2289 964 2348 1000 σε
2394 947 2442 1016 ι)
2479 945 2639 999 τοῦτο
2683 946 2786 998 οὐκ
2838 944 3090 1014 ἐποίησε,
3131 944 3262 1005 τοὺς
3301 939 3590 1002 Ἰουδαίους
3627 940 3719 993 καὶ
3755 940 3849 1008 μά-

2283 1042 2444 1094 λιστα
2496 1035 2836 1106 πτοούμανος
2866 1034 3135 1103 λέγοντας
3155 1049 3171 1065 ·
3213 1050 3232 1084 ι
3269 1031 3400 1085 Ἐάν
3429 1029 3621 1084 τοῦτον
3651 1029 3846 1086 ἀπολύ-

2289 1148 2412 1203 σῃς,
2450 1131 2552 1183 οὐκ
2592 1125 2643 1182 εί
2696 1129 2854 1196 φίλος
2901 1125 2997 1181 τοῦ
3034 1123 3345 1193 Καίσαρος.
3377 1141 3396 1175 ι
3432 1118 3730 1192 Ἐφ’ᾧκαὶ
3756 1139 3847 1174 καί

2285 1205 2633 1294 τακρίνεται·
2669 1221 2766 1274 καὶ
2800 1220 2961 1288 δῆλον
3009 1218 3068 1284 ἑξ
3116 1212 3195 1273 ὧν
3241 1219 3270 1271 ὁ
3319 1217 3524 1288 Κύριος
3551 1215 3700 1284 ἑλεγε
3725 1213 3848 1285 πρδς

2282 1315 2451 1373 αὐτόν
2477 1331 2490 1346 ο
2533 1332 2552 1366 ι
2600 1312 2663 1367 '0
2717 1311 3049 1384 παραδιδούς
3101 1310 3170 1381 μέ
3219 1327 3301 1364 σοι
3336 1307 3562 1378 μείζονα
3590 1305 3848 1377 ἁμαρτίαν

2283 1409 2419 1481 ἔχει.
2455 1426 2474 1460 ι

2357 1500 2462 1555 Τὸν
2495 1500 2679 1572 μέντοι
2705 1497 2901 1566 καιρὸν
2941 1497 2970 1551 δ
3002 1493 3398 1565 εύαγγελιστὴς
3425 1492 3677 1560 Ἰωάννης
3705 1506 3847 1560 παρ-

2313 1594 2504 1658 ιστῶν,
2536 1592 2702 1662 ἡνίκα
2731 1592 2760 1645 ὁ
2793 1591 3026 1654 Πιλᾶτος
3072 1587 3346 1642 ἐκάθισεν
3393 1587 3474 1648 είς
3520 1585 3679 1639 τόπον
3706 1580 3845 1650 λεγό-

2288 1703 2449 1758 μενον
2481 1684 2886 1756 Λιθόστρωτον,
2923 1683 3012 1737 ἵνα
3039 1681 3203 1754 κρίνῃ
3235 1680 3304 1734 τὰ
3343 1679 3485 1733 κατὰ
3516 1677 3607 1731 τὸν
3635 1673 3849 1744 Ἰησοῦν,

2283 1779 2501 1846 ἔλεγεν·
2544 1795 2563 1830 ι
2599 1771 2711 1830 Ἧν
2762 1774 2822 1828 δὲ
2885 1775 3219 1844 παρασκευὴ
3269 1769 3368 1827 τοῦ
3422 1769 3635 1838 πάσχα,
3663 1766 3776 1836 ὥρα
3801 1766 3850 1818 δὲ

2285 1872 2421 1926 ὡσεὶ
2451 1872 2610 1940 ἑκτη.
2647 1888 2665 1918 ι
2700 1869 2802 1924 Διὰ
2823 1867 2876 1921 τί
2914 1867 2972 1922 δὲ
3005 1868 3037 1936 ἠ
3065 1867 3201 1936 ἑκτη
3229 1867 3331 1936 τῆς
3361 1862 3654 1930 ἑϐδομάδος
3682 1859 3849 1930 ἡμέρα

2285 1966 2616 2035 παρασκευὴ
2659 1962 2755 2014 τοῦ
2807 1960 2995 2028 πάσχα
3042 1958 3264 2026 λέγεται
3296 1957 3450 2027 παρὰ
3477 1955 3554 2024 τῷ
3584 1951 3852 2021 εὐαγγελι⁴⁵

2287 2059 2388 2129 στῇ
2418 2055 2680 2128 ἰωάννῃ;
2724 2054 2914 2121 Σαφὴς
2948 2053 2982 2122 η
3019 2052 3173 2106 αίτία
3213 2068 3299 2104 σοι
3335 2050 3646 2121 πρόκειται.
3687 2043 3852 2100 Kc“-

2287 2167 2400 2218 περ
2433 2149 2543 2219 γὰρ
2575 2149 2636 2201 τὸ
2677 2145 2958 2201 Σάϐϐατον
2992 2140 3200 2214 ἑϐδόμη
3227 2144 3329 2212 μὲν
3367 2142 3554 2214 ἡμέρα
3583 2139 3679 2208 τῆς
3713 2137 3851 2190 ἑϐδο-

2289 2243 2460 2313 μάδος
2515 2239 2657 2305 ἑστι,
2692 2240 2916 2307 λέγεται
2945 2237 3003 2291 δὲ
3033 2237 3184 2305 ὅμως
3224 2235 3508 2290 Σάδόατον
3547 2234 3661 2304 ἦτοι
3702 2229 3852 2285 κατά-

2289 2347 2494 2393 παυσις
2532 2329 2622 2383 διὰ
2653 2329 2753 2398 τὴν
2807 2329 2865 2380 ἑν
2917 2325 3070 2396 αὐτῷ
3117 2328 3432 2398 γενομένην
3487 2323 3593 2378 ἀπὸ
3653 2323 3851 2376 πάντων

2286 2421 2396 2474 τῶν
2441 2421 2620 2489 ἔργων
2646 2419 3162 2487 κατάπαυσινί(τότε
3195 2419 3308 2490 γὰρ
3337 2418 3503 2490 ἀργεῖ
3529 2418 3554 2470 ὁ
3575 2414 3771 2478 δοῦλος,
3798 2412 3852 2464 τὸ

2287 2513 2490 2582 κτῆνος
2516 2512 2613 2566 καὶ
2637 2510 2710 2564 τὰ
2731 2510 2899 2564 λοιπὰ
2924 2511 3150 2575 πάντα),
3179 2498 3328 2564 οὕτω
3356 2511 3453 2565 καὶ
3481 2511 3515 2580 ἠ
3549 2503 3850 2577 παρασκευὴ

2287 2605 2424 2674 ἑκτη
2459 2604 2560 2674 μὲν
2588 2602 2775 2674 ἡμέρα
2796 2602 2898 2672 τῆς
2934 2584 3231 2674 ἑϐδομάδος
3265 2602 3411 2667 ἑστὶ,
3437 2601 3653 2670 λέγεται
3685 2596 3739 2650 δὲ
3761 2611 3850 2648 πα-

2287 2697 2536 2770 ρασκευὴ
2601 2698 2692 2751 διὰ
2745 2695 2808 2750 τὸ
2867 2695 3325 2768 παρασκευάζειν
3380 2697 3478 2750 καὶ
3529 2689 3639 2748 οἷον
3695 2691 3850 2744 είπείν

2286 2789 2612 2859 ἑτοιμάζειν
2641 2791 2771 2854 τοὺς
2813 2788 3105 2851 Ἰουδαίους
3139 2789 3196 2840 ἑν
3231 2789 3375 2860 αὐτῇ
3417 2787 3487 2842 τὰ
3513 2785 3606 2840 τοῦ
3653 2781 3846 2838 Σαϐϐά-

2283 2902 2396 2938 του.
2433 2883 2524 2937 Ἐν
2565 2883 2716 2952 αύτῷ
2769 2883 2878 2953 γὰρ
2926 2881 3054 2936 οὕτε
3123 2882 3238 2952 πῦρ
3285 2883 3428 2953 ἅψαι
3465 2876 3846 2950 συγχωροῦνται

2283 2976 2412 3030 ούτε
2465 2975 2597 3040 ξύλα
2636 2973 2866 3040 συνάξαι
2921 2972 3049 3027 οὔτε
3109 2974 3182 3028 τὰ
3233 2976 3378 3044 πρὸς
3426 2973 3631 3042 τροφὴν
3681 2965 3848 3022 asiae

587 3067 747 3122 cibos
780 3065 922 3121 adeo
951 3079 1197 3134 coquere
1226 3064 1451 3118 licebat.
1488 3062 1624 3128 Qua:
1667 3062 1854 3116 omnia
1885 3060 2035 3132 quod
2091 3061 2177 3115 dle

2288 3067 2598 3137 ἑτοιμάσαι.
2649 3065 2843 3120 Ταῦτα
2885 3063 3077 3118 λοιπὸν
3124 3066 3158 3134 ὴ
3193 3064 3337 3134 ἓκτη
3373 3057 3846 3146 παρασκευάζουσα

588 3167 746 3224 sexto
779 3165 1204 3226 appararentur,
1260 3170 1466 3210 nomen
1500 3155 1595 3209 ille
1627 3154 2046 3224 praeparationis
2077 3167 2170 3207 ac-

587 3249 760 3320 cepit.
794 3249 966 3319 lgitur
991 3262 1118 3303 cum
1172 3248 1414 3304 Joannes
1441 3245 1780 3317 eiangeliSta
1834 3245 1982 3300 diem
2033 3246 2177 3300 hunc

586 3338 1046 3408 praeparationem
1115 3335 1340 3391 Pascha:
1414 3343 1617 3400 vocat,
1691 3344 1880 3406 aperte
1936 3335 2179 3391 ostendit

511 3441 514 3443 '
589 3429 814 3484 Judaeos
851 3444 922 3484 eo
958 3441 1204 3500 tempore
1233 3443 1292 3484 se
1317 3428 1386 3483 ad
1435 3428 1662 3484 Paschae
1701 3428 1901 3484 festum
1932 3442 1999 3483 ex
2032 3443 2177 3498 prat-

589 3523 800 3590 scripto
880 3520 1018 3590 legis
1076 3535 1438 3592 praeparasse.
1496 3519 1710 3590 Quippe
1776 3531 1904 3590 post
1984 3519 2177 3573 horam

593 3621 805 3668 sextam
829 3653 844 3679 ,
898 3613 988 3668 die
1017 3665 1024 3670 .
1057 3612 1263 3667 mensis
1298 3621 1500 3682 quarto
1555 3612 1773 3668 decimo
1795 3651 1810 3677 ,
1865 3611 2178 3668 fermentati

589 3720 759 3776 panes
787 3719 982 3760 omnes
1011 3705 1138 3776 igne
1173 3703 1517 3760 concremati
1551 3718 1583 3759 e
1630 3703 1815 3758 medio
1845 3701 2211 3790 tollebantur'

586 3806 645 3851 et
675 3796 1064 3851 inlermentati'
1095 3795 1164 3850 de
1198 3809 1352 3849 more
1385 3793 1859 3864 praeparabantur.
1890 3793 2023 3861 Quae
2051 3810 2178 3850 cum

596 3889 674 3942 ita
708 3888 845 3953 sint,
876 3887 1172 3942 manifesto
1195 3888 1330 3942 licet
1362 3885 1686 3955 intelligere,
1738 3885 1793 3940 id
1824 3886 1971 3955 quod
2020 3885 2186 3942 Chri-

592 3987 713 4033 stus
743 3978 1036 4046 discipulis
1070 3988 1326 4047 porrecto
1361 3994 1506 4048 pane
1539 3994 1604 4034 ac
1633 3980 1763 4034 vino
1796 3980 2014 4035 dederit
2061 3981 2178 4050 ipsa

595 4085 809 4140 magna:
839 4071 1048 4140 quintae
1078 4071 1231 4125 feriae
1265 4086 1520 4140 vespera,
1551 4076 1938 4126 lertnentatum
1968 4071 2179 4128 fuisse:

592 4162 801 4231 quippe
860 4162 1102 4216 necdum
1170 4162 1224 4216 id
1278 4171 1499 4232 tempus
1550 4165 1879 4233 appetierat,
1926 4179 2037 4234 quo
2069 4180 2180 4219 non

595 4255 950 4309 l'ermentatis
989 4254 1228 4324 panibus
1257 4256 1524 4310 utendum
1582 4266 1749 4324 esset,
1785 4267 1847 4311 ut
1897 4257 2180 4311 hominum

2287 3156 2618 3229 παρασκευὴ
2666 3156 3115 3225 κατωνόμασται.
3157 3153 3219 3210 '0
3256 3156 3446 3212 τοίνυν
3479 3145 3846 3222 εὐαγγελιστὴς

2288 3253 2550 3322 Ἰωάννης
2578 3251 2940 3323 παρασκευὴν
2973 3248 3068 3303 τοῦ
3093 3249 3290 3320 Πάσχα
3319 3251 3423 3320 τὴν
3455 3245 3702 3313 τοιαύτην
3729 3235 3846 3308 ἠμί-

2291 3363 2393 3415 ραν
2420 3345 2666 3408 καλέσας
2714 3343 2886 3408 ἔδειξε
2921 3345 3221 3412 προφανῶς
3251 3343 3341 3396 ὅτι
3375 3340 3601 3413 πρώτην
3628 3333 3719 3388 τοῦ
3753 3328 3847 3384 Πά-

2289 3457 2394 3509 σχα
2443 3436 2753 3509 τηνικαῦτα
2789 3435 3276 3506 παρεσκευάζοντο
3320 3435 3521 3506 ἑορτὴν
3557 3431 3606 3484 oi
3629 3424 3846 3480 Ἰουδαῖοι

2288 3535 2432 3586 κατὰ
2461 3529 2560 3599 τὴν
2591 3529 2688 3582 τοῦ
2717 3529 2886 3599 νόμου
2922 3528 3191 3594 διάταξιν·
3233 3528 3349 3582 άπὸ
3374 3528 3484 3596 γὰρ
3522 3524 3682 3590 ἕκτης
3719 3517 3847 3588 ὥρας

2287 3625 2386 3694 τῆς
2427 3621 3039 3693 τεσσαρεσκαιδεκάτης
3093 3621 3192 3690 τῆς
3259 3622 3495 3692 σελήνης
3522 3615 3727 3687 ἡμέρας
3753 3607 3846 3666 πᾶς

2293 3718 2395 3788 μὲν
2423 3717 2682 3788 ζυμωτδς
2722 3714 2886 3782 ἄρτος
2941 3717 3076 3783 πυρὶ
3128 3714 3426 3782 καιόμενος
3457 3707 3758 3781 ἠφανίζετο,
3788 3699 3846 3751 τὰ

2289 3812 2347 3864 δέ
2377 3827 2442 3879 γε
2476 3812 2664 3880 ἄζυμα
2696 3808 2842 3860 κατὰ
2870 3809 2932 3860 τδ
2962 3806 3155 3868 εἰωθὸς
3174 3806 3499 3877 ἡτοίμαζον.
3535 3803 3594 3856 El
3625 3793 3846 3853 δὲταῦτα

2290 3903 2466 3967 οὕτως
2508 3903 2646 3973 ἔχει,
2701 3902 2958 3971 φαίνεται
3006 3900 3309 3972 προφανῶς
3367 3900 3452 3953 δτι
3513 3894 3576 3948 τὸ
3614 3889 3753 3946 δοθὲν
3786 3882 3845 3936 δι’
3875 3965 3888 3969 _

2290 3997 2458 4067 ἄρτου
2505 3995 2602 4049 καὶ
2643 3995 2804 4049 οοίνου
2853 3995 3007 4063 παρὰ
3057 3991 3299 4064 Χριστοῦ
3340 3990 3484 4047 κατὰ
3519 3989 3617 4059 τὴν
3641 3983 3734 4051 τῆς
3766 3993 3846 4049 με·

2291 4088 2466 4158 γάλης
2497 4089 2760 4157 πέμπτης
2795 4087 3041 4156 ἑσπέραν
3084 4085 3323 4155 ἑνςυμον
3351 4081 3443 4157 ἦν,
3477 4084 3557 4136 ὅτι
3597 4075 3722 4149 μηδὲ
3744 4085 3846 4124 και·

2294 4181 2391 4250 ρδς
2447 4178 2678 4248 ἀζύμων
2709 4179 2978 4247 ἐτύγχανε
3008 4177 3130 4230 τότε
3161 4177 3304 4231 κατὰ
3354 4177 3454 4248 τὴν
3479 4175 3586 4228 τῶν
3611 4168 3844 4223 πλειόνωι

2295 4272 2595 4341 ὑπόληψιν.
2642 4273 2814 4338 "Aes;
2858 4271 3047 4324 λοιπὸν
3105 4272 3235 4333 τοὺς
3265 4271 3380 4323 τῶν
3417 4265 3627 4322 πολλῶν
3655 4262 3840 4324 λόγους,

597 4347 796 4417 vulgus
859 4348 1163 4402 existimat.
1221 4347 1424 4402 Eorum
1474 4360 1532 4403 tu
1601 4351 1950 4404 sermonibus
2004 4350 2182 4405 valere

2293 4363 2390 4416 καὶ
2419 4363 2485 4431 τῇ
2538 4359 2839 4431 ἀκολουθίᾳ
2872 4360 2984 4412 τῶν
3036 4359 3200 4428 ίερῶν
3229 4358 3435 4426 λογίων
3466 4354 3713 4425 πρόσεχε.
3736 4344 3842 4395 Ὅτι

587 4439 767 4508 jussis
813 4441 979 4496 seriei
1027 4435 1311 4496 sacrorum
1339 4443 1686 4497 oraculorum
1733 4442 2020 4498 inluereto.
2051 4443 2182 4497 Nam

2298 4456 2397 4526 μὲν
2440 4455 2548 4525 γὰρ
2594 4453 2739 4508 κατὰ
2792 4452 2893 4523 τὴν
2941 4453 3185 4521 ἑσπέραν
3232 4452 3337 4521 τῆς
3388 4447 3632 4520 μεγάλης
3681 4451 3840 4526 παραῗ

520 4551 526 4556 ·
589 4533 738 4603 quod
773 4549 984 4604 magna;
1023 4535 1246 4603 quidem
1299 4536 1720 4604 prmparationis
1763 4551 2016 4605 vespera,
2073 4551 2182 4590 non

2292 4521 2542 4613 σκευῆς,
2594 4546 2658 4599 οὐ
2696 4544 2804 4616 μὴν
2839 4521 2897 4598 ἑν
2936 4546 3002 4614 τῇ
3061 4543 3276 4614 μεγάλῃ
3314 4545 3542 4613 πέμπτῃ
3586 4521 3842 4598 τυθῆναιδ

477 4662 480 4666 -
589 4639 776 4682 autem
849 4643 1066 4697 magna:
1131 4619 1340 4697 quinta:
1418 4627 1566 4682 feriae
1641 4631 1966 4684 mactandos
2020 4629 2182 4684 fuerit

2289 4639 2462 4708 ἀμνὸς
2521 4637 2747 4709 ἔμελλε,
2801 4637 2964 4704 δῆλον
3009 4635 3109 4704 μὲν
3155 4637 3248 4688 καὶ
3293 4635 3353 4702 ἐξ
3405 4633 3580 4688 ἄλλων
3629 4617 3840 4676 πολλῶν,

589 4732 768 4786 agnus
795 4758 810 4782 ,
841 4733 970 4772 cum
1003 4719 1130 4773 aliis
1159 4718 1351 4773 multis
1379 4733 1445 4772 ex
1471 4720 1811 4789 argumentis
1841 4721 2024 4791 colligi
2060 4737 2182 4791 per-

2289 4733 2390 4798 ούχ
2441 4723 2608 4798 ἦττον
2665 4728 2722 4780 δὲ
2754 4729 2877 4799 καὶ
2911 4729 2977 4780 ἑκ
3018 4726 3129 4780 τῶν
3163 4727 3267 4798 ήδη
3329 4719 3714 4798 ῥηθησομένων
3751 4724 3840 4761 σοι·

591 4811 788 4879 Spicne
854 4823 1059 4879 potest,
1101 4823 1213 4865 tum
1270 4827 1400 4866 vero
1455 4812 1736 4881 inprimis
1793 4815 2019 4870 CX'illiS
2062 4831 2182 4884 qua!

2292 4819 2404 4890 Τὴν
2433 4821 2647 4889 ἡμέραν
2687 4819 2906 4888 ἐκείνην
2944 4814 3012 4890 ἦς
3045 4821 3112 4888 τῇ
3144 4819 3357 4888 ἑσπέρᾳ
3396 4817 3456 4870 τὸ
3489 4813 3676 4878 Πάσχα
3707 4799 3841 4890 ἐθύε-

594 4915 744 4953 nunc
800 4901 1098 4983 iudicaturi
1161 4917 1374 4956 sumus.
1438 4899 1588 4955 Diem
1646 4903 1824 4968 illum,
1858 4904 1964 4959 sub
2022 4907 2180 4974 cujus

2291 4889 2378 4975 τοι
2413 4913 2511 4966 καὶ
2557 4911 2789 4982 ἀζύμων
2833 4889 3051 4982 ἡμέραν
3085 4912 3182 4963 καλ⁸
3229 4911 3424 4979 Πάσχα
3453 4905 3648 4977 ὁμοὶως
3676 4889 3841 4950 καλεῖν

593 5005 878 5059 vesperam
907 4991 1113 5047 Pascha
1147 4993 1512 5058 mactabatur,
1547 5005 1604 5048 et
1655 4995 2175 5052 iut’ermentatorum

2290 5005 2549 5060 εἰώθασιν
2583 5005 2692 5059 ἀπὸ
2730 5004 2832 5071 τῆς
2863 5004 3105 5074 ἑσπέρας
3135 5004 3354 5064 πάντως
3398 5001 3586 5068 αὖτῆ;’
3630 4991 3713 5044 καὶ
3749 4983 3841 5048 γὰρ

593 5097 796 5151 panum
824 5084 994 5150 diem,
1034 5093 1092 5141 et
1129 5087 1498 5142 consimiliter
1532 5089 1695 5143 etiam
1749 5089 1972 5144 Paschae
2022 5107 2182 5147 voca-

2288 5096 2373 5150 διὰ.
2402 5098 2462 5148 τὸ
2502 5097 2594 5150 τὸν
2625 5096 2801 5165 ἀμνὸν
2828 5094 3056 5148 θύεσθαι
3090 5096 3184 5147 καὶ
3237 5094 3306 5146 τὰ
3361 5093 3550 5158 ἄζυμα
3588 5074 3837 5165 homo“?

594 5173 726 5227 bulo
747 5176 1031 5243 appellare
1061 5178 1336 5246 solebant,
1377 5181 1644 5236 nimirum
1679 5182 1749 5237 ab
1773 5183 1894 5252 ejus
1925 5199 2176 5253 vespera.

2288 5190 2355 5258 τῇ
2386 5188 2520 5240 έσπέ
2533 5204 2602 5257 ρᾳ
2630 5163 2730 5256 τῆς
2761 5187 3392 5256 τεσσαρεσκαιδεκάτης,
3421 5181 3562 5236 κατὰ
3588 5174 3735 5230 τοῦτο
3757 5163 3840 5218 καὶ

592 5262 728 5318 Nam
765 5265 895 5334 quia
930 5268 1274 5323 mactabatur
1305 5287 1479 5342 agnus
1511 5282 1567 5326 et
1614 5273 1986 5330 infermentati
2016 5292 2182 5346 panes

2291 5281 2326 5349 ἡ
2371 5279 2429 5332 ιδ’
2465 5279 2606 5348 αὕτη
2646 5281 2742 5334 καὶ
2775 5279 2967 5348 Πάσχα
3004 5281 3099 5332 καὶ
3149 5277 3376 5345 ἀζύμων
3412 5273 3591 5344 ἡμέρα
3620 5265 3834 5349 ἐλέγξῃ

594 5356 1037 5411 comedebantur
1093 5359 1210 5428 ipsa
1268 5362 1376 5416 dici
1436 5363 1635 5418 decimi
1686 5367 1868 5434 quarti
1927 5382 2182 5437 vespera,

2294 5347 2484 5425 Ταῦτα
2509 5371 2564 5425 δὲ
2596 5347 2674 5425 τὰ
2701 5347 2947 5439 ὀνόματα
2979 5373 3074 5425 καὶ
3107 5372 3208 5440 τὴν
3237 5367 3481 5439 μεγάλην
3512 5347 3836 5430 παρασκευὴν

592 5450 807 5505 idcirco
841 5451 1008 5504 etiam
1067 5453 1189 5507 dies
1239 5455 1594 5525 liic'quartus
1628 5459 1878 5515 decimus
1910 5470 2024 5514 tum
2079 5462 2182 5518 Pa-

2296 5465 2649 5533 κεκτημένην
2695 5463 3052 5533 εὑρίσκομεν.
3086 5463 3198 5516 Καὶ
3228 5462 3519 5533 πρόσσχες,
3568 5454 3613 5504 εί
3655 5442 3835 5533 βούλει)

594 5545 760 5608 scine,
796 5551 911 5597 tum
954 5549 1284 5616 Azymorum
1332 5565 1532 5605 nomen
1569 5553 1828 5609 habebat.
1865 5552 1972 5608 llas
2002 5563 2182 5609 autem

2299 5559 2412 5620 τοῖς
2449 5556 2790 5627 λεγομένοις.
2855 5554 3054 5626 Πρώτη
3103 5556 3211 5608 τῶν
3279 5553 3503 5622 ἀζύμων
3557 5545 3758 5610 λέγεται
3807 5531 3834 5594 ἡ

664 5725 897 5783 "'Joan.
933 5744 1047 5793 xu,
1093 5729 1155 5783 lO
1185 5745 1339 5801 seqq.
