4054 6464
304 317 410 387 413

1552 321 1956 384 ANNALIUM
1999 325 2192 385 PARS
2232 325 2346 386 IlI.

3454 337 3571 402 “vi

313 431 529 505 μεγάλη
565 431 793 501 πέμπτη
841 436 917 495 ὡς
960 437 1067 503 πρὸ
1095 432 1208 486 τῶν
1245 430 1476 502 ἀζύμων
1506 429 1660 489 οὖσα.
1707 436 1894 489 Καθά-

2002 437 2399 506 appellationes
2431 444 2486 492 et
2550 453 2758 512 magna
2801 447 3220 514 praeparationis
3242 449 3350 506 diei
3407 447 3572 509 tribui

307 541 410 596 περ
449 525 559 596 γὰρ
613 527 641 578 6
695 525 922 593 Μάρκος
951 525 1052 595 τὴν
1085 524 1440 595 παρασκευὴν
1501 527 1884 596 προσάϐϐατον

310 619 493 684 ἔλεγεν
532 617 608 680 ὡς
650 615 819 670 οὖσαν
855 617 964 688 πρὸ
1009 617 1105 671 τοῦ
1137 617 1444 682 Σαϐϐάτου,
1476 617 1620 672 οὕτω
1660 619 1758 673 καὶ
1785 619 1885 691 τὴν

316 708 558 778 μεγάλην
597 707 860 777 πέμπτην
912 709 1141 779 πρώτην
1193 709 1302 762 τῶν
1361 711 1592 781 ἀζύμων
1647 711 1799 781 λέγει
1857 714 1888 765 6

311 800 596 863 Ματθαῖος
646 798 723 862 ὡς
761 785 870 868 πρδ
899 800 1010 854 τῶν
1063 800 1294 870 ἀζύμων
1323 799 1515 869 οὖσαν,
1548 805 1693 860 καθά
1723 822 1888 875 φησιν

309 893 336 944 6
393 890 494 962 τὴν
546 889 798 958 γλῶτταν
838 889 1079 958 χρυσοῦς
1104 908 1120 922 ·
1159 910 1177 943 ι
1215 892 1328 964 Τὴν
1363 895 1610 967 μεγάλην
1658 898 1888 967 ἐνέφηνε

310 984 530 1045 πάντως
560 984 943 1054 παρασκευήν.
987 1002 1004 1036 ι
1055 984 1292 1054 Ὁμοίως
1345 987 1400 1039 δὲ
1454 988 1549 1041 καὶ
1598 989 1625 1040 ὁ
1652 989 1885 1056 Λουκᾶς,

311 1076 486 1130 ἐλθεῖν
546 1074 745 1143 λέγων,
785 1074 1066 1130 τουτέστιν
1103 1077 1416 1145 ὴγγικέναι,
1468 1077 1567 1148 τὴν
1615 1076 1726 1131 τῶν
1759 1078 1890 1143 ἀζύ-

312 1186 431 1238 μων
456 1167 698 1239 ἡμέραν,
729 1167 799 1222 τά
845 1167 987 1222 αὐτὰ
1023 1168 1100 1239 τῷ
1137 1169 1406 1240 Ματθαίῳ
1438 1170 1682 1241 ᾐνίξατο.
1731 1171 1891 1225 Ἀλλὰ

311 1263 401 1312 καὶ
438 1261 467 1312 6
506 1259 782 1331 Ἰωάννης,
828 1260 936 1332 πρὸ
989 1259 1089 1329 τῆς
1142 1262 1336 1332 ἑορτῆς
1375 1261 1469 1315 τοῦ
1513 1262 1705 1332 Πάσχα
1737 1264 1892 1331 γενέ-

311 1351 440 1405 σθαι
462 1351 639 1421 λέγων
665 1351 729 1404 16
760 1351 998 1420 δεῖπνον,
1035 1352 1203 1424 αὐτὴν
1232 1348 1354 1407 εῐπε
1376 1354 1476 1426 τὴν
1505 1354 1886 1427 παρασκευὴν,

1989 528 2170 583 solere
2199 529 2365 598 218
2390 530 2874 598 deprehendimus.
2925 537 2994 591 Et
3025 540 3289 605 animum,
3325 543 3372 596 si
3405 543 3567 608 libet,

1988 619 2056 674 iis
2075 620 2349 676 advertito
2375 637 2498 691 qua:
2525 623 2724 679 dicturi
2760 630 3210 698 sumus._'Primus
3238 635 3568 703 Azyntorum

1987 710 2107 766 dies
2159 722 2394 767 vocatur
2446 728 2641 784 magna
2705 718 2897 785 quinta
2959 719 3118 786 feria,
3178 730 3238 788 ut
3277 725 3371 793 qui
3422 725 3570 779 diem

1989 803 2324 873 Azymorttm
2376 807 2628 874 proxime
2668 809 3036 864 antecederet.
3094 811 3570 878 Quemadmodum

1989 893 2136 948 enim
2178 895 2394 951 Marcus
2438 912 2648 967 magna
2700 903 3121 970 praeparationis
3154 904 3299 960 diem
3350 910 3571 964 vocavit

1990 993 2118 1040 ante
2149 983 2472 1052 Sabbatum,
2498 989 2576 1044 uti
2617 1005 2738 1060 quae
2773 991 3070 1046 Sabbatum
3105 995 3460 1062 praecederet,
3490 1000 3570 1054 sic

1989 1084 2045 1130 et
2082 1092 2332 1148 magnam
2366 1081 2511 1134 illam
2535 1082 2783 1152 quintam
2807 1083 2996 1139 feriam
3022 1086 3308 1144 Matthaeus
3337 1090 3566 1160 primam

1993 1172 2327 1241 Azymorum
2356 1172 2518 1238 dixit,
2551 1175 2630 1230 uti
2663 1191 2786 1245 quae
2811 1175 3144 1248 Azymorum
3172 1181 3289 1236 dies
3320 1184 3570 1251 proxime

1993 1261 2356 1318 antecederet
2428 1281 2442 1318 :
2499 1265 2592 1319 sic
2627 1266 2776 1346 enim
2841 1283 3010 1322 aurea
3066 1269 3250 1340 lingua
3308 1272 3574 1342 praeditus

1992 1359 2180 1406 orator
2206 1353 2435 1425 colligit.
2468 1355 2676 1410 Eodem
2733 1357 2901 1412 modo
2947 1357 3126 1413 Lucas
3171 1361 3334 1414 etiam
3381 1360 3577 1417 dicens

315 1443 412 1497 καὶ
449 1443 674 1512 δηλοῦσι
709 1444 778 1498 τὰ
817 1445 957 1514 μετὰ
1008 1442 1203 1497 ταῦτα’
1241 1444 1393 1512 λέγει
1424 1446 1532 1515 γάρ
1556 1461 1571 1476 ο
1614 1463 1632 1496 ι
1667 1444 1780 1499 Καὶ
1803 1446 1893 1499 αύ-

2001 1441 2344 1511 adventasse,
2378 1445 2485 1500 hoc
2534 1456 2620 1503 est
2675 1449 2970 1517 appetiisse
3026 1449 3172 1504 diem
3220 1451 3572 1522 Azymorutn,

316 1536 402 1588 τοὶ
458 1535 561 1589 οὐκ
612 1535 869 1604 εἰσῆλθον
898 1536 986 1590 ἵνα
1028 1536 1104 1606 μὴ
1163 1535 1488 1605 μιανθῶσιν,
1522 1535 1639 1591 ἀλλ’
1670 1537 1758 1590 ἵνα
1787 1535 1892 1604 φά-

2001 1534 2310 1605 significare
2369 1553 2604 1607 prorsus
2664 1537 2810 1594 idem
2845 1539 2993 1608 quod
3047 1539 3336 1597 Mattheus
3383 1543 3576 1597 voluit.

312 1642 452 1698 γωσι
479 1626 540 1678 16
594 1626 824 1696 Πάσχα*
866 1644 885 1678 ι
917 1626 1014 1679 καὶ
1065 1622 1246 1692 αὖθις,
1281 1643 1301 1678 ι
1343 1627 1503 1680 Ἔστι
1539 1626 1598 1682 δὲ
1627 1629 1894 1697 συνήθεια

2001 1625 2244 1696 Denique
2266 1625 2666 1684 Joannes‘cum
2704 1638 2835 1684 ante
2866 1628 3093 1685 Pascha:
3123 1630 3324 1685 festum
3362 1647 3577 1688 ctenam

312 1714 447 1783 ὑμῖν
491 1715 579 1784 ἵνα
610 1714 715 1769 ἕνα
766 1715 897 1785 ὑμῖν
947 1714 1208 1770 ἀπολύσω
1241 1718 1300 1770 ἑν
1331 1716 1410 1787 τῷ
1444 1717 1715 1788 πάσχατι,
1757 1737 1775 1770 ι
1809 1716 1891 1786 τῷ

2001 1728 2274 1788 peractam
2329 1719 2546 1785 scribit,
2584 1721 2732 1776 diem
2765 1723 3187 1792 praeparationis
3213 1723 3324 1778 hoc
3355 1723 3581 1778 Pascha:

317 1780 660 1874 ἐνισταμένη)
689 1780 916 1877 δηλάδή.
946 1805 1108 1861 Ἀλλά
1137 1808 1234 1861 καὶ
1264 1807 1354 1860 τὸν
1379 1780 1890 1880 Βιαιρδζπαριστῶὶρ

2001 1780 2262 1866 vocabulo
2301 1780 2547 1868 denotat;
2583 1813 2736 1869 Licet
2763 1780 2974 1870 hoc-de
3002 1816 3188 1871 verbis
3222 1816 3368 1881 apud
3397 1817 3579 1886 ipsum

311 1899 475 1968 ἡνίκα
504 1899 532 1950 6
561 1898 798 1962 Πιλᾶτος
837 1898 1098 1953 ἐκάθισεν
1128 1901 1209 1963 είς
1241 1900 1408 1954 τόπον
1437 1901 1560 1954 τιν’ὸ.
1582 1901 1893 1974 Λιθόστρω-

2001 1902 2257 1972 deinceps
2290 1904 2556 1972 subjectis
2585 1905 2918 1976 intelligere.
2949 1907 3044 1963 Sic
3069 1908 3217 1962 enim
3247 1909 3327 1962 ait
3359 1924 3374 1961 :
3410 1927 3429 1960 ι
3464 1908 3579 1978 Ipsi

313 2009 406 2044 τον
470 1991 792 2062 λεγόμενον,
829 1991 975 2047 οὕτω
1033 1991 1200 2062 φησίν
1225 2009 1239 2024 °
1276 2011 1294 2044 ι
1327 1989 1436 2048 Ἦν
1468 1994 1526 2048 δὲ
1560 1995 1892 2066 παρασκευὴ

311 2085 407 2136 τοῦ
441 2084 658 2154 Πάσχα,
691 2084 810 2154 ῶρα
863 2084 922 2138 δὲ
953 2084 1085 2138 ὡσεὶ
1114 2085 1270 2157 ἕκτη.
1305 2105 1326 2140 ι
1360 2087 1474 2142 Καὶ
1512 2087 1890 2159 παρακατιὼν,

321 2196 340 2229 ι
370 2173 480 2230 Ἦν
507 2177 614 2248 γὰρ
656 2177 868 2248 μεγάλη
900 2179 933 2249 ἠ
964 2177 1147 2250 ἡμέρα
1168 2163 1374 2250 ’ἐκείνη
1403 2179 1499 2232 106
1530 2180 1832 2235 Σαϐϐάτου.
1870 2200 1888 2233 ι

315 2267 582 2338 Μεγάλην
613 2268 670 2322 δὲ
719 2269 892 2339 αὐτὴν
950 2269 1052 2322 οὐκ
1110 2269 1178 2323 ἂν
1226 2262 1400 2333 ἄλλως
1455 2270 1716 2325 ἐκάλεσεν
1741 2271 1790 2323 εἰ
1820 2272 1893 2341 μή

320 2377 426 2412 που
487 2360 793 2413 συνέπιπτε
851 2358 931 2427 τῷ
963 2359 1237 2432 Σαϐϐάτῳ
1269 2362 1465 2434 ἐκείνῳ
1495 2365 1528 2433 ὴ
1565 2361 1753 2434 πρώτη
1785 2364 1897 2417 τῶν

319 2451 546 2520 ἀζύμων
567 2451 777 2522 ἡμέρα,
805 2453 840 2521 ἠ
867 2452 963 2504 καὶ⁵
989 2452 1122 2522 ἁγία
1157 2453 1309 2524 παρὰ
1341 2453 1419 2522 τῷ
1451 2454 1604 2524 νόμῳ
1631 2454 1899 2525 καλουμέ-

319 2561 408 2613 νη.
465 2541 653 2596 Ταῦτα
705 2542 763 2595 δὲ
822 2542 1005 2596 πάντα
1056 2543 1249 2612 σαφῶς
1311 2545 1753 2614 ὑπεμφαίνουσιν
1814 2546 1898 2598 ὅτι

316 2634 462 2687 κατὰ
490 2635 590 2700 τὴν
623 2633 990 2705 παρασκευὴν
1022 2637 1242 2704 ἐκείνην
1301 2635 1540 2706 ἑσπέρας
1596 2635 1895 2705 ὁμολογου-

321 2724 500 2792 μένως
532 2720 594 2774 16
646 2723 840 2794 Πάσχα
874 2723 1084 2778 ἐθύετο.
1117 2724 1218 2777 Διὰ
1250 2725 1354 2796 γὰρ
1383 2723 1541 2778 τοῦτο
1580 2724 1675 2777 καὶ
1713 2743 1898 2797 παρα-

325 2814 526 2885 σκευὴν
560 2813 653 2867 τοῦ
690 2815 880 2886 Πάσχα
929 2813 1084 2871 εἶπεν
1114 2815 1284 2886 αὐτὴν
1333 2816 1407 2880 ὼς
1444 2814 1893 2889 παρασκευάζουυ

322 2923 422 2961 σαν
453 2908 522 2960 τὰ
549 2906 641 2959 τοῦ
675 2908 1032 2978 ἐνισταμένου
1084 2909 1302 2972 πάντως
1336 2909 1546 2977 Πάσχα.
1588 2909 1773 2978 Χωρὶς
1805 2906 1900 2960 οὖν

321 2999 628 3066 ἀντιλογίας
679 3002 737 3053 ἑν
763 3002 830 3070 τῇ
873 3001 1088 3071 ἑσπέρᾳ
1123 3001 1375 3069 φαίνεται
1405 3004 1504 3071 τῆς
1544 3000 1900 3070 παρασκευῆς

322 3091 384 3144 16
417 3094 608 3162 Πάσχα
663 3091 931 3160 γίνεσθαι.
965 3093 1028 3145 Ei
1063 3092 1139 3163 μὴ
1171 3093 1281 3163 γὰρ
1325 3093 1483 3146 τοῦτο
1513 3089 1603 3163 ἦν,
1649 3093 1751 3145 οὐκ
1777 3091 1843 3144 ἂν
1872 3092 1901 3142 6
1925 3122 1970 3184 ρ

323 3183 720 3253 εὐαγγελιστὴς
784 3183 1043 3254 Ἰωάννης
1105 3185 1265 3237 τοῦτο
1304 3185 1482 3252 ἑλεγε,
1521 3203 1538 3235 ι
1582 3185 1690 3236 Καὶ
1740 3183 1900 3237 αὐτοὶ

322 3278 424 3329 οὐκ
472 3277 722 3344 εἰσῆλθον
757 3278 836 3341 εἰς
868 3278 930 3329 16
961 3277 1300 3348 πραιτώριον
1329 3277 1418 3328 ἵνα
1450 3277 1525 3347 μὴ
1564 3255 1918 3346 μιανθῶσινί

323 3371 434 3424 ἀλλ’
469 3373 559 3424 ἵνα
589 3371 808 3440 φάγωσι
839 3371 899 3423 16
939 3370 1151 3441 Πάσχα.
1181 3388 1200 3422 ι
1227 3369 1340 3421 Καὶ
1372 3369 1668 3438 πρόσσχες,
1702 3368 1752 3419 εί
1778 3365 1902 3436 βού-

319 3465 428 3531 λει,
459 3463 536 3534 τῷ
587 3455 812 3532 μεγάλῳ
848 3463 1105 3534 Κυρίλ).ῳ
1136 3461 1243 3532 πρὸ
1276 3461 1385 3514 τῶν
1421 3459 1597 3514 ἄλλων
1632 3461 1903 3530 ἐπισφρα-

322 3556 529 3624 γξζοντι
563 3557 630 3610 τὰ
679 3556 907 3610 τοιαῦτα
950 3559 1044 3608 καὶ
1079 3555 1296 3621 λέγοντι
1349 3553 1432 3606 ὃτι
1484 3552 1576 3605 τὸν
1622 3552 1796 3604 τύπον
1824 3568 1904 3604 τι·

327 3649 538 3718 μῶντες
586 3648 704 3719 ἦτοι
744 3648 804 3700 16
845 3647 1140 3716 πρόϐατον,
1180 3645 1481 3699 κάντεῦθεν
1521 3643 1788 3696 εἰσελθεῖν
1822 3643 1904 3705 εἰς

322 3741 386 3793 16
436 3741 776 3810 πραιτώριον
826 3740 887 3792 οὐ
942 3737 1400 3809 προαιρούμενοι,
1460 3738 1563 3804 τὴν
1632 3734 1902 3804 ἀλήθειαν

328 3833 491 3888 αὐτὸν
523 3833 615 3888 τὸν
649 3833 887 3902 Χριστὸν
949 3830 1207 3899 ὕϐριζον·
1244 3828 1473 3898 ἔμελλον
1500 3828 1609 3898 γὰρ
1643 3825 1795 3880 θύειν
1845 3824 1907 3878 16

328 3925 523 3994 Πάσχα
576 3925 718 3978 κατὰ
772 3922 865 3975 τὸν
924 3922 1089 3992 νόμον
1154 3920 1246 3972 τὸν
1306 3919 1472 3988 μηδὲν
1534 3919 1667 3987 παρ’
1720 3916 1905 3979 αὐτοῖς

332 4017 608 4087 ἰσχύοντα.
636 4011 772 4069 Είδὲ
809 4013 983 4067 ταῦτα
1011 4012 1184 4074 οὕτως
1215 4012 1351 4081 ἔχει,
1387 4010 1752 4081 ματαιάξουσι
1776 4026 1908 4078 προ-

331 4106 513 4175 φανῶς
543 4107 591 4157 οἱ
620 4104 870 4172 λέγοντες
900 4104 982 4156 ὅτι
1020 4102 1160 4154 κατὰ
1187 4101 1290 4171 τὴν
1327 4099 1570 4168 ἑσπέραν
1595 4099 1694 4168 τῆς
1729 4097 1906 4167 μεγά-

332 4198 432 4264 λης
464 4198 723 4266 πέμπτης
755 4196 816 4247 16
841 4195 1075 4248 τυπικζν
1099 4191 1668 4262 ἐσθίεται-πρόϐατον
1701 4192 1770 4244 τά
1797 4189 1908 4260 γάρ

336 4290 524 4358 ἄζυμα
597 4289 866 4356 συστῆσαι
945 4285 1378 4355 φιλονεικοῦντες
1464 4283 1909 4352 παραχαράττειν

330 4379 674 4450 ἐπιχειροῦσι
729 4378 1045 4439 κακοθελῶς
1089 4377 1188 4447 τὴν
1237 4375 1518 4443 ἀλήθειαν.
1551 4374 1660 4426 Καὶ
1693 4372 1770 4442 μή
1819 4388 1909 4441 μοι

1994 1991 2050 2045 in
2082 1992 2396 2062 praztorium
2431 2007 2538 2048 non
2568 1994 2862 2058 intrarunt,
2896 2011 2971 2052 ne
3018 1997 3419 2068 polluerentur,
3481 1997 3610 2052 sed‘

1994 2084 2202 2140 Pascha
2257 2093 2639 2145 vescerentur.
2673 2103 2693 2139 ι
2735 2087 2801 2140 Ει
2831 2103 3056 2142 rursum
3093 2105 3108 2142 :
3141 2101 3161 2140 ι
3193 2089 3294 2145 Est
3315 2090 3476 2144 vobis
3529 2089 3580 2143 is

1997 2191 2118 2232 mos
2147 2184 2208 2231 ut
2239 2192 2408 2231 unum
2437 2177 2598 2232 vobis
2643 2179 2700 2233 in
2739 2178 2950 2234 Pascha
2998 2179 3332 2245 condonem,
3373 2199 3392 2233 ι
3420 2180 3580 2236 vide-

1999 2268 2128 2324 licet
2155 2284 2304 2324 nunc
2339 2269 2685 2325 imminente.
2732 2271 3004 2344 Praeterea
3062 2281 3276 2343 tempus
3324 2272 3579 2327 indicans

1998 2377 2109 2431 quo
2141 2371 2390 2432 tempore
2439 2361 2649 2417 Pilatus
2695 2363 2753 2417 in
2807 2363 2932 2418 loco
2973 2364 3212 2434 quodam
3264 2363 3582 2420 consederit

1999 2453 2093 2523 qui
2115 2453 2532 2524 Lapidipavium
2557 2447 2838 2510 dicBretur
2863 2473 2877 2510 :
2904 2475 2923 2508 ‹
2952 2456 3105 2518 Erat,
3130 2455 3332 2525 inquit,
3357 2455 3583 2511 Pascha:

1995 2545 2349 2614 praeparatio,
2391 2545 2528 2600 hora
2579 2545 2696 2602 fere
2727 2555 2903 2603 sexta.
2942 2565 2962 2598 ι
3004 2547 3144 2602 Hinc
3180 2548 3414 2603 ulterius
3458 2561 3583 2616 pro-

1999 2636 2254 2706 grediens
2283 2655 2296 2691 :
2334 2655 2353 2688 ι
2393 2637 2524 2690 Erat
2552 2637 2721 2703 enim,
2757 2639 2854 2706 ait,
2889 2653 3120 2709 magnus
3155 2648 3337 2710 atque,
3365 2637 3586 2694 celeber

2002 2726 2094 2779 ille
2126 2725 2246 2781 dies
2281 2725 2531 2780 Sahbati.
2567 2744 2585 2776 ι
2620 2727 2693 2779 At
2719 2741 2850 2781 vero
2897 2743 3154 2797 magnum
3201 2737 3258 2783 et
3306 2729 3581 2784 celebrem

2003 2817 2153 2871 hunc
2185 2803 2333 2870 diem
2363 2831 2473 2871 non
2514 2816 2764 2883 dixisset,
2794 2821 2839 2873 si
2875 2819 3090 2887 primus
3115 2818 3582 2890 diesAzymorum

2007 2909 2062 2964 in
2095 2907 2396 2963 Sabbatum
2450 2908 2585 2964 illud
2633 2924 2742 2985 no_n
2804 2909 3111 2974 incidisset,
3151 2910 3248 2980 qui
3300 2925 3433 2966 sane
3461 2911 3582 2966 dies
3632 2931 3638 2935 -

2008 3012 2233 3058 sanctus
2265 3001 2433 3056 etiam
2466 3003 2522 3056 in
2554 3002 2674 3072 lege
2723 3012 2977 3061 vocatur.
3023 3001 3151 3057 llaac
3185 3011 3369 3058 autem
3396 3003 3582 3058 omnia

2004 3095 2148 3149 clare
2174 3094 2475 3147 ostendunt
2505 3093 2560 3146 in
2587 3108 2742 3148 more
2771 3093 2944 3148 fuisse
2969 3103 3030 3147 ut
3055 3094 3120 3147 ad
3157 3093 3583 3164 pratparationis

2000 3201 2287 3256 vesperam
2321 3185 2534 3240 Pascha
2570 3185 2711 3240 citra
2741 3185 3180 3242 controversiam
3229 3177 3584 3240 ntactaretur.

1999 3281 2135 3336 Nam
2166 3278 2374 3335 idcirco
2397 3279 2543 3334 diem
2578 3279 2728 3335 hunc
2757 3279 3095 3349 evangelista
3125 3280 3580 3350 praeparationem

2001 3372 2227 3441 Pascha:
2289 3372 2654 3441 nuncupavit,
2700 3371 2777 3424 uti
2832 3365 2945 3441 quo
2999 3387 3090 3426 res
3139 3371 3206 3426 ad
3252 3371 3588 3426 eminentem

2003 3466 2225 3520 Pascha
2251 3465 2396 3519 diem
2430 3464 2756 3519 necessariae
2784 3472 3194 3534 praeparentur.
3225 3461 3414 3531 Itaque
3447 3462 3586 3515 citra

2004 3569 2224 3608 omnem
2283 3552 2728 3606 adversationem
2787 3561 3018 3621 apparet
3067 3551 3296 3605 mactari
3357 3550 3580 3606 solitum

2005 3644 2173 3700 fuisse
2205 3659 2405 3714 agnum
2441 3646 2559 3712 ipsa
2599 3643 3019 3712 prmparatidnis
3065 3657 3314 3711 vespera.
3355 3626 3489 3696 Nam
3528 3644 3584 3696 ni

2006 3752 2095 3791 res
2128 3736 2201 3790 ita
2225 3750 2284 3790 se
2319 3735 2573 3801 haberet,
2614 3732 2856 3788 Joannes
2893 3733 3240 3803 evangelista
3284 3733 3444 3802 prius
3473 3749 3585 3788 non

2007 3826 2247 3881 dixisset
2285 3844 2298 3880 :
2348 3845 2366 3878 ι
2396 3826 2502 3896 ipsi
2556 3825 2612 3878 in
2645 3826 2963 3894 praetorium
3020 3839 3132 3878 non
3168 3824 3468 3888 intrarunt,
3522 3840 3594 3877 ne

2007 3916 2414 3985 polluerentur,
2444 3915 2539 3970 scd
2567 3913 2776 3969 Pascha
2822 3923 3200 3969 vescerentur.
3244 3933 3262 3966 ι
3295 3913 3433 3986 Vide
3458 3913 3593 3984 quid

2008 4021 2241 4078 magnus
2260 4007 2350 4060 ille
2369 4006 2606 4077 Cyrillus
2619 4006 2788 4070 dicat,
2801 4021 2925 4060 cum
2943 4003 3456 4076 hujusmodiverbis
3479 4004 3598 4059 lla-'0

2009 4099 2162 4154 velut
2189 4097 2532 4168 obsignando
2563 4096 2856 4153 conﬁrmat
2882 4114 2897 4152 :
2929 4116 2948 4150 ι
2983 4097 3120 4154 Cum
3145 4097 3379 4168 ﬁguram
3417 4097 3593 4150 hono-

2012 4191 2170 4246 riﬁce
2201 4193 2472 4257 colerent,
2524 4173 2631 4245 hoc
2677 4199 2764 4245 est
2819 4205 3043 4260 agnum,
3094 4189 3331 4257 ideoque
3379 4187 3593 4258 ingredi

2014 4283 2230 4337 nollent
2259 4281 2314 4335 in
2354 4283 2699 4352 praetorium,
2754 4281 3044 4335 veritatem
3093 4279 3291 4348 ipsam,
3334 4277 3599 4332 videlicet

2012 4373 2318 4440 Christum,
2374 4373 2726 4428 contumeliis
2780 4370 3115 4426 adiciebant.
3175 4369 3313 4423 Nam
3361 4383 3428 4423 ex
3473 4367 3595 4436 lege

331 4475 424 4528 τὶν
457 4472 886 4543 χρυσορρήμονα
915 4469 1219 4538 παρείσαγε
1262 4467 1516 4536 Ἰωάννην
1545 4467 1602 4517 ἑν
1630 4467 1697 4534 τῇ
1731 4466 1811 4528 εις
1845 4462 1900 4516 16

2013 4465 2223 4520 Pascha
2273 4465 2500 4519 mactari
2533 4465 2791 4526 debebat,
2839 4479 2960 4532 qua:
3019 4471 3200 4515 tamen
3260 4461 3345 4514 lex
3399 4475 3594 4529 parum

330 4565 476 4618 κατὰ
499 4563 779 4617 Ματθαῖον
827 4560 914 4615 πδ¹
942 4561 1129 4631 ὁμιλίᾳ
1157 4559 1386 4627 λέγοντα
1426 4559 1509 4610 ὅτι
1543 4556 1635 4609 16v
1666 4553 1902 4624 Χριστὸν

329 4658 379 4708 οί
448 4653 690 4708 Ἰουδαῖοι
743 4653 1166 4723 ἀπροσδοκήτως
1219 4653 1597 4721 κρατήσαντες
1656 4647 1754 4702 καὶ
1803 4646 1902 4718 τὴν

323 4749 426 4802 106
466 4749 658 4819 Πάσχα
688 4747 938 4818 παριδεῖν
965 4745 1172 4799 εἵλοντο
1211 4743 1406 4814 ἑορτὴν
1433 4741 1738 4813 τηνικαῦτα
1768 4757 1906 4811 συμ-

330 4839 668 4902 πίπτουσαν.
687 4839 874 4907 Ἔχεις
906 4837 1014 4905 γὰρ
1037 4835 1201 4904 αὑτὸν
1236 4837 1292 4886 ἑν
1324 4835 1389 4904 τῇ
1418 4831 1514 4884 τοῦ
1543 4829 1687 4885 κατὰ
1721 4831 1904 4884 Ἰωάν-

326 4945 426 4998 νην
481 4925 790 4998 ἑρμηνείᾳ,
831 4924 996 4992 ἡνίκα
1057 4921 1318 4989 λέγεταιο
1372 4939 1392 4972 ι
1439 4921 1551 4973 Καὶ
1603 4917 1760 4986 αὐτοὶ
1804 4918 1904 4971 οὐκ

328 5021 578 5090 εἰσῆλθον
619 5018 708 5071 ἵνα
736 5019 811 5090 μὴ
849 5017 1176 5086 μιανθῶσιν,
1201 5007 1432 5066 ἀλλ’ἵνα
1463 5011 1684 5080 φάγωσι
1713 5010 1773 5062 16
1795 5010 1904 5063 Πά-

332 5129 460 5181 σχα,
493 5130 511 5162 ι
539 5111 720 5163 τέλεον
765 5107 1096 5178 ἀναιροῦντα
1145 5108 1248 5177 τὴν
1303 5105 1569 5174 τοιαύτην
1622 5103 1903 5157 ὑπόνοιαν.

332 5206 530 5260 Ἔνθεν
561 5221 648 5257 τοι
689 5203 785 5256 καὶ
817 5203 886 5254 τὰ
923 5201 1018 5254 106
1068 5200 1220 5253 θείου
1263 5196 1653 5262 κατεξετάζειν
1690 5195 1904 5266 ἀνδρὸς,

327 5299 494 5369 ἡνίκα
541 5297 637 5351 ttat
688 5294 889 5364 μᾶλλον
938 5293 1278 5345 ἐναντιοῦται
1333 5289 1470 5368 πρὸς
1513 5278 1720 5356 ἄλληλα
1755 5329 1792 5352 ,,
1832 5289 1907 5358 μὴ

329 5391 469 5462 πρὸς
524 5389 710 5460 ἰσχύος
740 5388 979 5458 ἔχοντες,
1017 5385 1197 5453 σιωπῇ
1231 5386 1328 5435 καὶ
1365 5382 1599 5450 μάλιστα
1642 5379 1906 5449 τιμᾶσθαι

329 5486 398 5538 τὰ
439 5482 668 5538 τοιαῦτα
694 5482 814 5534 δέον
850 5481 1135 5550 κρίνομεν,
1172 5475 1290 5542 εἰγε
1323 5480 1419 5527 καὶ
1453 5473 1662 5550 μᾶλλον
1683 5471 1908 5538 εὔλογον

329 5579 398 5632 τά
432 5578 643 5630 ὕστατα
687 5576 966 5642 κατέχειν,
1000 5572 1084 5624 ὅτι
1134 5570 1230 5624 καὶ
1274 5567 1545 5636 σύμφωνα
1587 5564 1762 5618 ταῦτα
1787 5567 1909 5628 ταῖς

328 5671 438 5726 τῶν
467 5669 670 5723 λοιπῶν
703 5668 964 5736 Πατέρων
998 5661 1368 5732 ὲπεξηγήσεσι
1407 5658 1710 5727 φαίνονται.
1745 5657 1910 5725 Λέγει

331 5766 556 5838 καὶγὰρ
589 5765 669 5815 ὅτι
709 5763 734 5814 6
773 5759 1006 5829 λριστὺς
1046 5756 1150 5827 πρὸ
1203 5754 1335 5826 μιᾶς
1377 5751 1550 5820 ἔφαγε
1589 5752 1648 5804 16
1687 5751 1904 5819 Πάσχα,

2015 4556 2160 4626 apud
2197 4557 2345 4626 ipsos
2375 4555 2616 4610 habebat
2657 4554 2876 4609 roboris
2906 4563 2960 4608 et
2991 4551 3359 4607 auctoritatis.
3399 4569 3416 4604 ι
3463 4551 3598 4616 Qua:

2003 4667 2132 4708 cum
2173 4651 2247 4705 ita
2273 4651 2405 4716 sint,
2443 4649 2796 4719 perspicuum
2823 4660 2906 4703 est
2933 4663 3030 4702 eos
3074 4662 3213 4701 vana
3245 4645 3452 4707 dicere,
3496 4640 3595 4713 qui

2007 4745 2075 4798 ad
2110 4758 2395 4811 vesperam
2427 4757 2635 4812 magna:
2665 4742 2869 4812 quinta:
2913 4740 3062 4795 feriae
3095 4739 3323 4792 mactari
3367 4725 3614 4790 solitum"

2006 4833 2178 4888 fuisse
2211 4833 2452 4903 typicum
2503 4833 2656 4885 illum
2721 4847 2921 4901 agnum
2975 4829 3222 4883 tradunt.
3273 4827 3411 4881 Dum
3447 4825 3597 4880 enim

2008 4938 2215 4993 panum
2283 4921 2801 4976 infertncntalorum
2863 4933 3021 4971 usum
3088 4915 3324 4984 probare
3395 4913 3596 4981 insigni

2010 5014 2366 5069 contentione
2435 5014 2715 5076 nituntur,
2791 5008 3058 5064 malevole
3131 5007 3426 5060 veritatem
3501 5004 3601 5060 de-

2007 5121 2242 5177 pravare
2272 5116 2561 5160 conantur.
2595 5104 2783 5172 Neque
2820 5101 2954 5156 mihi
3008 5102 3114 5155 hoc
3159 5100 3282 5155 loco
3327 5097 3600 5152 Joannem

2012 5199 2464 5268 Chrysostomum
2491 5193 2844 5267 apposueris,
2883 5191 2979 5261 qui
3029 5191 3083 5245 in
3119 5191 3433 5245 orationum
3471 5188 3599 5241 illa-

2011 5305 2133 5344 rum
2165 5287 2499 5357 octogesima
2526 5293 2743 5355 quarta,
2789 5284 2993 5353 quibus
3028 5281 3379 5336 orationibus
3420 5278 3606 5334 Evan-

2012 5382 2218 5452 gelinm
2275 5379 2517 5434 Matthaei
2591 5377 2947 5446 explanavit,
2998 5374 3164 5444 219
3241 5372 3463 5427 Judaeos
3517 5371 3599 5424 ait

2010 5474 2233 5528 Christo
2262 5480 2462 5542 praeter
2505 5469 2974 5538 exspectationem
3027 5470 3234 5537 potitos
3283 5465 3449 5519 etiam
3504 5464 3607 5517 Pa-

1971 5565 2157 5620 "schm
2219 5563 2420 5617 festum
2478 5560 2765 5631 negligere
2828 5575 2938 5614 non
2991 5549 3295 5621 dubitasse,
3334 5554 3480 5623 quod
3543 5553 3603 5605 in

2014 5658 2167 5711 illum
2191 5659 2336 5711 diem
2373 5653 2683 5708 incidisset.
2720 5653 2989 5707 Nimirum
3025 5652 3192 5705 habes
3215 5649 3318 5702 alia
3349 5646 3599 5716 ejusdem

2015 5753 2181 5807 verba
2205 5752 2273 5804 in
2299 5746 2665 5818 explicatione
2708 5745 2988 5813 Evangelii
3043 5761 3070 5796 a
3118 5741 3326 5797 Joanne
3376 5737 3593 5806 scripti,
