4054 6420
323 337 424 401 m
1559 329 1964 404 ANNALIUM
2008 339 2204 399 PARS
2247 327 2360 403 tu.
3461 331 3562 400 413

323 471 426 522 γαν
459 451 756 525 τηνικαῦτα
787 452 1006 524 λέγουσι
1039 453 1317 524 γενέσθαι,
1359 451 1452 505 καὶ
1485 451 1676 515 σκότος
1703 449 1891 504 τοσοῦ-

2018 458 2221 517 η-οριει-
2265 449 2382 502 illas
2416 447 2581 501 trium
2620 445 2882 504 horarum
2915 445 3214 513 tenebras;
3244 459 3345 502 nec
3379 462 3568 516 reapse

323 564 414 600 τον
447 546 588 600 ὥστε
628 548 860 618 ἀστέρας
893 549 1148 618 φανῆναι.

2023 556 2108 594 nox
2142 549 2262 594 erat
2295 547 2519 610 propter
2546 554 2668 594 eam
2716 541 2895 596 lucem
2920 579 2938 606 ,
2965 555 3088 611 quae
3109 551 3316 596 sextam
3374 541 3566 595 horam
3751 563 3784 568 —

323 628 621 695 antecessit
667 645 726 694 et
774 653 974 694 nonam
1045 648 1132 695 est
1181 638 1494 694 subsecuta.
1539 635 1694 702 Quod
1740 633 1918 704 ipsum
1959 647 2182 704 quoque
2236 640 2389 686 vates
2441 633 2678 686 innuens
2747 632 2971 702 subiicit
3010 649 3025 688 :
3063 651 3082 685 ι
3119 632 3234 688 Sub
3284 649 3568 703 vesperam

324 721 416 783 lux
449 730 575 785 erit.
615 747 634 780 ο
698 728 887 797 Neque
927 735 1136 782 tantum
1206 727 1363 793 haec,
1402 726 1602 780 dilecte
1632 725 1751 790 ﬁli,
1806 727 1888 781 sic
1935 743 1964 782 a
2003 726 2224 781 vatibus
2273 723 2521 796 exposita
2582 735 2746 790 sunt,
2802 739 2992 780 verum
3051 725 3217 781 etiam
3270 727 3324 780 in
3383 728 3574 783 multis
3657 736 3662 745 '

321 820 631 878 Graecorum
678 819 1061 876 monumentis
1098 827 1152 874 et
1183 820 1593 874 commentariis
1615 819 1993 888 reperiuntur,
2029 819 2122 888 qui
2197 833 2263 872 eo
2299 828 2548 888 tempore
2603 818 2831 874 tradunt
2890 827 3049 874 teme
3125 831 3334 876 motum
3376 823 3561 894 ingeno

325 927 431 974 tem
465 914 756 978 accidisse,
797 920 1086 981 tantasque
1111 910 1391 974 tenebras,
1428 918 1488 964 ut
1533 911 1651 980 ipsa
1684 925 1905 979 quoque
1946 911 2130 966 sidera
2169 911 2648 979 conspicerentur.

393 1012 529 1063 Τότε
551 1008 638 1078 δὴδ
667 1007 791 1058 τότε
820 1005 918 1057 καὶ
950 1001 1298 1074 προφητικὴν
1323 1003 1483 1070 ἐπιφέ
1495 1018 1576 1072 ρει
1617 1003 1772 1073 ῥῆσιν
1801 1003 1896 1055 ἐπὶ

323 1101 557 1172 σταυροῦ
583 1100 681 1168 τὴν
711 1096 855 1150 οὕτω
885 1095 1148 1161 λέγουσαν
1178 1111 1196 1146 ι
1221 1093 1325 1145 Θεέ
1355 1110 1480 1161 μου,
1515 1091 1618 1145 Θεέ
1653 1109 1779 1162 μου,
1808 1091 1896 1146 ἵνα

320 1195 373 1247 τί
421 1209 488 1262 με
535 1189 926 1258 ἐγκατέλιπεςς
965 1205 985 1239 ι
1033 1185 1316 1256 Ἐϐραϊστὶ
1353 1185 1410 1237 δὲ
1461 1181 1637 1237 ταῦτα
1683 1183 1894 1250 ἔλεγεν,

335 1286 477 1349 Ἠλὶ,
501 1284 612 1352 ἠλὶ,
644 1281 839 1350 λαμμᾶ
864 1278 1191 1349 σαϐαχθανί.
1224 1276 1379 1339 Τίνος
1401 1275 1624 1340 ἕνεκεν;
1653 1275 1770 1329 Ἶνα
1802 1276 1898 1327 καὶ

320 1381 433 1439 τοῖς
477 1374 750 1435 Ἰουδαίοις
779 1371 953 1425 ταῦτα
991 1368 1273 1438 κατάδηλα
1304 1367 1557 1438 γένηται.
1602 1365 1746 1419 Ἀλλ’
1802 1365 1895 1418 ἐπὶ

321 1466 575 1521 τοσοῦτον
601 1464 888 1519 ἀκόλαστοι
915 1461 1011 1514 καὶ
1033 1459 1285 1526 ἀσελγεῖς
1316 1457 1468 1520 ὄντες
1499 1459 1726 1518 ἐκεῖνοι,
1749 1455 1895 1508 καθά

325 1576 486 1629 φησιν
543 1559 571 1609 6
631 1555 730 1624 τὴν
778 1553 1022 1620 γλῶτταν
1076 1550 1332 1622 χρυσοῦς,
1388 1550 1650 1618 ἐνόμισαν
1711 1547 1898 1599 Ἠλίαν

323 1652 528 1706 καλεῖν.
564 1649 675 1700 Καὶ
714 1641 861 1700 οῦτοι
904 1646 1002 1714 μὲν
1032 1643 1225 1706 οὓτως.
1275 1642 1416 1695 ’Δλλ’
1449 1644 1482 1712 ἠ
1523 1639 1676 1710 φωνὴ
1710 1638 1898 1709 ἐκείνη

325 1746 418 1796 καὶ
445 1743 505 1796 τὸ
534 1744 938 1808 καταπέτασμα
966 1738 1180 1808 ἔσχισε,
1227 1738 1318 1789 καὶ
1348 1735 1416 1787 τὰ
1458 1736 1699 1804 μνημεῖα
1728 1733 1899 1802 ἀνέῳ·

327 1837 436 1901 ξεν.
475 1834 614 1889 Ἀλλ’
642 1835 691 1888 oi
731 1829 952 1903 μάταν-οι
1003 1834 1096 1886 καὶ
1137 1829 1363 1882 τοιαῦτα
1396 1827 1686 1897 βλέποντες
1723 1826 1901 1878 συνιέ-

324 1946 413 1980 ναι
446 1928 582 1989 ὅλως
624 1927 725 1979 οὑκ
756 1925 968 1996 ἤθελον.
1003 1922 1218 1976 Μᾶλλον
1251 1922 1350 1991 μὲν
1381 1917 1500 1985 οὖν,
1545 1937 1562 1970 ‹
1591 1917 1905 1972 Καταῦἀτω

324 2019 387 2070 ἐκ
413 2017 508 2069 τοῦ
548 2014 843 2086 σταυροῦ,›
887 2013 1095 2081 ἔλεγον,
1127 2030 1147 2062 ‹
1183 2011 1268 2064 ἵνα
1318 2011 1519 2080 ἴδωμεν
1549 2011 1641 2063 καὶ
1685 2007 1904 2062 πιστεύ-

327 2124 531 2178 σωμεν.
574 2126 594 2160 ι
645 2105 786 2159 Ἀλλ’
821 2106 1028 2166 ἐκεῖνος
1057 2105 1116 2156 ἐν
1157 2101 1235 2173 τῷ
1270 2100 1491 2170 σταυρῷ
1527 2101 1724 2170 μένων,
1762 2097 1836 2160 ὡς
1878 2097 1906 2148 6

325 2197 743 2268 Χρυσορῤήμων
786 2194 976 2265 φησὶν,
1005 2194 1064 2247 ἐν
1097 2195 1209 2257 τοῖς
1254 2192 1366 2245 τῶν
1405 2189 1608 2244 δούλων
1659 2190 1906 2257 σώμασιν

325 2290 391 2342 ἐκ
442 2287 767 2357 περιουσίας
817 2286 1062 2338 ἐδείκνυε
1115 2283 1279 2336 τοῦτο
1330 2283 1569 2348 πολλῆς·
1601 2284 1650 2334 εί
1689 2283 1802 2352 γὰρ
1837 2281 1908 2333 τὸ

291 2382 650 2450 -τεταρταϊον
678 2377 918 2442 ἐξελθεῖν
944 2378 1037 2432 τὸν
1066 2377 1324 2448 Λάζαρον
1353 2376 1519 2446 μέγα,
1559 2373 1738 2443 πολλῷ
1767 2373 1904 2442 μᾶλ-

327 2472 418 2526 λον
463 2471 525 2524 τὸ
577 2470 809 2532 πολλοὺς
850 2469 960 2522 τῶν
1008 2469 1179 2523 πάλαι
1233 2467 1612 2538 κοιμηθέντων
1667 2465 1907 2534 φανῆναι

329 2563 538 2630 ζῶντας
577 2563 797 2633 ἀθρόον.
816 2562 928 2615 Καὶ
954 2560 1227 2631 πρόσσχες
1254 2559 1334 2630 τῷ
1362 2560 1624 2630 θειοτάτῳ
1642 2558 1910 2628 Ματθαίῳ

329 2655 460 2722 περὶ
485 2651 690 2706 τούτων
719 2651 863 2704 οὕτω
893 2650 1143 2715 λέγοντιε
1181 2668 1200 2700 ι
1227 2648 1409 2702 Πολλά
1452 2648 1509 2702 δέ
1540 2647 1771 2718 σώματα
1799 2646 1908 2699 τῶν

330 2745 750 2814 κεκοιμημένων
802 2743 973 2812 ἁγίων
1020 2729 1360 2812 ἠγέρθησαν,
1407 2741 1503 2794 καὶ
1541 2739 1795 2808 εἰσῆλθον
1829 2739 1908 2802 είς

331 2839 429 2909 τὴν
468 2839 629 2906 ἁγίαν
677 2836 853 2904 πόλιν,
883 2837 980 2890 καὶ
1015 2834 1458 2906 ἐνεφανίσθησαν
1510 2835 1724 2898 πολλοῖς
1769 2834 1908 2904 μετὰ

330 2931 429 3000 τὴν
466 2931 682 2999 ἔγερσιν
719 2929 907 2984 αὐτοῦ.
945 2947 965 2980 ι
1028 2927 1172 2982 Ἀλλ’
1225 2926 1460 2980 ἐνταῦθα
1496 2927 1789 2996 προσέχειν
1850 2941 1909 2976 σε

331 3021 503 3087 ἄξιον.
534 3021 596 3073 Εί
635 3021 744 3091 γὰρ
772 3021 913 3074 κατὰ
945 3020 1036 3073 τὸν
1065 3021 1490 3091 χρυσορρήμονα
1532 3018 1784 3086 Ἰωάννην
1815 3019 1911 3071 ἐπὶ

333 3114 567 3183 σταυροῦ
601 3113 683 3166 ἐτι
711 3111 868 3175 ὄντος
893 3111 989 3164 τοῦ
1018 3112 1258 3183 Χριστοῦ
1287 3113 1356 3165 τὰ
1393 3111 1622 3164 τοιαῦτα
1663 3108 1906 3179 ὴγὲρθη-

333 3221 431 3258 σαν
462 3181 710 3274 σώματα,
745 3203 862 3266 πῶς
891 3181 1297 3273 ἐμφανισθῆναι
1321 3201 1495 3256 ταῦτα
1526 3201 1665 3270 μετά
1687 3201 1788 3270 τὴν
1815 3199 1910 3252 τοῦ
1939 3181 1986 3245 C

295 3295 572 3368 νΧριστοῦ
639 3295 858 3367 ἔγερσιν
908 3298 936 3348 6
995 3294 1393 3365 εὐαγγελιστὴς
1456 3296 1698 3363 ίστορεῖ;
1771 3290 1913 3360 Ἐγὼ

333 3389 548 3441 δέδοικα
594 3390 802 3458 μήποτε
855 3389 916 3440 τὸ
949 3387 1140 3441 αὑτοῦ
1171 3389 1290 3440 ἀντὶ
1341 3386 1433 3440 τοῦ
1467 3386 1666 3441 αὐτῶν
1711 3386 1917 3453 ὀφείλει

334 3479 808 3547 ἀναγινώσκεσθαι
834 3497 849 3514 ’
896 3483 966 3536 τά
1006 3484 1118 3554 γὰρ
1149 3484 1385 3552 σώματα
1421 3483 1610 3535 ἐκεῖνα
1645 3482 1784 3551 μετά
1819 3481 1916 3549 τὴν

335 3575 401 3625 ἐκ
429 3572 641 3642 νεκρῶν
675 3572 893 3644 ἔγερσιν
946 3575 1128 3628 αὐτῶν
1185 3575 1283 3627 καὶ
1338 3573 1660 3644 είσήλθοσαν
1700 3574 1780 3635 είς
1815 3572 1916 3643 τὴν

339 3664 500 3731 ἁγίαν
535 3663 690 3717 πόλιν
740 3664 838 3718 καὶ
884 3664 1318 3735 ἐνεφανίσθησαν
1375 3664 1612 3726 πολλοῖς.
1644 3663 1779 3715 Τότε
1830 3662 1918 3731 δὴ,

338 3756 461 3807 τότε
487 3758 580 3808 καὶ
604 3757 638 3825 ὴ
671 3759 986 3826 προφητικὴ
1016 3758 1177 3826 ῥῆσις
1207 3756 1368 3809 ἐλαόε
1396 3757 1572 3824 πέρας
1606 3757 1640 3824 ή
1673 3755 1916 3822 λέγουσα

341 3850 452 3909 τοῖς
498 3849 557 3899 ἐν
606 3847 849 3917 δεσμοῖς,
895 3848 1193 3914 Ἐξέλθετε,
1224 3865 1317 3900 κα;
1356 3851 1469 3910 τοῖς
1507 3847 1565 3900 ἐν
1598 3847 1678 3916 τῷ
1716 3847 1920 3912 σκότει,

358 3938 854 3992 Ἀνακαλύπτεσθε.
884 3940 991 3992 Καὶ
1013 3941 1160 3992 κατά
1193 3940 1292 4009 μὲν
1313 3940 1413 4008 τὴν
1444 3938 1612 4007 ἕκτην
1644 3938 1814 4008 ὥραν,
1844 3937 1921 4001 ὥς

346 4049 510 4099 φασιν
566 4033 622 4084 αί
673 4032 910 4103 Γραφαὶ,
956 4034 1285 4103 σταυροῦται
1345 4035 1373 4084 6
1428 4031 1653 4100 Κύριος,
1686 4032 1827 4083 κατά
1866 4030 1923 4082 δέ

344 4117 442 4187 τὴν
471 4119 698 4188 ἐννάτην
725 4119 787 4173 τὸ
812 4118 1034 4188 πνεῦμα
1066 4122 1184 4182 ταῖς
1225 4119 1518 4190 πατρικαῖς
1554 4119 1712 4188 χερσὶ
1741 4133 1923 4187 παρα-

342 4211 577 4283 τίθησιν.

2071 1001 2305 1056 Protulit
2335 1011 2447 1055 tum
2482 1001 2738 1057 Christus
2765 1001 2818 1056 in
2849 1016 3012 1058 cruce
3047 1003 3273 1059 verbum
3311 1006 3452 1062 istuc
3475 1024 3572 1062 va-

1999 1091 2070 1146 tis
2105 1108 2118 1145 :
2151 1110 2170 1143 ε
2209 1090 2277 1144 Mi
2313 1091 2476 1154 Deus,
2511 1093 2582 1144 mi
2616 1093 2782 1157 Deus,
2812 1109 2910 1146 cur
2933 1107 3018 1148 me
3045 1095 3407 1152 deseruisti?»
3439 1099 3574 1154 Pro-

2001 1186 2126 1240 tulit
2158 1194 2340 1240 autem
2387 1185 2619 1242 vocibus
2673 1185 2958 1242 Hebraicis
2991 1187 3306 1258 huiusmodi
3337 1207 3352 1243 :
3395 1209 3413 1242 ι
3451 1192 3574 1255 Eli,

2000 1277 2122 1340 Eli,
2163 1279 2667 1334 lamasabachthani
2698 1279 2768 1332 ⁸⁸.
2815 1298 2832 1330 ›
2871 1279 2983 1335 Cur
3036 1281 3232 1336 istuc?
3291 1292 3353 1337 ut
3402 1284 3575 1339 Juda:i

2001 1383 2063 1422 ea
2092 1367 2485 1438 intelligerent.
2519 1369 2598 1424 llli
2631 1385 2766 1424 vero
2798 1378 2945 1425 tanta
2979 1370 3240 1426 furebant
3275 1374 3574 1442 petulantia

2003 1469 2057 1514 et
2086 1461 2440 1528 procacitate,
2477 1461 2941 1530 quemadmodum
2989 1462 3417 1535 Chr'ysostomus
3457 1469 3531 1521 ait
3561 1507 3576 1529 ,

2004 1562 2063 1604 ut
2090 1551 2267 1620 ipsum
2299 1553 2678 1608 existimarent
2702 1553 2874 1609 Eliam
2905 1570 3124 1612 vocare.
3154 1557 3351 1612 Verum
3378 1572 3442 1612 ea
3475 1573 3577 1613 vox

2001 1651 2057 1697 et
2091 1643 2283 1712 templi
2326 1646 2506 1698 velum
2538 1645 2735 1700 dillidit
2779 1655 2835 1701 et
2884 1649 3100 1717 aperuit
3133 1649 3417 1718 sepulcra;
3459 1666 3582 1721 qua:

2004 1735 2220 1789 tametsi
2248 1744 2545 1790 cernerent
2576 1737 2829 1792 homines
2877 1738 2950 1792 illi
2997 1740 3209 1806 stolidi,
3238 1755 3466 1809 prorsus
3498 1750 3581 1795 ta-

1932 1821 1976 1883 B
2010 1841 2132 1879 men
2175 1826 2482 1897 intelligere
2545 1828 2828 1884 nolebant.
2893 1829 3007 1883 lmo
3070 1830 3236 1885 etiam
3270 1832 3455 1887 verbis
3481 1832 3585 1886 bu-

2003 1917 2245 1988 jusmodi
2287 1918 2698 1986 obganniebaut
2729 1936 2744 1974 :
2793 1939 2814 1972 σ
2872 1921 3178 1976 Descendat
3209 1922 3276 1977 de
3301 1938 3488 1990 cruce,
3526 1934 3584 1978 ut

2007 2023 2071 2064 ea
2109 2023 2166 2063 re
2207 2009 2323 2064 visa
2371 2009 2532 2065 fidem
2584 2011 2685 2080 ipsi
2742 2011 3046 2068 habeamus
3071 2014 3137 2068 ".
3181 2032 3200 2066 ι
3234 2014 3433 2069 Verum
3465 2015 3584 2085 ipsc

2012 2100 2066 2154 in
2108 2115 2271 2156 cruce
2317 2116 2568 2168 manens,
2602 2110 2663 2157 ut
2718 2097 3150 2176 Chrysostomus
3201 2105 3402 2176 inquit.
3435 2107 3585 2176 quod

2009 2191 2077 2246 ab
2108 2208 2174 2246 eo
2204 2185 2610 2262 postulabatur,
2652 2196 2708 2250 in
2747 2209 2977 2251 suorum
3025 2210 3309 2252 servorum
3338 2199 3588 2268 corpori-

2010 2281 2115 2336 bus
2137 2285 2394 2338 excitatis
2431 2301 2460 2338 a
2489 2295 2667 2340 morte
2693 2285 2931 2354 quadam
2963 2286 3111 2342 velut
3140 2303 3206 2342 ex
3249 2287 3586 2342 abundantia

2011 2374 2347 2447 declarabat.
2379 2375 2706 2447 Quanquam
2750 2378 2900 2432 enim
2943 2389 3201 2449 magnum
3249 2379 3454 2448 aliquid
3488 2379 3590 2433 fuit

2011 2465 2277 2519 Lazarum
2315 2475 2432 2520 toto
2477 2469 2586 2538 jam
2617 2470 2910 2537 quatriduo
2939 2479 3218 2525 mortuum
3261 2486 3292 2525 e
3335 2471 3590 2540 sepulcro

2010 2557 2185 2621 exire,
2227 2559 2388 2629 longe
2422 2567 2608 2614 tamen
2645 2561 2824 2632 majus
2868 2561 2922 2616 id
2957 2571 3076 2616 erat
3108 2562 3253 2630 quod
3291 2564 3445 2616 multi
3477 2564 3588 2630 jam

2011 2648 2142 2701 olim
2169 2648 2280 2702 vita
2309 2647 2482 2704 iuncti
2506 2651 2693 2706 subito
2727 2652 2834 2706 vivi
2863 2653 3338 2722 conspicerentur.
3363 2653 3590 2709 Factum

2012 2751 2195 2796 autem
2252 2741 2358 2796 hoc
2389 2743 2618 2798 omnino
2657 2758 2817 2810 esse,
2869 2744 3001 2799 licet
3049 2759 3116 2797 ex
3167 2745 3318 2800 hisce
3350 2743 3592 2798 Matthzei

2011 2835 2200 2889 verbis
2229 2848 2529 2905 Cognosces
2556 2852 2569 2888 :
2609 2852 2628 2885 ‹
2666 2835 2832 2889 Multa
2866 2851 3103 2906 corpora
3133 2843 3472 2902 sanctorum,
3496 2836 3591 2905 qui

2019 2925 2498 2990 obdormiverant,
2531 2927 2793 2981 suscitata
2831 2938 2984 2994 sunt,
3015 2936 3071 2982 et
3101 2928 3202 2997 ipsi
3245 2929 3436 2983 urbem
3467 2943 3595 2983 san-

2016 3030 2158 3074 ctam
2212 3017 2471 3085 ingressi,
2515 3027 2639 3088 post
2679 3019 3144 3073 resurrectionem
3200 3019 3319 3089 ejus
3347 3033 3377 3072 a
3406 3019 3595 3073 multis

2017 3122 2148 3168 sunt
2196 3115 2478 3181 conspecti
2504 3113 2570 3167 '°.
2615 3129 2634 3163 ι
2680 3111 2894 3178 Quibus
2928 3111 3113 3166 verbis
3141 3127 3322 3181 operae
3355 3112 3593 3182 pretium

2021 3205 2187 3261 fuerit
2220 3215 2272 3260 tc
2305 3205 2629 3276 diligentius
2650 3206 2895 3260 animum
2926 3205 3238 3260 advertere.
3287 3203 3418 3259 Nam
3448 3205 3494 3260 si
3529 3205 3598 3260 de

2020 3297 2251 3352 Joannis
2277 3297 2656 3370 Chrysostomi
2691 3301 2961 3353 sententia
2985 3297 3207 3353 Christo
3239 3297 3420 3352 adhuc
3449 3298 3599 3352 cruci

2020 3389 2211 3444 sufﬁxo
2232 3405 2460 3461 corpora
2494 3390 2594 3444 ista
2621 3402 2750 3446 sunt
2775 3391 3124 3456 resusritata,
3151 3390 3245 3459 qui
3269 3390 3327 3444 ﬁt
3352 3397 3414 3443 ut
3437 3404 3604 3443 evan-

2021 3481 2209 3551 gelicae
2231 3491 2427 3536 auctor
2449 3483 2695 3538 historia:
2723 3483 2869 3538 dicat
2903 3498 2965 3537 ea
2999 3493 3122 3552 post
3154 3483 3359 3539 Christi
3401 3499 3431 3538 e
3460 3499 3606 3538 mor-
3690 3483 3692 3486 ’

2024 3573 2134 3628 tuis
2166 3574 2631 3629 resurrectionem
2682 3575 3055 3644 apparuisse?
3117 3576 3322 3631 Vereor
3346 3575 3602 3645 equidem

2023 3679 2092 3718 ne
2144 3679 2242 3733 pro
2283 3665 2557 3719 vocabulo
2613 3667 2731 3735 ejus
2765 3663 3058 3735 legendum
3105 3668 3178 3719 sit
3218 3681 3418 3719 eorum.
3467 3667 3602 3722 Nam

2026 3755 2118 3810 illa
2153 3771 2383 3826 corpora
2415 3767 2707 3827 postquam
2739 3773 2768 3810 a
2793 3757 3028 3812 mortuis
3066 3760 3391 3812 resuscitata
3424 3771 3604 3826 erant,

2025 3847 2214 3901 urbem
2252 3856 2494 3902 sanctam
2532 3849 2688 3918 221
2740 3851 2987 3918 ingressa
3035 3838 3253 3904 suntet
3293 3851 3481 3904 multis
3509 3865 3604 3919 ap-

2026 3947 2356 4008 paruerunt.
2405 3939 2560 3994 Tunc
2593 3951 2648 3995 et
2699 3941 2833 3995 illud
2870 3941 3013 3995 vatis
3048 3942 3090 3972 ⁶¹
3121 3942 3405 3996 oraculum
3437 3941 3598 3998 linem

2031 4030 2245 4096 habuit,
2297 4032 2444 4100 quod
2488 4033 2724 4086 vinculis
2759 4033 3015 4103 alligatos
3060 4036 3210 4090 exire
3245 4033 3419 4104 jubet,
3462 4044 3519 4089 et
3547 4034 3602 4087 in

2033 4125 2276 4181 tenebris
2332 4135 2619 4179 versantes
2681 4125 2864 4179 lucem
2917 4127 3187 4197 accipere.
3248 4127 3375 4182 Fuit
3422 4135 3603 4181 autem

2031 4214 2162 4268 hora
2201 4227 2376 4277 sexta.
2431 4215 2896 4285 quemadmodum
2935 4215 3156 4272 Littera:
3193 4231 3363 4271 sacra:
3399 4216 3607 4287 signili-

2030 4316 2182 4374 cant,
2239 4306 2507 4362 Dominus
2571 4308 2922 4362 cruciﬁxus:
2967 4325 3111 4363 nona
3166 4325 3296 4365 vero
3351 4311 3604 4380 spiritum

2031 4413 2190 4454 suum
2225 4398 2281 4452 in
2317 4411 2512 4454 manus
2542 4408 2798 4468 paternas
2831 4401 3104 4468 deposuit.

420 4492 484 4543 Et
517 4491 575 4544 δέ
611 4493 704 4545 καὶ
747 4491 881 4561 πρὸς
915 4490 1049 4561 ᾅδην
1095 4489 1318 4551 ἀκούεις
1348 4486 1447 4557 τὴν
1476 4485 1642 4541 αὐτοῦ
1675 4484 1915 4538 κατιέναι

2102 4501 2181 4554 Ad
2217 4515 2408 4554 orcum
2445 4501 2801 4554 descendisse
2854 4515 2974 4554 cum
3015 4510 3259 4555 sanctam
3316 4499 3484 4569 ipsius
3513 4517 3612 4555 au-

347 4589 508 4656 ἁγίαν
536 4588 739 4658 ψυχὴν,
767 4588 840 4658 μὴ
877 4587 1127 4655 θαύμαζε
1175 4585 1367 4639 τούτου
1413 4587 1620 4646 ἕνεκεν,
1658 4582 1926 4636 ἀδύνατον

348 4680 487 4733 εἶναι
510 4680 686 4747 λέγων
721 4682 818 4732 καὶ
853 4680 988 4747 πρὸς
1010 4679 1145 4750 ᾅδην
1172 4679 1342 4747 αὐτὴν
1370 4676 1656 4729 κατελθεῖν
1685 4677 1778 4727 καὶ
1804 4675 1928 4735 ταῖς

346 4771 440 4822 τοῦ
477 4772 691 4841 [ἰατρὸς
737 4771 1119 4841 παρατεθῆναι
1168 4771 1376 4841 χερσίν.
1424 4769 1483 4823 Ἠ
1521 4769 1632 4837 γάρ
1669 4767 1761 4820 τοῦ
1793 4763 1931 4818 Θεοῦ

348 4869 488 4932 κε’·ρ,
521 4865 553 4933 ἡ
580 4864 647 4916 τὰ
673 4866 849 4918 πάντα
895 4866 1101 4936 δηλαδὴ
1136 4865 1524 4936 συγκρατοῦσα
1551 4864 1807 4932 δύναμις»
1839 4865 1932 4915 καὶ

349 4960 460 5008 ἀνω
504 4958 651 5011 ἐστὶν
676 4960 733 5011 ἐν
770 4958 987 5029 οὐρανῷ
1039 4958 1136 5012 καὶ
1171 4958 1324 5011 κάτω
1371 4957 1467 5009 ἐπὶ
1519 4957 1617 5025 τῆς
1666 4957 1790 5025 γῆς,
1833 4955 1927 5008 καὶ

348 5048 456 5100 τῶν
477 5048 570 5100 τοῦ
602 5047 730 5119 ᾅδου
760 5049 948 5119 μυχῶν
979 5050 1040 5103 οὗ
1071 5049 1340 5103 διαλείπει
1372 5049 1524 5102 ποτέ.
1558 5048 1724 5100 Ὥστε
1750 5049 1799 5100 εί
1835 5049 1928 5100 καὶ

350 5139 485 5208 πρὸς
521 5137 710 5210 ᾆδηνή
741 5141 873 5207 ἁγία
906 5140 998 5192 τοῦ
1022 5139 1263 5210 Χριστοῦ
1301 5140 1449 5209 ψυχὴ
1489 5136 1797 5208 τηνικαῦτα
1829 5154 1929 5188 κα-

349 5235 600 5302 τήρχετο,
647 5233 787 5285 ἀλλά
830 5231 933 5301 τῆς
984 5232 1056 5284 τὰ
1089 5233 1266 5284 πάντα
1317 5230 1734 5302 συγκρατούσης
1763 5228 1925 5282 δυνά-

354 5342 520 5393 μεως,
563 5323 819 5396 καθάπερ
863 5322 1122 5392 εἴπομεν,
1179 5324 1238 5375 οὐ
1287 5323 1752 5392 κατελιμπάνετο,
1813 5321 1930 5388 είγε

353 5419 448 5468 καὶ
483 5416 682 5485 μᾶλλον
704 5417 938 5488 δύναμις
973 5416 1070 5469 τοῦ
1108 5415 1318 5483 Πατρὸς
1361 5415 1524 5478 αὐτός
1549 5415 1694 5467 ἐστιν
1733 5417 1760 5467 ὁ
1799 5409 1932 5483 Χρι-

357 5512 498 5574 στῖς,
530 5511 604 5572 ὡς
650 5512 678 5562 6
713 5511 928 5572 ΙΙαῦλός
965 5526 1121 5578 φησι.
1165 5508 1508 5577 Παρατίθησι
1547 5509 1645 5576 μὲν
1681 5505 1774 5558 οὖν
1811 5509 1932 5568 ταῖς

359 5605 648 5673 πατρικαῖς
682 5605 838 5674 χερσὶ
870 5603 968 5674 τὴν
991 5603 1191 5672 ψυχὴν,
1214 5601 1287 5664 ὡς
1318 5601 1567 5654 ἐντεῦθεν
1605 5602 1698 5654 καὶ
1731 5601 1934 5662 πάσαις

2032 4594 2118 4647 dts
2151 4593 2414 4656 anintam,
2450 4593 2560 4646 noli
2595 4593 3015 4662 obstupescere,
3052 4607 3228 4661 neque
3260 4592 3442 4647 dicere
3493 4593 3609 4648 ﬁeri

2033 4685 2460 4754 haudquaquam
2521 4685 2762 4753 potuisse
2795 4693 2856 4739 ut
2901 4685 3092 4738 cadent
3138 4685 3321 4738 anima
3353 4685 3613 4755 migraret

2037 4781 2102 4828 ad
2161 4784 2350 4828 nrcnm
2388 4785 2442 4828 et
2494 4776 2756 4847 paternis
2806 4775 2859 4827 in
2916 4775 3175 4828 manibus
3223 4775 3612 4843 deponeretur.

2037 4868 2249 4936 Quippe
2284 4869 2378 4926 Dei
2418 4883 2644 4930 manus,
2681 4867 2941 4920 videlicet
2974 4867 3065 4920 illa
3111 4867 3404 4922 continens
3433 4869 3614 4920 omnia

2040 4959 2122 5012 vis
2148 4965 2204 5010 et
2255 4965 2518 5026 potestas,
2550 4964 2664 5010 tum
2714 4958 2770 5010 in
2817 4957 2960 5012 cmlo
2993 4965 3077 5012 est
3124 4971 3362 5027 superne
3395 4967 3508 5018 tum
3559 4959 3613 5012 in

2047 5048 2211 5102 terris
2243 5048 2528 5110 deorSum,
2567 5063 2748 5117 neque
2790 5047 2930 5104 adeo
2980 5048 3115 5118 ipsis
3149 5049 3217 5102 ab
3255 5050 3370 5104 orci
3402 5051 3616 5122 angulis
3668 5050 3679 5122 ξ

2041 5155 2282 5209 unquam
2312 5141 2490 5194 abest.
2519 5139 2640 5206 Quo
2670 5139 2728 5193 iit
2766 5149 2825 5193 ut
2854 5140 2898 5194 si
2932 5141 3169 5196 maxime
3200 5153 3388 5198 sancta
3410 5141 3612 5198 Christi
3669 5131 3677 5140 ’

2035 5236 2216 5286 anima
2240 5232 2294 5286 id
2324 5233 2587 5302 temporis
2632 5232 2698 5285 ad
2737 5247 2929 5311 orcum
2967 5235 3039 5287 sit
3075 5233 3340 5303 profecta,
3389 5235 3613 5286 minimc

2039 5332 2221 5377 tamen
2254 5340 2284 5378 a
2323 5323 2373 5376 vi
2408 5331 2792 5393 potestateque
2823 5325 2912 5378 illa
2940 5363 2955 5390 ,
2999 5339 3098 5379 ceu
3133 5324 3394 5387 diximus.
3432 5322 3618 5378 omnia

2042 5414 2364 5469 continente
2401 5415 2680 5469 abfuerit.
2715 5416 2830 5470 lmo
2874 5416 3168 5471 dicendum
3213 5416 3397 5485 potius
3426 5426 3620 5482 poten-

2043 5506 2174 5560 tiam
2229 5505 2404 5562 Patris
2437 5507 2616 5576 ipsum
2641 5522 2763 5562 esse
2809 5504 3121 5570 Christum,
3149 5504 3616 5576 quemadmodum

2043 5598 2246 5652 Paulus
2287 5598 2552 5666 loquitur.
2585 5599 2818 5668 Depouit
2868 5599 3031 5668 igitur
3063 5599 3301 5651 animam
3341 5610 3496 5650 suam
3527 5609 3624 5663 [ιασ-

429 5758 471 5789 ⁸⁸
501 5759 642 5814 Psal.
677 5775 785 5824 ut,
812 5760 868 5813 2.
943 5758 987 5792 "
1028 5758 1216 5813 Matth.
1257 5772 1424 5823 xxvu,
1458 5757 1542 5811 Η.
1607 5756 1650 5788 ⁸⁸
1683 5755 1915 5815 ιωο.5σ.ι,

2025 5759 2035 5788 ¹
2070 5756 2170 5812 lsa.
2210 5772 2352 5822 ηις,
2384 5756 2436 5811 9.

599 5859 866 5914 Ρηιωι..
909 5857 1022 5915 GK.
1080 5854 1348 5917 CLVIII.

3156 5847 3224 5906 Ut
