4054 6422
435 327 538 389 41⁸)

1710 316 2125 378 MICHAELIS
2162 317 2424 378 GLYC/E

3568 321 3673 384 420

433 452 618 492 ternas
665 436 716 490 in
770 450 963 490 manus
989 473 1002 499 ,
1032 445 1091 489 ιιι
1123 433 1230 488 hoc
1284 431 1445 484 modo
1477 428 1690 483 cunctis
1716 429 1989 498 justorum

2104 429 2221 492 ταῖς
2260 430 2370 482 τῶν
2402 427 2626 482 δικαίων
2656 429 2854 499 ψυχαῖς
2900 429 2996 502 τὴν
3047 428 3140 483 ἐπὶ
3183 429 3248 483 τά
3298 403 3411 483 ἄνω
3451 430 3677 499 πορείαν

431 528 722 582 animabus
749 527 851 580 iter
886 524 952 579 ad
983 538 1220 592 superna
1248 521 1606 589 cmlestiaque
1652 517 1947 587 largiretur
1983 533 1996 569 :

429 638 540 675 non
565 621 714 675 enim
741 616 910 688 gratis
938 595 998 670 et
1024 614 1224 668 frustra
1253 627 1353 682 pro
1391 611 1549 665 nobis
1595 618 1680 665 est
1725 617 1997 664 mortuus.

425 713 509 768 Ad
541 725 732 766 orcum
785 722 916 762 vero
957 703 1265 766 descendit,
1311 711 1373 755 ut
1409 703 1574 755 etiam
1610 698 1678 754 iis
1721 699 1816 768 qui
1873 697 2000 752 istic

431 807 813 860 detinerentur
855 796 1206 869 pradicaret,
1252 808 1316 847 ac
1356 793 1667 862 religiosam
1698 790 1844 846 illam
1887 789 2002 861 pie-

431 906 597 952 tatem
641 892 894 948 doeendo
922 894 1402 950 commonstraret,
1439 898 1603 954 quam
1638 883 1793 954 prius
1841 881 1998 952 ignoc

430 997 667 1045 t'assent.
702 986 892 1041 Fidem
922 984 1028 1038 ltac
1071 982 1126 1035 itt
1158 991 1315 1050 parte
1343 991 1560 1034 summo
1587 975 1663 1030 illi
1707 975 1872 1030 Petro
1899 974 1999 1028 ba-

432 1084 582 1145 beto,
614 1079 710 1150 qui
745 1077 813 1132 de
840 1076 1009 1132 rebus
1043 1073 1198 1130 hisce
1228 1071 1284 1125 in
1308 1070 1454 1125 hunc
1484 1066 1706 1123 modum
1735 1065 1956 1121 disserit
1982 1084 1998 1122 :

439 1187 645 1242 .Etiam
674 1178 966 1252 spiritibus
1001 1175 1096 1246 qui
1129 1180 1286 1230 erant
1318 1173 1372 1226 in
1398 1185 1616 1226 carcere
1644 1168 2001 1239 praedicatum

431 1279 551 1338 ivit.
583 1273 679 1345 qui
707 1279 867 1326 antea
896 1265 1060 1321 ﬁdem
1097 1278 1206 1318 non
1240 1256 1839 1322 habuerant‘MQuae
1869 1269 2002 1310 sane

432 1369 600 1423 verba
636 1372 865 1419 secutus
907 1356 1208 1428 Gregorius
1240 1354 1334 1408 ille
1383 1350 1694 1420 Theologus
1719 1387 1734 1413 ,
1764 1348 1820 1402 in
1851 1347 2003 1402 hunc

430 1459 658 1512 modum
689 1453 890 1522 hache
916 1465 976 1506 re
1007 1449 1251 1518 disputat
1281 1463 1294 1500 :
1333 1443 1500 1507 Num,
1530 1455 1739 1512 quaeso,
1767 1454 2005 1509 conspe-

432 1561 554 1604 rtus
582 1548 637 1604 in
672 1558 803 1598 orco
830 1539 1064 1597 salvavit
1091 1550 1284 1593 omnes
1315 1533 1580 1588 Dominus
1603 1573 1618 1598 ,
1653 1546 1722 1585 an
1754 1545 1852 1586 eos
1881 1538 2003 1586 tan-

431 1652 552 1696 tum
582 1639 676 1710 qui
713 1631 1109 1692 crediderant?
1141 1628 1265 1687 Noli
1296 1627 1503 1682 scilicet
1530 1627 1631 1681 hac
1647 1623 1716 1680 de
1741 1638 1802 1680 re
1827 1622 2004 1679 ambi-

433 1743 582 1799 gere.
617 1720 1093 1793 Quemadmodum
1124 1718 1274 1772 enim
1307 1713 1621 1770 hominibus
1657 1713 1714 1768 in
1740 1723 1886 1768 terra
1914 1712 2006 1768 de-

2102 518 2434 588 χαρίσασθαι
2463 519 2606 589 (οὐδὲ
2632 521 2741 589 γὰρ
2769 521 3011 576 ἀπέθανε
3036 521 3244 592 δωρεὰν
3275 521 3416 592 ὑπὲρ
3449 521 3674 591 αὐτῶν),

2101 610 2318 663 κάτεισι
2349 609 2406 663 δὲ
2442 610 2578 678 πρὸς
2605 612 2699 664 τὸν
2725 611 2880 682 ᾅδην,
2914 612 3000 668 ἵνα
3033 613 3128 666 καὶ
3155 614 3266 675 τοῖς
3297 614 3479 664 ἐκεῖσε
3514 609 3678 666 κατε-

2103 699 2357 770 χομένοις
2400 699 2616 772 κηρύξῃ
2647 702 2763 783 ικαὶ
2799 701 2990 774 διδάξῃ
3025 701 3233 764 πάντας
3264 703 3332 770 ἢν
3367 702 3678 773 ἠγνοήκασι

2105 789 2438 846 θεοσέϐειαν.
2474 792 2584 845 Καὶ
2623 792 2814 846 πείθου
2859 793 2936 863 τῷ
2973 794 3258 864 κορυφαίῳ
3309 793 3501 864 Πέτρῳ
3549 793 3681 863 περὶ

2107 880 2316 934 τούτων
2353 880 2792 948 οὖτωδιεξιόντι.
2833 901 2851 936 ι
2887 885 2996 937 Καὶ
3022 886 3134 948 τοῖς
3166 887 3223 938 ἐν
3257 885 3469 953 φυλακῇ
3512 883 3680 936 πνεύ-

2107 990 2243 1043 μασι
2271 973 2563 1044 πορευθεὶς
2594 976 2862 1045 ἐκήρυξεν
2893 973 3229 1046 ἀπειθήσασι
3259 993 3413 1032 ποτε.
3449 993 3468 1026 t
3518 975 3680 1030 Ἀλλὰ

2104 1068 2197 1120 καὶ
2223 1069 2250 1121 6
2285 1067 2533 1136 Θεολόγος
2562 1069 2863 1140 Γρηγόριος
2894 1069 3148 1125 ἐντεῦθεν
3185 1069 3510 1141 ὁρμώμενος
3548 1068 3681 1139 περὶ

2105 1158 2311 1212 τούτων
2339 1159 2484 1214 οὕτω
2515 1161 2705 1230 φησίν.
2730 1155 2908 1232 «τΑρα
2929 1162 3137 1225 πάντας
3163 1159 3369 1216 ἔσωσεν
3396 1160 3682 1230 ἐπιφανεὶς

2105 1252 2163 1304 ὲν
2193 1251 2296 1322 ᾅδῃ
2325 1253 2353 1304 6
2387 1250 2612 1322 Κύριος,
2642 1250 2674 1323 ἢ
2700 1256 2865 1307 κάκεῖ
2904 1254 3030 1318 τοὺς
3061 1253 3497 1320 πιστεύσανταςς
3540 1272 3558 1304 ι
3589 1251 3681 1323 Μὴ

2103 1339 2201 1396 οὖν
2246 1343 2596 1413 ἀμφίϐαλλε⁹
2636 1343 2890 1414 καθάπερ
2923 1345 3035 1416 γὰρ
3092 1347 3206 1408 τοῖς
3255 1345 3314 1400 ἐν
3343 1345 3412 1413 γῇ
3451 1343 3682 1413 εὐαγγε-

2104 1433 2294 1488 λίσατο
2324 1435 2574 1505 εἰρήνην,
2606 1436 2702 1488 καὶ
2751 1437 2866 1498 τοῖς
2900 1437 3001 1506 μὲν
3035 1436 3364 1491 πιστεύσασι
3400 1437 3678 1506 σωτηρίας

2104 1525 2299 1594 γέγονε
2368 1525 2654 1596 πρόξενος,
2704 1528 2817 1589 τοῖς
2867 1527 2926 1582 δὲ
2983 1529 3350 1597 ἀπειθήσασιν
3421 1527 3678 1591 ἀπιστίας

2105 1613 2348 1684 ἐλεγχος,
2394 1614 2470 1678 ὡς
2517 1617 2547 1669 6
2595 1617 2957 1688 Δαμασκηνὸς
2999 1618 3256 1686 Ἰωάννης
3309 1617 3495 1688 φησὶν,
3536 1617 3680 1670 οὕτω

2108 1706 2203 1760 καὶ
2233 1708 2346 1770 τοῖς
2364 1706 2422 1759 ὲν
2452 1705 2602 1777 ᾅδου.
2634 1707 2726 1776 Μὴ
2749 1707 3000 1777 θαύμαζε
3028 1708 3106 1774 δὲ,
3137 1709 3412 1777 ἀγαπητὲ,
3440 1708 3556 1776 εἴγε
3585 1708 3680 1761 καὶ

429 1779 692 1888 gentibus
719 1814 904 1868 laetum
935 1808 1084 1878 pacis
1101 1805 1353 1861 nuntium
1383 1803 1657 1874 exposuit,
1683 1811 1738 1858 et
1771 1802 1999 1858 creden-

2108 1797 2276 1888 ψυχαί
2314 1813 2460 1861 τινες
2501 1798 2560 1851 ἐν
2588 1794 2715 1868 ᾅδου
2757 1798 3124 1868 κατεχόμεναι
3149 1797 3211 1853 τὸ
3259 1797 3402 1852 κατὰ
3443 1798 3681 1869 Χριστὸν

432 1909 580 1964 tibus
628 1903 855 1974 quidem
911 1898 1111 1956 salutis
1160 1895 1374 1952 exstitit
1428 1903 1642 1959 auctor,
1702 1892 2004 1948 incredulis

429 2016 560 2056 vero
589 1995 827 2069 propria:
855 1988 1258 2048 incredulitatis
1288 1986 1477 2050 index,
1505 1994 1570 2040 ut
1617 1985 1860 2040 Joannes
1891 1985 2000 2039 Da-

2109 1887 2211 1942 οὐκ
2239 1888 2511 1958 ἠθέλησαν
2543 1887 2802 1952 δέξασθαι
2827 1891 3097 1959 κήρυγμα
3116 1906 3130 1920 ο
3163 1888 3420 1960 καθάπερ
3460 1888 3556 1942 ἐπὶ
3583 1886 3679 1942 τοῦ

2112 1978 2387 2049 μακαρίου
2445 1977 2682 2046 Παύλου,
2718 1980 2886 2049 ἡνίκα
2938 1980 3010 2033 τὰ
3054 1980 3154 2050 τῆς
3203 1979 3452 2048 φυλακῆς
3502 1978 3680 2032 ἔσεισε
3751 2017 3756 2022 -

431 2102 720 2144 masceuus
753 2081 1024 2152 loquitur,
1058 2083 1133 2134 Ita
1161 2093 1296 2133 cum.
1315 2077 1384 2132 iis
1405 2075 1572 2131 etiam
1587 2075 1700 2146 egit
1727 2074 1820 2144 qui
1846 2084 1999 2131 erant

2110 2069 2358 2139 θεμέλια,
2389 2071 2418 2123 6
2451 2070 2549 2140 μὲν
2577 2070 2923 2140 δεσμοφύλαξ
2948 2070 3151 2136 εὐθέως
3176 2073 3520 2134 ἐπίστευσεν,
3547 2070 3598 2123 οί
3623 2069 3681 2122 δὲ

427 2183 485 2235 in
509 2194 663 2236 orco.
687 2177 798 2233 Nec
823 2174 1050 2241 mirum,
1072 2171 1270 2226 dilecte
1300 2168 1398 2235 illi,
1444 2167 1543 2223 tibi
1567 2166 1818 2222 videatur
1845 2179 1999 2237 quas-

2111 2163 2388 2234 δεσμῶται
2419 2166 2484 2233 τῇ
2513 2164 2746 2235 ἀπιστίᾳ
2789 2162 3180 2233 ὲναπέμειναν,
3221 2163 3322 2217 καὶ
3365 2161 3540 2216 ταῦτα
3580 2160 3681 2222 τάς

429 2273 552 2325 dam
589 2270 646 2324 in
682 2281 814 2323 orco
847 2267 1100 2322 detentas
1127 2261 1338 2316 animas
1373 2257 1818 2329 praedicationem
1846 2255 1999 2312 Chri-

2112 2257 2336 2328 σιδηρᾶς
2385 2257 2536 2328 αὐτῷ
2593 2255 2920 2328 χειροπέδας
2965 2255 3270 2326 ἑωρακότες
3331 2257 3488 2325 ἄφνω
3529 2254 3682 2324 διαρο
3729 2256 3732 2260 ’

430 2362 500 2416 sti
557 2369 906 2428 nequaquam
967 2351 1282 2408 admisisse.
1339 2349 1498 2406 Sicut
1541 2348 1689 2404 enim
1736 2348 1999 2404 accidisse

2113 2351 2394 2420 ραγείσας,
2427 2349 2571 2406 οὕτω
2625 2351 2729 2406 κάν
2772 2351 2886 2415 τοῖς
2935 2350 2996 2403 ὲν
3045 2348 3174 2422 ᾅδου
3208 2347 3539 2421 γενήσεσθαι
3584 2346 3680 2400 πί-

427 2453 680 2507 videmus
729 2459 790 2504 ut
814 2448 929 2503 Deo
960 2443 1116 2502 Pauli
1145 2457 1310 2499 causa
1340 2441 1687 2498 succutiente
1734 2440 1851 2511 ipsa
1881 2456 1993 2496 ear-
2109 2453 2288 2495 στευε.

429 2546 577 2601 ceris
633 2541 993 2599 fundamenta
1023 2548 1210 2596 custos
1268 2538 1490 2608 quidem
1527 2537 1646 2608 ipse
1712 2538 1951 2594 carceris
2015 2538 2280 2594 continuo
2330 2537 2493 2593 ﬁdem
2557 2537 3009 2608 amplecteretur,
3064 2552 3130 2593 ac
3197 2535 3400 2605 reliqui
3446 2533 3682 2594 vinculis

429 2637 640 2694 astricti
667 2651 767 2691 sua
796 2634 1157 2706 persisterent
1217 2631 1275 2686 in
1307 2629 1718 2696 incredulitate,
1767 2645 2083 2702 quanquam
2122 2631 2345 2702 pedicas
2386 2649 2515 2689 suas
2553 2633 2763 2690 ferreas
2804 2635 2991 2690 subito
3033 2633 3284 2704 diruptas
3313 2632 3682 2700 laceratasque

427 2741 740 2796 cernerent,
773 2730 846 2785 ita
879 2735 1074 2799 putato
1118 2741 1244 2782 cum
1293 2725 1365 2780 iis
1407 2725 1574 2780 etiam
1620 2731 1803 2780 aetum
1829 2724 1999 2780 fuisse
2036 2727 2134 2796 qui
2162 2740 2295 2783 orco
2322 2727 2738 2784 detinebantur.
2937 2772 2940 2776 .

499 2823 711 2892 Quodsi
739 2835 963 2878 causam
987 2832 1208 2889 quoque
1239 2816 1400 2887 cupis
1422 2831 1778 2887 cognoscere,
1803 2831 1912 2886 qua
1937 2816 1999 2872 de

2187 2820 2253 2874 El
2282 2820 2340 2873 δὲ
2372 2823 2470 2874 καὶ
2497 2823 2598 2892 τὴν
2630 2823 2811 2876 αἰτίαν
2838 2821 3020 2893 βούλει
3049 2821 3242 2892 μαθεῖν
3265 2821 3334 2875 δι’
3356 2821 3424 2893 ἢν
3445 2819 3688 2892 ἐκήρυξε

428 2932 593 2973 causa
651 2915 912 2972 Servator
966 2911 1135 2968 etiam
1187 2910 1257 2966 iis
1299 2909 1588 2964 animabus
1634 2908 1999 2978 praedicaveril

2111 2912 2209 2967 καὶ
2243 2914 2363 2975 ταῖς
2400 2914 2457 2964 ἐν
2486 2912 2616 2985 ᾅδου
2649 2915 2851 2985 ψυχαῖς
2891 2917 2919 2968 6
2952 2915 3163 2986 Σωτὴρ,
3199 2913 3339 2985 αὕτη
3386 2915 3553 2969 ἐστίν.
3589 2912 3682 2968 Ἐν

426 3016 726 3079 quaerant
755 3007 814 3062 in
836 3018 989 3068 orco,
1037 3001 1180 3058 scito
1215 3001 1368 3055 illam
1404 3000 1550 3054 hanc
1576 3015 1716 3056 esse.
1745 2999 1999 3054 Naturam

2109 3002 2189 3072 τῷ
2221 3001 2303 3070 εφ’
2338 3003 2450 3056 ἔτει
2483 3005 2710 3074 γέγονεν
2741 3008 2775 3075 ἡ
2805 3006 2901 3060 τοῦ
2929 3007 3183 3077 Σωτῆρος
3212 3007 3372 3076 ἡμῶν
3405 3004 3680 3076 ἑνανθρώο

425 3111 671 3156 nostram
727 3095 990 3152 Servator
1023 3092 1329 3161 assumpsit
1387 3104 1534 3144 anno
1589 3091 1658 3146 ab
1692 3090 1828 3145 orbe
1880 3106 1999 3146 con-

2110 3105 2278 3156 πησις
2303 3088 2440 3160 (57).
2477 3093 2636 3153 Τίνος
2666 3094 2887 3161 ἓνεκεν;
2926 3097 3050 3148 Ὀτι
3081 3096 3205 3150 κατ’
3247 3097 3457 3149 ἐκεῖνον
3486 3096 3678 3166 καιρὸν

429 3190 548 3245 dito
577 3186 738 3244 5500.
767 3185 930 3257 222
961 3181 1334 3250 Quamobrem
1377 3179 1556 3236 istuc?
1585 3179 1740 3246 Quod
1776 3196 1842 3235 eo
1879 3191 1999 3235 tem-

2110 3181 2385 3275 FP°DX971__
2413 3183 2496 3247 εις
2545 3184 2662 3251 φῶς
2718 3187 2752 3256 ἡ
2790 3185 2869 3256 τῷ
2917 3187 3060 3240 κατὰ
3107 3186 3344 3258 Χριστὸν
3391 3188 3678 3258 μυστηρίῳ

426 3294 563 3351 pore
589 3277 657 3333 ad
690 3277 874 3332 lucem
900 3289 963 3329 ea
990 3273 1388 3344 perduceretur
1405 3286 1528 3341 quas
1555 3272 1814 3342 mysterio
1843 3272 2004 3327 Chri-

428 3371 500 3424 sti
540 3368 814 3426 servitura
844 3373 962 3421 erat
983 3405 999 3431 ,
1031 3375 1092 3419 ut
1142 3379 1376 3434 magnus
1419 3363 1510 3417 ille
1542 3362 1775 3416 Basilius
1805 3364 2001 3431 inquit.

428 3460 646 3516 Etenim
671 3455 993 3513 vitiositatis
1023 3455 1269 3516 morbus,
1295 3467 1398 3508 ceu
1426 3451 1716 3522 Nyssensis
1748 3451 1838 3506 ille
1865 3453 2006 3507 Gre-

427 3552 617 3623 gorius
646 3550 911 3622 loquitur,
959 3552 1054 3618 qui
1086 3547 1156 3602 ab
1208 3544 1376 3600 initio
1417 3553 1671 3598 naturam
1708 3545 2004 3598 humanam

428 3645 726 3708 invaserat,
781 3642 1025 3711 vigorem
1075 3640 1188 3710 jam
1255 3652 1415 3694 suum
1463 3637 1746 3693 amiserat.
1791 3637 2004 3705 Quippe

310 3789 322 3797 .
391 3773 394 3776 -
425 3743 620 3807 gentes
653 3747 803 3790 nunc
845 3746 943 3802 per
973 3729 1322 3785 vocationem
1352 3729 1649 3784 crediturae
1682 3740 1870 3790 erant,
1922 3727 2002 3781 uti

426 3839 657 3896 magnus
679 3824 846 3878 etiam
887 3821 1092 3877 Paulus
1131 3818 1222 3881 ille
1263 3817 1448 3872 verbis
1501 3817 1650 3871 hisce
1681 3814 1949 3882 signiﬁcat
1984 3831 2000 3869 :

433 3936 451 3968 ι
493 3916 858 3985 Posteaquam
898 3909 1187 3981 plenitudo
1219 3907 1487 3978 temporis
1517 3905 1764 3978 advenit,
1803 3905 2001 3959 Filium

425 4021 588 4062 suum
640 4007 788 4062 Deus
844 4003 1115 4071 ablegavit
1141 4002 1209 4055 ⁸³.
1250 4019 1269 4053 ι
1300 4000 1468 4054 Recte
1505 3999 1673 4070 igitur
1701 4013 1846 4052 anno
1888 3998 2002 4068 jam

425 4096 670 4152 indicato
699 4107 924 4150 carnem
964 4091 1234 4148 Dominus
1283 4090 1541 4156 assumit,
1584 4089 1730 4159 quod
1756 4099 1903 4144 esset
1954 4088 2003 4144 is

425 4189 494 4243 ad
529 4188 673 4242 hanc
721 4200 839 4241 rem
867 4183 1098 4239 omnino
1127 4182 1414 4252 appositus
1451 4190 1618 4251 atque
1655 4181 1997 4236 commodus.

422 4280 562 4346 Quia
610 4291 742 4333 vero
775 4274 1029 4331 nonnulli
1077 4288 1270 4331 eorum
1318 4272 1414 4342 qui
1463 4274 1634 4327 vitam
1688 4272 1742 4325 in
1779 4271 2000 4341 pietatis

423 4367 768 4438 ignoratione
811 4379 968 4421 suam
1003 4363 1357 4428 clauserant,
1408 4370 1519 4416 tam
1570 4360 1810 4431 egregiis
1844 4368 2002 4415 erant

422 4460 624 4516 animis
653 4457 906 4530 praediti,
939 4465 999 4512 ut
1030 4455 1212 4512 vocati
1270 4453 1498 4510 omnino
1538 4453 1816 4509 accessuri
1859 4451 1998 4508 fuis—

2109 3273 2484 3343 ύπηρετοῦσα,
2517 3275 2591 3338 ὡς
2627 3278 2654 3329 6
2708 3277 2886 3345 μέγας
2936 3277 3041 3349 ἔφη
3087 3277 3393 3342 Βασίλειος,
3452 3279 3534 3332 ὃτι
3579 3277 3678 3348 τῆς

2107 3368 2306 3428 κακίας
2337 3367 2370 3438 ἡ
2411 3368 2589 3432 νόσος,
2622 3369 2700 3432 ὡς
2743 3370 2772 3422 6
2814 3370 3103 3434 Νυσσαεὺς
3139 3369 3243 3441 ἔφη
3293 3370 3436 3432 θεῖος
3471 3370 3681 3441 Γρηγό-

2107 3475 2244 3528 ριος,
2270 3459 2575 3529 τηνικαῦ,τα
2607 3462 2998 3532 παρήκμαςεν,
3033 3463 3328 3534 ήάρχῆθεν
3359 3465 3681 3533 ἑνσκήψασα

2105 3555 2172 3622 τῇ
2199 3552 2357 3620 φύσει
2394 3553 2494 3622 τῆς
2532 3553 2977 3625 άνθρωπότητος,
3007 3557 3091 3610 ὅτι
3124 3557 3195 3608 τὰ
3215 3556 3341 3624 ἔθνη
3366 3548 3680 3624 καλούμενα

2104 3645 2226 3698 τότε
2260 3643 2547 3698 πείθεσθαι
2601 3645 2869 3712 ἔμελλον·
2924 3648 3020 3701 καὶ
3073 3646 3236 3700 τοῦτό
3297 3648 3446 3701 ἔστιν
3483 3647 3619 3717 ὅπερ
3649 3648 3678 3699 6

2105 3738 2410 3806 πάμμεγας
2439 3737 2592 3805 ἔλεγε
2619 3736 2849 3805 Παῦλος,
2872 3739 2956 3792 ὅτι
2995 3724 3132 3794 ι’ὄτε
3154 3736 3287 3811 ἦλθε
3313 3740 3373 3793 τὸ
3403 3739 3680 3808 πλήρωμα

2104 3825 2198 3880 τοῦ
2237 3827 2454 3895 χρόνου,
2498 3827 2881 3890 ἐξαπέστειλεν
2916 3831 2945 3882 6
2972 3827 3106 3892 Θεὸς
3159 3830 3250 3883 τὸν
3278 3828 3408 3882 Υίὺν
3437 3827 3627 3883 αὐτοῦ.
3654 3846 3675 3880 ι

2105 3916 2303 3978 Καλῶς
2329 3911 2424 3970 οὖν
2454 3918 2513 3970 ἐν
2537 3915 2616 3986 τῷ
2650 3917 3000 3988 διαληφθέντι
3023 3918 3136 3972 ἔτει
3168 3917 3470 3990 σαρκοῢται
3513 3921 3541 3972 6
3567 3919 3679 3972 Κύ-

2105 4024 2242 4078 ριος,
2281 4009 2364 4061 ὅτι
2411 4009 2506 4062 καὶ
2545 4008 2690 4062 κατὰ
2734 4009 2917 4063 πάντα
2944 4012 3006 4064 τὸ
3033 4010 3280 4064 τοιοῦτον
3325 4010 3544 4064 εὔθετον
3584 4005 3675 4080 ἦν.

2117 4099 2258 4154 Ἀλλ’
2308 4098 2498 4170 ἐπειδὴ
2533 4099 2623 4152 καί
2663 4115 2811 4162 τινες
2857 4099 2968 4153 τῶν
3018 4101 3079 4153 ὲν
3129 4099 3357 4172 ἀσεϐείᾳ
3407 4099 3506 4170 τὴν
3533 4099 3679 4168 ζωὴν

2102 4190 2528 4246 καταλυσάντων
2585 4190 2800 4262 ἀγαθῆς
2865 4190 3123 4245 τοσοῦτον
3193 4192 3443 4262 ὑπῆρχον
3495 4189 3678 4260 ψυχῆς

2101 4282 2240 4336 ὥστε
2299 4284 2394 4335 καὶ
2441 4281 2766 4352 προσελθεῖν
2819 4276 3210 4352 καλουμένους
3241 4284 3443 4347 αὐτοὺς
3489 4284 3586 4336 καὶ
3613 4284 3677 4335 τὸ

2101 4373 2243 4427 κατὰ
2271 4373 2507 4443 Χριστὸν
2547 4373 2780 4439 ἑτοίμως
2818 4374 3160 4443 Εύαγγέλιον
3195 4374 3476 4440 δέξασθαι,
3517 4374 3678 4444 εἴπερ

2101 4465 2241 4519 εἶδον
2274 4465 2439 4520 αὐτὸν
2479 4466 2538 4518 ὲν
2576 4467 2689 4529 τοῖς
2713 4465 3028 4535 ἔμπροσθεν
3053 4465 3272 4537 χρόνοις
3305 4465 3446 4538 μετὰ
3475 4466 3678 4534 σαρκὸς

421 4560 544 4608 seut
572 4560 628 4607 et
657 4549 1018 4620 Evangelium
1050 4549 1119 4602 de
1149 4545 1371 4602 Christo
1403 4545 1710 4616 amplexuri
1733 4585 1748 4610 ,
1798 4545 1842 4600 si
1875 4544 1997 4614 qui-

2104 4558 2197 4609 ὲπὶ
2240 4558 2344 4626 γῆς
2371 4557 2748 4626 διατρίϐοντα,
2776 4556 2968 4611 τούτου
3014 4559 3174 4628 χάριν
3221 4559 3284 4612 ού
3321 4559 3678 4626 παραιτεῖται

417 4644 545 4697 dem
573 4657 696 4697 eum
724 4639 1105 4711 superioribus
1134 4637 1350 4694 saeculis
1377 4651 1506 4692 cum
1552 4650 1720 4689 carne
1753 4635 1806 4688 in
1839 4636 2000 4690 terris

418 4737 710 4806 degentem
763 4733 1222 4802 conspexissent,
1279 4738 1569 4798 propterea
1635 4742 1745 4782 non
1783 4735 1998 4781 recusat

418 4828 583 4881 etiam
631 4825 700 4880 ad
739 4840 930 4880 orcum
976 4821 1314 4878 descendere
1345 4836 1408 4875 ac
1439 4819 1680 4875 detentis
1713 4819 1837 4874 istic
1873 4817 1997 4870 ani-

419 4918 614 4972 mabus
644 4916 948 4988 praedicare
975 4955 990 4981 ,
1047 4923 1106 4968 ut
1157 4913 1262 4967 hoc
1300 4911 1462 4966 modo
1508 4910 1715 4964 nemini
1747 4910 1890 4964 ullus
1937 4923 1997 4963 se

419 5010 688 5078 purgandi
717 5008 874 5063 locus
901 5008 1333 5075 relinqueretur,
1381 5019 1484 5058 nec
1514 5003 1600 5058 vel
1649 5003 1779 5057 boni
1842 5016 1996 5056 suam

419 5102 719 5154 bonitatem
764 5099 1099 5168 perderent,
1143 5097 1228 5151 vel
1260 5096 1385 5150 ntali
1427 5094 1763 5164 respondere
1817 5092 1999 5146 verbis

419 5189 732 5260 huiusmodi
765 5197 1028 5257 possent:
1060 5207 1076 5239 ι
1109 5187 1164 5242 Si
1191 5188 1542 5250 vidissemus,
1565 5189 1792 5241 omnino
1834 5183 1994 5237 aditi-

419 5282 728 5335 buissctnus
759 5280 940 5333 Iidem.
980 5299 998 5332 ›
1039 5278 1165 5333 Haec
1187 5279 1255 5333 tle
1286 5280 1369 5332 his
1397 5279 1543 5334 dicta
1573 5291 1760 5332 sunto.

485 5450 528 5479 ⁶²
567 5447 584 5499 Ι
627 5447 772 5502 Pctr.
812 5461 891 5509 In,
925 5442 1012 5501 '19.
1073 5444 1118 5476 ⁸³
1155 5444 1330 5500 Galat.
1359 5463 1434 5511 Iv,
1464 5450 1520 5501 4.

2106 4650 2203 4702 καὶ
2257 4649 2392 4719 πρὸς
2444 4650 2578 4719 ᾅδην
2624 4651 2786 4711 αὑτὸν
2837 4649 3123 4706 κατελθεῖν
3175 4652 3272 4705 καὶ
3320 4653 3444 4713 ταῖς
3497 4651 3679 4702 ἐκεῖσε

2105 4739 2341 4808 κηρῦξαι
2384 4741 2607 4812 ψυχαῖς,
2638 4740 2715 4804 ὡς
2760 4741 3011 4796 ἐντεῦθεν
3045 4741 3488 4811 ἀναπολογήτους
3537 4734 3677 4792 εἶναι

2104 4831 2374 4898 ἃπαντας,
2413 4833 2508 4886 καὶ
2570 4834 2710 4904 μήτε
2771 4833 2900 4896 τοὺς
2953 4833 3195 4901 ἀγαθοὺς
3258 4831 3528 4888 ἀπολέσαι
3578 4832 3678 4898 τὴν

2101 4923 2311 4976 ἑαυτῶν
2356 4924 2690 4995 ἁγαθότητα,
2723 4929 2864 4997 μήτε
2913 4928 3044 4989 τοὺς
3082 4926 3184 4979 οὐκ
3235 4923 3476 4993 ἀγαθοὺς
3527 4925 3678 4976 άντι-

2100 5013 2279 5081 λέγειν
2327 5014 2586 5068 δύνασθαι
2625 5016 2700 5078 ὡς
2749 5035 2769 5070 ι
2798 5016 2970 5088 Εἴπερ
3001 5017 3234 5086 εἴδομεν,
3279 5015 3678 5084 ἐπιστεύσαμεν

2100 5107 2183 5190 ἄν.
2220 5125 2239 5157 ι
2278 5108 2382 5159 Καὶ
2415 5111 2542 5178 περὶ
2568 5109 2666 5178 μὲν
2707 5108 2908 5164 τούτων
2930 5109 3122 5172 οὕτως.

2989 5341 3019 5368 9

485 5590 598 5660 (57)
635 5587 826 5674 Qiycas
867 5599 1049 5674 noster
1089 5603 1262 5642 annos
1319 5592 1394 5674 ah
1442 5591 1594 5668 orbis
1647 5592 1873 5674 conditu
1915 5592 1981 5646 ad
2093 5594 2256 5674 etiam
2295 5593 2582 5662 pauciores
2617 5595 2918 5674 assignent.
2953 5596 3106 5674 Δνίιίε
3137 5613 3257 5667 quae
3315 5614 3428 5669 pra:
3467 5597 3676 5663 cmtpris

419 5659 854 5715 inmutationem
889 5659 1046 5714 Verbi
1083 5669 1333 5711 numerat
1366 5662 1662 5729 quiuqmes
1724 5663 1871 5716 mille
1921 5679 1984 5717 ac

422 5734 774 5800 quingentos,
826 5744 949 5782 cum
1000 5729 1091 5782 alii
1143 5745 1205 5782 ex
1263 5729 1462 5783 Graecis
1525 5733 1843 5800 ant-plures
1892 5744 1985 5788 aut

2097 5667 2160 5717 de
2195 5666 2298 5715 hoc
2320 5673 2642 5733 argumento
2694 5669 2992 5735 disputavit
3018 5666 3273 5726 Petavius
3302 5666 3490 5730 noster
3520 5670 3676 5725 libris

2094 5735 2170 5790 De
2206 5736 2455 5789 ductmra
2489 5745 2809 5805 temporum.
