4054 6426
1441 270 1470 288 Ι

317 359 416 422 421

1562 359 1969 422 ANNALIUM
2011 359 2206 420 PARS
2244 358 2358 422 Ili.

3493 363 3596 425 4°22

389 481 456 536 Οί
492 482 548 534 δὲ
610 483 874 550 Ἰοαδαῖοι,
909 485 995 538 ἵνα
1045 483 1122 555 μὴ
1176 482 1338 554 μείνῃ
1383 481 1477 535 ἐπὶ
1527 483 1622 535 τοῦ
1674 479 1896 551 σταυροῐ

2085 481 2354 536 Caeterum
2381 482 2552 538 Judaei
2581 499 2647 540 ne
2680 484 2734 538 in
2767 498 2932 539 cruce
2966 496 3196 552 corpora
3238 496 3336 553 per
3382 481 3595 536 Sabba-
3654 539 3668 548 _

318 576 384 628 τὰ
412 574 640 643 σώματα
671 577 730 629 ἒν
765 577 1052 650 Σαϐϐάτῳ,
1071 576 1193 630 ἐπεὶ
1223 575 1555 648 παρασκευὴ
1586 569 1654 644 ἦν
1683 569 1772 648 (ἦν
1791 575 1900 643 γὰρ

319 669 532 740 μεγάλη
570 670 753 742 ἡμέρα
777 672 960 742 ὲκείνη
1005 670 1104 724 τοῦ
1134 667 1460 740 Σαϐϐάτου),
1489 667 1783 740 ἠρώτησαν
1807 666 1900 720 τὸν

319 764 571 828 Πιλᾶτον,
636 764 730 819 καὶ⁵
774 765 843 819 τὰ
893 764 1043 834 ἑξῆς.
1099 762 1453 832 Κατάγουσιν
1492 759 1588 816 οὖν
1641 763 1751 816 ἀπὸ
1803 759 1898 814 τοῦ

318 855 475 921 ξύλου
520 856 612 909 τὸν
649 857 888 927 Ἰησοῦν,
929 858 1028 911 καὶ
1063 857 1308 928 μνήματι
1358 853 1536 926 καινῷ
1581 852 1900 908 κατατίθεν-

315 967 428 1002 ται.
491 949 633 1002 Ἀλλ’
692 951 796 1022 ὅρα
844 943 1106 1004 κάνταῦθ’
1152 951 1252 1018 τὴν
1301 948 1394 1002 τοῦ
1463 945 1598 1000 θεοῦ
1663 946 1897 1013 σοφίαν,

316 1042 594 1112 ἁγαπητὲ,
629 1042 715 1096 ἵνα
763 1042 838 1112 μὴ
886 1041 981 1096 τὸν
1031 1041 1266 1112 σταυρὸν
1307 1039 1470 1094 αὑτὸν
1503 1037 1896 1109 ξημιωθῶμεν,

315 1134 404 1187 ἵνα
451 1135 528 1205 μὴ
555 1135 615 1188 τὸ
656 1135 926 1203 πανάγιον
954 1131 1048 1186 τοῦ
1088 1133 1299 1204 Κυρίου
1337 1129 1499 1202 σῶμα
1531 1134 1704 1202 πυρὸς
1733 1130 1764 1200 ἢ
1795 1128 1894 1184 θα-

315 1227 520 1298 λάσσης
557 1227 718 1299 ἔργον
747 1229 1044 1298 ποιήσωσι,
1071 1230 1136 1297 τῇ
1187 1225 1408 1295 συνήθει
1443 1226 1546 1278 κάν
1577 1223 1752 1294 τούτῳ
1788 1241 1896 1294 μα-

312 1322 402 1388 νίᾳ
429 1321 786 1392 χρησάμενοι,
824 1321 915 1374 τὸν
947 1319 1255 1389 Αὔγουστον
1290 1319 1481 1390 ἤγειρε
1514 1318 1770 1390 Καίσαρα
1796 1318 1896 1390 τὴν

313 1411 641 1482 οἰκουμένην
684 1411 908 1468 ἅπασαν
960 1413 1414 1483 ἀπογράψασθαι.
1441 1413 1656 1466 Γίνεται
1696 1411 1892 1476 ταῦτα,

313 1506 412 1558 καὶ
443 1506 506 1558 τὸ
533 1506 641 1559 τῶν
677 1504 948 1576 Ἐϐραίων
996 1507 1154 1574 γένος
1184 1507 1248 1576 τῇ
1283 1505 1392 1558 τῶν
1428 1504 1719 1575 Ῥωμαίων
1763 1505 1895 1558 ὑπο-

317 1598 505 1651 πίπτει
534 1599 701 1669 ἀργῇ.
739 1597 924 1671 Ταύτῃ
952 1617 1033 1652 τοι
1062 1597 1256 1667 καὶτῷ
1281 1598 1502 1667 λαχόντι
1543 1597 1760 1667 Πιλάτῳ
1797 1596 1894 1667 τὴν

313 1685 610 1758 ἡγεμονίαν
641 1687 821 1742 αὐτῶν
853 1687 1162 1758 παριστῶσι
1189 1687 1280 1740 τὸν
1312 1688 1536 1760 Κύριον,
1577 1687 1650 1757 μὴ
1681 1704 1896 1758 συγχω-

319 1778 570 1848 ρούμενοι
627 1781 689 1832 τὸ
737 1779 998 1850 βουλητὸν
1046 1781 1230 1842 αὐτοῖς
1285 1779 1373 1833 ἐπ’
1407 1780 1558 1850 αύτῷ
1587 1779 1894 1860 διαπράξα-

2018 585 2133 629 tum
2175 588 2502 643 manerent,
2560 577 2782 646 quando
2826 587 2938 632 tum
3003 576 3423 646 pratparationis
3475 575 3596 628 dies

2010 677 2154 731 erat,
2204 668 2427 724 Sabbati
2473 681 2660 724 autem
2706 670 2826 726 dies
2862 671 3099 726 celebris
3148 678 3315 740 atque
3359 683 3551 739 magna
3580 709 3594 730 ,

2011 774 2238 818 exorato
2263 764 2522 833 precibus
2548 763 2724 818 Pilato
2751 761 2942 818 Jesum
2973 763 3041 818 de
3091 761 3242 833 ligno
3273 761 3595 822 demitturt.

2010 858 2171 930 isque
2203 873 2406 912 novum
2442 855 2496 912 in
2528 865 2948 912 monumentum
2979 856 3298 925 deponitur.
3333 852 3432 908 llic
3461 869 3598 922 qun—

2011 967 2144 1022 que,
2176 951 2379 1006 dilccte
2411 950 2484 1004 fili
2508 989 2524 1013 ,
2559 947 2886 1019 sapientiam
2917 946 3051 1000 mihi
3084 947 3324 1000 divinam
3353 946 3594 998 intuere.

2011 1042 2227 1114 Quippe
2253 1058 2323 1097 ne
2357 1041 2538 1096 crucis
2582 1038 2854 1094 beneficio
2877 1036 3264 1108 spoliaremur,
3315 1045 3453 1088 neve
3504 1049 3596 1087 sa-

2013 1143 2366 1192 crosanctum
2405 1133 2539 1189 illud
2567 1132 2789 1188 Domini
2813 1146 3017 1201 corpus
3035 1129 3210 1186 Judaei
3242 1129 3327 1184 vel
3355 1129 3481 1199 igne
3511 1127 3596 1181 vel

2012 1230 2151 1284 mari
2184 1229 2500 1299 perderent,
2535 1228 2723 1286 furore
2757 1223 3012 1280 videlicet
3041 1230 3306 1278 consueto
3342 1223 3448 1285 usi,
3479 1221 3596 1276 Au-

2008 1333 2230 1394 gustum
2259 1322 2530 1378 Caesarem
2577 1321 2781 1376 excitat
2829 1329 2889 1374 ut
2944 1317 3211 1372 mundum
3271 1301 3593 1370 universum

2009 1426 2282 1472 censeret.
2313 1416 2433 1483 Quo
2468 1414 2615 1470 facto
2646 1411 3006 1468 Hebraeorum
3031 1409 3183 1465 natio
3218 1405 3594 1463 Romanorum

2012 1510 2066 1563 in
2091 1518 2420 1578 potestatem
2450 1506 2698 1562 devenit.
2731 1504 3028 1575 Pr0pterea
3057 1513 3276 1572 captum
3305 1500 3372 1555 ab
3395 1513 3454 1555 se
3485 1499 3594 1553 Do-

2009 1604 2219 1658 minum
2247 1602 2424 1658 Pilato
2445 1602 2673 1668 sistunt,
2709 1599 2804 1670 qui
2835 1598 3088 1669 praetoris
3110 1595 3254 1667 apud
3287 1595 3436 1666 ipsos
3469 1611 3596 1647 mu-

2009 1712 2146 1752 nere
2179 1693 2534 1766 fungebatur.
2554 1692 2632 1748 lta
2650 1699 2893 1763 potestas
2923 1689 3004 1745 eis
3039 1689 3292 1759 adempta
3324 1696 3434 1752 est,
3460 1703 3598 1756 quo-

2007 1788 2195 1843 minus
2253 1802 2320 1842 ex
2375 1786 2543 1842 animi
2597 1785 2684 1842 sui
2733 1783 2967 1841 libidine
3006 1798 3131 1838 cum
3175 1782 3294 1852 ipso
3342 1789 3595 1850 agerent.

317 1868 462 1925 σθαι.
502 1871 609 1925 Καὶ⁸
651 1849 761 1942 γὰρ
799 1874 848 1926 εί
913 1873 1398 1945 συνεχωρήθησαν,
1460 1872 1634 1934 λίθοις
1680 1849 1748 1926 ἂν
1785 1853 1896 1925 ⁸τὸν

2013 1881 2240 1947 Etenim
2261 1881 2307 1936 si
2337 1881 2672 1950 permissum
2710 1877 2818 1934 hoc
2843 1876 2924 1932 eis
2954 1875 3166 1940 fuisset,
3196 1849 3286 1927 vel
3317 1871 3597 1942 lapidibus

313 1964 549 2032 Χριστὸν
585 1964 940 2018 ἐθανάτωσαν
983 1964 1017 2035 ἢ
1069 1963 1270 2036 ξυλίνῳ
1302 1967 1650 2035 κατέπρισαν
1693 1963 1898 2034 πρίονι,

313 2055 609 2110 κάντεῦθεν
660 2058 820 2128 ἡμεῖς
877 2055 968 2111 τὸν
1015 2057 1236 2128 φύλακα
1290 2057 1450 2128 ἡμῶν
1513 2057 1900 2127 ὲζημιούμεθα

315 2147 569 2218 σταυρόν.
605 2146 668 2200 Εί
707 2147 817 2220 γὰρ
862 2147 957 2201 τὸν
1001 2147 1252 2218 φιλόθεον
1309 2147 1582 2218 Ἱερεμίαν
1635 2147 1902 2218 βορϐόρου

315 2239 502 2308 λάκκῳ
532 2239 809 2304 ἐνέϐαλον,
842 2240 896 2293 τί
926 2239 1028 2293 οὐκ
1055 2239 1121 2293 ἂν
1149 2242 1231 2304 είς
1274 2241 1334 2293 τὸ
1367 2240 1462 2292 τοῦ
1496 2240 1704 2309 Κυρίου
1738 2240 1902 2308 σῶμα

314 2331 600 2401 ἐποίησαν,
633 2333 682 2384 εί
717 2333 792 2403 μή
827 2349 891 2401 γε
938 2332 1031 2384 τὸν
1069 2331 1380 2403 Ῥωμαϊκὸν
1412 2327 1558 2401 εἶχον
1605 2333 1774 2401 νόμον
1807 2333 1904 2386 αύ-

313 2423 439 2486 τοῦς
505 2424 940 2491 ἀναστέλλοντας
972 2425 1192 2479 Γίνεται
1238 2423 1431 2479 λοιπὸν
1481 2426 1515 2495 ἡ
1571 2424 1900 2496 ἀπογραφὴ,

311 2517 381 2569 τὰ
406 2516 505 2586 τῆς
536 2515 791 2580 εὐταξίας
820 2517 1124 2586 εἰσάγεται,
1147 2516 1450 2570 κάντεῦθεν
1478 2516 1538 2569 τὸ
1565 2515 1658 2570 τοῦ
1691 2515 1900 2586 Κυρίου

315 2608 476 2678 σῶμα
506 2607 688 2679 τελεία
716 2611 864 2680 ταφῇ
894 2609 1272 2679 παραδίδοται.

382 2697 516 2772 Οἶδα
563 2698 641 2765 δὲ,
683 2699 954 2770 ἀγαπητὲ,
999 2699 1080 2752 ὃτι
1131 2699 1228 2752 καὶ
1282 2700 1411 2770 περὶ
1451 2701 1552 2772 τῆς
1589 2705 1900 2774 τριημέρου

311 2791 490 2861 ταφῆς
549 2789 644 2845 τοῦ
705 2792 914 2863 Κυρίου
976 2793 1177 2864 πολλὴν
1250 2775 1495 2865 ἐποιήσω
1558 2795 1895 2870 συζήτησιν,

312 2883 526 2952 ἡμέρας
555 2885 894 2956 ἐκμετρῆσαι
929 2886 1091 2956 δῆθεν
1131 2887 1226 2939 ἐπὶ
1251 2887 1458 2958 ταύτης
1497 2893 1648 2959 τρεῖς
1699 2893 1774 2962 μὴ
1812 2894 1902 2946 δυ-

316 2972 568 3046 νάμενος.
611 2975 746 3030 Ἀλλ’
774 2976 932 3046 ἄφες,
970 2981 1019 3032 εί
1057 2978 1266 3048 βούλει,
1292 2979 1403 3032 τῶν
1438 2981 1774 3048 πολλῶν,ὃτι
1805 2987 1900 3039 καὶ

2009 1973 2079 2028 ad
2113 1983 2362 2047 mortem
2393 1987 2568 2042 usque
2600 1969 2883 2028 Christum
2924 1969 3268 2033 obruisseut,
3316 1962 3401 2019 vt-l
3442 1981 3595 2019 serra

2007 2066 2190 2138 lignea
2224 2065 2646 2130 dissecuisseut,
2677 2078 2856 2135 eoque
2899 2070 3060 2133 pacto
3091 2059 3252 2115 nobis
3282 2068 3470 2114 custos-
3501 2057 3593 2112 illa

2009 2169 2198 2232 nostra
2227 2176 2366 2214 crux
2396 2161 2676 2230 periisset.
2699 2159 2916 2230 Quippe
2955 2157 3003 2213 si
3041 2156 3133 2212 Dei
3175 2157 3413 2210 amicum
3438 2153 3587 2209 Jere~

1994 2253 2173 2307 .miam
2205 2252 2261 2306 in
2305 2252 2619 2323 voraginem
2644 2253 2881 2306 lutosam
2929 2250 3272 2320 abiecerunt,
3301 2247 3434 2316 quid
3481 2262 3593 2298 non

2007 2348 2064 2404 in
2101 2348 2280 2418 ipsum
2333 2347 2548 2402 Domini
2589 2361 2789 2416 corpus
2815 2345 3217 2416 designasscnt,
3251 2343 3303 2396 ni
3338 2344 3453 2412 lege
3489 2343 3595 2394 Rm

2009 2456 2170 2495 mana
2193 2440 2431 2510 repressi
2468 2439 2748 2496 fuissent?
2780 2437 2890 2494 llac
2911 2438 3080 2509 igitur
3107 2437 3174 2490 de
3207 2452 3373 2490 causa
3393 2449 3593 2488 census

2009 2534 2296 2589 institutus
2331 2532 2436 2587 fuit
2489 2543 2548 2588 et
2595 2531 2814 2603 egregie
2845 2531 3098 2585 ordinata
3130 2544 3218 2583 res
3261 2527 3498 2597 publica,
3534 2534 3594 2579 ut

2007 2626 2225 2679 Domini
2263 2641 2485 2694 quoque
2510 2638 2710 2693 corpus
2741 2636 2941 2690 expers
2964 2619 3263 2688 sepulturae
3295 2633 3401 2670 non
3430 2615 3592 2669 foret;

2077 2718 2302 2772 Memini
2357 2718 2522 2772 etiam
2551 2759 2566 2782 ,
2618 2716 2820 2770 dilecte
2853 2713 2951 2778 fili,
2992 2723 3042 2768 te
3073 2725 3288 2766 mecum
3321 2708 3493 2763 multa
3523 2708 3592 2762 de

2009 2809 2264 2863 triduana
2294 2809 2577 2880 sepultura
2605 2806 2928 2870 contulisse,
2979 2819 3104 2859 cum
3153 2804 3316 2858 trium
3371 2799 3590 2855 dierutn

2005 2903 2096 2956 hic
2124 2903 2362 2972 spatium
2394 2901 2578 2956 metiri
2605 2915 2713 2954 non
2743 2913 2948 2970 posses.
2981 2895 3156 2950 Velim
3195 2905 3246 2950 te
3272 2903 3454 2949 autem
3487 2893 3591 2947 hac

2006 2995 2060 3047 in
2094 3004 2250 3063 parte
2288 2993 2582 3062 opiniones
2615 2993 3005 3062 plerorumque
3030 2991 3225 3043 missas
3257 2985 3438 3041 facere
3473 2994 3592 3038 tan-

311 3067 590 3135 λογισμῶν
625 3069 986 3141 ἀνθρωπίνων
1018 3071 1158 3124 εἰσιν
1186 3072 1562 3144 ὲφευρέματα.
1611 3076 1809 3130 Πείοου
1840 3078 1896 3132 δὲ

2005 3079 2168 3154 quam
2204 3087 2568 3139 humanarum
2615 3083 3097 3138 ratiocinationum
3127 3080 3367 3134 imenla.
3397 3077 3590 3132 Potius

314 3161 513 3230 μᾶλλον
555 3159 816 3233 Ἰσιδώρῳ
839 3162 919 3232 τῷ
953 3162 1312 3238 Πηλουσιώτῃ
1359 3164 1571 3233 λέγοντι
1605 3168 1687 3221 ὃτι
1718 3170 1895 3224 καθά·

313 3268 420 3323 περ
460 3254 554 3305 ἐπὶ
606 3253 714 3306 τῶν
752 3253 1133 3309 τελευτώντων
1179 3260 1356 3310 ποιεῖν
1405 3260 1703 3330 εἰώθαμεν,
1736 3261 1900 3336 ὁποίᾳ

310 3345 354 3400 δ’
383 3346 449 3399 ἂν
488 3347 612 3420 ὥρα
646 3348 950 3420 τελευτήσῃ
995 3365 1100 3415 τις,
1138 3349 1238 3422 τὴν
1273 3351 1402 3421 ἑξῆς
1453 3354 1624 3424 μόνην
1667 3355 1894 3426 ὑπερτι-

313 3442 539 3511 θέμεθα,
585 3445 657 3513 τῇ
706 3443 764 3496 δὲ
812 3444 978 3515 ἑτέρᾳ.
1010 3445 1182 3498 ἕωθεν
1213 3446 1466 3516 τριταίαν
1501 3448 1709 3519 ἄγομεν
1761 3452 1899 3520 ἡμέ-

313 3554 414 3607 ραν
442 3536 607 3589 αὑτοῦ
629 3554 643 3568 ·
671 3538 766 3589 καὶ
791 3537 935 3589 οὕτω
957 3537 1050 3590 καὶ
1073 3538 1166 3589 ἐπὶ
1189 3537 1364 3592 αὐτοῦ
1390 3538 1485 3592 τοῦ
1510 3541 1749 3610 Χριστοῦ
1774 3543 1894 3596 δια-

309 3627 548 3680 νοεῖσθαί
593 3646 654 3682 σε
704 3631 832 3700 χρή.
868 3631 979 3684 Καὶ
1025 3630 1136 3700 γάρ
1184 3632 1326 3684 κατὰ
1379 3632 1481 3703 τὴν
1529 3633 1896 3707 Παρασκευὴν

312 3721 597 3790 παρέδωκε
624 3723 687 3775 τὸ
718 3721 938 3792 πνεῦμα
956 3740 970 3755 ·
997 3721 1157 3778 τοῦτο
1184 3723 1283 3794 μία
1313 3725 1522 3796 ἡμέρα.
1558 3726 1631 3780 Τὸ
1679 3726 1896 3782 Σάϐϐα-

309 3833 401 3869 τον
450 3816 572 3869 ὅλον
621 3817 680 3868 ὲν
731 3815 810 3886 τῷ
858 3817 1016 3888 τάφῳ
1044 3817 1342 3888 ἐποίησεν
1376 3818 1486 3872 ἰδοὺ
1532 3818 1627 3872 δύο
1660 3821 1897 3892 ἡμέραι..

310 3907 465 3960 Μετὰ
494 3907 548 3960 δὲ
577 3907 735 3961 τοῦτο
774 3907 877 3978 τῆς
926 3907 1217 3978 Κυριακῆς
1251 3910 1674 3981 ἐπιφωσκούσης
1707 3912 1771 3965 ὲκ
1801 3913 1897 3967 τά·

312 4017 412 4068 φου
445 4001 773 4070 ἐγήγερταιο
814 4001 925 4055 ἰδοὺ
957 4003 1052 4055 καὶ
1090 4003 1284 4073 τρίτην
1318 4002 1464 4074 ἔχεις
1506 4005 1744 4074 ἡμέραν.
1779 4007 1894 4060 Καὶ

311 4092 501 4146 πείθου
537 4097 650 4157 τοῖς
685 4095 812 4163 περὶ
836 4095 1054 4150 Λουκᾶν
1091 4097 1186 4148 καὶ
1215 4095 1470 4149 Κλεόπαν
1499 4094 1643 4151 οὕτω
1672 4098 1895 4167 λέγουσι

311 4185 447 4254 πρὸς
474 4185 636 4240 αὐτὸν
662 4184 752 4238 τὸν
779 4186 1042 4257 Χριστὸν,
1076 4187 1268 4242 ι’Λλλά
1287 4203 1352 4256 γε
1383 4187 1482 4240 σὺν
1517 4189 1652 4241 πᾶσι
1682 4189 1893 4252 τούτοις

309 4277 501 4347 τρίτην
522 4276 727 4346 ταύτην
758 4277 973 4349 ἡμέραν
1003 4279 1127 4348 ἄγει
1169 4280 1436 4348 σήμερον,
1472 4279 1567 4347 ἀφ’
1612 4275 1675 4336 οὗ
1718 4281 1893 4336 ταῦτα

312 4367 550 4432 ἐγένετο.
585 4385 603 4418 ι
643 4369 705 4420 Et
735 4368 794 4421 δὲ
817 4369 911 4421 καὶ
934 4369 1123 4439 τάχιον
1167 4370 1233 4422 ἐκ
1263 4369 1438 4440 τάφου
1469 4371 1794 4442 ἐγήγερται,
1827 4372 1893 4424 οὐ

2004 3175 2166 3247 223
2199 3176 2409 3231 lsidoro
2447 3175 2740 3230 Pelusiotae
2787 3173 2948 3227 fidem
3002 3169 3266 3225 adhibeto
3297 3209 3311 3234 ,
3355 3166 3452 3237 qui
3487 3166 3590 3220 hu-

1998 3266 2247 3337 jusmodi
2275 3265 2524 3336 quaedam
2555 3263 2739 3318 tradit.
2773 3260 2931 3328 Quod
2960 3260 3014 3316 in
3042 3260 3109 3314 iis
3138 3260 3318 3314 facere
3345 3274 3588 3314 consue-

2008 3359 2194 3413 vimus
2216 3357 2456 3427 qui‘vita
2481 3357 2866 3419 decesserunt,
2907 3363 2965 3409 ut
2989 3367 3320 3424 quacunque
3366 3351 3587 3406 tandem

2003 3454 2136 3507 hora
2171 3451 2294 3521 quis
2334 3451 2624 3514 moriatur,
2685 3447 2846 3502 modo
2901 3447 3021 3502 dies
3067 3447 3206 3501 alter
3235 3441 3586 3519 intercedat,

2000 3560 2130 3601 eum
2160 3560 2377 3599 sunnuo
2408 3543 2553 3598 tertii
2589 3543 2699 3596 diei
2737 3556 2899 3596 mane
2926 3538 3114 3594 triduo
3156 3539 3269 3605 jam
3303 3545 3588 3590 mortuum

2000 3637 2415 3707 perbibeamus,
2443 3633 2587 3689 idem
2623 3633 2693 3688 de
2733 3632 2958 3688 Christo
3004 3640 3251 3700 cogitare
3290 3644 3391 3683 nos
3422 3644 3588 3696 opor-

2004 3738 2103 3784 tet.
2155 3726 2289 3781 Nam
2344 3727 2389 3779 is
2430 3727 2550 3796 ipso
2582 3723 3005 3794 pratparationis
3037 3723 3128 3777 dic
3180 3723 3436 3792 spiritum
3472 3721 3587 3775 Deo

2001 3819 2264 3884 tradidit;
2296 3819 2415 3872 dies
2448 3818 2615 3888 igitur
2644 3817 2733 3871 hic
2758 3831 2902 3870 unus
2934 3824 3038 3869 est.
3073 3813 3374 3868 Sabbatum
3410 3822 3584 3868 totum

1999 3913 2057 3969 in
2088 3913 2345 3982 sepulcro
2368 3912 2604 3976 mansit;
2635 3925 2706 3963 en
2734 3908 2879 3962 diem
2904 3907 3137 3962 alterum
3165 3906 3353 3961 babes.
3381 3894 3584 3961 DEinde

1999 4022 2126 4062 cum
2173 4006 2290 4076 iam
2344 4003 2668 4078 Dciuinicus
2701 4002 2824 4057 dies
2871 3999 3196 4063 diluxisset,
3249 4015 3281 4053 e
3328 4001 3583 4066 sepulcro

2001 4097 2242 4164 resurgit
2269 4115 2282 4151 :
2319 4112 2387 4150 eu
2423 4095 2569 4148 diem
2598 4093 2697 4149 tibi
2735 4094 2982 4148 tertium.
3010 4089 3134 4146 lianc
3165 4107 3291 4146 vera
3320 4091 3501 4154 dabis,
3537 4092 3583 4145 si

2000 4190 2166 4244 Lucae
2199 4189 2350 4243 voles
2381 4199 2436 4242 et
2470 4187 2687 4257 Cleopa:
2709 4186 2962 4250 credere,
2993 4184 3087 4255 qui
3116 4183 3184 4238 ad
3213 4184 3390 4253 ipsum
3423 4183 3587 4238 Chri—

1997 4293 2142 4340 stum
2161 4281 2315 4337 aiunt
2353 4299 2366 4336 :
2401 4299 2420 4332 (
2456 4279 2770 4335 Acceditad
2807 4279 2923 4333 bmc
2947 4292 3136 4332 omnia
3160 4316 3176 4341 ,
3216 4277 3364 4347 quod
3391 4278 3587 4332 tertius

1999 4377 2092 4432 hic
2121 4375 2243 4430 dies
2267 4375 2470 4446 agitur,
2501 4389 2568 4429 ex
2605 4388 2718 4441 quo
2761 4371 2878 4426 haec
2915 4365 3058 4426 Pacta
3089 4381 3222 4427 sunt
3260 4371 3328 4423 ⁸⁸.
3353 4389 3372 4422 ι
3409 4369 3587 4426 Citius

312 4460 454 4513 κατὰ
486 4459 644 4512 τοῦτο
675 4461 893 4523 πάντως
963 4461 1364 4532 αίτιαθήσεται,
1417 4464 1617 4532 μᾶλλον
1658 4465 1758 4534 μὲν
1798 4461 1894 4521 οῦν

2005 4478 2188 4524 autem
2213 4467 2498 4536 aliquanto
2535 4465 2820 4521 Christum
2853 4480 2883 4518 e
2910 4464 3166 4533 sepulcro
3192 4466 3584 4533 resurrexisse,

312 4553 407 4604 καὶ
462 4552 978 4624 προσκυνηθήσεται
1027 4555 1183 4626 παρά
1225 4557 1472 4622 πάντων,
1510 4558 1594 4611 ὅτι
1651 4558 1752 4629 μὲν
1793 4561 1894 4629 τὴν

2005 4561 2216 4630 culpam
2252 4557 2481 4614 omnino
2526 4556 2735 4610 nullam
2787 4562 3034 4608 meretur
3069 4571 3083 4608 :
3116 4555 3210 4611 sed
3243 4555 3428 4626 potius
3475 4556 3584 4610 hoc

310 4644 700 4714 ὲμπρόθεσμον
729 4642 1081 4715 καρτερήσας
1113 4645 1410 4716 ὑπόσχεσιν
1443 4650 1541 4715 τὴν
1576 4651 1642 4702 ἐκ
1675 4651 1894 4716 νεκρῶν

2005 4652 2224 4709 nomine
2261 4651 2434 4722 magis
2477 4649 2644 4704 etiam
2695 4648 2764 4702 ab
2815 4647 3072 4702 omnibus
3117 4657 3206 4702 est
3245 4647 3584 4715 adorandus,

309 4735 478 4788 αὑτοῦ
542 4737 731 4807 τάχιον
776 4737 1077 4806 ἐποιήσατο
1132 4737 1374 4808 ἔγερσιν.
1444 4742 1554 4796 Καὶ
1611 4743 1742 4813 περὶ
1795 4745 1899 4813 μὲν

309 4824 515 4878 τούτων
569 4827 744 4890 οὔτως
791 4827 819 4878 ὀ
863 4825 1178 4897 διαληφθεὶς
1225 4825 1364 4892 θεῖος
1407 4829 1628 4902 dumo
1676 4831 1733 4884 δὲ
1761 4851 1896 4902 χρυ-

311 4920 606 4991 σορρήμων
669 4919 925 4990 Ἰωάννης
984 4923 1151 4990 φησὶν
1197 4924 1277 4975 ὃτι
1335 4925 1428 4974 καὶ
1491 4923 1614 4977 λίαν
1661 4927 1892 4996 εποίησε

309 5011 494 5075 καλῶς
523 5014 551 5065 ὁ
583 5014 818 5083 Χριστὸς
846 5015 954 5084 πρὸ
988 5015 1086 5084 τῆς
1135 5016 1244 5066 τῶν
1293 5017 1464 5086 τριῶν
1496 5017 1724 5087 ἡμερῶν
1753 5037 1893 5089 συμ-

313 5107 649 5178 πληρώσεως
699 5109 952 5182 ἐγερθεὶς
1000 5111 1066 5164 ὲκ
1115 5111 1350 5182 νεκρῶν.
1388 5113 1449 5164 Εἰ
1501 5113 1576 5185 μὴ
1624 5115 1737 5184 γὰρ
1773 5116 1896 5168 τότε

313 5205 512 5272 ἀνέστη
538 5203 868 5273 καθημένων
910 5205 1104 5258 αὐτόθι
1127 5205 1238 5258 τῶν
1276 5208 1634 5276 στρατιωτῶν
1669 5208 1764 5262 καὶ
1796 5227 1898 5278 φυ-

312 5291 647 5356 λασσόντων,
677 5295 794 5349 ἀλλ’
833 5295 1313 5366 ἀναχωρησάντων
1363 5299 1505 5368 μετὰ
1557 5299 1659 5370 τὴν
1699 5301 1895 5372 τρίτην

315 5385 546 5455 ἡμέραν,
579 5385 725 5458 εἶχον
778 5387 845 5441 ἄν
894 5405 948 5440 τι
999 5389 1097 5442 καὶ
1149 5387 1331 5456 λέγειν
1358 5391 1405 5442 oi
1441 5389 1713 5446 κάκιστοι.
1750 5393 1895 5462 Προ-

316 5477 514 5543 ἐφοασε
544 5479 729 5534 λοιπὸν
766 5481 1030 5545 ἀναστάς.
1071 5480 1220 5534 Ἔδει
1259 5483 1368 5552 γὰρ
1409 5483 1896 5554 παρακαθημένων

318 5571 492 5624 αὐτῶν
518 5574 776 5640 γενέσθαι
805 5575 904 5646 τὴν
943 5574 1267 5630 ἀνάστασιν.
1303 5576 1515 5629 Οὐκοῦν
1549 5577 1900 5646 ἠναγκάζετο

321 5665 410 5716 καὶ
434 5666 542 5720 τῶν
574 5667 743 5737 τριῶν
773 5669 998 5739 ἡμερῶν
1035 5669 1184 5732 ὲντὸς
1225 5667 1290 5720 ὲκ
1328 5667 1543 5738 νεκρῶν
1575 5668 1896 5740 ἐγερθῆναι,

393 5827 435 5859 ⁵⁵
474 5827 610 5886 Luc.
652 5845 799 5892 sxw,
829 5830 924 5888 2|.

1995 4743 2143 4814 quod
2171 4742 2418 4813 praestita
2451 4741 2756 4795 toleranter
2776 4739 3164 4809 promissione,
3199 4740 3335 4795 certi
3371 4751 3586 4810 tempo-

1998 4839 2076 4890 ris
2098 4837 2279 4905 spatio
2305 4832 2556 4896 definita,
2588 4832 2826 4886 celerius
2861 4833 3323 4887 resurrectionem
3343 4849 3408 4888 ex
3439 4850 3586 4889 mor-

2001 4929 2114 4982 tuis
2161 4943 2318 4981 suam
2366 4906 2752 4980 maturaverit.
2799 4923 2856 4978 in
2892 4925 3040 4979 hunc
3086 4924 3312 4980 modum
3360 4925 3586 4983 divinus

2004 5023 2097 5078 illc
2131 5021 2236 5089 vir,
2263 5037 2430 5093 quem
2462 5021 2726 5086 diximus,
2760 5021 2861 5074 hac
2889 5021 2958 5075 de
2994 5034 3054 5074 re
3101 5019 3382 5076 disseruit.
3416 5020 3586 5077 Joan-
3650 5086 3656 5093 η

2005 5130 2104 5170 nes
2125 5123 2310 5169 autem
2337 5111 2770 5183 Chrysostomus
2792 5113 2871 5166 ait
2895 5113 3180 5168 Christum
3220 5114 3385 5169 etiam
3429 5115 3591 5169 valde
3649 5105 3654 5136 ³

2004 5208 2064 5262 iu
2088 5222 2156 5262 eo
2190 5206 2452 5276 praeclare
2482 5205 2702 5270 fecisse,
2737 5205 2885 5275 quod
2917 5216 3046 5261 ante
3072 5207 3192 5261 dies
3216 5217 3328 5262 tres
3349 5209 3593 5278 comple-

2004 5309 2092 5355 tos
2126 5298 2510 5358 resurrexerit.
2559 5299 2779 5354 Etenim
2835 5299 2883 5354 si
2921 5315 2990 5355 eo
3025 5302 3147 5371 ipso
3203 5310 3448 5371 tempore
3477 5317 3590 5354 non

2001 5393 2421 5457 resurrexisset,
2452 5392 2930 5448 commorantibus
2951 5394 3131 5448 adhuc
3171 5393 3294 5448 istic
3324 5393 3593 5446 militibus

2007 5485 2438 5555 sepulcrumque
2466 5485 2919 5541 custodientibus
2947 5527 2961 5549 .
3018 5488 3270 5558 adeoque
3303 5487 3349 5542 si
3388 5486 3592 5539 milites

2007 5580 2163 5634 illinc
2196 5581 2360 5636 tertio
2390 5580 2480 5635 die
2521 5581 2943 5647 discessissent,
2992 5585 3248 5638 homines
3290 5583 3593 5653 improbis-

2007 5671 2136 5728 simi
2170 5671 2404 5730 fortasse
2457 5673 2712 5731 nonnihil
2767 5676 3094 5734 habuissent
3132 5692 3245 5747 quo
3287 5691 3346 5731 se
3392 5689 3595 5746 purga-
