4054 6424
452 317 559 379 42}
659 313 664 317 ’

1709 316 1764 373 Μ
1776 317 2128 376 l-CHAELIS
2169 317 2430 377 GLYC/E

3596 327 3690 388 424

454 446 600 490 rent.
635 432 980 502 Quapropter
1006 426 1343 499 resurgendo
1375 427 1521 497 ipsos
1543 428 1859 493 antevertit,
1881 428 2013 498 quot

2121 426 2210 490 ’ὡς
2240 426 2353 494 εῐγε
2387 425 2775 496 παρελθουσῶν
2803 427 2983 481 αὐτῶν
3013 428 3282 484 κάκείνων
3315 431 3693 504 ἀναχωρησάν-

454 535 738 597 oporteret
766 523 993 579 omnino
1045 521 1154 576 illis
1188 521 1370 575 adhuc
1401 519 1717 590 sepulcrum
1763 517 2026 574 obsiden-

454 620 604 675 tibus
630 618 1089 674 resurrectionem
1123 612 1263 668 ﬁeri.
1300 610 1456 678 Quod
1505 610 1550 665 si
1579 609 1830 665 accidere
1855 609 2026 665 debe-

451 711 566 774 bat,
610 705 919 762 necessario
949 705 1092 758 intra
1143 702 1292 758 diem
1332 701 1553 757 tertium
1587 701 1688 771 ipsi
1726 715 1756 754 a
1794 700 2028 755 mortuis

453 799 852 870 resurgendum
908 806 1048 852 erat.
1113 794 1325 864 Quippe
1382 793 1427 848 si
1489 795 1629 848 facta
1691 792 2025 847 resurrectio

453 892 648 946 fuisset
679 889 864 945 triduo
890 887 1005 959 jam
1043 886 1320 957 praeterito
1352 893 1409 939 et
1452 885 1560 939 illis
1586 899 1615 938 a
1654 883 1909 955 sepulcro
1939 883 2024 938 di-

449 985 654 1054 gressis
674 1025 689 1050 ,
720 981 948 1036 omnino
981 994 1070 1034 res
1100 985 1357 1047 suspecta
1405 975 1620 1032 fuisset.
1665 974 1774 1030 llac
1811 975 1924 1045 ipsa
1955 975 2024 1030 de

447 1092 612 1131 causa
648 1075 886 1130 Pilatum
947 1071 1256 1127 caneedere
1318 1071 1503 1124 voluit.
1551 1068 1694 1123 Deus
1735 1077 1794 1122 ut
1844 1067 2024 1138 sigillo

447 1167 762 1238 sepulcrum
795 1163 1208 1233 obsignaretur.
1260 1161 1392 1229 Quae
1424 1176 1547 1216 cum
1607 1160 1679 1214 ita
1729 1160 1860 1219 sint,
1891 1173 2023 1213 cave

449 1261 506 1314 in
541 1259 853 1314 divinarum
887 1256 1222 1311 Litterarum
1249 1253 1416 1307 verba
1450 1251 1723 1306 curiosius
1754 1250 2020 1320 inquiras,

447 1337 588 1406 neve
622 1361 733 1405 tres
764 1349 1008 1419 integros
1038 1347 1158 1402 dies
1186 1361 1311 1401 cum
1346 1345 1523 1398 tribus
1563 1343 1818 1398 noctibus
1853 1342 1908 1396 in
1935 1355 2025 1396 5ο·-

447 1445 667 1514 pultura
688 1441 890 1498 Christi
922 1455 985 1494 ac
1009 1437 1314 1495 Servatoris
1350 1434 1524 1491 nostri
1553 1433 1856 1499 desideres,
1885 1447 2022 1503 prae-

447 1533 635 1589 sertim
678 1547 803 1586 cum
839 1531 1105 1584 lsitlorum
1137 1529 1296 1599 plane
1331 1527 1576 1582 divinant
1610 1526 1886 1580 hominem
1920 1525 2018 1578 ba-

448 1625 596 1689 beas,
633 1607 728 1692 qui
766 1605 1000 1692 spatium
1038 1621 1143 1674 hoc
1171 1620 1269 1674 tibi
1313 1620 1560 1676 metitur.
1607 1617 1770 1671 Sexta
1813 1631 2020 1686 praepa-

447 1715 639 1770 ratorii
678 1715 788 1771 diei
844 1714 976 1768 hora
1028 1712 1292 1766 Dominus
1321 1723 1404 1766 est
1437 1710 1753 1766 cruciﬁxus.
1795 1708 1877 1763 Ab
1915 1709 2017 1762 hac

445 1809 510 1862 ad
574 1822 776 1862 nonam
835 1820 1010 1876 usque
1072 1805 1264 1858 horam
1309 1803 1485 1874 caligo
1517 1802 1766 1857 exstitit:
1804 1816 1924 1876 eam
1961 1809 2016 1854 tu

445 1901 582 1956 mihi
614 1915 715 1970 pro
746 1908 909 1954 nocte
939 1896 1150 1952 ducito.
1182 1886 1391 1951 Rursus
1417 1896 1486 1949 ab
1522 1895 1654 1949 hora
1674 1873 2018 1963 nona‘usque

445 1993 515 2047 ad
553 2005 836 2061 vesperam
889 1989 981 2042 lux
1021 1987 1164 2054 fuit;
1199 1987 1288 2042 hic
1339 1988 1538 2041 iterum
1589 1985 1687 2038 tibi
1730 1983 1850 2039 dies
1877 1993 2010 2038 esto.

443 2081 814 2150 Quamobrem
859 2079 971 2150 jam
1009 2079 1287 2148 integrum
1322 2077 1432 2131 diei
1465 2075 1751 2145 noctisque
1781 2073 2016 2143 spatium

444 2175 635 2229 habes.
669 2171 867 2228 Secuta
917 2183 1001 2226 est
1032 2170 1177 2224 diem
1211 2167 1629 2238 prarparationis
1683 2181 1828 2232 nox,
1861 2165 2018 2220 inde-

2131 535 2244 572 των
2297 518 2331 586 ή
2393 518 2693 581 ἀνάστασις
2751 519 2997 589 γέγονεν,
3039 519 3281 576 ὕποπτον
3335 523 3402 577 ἂν
3457 522 3587 582 εῖναι
3635 533 3690 583 τὸ

2132 612 2368 680 πρᾶγμα
2415 609 2611 680 ἔμελλε
2637 625 2651 640 ·
2683 609 2764 664 διὸ
2798 612 2902 665 καὶ
2959 612 3262 683 σφραγίσαι
3291 614 3384 667 τὸν
3413 616 3596 686 τάφον,
3619 621 3690 684 ὡς

2128 701 2435 765 ἐϐούλοντο,
2497 701 2882 773 συνεχώρησεν
2939 705 2968 758 ό
3011 704 3262 768 Πιλᾶτος.
3313 705 3377 759 El
3423 705 3478 761 δὲ
3529 709 3690 764 ταῦτα

2127 793 2300 858 οὕτως
2355 795 2488 864 ἔχει,
2528 794 2604 864 μὴ
2659 794 2752 846 ἐπὶ
2820 792 2984 848 πλέον
3040 793 3109 850 τὰ
3156 794 3277 849 θεῖα
3331 798 3690 868 περιεργάζου

2128 885 2290 957 ρητά,
2321 885 2456 957 μηδὲ
2500 885 2654 955 ζήτει
2708 886 2857 954 τρεῖς
2895 886 3113 956 ἡμέρας
3166 888 3264 940 καὶ
3316 891 3466 958 τρεῖς
3497 890 3690 953 νύκτας

2127 977 2213 1029 ὲπδ
2250 979 2316 1047 τῇ
2352 977 2496 1046 ταφῇ
2533 976 2626 1029 τοῦ
2651 975 2892 1045 Χριστοῦ
2931 977 3028 1030 καὶ
3073 977 3327 1048 Σωτῆρος
3357 978 3534 1048 ἡμῶν,
3560 980 3690 1033 ὅπου

2126 1087 2189 1138 γε
2220 1070 2316 1124 καὶ
2351 1068 2574 1134 ταύτας,
2609 1069 2660 1121 εί
2697 1067 2901 1138 βούλει,
2938 1068 3032 1120 τὸν
3063 1067 3343 1122 θειότατον
3386 1069 3528 1140 ἔχεις
3573 1070 3692 1123 Ἰσί-

2124 1163 2297 1228 δωρον
2325 1158 2698 1231 ὲκμετροῢντά
2731 1176 2836 1215 σοι.
2863 1160 3040 1231 Ἐκτῃ
3069 1157 3189 1230 ὥρᾳ
3211 1161 3310 1225 τῆς
3333 1160 3691 1230 Παρασκευῆς

2124 1252 2445 1323 ἐσταυρώθη
2479 1254 2507 1306 ό
2541 1251 2765 1324 Κύριος.
2805 1252 2940 1304 Ἀπὸ
2981 1251 3186 1321 ταύτης
3220 1253 3323 1315 ἓως
3364 1252 3513 1322 ὥρας
3551 1253 3695 1307 ἐννά-

2123 1363 2221 1413 της
2252 1345 2442 1408 σκότος
2471 1344 2690 1412 ἐγένετο
2715 1360 2728 1374 ’
2759 1343 2915 1397 τοῦτό
2947 1361 3037 1414 μοι
3067 1343 3240 1397 νύκτα
3275 1344 3492 1414 νόησον.
3523 1343 3693 1398 Πάλιν

2122 1436 2232 1488 ἀπὸ
2260 1437 2486 1504 έννάτης
2507 1433 2612 1497 ἕως
2637 1435 2876 1504 ἑσπέρας
2905 1434 3079 1502 αὐτῆς
3108 1433 3224 1502 φῶς
3249 1449 3264 1466 ο
3307 1432 3467 1487 τοῦτο
3507 1435 3696 1503 νόησον

2123 1518 2280 1586 αὖθις
2303 1522 2537 1592 ἡμέραν.
2579 1521 2767 1592 Ἔχεις
2814 1521 2922 1574 ίδοὺ
2958 1521 3304 1592 νυχθήμερον
3341 1520 3628 1588 auinam
3663 1521 3694 1590 ἡ

2131 1613 2230 1679 νὺξ
2276 1615 2374 1683 τῆς
2406 1613 2774 1683 ιιαρασκευῆς
2825 1613 2922 1665 καὶ
2971 1613 3003 1682 ἠ
3047 1613 3142 1666 τοῦ
3187 1611 3473 1665 Σαὸὅὰτου
3514 1613 3698 1680 ἡμέρα

2123 1705 2496 1775 νυχθήμερον*
2549 1701 2694 1772 ἔχεις
2753 1703 2863 1755 ἰδοὺ
2919 1702 3240 1773 νυχθήμερα
3298 1701 3413 1756 δύο.
3461 1703 3628 1756 Πάλιν
3661 1703 3694 1770 ἡ

2118 1799 2212 1852 τοῦ
2266 1798 2548 1853 Σαϐϐἀτου
2609 1797 2705 1862 νὺξ
2763 1797 2857 1851 καὶ
2910 1799 2938 1851 ό
3000 1799 3099 1868 τῆς
3166 1799 3456 1869 Κυριακῆς
3504 1796 3698 1866 όρθρος

2116 1889 2499 1961 νυχθήμερονο
2557 1887 2700 1958 ἔχεις
2751 1889 2860 1942 ἰδοὺ
2911 1888 3258 1959 νυχθήμερον
3304 1892 3514 1957 τρίτον,
3547 1883 3696 1954 ὲνῷ

2116 1985 2210 2036 καὶ
2236 1983 2435 2053 ἀνέστη
2466 1983 2492 2035 ό
2523 1981 2750 2050 Κύριος,
2779 1980 2894 2048 εἴγε
2920 1984 3014 2034 καὶ
3042 1981 3237 2053 ἄδηλος
3273 1976 3341 2052 ἦν
3380 1982 3416 2052 ὴ
3453 1980 3570 2051 ὥρα
3601 1979 3698 2048 τῆς

2114 2075 2490 2140 ἀναστάσεως,
2516 2073 2662 2126 καθά
2684 2073 2746 2144 δὴ
2779 2074 2873 2126 καὶ
2903 2073 2937 2142 ἡ
2974 2073 3071 2143 τῆς
3099 2071 3362 2142 δευτέρας
3395 2070 3698 2141 παρουσίας

2115 2165 2303 2220 αὐτοῦ.

442 2279 551 2335 que
577 2263 697 2318 dies
724 2262 992 2326 Sabbati;
1028 2275 1150 2330 quae
1184 2261 1290 2313 duo
1326 2275 1547 2313 rursum
1617 2257 1726 2312 diei
1765 2257 2053 2327 noctisque
2090 2257 2330 2328 spatium
2379 2258 2654 2330 integrum
2723 2257 3102 2323 constituunt,
3143 2266 3204 2313 ut
3240 2258 3352 2329 jam
3410 2256 3528 2312 dies
3562 2254 3700 2310 duos

445 2358 786 2426 totidemque
839 2364 1031 2410 noctes
1062 2355 1285 2408 habeas.
1325 2354 1458 2408 Post
1507 2353 1622 2408 haec
1654 2351 1876 2407 Sahbati
1943 2367 2048 2407 nox
2121 2362 2179 2408 et
2233 2354 2503 2408 Dominici
2539 2353 2842 2410 diluculum
2889 2362 3105 2409 noctem
3158 2353 3422 2423 diemque
3452 2352 3700 2409 similiter

443 2449 729 2513 etiiciunt;
768 2445 916 2517 quod
961 2446 1074 2515 jam
1105 2446 1364 2499 diurnum
1435 2453 1881 2513 nocturnumque
1955 2443 2190 2514 spatium
2229 2447 2450 2500 tertium
2493 2445 2620 2513 erit,
2688 2462 2798 2517 quo
2859 2447 3125 2501 Dominus
3153 2446 3495 2513 resurrexit,
3525 2459 3700 2515 quan-

443 2560 607 2616 quam
642 2544 850 2598 incerta
888 2541 1054 2598 fuerit
1108 2540 1244 2595 hora
1295 2538 1714 2596 resurrectionis
1765 2538 1905 2610 ejus,
1945 2538 2089 2594 sicut
2153 2549 2210 2595 et
2272 2538 2341 2596 de
2411 2538 2640 2595 alterius
2673 2539 2939 2595 adventus
2997 2540 3129 2593 hora
3169 2553 3330 2593 nemo
3370 2547 3559 2593 certus
3582 2550 3700 2593 esse

443 2636 672 2709 poterit.

513 2731 679 2806 224
705 2731 924 2788 Memini
958 2746 1111 2798 vero,
1147 2730 1344 2787 dilecte
1395 2730 1497 2798 ﬁli,
1543 2737 1596 2785 te
1626 2729 1771 2785 inter
1802 2729 1908 2784 alia
1951 2728 2018 2784 de

443 2827 550 2880 hoc
581 2828 746 2883 etiam
801 2823 1143 2895 quaesivisse,
1173 2822 1536 2893 quamobrem
1571 2821 1781 2877 scilicet
1801 2821 2016 2876 Domini

445 2921 733 2990 stbpultura
764 2917 1018 2971 triduana
1067 2915 1254 2982 fuerit,
1285 2931 1396 2970 non
1428 2914 1651 2984 majoris
1677 2913 1758 2968 vel
1789 2911 2018 2968 minoris

441 3007 745 3064 intervalli.
791 3005 1064 3060 Nimirum
1093 3020 1192 3074 pro
1223 3005 1476 3059 universa
1504 3003 1788 3057 hominum
1817 3011 2016 3056 natura

440 3101 723 3156 Christum
759 3097 896 3151 mori
929 3095 1240 3166 oportebat,
1282 3109 1383 3166 pro
1435 3095 1503 3148 iis
1541 3093 1747 3148 scilicet
1777 3093 1870 3161 qui
1901 3092 2010 3161 iam

442 3204 570 3248 ante
620 3191 674 3244 in
709 3190 816 3244 fata
845 3194 1256 3248 concesserant,
1292 3165 1390 3254 pro
1425 3185 1559 3238 vivis
1594 3184 1798 3248 adhuc,
1829 3192 1883 3238 et
1914 3199 2013 3252 pro

443 3278 730 3336 cxstituris
761 3274 1081 3346 aliquando.
1111 3274 1324 3344 Quippe
1363 3274 1464 3327 tria
1517 3288 1736 3342 quoque
1769 3282 2011 3342 tempora

443 3381 594 3438 sunt,
625 3370 989 3442 praeteritum,
1027 3367 1296 3433 futurum,
1335 3383 1596 3437 praesens.
1639 3368 1746 3422 Eos
1782 3369 1874 3438 qui
1901 3370 2011 3439 jam

441 3473 830 3538 pecesserant,
883 3459 1122 3515 servavit
1166 3459 1232 3513 ad
1267 3474 1458 3513 orcum
1499 3459 1870 3527 descendens;
1923 3476 2014 3514 su-

440 3555 702 3626 perstites
755 3561 937 3606 autem
973 3549 1025 3604 id
1066 3549 1328 3618 temporis
1352 3590 1366 3614 ,
1401 3557 1460 3602 ut
1496 3551 1589 3618 qui
1645 3548 2013 3604 credidissent

444 3653 500 3704 in
541 3648 758 3717 ipsum;
793 3644 1096 3700 exstituros
1130 3644 1367 3711 denique
1399 3641 1713 3711 aliquando,
1751 3649 2009 3711 tanquam

444 3739 498 3794 in
530 3733 902 3808 apostolorum
940 3734 1384 3805 praadicationem
1441 3733 1751 3787 credituros
1792 3741 1848 3787 et
1879 3732 2014 3801 bap-

441 3830 666 3886 tismum
719 3838 1135 3884 consecuturos.
1183 3826 1238 3879 Si
1271 3841 1400 3895 ergo
1436 3835 1602 3878 totam
1635 3833 1884 3878 naturam
1916 3839 2012 3878 no-

439 3933 609 3976 stram
641 3921 970 3988 assumpsit,
1011 3919 1362 3988 perspicuum
1405 3925 1490 3970 est
1520 3917 1684 3970 etiam
1721 3925 1884 3969 totam
1915 3929 2012 3969 na-

443 4025 620 4066 turam
665 4019 908 4064 nostram
955 4009 1134 4077 ipsum
1165 4006 1468 4061 reﬁnxisse.
1507 4006 1875 4073 Quamobrem
1905 4005 2011 4061 Do-

443 4102 575 4156 mini
605 4101 887 4171 sepultura
923 4115 1030 4152 non
1060 4099 1159 4152 abs
1189 4114 1248 4151 re
1284 4098 1538 4152 triduana
1567 4100 1691 4152 fuit.

513 4193 629 4248 Hoc
663 4191 825 4246 modo
858 4207 924 4246 ex
987 4191 1220 4245 mor-tuis
1272 4189 1538 4244 Dominus
1595 4189 1872 4260 resurgit,
1912 4189 2009 4246 sed

442 4299 551 4338 non
584 4284 767 4337 statim
818 4282 883 4336 ad
919 4283 1089 4336 C(BIOS
1141 4281 1487 4338 subvehitur.
1539 4280 1673 4335 Nam
1724 4284 1791 4336 de
1831 4282 2008 4352 magni

443 4376 727 4430 Athanasii
786 4375 1060 4429 sententia
1115 4372 1409 4444 propterea
1451 4375 1568 4428 dies
1629 4374 1682 4426 in
1735 4375 1898 4428 terris
1941 4374 2010 4430 40

2189 2723 2323 2782 Οἶδα
2368 2727 2446 2794 δὲ,
2479 2725 2758 2795 ἀγαπητὲ,
2807 2725 2904 2780 καὶ
2946 2723 3103 2779 τοῦτο
3158 2725 3297 2796 πρὸς
3347 2729 3472 2792 τοῖς
3521 2728 3700 2791 ἄλλοις

2117 2820 2383 2891 ζητοῦντά
2417 2836 2497 2885 σε,
2534 2819 2678 2882 τίνος
2706 2818 2895 2872 ἕνεκεν
2931 2819 2964 2888 ἡ
2997 2817 3092 2871 τοῦ
3125 2819 3333 2889 Κυρίου
3360 2821 3511 2891 ταφὴ
3547 2823 3698 2892 τριή-

2117 2930 2280 2984 μερος
2310 2913 2405 2965 xal.
2435 2912 2496 2964 ού
2530 2909 2732 2964 πλείων
2755 2909 2787 2982 ἢ
2812 2910 3055 2965 ἐλάσσων
3078 2909 3218 2982 αὕτη
3241 2912 3490 2980 ἐγένετο.
3524 2912 3695 2982 ’Υπὲρ

2114 3006 2294 3073 πάσης
2338 3004 2548 3072 ἔπρεπε
2596 3000 2699 3071 τῆς
2730 3001 2841 3055 τῶν
2883 3001 3185 3071 ἀνθρώπων
3231 3003 3457 3071 φύσεως
3490 3005 3694 3058 ἀποθα-

2117 3097 2228 3147 νεῖν
2265 3093 2355 3147 τδν
2389 3093 2648 3164 Χριστὸν,
2684 3092 2827 3164 ὑπέρ
2873 3109 2933 3144 τε
2978 3093 3180 3163 δηλαδὴ
3213 3093 3320 3146 τῶν
3375 3096 3699 3164 προαποθα-

2118 3186 2320 3239 νόντων
2354 3185 2466 3238 τῶν
2487 3201 2546 3238 τε
2587 3183 2890 3254 περιόντων
2925 3185 3018 3236 καὶ
3044 3183 3156 3235 τῶν
3197 3184 3514 3253 μελλόντων
3551 3185 3699 3252 γενέ-

2117 3278 2265 3343 σθαι,
2305 3277 2494 3348 ἐπειδὴ
2524 3280 2622 3329 καὶ
2649 3277 2800 3346 τρεῖς
2853 3277 2960 3328 είσι
3015 3277 3220 3345 καιροὶ,
3272 3277 3694 3348 παρεληλυθὼς,

2112 3368 2365 3435 ἐνεστὼς,
2411 3369 2641 3438 μέλλων.
2699 3355 2996 3431 Κάὶποὺς
3051 3369 3152 3438 μὲν
3205 3371 3699 3440 προαποθανόντας

2113 3461 2286 3513 ἔσωσε
2323 3458 2602 3513 κατελθὼν
2634 3459 2692 3510 ὲν
2721 3458 2800 3528 τῷ
2834 3459 2958 3532 ᾄδῃ,
2988 3460 3118 3522 τοὺς
3157 3460 3214 3512 δὲ
3248 3463 3378 3514 τότε
3415 3464 3700 3531 περιόντας

2113 3553 2318 3606 ἔσωσεν
2377 3551 2452 3615 ὡς
2512 3549 2913 3614 πιστεύσαντας
2955 3551 3035 3614 είς
3083 3552 3272 3618 αὐτὸν,
3302 3555 3441 3618 τοὺς
3474 3555 3532 3606 δὲ
3566 3554 3699 3622 μετὰ

2113 3645 2286 3698 ταῦτα
2339 3644 2741 3715 γενησομένους
2791 3643 2868 3706 ὼς
2918 3644 3320 3708 πιστεύσαντας
3363 3649 3457 3710 είς
3501 3648 3562 3699 τὸ
3593 3646 3699 3698 τῶν

2113 3736 2430 3790 ἀπεστόλων
2470 3737 2731 3805 κήρυγμα
2762 3736 2854 3789 καὶ
2901 3734 3324 3805 βαπτισθέντος.
3357 3739 3434 3792 Et
3471 3739 3564 3793 οὖν
3603 3738 3699 3808 τὴν

2113 3827 2242 3898 ὃλην
2294 3827 2450 3899 ἡμῶν
2501 3827 2664 3896 φύσιν
2705 3826 2888 3891 ἔλαϐε,
2936 3828 3096 3898 δῆλον
3141 3830 3224 3883 ὅτι
3275 3833 3381 3884 καὶ
3429 3832 3531 3902 τὴν
3571 3832 3699 3900 ὅλην

2114 3923 2273 3994 ήμῶν
2323 3923 2485 3992 φύσιν
2533 3922 2828 3977 ἀνέπλασε.
2865 3924 3060 3988 Καλῶς
3111 3925 3203 3978 οὖν
3238 3927 3273 3996 ἡ
3328 3927 3432 3982 τοῦ
3487 3928 3692 3999 Κυρίου

2113 4014 2260 4086 ταφὴ
2298 4016 2593 4086 τριήμερος
2623 4016 2869 4084 γέγονεν.

2198 4191 2508 4244 Ἀνίσταται
2539 4186 2633 4246 οὖν
2665 4193 2693 4246 ὁ
2723 4191 2927 4263 Κύριος
2959 4195 3023 4248 ὲκ
3052 4195 3280 4262 νεκρῶν,
3307 4197 3427 4252 ἀλλ’
3458 4198 3560 4253 οὐκ
3595 4197 3692 4252 αὖ·

2113 4281 2240 4334 τίκα
2274 4283 2409 4353 πρὸς
2447 4284 2712 4353 οὐρανοὺς
2738 4286 3023 4353 ἀνάγεται.
3057 4287 3216 4341 Κατὰ
3245 4289 3355 4362 γὰρ
3389 4293 3486 4345 τὸν
3520 4294 3692 4362 μέγαν

2128 4375 2470 4439 ’Δθανάσιον,
2504 4376 2630 4440 τοὺς
2667 4377 2921 4449 μαθητὰς
2970 4380 3325 4452 ἐπιστηρίξαι
3359 4383 3693 4454 βουλόμενος

441 4474 810 4520 commoratus
840 4474 926 4520 est
956 4465 1242 4532 Dominus,
1278 4465 1424 4534 quod
1459 4464 1758 4533 discipulos
1805 4466 2008 4519 contir-

2117 4468 2324 4540 ἡμέρας
2354 4467 2589 4523 ἐνταῦθα
2621 4472 2766 4523 ποιεῖ
2798 4476 2876 4541 μ’,
2920 4471 3292 4544 ὀπτανόμενος
3323 4477 3512 4541 αὐτοῖς
3547 4479 3692 4530 ἔστιν

442 4571 594 4614 mare
645 4559 826 4613 vellet.
887 4557 1098 4612 Idcirco
1127 4572 1186 4611 se
1238 4557 1690 4626 conspiciendum
1723 4557 1805 4612 eis
1837 4558 2007 4611 inter-

439 4651 568 4705 dum
597 4651 826 4719 przcbet,
877 4651 1048 4704 amice
1078 4648 1413 4718 paciﬁccque
1451 4665 1576 4703 cum
1613 4649 1695 4704 eis
1739 4651 2006 4720 loquitur,

439 4741 727 4795 cicatrices
753 4740 804 4793 in
831 4755 1066 4809 corpore
1097 4739 1286 4795 divino
1326 4750 1737 4807 commonstrat,
1774 4741 2010 4797 comedit

440 4842 602 4901 atque
642 4831 784 4886 bibit
817 4847 922 4886 una
943 4871 957 4899 ,
991 4841 1189 4886 cwtera
1221 4831 1459 4900 denique
1490 4831 1636 4897 _facit
1677 4834 1858 4886 omnia
1887 4847 2008 4902 qua:

440 4926 507 4978 ad
539 4923 944 4978 conﬁrmandos
965 4923 1266 4977 imbecillos
1295 4923 1499 4992 aliquid
1519 4922 1713 4976 aﬁerre
1743 4923 2004 4976 momenti

441 5023 686 5082 possent.
733 5013 980 5067 Primum
1030 5015 1276 5068 omnium
1329 5029 1359 5068 a
1393 5014 1608 5068 duabus
1669 5013 2006 5069 mulierculis

439 5114 771 5173 conspectus
814 5113 916 5170 est,
951 5121 1060 5174 quo
1093 5116 1337 5176 tempore
1363 5107 1593 5175 pedibus
1627 5106 1733 5160 illa:
1757 5119 2006 5174 compre-

441 5194 628 5248 hensis
653 5210 778 5248 eum
804 5196 1300 5264 amplectebantur.
1346 5199 1554 5252 Deinde
1623 5199 1724 5252 soli
1783 5197 2002 5267 Magda‘

439 5288 578 5340 lente
632 5295 886 5355 apparet;
948 5287 1077 5341 hinc
1125 5289 1287 5343 Petro
1337 5290 1708 5357 apostolorum
1745 5289 2001 5359 principi,

439 5376 524 5430 vel
573 5376 696 5444 ipso
731 5375 899 5429 Paulo
931 5385 1104 5442 teste,
1133 5378 1222 5447 qui
1259 5379 1333 5432 ait
1371 5395 1384 5431 :
1433 5397 1450 5430 ι
1515 5381 1893 5436 Resuseitatus
1937 5395 2004 5435 ex

439 5469 671 5518 mortuis
702 5465 963 5520 Dominus
989 5467 1165 5534 primo
1185 5483 1215 5520 a
1240 5467 1422 5536 Cepha
1445 5481 1770 5538 conspectus
1795 5481 1878 5524 cst
1896 5472 1962 5522 ⁵⁵.
1979 5488 1997 5520 ι

435 5558 750 5611 $ecundum
787 5558 900 5612 haec
953 5571 1283 5629 conspectus
1335 5572 1416 5617 est
1450 5577 1478 5616 a
1515 5561 1662 5618 Luca
1697 5573 1752 5616 et
1779 5563 1999 5633 Cleopa,

506 5739 593 5796 ⁸⁵1
626 5738 752 5795 Cor.
790 5756 876 5806 xv,
907 5742 961 5796 5.

2106 4562 2196 4614 ὅτε
2232 4560 2327 4614 καὶ
2351 4561 2420 4614 τὰ
2453 4561 2590 4631 πρὸς
2627 4563 2886 4634 είρήνην-
2917 4564 3322 4634 διαλεγόμενος,
3360 4569 3599 4632 ὠτειλὰς
3638 4571 3693 4620 ἐν

2106 4653 2187 4720 τῷ
2245 4653 2472 4707 θεοειδεῖ
2536 4654 2795 4708 δεικνύων
2845 4654 3042 4726 ἐκείνῳ
3107 4660 3344 4728 σώματι,
3384 4659 3690 4713 συνεσθίων

2107 4744 2292 4808 αὐτοῖς
2342 4745 2458 4815 ἅμα
2511 4747 2608 4800 καλ.
2647 4747 2837 4815 πίνων,
2877 4749 2978 4819 οὐχ
3028 4749 3122 4813 ὡς
3164 4753 3374 4822 τροφῆς
3435 4754 3693 4822 δεόμενος

2107 4838 2244 4892 ἀλλά
2274 4839 2654 4910 πιστούμενος,
2699 4843 2795 4894 καὶ
2829 4841 3009 4896 τᾶλλα
3037 4830 3214 4896 πάντα
3259 4845 3434 4898 ποιῶν
3480 4846 3693 4912 ὅσαπερ

2116 4929 2274 4983 εῐωθε
2310 4931 2437 4993 τοὺς
2471 4931 2719 4995 ἀσθενεῖς
2751 4932 3173 5002 ἀσφαλίζεσθαι.
3216 4935 3327 4988 Καὶ
3361 4936 3562 5009 πρῶτα
3597 4937 3694 5006 μὲν

2115 5018 2267 5088 ὤφθη
2317 5019 2442 5072 δυσὶ
2475 5020 2742 5088 γυναιξὶν,
2775 5025 2939 5092 ἡνίκα
2987 5024 3082 5077 καὶ
3135 5024 3262 5088 τοὺς
3295 5025 3471 5088 πόδας
3523 5025 3692 5080 αὑτοῦ

2114 5111 2460 5181 κρατήσασαι
2501 5113 2937 5183 κατησπάζοντο.
2977 5115 3213 5170 Ἔπειτα
3243 5121 3309 5189 τῇ
3345 5118 3688 5188 Μαγδαληνῇ

2116 5205 2254 5275 μόνῃ
2299 5203 2616 5269 όπτάνεται,
2653 5206 2792 5274 μετά
2833 5206 2891 5259 δὲ
2927 5206 3100 5262 ταῦτα
3146 5210 3224 5278 τῷ
3264 5211 3556 5280 κορυφαίῳ
3591 5211 3694 5262 Πέ-

2109 5313 2242 5366 τρῳ,
2280 5296 2424 5348 καθά
2467 5296 2562 5348 καὶ
2597 5297 2810 5360 Παῦλος
2839 5298 3025 5368 φησιν.
3052 5319 3069 5352 ι
3091 5300 3157 5353 ‘0
3184 5301 3390 5368 Κύριος
3442 5301 3693 5370 ἐγερθεὶς

2112 5388 2175 5438 ὲκ
2205 5385 2610 5457 νεκρῶνῶφθη
2653 5387 2871 5458 πρῶτον
2904 5391 3096 5461 Κηφᾷ.
3125 5413 3144 5444 ο
3184 5391 3367 5460 Ὠφθη
3403 5394 3520 5456 τοῖς
3564 5394 3694 5461 περὶ

2110 5480 2327 5530 Λουκᾶν
2379 5479 2473 5530 καὶ
2529 5479 2802 5547 Κλεόπαν,
2844 5480 3001 5552 ὤφθη
3049 5485 3163 5546 τοῖς
3217 5484 3374 5547 δέκα,
3420 5479 3545 5540 εἶτα
3583 5487 3692 5545 τοῖς

2111 5570 2302 5622 ἕνδεκα
2331 5585 2344 5601 °
2387 5569 2544 5641 ὤφθη
2593 5573 2734 5626 κατὰ
2785 5573 2885 5643 τὴν
2913 5574 3205 5629 Γαλιλαίαν
3244 5577 3456 5641 αὐτοῖς,
3492 5578 3682 5646 ὁμοίως
