4054 6420
320 412 427 473 425

1565 407 1974 473 ANNALIUM
2016 408 2214 472 PARS
2256 408 2371 474 III.

3465 410 3585 472 496’

322 531 380 582 ἐν
434 530 499 599 τῇ
544 526 864 599 Τιϐεριάδι·
916 526 1072 598 ὤφθη
1116 525 1360 596 Ἰακώϐῳ
1416 524 1494 596 τῷ
1541 524 1895 595 ἀδελφοθέῳ·

2007 539 2334 600 conspectus
2371 544 2398 583 a
2429 527 2715 598 discipulis
2753 525 2940 583 decem
2972 566 2985 589 ,
3015 525 3342 596 conspeetus
3373 525 3439 580 ab
3468 542 3576 576 uu-

323 620 478 690 ὤφθη
513 622 700 675 ὲπάνω
748 619 1128 674 πεντακοσίων
1159 619 1390 689 ἀνδρῶν.
1429 618 1539 672 Καὶ
1583 619 1897 671 τελευταῖον

320 711 491 780 ἐφάνη
523 710 707 772 αὐτοῖς
729 713 786 765 ἐν
820 710 896 782 τῷ
931 711 1048 780 ὄρει
1078 711 1186 766 τῶν
1208 711 1461 774 Ἐλαιῶν,
1495 712 1552 763 ἐν
1577 703 1620 778 ᾧ
1665 712 1760 763 καὶ
1791 712 1892 780 τὴν

319 801 560 872 χαμόθεν
595 801 892 874 ἐποιήσατο
919 802 1153 875 ἔπαρσιν
1196 801 1318 874 μεθ’
1347 802 1588 874 ἡμέρας.
1632 802 1708 868 ὡς
1749 805 1899 874 εῐρη-

320 914 433 966 ται,
471 906 544 970 μ’.

392 1165 452 1218 El
481 1165 538 1218 δὲ
569 1164 666 1218 καὶ
693 1164 851 1218 τοῦτο
882 1165 1065 1236 βούλει
1095 1166 1316 1236 μαθεῖν,
1351 1167 1497 1232 τίνος
1523 1168 1712 1222 ἕνεκεν
1759 1167 1899 1237 μετά

320 1257 422 1325 τὴν
483 1257 548 1308 ἐκ
615 1255 828 1326 νεκρῶν
889 1256 1055 1311 αὑτοῦ
1103 1257 1326 1327 ἔγερσιν
1377 1259 1590 1328 ἡμέρας
1647 1257 1740 1309 ἐπὶ
1794 1259 1898 1328 γῆς

321 1347 550 1418 ἐποίησε
587 1346 639 1418 μ’
670 1348 766 1401 καὶ
797 1348 858 1402 οὐ
899 1349 1085 1403 πλεῖον
1129 1350 1162 1419 ἢ
1219 1349 1469 1416 ἔλασσον,
1506 1349 1534 1402 ό
1568 1349 1742 1419 μέγας
1789 1350 1898 1404 ίδοὺ

333 1439 651 1508 Ἐπιφάνιος
704 1439 773 1494 δι’
827 1441 1028 1511 ὀλίγων
1082 1442 1332 1495 ἒπιλύσει
1404 1459 1488 1496 σοι
1543 1441 1604 1497 τὺ
1658 1442 1900 1495 τοιοῦτον

323 1529 655 1600 ἀπόρρητον.
695 1549 714 1583 ι
773 1532 871 1585 Ὃν
918 1533 1024 1604 γὰρ
1073 1533 1294 1604 τρόπον,
1329 1553 1347 1586 ι
1385 1534 1543 1604 φησὶ,
1605 1551 1624 1584 ι
1653 1533 1791 1602 μετά
1840 1532 1900 1586 τὸ

326 1622 654 1691 γεννηθῆναι
688 1624 715 1676 ό
761 1618 1002 1694 Χριστὸς
1043 1625 1300 1696 άνεκλίθη
1349 1627 1408 1678 ἐν
1454 1626 1652 1694 φάτνῃ,
1693 1627 1902 1694 ἐσπαρ-

322 1713 564 1783 γανὼθη,
597 1713 692 1768 καὶ
747 1714 866 1784 μεθ’
903 1715 1131 1786 ἡμέρας
1195 1723 1250 1787 μ’
1301 1717 1588 1788 προσήχθη
1649 1716 1727 1784 τῷ
1772 1716 1901 1785 θείῳ

321 1803 436 1874 ναῷ
465 1806 558 1858 καὶ
587 1806 730 1861 κατά
763 1807 856 1860 τὸν
907 1808 1003 1861 τοῦ
1046 1809 1293 1872 Μωσέως
1339 1809 1508 1879 νόμον
1540 1809 1791 1880 παρέστη
1821 1808 1900 1879 τῷ

322 1899 464 1968 Θεῷ,
520 1899 662 1953 οὕτω
711 1903 808 1954 καὶ
872 1902 1224 1973 πρωτότοκος
1279 1905 1343 1957 ὲκ
1401 1904 1611 1974 νεκρῶν
1659 1904 1898 1972 γεγονὼς

321 1989 532 2058 ήμέρα;
571 1989 806 2046 ἐνταῦθα
832 1994 980 2046 ποιεῖ
1033 1993 1107 2063 μ’,
1138 1991 1242 2048 εἷθ’
1271 1993 1448 2058 οὕτως
1481 1996 1620 2067 πρὸς
1647 1997 1750 2066 τὴν
1786 1997 1900 2052 ἄνω

329 2081 693 2152 Ἰερουσαλὴμ
754 2085 1111 2152 ἐπανάγεται,
1150 2087 1229 2156 τῷ
1280 2078 1556 2158 προσώπῳ
1606 2086 1702 2140 τοῦ
1763 2087 1898 2142 Θεοῦ

322 2174 863 2246 ὲμφανισθησόμενος
914 2177 1054 2250 ὑπὲρ
1100 2178 1281 2249 ήμῶν.
1342 2198 1361 2232 ι
1419 2179 1530 2235 Καὶ
1580 2180 1770 2234 πείθου
1821 2181 1900 2253 τῷ

325 2266 548 2336 μεγάλῳ
586 2267 781 2337 Παύλῳ
820 2268 1030 2335 λέγοντι
1060 2287 1075 2302 ο
1114 2289 1132 2322 ι
1175 2271 1250 2324 Οὐ
1283 2271 1391 2342 γάρ
1423 2273 1504 2335 είς
1548 2275 1900 2346 χειροποίητα

326 2359 460 2424 am
503 2359 751 2429 εἰσῆλθεν
789 2362 816 2414 ὁ
855 2361 1111 2432 Χριστὸς,
1143 2363 1412 2417 άντίτυπα
1434 2363 1546 2419 τῶν
1595 2364 1892 2435 ἀληθινῶν,

321 2448 437 2500 ἀλλ’
475 2449 555 2512 είς
598 2451 764 2503 αὐτὸν
818 2451 908 2505 τὸν
968 2453 1202 2522 οὐρανὸν
1253 2454 1351 2506 νῦν
1384 2453 1788 2526 ἐμφανισθῆναι
1821 2455 1905 2525 τῷ

321 2540 600 2611 προσώπῳ
632 2544 724 2596 τοῦ
760 2542 897 2596 Θεοῦ
931 2544 1072 2616 ὑπὲρ
1106 2545 1288 2618 ἡμῶν.
1329 2566 1348 2599 ι

392 2721 604 2777 Οὐκοῦν
641 2725 920 2797 ἀνελήφθη
953 2729 981 2781 ό
1017 2728 1240 2798 Κύριος.
1286 2729 1526 2801 Ἡμέραι
1565 2733 1703 2802 μετά
1725 2730 1899 2785 ταῦτα

319 2814 628 2886 διέρχονται
689 2818 844 2883 δέκα,
870 2820 964 2873 καὶ
1011 2821 1044 2891 ὴ
1097 2821 1192 2874 τοῦ
1246 2821 1514 2892 παναγίου
1576 2823 1901 2894 Πνεύματος

324 2909 536 2974 γίνεται
591 2911 840 2976 κάθοδος.
873 2915 1030 2968 Μετὰ
1063 2914 1194 2968 δέκα
1223 2914 1280 2968 δὲ
1312 2916 1714 2988 συμπλήρωσιν
1759 2919 1901 2990 ήμε·

324 2997 436 3066 ρῶν
495 2999 528 3069 ή
586 3001 812 3071 τοιαύτη
873 3001 1084 3071 γίνεται
1137 3003 1392 3071 κάθοδος,
1438 3007 1577 3063 διότι
1627 3009 1839 3075 τέλειος
1871 3011 1899 3064 ὁ

321 3090 546 3157 δέκατος
577 3093 830 3165 ἀριθμός.
863 3097 1084 3168 Ἐ’πειδὴ
1114 3098 1297 3152 τοίνυν
1319 3099 1379 3152 τὸ
1402 3100 1631 3173 Πνεῦμα
1657 3102 1718 3156 τὸ
1741 3104 1900 3172 ἅγιον

2002 623 2177 678 decim
2206 639 2220 687 ;
2248 623 2316 676 ab
2349 621 2545 675 iisdem
2587 629 2915 690 conspectus
2947 619 3002 674 in
3039 619 3276 680 Galil-aea.
3314 616 3575 672 consimi.

2002 716 2129 770 liter
2163 715 2229 769 ad
2277 714 2663 780 Tiberiadem;
2701 717 3031 784 Conspectus
3069 728 3096 768 a
3127 712 3334 768 Jacoho
3363 708 3573 765 Christi

2000 808 2096 863 Dei
2132 807 2324 874 fratre,
2357 817 2686 878 conspectus
2717 821 2746 861 a
2778 806 3029 878 pluribus
3057 820 3221 876 quam
3253 801 3574 873 quingentis

2003 899 2364 966 hominibus;
2413 907 2744 969 conspectus
2772 908 3112 969 postremum
3148 897 3216 952 ab
3245 897 3323 952 eis
3364 896 3418 950 in
3465 893 3578 950 Oli-

2002 1008 2193 1047 varum
2230 1000 2439 1059 monte,
2471 991 2564 1046 ubi
2597 993 2764 1047 etiam
2798 1007 2826 1046 a
2854 999 2998 1046 terra
3039 978 3289 1046 sublatus
3340 995 3424 1044 est
3455 994 3577 1057 pust

2001 1084 2168 1151 diem,
2205 1100 2305 1140 ceu
2335 1085 2595 1148 diximus,
2632 1083 3131 1154 quadragesimum.

2071 1180 2277 1247 Quodsi
2331 1182 2440 1253 jam
2506 1181 2640 1239 illud
2701 1197 2923 1252 quoque
2982 1194 3315 1249 cognoscere
3376 1175 3574 1245 cupis,

2004 1273 2365 1342 quamobrem
2431 1281 2552 1343 post
2603 1273 2991 1328 excitationem
3047 1271 3116 1325 de
3183 1269 3412 1324 mortuis
3460 1268 3577 1321 dies

2004 1363 2127 1417 illos
2153 1362 2221 1418 40
2255 1365 2308 1418 in
2337 1363 2501 1418 terris
2540 1364 2713 1434 egerit
2741 1403 2754 1428 ,
2792 1379 2899 1418 non
2935 1364 3118 1432 plures
3137 1362 3221 1415 vel
3249 1358 3535 1429 pauciores
3561 1397 3576 1421 ,

2001 1470 2069 1508 en
2094 1471 2324 1524 magnus
2359 1455 2693 1525 Epiphanius
2716 1457 2856 1511 hanc
2888 1455 2985 1510 tibi
3019 1452 3420 1509 dubitationem
3444 1466 3578 1520 pau-

2002 1545 2082 1599 cis
2107 1544 2396 1601 dissolvet.
2428 1545 2548 1611 Quo
2588 1553 2770 1614 pacto,
2820 1544 3021 1616 inquit,
3049 1544 3308 1604 Christus
3332 1542 3514 1598 statim
3547 1556 3578 1595 a

2004 1637 2294 1691 nativitale
2345 1651 2441 1692 sua
2477 1637 2776 1694 reclinatus
2829 1647 2912 1693 est
2969 1637 3022 1690 in
3071 1635 3337 1706 praesepi,
3392 1633 3580 1689 fasciis

2004 1730 2305 1796 involutus,
2341 1738 2464 1800 post
2502 1729 2986 1800 quadragesimum
3033 1729 3178 1783 diem
3212 1729 3283 1783 ad
3315 1726 3577 1797 templum

2004 1823 2328 1892 deportatus
2375 1827 2448 1877 'ac
2509 1824 2808 1878 secundum
2867 1823 3115 1878 Mosaicm
3155 1823 3292 1891 legis
3332 1820 3582 1891 prsescri-

2006 1927 2159 1986 ptum
2187 1915 2404 1970 oblatus
2432 1915 2565 1981 Deo,
2591 1915 2671 1970 sic
2693 1915 2859 1970 etiam
2884 1924 3022 1981 tum,
3044 1930 3167 1969 cum
3187 1911 3584 1983 primogenitus

2007 2013 2354 2059 mortuorum
2385 2005 2560 2059 factus
2583 2017 2764 2071 esset,
2793 2005 2913 2061 dies
2946 2007 3000 2060 iu
3039 2004 3200 2060 terris
3225 2003 3295 2059 40
3332 2017 3581 2058 commo-

2007 2108 2184 2164 ratur,
2234 2108 2399 2169 atque
2433 2101 2504 2153 ita
2557 2098 2757 2154 deinde
2813 2113 3106 2169 supernam
3147 2097 3581 2168 Hierosolymam

2009 2193 2329 2255 revertitur,
2367 2208 2550 2247 coram
2600 2192 2754 2247 vultu
2799 2191 2892 2247 Dei
2937 2199 3124 2246 nostra
3160 2205 3323 2247 causa
3363 2205 3584 2257 compa-

2007 2286 2236 2340 riturus.
2266 2283 2606 2340 Persuadeat
2635 2283 2739 2339 hoc
2772 2282 2886 2353 ipse
2918 2283 3016 2337 tibi
3063 2282 3284 2345 Paulus,
3320 2295 3444 2336 cum
3470 2281 3580 2334 ait:

2015 2396 2034 2430 ι
2092 2377 2212 2432 Non
2249 2378 2302 2432 in
2362 2375 2602 2432 sacraria
2655 2373 2971 2430 manufacta
3009 2373 3265 2429 Christus
3301 2373 3591 2444 ingressus

2007 2480 2134 2535 est,
2167 2487 2288 2541 quae
2340 2485 2599 2525 verorum
2663 2468 3035 2525 sacrariorum
3074 2467 3367 2523 simulacra
3407 2474 3582 2522 sunt:

2006 2564 2103 2619 sed
2135 2563 2188 2617 in
2221 2563 2418 2619 coelum
2463 2562 2662 2633 ipsum,
2700 2569 2760 2616 ut
2789 2560 2954 2616 modo
2970 2571 3159 2616 nostra
3188 2573 3353 2615 causa
3391 2573 3577 2614 coram

2007 2653 2100 2709 Dei
2138 2653 2275 2708 facie
2309 2663 2624 2722 compareat
2647 2653 2713 2705 “.
2753 2672 2774 2706 ι

2076 2745 2237 2816 225
2270 2745 2637 2814 Posteaquam
2663 2759 2798 2801 vero
2823 2756 3142 2816 assumptus
3174 2743 3369 2801 fuisset
3394 2744 3584 2799 Domi-

2006 2853 2132 2901 nus,
2184 2836 2376 2892 decem
2413 2835 2615 2906 elapsis
2649 2834 2849 2890 diebus
2895 2843 3119 2892 sanctus
3156 2836 3249 2892 ille
3279 2834 3518 2906 Spiritus
3552 2851 3584 2889 e

2007 2930 2147 2987 coelo
2195 2929 2506 2985 descendit.
2537 2929 2763 2985 Factum
2809 2929 2916 2985 hoc
2947 2937 3032 2985 est
3067 2929 3283 2985 decimo
3333 2937 3459 3000 post
3497 2929 3586 2984 die

2007 3031 2322 3092 propterea,
2362 3021 2508 3091 quod
2562 3036 2827 3077 numerus
2877 3020 3140 3076 denarius
3170 3021 3242 3076 sit
3284 3019 3581 3091 perfectus.

2010 3115 2278 3183 Quoniam
2317 3117 2490 3186 igitur
2539 3113 2783 3186 Spiritus
2836 3123 3058 3169 sanctus
3093 3114 3300 3169 idcirco
3333 3113 3594 3169 demitte-

325 3182 419 3235 ἐπὶ
450 3183 612 3238 τοῦτο
646 3188 1075 3260 κατερχόμενον,
1112 3191 1199 3244 ἵνα
1249 3193 1347 3246 καὶ
1383 3196 1510 3258 τοὺς
1542 3195 1758 3260 ἀτελεῖς
1799 3213 1901 3266 μα·

2007 3182 2191 3272 batur,
2251 3215 2311 3261 ut
2344 3182 2710 3274 imperfectos
2765 3203 2945 3260 adhuc
2983 3202 3284 3272 discipulos
3313 3202 3588 3274 perfectos

323 3275 796 3368 θητ-ἀςᾉτελείους
865 3283 1294 3354 ἀπεργάσηται,
1355 3288 1550 3342 τούτου
1613 3290 1776 3362 χάριν
1841 3293 1900 3345 ὲν

2007 3297 2269 3363 efﬁceret,
2299 3312 2362 3352 ea
2393 3297 2461 3352 de
2491 3311 2656 3352 causa
2685 3295 2739 3350 in
2769 3296 3017 3367 perfecto
3048 3311 3269 3368 quoque
3311 3312 3544 3354 numero
3567 3337 3585 3359 .

322 3365 542 3438 ἀριθμῷ
575 3369 785 3441 τελείῳ,
821 3375 1106 3428 τουτέστιν
1152 3377 1212 3429 ὲν
1264 3379 1449 3450 ἡμέρα
1509 3380 1734 3455 δεκάτῃ,
1761 3383 1902 3454 πρὸς

323 3457 523 3522 αὐτοὺς
568 3459 947 3534 ὲπεφοίτησεν.
978 3467 1104 3521 Ὀτι
1162 3469 1220 3524 δὲ
1275 3471 1521 3536 τελείους
1573 3473 1742 3540 ἔδειξε
1773 3478 1902 3540 τοὺς

322 3551 536 3616 ἀτελεῖς
585 3555 854 3628 μαθητάς,
885 3561 912 3612 ό
947 3565 1246 3631 κορυφαῖος
1281 3566 1488 3636 Πέτρος
1537 3567 1696 3622 τοῦτο
1732 3571 1903 3640 παρέ-

326 3659 548 3713 στησεν.
587 3645 729 3716 Ὅρα
763 3649 872 3720 γάρ
901 3653 1172 3721 νουνεχῶς
1199 3655 1281 3708 ὅτι
1322 3657 1584 3730 παιδίσκῃ
1614 3660 1724 3713 τινὶ
1772 3662 1905 3730 πρό-

323 3752 482 3806 τερον
511 3738 705 3822 οἰκτρᾷ
739 3739 998 3810 θροηθεὶς
1031 3745 1122 3798 τὸν
1152 3746 1474 3802 διδάσκαλον
1511 3751 1696 3821 τρίτον
1729 3755 1902 3824 ἠρνή-

326 3846 476 3893 σατο,
508 3831 584 3900 τῷ
615 3831 868 3902 παναγίῳ
899 3834 956 3888 δὲ
1002 3837 1290 3908 Πνεύματι
1337 3842 1648 3912 στομωθεὶς
1673 3843 1904 3918 ὕστερον

331 3923 469 3992 μετά
497 3927 806 3996 παρρησίας
844 3931 924 3984 ὅτι
955 3931 1158 4004 πολλῆς
1190 3937 1524 4012 ἐδημηγόρει
1545 3945 1711 4012 μέσον
1742 3946 1898 4014 λαοῦ,

327 4017 625 4072 κάντεῦθεν
659 4020 878 4076 ἔπειθεν
927 4023 1178 4092 ἅπαντας
1224 4030 1625 4099 ἁνενδοιάστως
1665 4042 1904 4110 προσέρ-

327 4107 518 4175 χεσθαι
547 4110 624 4180 τῷ
653 4111 897 4182 Χριστῷ.

395 4201 530 4294 Μεθ’
554 4203 767 4274 ἡμέρας
795 4204 920 4270 οὖν,
952 4209 1023 4273 ὡς
1057 4210 1305 4284 εἴρηται,
1339 4218 1682 4289 πεντήκοντα
1710 4222 1813 4294 τῆς
1845 4227 1909 4279 ἐκ

325 4293 536 4362 νεκρῶν
564 4297 840 4365 ἐγέρσεως
863 4299 960 4353 τοῦ
991 4304 1232 4373 Χριστοῦ
1258 4309 1290 4377 ἡ
1316 4309 1411 4362 τοῦ
1440 4315 1709 4382 παναγίου
1741 4293 1910 4370 Πνεύοσ

331 4400 499 4452 ματος
550 4385 763 4454 γίνεται
813 4391 1058 4457 κάθοδος.
1117 4397 1278 4461 Τίνος
1326 4400 1548 4469 ἓνεκεν;
1583 4406 1706 4461 Ὀτι
1740 4398 1835 4462 καὶ
1882 4411 1911 4464 ό

327 4477 556 4574 παλαιὸς
589 4479 753 4574 νόμος
787 4482 845 4534 ἐν
877 4485 1061 4557 ήμέρᾳ
1098 4497 1439 4574 πεντηκοστῇ
1473 4495 1612 4550 Θεοῦ
1647 4502 1906 4569 φανέντος

326 4568 545 4626 ἐδίδοτο.
600 4573 756 4626 Κατά
809 4575 918 4644 γάρ
971 4580 1062 4633 τὸν
1113 4568 1543 4656 χρυσορῤήμονα
1585 4590 1700 4643 καὶ
1756 4592 1902 4648 θεῖον

338 4660 622 4732 Ἰωάννην,
657 4662 857 4733 μᾶλλον
885 4667 941 4720 δὲ
971 4669 1112 4723 κατά
1141 4672 1243 4741 τὴν
1269 4675 1366 4726 τοῦ
1401 4675 1630 4732 θεόπτου
1659 4681 1905 4747 Μωσέως

327 4753 589 4824 ἱστορίαν,
633 4758 980 4827 ¹πεντήκοντα
1020 4762 1234 4832 διῆλθον
1274 4768 1479 4839 ἡμέραι
1527 4773 1668 4841 μετὰ
1704 4775 1806 4844 τὴν
1845 4776 1905 4840 ἐξ

323 4846 608 4914 Αἰγύπτου
645 4848 752 4902 τῶν
787 4851 1056 4906 Ἰουδαίων
1093 4856 1294 4921 ἔξοδον,
1335 4863 1430 4914 καὶ
1463 4865 1767 4932 τηνικαῦτα
1802 4871 1904 4932 τὰς

327 4937 730 5008 θιοχαράκτους
759 4944 787 4996 ὀ
815 4945 1019 5016 Μωσῆς
1051 4948 1263 5012 πλάκας
1293 4949 1506 5008 ἔλαϐεν.
1543 4957 1606 5008 Εἰ
1633 4957 1814 5012 τοίνυν
1845 4961 1903 5015 ἐν

323 5031 561 5101 ἡμέραις
603 5033 939 5103 πεντήκοντα
979 5040 1006 5092 ό
1052 5039 1281 5105 παλαιὸς
1324 5043 1523 5098 ἐδίδοτο
1570 5047 1756 5120 νόμος,
1797 5053 1905 5106 ἔδει

324 5120 544 5211 πάντως
589 5123 711 5176 κατ’
736 5125 954 5195 ἐκείνην
1000 5128 1098 5200 τὴν
1140 5131 1355 5202 ἡμέραν
1395 5133 1619 5205 δοθῆναι
1665 5139 1763 5192 καὶ
1805 5142 1904 5211 τὴν

324 5210 419 5264 τοῦ
454 5215 720 5282 παναγίου
759 5217 1075 5286 Πνεύματος
1108 5223 1272 5293 χάριν
1292 5263 1307 5291 ,
1339 5225 1414 5290 ὡς
1445 5229 1733 5298 ἐντεῦθεν,
1765 5210 1905 5303 ἀγα-

325 5305 486 5373 πητὲ,
516 5307 658 5360 κατά
684 5325 747 5376 γε
775 5308 873 5381 τὴν
897 5311 1140 5366 Παλαιὰν
1168 5317 1262 5385 καὶ
1288 5317 1386 5389 τὴν
1411 5319 1572 5389 Νέαν,
1603 5325 1908 5397 ἀδιαίρετον

327 5398 602 5470 δειχθῆναι
628 5402 726 5473 τὴν
752 5403 916 5473 φύσιν
942 5406 1040 5477 τῆς
1069 5405 1340 5478 θεότητος,
1367 5415 1460 5466 καὶ
1483 5416 1565 5469 ὅτι
1589 5407 1648 5470 τὸ
1678 5419 1910 5490 Πνεῦμα

327 5491 385 5542 τὸ
417 5491 570 5557 άγιον
604 5496 915 5562 ἐνομοθέτει
945 5500 1039 5552 καὶ
1068 5502 1191 5554 τότε
1228 5505 1322 5555 καὶ
1354 5505 1472 5561 νῦν.
1507 5509 1516 5517 ’

398 5584 504 5635 Καὶ
529 5583 796 5655 ὤφθησαν
821 5589 1002 5655 αὐτοῖς
1029 5593 1484 5666 διαμεριζόμεναι
1509 5599 1750 5668 γλῶσσαι
1774 5605 1908 5660 ὡσεὶ

333 5677 518 5743 πυρός.
557 5678 654 5731 Διὰ
692 5679 743 5731 τί
777 5680 1054 5750 γλῶσσαι;
1093 5687 1283 5758 ἐπειδὴ
1322 5690 1676 5763 κηρύγματος
1713 5697 1867 5767 χρεία
1891 5742 1904 5764 ,

385 5861 428 5888 ”
455 5861 614 5917 lle-hr.
657 5868 842 5934 μεθ-ί.
925 5871 966 5903 ⁸⁷
1003 5872 1123 5928 Act.
1173 5889 1231 5939 ιι,
1257 5874 1308 5930 5.

2004 3390 2235 3446 decimo
2280 3390 2542 3445 nimirum
2585 3389 2696 3455 die,
2728 3400 2896 3458 super
2932 3403 3029 3445 eos
3078 3387 3383 3445 descendit.
3429 3388 3586 3454 Quod

2006 3491 2194 3537 autem
2225 3496 2290 3536 ex
2323 3478 2661 3549 imperfectis
2683 3478 2973 3549 discipulis
3002 3480 3274 3549 perfectos
3298 3479 3544 3538 ell‘ecerit
3569 3522 3584 3546 ,

2006 3587 2257 3628 summus
2307 3570 2400 3626 ille
2445 3571 2644 3626 Petrus
2695 3569 2832 3624 satis
2876 3569 3140 3625 ostendit.
3174 3569 3310 3624 Nam
3351 3570 3394 3625 si
3440 3570 3588 3626 hunc

2007 3665 2307 3734 diligenter
2349 3661 2624 3731 inspicere
2678 3659 2854 3724 voles,
2893 3660 3111 3716 videbis
3137 3661 3289 3716 illum
3323 3679 3352 3718 a
3385 3663 3586 3718 misera

2008 3756 2258 3812 territum
2319 3753 2580 3810 ancillula
2635 3753 2956 3821 magistrum
3009 3768 3170 3822 suum
3210 3764 3296 3809 ter
3332 3770 3588 3826 negasse.

2009 3847 2282 3913 Deinceps
2319 3859 2453 3900 vero
2494 3843 2853 3899 conﬁrmatus
2903 3859 2932 3898 a
2979 3853 3170 3900 sancto
3221 3845 3427 3916 Spiritu
3470 3863 3588 3903 ma.

2012 3939 2158 3993 xima
2184 3951 2307 3991 eum
2343 3933 2544 3989 ﬁducia
2567 3944 2621 3989 et
2651 3933 2762 3989 oris
2801 3933 3056 3991 libertate
3085 3936 3267 3992 medio
3299 3937 3352 3993 in
3384 3941 3587 4009 popqu
3675 3929 3680 3935 ’

2010 4030 2324 4103 perorabat,
2377 4027 2751 4097 omnibusque
2786 4029 3156 4098 persuadebat
3204 4040 3264 4086 ut
3313 4032 3380 4086 ad
3404 4032 3589 4101 iChri-

2011 4129 2154 4180 stum
2188 4121 2326 4176 citra
2347 4119 2745 4176 dubitationem
2781 4134 2996 4176 omnem
3026 4123 3376 4180 accederent.
3419 4173 3422 4176 .

2081 4211 2209 4266 Post
2233 4211 2379 4266 diem
2401 4225 2553 4281 ergo,
2578 4225 2678 4266 ceu
2703 4209 2968 4278 diximus,
3003 4212 3535 4285 quinquagesimum
3555 4231 3594 4270 a-

2011 4305 2218 4363 Christi
2255 4305 2324 4360 de
2350 4303 2582 4360 mortuis
2611 4303 3061 4373 (resurrectione,
3112 4305 3356 4375 Spiritus
3409 4309 3597 4364 sancti-

2015 4399 2314 4454 descensus
2349 4394 2572 4451 accidit.
2603 4395 2969 4462 Quamobrem
3004 4397 3178 4452 illud?
3231 4399 3371 4466 Quia
3433 4409 3590 4456 vetus

2015 4492 2182 4547 etiam
2211 4490 2298 4544 lex
2332 4486 2793 4558 quinquagesimo
2817 4487 2906 4542 die
2937 4497 3061 4558 post
3111 4489 3207 4544 Dei
3265 4491 3591 4560 patefactio-

2011 4600 2136 4639 nem
2173 4582 2296 4637 data
2333 4582 2536 4636 fuerat.
2571 4579 2708 4635 Nam
2737 4589 2798 4635 ut
2826 4579 3052 4636 divinus
3081 4581 3172 4636 ille
3225 4583 3312 4637 vir
3343 4583 3588 4639 Joannes

2009 4676 2438 4748 Chrysostomus
2479 4674 2721 4744 scripsit,
2772 4673 2859 4727 vel
2888 4674 3073 4744 potius
3124 4682 3264 4729 teste
3293 4674 3458 4731 Mosis
3493 4676 3595 4731 Dei

2011 4769 2339 4836 spectatoris
2371 4768 2624 4826 historia.
2656 4766 2777 4821 dies
2831 4768 2901 4823 ab
2928 4767 3080 4821 exitu
3117 4765 3474 4822 Hebraeorum
3521 4782 3588 4824 ex

2009 4863 2248 4936 Aigypto
2281 4863 2350 4918 50
2382 4863 2555 4933 elapsi
2589 4870 2773 4928 erant,
2805 4876 2930 4916 cum
2961 4859 3301 4931 perscriptas
3321 4859 3588 4916 divinitus

2012 4954 2228 5009 tabulas
2252 4955 2435 5010 Moses
2463 4953 2697 5023 accepit.
2731 4951 2916 5018 Quare
2939 4950 2985 5006 si
3026 4949 3206 5020 prisca
3231 4949 3319 5005 lex
3352 4949 3442 5004 illa
3462 4949 3588 5005 data

2012 5045 2119 5101 fuit
2151 5045 2296 5100 intra
2333 5045 2480 5101 diem
2527 5043 3073 5115 quinquagesimum,
3131 5042 3426 5112 oportebat
3471 5058 3592 5097 om-

2013 5142 2145 5196 nino
2179 5139 2371 5196 eadem
2401 5139 2492 5195 die
2521 5139 2698 5195 sancti
2722 5138 2888 5193 etiam
2918 5137 3160 5206 Spiritus
3186 5136 3420 5207 gratiam
3445 5136 3591 5190 dari.

2011 5232 2087 5288 De
2120 5247 2252 5304 quo.
2283 5233 2361 5288 ﬁli
2391 5233 2614 5297 dilecte,
2675 5230 2856 5302 colligi
2891 5238 3069 5300 potest
3133 5238 3244 5285 tam
3304 5229 3360 5283 in
3411 5228 3594 5300 prisco

2010 5339 2175 5394 quam
2207 5339 2351 5380 novo
2387 5323 2598 5380 {uadere
2628 5323 2795 5379 nobis
2828 5322 3071 5388 ostendi,
3101 5321 3253 5392 quod
3286 5330 3489 5376 natura
3511 5320 3597 5374 di—

2007 5416 2256 5473 vinitatis
2287 5415 2525 5470 indivisa
2556 5415 2651 5482 sit,
2682 5423 3020 5484 sanctusque
3077 5412 3320 5482 Spiritus
3379 5420 3490 5466 tam
3538 5411 3598 5467 id

2012 5509 2278 5579 temporis
2304 5521 2469 5578 quam
2502 5506 2664 5561 modo
2691 5507 2868 5578 legem
2909 5504 3242 5576 promulget.

2080 5601 2406 5670 Conspecta:
2434 5607 2565 5654 sunt
2595 5607 2782 5653 autem
2812 5599 2867 5653 iu
2897 5597 3160 5668 apostolis
3197 5596 3399 5667 linguae
3439 5596 3596 5651 velut

2013 5697 2186 5764 ignea:
2227 5691 2532 5760 dispertitae
2556 5689 2624 5744 ⁶⁷.
2656 5687 2787 5755 Cur,
2821 5687 3082 5751 obsecro,
3131 5684 3331 5756 lingua:
3358 5699 3589 5753 conspe-
