4054 6436
398 389 500 445 421

1671 394 1724 451 Μ
1739 393 2088 454 [CIIAELIS
2126 396 2382 454 GLYC.‘E

3554 395 3656 455 423

399 505 500 554 etas
533 500 699 553 sunt?
736 500 875 567 Quia
909 501 1297 571 prmdicationc
1331 518 1471 574 opus
1503 513 1647 568 erat,
1687 515 1742 560 et
1765 513 1823 559 ut
1849 505 1965 575 ipsa

2087 508 2168 560 (αἱ
2214 507 2301 560 ἵνα
2335 509 2396 559 τὸ
2437 506 2625 577 σχῆμα
2661 505 2759 576 τὴν
2792 505 3082 575 ἐνέργειαν
3118 504 3431 577 ἐρμηνεὺση
3455 546 3469 567 ,
3514 508 3658 560 καθά

400 590 575 660 ilgura
601 593 910 649 declararet
944 595 1321 659 cll'ectionem,
1356 597 1835 666 quemadmodum
1870 612 1973 650 au-

399 697 531 738 reus
561 684 656 738 ille
683 696 868 740 noster
902 697 1094 742 orator
1151 689 1356 759 inquit.
1407 688 1624 759 Quippe
1667 689 1972 759 piscatores

396 785 556 829 erant
587 777 850 845 apostoli,
880 785 936 833 et
960 779 1010 836 vi
1033 780 1299 836 orationis
1320 779 1388 834 ad
1421 780 1829 850 praedicandum
1849 796 1976 850 ege—

399 864 916 939 bant.gDispertitas
944 879 1133 924 autem
1183 871 1356 927 fuisse
1414 871 1571 937 dicit,
1617 872 1766 942 quod
1831 871 1974 944 ignis

400 955 692 1013 uniformis
714 957 886 1015 dividi
910 961 1194 1018 videretur
1217 978 1281 1019 ac
1304 964 1357 1019 in
1381 964 1664 1034 apostolos
1689 962 1972 1019 distribui.

396 1045 466 1099 Et
499 1048 642 1116 ignis
664 1049 755 1106 ille
789 1067 900 1108 nou
928 1052 1046 1124 ipse
1073 1053 1314 1124 Spiritus
1336 1064 1476 1125 erat,
1501 1054 1598 1110 sed
1622 1055 1704 1110 vis
1725 1053 1974 1126 quaedam

398 1139 656 1209 Spiritus.
689 1143 866 1212 Atque
898 1145 983 1200 ba:
1012 1146 1211 1216 linguae
1245 1161 1354 1202 non
1388 1147 1445 1202 in
1485 1161 1681 1202 eorum
1713 1161 1809 1202 ora
1857 1147 1977 1202 fue-

397 1241 526 1285 runt
553 1233 835 1299 immissa},
869 1237 962 1290 sed
995 1235 1270 1306 capitibus
1321 1238 1651 1295 insidebant.
1690 1239 1826 1294 Nam
1877 1240 1978 1294 hoc

397 1325 560 1378 modo
597 1329 831 1395 apostoli
867 1328 1362 1398 conﬁrmabantur,
1410 1339 1465 1386 et
1495 1330 1978 1387 constituebantur

397 1420 554 1488 quasi
589 1421 812 1490 quidam
835 1424 1024 1478 mundi
1059 1425 1337 1495 principes
1369 1435 1426 1481 et
1485 1440 1786 1496 prmcones.
1839 1424 1976 1479 Nam

398 1511 556 1567 vides
583 1512 861 1584 hodieque
895 1530 1104 1571 morem
1136 1516 1290 1571 illum
1319 1516 1598 1580 obtinere,
1642 1525 1704 1572 ut
1761 1516 1981 1586 pontiﬁ-

400 1603 483 1658 cis
541 1606 910 1662 conﬁrmaudi
973 1607 1142 1677 capiti
1207 1607 1563 1676 Evangelium
1627 1608 1978 1676 imponatur;

399 1696 549 1766 quod
587 1698 680 1753 ubi
707 1700 873 1754 fuerit
901 1701 1242 1769 impositum,
1281 1701 1420 1755 nihil
1465 1709 1550 1755 est
1587 1699 1773 1755 videre
1829 1700 1978 1755 aliud

402 1801 570 1856 quam
599 1789 763 1860 capiti
795 1790 1039 1860 linguam
1075 1789 1235 1846 talem
1266 1789 1700 1846 incumbentem.
1745 1789 1804 1844 lu
1836 1789 1981 1859 ignis

2075 615 2241 667 φησιν
2273 600 2300 651 ὁ
2331 599 2432 669 τὴν
2463 599 2711 666 γλῶτταν
2745 597 3019 668 Χρυσοῦς.
3062 598 3262 660 Ἀλιεῖς
3295 598 3404 667 γὰρ
3437 594 3576 668 ἦσαν
3609 602 3660 652 οἱ

2075 691 2389 757 ἀπόστολοι,
2418 691 2514 744 και
2548 691 2683 758 πρὸς
2709 691 2769 744 τὸ
2794 691 3062 761 κήρυγμα
3090 690 3254 758 λόγου
3285 676 3518 743 ἐδέοντο.
3546 692 3661 745 Με-

2078 781 2366 852 ριζόμεναι
2410 783 2467 836 δὲ
2513 778 2703 845 εἶπεν,
2747 784 2831 836 ὅτι
2881 781 2992 853 πῦρ
3036 782 3211 852 ἐφάνη
3257 781 3662 852 κατερχόμενον

2081 877 2371 944 μονοειδὲς,
2399 870 2520 930 εἶτα
2543 879 2656 936 τοῖς
2683 877 3003 937 ἀποστόλοις
3031 872 3336 945 ἐμερίζετο.
3368 874 3442 926 Τὸ
3468 874 3661 942 δὲπῦρ

2079 967 2254 1020 ἐκεῖνο
2285 968 2384 1020 οὐκ
2415 967 2545 1020 αὐτὸ
2577 963 2645 1039 ἦν
2675 968 2736 1020 τὸ
2770 967 3024 1036 Πνεῦμα,
3057 967 3195 1020 ἀλλὰ
3225 965 3453 1035 δύναμις
3491 964 3662 1018 Πνεῦ-

2083 1075 2271 1128 ματος.
2310 1058 2426 1112 Οὐκ
2467 1062 2524 1111 ἐν
2557 1060 2634 1128 τῷ
2675 1060 2909 1127 στόματι
2948 1058 3006 1112 δὲ
3045 1057 3229 1112 αὐτῶν
3261 1057 3570 1128 ἐϐλήθησαν
3603 1056 3662 1108 al

2079 1148 2347 1216 γλῶσσαι,
2380 1149 2496 1202 ἀλλ’
2523 1151 2617 1202 ἐπὶ
2648 1151 2892 1219 κεφαλῆς
2925 1148 3190 1203 ἐκάθισαν
3216 1165 3230 1179 ·
3267 1149 3526 1219 ἄρχοντες
3557 1148 3664 1218 γάρ

2081 1240 2184 1310 τῆς
2229 1243 2562 1311 οἰκουμένης
2606 1241 3045 1314 ἐχαιροτονοῦντο
3088 1242 3184 1295 xal
3229 1241 3495 1312 κήρυκες.
3521 1243 3665 1312 Ὅρα

2080 1332 2186 1401 γὰρ
2219 1334 2300 1386 ὅτι
2334 1335 2428 1387 καὶ
2461 1333 2568 1398 ἕως
2596 1336 2722 1406 ἄρτι
2752 1335 2912 1388 τοῦτο
2945 1335 3175 1404 κρατεῖ⁶
3213 1334 3522 1389 ἐπιτίθεται
3555 1334 3664 1405 γάρ

2079 1425 2145 1494 τῇ
2181 1425 2391 1495 κεφαλῇ
2425 1425 2520 1478 τοῦ
2557 1426 2844 1495 μέλλοντος
2878 1426 3328 1496 χειροτονηθῆναι
3364 1426 3665 1496 ἀρχιερέως

2081 1516 2142 1566 τὸ
2171 1517 2526 1585 [εὐαγγέλιον.
2578 1521 2674 1572 καὶ
2716 1519 2845 1574 ὅταν
2890 1518 3141 1590 ἐπιτεθῇ,
3185 1519 3306 1572 οὐδὲ
3351 1519 3480 1572 ἄλλο
3518 1518 3667 1571 ἔστιν

2087 1609 2216 1662 ἰδεῖν
2260 1609 2293 1676 ἢ
2340 1609 2594 1678 γλῶσσαν
2639 1610 3142 1682 προσεπικειμένην
3183 1613 3251 1680 τῇ
3303 1611 3538 1681 κεφαλῇ.
3579 1609 3668 1662 Ἐν

2084 1702 2212 1755 εῖδει
2245 1702 2302 1754 δὲ
2341 1701 2510 1772 πυρὸς
2542 1704 2631 1758 διὰ
2658 1704 2752 1758 τὸν
2782 1705 3030 1758 εἰπόνταο
3071 1721 3093 1756 ‹
3121 1703 3241 1773 Πῦρ
3273 1697 3437 1773 ἦλθον
3467 1703 3548 1765 εἰς
3575 1702 3668 1755 τ’,ν

2087 1792 2296 1862 κόσμον
2326 1793 2508 1864 βαλεῖν
2546 1814 2565 1848 ι
2600 1797 2764 1867 χάριν
2792 1797 2902 1850 τῶν
2930 1795 3348 1865 ὐλομανούντων
3379 1793 3592 1848 παθῶν.

397 1893 583 1940 autem
612 1883 787 1938 forma
821 1893 1150 1955 conspectus
1207 1891 1292 1938 est
1321 1882 1560 1953 Spiritus
1597 1891 1822 1952 propter
1860 1879 2013 1936 illum
2053 1883 2146 1951 qui
2183 1882 2356 1940 dixit:
2403 1904 2424 1940 ι
2452 1886 2638 1958 Ignem
2691 1888 2746 1942 in
2778 1887 3047 1943 mundum
3078 1887 3429 1944 immissurus
3481 1884 3662 1949 veni,»

396 1987 623 2046 propter
649 1976 1026 2034 excreat-entia
1055 1976 1267 2033 scilicet
1299 1975 1575 2046 quasique
1625 1975 1974 2032 silvescentia
2013 1973 2247 2028 nimium
2273 1976 2428 2032 vitia.

469 2066 624 2124 Sedit
677 2079 861 2126 autem
893 2069 952 2124 in
982 2085 1178 2126 eorum
1210 2069 1483 2140 quolibet.
1519 2067 1780 2139 Quisquis
1819 2068 1979 2140 226

2159 2068 2268 2122 Kal
2304 2069 2561 2122 ἐκάθισεν
2595 2071 2683 2139 ἐφ’
2707 2071 2806 2124 ἕνα
2841 2071 3079 2126 ἕκαστον
3113 2071 3317 2125 αὐτῶν.
3354 2071 3472 2133 Πᾶς
3513 2063 3606 2123 οὖν
3638 2068 3669 2121 ό

395 2158 567 2231 igitur
598 2159 691 2216 Dei
724 2159 1095 2216 ministerium
1121 2160 1263 2221 obit,
1303 2157 1538 2212 thronus
1573 2166 1739 2225 atque
1779 2157 1979 2212 solium

396 2249 493 2306 Dei
525 2259 630 2308 est.
677 2252 812 2310 Nam
845 2265 909 2306 ea
959 2249 1028 2305 de
1059 2265 1224 2307 causa
1251 2245 1750 2316 dicitur.Spiritum
1798 2246 1854 2302 in
1899 2245 1982 2302 eis

399 2344 738 2404 consedisse.

470 2438 650 2508 Atque
676 2439 781 2495 hoc
824 2437 987 2494 modo
1041 2437 1233 2508 repleti
1287 2435 1509 2490 fuerunt
1562 2449 1752 2488 oinues
1791 2441 1982 2487 sancto

351 2599 354 2602 ,
402 2531 636 2602 Spiritu,
686 2539 1090 2609 coeperuntque
1146 2530 1298 2598 loqui
1354 2527 1559 2597 linguis
1621 2526 1767 2586 aliis.
1819 2533 1983 2594 prout

401 2624 644 2691 Spiritus
683 2625 772 2680 ille
811 2623 981 2680 dabat
1024 2623 1105 2678 eis
1152 2623 1322 2693 loqui.
1383 2621 1681 2690 Propterea
1725 2616 1983 2672 dicebant

397 2727 646 2774 astantes
677 2733 693 2773 :
729 2718 959 2773 «Annon
985 2731 1116 2772 ecce
1147 2730 1343 2771 omnes
1378 2715 1494 2777 isti,
1525 2713 1618 2784 qui
1653 2713 1978 2783 ioquuntur,

394 2809 606 2867 Galilzei
638 2810 812 2866 sunt?
862 2808 1142 2880 quomodo
1201 2807 1370 2878 igitur
1410 2821 1512 2860 nos
1568 2805 1827 2860 audimus
1885 2819 1983 2860 eos

396 2919 497 2961 sua
533 2904 769 2974 quisque
799 2903 1008 2971 lingua,
1061 2903 1114 2956 in
1165 2915 1271 2970 qua
1318 2899 1432 2953 uati
1464 2914 1676 2961 sumus,
1709 2897 1893 2953 Parthi
1921 2907 1976 2953 et

394 2996 540 3054 Medi
579 3005 637 3052 et
686 2995 940 3052 Elamita:
971 3004 1027 3049 ct
1083 2994 1270 3048 earteri
1294 2991 1378 3043 ‘9?
1413 3009 1431 3040 ι
1486 2990 1812 3055 Quindecim
1851 3005 1981 3045 vero

394 3088 706 3159 linguarum
745 3087 896 3142 dona.
933 3094 1064 3142 tunc
1091 3093 1432 3153 acceperunt
1477 3083 1735 3151 apostoli,
1788 3097 1982 3152 quem-

395 3181 693 3239 admodum
727 3179 1158 3250 Cbrysostomus
1191 3178 1374 3246 inquit
1399 3217 1413 3240 .
1465 3175 1534 3231 ad
1565 3191 1724 3230 usum
1758 3176 1978 3230 illorum

397 3275 494 3345 qui
523 3280 826 3344 pratscntes
859 3281 1042 3326 erant.
1069 3269 1210 3336 Quid
1227 3270 1376 3324 enim
1405 3283 1546 3339 Opus
1579 3267 1775 3322 fuisset
1794 3267 1978 3338 lingua

396 3367 616 3424 Persica
641 3365 724 3423 vel
751 3366 894 3430 aliis,
952 3380 1064 3420 non
1099 3364 1468 3434 praesentibus
1527 3363 1593 3418 iis
1623 3363 1718 3433 qui
1751 3369 1975 3417 ntemn—

398 3467 490 3515 tur
505 3459 528 3513 ?
542 3458 609 3513 Et
630 3459 852 3513 fuerunt
869 3457 1096 3514 omnino
1118 3458 1316 3526 linguae
1333 3457 1646 3527 quindecim
1669 3465 1980 3526 propterea,

400 3561 462 3606 ut
491 3550 624 3609 hinc
676 3551 1079 3620 intelligeretur
1111 3559 1482 3606 sacrosancta:
1540 3548 1832 3602 Trinitatis
1868 3546 1983 3602 elli-

398 3643 605 3700 eaeitas
640 3659 765 3701 cum
799 3643 1074 3700 ministris
1099 3642 1395 3700 duodecim
1435 3643 1750 3715 conjuncta.
1783 3640 1984 3696 Videre

398 3749 515 3797 tum
541 3748 659 3794 erat
690 3737 934 3810 Petrum,
964 3737 1057 3808 qui
1087 3737 1343 3794 Galilatus
1368 3745 1536 3800 esset,
1586 3735 1832 3791 Romana
1871 3734 1983 3788 lin-

399 3844 506 3899 gua
534 3837 805 3893 utentem,
831 3843 998 3899 quam
1040 3843 1324 3896 nunquam
1366 3837 1530 3883 antea
1561 3825 1827 3882 discendo
1856 3840 1984 3896 per-

399 3918 661 3989 cepisset,
694 3919 1001 3988 itidemque
1033 3919 1277 3989 singulos
1325 3918 1664 3988 reliquorum
1717 3916 1979 3988 peculiari

399 4011 636 4081 quadam
668 4010 858 4081 lingua
887 4011 1198 4080 loquentes.
1230 4008 1346 4066 Hoc
1372 4011 1524 4065 enim
1556 4010 1801 4081 Spiritus
1849 4025 1983 4064 sano

400 4109 527 4156 ctus
551 4100 818 4170 singulari
853 4100 1096 4169 quodam
1132 4101 1372 4157 consilio
1410 4102 1492 4158 sic
1547 4100 1980 4165 administravit,

401 4207 470 4248 ne
498 4208 607 4262 qua
633 4193 776 4248 luter-
804 4192 1089 4263 apostolus
1136 4201 1284 4249 esset
1334 4209 1398 4248 ea
1454 4194 1523 4249 de
1579 4210 1641 4250 re
1670 4193 1976 4260 discordia,

402 4300 514 4354 quo
545 4283 762 4342 scilicet
818 4285 1120 4354 unicuique
1153 4285 1474 4342 abeundum
1518 4285 1688 4342 foret.
1743 4285 1982 4354 Ideoque

401 4375 641 4445 singulis
664 4389 762 4430 sua
798 4377 852 4429 in
883 4375 1074 4446 lingua
1099 4376 1230 4434 data
1257 4385 1342 4433 est
1367 4379 1616 4448 quaedam
1661 4380 1818 4450 quasi
1854 4397 1984 4437 nor-

406 4483 492 4522 ma
530 4479 588 4523 ct
621 4467 828 4539 regula.
861 4467 1025 4524 Verbi
1047 4472 1245 4540 gratia,
1271 4470 1523 4527 Romana
1557 4473 1731 4527 uteris
1751 4473 1936 4542 lingua
1964 4491 1979 4530 :

406 4559 635 4614 Romam
668 4560 836 4628 igitur
870 4559 1042 4614 abito.
1104 4560 1324 4616 Persice
1360 4560 1612 4630 loqueris
1640 4579 1656 4616 :
1693 4562 1761 4618 ad
1791 4564 1984 4621 Persas

403 4653 796 4724 proﬁciscitor.
823 4653 977 4708 Hane
1004 4653 1174 4723 igitur
1207 4654 1264 4708 in
1305 4663 1460 4709 certa
1491 4653 1680 4724 lingua
1739 4657 1981 4726 regulam

2083 2160 2348 2216 διακονῶν
2389 2162 2471 2231 τῷ
2515 2163 2636 2234 Θεῷ
2681 2164 2870 2235 θρόνος
2913 2165 3030 2219 ἐστὶ
3065 2163 3162 2218 τοῦ
3206 2164 3344 2219 Θεοῦ
3370 2179 3386 2198 ο
3428 2164 3516 2218 διὸ.
3559 2163 3670 2233 γὰρ

2083 2253 2243 2310 τοῦτο
2273 2256 2370 2309 καὶ⁹
2399 2256 2654 2313 ἐκάθισεν
2683 2254 2827 2313 εἷπε.

2155 2443 2269 2498 Kal
2310 2442 2666 2513 ἐπλήσθησαν
2706 2442 2948 2504 ἅπαντες
2993 2438 3313 2510 Πνεῦματος
3357 2438 3534 2508 ἁγίου,
3575 2437 3668 2491 καὶ

2087 2535 2321 2606 ἤρξαντο
2349 2535 2531 2588 λαλεῖν
2559 2534 2775 2604 ἑτέραις
2805 2532 3104 2601 γλώσσαις,
3138 2531 3322 2594 καθὼς
3348 2531 3411 2584 τὸ
3443 2530 3668 2599 Πνεῦμα

2087 2626 2258 2681 ἐδίδου
2297 2626 2482 2688 αὐτοῖς
2521 2625 2994 2694 ἀποφθέγγεσθαι.
3037 2624 3155 2692 Ἐφ’
3185 2618 3228 2692 ᾧ
3270 2623 3365 2675 καὶ
3403 2623 3453 2676 οἱ
3495 2639 3667 2692 παρε-

2088 2720 2290 2780 στῶτες
2313 2717 2521 2784 ἔλεγονι
2559 2717 2699 2771 ιοδκ
2724 2717 2833 2770 ἰδοὺ
2874 2716 3078 2776 πάντες
3115 2715 3165 2768 οῑ
3188 2712 3482 2776 λαλοῦντες
3506 2714 3670 2767 Γαλι-

2085 2814 2224 2865 λαῖοι
2263 2804 2413 2866 οὗτοι
2455 2813 2595 2875 alat;
2636 2809 2735 2864 καὶ
2775 2810 2894 2872 πῶς
2933 2811 3096 2878 ἡμεῖς
3134 2807 3408 2876 ἀκούομεν
3441 2809 3670 2872 ἕκαστος

2083 2908 2149 2975 τῇ
2181 2904 2288 2974 ἰδίᾳ
2311 2903 2471 2973 ἡμῶν
2499 2902 2788 2971 διαλέκτῳ,
2821 2900 3028 2970 Πάρθοι
3061 2900 3156 2954 xa‘t
3183 2899 3357 2967 Μῆδοι
3386 2900 3483 2953 καὶ
3515 2899 3670 2952 Ἐλα-

2089 2999 2243 3067 μῖται
2266 2998 2358 3051 καὶ
2379 2998 2428 3050 οἱ
2446 2995 2623 3048 λοιποί
2645 3012 2690 3060 ;ι
2729 2992 2790 3046 ιε’
2815 2993 2873 3047 δὲ
2902 2991 3166 3062 γλωσσῶν
3192 2991 3327 3054 τέως
3359 2989 3548 3043 ἔλαϐον
3575 3007 3645 3060 χα

2092 3089 2334 3158 ρίσματα
2353 3125 2368 3149 ,
2398 3087 2542 3141 καθά
2570 3102 2736 3156 φησιν
2765 3086 2794 3137 ὁ
2824 3084 2924 3156 τὴν
2955 3083 3200 3151 γλῶτταν
3229 3081 3512 3150 Χρυσοῦς,
3545 3084 3669 3134 ὅσον

2088 3179 2228 3250 πρὸς
2258 3180 2384 3243 τοὺς
2416 3179 2711 3248 παρόντας.
2748 3177 2844 3239 Τίς
2879 3175 2990 3246 γὰρ
3022 3171 3092 3245 ἦν
3124 3175 3156 3246 ἡ
3195 3175 3356 3245 χρεία
3389 3171 3669 3243 Περσικῆς

2087 3259 2332 3344 γλώττης
2367 3274 2442 3345 μὴ
2475 3272 2759 3342 παρόντων
2787 3268 3049 3340 Περσῶν;
3078 3266 3386 3322 Δεκαπέντε
3415 3267 3470 3320 δὲ
3498 3265 3673 3333 γλῶσ-

2093 3384 2186 3422 σαι
2215 3366 2495 3436 ἐφάνησαν
2522 3363 2620 3419 καὶ
2649 3363 2735 3416 διὰ
2763 3362 2942 3427 τοῦτο,
2978 3361 3063 3414 ἵνα
3095 3362 3190 3414 καὶ
3222 3361 3254 3430 ἠ
3286 3360 3540 3427 ἐνέργεια
3571 3358 3670 3426 τῆς

2097 3457 2330 3528 Τριάδος
2363 3457 2505 3526 φανῇ
2539 3454 2635 3508 καὶ
2669 3453 2940 3522 ὑπηρέται
2971 3452 3020 3504 οἱ
3054 3449 3284 3504 δώδεκα.
3316 3449 3429 3503 Kal
3444 3444 3510 3520 ἦν
3543 3448 3670 3500 ἰδεῖν

2091 3553 2184 3606 τὸν
2212 3549 2494 3604 Γαλιλαῖον
2522 3547 2732 3617 Πέτρον
2770 3546 3072 3615 Ῥωμαϊστὶ
3103 3543 3390 3608 λαλοῦντα,
3415 3541 3671 3609 γλῶσσαν

2090 3644 2160 3714 ἢν
2187 3643 2288 3697 οὐκ
2319 3640 2524 3712 ἔμαθεν
2546 3677 2562 3704 ,
2594 3638 2786 3710 ῶσπερ
2814 3639 2876 3708 δὴ
2908 3640 3004 3691 καὶ
3033 3637 3130 3691 ἕνα
3160 3635 3391 3690 ἕκαστον
3419 3635 3530 3688 τῶν
3555 3631 3669 3686 λοι-

2091 3735 2212 3789 πῶν
2249 3733 2385 3789 ἰδίαν
2417 3732 2678 3804 γλῶσσαν
2709 3729 3000 3787 λαλοῦντα.
3034 3730 3332 3799 Οἰκονομεϊ
3369 3727 3478 3796 γὰρ
3509 3725 3671 3779 τοῦτο

2088 3829 2151 3883 το
2178 3827 2404 3898 Πνεῦμα
2428 3827 2489 3882 τὸ
2516 3826 2692 3894 ἅγιον,
2721 3825 2809 3878 ἵνα
2841 3824 2915 3894 μὴ
2945 3823 3135 3886 στάσις
3221 3824 3279 3876 ἐν
3303 3824 3414 3885 τοῖς
3441 3819 3673 3873 ἀποστό-

2090 3919 2204 3980 λοις
2235 3917 2370 3988 περὶ
2399 3916 2496 3971 τοῦ
2529 3916 2634 3970 ποῦ
2664 3916 2744 3971 δεῖ
2775 3915 3006 3970 ἕκαστον
3035 3914 3320 3982 ἀπελθεῖν.
3359 3911 3478 3980 Ἐφ’
3499 3905 3542 3979 ᾧ
3575 3911 3670 3964 καὶ

2089 4013 2295 4067 δίδοται
2329 4012 2549 4082 ἑκάστῳ
2587 4011 2695 4066 ἰδία
2727 4011 2954 4080 γλῶσσα
2987 4009 3178 4077 ὥσπερ
3211 4005 3408 4061 κανών.
3436 4005 3666 4073 Ἤγουν,

2103 4103 2406 4173 Ῥωμαϊστὶ⁹
2429 4101 2644 4166 λαλεῖς;
2674 4099 2877 4155 ἄπελθε
2905 4101 2985 4163 εἰς
3009 4099 3108 4168 τὴν
3137 4096 3377 4166 Ῥώμην.
3409 4093 3670 4165 Περσιστὶ

2090 4196 2306 4264 λαλεϊς;
2340 4193 2543 4250 ἄπελθε
2579 4196 2655 4255 εἰς
2687 4193 2787 4261 τὴν
2817 4191 3081 4262 Περσίαν.
3115 4191 3228 4245 Καὶ
3260 4192 3318 4243 ἐν
3346 4190 3412 4258 τῇ
3449 4186 3670 4258 γλώσσῃ

2093 4289 2225 4358 μὲν,
2267 4285 2342 4349 ὡς
2385 4283 2634 4356 εἴρηται,
2673 4281 2868 4344 ἔλαϐον
2911 4283 3006 4333 τὸν
3044 4281 3249 4333 κανόνα
3275 4293 3290 4308 ο
3334 4275 3450 4331 ἀλλ’
3478 4273 3667 4342 ἐπειδὴ

2091 4383 2255 4436 πάλιν
2282 4378 2452 4449 ἐχρῆν
2483 4378 2680 4440 αὐτοὺς
2711 4374 3127 4445 ἀπερχομένους
3154 4374 3235 4435 εἰς
3270 4370 3494 4440 Ῥώμην
3522 4367 3670 4436 διέρα-

2090 4473 2283 4546 χεσθαι
2316 4471 2404 4526 διὰ
2438 4469 2651 4523 πολλῶν
2683 4467 2854 4520 ἐθνῶν
2875 4505 2890 4530 ,
2925 4463 3234 4534 ἐλάμϐανον
3261 4461 3450 4532 ὥσπερ
3484 4475 3670 4528 παρα-

2092 4567 2322 4636 ϐοηθοὺς
2353 4565 2546 4634 ἐτέρας
2577 4561 2857 4630 γλώσσας,
2885 4559 2984 4630 τὴν
3015 4559 3243 4628 πρώτην
3275 4555 3394 4610 ἀντὶ
3424 4569 3669 4624 χειροτο-

2091 4657 2211 4719 νίας
2235 4656 2470 4726 ἔχοντες.
2493 4653 2824 4722 Εὑρίσκεται
2848 4651 2956 4719 γὰρ
2979 4649 3211 4710 ἕκαστος
3227 4646 3338 4702 τῶν
3354 4642 3670 4700 ἀποστόλων

406 4755 768 4816 acceperunt.
802 4746 1046 4803 Rursum
1075 4739 1230 4812 vero,
1275 4746 1406 4816 quia
1441 4747 1673 4803 Romam
1703 4748 1979 4818 profectu-

2093 4748 2186 4802 καὶ
2218 4745 2496 4815 διαφόροις
2525 4744 2800 4812 γλώσσαις
2833 4739 3035 4806 λαλῶν,
3071 4737 3261 4805 ἐπειδὴ
3297 4734 3392 4789 καὶ
3422 4733 3512 4787 διὰ
3543 4731 3672 4785 πολ-

403 4839 482 4894 ris
514 4855 613 4908 per
645 4837 898 4895 nationes
931 4838 1144 4894 multas.
1186 4837 1293 4894 iter
1351 4837 1674 4894 faciundum
1702 4848 1843 4905 erat,
1899 4841 1986 4895 id—

403 4930 555 4987 circo
589 4931 804 5002 linguas
849 4929 992 4986 alias
1022 4939 1284 4999 tanquam
1336 4930 1721 5000 opitulatrices
1772 4933 1980 5001 prioris

2093 4841 2202 4894 λῶν
2237 4838 2521 4912 παρῄεσαν
2555 4837 2744 4892 ἐθνῶν.
2779 4835 2950 4906 Δῆλον
2982 4834 3042 4901 ἐξ
3077 4826 3151 4888 ὧν
3183 4833 3211 4885 ὁ
3241 4830 3452 4892 Παῦλος
3482 4828 3666 4899 φησιν’

2100 4931 2455 5002 «Εὐχαριστῶ
2481 4929 2560 5000 τῷ
2581 4929 2724 4999 Θεῷ,
2747 4927 2968 4982 πάντων
3001 4925 3156 4996 ὑμῶν
3185 4920 3630 4993 γλώσσαιςλαλῶ.
3646 4938 3664 4972 ι

405 5026 774 5095 accipiebant,
809 5040 936 5080 cum
978 5023 1126 5080 illam
1169 5023 1402 5094 primam
1461 5023 1834 5080 ordinationis
1893 5027 2052 5094 quasi
2091 5027 2215 5081 loco
2258 5027 2548 5082 baberent.
2592 5021 2856 5080 Videmus
2901 5017 3053 5075 enim
3101 5015 3350 5087 singulos
3392 5013 3671 5084 apostolos

403 5118 572 5174 etiam
607 5117 842 5173 diversis
873 5132 1012 5174 usos
1032 5115 1204 5174 fuisse
1229 5116 1458 5188 linguis,
1523 5126 1586 5172 ut
1615 5118 1817 5188 quibus
1851 5119 2015 5176 variae
2055 5119 2310 5174 nationes
2377 5115 2737 5188 peragranda:
2771 5113 3003 5170 fuerint.
3057 5109 3216 5166 Licet
3262 5108 3369 5163 hoc
3413 5105 3482 5161 de
3515 5103 3669 5160 Pauli

404 5213 590 5268 verbis
620 5213 772 5268 hisce
795 5213 1066 5285 colligas:
1105 5212 1251 5284 tAgo
1290 5214 1406 5271 Deo
1437 5230 1562 5272 meo
1587 5213 1817 5285 gratias.
1840 5214 1988 5284 quod
2029 5215 2206 5286 magis
2239 5229 2414 5285 quam.
2429 5221 2676 5268 vestrum
2746 5209 3045 5280 quisquam
3092 5205 3310 5274 linguas
3371 5210 3534 5256 teneo
3571 5213 3670 5269 pe-

404 5303 659 5375 regrinas
675 5303 774 5357 ⁸⁸.»

472 5404 744 5460 (laterum
764 5403 817 5457 id
839 5402 1106 5472 temporis
1123 5403 1290 5458 etiam
1311 5402 1824 5459 divinissimiloelis
1847 5402 1987 5457 vati-

2160 5400 2203 5454 Τ
2206 5400 2295 5452 ὁτε
2321 5397 2410 5468 δὴ,
2435 5397 2558 5450 τότε
2585 5395 2681 5449 καὶ
2707 5395 2742 5463 ἡ
2764 5391 2859 5446 τοῦ
2886 5369 3336 5458 θειοτάτουἿωὴλ
3361 5386 3670 5454 προφητεία

404 5498 555 5555 clnio
588 5497 882 5567 respondit
913 5503 1174 5560 eventus,
1227 5495 1385 5565 cujus
1415 5495 1639 5565 quidem
1695 5497 1813 5551 haec
1855 5504 1979 5552 sunt

2088 5491 2264 5560 πέρας
2299 5487 2604 5558 ἐλάμϐανεν
2637 5487 2670 5555 ἡ
2697 5485 2840 5538 οὕτω
2872 5482 3127 5550 λέγουσα’
3161 5498 3179 5531 t
3204 5477 3411 5547 Ἐκχεῶ
3438 5475 3544 5529 ἀπὸ
3575 5473 3669 5526 τοῦ

406 5587 620 5642 verba:
658 5607 676 5639 ι
719 5585 1055 5641 Perlundam
1114 5599 1240 5639 meo
1305 5583 1518 5655 Spiritu
1580 5600 1798 5640 omnem
1861 5599 1984 5640 car-

2087 5582 2400 5651 πνεύματός
2452 5597 2553 5652 μου
2598 5578 2694 5633 ἐπὶ
2740 5578 2922 5630 πᾶσαν
2967 5573 3171 5644 σάρκα,
3228 5589 3246 5622 ι
3301 5568 3672 5622 πιστεύσασαν

409 5682 658 5746 ιιοιητ⁰,›
696 5679 955 5734 videlicet
987 5678 1329 5735 credentem.
1385 5675 1504 5732 Non
1554 5679 1703 5734 enim
1750 5677 1979 5746 apostoli

2087 5677 2316 5748 δηλαδή.
2353 5674 2432 5732 Οὐ
2484 5674 2643 5746 μόνον
2677 5673 2788 5743 γὰρ
2822 5671 2872 5724 οἱ
2907 5665 3202 5724 ἀπόστολοι
3238 5662 3510 5734 γλώσσαις
3547 5661 3673 5716 ἑλά-

480 5857 523 5890 ‘3
548 5857 670 5914 Act.
706 5874 767 5925 ιι,
798 5859 850 5914 8.
928 5858 1022 5914 ⁸⁸1
1069 5857 1196 5914 Cor.
1250 5871 1360 5922 xw,
1407 5855 1487 5911 18.
1569 5855 1611 5887 ⁷⁰
1638 5855 1753 5910 Jocl
1791 5869 1850 5920 ιι,
1887 5851 1976 5908 9.8.
