4054 6426
329 399 435 464 429

1560 401 1963 464 ANNALIUM
2004 401 2198 462 PARS
2239 399 2351 463 III,

3393 383 3400 386 ’
3469 394 3574 461 430

329 521 488 579 λουν,
520 514 656 568 ἀλλὰ
693 531 783 567 κα.
819 514 1021 578 πάντες
1053 517 1101 568 οἱ
1140 515 1270 588 παρ’
1296 518 1479 571 αὐτῶν
1511 517 1900 589 βαπτιζόμενοι

2029 525 2218 571 autum
2254 513 2456 585 linguis
2487 512 2799 584 peregrinis
2827 511 3224 583 loquebantur,
3275 510 3370 566 sed
3408 510 3580 566 etiam

327 612 388 664 τὸ
418 606 656 662 τοιοῦτον
689 605 930 676 ἐδέχοντο
960 608 1225 677 χάρισμα.
1262 608 1367 664 Καὶ
1399 608 1556 662 τοῦτό
1584 610 1734 662 ἐστιν
1762 611 1898 678 ὅπερ

327 700 357 748 ὁ
395 695 595 766 Κύριος
629 693 808 759 ἔλεγε·
853 713 871 745 ι
903 694 1108 763 Σημεῖα
1129 695 1186 748 δὲ
1219 697 1331 758 τοῖς
1371 695 1695 752 πιστεύσασι
1729 699 1901 751 ταῦτα

335 785 804 857 παρακολουθήσει
829 803 842 816 ·
875 787 933 836 ὲν
964 785 1041 853 τῷ
1071 785 1296 854 ὀνόματί
1325 803 1426 856 μου
1454 787 1708 858 δαιμόνια
1739 789 1901 841 ἐκϐα-

330 876 480 929 λοῦσι.
502 917 516 938 ,
549 873 825 943 γλώσσαις
857 873 1158 943 λαλήσουσι
1191 877 1426 938 καιναῖς.
1467 895 1486 927 ι
1523 877 1634 929 Καὶ
1667 877 1768 945 ὅρα
1801 875 1902 928 δώ-

329 970 460 1020 δεκα
493 969 550 1019 ἐν
587 966 795 1034 Ἐφέσῳ
826 963 1056 1034 ἄνδρας,
1091 965 1166 1027 ὡς
1195 967 1223 1018 ὁ
1253 968 1469 1031 Λουκᾶς
1502 967 1736 1036 ἱστορεῖ,
1771 985 1904 1038 προ-

333 1058 733 1122 ϐαπτισθέντας
788 1057 888 1126 μὲν
935 1053 1015 1118 είς
1061 1057 1119 1109 τὸ
1164 1057 1259 1109 τοῦ
1292 1059 1543 1112 Ἰωάννου
1596 1059 1902 1129 βάπτισμα,

335 1146 558 1212 Πνεῦμα
596 1146 652 1198 δὲ
695 1150 768 1214 μὴ
807 1145 1006 1198 εἰδέναι
1039 1146 1092 1197 τί
1136 1148 1265 1202 ποτέ
1303 1149 1421 1201 ἐστι
1458 1148 1712 1217 λέγοντας
1735 1166 1750 1179 ⁸
1788 1151 1904 1203 ἀλλ’

334 1237 494 1306 ἡνίκα
529 1239 624 1299 τὰς
665 1239 851 1305 χεῖρας
889 1240 916 1290 ὁ
959 1235 1170 1300 Παῦλος
1211 1237 1473 1308 ἐπέθηκε,
1508 1242 1812 1311 τηνικαῦτα
1847 1243 1908 1296 τὸ

332 1328 440 1378 τῶν
491 1325 751 1393 γλωσσῶν
803 1327 1050 1396 ἐδέχοντο
1101 1319 1372 1396 χάρισμα.
1417 1329 1636 1402 Ἐπειδὴ
1688 1332 1797 1401 γὰρ
1847 1332 1908 1385 τὸ

337 1417 561 1484 Πνεῦμα
588 1415 648 1468 τὸ
680 1417 834 1483 ἆγιον
863 1415 1096 1484 ἀόρατον
1124 1411 1221 1486 ἦν,
1252 1417 1360 1471 ἔδει
1390 1419 1605 1481 πάντως
1635 1423 1732 1490 τῆς
1764 1422 1907 1474 ὲκεί-

337 1525 426 1559 νου
463 1508 768 1576 παρουσίας
802 1508 1060 1575 αἰσθητόν
1095 1525 1219 1560 τινα
1253 1508 1504 1577 γίνεσθαι
1537 1511 1794 1582 ἔλεγχον,
1832 1514 1907 1578 ὡς

338 1598 583 1650 ἐντεῦθεν
619 1598 958 1660 ἁδιστάκτως
993 1599 1085 1650 ἐπὶ
1117 1598 1180 1651 τὸ
1219 1599 1362 1654 θεῖον
1401 1601 1623 1672 λουτρὸν
1661 1605 1908 1670 ἅπαντας

2003 609 2186 664 caeteri
2221 621 2436 667 omnes.
2483 614 2757 674 quotquot
2809 604 3232 674 baptizabantur
3296 602 3366 657 ab
3420 600 3582 670 ipsis.

2005 702 2210 756 donum
2241 695 2511 768 ejusmodi
2544 695 3053 764 consequebantur.
3099 693 3280 763 Atque
3307 693 3412 747 hoc
3442 693 3574 755 illud

2003 799 2088 846 est
2115 788 2260 858 quod
2298 788 2562 842 Dominus
2612 786 2754 840 dixit
2802 803 2815 839 :
2859 805 2878 836 ι
2918 787 3084 855 Signa
3138 784 3429 838 credentes
3464 783 3579 836 luce

2007 880 2424 936 comitabuntur
2455 895 2470 932 :
2507 879 2563 932 in
2619 876 2849 932 nomine
2882 890 3006 931 meo
3050 876 3244 946 genios
3275 873 3576 943 expellunt,

2005 981 2061 1028 et
2091 970 2297 1041 linguis
2328 969 2487 1025 novis
2521 966 2911 1034 inusitatisque
2966 963 3383 1034 loquentur“.r
3442 962 3579 1016 Vide

2006 1063 2139 1134 quid
2170 1063 2306 1118 viris
2333 1063 2441 1118 illis
2473 1059 2766 1116 duodecim
2797 1055 3082 1119 acciderit,
3116 1056 3211 1126 qui
3243 1054 3444 1124 Ephesi
3480 1053 3579 1107 de-

2009 1164 2220 1226 gentes,
2251 1163 2312 1211 ut
2345 1155 2524 1210 Lucas
2562 1155 2981 1211 commemorat,
3033 1147 3297 1216 baptisati
3353 1145 3576 1214 quidem

2008 1258 2169 1303 erant
2195 1248 2250 1302 in
2281 1248 2618 1316 baptismum
2645 1241 2901 1304 Joannis,
2931 1239 3177 1293 nondum
3215 1247 3399 1292 tamen
3432 1237 3579 1291 scire

2008 1355 2067 1398 se
2101 1339 2503 1410 proﬁtebantur
2531 1334 2663 1406 quid
2704 1342 2855 1389 esset
2908 1329 3169 1401 Spiritus.
3206 1328 3404 1382 Verum
3435 1337 3583 1395 post-

2007 1443 2238 1500 eaquam
2271 1428 2469 1482 Paulus
2497 1426 2577 1480 eis
2609 1437 2806 1478 manus
2852 1419 3227 1490 imposuisset,
3271 1417 3584 1487 linguarum

2011 1521 2217 1578 donum
2255 1519 2392 1575 illud
2420 1516 2794 1586 accipiebant.
2853 1514 2992 1568 Nam
3024 1511 3153 1582 quia
3188 1509 3434 1580 Spiritus
3459 1523 3583 1562 san-

2011 1622 2132 1669 ctus
2161 1621 2285 1668 erat
2334 1608 2768 1681 inaspectabilis,
2813 1607 2979 1677 227
3023 1594 3317 1676 oportebat
3357 1603 3588 1658 omnino

335 1690 612 1758 ἔρχεσθαι.
646 1690 818 1743 Τοῦτο
853 1690 1042 1759 μέντοι
1073 1691 1135 1744 τὸ
1166 1693 1413 1764 χάρισμα
1443 1695 1660 1766 ἠρέθισε
1694 1701 1789 1750 καὶ
1817 1698 1910 1753 τὸν

340 1781 552 1810 Vin“..-
584 1783 697 1810 μητ-
727 1782 1043 1810 .L---_l\...-
1070 1800 1125 1810 ....
1158 1785 1478 1810 -----Ὶο-ξ-.
1502 1788 1592 1810 ---Α
1625 1790 1669 1810 ,ι
1717 1789 1740 1810 a
1761 1790 1857 1810 3.-“

2026 1705 2216 1762 sensile
2266 1703 2547 1774 quoddam
2597 1709 2986 1772 argumentum
3043 1694 3353 1768 praesentiae
3409 1693 3588 1764 ipsius

2066 1799 2102 1810 υ
2204 1805 2214 1810 -
2284 1795 2320 1810 ο.
2457 1794 2517 1810 n,
2552 1809 2557 1810 ,
2645 1793 2658 1810 I
2694 1790 3047 1810 ,,,9._.2-,_.-_--
3108 1800 3297 1810 ..-η-αι...
3340 1783 3585 1810 ,ιζ-,εηηιυ

339 1782 556 1848 Σίμωνα
584 1783 697 1844 τοῖς
725 1782 1043 1846 ἀποστόλοις
1069 1800 1128 1836 τε
1158 1785 1479 1853 προσελθεῖν
1502 1788 1597 1841 καὶ
1622 1790 1680 1841 τὸ
1714 1789 1910 1859 βάπτι-

2026 1799 2130 1862 edi,
2161 1805 2222 1852 ut
2251 1795 2391 1851 citra
2419 1794 2587 1850 ullam
2645 1790 3050 1848 haesitationem
3103 1800 3300 1842 omnes
3338 1783 3588 1839 divinum

339 1873 814 1978 ipaeitfpaaﬁat
838 1887 853 1902 °
885 1875 932 1926 εί
970 1874 1044 1944 μὴ
1077 1876 1183 1946 γὰρ
1205 1847 1477 1948 ἀἰσθητὴν
1510 1879 1658 1950 ἐώρα
1687 1847 1786 1952 τ’ὴν
1816 1882 1910 1936 τοῦ

2026 1887 2152 1943 illud
2185 1886 2254 1942 ad
2281 1886 2565 1941 lavacrum
2602 1882 2955 1937 accederent.
3008 1877 3124 1932 Hoc
3165 1885 3352 1931 autem
3378 1875 3588 1928 donum

338 1964 652 2030 Πνείιματος
698 1964 951 2034 δύναμιν,
1000 1965 1103 2018 οὐκ
1145 1967 1211 2020 ἂν
1257 1968 1469 2032 ἐκεῖνος
1514 1973 1626 2034 τοῖς
1671 1974 1911 2042 Χριστοῦ

2026 1978 2293 2034 Simonem
2313 1977 2481 2034 etiam
2507 1974 2782 2038 incitavit,
2817 1980 2878 2027 ut
2902 1971 2968 2025 ad
2998 1968 3282 2040 apostolos
3300 1965 3592 2022 accederet

337 2059 681 2124 προσήρχετο
733 2057 1027 2128 μαθηταῖς,
1067 2059 1167 2112 οὐκ
1212 2059 1279 2113 ἂν
1325 2062 1548 2133 ἐπιδεὴς
1590 2066 1772 2119 αὐτῶν
1818 2070 1914 2122 ἐπὶ

2026 2084 2080 2124 ac
2116 2069 2452 2139 baptismum
2477 2066 2786 2137 postularet
2813 2084 2826 2118 :
2858 2063 3067 2132 quippe
3123 2059 3232 2114 nisi
3289 2059 3400 2112 vim
3434 2065 3591 2127 pote-

338 2143 588 2245 τοσοῦτον
617 2145 885 2245 ἐςραίνετο.
920 2148 1029 2200 Καὶ
1063 2148 1186 2202 τότε
1215 2150 1318 2219 μὲν
1344 2153 1394 2204 oi
1425 2152 1814 2225 βαπτιζόμενοι
1845 2163 1914 2232 τῇ

339 2238 432 2288 τοῦ
469 2238 732 2305 παναγίου
770 2240 1086 2307 Ηνεύματος
1121 2243 1468 2315 ἐπιφοιτήσει
1503 2248 1564 2300 τὸ
1595 2250 1704 2303 τῶν
1737 2252 1916 2318 γλωσ-

342 2330 451 2380 σῶν
477 2330 720 2398 ἐδὲχοντο
747 2331 992 2402 χάρισμα
1015 2349 1029 2364 ⁸
1059 2336 1154 2388 ἐπὶ
1178 2335 1234 2388 δέ
1260 2353 1323 2405 γε
1345 2339 1476 2402 τοὺς
1503 2343 1634 2413 περὶ
1655 2343 1746 2397 τὸν
1775 2349 1914 2418 Κορ-

340 2420 523 2490 νήλιον
551 2423 648 2476 καὶ
677 2424 783 2493 πρὸ
811 2424 905 2477 τοῦ
939 2425 1305 2495 βαπτισθῆναι
1334 2431 1572 2486 ἐπέπεσε
1598 2437 1658 2488 τὸ
1689 2437 1914 2509 Πνεῦμα

339 2513 400 2564 τὸ
437 2513 624 2582 ἅγιον,
656 2517 754 2569 καὶ
788 2517 1009 2572 ἐλάλουν
1037 2519 1332 2588 γλώσσαις.
1368 2526 1468 2580 Διὰ
1496 2527 1549 2580 τί
1585 2529 1643 2582 δὲ
1676 2533 1772 2584 καὶ
1807 2535 1914 2602 πρὸ

341 2602 436 2655 τοῦ
467 2603 834 2676 βαπτισθῆναι
861 2607 962 2680 τὴν
990 2610 1084 2664 τοῦ
1116 2615 1382 2682 παναγίου
1416 2619 1730 2690 Πνεύματος
1760 2624 1913 2695 ὲνέρ-

343 2712 497 2762 γειαν
535 2697 812 2768 ὲδέχοντος
856 2701 943 2755 διὰ
979 2702 1080 2771 τὴν
1118 2703 1319 2773 πολλὴν
1355 2709 1466 2763 τῶν
1506 2710 1572 2764 ἐκ
1615 2717 1924 2786 περιτομῆς

345 2789 749 2845 πιστευσάντων
788 2792 1085 2862 διάκρισιν.
1127 2797 1471 2869 Διεκρίνοντο
1512 2803 1620 2874 γὰρ
1661 2797 1804 2859 οὗτοι
1848 2808 1922 2879 μὴ

347 2879 594 3022 θέλοιότες
646 2884 742 2936 καὶ
793 2884 1220 2958 βαπτιζομένοις
1271 2893 1385 2956 τοῖς
1433 2892 1670 2960 ὲθνικοϊς
1722 2898 1924 2969 ἀναμί-

347 2985 482 3022 γνυσ
520 2988 600 3022 αι.

347 2985 600 3036 γνυσυαι.

2015 2169 2325 2230 statemque
2345 2157 2588 2229 Spiritus
2615 2153 3008 2222 aspectabilem
3028 2151 3282 2216 vidisset,
3296 2149 3365 2204 ad
3386 2148 3593 2204 Christi

2019 2251 2322 2322 discipulos
2350 2266 2463 2306 non
2501 2249 2850 2312 accessisset,
2898 2260 3002 2300 nec
3054 2259 3116 2300 se
3170 2243 3414 2313 ipsorum
3444 2241 3597 2296 indi-

2022 2362 2152 2418 gere
2183 2360 2350 2415 opera
2384 2351 2652 2414 putasset.
2680 2341 2758 2396 Ac
2793 2350 2925 2394 tunc
2955 2352 3089 2394 sane
3112 2337 3207 2407 qui
3231 2334 3597 2406 baptizaban-

2025 2447 2136 2500 tur,
2175 2435 2386 2490 donum
2416 2433 2729 2504 linguarum
2761 2430 3109 2500 accipiebant
3130 2443 3238 2491 una
3263 2441 3389 2482 eum
3417 2425 3596 2496 Spiri-

2023 2538 2114 2584 tus
2147 2527 2324 2584 sancti
2350 2525 2720 2582 immissione.
2748 2524 2817 2578 At
2853 2521 2910 2576 in
2939 2535 3037 2577 eos
3063 2519 3158 2590 qui
3183 2533 3308 2574 cum
3336 2517 3597 2574 Cornelio

2021 2627 2206 2684 erant,
2235 2619 2381 2674 idem
2410 2617 2653 2687 Spiritus
2685 2623 2916 2670 sanctus
2958 2613 3132 2669 etiam
3177 2610 3385 2666 decidit
3433 2617 3597 2664 ante-

2021 2728 2186 2784 quam
2221 2712 2661 2781 baptizarentur,
2693 2708 2991 2777 itidemque
3014 2703 3219 2775 linguis
3247 2711 3378 2757 ante
3414 2701 3598 2770 bapti-

2022 2817 2203 2859 smum
2240 2800 2477 2856 diversis
2506 2797 2903 2868 loquebantur.
2935 2795 3048 2851 Cur
3082 2793 3160 2860 hi,
3189 2806 3399 2862 quaeso,
3442 2790 3602 2858 prius

2022 2904 2192 2953 etiam
2218 2895 2395 2954 sancti
2437 2892 2680 2964 Spiritus
2741 2887 3128 2946 eﬂicacitatem
3158 2882 3600 2954 experiebantur

2022 3003 2188 3064 quam
2260 2983 2728 3058 baptizarentur?
2777 2983 3012 3052 Propter
3066 2977 3301 3034 nimium
3357 2974 3598 3044 superba

348 3061 559 3118 scilicet
591 3078 783 3119 eorum
836 3068 1172 3139 praeiudicia,
1230 3073 1324 3142 qui
1381 3083 1543 3132 antea
1606 3077 1923 3140 circumcisi
1963 3061 2341 3140 crediderant.
2407 3081 2624 3136 Etenim
2661 3077 2739 3132 illi
2769 3089 2828 3131 se
2884 3073 2955 3130 ab
2979 3072 3105 3129 aliis
3130 3069 3516 3142 segregabam,
3544 3077 3602 3120 et

351 3172 418 3211 ne
451 3173 576 3211 cum
615 3159 899 3229 baptizatis
927 3163 1154 3233 quidem
1205 3167 1447 3231 ethnicis
1487 3177 1789 3249 quidquam
1818 3179 2022 3237 habere
2049 3178 2368 3237 commercii
2407 3175 2690 3231 volebant.
3545 3196 3550 3201 ·

421 3249 548 3306 Οἶδα
649 3293 667 3349 τ
695 3257 979 3328 ἀγαπητὲ,
1006 3260 1088 3314 ὅτι
1116 3264 1210 3320 καὶ
1233 3268 1326 3324 τὸν
1350 3274 1541 3344 καιρὸν
1564 3273 1797 3349 suam
1829 3293 1922 3347 μα-

2104 3275 2376 3331 Praeterea
2398 3286 2508 3329 non
2536 3270 2754 3342 ignoro,
2784 3265 2981 3323 dilecte
3007 3263 3106 3327 ﬁli,
3143 3274 3346 3331 cupere
3369 3267 3421 3313 te
3462 3257 3600 3312 illud

351 3347 464 3398 θεῖν
495 3347 616 3400 καθ’
639 3347 698 3400 ὃν
728 3351 761 3418 ὴ
791 3349 885 3403 τοῦ
925 3359 1194 3428 μακαρίου
1232 3362 1448 3418 Παύλου
1485 3363 1677 3435 γέγονε
1710 3347 1925 3440 κλῆσις.

354 3441 462 3492 Καὶ
495 3441 637 3494 κατὰ
669 3444 820 3512 τινὰς
859 3445 958 3520 μὲν
993 3452 1327 3522 ἱστορικοὺς,
1364 3458 1461 3510 καὶ⁷
1497 3459 1700 3526 μᾶλλον
1737 3459 1926 3516 ἰππὸι

354 3529 511 3584 λυτον
536 3534 628 3589 τὸν
650 3531 918 3608 θηὸαῐον,
949 3542 1188 3596 ἐνιαυτοὶ
1217 3544 1432 3616 διῆλθον
1463 3549 1509 3613 ζ’
1540 3553 1678 3619 μετὰ
1704 3553 1808 3623 τὴν
1833 3551 1927 3606 τοῦ

355 3624 564 3698 Κυρίου
608 3633 672 3684 ὲκ
710 3635 920 3704 νεκρῶν
959 3635 1283 3705 ἀνάστασιν,
1322 3642 1416 3694 καὶ
1457 3645 1486 3696 ὁ
1527 3647 1930 3716 πρωτομάρτυς

355 3719 623 3789 Στέφανος
648 3725 709 3777 τὸ
741 3726 1014 3797 μακάριον
1042 3729 1193 3793 τέλος
1220 3731 1440 3797 ἐδέξατο
1460 3745 1478 3765 ⁸
1510 3735 1649 3804 μετὰ
1675 3735 1731 3790 δὲ
1756 3736 1932 3791 ταῦτα

353 3811 488 3864 ὡσεὶ
531 3817 702 3885 μῆνες
745 3817 959 3887 διῆλθον
998 3819 1078 3886 ἓξ,
1121 3823 1219 3875 καὶ
1259 3824 1292 3894 ἡ
1337 3825 1432 3878 τοῦ
1478 3825 1693 3881 Παύλου
1741 3828 1931 3896 γέγονε

355 3904 568 3974 κλῆσις.
595 3907 734 3961 Ἀλλ’
755 3911 789 3978 ἡ
822 3911 1086 3964 Εὑσεδίου
1111 3913 1206 3967 τοῦ
1237 3917 1524 3984 Παμφίλου
1555 3919 1764 3990 ἱστορία
1793 3919 1934 3984 ais:-

355 4015 493 4050 εισιν
538 4000 614 4062 ὡς
651 3999 806 4054 οὔπω
853 3997 935 4066 εἷς
973 4006 1226 4069 ἐνιαυτὸς
1259 4008 1626 4079 ἐπεπλήρωτο
1661 4010 1802 4078 μετὰ
1833 4011 1932 4081 τὴν

355 4092 420 4141 ὲκ
451 4093 657 4160 νεκρῶν
687 4093 781 4146 τοῦ
817 4096 1025 4166 Κυρίου
1053 4099 1358 4154 ἀνάστασιν
1378 4142 1392 4166 ,
1427 4103 1522 4155 καί⁵
1550 4103 1724 4156 ταῦτα
1752 4105 1932 4157 πάντα

355 4181 603 4246 ἐγένετο,
638 4183 689 4234 οἱ
725 4178 878 4237 ἆθλοί
913 4197 972 4238 τε
1004 4187 1100 4240 τοῦ
1138 4192 1609 4262 πρωτομάρτυρος
1644 4194 1739 4246 καὶ
1771 4194 1806 4263 ἡ
1836 4194 1930 4247 τοῦ

357 4273 637 4343 μακαρίου
689 4277 906 4330 Παύλου
955 4280 1335 4348 προσέλευσις.
1377 4283 1518 4336 Ἀλλ’
1545 4281 1615 4356 ἦν
1665 4285 1798 4340 ἰδεῖν
1844 4287 1933 4338 ἐπ’

352 4363 504 4432 αὑτῴ
554 4365 857 4434 τηνικαῦτα
904 4369 1283 4441 πληρούμενον
1328 4375 1390 4427 τὸ
1435 4375 1616 4439 λόγιον
1646 4377 1709 4430 τὺ
1740 4377 1933 4446 λέγον·

362 4475 381 4506 ι
423 4457 532 4510 Ποῦ
565 4457 818 4525 ὑπάγεις,
849 4454 996 4524 οἶδας
1019 4479 1036 4495 ⁸
1071 4464 1122 4516 τί
1151 4465 1208 4517 δὲ
1241 4465 1454 4535 μέλλεις
1487 4469 1698 4534 παθεῖν,
1729 4471 1829 4524 οὐκ
1857 4467 1935 4524 οἷ-

354 4547 470 4608 δας.
523 4568 541 4600 ι
585 4551 902 4616 Ἐπιστολάς
947 4556 1057 4626 γὰρ
1103 4557 1214 4610 ἀπὸ
1255 4556 1364 4612 τῶν
1407 4562 1710 4632 ἀρχιερέων
1750 4563 1934 4618 λαϐὼν

355 4641 499 4694 ὥστε
535 4642 791 4696 ἀπελθεῖν
825 4645 921 4698 καὶ
948 4646 1076 4711 τοὺς
1107 4649 1447 4719 ὁπουδήποτε
1481 4657 1932 4724 παρευρισκομέ-

357 4747 480 4792 νους
523 4730 890 4799 Χριστιανοὺς
936 4737 1205 4808 ἀναιρεῖν,
1247 4738 1519 4808 πηροῦται
1560 4745 1685 4805 τοὺς
1725 4743 1930 4812 ὀφθαλο

362 4821 494 4889 μους
547 4821 713 4874 αὐτοῦ
766 4823 887 4877 καθ’
917 4824 1034 4879 ὀδόν
1063 4842 1078 4857 ⁸
1131 4829 1513 4899 περιήστραψε
1563 4831 1672 4900 γὰρ
1720 4833 1929 4887 ἀνωθεν

357 4912 522 4964 αὑτ³›ν
551 4913 792 4982 ἄρρητον
819 4916 968 4984 φῶς,
999 4917 1098 4986 καὶ
1132 4918 1306 4982 οὕτως
1337 4922 1388 4974 oi
1417 4921 1512 4976 τοῦ
1548 4922 1801 4993 σώματος
1835 4927 1934 4978 αύ-

359 5001 455 5054 τοῦ
480 5002 1030 5078 λύχνοιπαραχρῆμα
1055 5009 1414 5080 ἐσϐέσθησαν.
1448 5013 1608 5068 Ἀλλὰ
1631 5017 1728 5070 καὶ
1750 5018 1934 5087 φωνῆς

360 5093 566 5148 ἄνωθεν
596 5095 796 5165 ἤκουσε
832 5098 972 5168 πρὸς
993 5099 1158 5152 αὐτὸν
1185 5099 1330 5156 οὕτω
1361 5101 1648 5176 λεγούσης·
1693 5124 1713 5158 r
1741 5108 1933 5173 Σαοὺλ,

362 5186 535 5239 Σαοὺλ
563 5205 584 5239 ι
611 5189 909 5255 (τουτέστιν
930 5191 1145 5259 ἀδελφὲ,
1167 5194 1411 5264 ἀδελφὲ),
1442 5197 1524 5251 «τί
1548 5215 1616 5268 με
1635 5199 1880 5268 διώκεις;
1911 5219 1930 5252 ›

365 5277 648 5355 Στέλλεται
675 5278 861 5333 λοιπὸν
888 5281 1020 5350 πρὸς
1053 5282 1330 5348 Ἀνανίαν,
1353 5291 1448 5339 καὶ
1477 5287 1766 5360 βάπτισμα
1790 5291 1937 5362 δέχε-

365 5385 451 5420 ται
470 5407 484 5431 ,
519 5367 813 5422 κάντεῦθεν
844 5372 1139 5438 φωτίζεται
1170 5375 1298 5438 τούς
1325 5393 1384 5429 τε
1413 5377 1681 5449 ψυχικοὺς
1709 5384 1805 5436 καὶ
1834 5399 1939 5436 σω-

369 5461 630 5527 ματικοὺς
664 5461 1001 5530 ὀφθαλμούς.
1038 5464 1317 5534 Κηρύσσει
1351 5469 1537 5523 λοιπὸν
1567 5473 1595 5524 ὁ
1629 5471 1937 5542 πάμμεγας

371 5555 576 5618 Παῦλος
605 5556 702 5625 ἐτη
731 5553 825 5610 λε’.
846 5557 935 5609 Ἐν
962 5558 1069 5627 γὰρ
1098 5558 1176 5628 τῷ
1206 5557 1416 5630 δεκάτῳ
1440 5562 1615 5633 ὀγδόῳ
1641 5563 1752 5617 ἔτει
1776 5565 1938 5617 Τιϐε-

374 5646 486 5714 ρίου
531 5647 804 5716 Καίσαρος
835 5647 893 5699 τὸ
935 5649 1202 5720 σωτήριον
1236 5649 1406 5716 πάθος
1443 5653 1637 5724 γέγονε
1666 5654 1759 5710 τοῦ
1801 5654 1941 5727 Χρι-

445 5833 482 5863 "-
520 5833 688 5888 Marc.
722 5849 828 5888 xw.
874 5834 920 5887 l.
988 5835 1064 5866 ⁷¹⁶
1105 5835 1226 5890 Act.
1263 5815 1337 5895 Ix;
1372 5837 1424 5890 ὦ.

2030 3369 2196 3424 etiam
2222 3377 2441 3436 tempus
2469 3377 2634 3419 nosse
2658 3375 2769 3432 quo
2803 3358 3002 3415 beatus
3032 3355 3126 3412 ille
3147 3353 3352 3410 Paulus
3377 3357 3605 3429 vocatus

2029 3461 2218 3516 fuerit.
2257 3460 2329 3515 De
2353 3457 2747 3513 nonnullorum
2783 3451 3005 3521 quidem
3039 3445 3435 3502 historicorum
3474 3456 3573 3496 seu
3604 3471 3607 3475 -

2032 3553 2224 3617 tentia,
2264 3550 2570 3620 praesertim
2607 3543 2885 3615 llippolyti
2911 3537 3184 3602 Thebani,
3218 3544 3344 3605 post
3388 3531 3607 3588 Domini

2030 3661 2098 3700 ex
2123 3643 2355 3698 mortuis
2390 3637 2860 3694 resurrectionem
2893 3631 3026 3686 anni
3051 3637 3265 3698 septem
3305 3623 3601 3695 praeterie-

2030 3740 2173 3796 rant,
2202 3745 2326 3786 cum
2351 3728 2572 3784 testium
2603 3722 2855 3780 veritatis
2878 3719 3138 3790 princeps
3167 3717 3259 3770 ille
3288 3715 3605 3783 Stephanus

2031 3825 2256 3881 beatum
2290 3822 2416 3877 vitae
2443 3819 2608 3876 ﬁnem
2637 3824 2724 3872 est
2745 3820 3112 3878 consecutus;
3164 3809 3234 3864 ab
3274 3807 3392 3877 ejus
3420 3815 3606 3860 autem

2032 3925 2210 3972 morte
2258 3914 2544 3970 mensibus
2592 3922 2766 3980 prope
2813 3921 2910 3962 sex
2947 3903 3151 3974 elapsis
3197 3900 3353 3956 Pauli
3390 3897 3612 3952 vocatio

2035 4009 2177 4065 iacta
2235 4018 2342 4061 est.
2401 4002 2608 4059 Verum
2662 3997 2888 4054 Eusebii
2944 3993 3217 4065 Pamphili
3272 3990 3368 4044 ﬁlii
3421 3997 3611 4043 narrat

2033 4099 2269 4155 historia
2298 4096 2545 4152 nondum
2598 4090 2878 4147 aDomini
2934 4085 3348 4144 resurrectione
3405 4096 3610 4136 annum

2037 4203 2209 4244 unutn
2233 4195 2492 4243 exactum
2527 4183 2720 4247 fuisse,
2745 4196 2870 4237 cum
2909 4180 3025 4235 haec
3055 4175 3238 4232 omnia
3265 4172 3484 4235 ﬁerent,
3523 4170 3611 4223 ni-

2036 4281 2238 4335 mirum
2290 4275 2557 4348 principis
2607 4274 2759 4329 illius
2827 4270 2984 4326 testis
3023 4267 3326 4324 certamina
3356 4263 3615 4332 beatique

2038 4371 2190 4427 Pauli
2219 4371 2288 4425 ad
2317 4369 2481 4424 ﬁdem
2511 4365 2780 4422 accessio.
2803 4363 2939 4417 Erat
2977 4368 3162 4416 autem
3221 4359 3277 4412 in
3331 4373 3398 4412 eo
3424 4355 3616 4410 videre

2039 4461 2229 4533 perﬁci
2256 4469 2370 4516 tum
2403 4457 2672 4527 temporis
2697 4454 2988 4510 oraculum
3040 4443 3330 4518 hoc,‘quo
3361 4446 3566 4500 dicitur
3595 4463 3608 4497 :

2045 4553 2230 4609 «Nosti
2257 4568 2370 4623 quo
2416 4564 2637 4621 pergas,
2694 4546 2761 4602 ad
2795 4545 2926 4615 quid
2982 4550 3309 4601 eventurum
3369 4538 3470 4593 tibi
3518 4537 3609 4599 sit,

2039 4647 2318 4718 ignoras.»
2360 4644 2578 4700 Etenim
2609 4655 2734 4697 cum
2769 4639 2986 4694 litteras
3016 4651 3048 4690 a
3077 4631 3435 4704 pontiﬁcibus
3455 4645 3614 4683 accc-

2042 4740 2235 4809 pisset,
2271 4745 2334 4790 ut
2354 4734 2637 4805 profectus
2675 4731 2730 4786 in
2761 4730 2866 4785 alia
2892 4730 3012 4784 loca
3047 4725 3228 4781 ubivis
3250 4722 3496 4793 gentium
3522 4721 3619 4773 d0-

2041 4830 2348 4900 prehensos
2381 4825 2730 4881 Christianos
2780 4837 2811 4876 e
2862 4818 3048 4898 medio
3093 4816 3330 4877 tolleret,
3386 4813 3506 4882 ipso
3561 4811 3615 4864 in

2040 4922 2242 4977 itinere
2271 4933 2404 4974 suos
2429 4916 2621 4973 oculos
2649 4913 2874 4969 amittit.
2915 4911 3054 4966 Nam
3090 4909 3186 4963 lux
3233 4905 3485 4977 quaedam
3533 4903 3617 4956 in-

2039 5011 2384 5084 eXplicabilis
2409 5024 2538 5064 eum
2577 5007 2798 5064 coalitus
2828 5001 3220 5066 circummisit,
3265 5015 3376 5068 quo
3409 4998 3613 5052 factum

2044 5114 2106 5159 ut
2139 5100 2392 5172 corporis
2421 5099 2594 5170 ipsius
2626 5098 2773 5152 faces
2799 5095 3069 5150 continuo
3102 5092 3616 5160 exstinguerentur.

2043 5195 2314 5250 Praeterea
2342 5207 2533 5246 vocem
2609 5205 2642 5246 e
2673 5188 2901 5246 sublimi
2940 5202 2999 5242 se
3051 5185 3474 5255 compellantcm
3536 5183 3647 5235 his'

2042 5287 2226 5342 verbis
2252 5284 2500 5341 audivit:
2548 5269 2988 5347 «Saule,°Saulc,
3023 5279 3155 5349 quid
3199 5294 3286 5333 me
3322 5290 3622 5349 perseque-

2045 5378 2184 5434 ris“
2208 5379 2297 5432 ‘?i
2328 5376 2470 5431 Hinc
2498 5374 2568 5429 ad
2607 5373 2873 5429 Ananiam
2916 5371 3243 5437 remittitur,
3285 5367 3622 5440 baptismum

2046 5471 2296 5540 recepit;
2331 5468 2477 5524 oculi
2511 5467 2634 5534 ejus
2657 5475 2765 5520 tam
2791 5465 3057 5520 animales
3089 5477 3255 5534 quam
3299 5456 3620 5530 corporales

2047 5563 2480 5627 collustrantur;
2520 5560 2763 5628 denique
2792 5559 2876 5612 vir
2897 5557 3137 5612 eximius
3165 5556 3234 5610 ab
3269 5571 3334 5608 eo
3371 5561 3620 5619 tempore

2047 5656 2178 5712 totis
2208 5655 2277 5710 55
2310 5654 2470 5710 annis
2498 5651 2904 5724 praedicationis
2928 5663 3160 5706 munere
3193 5647 3459 5716 fungitur.
3484 5640 3627 5696 Nam
