4054 6418
408 377 528 439 831.

1681 390 2102 453 ΜιιιιιΑΕΙΛδ
2141 397 2402 460 GLYC/E

3547 403 3650 465 4.32

405 492 629 546 ‘dccinto
670 503 723 547 et
752 505 945 550 octavo
978 496 1183 553 Tiberii
1228 498 1457 554 Caesaris
1498 517 1644 556 anno
1692 503 1974 558 salutifera

2083 511 2227 564 στοῦ.
2259 511 2426 566 Οὔπω
2454 514 2514 566 τὸ
2542 515 2779 567 τοιοῦτον
2812 521 2882 584 ιη’
2907 500 3022 576 ἔτος
3055 512 3429 583 πεπλήρωται,
3463 514 3556 566 καὶ
3583 517 3652 567 τὰ

407 584 609 640 Christi
645 588 827 655 passio
859 589 1106 657 contigit.
1169 590 1216 644 Is
1245 607 1374 645 vero
1407 593 1473 647 18
1503 609 1680 650 annus
1734 596 1975 650 nondum

409 687 634 730 rxactus
661 690 801 741 erat,
831 693 960 732 cum
987 692 1422 736 commemorata
1460 685 1729 742 hactenus
1763 689 1980 743 accide-

410 775 553 818 runt.
595 767 1001 822 Ubi-manuus
1035 770 1248 825 Tiberii
1293 772 1524 828 Cmsaris
1584 791 1810 832 currere
1867 795 1979 835 coe-

409 856 596 921 pisset,
629 857 830 910 Paulus
864 857 1082 911 initium
1118 859 1459 928 praadicandi
1517 863 1664 930 facit,
1707 868 1976 935 quemad-

407 947 626 1000 modum
670 948 784 1016 ipsa
817 949 1046 1003 historia
1083 951 1445 1008 demonstrat.
1481 955 1823 1012 Praetereunt
1847 959 1978 1014 hinc

407 1038 622 1106 imperii
655 1039 860 1094 Tiberii
887 1041 1052 1112 228
1067 1042 1302 1098 Caesaris
1317 1053 1556 1114 quatuor
1585 1049 1714 1102 anni
1739 1049 1938 1120 reliqui
1962 1067 1976 1115 ;

409 1145 533 1182 nam
564 1131 636 1184 29.
662 1147 839 1186 annos
871 1133 924 1186 in
971 1133 1290 1189 universum
1324 1136 1581 1193 Tiberius
1614 1154 1800 1194 rerum
1831 1143 1976 1210 poti-

361 1299 363 1302 β
410 1234 499 1274 tus
527 1238 648 1277 esse
676 1226 970 1293 reperitur.
1000 1225 1377 1282 Consimiliter
1409 1230 1621 1296 imperii
1658 1233 1771 1286 (Iaii
1802 1231 1977 1288 Cwsa-

413 1313 487 1366 ris
516 1325 755 1382 quatuor
786 1317 916 1371 anni
943 1318 1260 1382 elabuntur,
1323 1321 1566 1391 itemque
1599 1323 1810 1378 Claudii
1851 1341 1976 1394 pro-

410 1403 702 1469 pemodum
739 1405 801 1458 H
835 1407 986 1460 anni.
1020 1406 1161 1461 Huic
1188 1409 1239 1462 in
1262 1409 1494 1478 imperio
1521 1413 1975 1478 successitNero,

407 1502 500 1562 qui
532 1510 677 1550 anno
708 1498 860 1562 regni
893 1497 976 1576 sui
1024 1499 1088 1553 i5
1129 1501 1355 1554 Paulum
1384 1503 1678 1559 interfecit.
1729 1505 1979 1576 Quapro-

409 1598 528 1653 pter
556 1588 683 1641 anni
717 1603 838 1643 esse
884 1575 1104 1658 triginta
1157 1591 1402 1663 quinque
1462 1575 1975 1664 deprehenduntur,

407 1693 548 1744 quos
581 1680 633 1732 in
676 1681 1066 1748 praedicatione
1097 1683 1300 1738 Paulus
1357 1689 1621 1755 exegerit.
1686 1688 1820 1742 Tam
1854 1689 1978 1744 dili-

406 1781 596 1836 genter
621 1781 804 1825 autem
835 1773 1204 1829 ministerium
1237 1791 1398 1832 suum
1457 1777 1667 1845 obibat,
1727 1788 1786 1834 ut
1816 1781 1974 1836 Jaco-

411 1864 535 1914 Iium
568 1876 790 1932 quoque
830 1863 1050 1920 Domini
1080 1865 1305 1922 fratrem
1347 1870 1692 1936 conveniret,
1744 1872 1976 1942 ejusque
2014 1840 2054 1896 Β

405 1953 696 2008 consilium
727 1955 1048 2025 exploraret
1091 1973 1221 2013 nunt
1271 1973 1330 2014 se
1369 1961 1596 2016 tondere
1632 1977 1694 2016 ac
1736 1963 1976 2020 lustrare

405 2044 719 2100 Judaaorum
751 2062 916 2103 causa
940 2049 1186 2106 deberet.

482 2137 577 2193 llic
636 2139 880 2196 Jacobtts
935 2142 1150 2211 primus
1201 2143 1706 2216 Hierosolymorum
1735 2149 1978 2218 pontifex

411 2232 532 2297 fuit,
566 2232 815 2290 delectus
840 2235 906 2289 ad
936 2236 1040 2292 hoc
1067 2239 1335 2305 muneris,
1361 2256 1428 2295 ne
1448 2243 1641 2295 Petrus
1669 2252 1723 2298 et
1741 2243 1980 2299 Joannes

410 2335 465 2378 et
503 2326 739 2380 Iacobus
769 2327 958 2395 gloriae
1016 2343 1180 2383 causa
1236 2331 1657 2398 contenderent,
1717 2336 1978 2402 quemad-

412 2414 636 2468 modum
667 2415 922 2472 Clemens
962 2416 1051 2470 ille
1087 2417 1432 2474 Stromatens
1473 2422 1756 2476 memOria?
1786 2425 1978 2492 prodi-

411 2508 514 2562 dit.
550 2507 813 2562 Eumdem
853 2509 1122 2564 Iacobum
1180 2519 1236 2565 et
1278 2513 1487 2582 justum
1543 2513 1759 2570 virtutis
1813 2531 1979 2573 causa

419 2600 834 2669 nuncupabant.
864 2600 1073 2670 Estque
1099 2601 1189 2656 ille
1224 2602 1338 2671 ipsc
1367 2603 1458 2672 qui
1488 2603 1556 2658 de
1593 2605 1777 2676 templi
1797 2607 1981 2676 pinnis

413 2691 784 2761 praecipitatus
834 2700 942 2758 est,
991 2700 1048 2746 et
1094 2693 1358 2747 afullone
1409 2695 1556 2766 ligno
1608 2698 1844 2766 quodam
1906 2703 1980 2756 ita

413 2784 781 2853 percussusin
815 2794 982 2854 caput
1011 2795 1072 2839 ut
1116 2795 1447 2840 moreretur.
1511 2788 1726 2843 Etenim
1780 2791 1978 2858 Judaei,

412 2890 536 2930 cum
569 2875 635 2929 ad
668 2875 938 2931 Cazsarem
975 2875 1180 2931 Paulus
1203 2887 1556 2945 provocasset
1601 2888 1656 2933 et
1702 2880 1770 2934 ad
1803 2881 1982 2936 Causa-

413 2988 529 3027 rem
563 2970 773 3026 aFesto
806 2980 1040 3041 praetore
1072 2971 1274 3026 missus
1309 2982 1475 3038 esset,
1536 2988 1632 3042 spe
1702 2989 1799 3028 sua
1859 2976 1978 3029 fru-

411 3063 570 3119 strati
602 3071 828 3133 prepter
848 3078 1012 3132 quam
1043 3062 1271 3118 insidias
1299 3064 1350 3118 ei
1380 3073 1716 3130 struxerant,
1743 3069 1807 3122 ad
1833 3068 1980 3122 hunc

2082 599 2445 669 διαληφθέντα
2471 605 2769 673 τηνικαῦτα
2802 607 3080 673 γεγόνασι.
3107 605 3336 675 Τρέχειν
3364 605 3566 674 ἤρξατο
3592 609 3653 659 τὸ

2083 691 2146 742 ιθ¹
2171 691 2289 754 έτος
2319 694 2422 764 τῆς
2458 697 2735 765 βασιλείας
2769 698 3026 767 Τιϐερίου
3064 699 3345 767 Καίσαρος
3367 739 3382 762 ,
3419 699 3514 752 καὶ
3549 716 3649 764 κη·
3749 733 3752 736 «

2082 780 2305 850 ρύσσειν
2339 787 2367 837 6
2407 787 2617 850 Παῦλος
2659 787 2908 856 ἄρχεται,
2939 789 3013 852 ὡς
3053 788 3264 858 ἱστορία
3306 789 3458 857 φησί.
3494 791 3649 859 Διέρ·

2080 890 2266 942 χονται
2293 877 2472 930 τοίνυν
2497 877 2588 947 ἔτη
2617 877 2658 931 δ’
2680 877 2748 932 τὰ
2773 880 3032 934 ἐπίλοιπα
3057 879 3156 948 τῆς
3187 879 3461 947 βασιλείας
3487 883 3651 935 Τιϐε-

2084 966 2202 1034 ρίου
2223 982 2237 998 ο
2265 967 2358 1020 καὶ
2384 969 2453 1034 γὰ
2464 985 2493 1036 ρ
2519 970 2690 1022 είκοσι
2713 969 2806 1022 καὶ
2830 969 2924 1022 δύο
2949 970 3042 1040 ἐτη
3068 970 3138 1023 τὰ
3164 971 3341 1024 πάντα
3367 972 3652 1041 κρατήσας

2083 1052 2420 1120 εὑρίσκεται.
2455 1057 2772 1126 Διέρχονται
2807 1059 2863 1111 δέ
2897 1059 3098 1128 ὁμοίως
3133 1061 3226 1114 καὶ
3260 1062 3326 1115 τὰ
3360 1061 3456 1130 τῆς
3493 1061 3650 1131 βασι-

2081 1142 2231 1207 λείας
2261 1146 2422 1198 Γαΐου
2453 1147 2546 1215 ἔτη
2577 1145 2640 1213 δ’,
2669 1150 2763 1202 καὶ
2793 1150 3064 1204 Κλαυδίου
3094 1152 3151 1204 δὲ
3176 1151 3378 1220 ὁμοίως
3405 1153 3619 1224 διέρχον
3639 1183 3652 1193 ο

2081 1255 2173 1292 ται
2200 1240 2294 1308 ἐτη
2323 1241 2455 1296 ὡσεὶ
2487 1241 2571 1298 ιδ’.
2601 1243 2802 1296 Τοῦτον
2825 1246 2853 1296 ὁ
2879 1244 3070 1314 Νέρων
3100 1244 3422 1315 διαδέχεται,
3453 1248 3545 1299 καὶ
3577 1247 3653 1316 τῷ

2083 1336 2150 1397 ιγ’
2175 1330 2284 1384 ἔτει
2316 1333 2416 1401 τῆς
2449 1332 2616 1386 αὐτοῦ
2655 1333 2932 1403 βασιλείας
2953 1335 3165 1403 ἀναιρεῖ
3193 1335 3284 1388 τὸν
3304 1336 3648 1390 Ἀπόστολον.

2082 1422 2390 1490 Τριάκοντα
2427 1425 2610 1478 λοιπὸν
2653 1426 2747 1479 καὶ
2784 1424 2947 1479 πέντε
2987 1426 3329 1494 εὑρίσκονται
3366 1429 3434 1480 τὰ
3467 1427 3559 1495 ἔτη
3596 1428 3656 1480 ἐν

2081 1507 2160 1575 οἷς
2205 1515 2232 1566 6
2279 1513 2491 1578 Παῦλος
2537 1514 2795 1585 ἐκήρυξε.
2837 1515 3102 1570 Τοσοῦτον
3139 1517 3194 1569 δὲ
3234 1517 3301 1570 τὰ
3345 1517 3442 1586 τῆς
3487 1516 3654 1571 αὑτοῦ

2085 1602 2490 1673 μετεχειρίζετο
2525 1604 2836 1668 διακονίας,
2868 1603 2943 1667 ὡς
2977 1604 3072 1658 καὶ
3107 1605 3244 1674 πρὸς
3279 1605 3534 1658 Ἰάκωϐον
3566 1605 3656 1658 τὸν

2082 1694 2403 1763 ἀδελφόθεον
2442 1695 2705 1749 εἰσελθεῖν
2743 1695 2839 1749 καὶ
2883 1695 3191 1767 συμϐουλὴν
3228 1697 3286 1762 ἐξ
3327 1697 3534 1750 ἐκείνου
3574 1697 3658 1750 δέ-

2083 1788 2276 1853 ξασθαι
2335 1787 2640 1858 ξυρηθῆναι
2695 1788 2790 1842 καὶ
2845 1787 3168 1858 ἀγνισθῆναι
3224 1787 3335 1842 τῶν
3388 1787 3658 1841 Ἰουδαίων

2081 1881 2288 1934 ἕνεκεν.

2153 2141 2320 2210 Οὗτος
2349 2148 2376 2201 6
2410 2144 2669 2207 Ἰάκωϐος
2700 2145 2992 2216 ἀρχιερεὺς
3021 2143 3411 2214 Ἰεροσολύμων
3437 2145 3656 2216 πρῶτος

2080 2239 2421 2310 ἐχρημάτισε
2447 2255 2461 2270 ·
2495 2237 2812 2308 προείλοντο
2842 2237 2951 2307 γὰρ
2979 2235 3142 2290 αύτδν
3170 2235 3309 2290 ὥστε
3343 2237 3417 2306 μὴ
3448 2237 3654 2307 Πέτρον

2081 2332 2178 2386 καὶ¹
2213 2331 2472 2400 Ἰωάννην
2506 2331 2602 2383 καὶ
2637 2328 2894 2383 Ἰάκωϐον
2931 2327 3086 2400 δόξης
3121 2329 3306 2381 ἕνεκεν
3342 2328 3654 2392 ἐπιδικάζε-

2086 2422 2234 2488 σθαι,
2271 2422 2414 2476 καθὰ
2452 2421 2686 2490 Κλήμης
2731 2421 2758 2472 6
2786 2418 3150 2488 Στρωματεὺς
3189 2419 3412 2488 ἱστορεῖ.
3451 2419 3656 2472 Τοῦτον

2087 2512 2270 2580 μέντοι
2301 2511 2392 2564 τὸν
2422 2509 2678 2563 Ἰάκωϐον
2705 2509 2798 2561 καὶ
2825 2508 3035 2560 δίκαιον
3065 2507 3293 2560 ἐκάλουν
3320 2508 3406 2560 διὰ
3433 2507 3530 2576 τὴν
3559 2507 3655 2560 αὕη-

2083 2601 2176 2655 τοῦ
2208 2601 2426 2672 ἀρετήν.
2460 2593 2626 2661 Οὗτός
2662 2599 2811 2650 ἐστιν
2840 2598 2868 2650 6
2896 2597 3037 2650 κατὰ
3066 2595 3159 2650 τοῦ
3191 2594 3490 2663 πτερυγίου
3522 2594 3652 2663 βλη-

2085 2692 2198 2756 θεὶς
2226 2693 2318 2747 καὶ
2346 2691 2496 2761 παρὰ
2513 2691 2607 2742 τοῦ
2631 2687 2879 2757 κναφέως
2901 2687 3044 2757 ξύλῳ
3068 2688 3294 2756 πληγεὶς
3319 2687 3459 2740 κατὰ
3483 2703 3652 2755 κεφα-

2083 2784 2181 2848 λῆς
2211 2784 2290 2844 είς
2322 2782 2572 2836 θάνατον.
2615 2780 2860 2834 Ἰουδαῖοι
2890 2779 2996 2848 γὰρ
3024 2778 3118 2832 τοῦ
3150 2777 3363 2831 Παύλου
3397 2778 3652 2847 Καίσαρα

2083 2875 2512 2944 ἐπικαλουμένου
2545 2874 2638 2926 καὶ
2667 2872 2772 2925 ὑπὸ
2798 2873 3010 2944 Φήστου
3043 2873 3409 2942 πεμφθέντος,
3435 2872 3533 2941 τῆς
3563 2871 3653 2924 ἐλ-

2084 2968 2234 3030 πίδος
2272 2966 2394 3019 καθ’
2419 2966 2486 3036 ἢν
2528 2963 2789 3036 ἐξήρτυον
2828 2963 2976 3034 αὐτῷ
3013 2964 3111 3035 τὴν
3155 2964 3447 3033 ἐπιϐουλὴν
3487 2965 3656 3016 ἐκπε-

2085 3060 2267 3120 σόντες
2285 3099 2301 3125 ,
2332 3058 2420 3111 ἐπ’
2445 3057 2604 3111 αὐτὸν
2631 3057 2943 3124 τρέπονται,
2973 3057 3066 3109 καὶ
3091 3054 3336 3123 λέγουσιν
3362 3075 3380 3108 ι
3404 3055 3652 3126 Ἐπίσχες

414 3167 473 3206 se
497 3152 760 3206 Jacobum
791 3151 1100 3212 conferunt,
1160 3166 1402 3221 eumque
1458 3154 1540 3208 sic
1595 3157 1975 3224 compellant:

2083 3152 2175 3205 τὸν
2219 3151 2372 3234 λαὸν,
2421 3148 2546 3202 ἐπεὶ
2593 3147 2872 3219 ἐπλανήθη
2921 3149 3001 3211 είς
3045 3147 3288 3216 Ἰησοῦν·
3339 3149 3501 3216 ἡμεῖς
3547 3150 3654 3217 γὰρ

420 3241 700 3297 «Ιιιιιίικιιο
745 3240 1007 3310 populum
1063 3240 1233 3305 hunc,
1291 3241 1738 3311 quandoquidem
1794 3260 1980 3300 errore

2090 3232 2476 3312 μαρτυροῦμέν
2507 3257 2589 3295 σοι
2609 3281 2626 3306 ,
2657 3241 2752 3294 καὶ
2785 3241 2893 3303 πᾶς
2925 3243 2952 3292 6
2979 3239 3138 3306 λαὸς,
3169 3239 3250 3292 ὃτι
3279 3239 3487 3302 δίκαιος
3517 3233 3590 3294 εἴ.
3629 3259 3649 3292 ι

415 3332 654 3410 quodam
682 3329 950 3392 inlesum
974 3329 1301 3409 propendet.
1363 3329 1498 3394 Nam
1541 3331 1638 3386 tibi
1687 3349 1788 3388 nos
1827 3334 1980 3390 testi-

2084 3331 2192 3388 Ἦν
2222 3334 2279 3387 δέ
2314 3334 2527 3404 Πάσχα.
2564 3333 2675 3386 Καὶ
2711 3333 3008 3404 στήσαντες
3042 3331 3204 3384 αὐτὸν
3238 3330 3331 3383 ἐπὶ
3363 3331 3424 3383 τὸ
3456 3331 3659 3401 πτερύ-

415 3433 599 3487 monio
627 3446 839 3497 sumus,
870 3446 935 3486 ac
962 3430 1364 3500 populusadeo
1396 3431 1708 3497 universus,
1735 3427 1881 3504 quod
1907 3430 1980 3490 sis

2083 3447 2200 3506 γιον
2229 3423 2401 3489 εἶπον.
2442 3428 2683 3494 ιΔίκαιε,
2716 3427 2801 3480 σοὶ
2828 3426 3030 3488 πάντες
3060 3425 3384 3496 πειθόμεθα’
3421 3425 3571 3479 Ἐπεὶ
3597 3425 3654 3479 δὲ

415 3527 499 3580 vir
524 3527 730 3596 justus.
766 3542 784 3576 ι
831 3523 984 3590 Erat,
1046 3538 1170 3577 cum
1224 3524 1341 3578 hac
1395 3534 1712 3595 agerentur,
1760 3525 1980 3582 Pascha:

2084 3532 2112 3584 6
2155 3529 2282 3590 λαὸς
2328 3525 2597 3579 πλανᾶται
2643 3521 2821 3575 ὀπίσω
2859 3517 3035 3590 Ἰησοῦ
3080 3518 3174 3571 τοῦ
3225 3517 3652 3588 σταυρωθέντος,

413 3620 612 3683 festum
664 3615 844 3684 Quare
877 3631 1002 3671 cum
1033 3615 1087 3669 in
1121 3615 1318 3686 pinnas
1355 3632 1481 3672 eum
1514 3617 1704 3686 templi
1754 3621 1980 3674 statuis-

412 3718 556 3776 sent,
591 3709 854 3764 aiebant:
890 3708 1067 3775 «Tibi,
1099 3724 1132 3762 ο
1157 3710 1325 3780 juste,
1383 3709 1568 3765 cuncti
1621 3709 1785 3766 ﬁdem
1819 3711 1982 3766 adhi-

413 3807 625 3858 bemus.
664 3802 802 3867 Quia
856 3817 988 3856 vero
1016 3803 1252 3871 populus
1292 3804 1773 3874 erroreimpulsus
1794 3806 1980 3862 Jcsum

410 3900 562 3952 illum
596 3899 919 3954 cruciﬁxum
962 3907 1224 3962 sectatur,
1284 3899 1529 3955 indicato
1578 3901 1740 3957 nobis
1797 3902 1976 3972 quod-

414 4007 538 4055 nam
575 3990 672 4046 Dei
712 3992 783 4046 sit
823 3991 1083 4045 ostium.»
1143 3991 1220 4045 lbi
1259 4006 1385 4045 cum
1430 3992 1548 4061 ipse
1597 3993 1983 4062 respondisset

409 4086 594 4140 Jesum
624 4085 678 4146 in
709 4083 850 4137 cmlo
885 4083 955 4137 ad
980 4083 1262 4137 dexteram
1317 4099 1524 4154 magum
1554 4085 1697 4139 illius
1730 4093 1981 4154 potestea

417 4176 485 4236 tis
515 4173 806 4234 considere
838 4187 901 4227 ac
929 4172 985 4226 in
1019 4173 1162 4227 aeris
1194 4171 1438 4226 nubibus
1459 4173 1757 4241 aliquando
1795 4187 1983 4226 rever-

416 4279 607 4318 surum
636 4305 650 4328 ,
687 4264 1070 4319 exclamarunt
1100 4278 1293 4318 omnes
1330 4282 1342 4317 :
1372 4283 1390 4316 ι
1422 4265 1575 4320 Heu!
1621 4265 1734 4319 lleu
1759 4267 1770 4319 !
1798 4267 1982 4337 justus

413 4357 580 4411 etiam
609 4356 662 4410 in
694 4371 940 4410 errorem
975 4356 1279 4426 perductus
1307 4366 1448 4411 est»
1506 4357 1700 4426 Itaque
1737 4357 1805 4412 ad
1844 4368 1982 4411 tem-

415 4444 485 4513 pli
520 4443 716 4513 pinnas
748 4443 1112 4498 ascendentes
1135 4458 1264 4497 eum
1298 4444 1625 4514 deiecerunt
1677 4454 1733 4499 et
1785 4444 1980 4513 lapidi-

2085 3619 2419 3689 ἀπάγγειλον
2446 3618 2578 3688 ἡμῖν
2603 3615 2686 3677 τίς
2717 3615 2751 3683 ή
2782 3612 2922 3682 θύρα
2949 3611 3044 3666 τοῦ
3073 3611 3232 3666 Θεοῦ.
3271 3629 3290 3662 ι
3329 3612 3570 3666 Ἐκείνου
3596 3611 3652 3663 δὲ

2085 3710 2476 3783 ἀποκριθέντος
2508 3709 2589 3761 ὅτι
2625 3705 2832 3776 Ἰησοῦς
2870 3703 3104 3774 κάθηται
3140 3704 3196 3756 ἐν
3232 3703 3309 3774 τῷ
3344 3702 3557 3774 οὐρανῷ
3592 3704 3656 3755 ἐκ

2083 3804 2272 3869 δεξιῶν
2298 3803 2398 3872 τῆς
2432 3800 2675 3870 μεγάλης
2708 3798 3027 3864 δυνάμεως,
3062 3799 3154 3849 καὶ
3188 3796 3369 3866 μέλλει
3400 3795 3656 3865 ἔρχεσθαι

2084 3900 2172 3950 ἐπὶ
2199 3896 2305 3950 τῶν
2335 3893 2574 3961 νεφελῶν
2601 3891 2696 3946 τοῦ
2727 3890 2978 3960 ούρανοῦ,
3008 3889 3266 3954 ἔκραξαν·
3295 3891 3386 3942 «Ὢ
3411 3887 3476 3952 ὣ,
3505 3889 3600 3942 καὶ
3628 3891 3656 3943 ὁ

2083 3990 2288 4051 δίκαιος
2319 3985 2625 4055 ἐπλανήθη,
2667 4003 2686 4036 ι
2723 3981 3072 4036 Κατέϐαλλον
3102 3975 3195 4034 οὖν
3225 3981 3388 4034 αὑτὸν
3416 3979 3655 4033 ἀναϐάν-

2083 4096 2198 4144 τες,
2241 4078 2336 4131 καὶ
2383 4075 2605 4146 ἔβαλλον
2646 4072 2836 4135 λίθοις.
2883 4071 2995 4124 Καὶ
3035 4071 3201 4134 εὐθὺς
3246 4070 3654 4132 Οὐεσπασιανὸς

2084 4170 2362 4240 πολιορκεῖ
2399 4167 2616 4228 αὐτούς.
2659 4164 2927 4216 Τοσοῦτον
2963 4162 3020 4215 δὲ
3061 4157 3130 4233 ἦν
3169 4162 3376 4224 δίκαιος
3418 4161 3494 4224 ὡς
3529 4159 3656 4222 τοὺς

2083 4263 2361 4332 ἔμφρονας
2384 4257 2491 4310 τῶν
2521 4255 2789 4309 Ἰουδαίων
2813 4251 3057 4322 νομίζειν
3083 4250 3149 4304 δι’
3175 4251 3336 4304 αὐτὸν
3359 4249 3535 4302 ταῦτα
3562 4266 3654 4316 γε-

2082 4353 2288 4410 νέσθαι.
2326 4349 2532 4416 Γράφει
2572 4345 2628 4397 δὲ
2665 4345 2756 4399 καὶ
2792 4343 3072 4412 Ἰώσηπος
3113 4337 3327 4394 «Ταῦτα
3361 4340 3417 4392 δὲ
3455 4338 3658 4409 συμδέᾳ

2085 4447 2253 4516 ϐηκεν
2277 4440 2554 4504 Ἰουδαίοις
2580 4437 2697 4492 κατ’
2719 4436 2997 4505 ἐκδίκησιν
3021 4434 3278 4488 Ἰακώϐου
3303 4433 3396 4485 τοῦ
3421 4432 3654 4495 δικαίου,

413 4537 514 4590 bus
538 4535 867 4589 obruerunt.
891 4533 1081 4604 Neque
1113 4533 1286 4588 multo
1323 4541 1447 4603 post
1496 4532 1862 4603 Vespasianus
1882 4549 1978 4588 eos

2083 4534 2140 4596 ὃς
2173 4529 2242 4602 ἦν
2271 4529 2498 4598 ἀδελφὸς
2534 4526 2712 4596 Ἰησοῦ
2738 4524 2833 4578 τοῦ
2867 4524 3164 4593 λεγομένου
3197 4521 3438 4592 Χριστοῦ
3475 4541 3518 4574 ι.
3551 4521 3656 4573 Τὸν

411 4624 651 4680 obsedit.
681 4624 920 4679 Iacobus
946 4624 1065 4694 ipse
1098 4633 1207 4680 tam
1233 4625 1416 4695 jusms
1448 4635 1590 4686 erat,
1635 4635 1695 4680 ut
1725 4624 1976 4680 homines

410 4715 557 4784 apud
591 4714 815 4771 Judaos
847 4725 1032 4769 mente
1061 4713 1278 4784 praediti
1324 4714 1707 4769 existimarent
1735 4714 1979 4769 obsideri

412 4809 606 4864 urbem
642 4811 817 4879 ipsius
849 4809 1236 4866 caediscausa.
1270 4807 1546 4877 Josepbus
1581 4805 1803 4876 quidem
1829 4813 1980 4860 certe

411 4902 468 4954 in
499 4899 614 4953 haec
647 4900 814 4954 verba
844 4900 1038 4955 scribit
1075 4916 1088 4952 :
1124 4899 1473 4953 «Evenerunt
1501 4897 1616 4952 base
1641 4897 1845 4952 Judaeis
1872 4935 1886 4960 ,
1924 4907 1984 4953 ut

411 4990 546 5058 justi
575 4991 720 5046 illius
767 4990 958 5046 Jacobi
1007 4991 1188 5046 caedes
1219 4988 1614 5053 vindicaretur,
1659 4988 1751 5058 qui
1810 4988 1979 5042 frater

409 5091 532 5146 erat
584 5085 702 5153 eius
725 5083 857 5142 Jesu
903 5099 1066 5154 quem
1089 5083 1372 5139 Christum
1421 5090 1760 5151 nuncupant.
1793 5099 1812 5134 ο
1859 5081 1978 5142 Ouo

412 5183 580 5255 pacto
609 5176 915 5232 eXStinctus
945 5177 1040 5241 sit,
1085 5177 1346 5250 nimirum
1379 5175 1526 5246 quod
1583 5175 1978 5244 praecipitatus,

410 5267 556 5336 quod
586 5267 864 5338 lapidibus
891 5267 1150 5333 obrutus,
1179 5267 1324 5337 quod
1361 5267 1560 5336 positis
1597 5267 1831 5336 genibus
1880 5280 1980 5333 pro

410 5361 743 5426 adversariis
781 5361 950 5416 Deum
981 5373 1264 5432 precatus,
1299 5361 1447 5430 quod
1495 5360 1646 5430 ligno
1689 5372 1983 5430 percussus

414 5452 632 5508 tandem
671 5463 925 5508 mortuus
951 5452 1142 5514 fuerit.
1181 5450 1595 5507 Alexandrinus
1620 5450 1712 5504 ille
1725 5447 1982 5503 Clemens

416 5545 614 5602 iitteris
675 5547 1038 5617 consignavit.
1065 5543 1232 5599 Addit
1255 5552 1439 5597 autem
1479 5542 1748 5610 Joseplius
1786 5538 1982 5608 hujus-

416 5639 566 5693 tmtdi
595 5656 610 5694 :
644 5641 872 5697 «Vinum
893 5648 949 5695 et
978 5640 1210 5694 siceram
1247 5651 1359 5690 non
1391 5634 1648 5699 bibebat;
1675 5632 1978 5686 animatum

2081 4622 2183 4694 μὲν
2210 4621 2303 4675 οὖν
2329 4618 2532 4690 τρόπον
2579 4619 2678 4688 τῆς
2708 4615 2972 4680 τελευτῆς
2998 4612 3187 4678 αὐτοῦ,
3229 4615 3398 4684 ήγουν
3434 4613 3494 4665 τὸ
3524 4629 3660 4681 κρηφ

2083 4713 2376 4784 μνισθῆναι
2408 4715 2503 4765 καὶ
2531 4707 2856 4780 λιθασθῆναι
2874 4707 2967 4761 καὶ
2986 4706 3349 4775 γονυπετῆσαι
3379 4705 3472 4760 καὶ
3499 4701 3658 4768 εὖξα-

2083 4806 2206 4858 σθαι
2235 4803 2377 4872 ὑπὲρ
2407 4800 2586 4856 αὐτῶν
2614 4799 2706 4852 καὶ
2734 4797 2876 4866 ξύλῳ
2906 4798 3184 4866 πληγέντα
3209 4795 3561 4864 τελειωθῆναι
3580 4833 3594 4857 ,
3629 4797 3656 4847 6

2081 4899 2315 4968 Κλήμης
2349 4897 2635 4965 ἱστόρησεν
2656 4933 2670 4956 ,
2701 4895 2728 4946 6
2755 4893 2811 4946 δὲ
2830 4891 3096 4961 Ἰώσηπος
3125 4889 3298 4942 ταῦτα
3323 4906 3336 4919 ·
3375 4884 3532 4941 Οἶνον
3563 4888 3658 4940 καὶ

2090 4989 2284 5054 σίκερα
2320 4987 2421 5039 οὐκ
2459 4986 2641 5048 ἔπιεν,
2679 4983 2919 5052 ἔμψυχον
2953 4981 3054 5034 ούκ
3094 4979 3327 5046 ἔφαγεν,
3371 4978 3529 5050 ξυρὸν
3565 4978 3658 5031 ἐπὶ

2087 5079 2186 5148 τὴν
2215 5076 2457 5146 κεφαλὴν
2486 5075 2653 5129 αὐτοῦ
2680 5077 2780 5128 οὐκ
2806 5073 2996 5141 ἀνέϐη,
3032 5071 3211 5124 ἔλαιον
3239 5070 3340 5122 οὐκ
3373 5069 3653 5139 ἠλείψατο,

2089 5172 2182 5224 καὶ
2213 5169 2478 5239 βαλανείῳ
2503 5168 2604 5222 οὐκ
2632 5168 2916 5237 ἐχρήσατο.
2944 5163 3133 5233 Τούτῳ
3163 5161 3308 5233 μόνῳ
3335 5161 3462 5233 ἐξῆν
3487 5164 3566 5224 είς
3590 5161 3660 5214 τὰ.

2085 5261 2217 5329 ἅγια
2249 5261 2478 5314 είσιέναι
2509 5259 2604 5313 καὶ
2633 5258 2850 5311 δέεσθαι
2882 5258 3021 5322 ὑπὲρ
3050 5255 3144 5309 τοῦ
3173 5255 3302 5308 λαοῦ
3323 5295 3338 5319 ,
3367 5253 3442 5317 ὡς
3474 5253 3658 5306 ἐντεῦ-

2087 5353 2179 5405 θεν
2209 5350 2615 5421 ἀπεσκληκέναι
2647 5351 2714 5402 τὰ
2745 5349 2952 5418 γόνατα
2983 5347 3147 5400 αὐτοῦ
3181 5346 3341 5416 δίκην
3369 5347 3618 5416 καμήλου
3638 5387 3655 5410 ,

2085 5443 2512 5512 γονυπετοῦντος
2551 5441 2644 5494 καὶ
2684 5441 2938 5510 δεομένου
2981 5439 3176 5507 ἄφεσιν
3212 5437 3291 5508 τῷ
3327 5437 3462 5508 λαῷ.
3503 5438 3658 5490 Ἀπέ-

2085 5523 2393 5598 κιτεινανδὲ
2422 5535 2584 5587 αὐτὸν
2614 5534 2665 5586 οί
2700 5533 2947 5586 Ἰουδαῖοι
2981 5531 3120 5601 μετὰ
3146 5529 3243 5600 τὴν
3269 5529 3525 5600 τελευτὴν
3553 5530 3657 5599 Φή-
3681 5525 3687 5531 “

2088 5643 2214 5679 στου
2243 5625 2506 5695 ἀναρχίαν
2534 5625 2805 5696 εὑρόντες.

414 5733 552 5796 nihil
587 5733 943 5798 comedebat;
979 5733 1303 5787 novaculam
1338 5729 1393 5783 in
1439 5739 1602 5800 caput
1646 5728 1852 5782 nullam
1923 5724 2254 5790 admiserat;
2321 5724 2443 5778 oleo
2505 5739 2563 5778 se
2639 5738 2748 5776 non
2823 5721 3194 5792 perungebat;
3261 5721 3454 5776 balneo
3506 5717 3652 5771 nullo

418 5824 694 5892 utebatur.
731 5824 1039 5888 thuidem
1075 5824 1125 5879 ei
1151 5823 1250 5879 soli
1298 5823 1380 5878 fas
1443 5832 1560 5878 erat
1633 5821 1688 5877 in
1762 5821 1922 5884 adyta
1956 5819 2136 5885 templi
2177 5825 2230 5873 et
2294 5815 2590 5884 penetralia
2645 5814 2891 5884 ingredi,
2963 5824 3018 5869 ut
3073 5831 3262 5880 preces
3303 5830 3400 5877 pro
3451 5811 3651 5878 populo
