4054 6422
346 422 449 484 433

1598 415 2007 477 ANNALIUM
2046 413 2240 474 PARS
2279 412 2395 474 IlI.

3494 410 3598 464 434.

346 527 698 597 conciperet;
735 542 842 597 qua
875 511 1015 584 sane
1044 526 1113 583 de
1137 539 1304 582 causa
1347 523 1724 580 occalluerunt
1758 525 1930 578 instar
1967 521 2161 578 cameli
2195 519 2362 590 229
2425 518 2547 587 ejus
2594 532 2794 588 genua,
2830 518 2960 571 eum
2993 521 3263 585 perpetuo
3296 529 3352 567 ιη
3384 513 3452 567 iis
3474 529 3603 580 pro-

347 619 635 676 cumberet
704 633 771 674 ac
831 618 1006 674 Deum
1071 625 1328 672 exora-ret
1390 625 1451 671 ut
1502 615 1734 671 Iudaico
1796 614 2002 684 populo
2040 614 2202 668 venia
2254 614 2378 666 data
2456 611 2784 681 ignosceret.
2843 605 3177 662 Interfectus
3215 621 3242 658 a
3290 602 3493 660 Iudaeis
3516 612 3600 658 est

348 725 471 788 post
529 714 675 769 Festi
731 713 982 783 praetoris
1032 721 1291 779 mortem,
1345 727 1457 782 quo
1498 722 1750 781 tempore
1786 710 2023 777 necdum
2092 709 2202 763 alio
2277 716 2513 779 praetore
2577 711 2866 771 snrrogato
2926 702 3165 757 neminis
3213 701 3446 770 imperio
3502 716 3601 770 pa-

347 808 566 862 rebant.

417 905 532 958 Kal.
560 904 589 955 6
619 902 720 972 μὲν
756 900 1014 963 Ἰάκωϐος
1041 891 1200 963 οὗτος
1221 941 1236 968 ,
1267 901 1296 953 6
1324 896 1649 966 ἀδελφόθεος
1678 897 1919 968 δηλαδὴ,

2101 897 2370 953 ϐωιθτιιω
2396 893 2633 949 Jacobus
2676 891 2789 955 hic,
2834 887 3047 943 Domini
3095 887 3305 949 frater,
3338 900 3446 939 non
3486 893 3605 939 erat

348 998 415 1066 τῇ
461 993 722 1048 δωδεκάδι
762 993 870 1046 τῶν
917 992 1180 1063 μαθητῶν
1221 990 1322 1046 οὐκ
1364 987 1441 1061 ἦν
1476 990 1815 1061 ἐναρίθμιος,
1856 990 1926 1043 τὰ

349 1085 543 1158 πρῶτα
569 1084 626 1136 δὲ
653 1084 801 1154 ὅμως
832 1083 962 1155 παρ’
985 1084 1166 1146 αὐτοῖς
1198 1082 1382 1152 ἔφερε.
1412 1084 1521 1136 Καὶ
1548 1083 1658 1150 γὰρ
1687 1081 1926 1143 ἀναστὰς

349 1180 412 1232 ὲκ
441 1177 659 1250 νεκρῶν
678 1179 705 1231 6
734 1175 1070 1246 Κύριοςνὼς
1100 1177 1128 1230 6
1158 1175 1390 1246 Κλήμης
1417 1176 1585 1245 φησὶ,
1614 1176 1805 1245 Πέτρῳ
1836 1175 1929 1226 xal.

362 1267 583 1339 Ἰωάννῃ
611 1266 704 1320 καὶ
734 1264 978 1333 Ἰακώϐῳ
1001 1263 1080 1334 τῷ
1108 1262 1416 1332 ἀδελφοθέῳ
1441 1263 1540 1330 τὴν
1570 1261 1771 1331 γνῶσιν
1801 1259 1929 1312 ἔδω-

347 1376 475 1425 κεν,
503 1354 650 1412 οὗτοι
678 1356 735 1411 δὲ
765 1358 876 1420 τοῖς
903 1355 1133 1419 λοιποῖς.
1164 1356 1279 1425 Πρὸ
1306 1355 1414 1425 γὰρ
1442 1354 1543 1423 τῆς
1576 1353 1928 1414 ἀναστάσεως

349 1449 443 1504 καὶ
469 1450 750 1503 ὲνεκότουν
775 1448 855 1519 τῷ
884 1446 1076 1520 Κυρίῳ
1103 1449 1197 1501 καὶ
1223 1446 1491 1517 ἠπίστουν
1517 1445 1667 1516 αὐτῷ
1694 1447 1742 1497 oi
1775 1442 1930 1497 ἀδελ-

349 1542 439 1609 φοὶ
458 1539 644 1606 αὑτοῦ,
664 1541 739 1604 ὡς
760 1541 787 1592 6
806 1538 1213 1608 Εύαγγελιστής
1236 1537 1493 1607 Ἰωάννης
1514 1537 1667 1607 φησί.
1685 1537 1732 1588 Π
1738 1534 1926 1605 ρόσεχε

349 1629 427 1691 δὲ,
457 1627 728 1697 ἀγαπητά.
759 1626 822 1680 El
851 1627 962 1696 γὰρ
993 1626 1086 1680 καὶ
1117 1626 1370 1696 πρώτους
1395 1626 1638 1688 ἐκείνους
1666 1625 1695 1677 6
1725 1624 1929 1693 Κύριος

347 1719 472 1783 τοὺς
496 1719 706 1773 δώδεκα
729 1717 1031 1785 ἐξελέξατο,
1053 1719 1104 1771 εί
1129 1719 1223 1772 καὶ
1243 1717 1408 1787 τιμῆς
1433 1717 1633 1788 ἠξίωσε
1658 1715 1924 1782 πλείονος,

347 1811 396 1864 εί
435 1810 531 1864 καὶ
567 1809 662 1862 επὶ
701 1805 768 1862 ιϐ’
793 1807 1000 1880 θρόνων
1033 1807 1303 1879 ὑπέσχετο
1340 1806 1564 1860 καθίσαι
1603 1805 1800 1868 αὐτοὺς
1829 1807 1930 1869 τὰς

348 1903 559 1959 δώδεκα
596 1902 769 1972 φυλὰς
792 1900 888 1956 τοῦ
922 1899 1143 1971 Ἰσραὴλ
1172 1900 1481 1969 κρίνοντας,
1510 1898 1559 1952 εί
1587 1897 1685 1951 καὶ
1714 1896 1927 1951 σύνδει-

349 2013 473 2050 πνοι
506 1995 654 2066 αύτῷ
686 1994 902 2048 ἔσονται
934 1991 1058 2046 κατ’
1085 1990 1301 2062 εκείνην
1331 1990 1430 2062 τήν
1459 1989 1674 2061 ἡμέραν
1693 2028 1708 2054 ,
1741 1987 1929 2059 ἐπειδὴ

351 2088 694 2159 μεμενήκασι
723 2085 840 2156 μετ’
864 2083 1053 2151 αὐτοῦ,
1077 2084 1194 2139 ἀλλ’
1215 2082 1414 2153 ἔχομεν
1437 2079 1674 2152 ἀλλαχοῦ
1703 2081 1795 2135 τὸν
1819 2080 1933 2135 K6-

2030 991 2121 1046 ille
2148 989 2371 1059 quidem
2408 1002 2554 1042 unus
2581 1000 2649 1040 ex
2680 983 2974 1039 duodecim
3002 971 3112 1034 illis
3146 979 3454 1048 discipulis,
3506 980 3602 1032 sed

2027 1083 2278 1152 principe
2304 1089 2483 1134 tamen
2510 1075 2653 1146 apud
2694 1088 2792 1128 eos
2842 1074 2966 1127 loco
3002 1071 3332 1125 habebatur.
3393 1071 3605 1140 Quippe

2028 1188 2153 1229 cum
2196 1171 2434 1240 primum
2497 1183 2564 1222 ex
2598 1167 2834 1220 mortuis
2860 1162 3127 1217 Dominus
3189 1163 3606 1228 resurrexisset,

2028 1265 2107 1318 uti
2135 1263 2391 1318 Clemens
2420 1269 2636 1320 narrat,
2657 1258 2822 1312 Petro
2846 1263 2903 1309 et
2927 1253 3125 1309 Joanni
3148 1263 3204 1307 et
3228 1253 3433 1308 Jacobo
3455 1253 3607 1319 huic,

2031 1351 2250 1408 Domini
2276 1350 2455 1415 fratri,
2488 1349 2681 1419 primis
2713 1347 2765 1401 id
2800 1344 3098 1415 patefecit;
3131 1343 3224 1412 qui
3257 1342 3465 1397 deinde
3493 1357 3607 1397 rem
3682 1348 3693 1355 '

2029 1443 2098 1497 ad
2135 1441 2444 1511 discipulos
2479 1440 2729 1509 reliquos
2758 1437 3100 1492 retulerunt.
3132 1434 3351 1490 Etenim
3383 1442 3511 1487 ante
3531 1449 3612 1486 re-
3674 1444 3683 1451 '

2029 1533 2433 1592 surrectionem
2458 1531 2657 1587 fratres
2703 1529 2920 1584 Domini
2963 1528 3129 1582 etiam
3182 1524 3613 1595 indignabantur

2031 1626 2105 1689 ei,
2136 1639 2242 1679 nec
2273 1622 2441 1678 fidem
2464 1621 2767 1686 habebant,
2792 1615 3261 1690 quemadmodum
3284 1599 3613 1685 evangelicae

2030 1717 2271 1787 scriptor
2318 1714 2569 1772 historiae
2627 1713 2871 1769 Joannes
2925 1709 3202 1767 meminit.
3263 1707 3380 1762 lloc
3427 1700 3611 1762 aufem

2027 1811 2152 1867 loco
2166 1817 2268 1873 est,
2290 1807 2490 1862 dilecte
2515 1804 2613 1866 illi,
2641 1804 2785 1874 quod
2814 1801 3250 1857 animadvertas.
3282 1798 3611 1867 Quanquam

2028 1900 2181 1956 enim
2210 1897 2514 1968 discipulos
2567 1896 2695 1951 illos
2745 1893 3040 1950 duodecim
3094 1890 3357 1946 Dominus
3407 1889 3615 1958 primos

2029 1991 2217 2061 elegit,
2268 2002 2582 2060 quanquam
2634 1986 2847 2041 honore
2914 1983 3108 2054 majori
3179 1982 3436 2053 dignatus
3502 1988 3613 2040 est,

2030 2097 2348 2154 quanquam
2402 2095 2462 2136 se
2515 2079 2647 2134 illos
2697 2077 3022 2148 promiserit
3067 2090 3234 2143 supra
3302 2070 3598 2127 duodecim

352 2197 467 2250 ριον
508 2178 672 2233 αὐτὸν
714 2178 851 2248 πρὸς
893 2177 1021 2240 τοὺς
1065 2177 1129 2230 ὲκ
1169 2173 1494 2242 Ζεϐεδαίου,
1537 2173 1704 2243 ἡνίκα
1748 2171 1930 2238 δεξιὰν

2041 2176 2172 2230 solia
2201 2175 2626 2238 collocaturum,
2671 2178 2733 2225 ut
2794 2167 3088 2224 duodecim
3120 2165 3297 2227 tribus
3321 2163 3612 2218 lsraelicas

350 2237 622 2339 ᾐτήσαντο
668 2237 771 2320 καὶ.
809 2237 1106 2335 άριστερὰν
1151 2261 1441 2334 καθέδραν,
1481 2237 1630 2316 οὕτω
1675 2262 1925 2331 λέγονταο

2041 2267 2300 2338 judicent,
2331 2278 2647 2336 quanquam
2671 2261 2766 2315 illo
2797 2260 2888 2314 die
2919 2258 3163 2314 convivae
3222 2255 3399 2324 ipsius
3452 2260 3618 2308 erunt

355 2375 376 2409 ι
414 2358 527 2410 Οὐκ
566 2357 697 2426 ὲμόν
739 2357 854 2409 ἐστι
889 2353 1048 2409 τοῦτο
1090 2353 1295 2416 δοῦναι,
1339 2351 1455 2407 ἀλλ’
1479 2349 1560 2416 οἷς
1602 2353 1961 2423 ήτοίμασται’

348 2449 502 2520 παρὰ
538 2448 635 2502 τοῦ
664 2447 885 2518 Πατρός
937 2462 1063 2517 μου.
1114 2464 1132 2498 ι
1181 2443 1394 2500 Οὐκοῦν
1434 2446 1483 2498 εί
1522 2445 1591 2498 τὰ
1628 2445 1727 2513 τῆς
1765 2447 1932 2514 τιμῆς

350 2539 566 2608 ἐκείνης
596 2538 658 2592 ού
687 2538 887 2591 δίδοται
922 2538 1063 2591 κατὰ
1092 2537 1255 2607 χάριν
1284 2536 1422 2590 ἀλλὰ
1451 2535 1597 2590 κατὰ
1622 2537 1751 2599 τοὺς
1780 2536 1930 2604 άγῶο

350 2648 450 2693 νας
479 2630 573 2693 οὓς
605 2631 636 2683 6
668 2629 790 2683 καθ’
817 2629 914 2683 ἕνα
946 2628 1261 2694 ἐνδείξεται,
1296 2628 1374 2699 μὴ
1408 2627 1658 2698 θαύμαζε
1690 2628 1806 2696 sive
1840 2629 1932 2681 καὶ

352 2724 401 2775 οἱ
430 2723 572 2776 κατὰ
595 2722 691 2801 ,τὸν
725 2720 961 2786 Παῦλον,
993 2720 1082 2773 ναὶ
1114 2719 1218 2789 μὴν
1247 2720 1343 2772 καὶ
1375 2719 1630 2774 Ἰάκωϐον
1661 2718 1752 2773 τὸν
1781 2718 1934 2773 ἀδελ-

354 2814 548 2880 φόοεον
589 2814 995 2883 ἀγωνισάμενοι
1037 2812 1288 2866 κοινωνοὶ
1327 2812 1423 2864 καὶ
1463 2811 1798 2882 συμμέτοχοι
1835 2812 1936 2881 τῆς

353 2907 462 2959 τῶν
490 2906 699 2960 δώδεκα
728 2907 894 2977 τιμῆς
925 2904 1339 2977 εὑρεθήσονται.
1371 2905 1480 2959 Καὶ
1510 2904 1620 2975 γὰρ
1651 2906 1809 2958 τοῦτο
1841 2906 1938 2960 καὶ

355 2999 383 3051 6
410 2998 507 3069 τὴν
537 2997 782 3067 γλῶτταν
812 2997 1063 3069 Χρυσοῢς
1089 2997 1242 3068 ἔλεγε
1262 3036 1278 3065 ,
1309 2995 1524 3051 Παύλου
1558 2995 1779 3068 μείζονα
1809 2997 1940 3067 στῆ-

310 3114 322 3125 ·
357 3106 446 3142 ναι
473 3090 595 3142 τότε
628 3089 947 3160 μηδέτερον.
1151 3102 1163 3113 ‘

2032 2363 2325 2427 propterea
2351 2353 2499 2425 quod
2528 2351 2673 2422 apud
2704 2350 2883 2421 ipsum
2910 2346 3184 2402 manendo
3215 2357 3613 2415 perseverave-

2033 2450 2168 2513 rint,
2201 2447 2377 2501 nihilo
2405 2455 2585 2500 tamen
2621 2443 2806 2497 minus
2844 2439 2978 2494 alibi
3012 2436 3309 2492 Dominum
3349 2434 3416 2489 ad
3442 2433 3618 2488 Zebe-

2034 2540 2137 2595 dari
2191 2538 2352 2601 filios,
2386 2550 2513 2592 cum
2568 2534 2648 2589 illi
2697 2533 2990 2588 dexterum
3045 2529 3359 2595 laevumque
3413 2526 3615 2581 solium

2034 2648 2204 2703 penes
2236 2632 2415 2700 ipsum
2441 2627 2753 2698 petiissent,
2817 2624 2906 2678 his
2953 2620 3142 2678 verbis
3199 2620 3277 2674 uti
3304 2619 3557 2673 videmus
3597 2635 3612 2670 :

2008 2723 2204 2793 «Ejus
2235 2722 2314 2777 rei
2348 2718 2721 2776 concedenda:
2757 2715 2993 2770 facultas
3025 2728 3133 2768 non
3183 2727 3271 2767 me
3304 2725 3477 2781 penes
3507 2718 3615 2774 est,

2035 2814 2131 2869 sed
2206 2813 2317 2867 illis
2376 2811 2484 2865 hoc
2539 2809 2786 2877 obtinget
2830 2805 3033 2874 quibus
3084 2818 3114 2856 a
3147 2801 3310 2857 Patre
3364 2808 3617 2870 paratum

2036 2905 2227 2960 erit".
2255 2922 2274 2956 ι
2315 2902 2663 2971 Quapropter
2696 2898 2741 2951 si
2777 2897 2955 2951 honos
2982 2894 3075 2948 ille
3104 2908 3215 2947 non
3248 2892 3528 2947 tribuetur
3548 2905 3615 2944 ex

2038 2995 2234 3067 gratia,
2275 2993 2372 3049 sed
2425 3007 2525 3063 pro
2552 2991 2768 3045 ratione
2822 2985 3191 3042 certaminum
3226 2997 3350 3052 quae
3382 2980 3618 3051 quilibet

2043 3064 2383 3148 exantlahit,
2442 3082 2633 3137 desine
2696 3078 2888 3133 mirari
2957 3064 3211 3131 futurum'
3267 3084 3331 3129 ut
3390 3071 3615 3142 quidam

357 3187 609 3257 exemplo
638 3185 794 3241 Pauli
819 3194 876 3241 et
902 3182 1094 3240 Jacobi
1150 3181 1344 3254 hujus,
1373 3181 1589 3239 Domini
1647 3181 1860 3250 fratris,
1922 3179 2323 3239 certaminibus
2373 3176 2489 3233 suis
2570 3172 2811 3245 peractis
2864 3173 2986 3243 ejus
3039 3169 3338 3240 participes
3384 3165 3616 3222 honoris

358 3278 511 3347 ﬂant,
561 3279 655 3350 qni
704 3275 997 3346 discipulis
1076 3276 1189 3333 illis
1238 3275 1533 3332 duodecim
1566 3307 1575 3315 ι
1613 3283 1700 3332 est
1783 3275 2111 3346 promissus.
2180 3272 2294 3330 Hoc
2381 3269 2527 3325 enim
2583 3277 2642 3324 et
2702 3266 3137 3338 Chrysostomus
3198 3259 3608 3332 pronuntiavit,

358 3374 527 3433 Paulo
552 3372 743 3430 dicens
791 3372 887 3430 illo
932 3380 1180 3443 tempore
1225 3372 1505 3426 neminem
1547 3368 1929 3440 appariturum
1966 3367 2252 3440 majorem.

428 3472 550 3524 Ὀτι
576 3468 632 3522 δὲ
666 3469 712 3521 οἱ
746 3464 990 3536 μαθηταὶ
1018 3461 1114 3516 τοῦ
1150 3460 1388 3534 Χριστοῦ
1415 3459 1625 3531 δώδεκα
1657 3458 1751 3513 τὸν
1777 3458 1936 3530 ἀριθ-

362 3563 464 3633 μὸν
487 3562 582 3616 καὶ
615 3560 676 3614 οὐ
713 3556 938 3620 πλείους
964 3555 997 3626 ἢ
1027 3554 1290 3616 ἐλάσσους
1320 3546 1462 3606 εἶναι
1487 3549 1734 3621 ἔμελλον,
1761 3551 1936 3621 ἀρχῆ·

361 3656 454 3710 θεν
492 3653 648 3708 τοῦτο
690 3649 1010 3720 δεδήλωται,
1056 3646 1169 3707 Καὶ
1200 3644 1493 3715 πρόσσχες,
1525 3644 1574 3695 εί
1592 3640 1793 3712 βούλει,
1821 3642 1934 3704 τοῖς

2111 3458 2420 3525 Ceteroqui
2448 3463 2666 3531 tantum
2715 3451 3005 3510 duodecim
3054 3448 3262 3507 Christi
3293 3447 3616 3518 discipulos.

2041 3568 2151 3609 non
2184 3552 2376 3620 plures
2407 3565 2514 3605 nec
2546 3547 2839 3619 pauciores
2872 3544 3062 3609 fuisse,
3094 3544 3202 3614 jam
3231 3552 3357 3598 ante
3387 3543 3619 3597 demon-

2042 3640 2350 3696 stravimus.
2382 3636 2642 3703 Attende,
2674 3635 2922 3694 obsecro,
2957 3647 3080 3702 quae
3102 3630 3372 3686 dicemus.
3410 3629 3621 3696 Quem—

359 3749 700 3819 λεγομένοις.
734 3719 834 3797 Ὀν
863 3738 974 3811 γὰρ
1004 3737 1209 3810 τρόπον
1239 3739 1267 3790 6
1306 3734 1565 3805 αἰσθητὸς
1599 3726 1755 3793 οὗτος
1780 3732 1934 3802 ἥλιος

2043 3731 2339 3788 admodum
2395 3729 2477 3784 sol
2534 3727 2626 3781 hic
2659 3724 2880 3780 sensilis
2909 3737 2940 3776 a
2980 3722 3160 3792 primo
3196 3719 3354 3789 signo
3388 3735 3620 3774 exorsus

361 3808 470 3891 ἀπὸ
494 3808 614 3886 ’τοῦ
657 3808 886 3902 πρώτου.
925 3808 1154 3897 σημείου
1191 3823 1525 3896 ἀρξάμενος,
1561 3823 1659 3877 καὶ
1694 3821 1783 3875 διὰ
1828 3821 1936 3873 τῶν

2041 3838 2140 3894 per
2173 3821 2331 3890 signa
2362 3817 2653 3874 duodecim
2693 3828 2860 3869 cursu
2893 3826 2995 3868 suo
3030 3809 3289 3865 circulari
3344 3808 3620 3873 absoluto,

366 3933 432 3999 ιβ’
460 3927 667 3992 ζωδίων
699 3925 799 3994 τὴν
834 3919 1002 3976 αὑτοῦ
1031 3908 1265 3989 ποιήσας
1296 3916 1569 3990 περίοδον,
1598 3915 1701 3969 κάν
1729 3913 1938 3977 τούτοις

363 4024 431 4074 τὰ
461 4017 629 4073 αὐτοῦ
664 4016 845 4072 πάντα
876 4011 1199 4084 πληρώσας,
1234 4012 1419 4064 ἐκεῖσε
1458 4008 1623 4063 πάλιν
1669 4006 1940 4075 ὑποστρέ-

364 4132 455 4182 φει
487 4114 611 4167 ὅθεν
640 4109 736 4164 τοῦ
789 4108 995 4179 δρόμου
1040 4105 1381 4175 κατήρξατο,
1406 4102 1552 4156 οὓτω
1577 4102 1673 4154 καὶ
1701 4102 1728 4152 6
1755 4099 1943 4168 νοητὸς

363 4206 515 4278 ἥλιος
538 4205 639 4274 τῆς
666 4201 1037 4271 δικαιοσύνης,
1078 4200 1107 4252 6
1133 4198 1336 4268 Κύριος
1364 4195 1521 4266 ήμῶν
1561 4186 1769 4263 Ἰησοῦς
1804 4192 1947 4263 Χρι-

366 4295 511 4360 στὸς,
536 4295 563 4346 6
595 4293 723 4355 Υίὸς
751 4288 846 4344 τοῦ
876 4287 1012 4343 Θεοῦ
1045 4288 1143 4341 καὶ
1170 4287 1325 4351 Θεὸς,
1370 4283 1720 4350 ὲξανατείλας
1744 4280 1820 4352 τῷ
1855 4284 1948 4336 κό-

374 4404 499 4458 σμῳ
524 4383 708 4447 καθὼς
733 4382 897 4445 αὐτὸς
922 4380 1216 4452 ηὐδόκησε,
1238 4378 1333 4432 καὶ
1361 4377 1448 4430 διὰ
1469 4375 1579 4429 τῶν
1606 4375 1670 4445 ιβ’
1691 4374 1950 4458 μαθητῶν

372 4453 483 4551 τήν*
511 4475 607 4531 ὑπ’
636 4473 867 4546 οὐρανὸν
894 4470 1231 4542 διαδραμὼν,
1277 4469 1460 4521 πᾶσαν
1489 4464 1590 4537 τήν
1623 4461 1788 4517 αὐτοῦ
1824 4453 1951 4530 506'-

373 4549 535 4642 λησιν
565 4569 632 4624 δι’
663 4568 847 4622 αὐτῶν
876 4563 1168 4625 ἐκτελέσας
1214 4562 1397 4613 ἐκεῖσε
1432 4558 1598 4611 πάλιν
1632 4555 1756 4609 ὅθεν
1786 4549 1952 4624 ἦλθεν

376 4660 737 4733 ὑπέστρεψεν.
768 4656 892 4711 Ὅτι
930 4655 989 4709 δὲ
1021 4654 1070 4707 oi
1114 4650 1268 4719 παρὰ
1303 4648 1510 4720 Κυρίου
1537 4645 1854 4714 ὲκλεγέντες
1886 4643 1951 4714 ιβ’

377 4754 642 4827 μαθηταὶ,
677 4752 768 4805 ναὶ
814 4749 920 4820 μὴν
952 4747 1047 4800 καὶ
1080 4744 1131 4799 oi
1166 4743 1286 4797 κατ’
1322 4742 1521 4804 αὐτοὺς
1551 4738 1952 4808 ἀγωνισάμενοι

373 4848 665 4920 κρείττονα
686 4842 852 4897 τόπον
874 4840 1150 4910 ἐσχήκασι
1173 4835 1284 4889 τῶν
1312 4830 1681 4903 προπατόρων
1706 4830 1951 4893 ἐκείνοιν,

371 4940 401 4992 6
430 4935 841 5008 χρυσορῤήμων
871 4930 1129 4997 Ἰωάννης
1158 4924 1547 4997 ἀριδηλότερον
1579 4920 1802 4985 ἔδειξεν.
1821 4919 1953 4971 Ἐπὶ

376 5028 443 5101 ιβ’
462 5030 573 5100 γὰρ
601 5027 707 5097 εφη
733 5026 941 5097 θρόνων
971 5020 1197 5076 καθίσαι
1214 5016 1434 5082 αὐτοὺς,
1455 5014 1551 5067 καὶ
1573 5015 1757 5083 κρῖναι
1772 5014 1869 5071 τὰς
1888 5008 1955 5080 ιβ’

2039 3890 2330 3986 postquam
2386 3910 2443 3964 in
2480 3908 2548 3962 iis
2579 3905 2718 3976 ipsis
2769 3903 3092 3959 effectiones
3128 3890 3255 3955 snas
3305 3898 3619 3967 complevit,

2042 4020 2110 4061 eo
2140 4003 2394 4065 revertit,
2434 3999 2582 4064 unde
2613 4010 2811 4052 cursus
2838 3994 3057 4049 initium
3093 3991 3320 4053 fecerat,
3349 3989 3432 4045 sic
3457 3989 3622 4044 etiam

2045 4095 2381 4153 intellectilis
2418 4093 2510 4147 ille
2538 4090 2621 4146 sol
2649 4085 2877 4160 iustitiae
2930 4085 3196 4141 Dominus
3240 4090 3432 4137 noster
3462 4078 3625 4136 Jesus

2044 4189 2318 4253 Christus,
2352 4184 2445 4238 Dei
2477 4182 2652 4237 Filius
2683 4188 2742 4234 et
2785 4177 2952 4243 Deus,
2987 4173 3197 4229 mundo
3249 4185 3347 4243 pro
3376 4169 3628 4239 benigni-

2050 4290 2158 4339 tate
2199 4293 2295 4335 sua
2344 4282 2613 4339 exortus,
2668 4280 3027 4342 posteaquam
3076 4265 3265 4320 orbem
3311 4272 3578 4318 terrarum
3607 4297 3624 4322 ,

2051 4384 2378 4444 quacunque
2405 4367 2546 4422 cmlo
2576 4364 2667 4418 ille
2701 4361 2986 4431 subjectus
3019 4364 3141 4420 est,
3203 4369 3302 4423 per
3331 4349 3626 4406 duodecim

2053 4440 2353 4530 discipulos
2382 4472 2512 4512 suos
2543 4452 2837 4526 percurrit,
2864 4459 3137 4515 omneque
3170 4443 3478 4497 institutum
3508 4440 3631 4524 ani-

2053 4554 2126 4608 mi
2158 4552 2242 4607 sui
2270 4563 2463 4605 eorum
2493 4560 2660 4617 opera
2695 4541 2946 4613 perfecit,
2981 4550 3177 4591 rursus
3213 4534 3410 4590 eodem
3440 4517 3629 4586 rever-

2054 4662 2149 4702 sus
2177 4654 2262 4701 est
2312 4644 2456 4699 unde
2488 4640 2770 4712 profectus
2823 4635 3024 4690 fuerat.
3069 4630 3133 4685 Et
3168 4642 3302 4682 vero
3335 4622 3627 4680 duodecim

2055 4739 2180 4795 illos
2208 4735 2507 4807 discipulos
2534 4748 2566 4787 a
2597 4729 2829 4786 Domino
2881 4725 3135 4786 selectos,
3167 4721 3409 4787 itemque
3462 4713 3628 4777 alios,

2056 4804 2374 4900 quicunque
2428 4822 2688 4893 praeclara
2734 4818 2978 4887 ipsorum
3024 4809 3283 4879 exemplo
3328 4804 3631 4862 certamina

2056 4892 2334 4981 obierunt,
2366 4911 2568 4984 potiori
2622 4910 2747 4963 loco
2775 4906 2993 4960 futuros
3038 4914 3160 4956 esse
3201 4910 3365 4967 quam
3417 4892 3633 4963 priscos

2062 5010 2184 5065 illos
2218 5017 2405 5078 patres
2429 5043 2445 5068 ,
2487 5003 2661 5057 multo
2696 4998 2904 5054 clarius
2952 5002 3138 5050 orator
3167 4990 3259 5045 ille
3294 4995 3483 5043 noster
3531 4999 3634 5038 au-

375 5078 947 5193 Sutiig’.;$"r;pan,
977 5113 1047 5185 ἢν
1075 5111 1141 5180 δή
1174 5107 1347 5179 τιμὴν
1370 5078 1469 5160 ac...
1490 5078 1658 5158 ιδωέε
1679 5103 1793 5166 τοῖς
1819 5078 1940 5171 προ·

2057 5116 2184 5155 reus
2212 5094 2474 5154 ostendit.
2512 5088 2770 5148 Promisit
2801 5088 2949 5144 enim
2987 5084 3252 5139 Dominus
3281 5078 3403 5133 illos
3450 5090 3510 5132 se
3543 5090 3636 5130 su-

2204 5189 2218 5193 -
2314 5189 2330 5193 -
2404 5187 2417 5193 -
2583 5183 2617 5193 ..
2705 5179 2859 5193 --Α
3069 5184 3306 5193 ,_._____n_
3388 5177 3446 5193 ,,,
3501 5167 3607 5193 λη,

379 5215 636 5285 πάτορσι.
664 5210 777 5268 Καὶ
806 5209 891 5263 δτι
921 5204 1109 5259 πολλοὶ
1133 5202 1242 5255 ἀπὸ
1264 5198 1545 5255 ἀνατολῶν
1590 5196 1685 5250 καὶ
1730 5194 1954 5264 δυσμῶν

356 5307 716 5370 .ὲλεύσονται,
740 5301 837 5356 καὶ
868 5296 1008 5371 μετὰ
1027 5294 1301 5367 Ἀϐραὰμ
1317 5290 1412 5348 καὶ
1438 5291 1629 5345 Ἰσαὰκ
1653 5286 1953 5358 ἀνακλιθή-

380 5415 565 5453 σονται
584 5411 601 5429 ο
630 5397 740 5457 τοῖς
765 5391 823 5447 δέ
855 5407 920 5459 γε
955 5386 1277 5449 ἀποστόλοις
1305 5382 1478 5446 οὐδεὶς
1528 5381 1718 5452 ἕτερος
1750 5380 1957 5432 ὲσεῖται

382 5490 776 5560 συγκάθεδρος.
810 5484 920 5538 Καὶ
948 5483 1033 5537 ὅτι
1063 5478 1170 5534 ὑπὸ
1203 5476 1360 5531 σκιὰν
1386 5476 1585 5528 ἐκεῖνοι
1613 5473 1736 5527 τότε
1758 5472 1959 5540 φανέν-

377 5601 471 5647 τες
497 5578 782 5641 ὲλάττονές
816 5579 925 5630 εἰσι
970 5573 1082 5627 τῶν
1114 5566 1548 5639 ἑνακμασάντων
1582 5566 1650 5635 τῇ
1704 5562 1957 5632 ἀληθείᾳ.

382 5677 489 5732 Καὶ
521 5674 694 5728 ταῦτα
725 5671 824 5741 μὲν
850 5671 878 5724 6
899 5667 998 5739 τὴν
1027 5663 1274 5735 γλῶτταν
1310 5655 1585 5732 Χρυσοῦς,
1609 5659 1637 5711 6
1665 5656 1723 5710 δὲ
1752 5653 1960 5709 Θεοδώ-

463 5862 505 5903 ῖ¹
544 5856 737 5925 Matth.
776 5869 869 5924 xx,
894 5850 986 5908 25.

2060 5207 2157 5262 pra
2188 5187 2478 5245 duodecim
2519 5183 2657 5239 solia
2701 5179 2867 5252 230
2911 5176 3351 5237 collocaturum,
3388 5177 3450 5224 ut
3498 5167 3637 5225 duo-

2061 5259 2241 5340 decim
2285 5279 2466 5334 tribus
2507 5274 2793 5331 Israelicas
2835 5269 3119 5340 judicent;
3159 5279 3322 5335 quem
3353 5275 3485 5319 sane
3535 5259 3636 5314 ho-

2063 5387 2253 5438 norem
2304 5367 2505 5441 priscis
2538 5365 2647 5421 illis
2674 5363 2926 5435 patribus
2962 5375 3072 5415 non
3133 5355 3429 5413 concessit.
3481 5350 3634 5405 Prae-

2063 5476 2215 5521 terea
2238 5460 2396 5518 multi
2427 5459 2496 5514 ab
2530 5466 2655 5513 ortu
2678 5464 2736 5511 et
2760 5468 2961 5509 occasu
2991 5450 3217 5507 venient
3237 5457 3294 5502 et
3323 5458 3446 5500 cum
3469 5441 3637 5495 Abra-

2064 5557 2228 5611 hamo
2253 5568 2317 5608 ac
2363 5553 2547 5606 lsaaco
2584 5545 2943 5602 recumbent:
2980 5551 3039 5596 at
3083 5538 3348 5595 soliorum
3378 5529 3643 5601 apostoli-3

2065 5660 2254 5705 eorum
2303 5645 2444 5701 alius
2497 5654 2659 5697 nemo
2696 5636 2972 5709 particeps
3021 5627 3368 5691 erit.ltidem
3403 5622 3481 5678 illi
3509 5634 3639 5683 cum
