4054 6430
457 420 562 481 435

1757 416 1812 474 Μ
1826 412 2100 474 [CHAEL
2111 409 2182 469 ΒΞ
2222 407 2487 468 ΟΙιΥΟιΕ

3608 405 3702 466 436

457 534 513 585 in
557 529 746 584 umbra
774 521 1032 592 vixerint,
1077 525 1310 581 omnino
1344 534 1473 579 sunt
1509 525 1574 579 iis
1608 523 1900 578 inferiores
1943 522 2030 590 qui

2148 535 2318 590 ρητος
2349 513 2685 585 σφάλλεσθαι
2711 513 2862 581 λέγει
2890 512 3019 577 τοὺς
3043 498 3191 566 οὕτω
3222 512 3353 583 περὶ
3377 515 3480 566 τῶν
3507 533 3694 586 προπα-

459 626 513 678 ἰη
544 627 661 693 ipso
689 623 872 692 vigore
894 618 1144 674 veritatis
1169 619 1519 673 exstiterunt.
1552 617 1678 670 llaec
1701 615 2036 684 Chrysosto-

460 733 598 770 mllS.
637 714 1017 768 'l‘heodorctus
1053 721 1236 766 autem
1286 727 1478 765 errare
1509 709 1640 765 dicit
1679 723 1776 765 eos
1805 710 1898 778 qui
1933 709 2039 763 hoc

460 810 620 864 modo
660 806 728 860 de
766 807 962 876 priscis
996 805 1102 859 illis
1151 803 1404 874 patribus
1441 812 1498 857 et
1551 805 1792 858 sentiant
1840 811 1897 856 et
1949 803 2035 858 lo-

455 909 713 970 quantur.
748 898 1073 965 Quanquam
1117 896 1263 949 enim
1293 895 1371 948 illi
1430 893 1719 947 Dominum
1760 893 2036 946 scnsiliter

455 1007 562 1046 non
622 989 883 1053 viderint,
933 987 1136 1042 mentis
1174 995 1352 1039 tamen
1389 984 1752 1054 intelligentia
1805 999 2037 1052 conspe-

453 1090 602 1136 ctum
639 1081 707 1135 ab
736 1081 800 1134 iis
828 1094 968 1134 esse.
999 1079 1067 1132 Et
1099 1078 1192 1147 qui
1244 1077 1367 1131 aliis
1403 1076 1632 1131 inferior
1662 1085 1826 1143 atque
1853 1075 2034 1130 minor

453 1173 522 1226 sit
555 1173 600 1226 is
626 1173 719 1242 qui
751 1171 872 1224 sinu
919 1186 1018 1224 suo
1056 1179 1278 1224 sanctos
1305 1169 1558 1238 excipiti
1587 1168 1685 1235 Qui
1715 1168 1911 1229 Moses.
1940 1169 2034 1237 qui

455 1251 840 1318 transformata
888 1261 1122 1315 Domino
1172 1269 1228 1313 et
1281 1261 1397 1329 ipse
1436 1260 1859 1313 transformatus
1907 1267 2030 1324 est,

455 1353 569 1405 lilia
603 1366 818 1421 quoque
849 1361 1139 1420 prcescnte,
1174 1359 1322 1404 tanta
1352 1364 1475 1403 cum
1505 1348 1788 1418 majestate
1823 1363 1887 1402 ac
1911 1349 2030 1418 glo-

455 1444 557 1508 ria,
597 1452 658 1496 ut
690 1445 852 1497 etiam
908 1458 1035 1496 cum
1074 1443 1191 1513 ipso
1222 1454 1329 1497 tam
1366 1446 1434 1499 de
1464 1459 1628 1499 cruce
1661 1459 1825 1512 quam
1856 1453 2032 1499 morte

453 1542 706 1589 secutura
740 1535 1189 1605 colloquerentur
1210 1537 1235 1588 ‘i
1262 1535 1388 1590 l-lzec
1420 1535 1756 1590 Theodoreti
1789 1544 1874 1590 est
1905 1549 2034 1590 sen-

455 1626 647 1680 tentia.
685 1625 766 1679 Tu
794 1641 947 1691 vero,
991 1628 1191 1682 dilecte
1231 1627 1331 1692 (ili,
1390 1627 1576 1697 potius
1611 1627 1846 1682 oratoris
1883 1627 2031 1682 illius

452 1716 608 1770 aurei
649 1716 832 1771 verbis
863 1719 1130 1772 accedito.
1173 1719 1241 1772 Et
1269 1733 1507 1788 quanam
1539 1717 1607 1773 de
1644 1719 1848 1774 causa?
1879 1718 2032 1784 Quo-

2140 611 2320 679 τόρων
2352 607 2449 661 καὶ
2489 605 2827 676 φρονοῦντας
2856 606 2950 659 καὶ
2980 605 3262 674 λέγοντας.
3290 605 3352 658 El
3379 607 3483 677 γάρ
3506 610 3598 661 καὶ
3632 611 3702 681 μὴ

2137 702 2412 772 αἰσθητῶς
2448 703 2647 754 ἐκεῖνοι
2675 700 2768 753 τὸν
2794 699 3002 769 Κύριον
3041 693 3208 763 εἶδον,
3241 696 3372 750 ἀλλὰ
3405 699 3606 769 νοητῶς
3635 698 3708 754 εἷ-

2135 793 2226 847 δον
2251 793 2438 848 αὐτόν.
2469 793 2595 856 Πῶς
2620 792 2676 844 δὲ
2711 792 2806 844 καὶ
2832 791 3078 843 ἐλάσσων
3103 791 3130 843 ό
3156 792 3280 851 τοὺς
3308 792 3498 859 ἁγίους
3523 793 3597 855 εις
3621 793 3709 845 τὸν

2137 885 2338 939 κόλπον
2370 883 2538 936 αὑτοῦ
2564 883 2876 953 δεχόμενος,
2907 881 3006 934 καὶ
3033 881 3062 933 ό
3093 883 3159 952 τῇ
3181 880 3278 935 τοῦ
3311 882 3515 953 Κυρίου
3550 901 3708 953 μετα-

2140 977 2425 1048 μορφώσει
2463 974 3043 1046 συμμεταμορφωθεὶς
3068 973 3305 1045 Μωῦσῆς
3341 974 3460 1042 ἅμα
3504 975 3582 1047 τῷ
3619 978 3710 1030 Ἦ-

2136 1069 2226 1138 λίᾳ
2261 1069 2399 1139 μετὰ
2426 1066 2696 1137 τοσαύτης
2725 1066 2885 1136 δόξης
2920 1065 3063 1119 ὥστε
3101 1065 3387 1121 συλλαϐεῖν
3417 1067 3565 1138 αὐτῷ
3587 1070 3710 1140 περί

2135 1178 2194 1214 τε
2253 1160 2492 1231 σταυροῦ
2552 1162 2649 1212 καὶ
2697 1160 2973 1224 θανάτου;
3015 1158 3127 1210 Καὶ
3159 1160 3189 1210 ό
3245 1160 3342 1226 μὲν
3373 1159 3708 1232 Θεοδὼρητος

2133 1251 2278 1305 οὕτω
2303 1269 2318 1283 ·
2353 1253 2416 1306 σὺ
2456 1252 2536 1315 δὲ,
2569 1250 2846 1320 ἀγαπητὲ,
2870 1254 2984 1314 τοῖς
3014 1252 3109 1306 τοῦ
3135 1252 3599 1324 Χρυσορῤήμονος
3621 1254 3709 1306 ὲπὶ

2136 1347 2301 1399 πλέον
2330 1345 2647 1416 πρόσκεισο.
2689 1343 2849 1407 Τίνος
2879 1343 3067 1397 ἕνεκεν
3091 1361 3105 1408 ;
3132 1344 3217 1396 ὅτι
3242 1347 3357 1408 τοῖς
3379 1343 3472 1397 τοῦ
3505 1345 3708 1415 Κυρίου

2135 1437 2319 1505 λόγοις
2364 1437 2431 1489 τά
2483 1435 2714 1490 τοιαῦτα
2749 1436 3092 1508 συνᾴδουσιν.
3133 1436 3261 1489 Ἐπὶ
3301 1439 3412 1508 γὰρ
3463 1437 3542 1508 τῷ
3574 1439 3713 1492 κατὰ

2131 1526 2350 1579 Λουκᾶν
2388 1525 2716 1596 Εὑαγγελίῳ
2747 1525 2844 1578 καὶ
2864 1525 2992 1578 τάδε
3023 1527 3138 1588 τοῖς
3165 1525 3492 1590 ἀποστόλοις
3523 1525 3707 1594 ﬂaye-

2139 1618 2444 1686 «Μακάριοι
2462 1619 2511 1670 οί
2538 1617 2812 1685 ὀφθαλμοὶ
2829 1619 2878 1670 oi
2908 1617 3197 1687 βλέποντες
3214 1617 3250 1671 ά
3277 1617 3527 1686 βλέπετε.
3558 1619 3711 1686 Λέγω

2133 1711 2240 1782 γὰρ
2257 1710 2394 1780 ὑμῖν
2423 1712 2506 1764 ὅτι
2524 1710 2708 1763 πολλοὶ
2735 1709 3016 1780 προφῆται
3048 1709 3145 1764 καὶ
3175 1710 3420 1781 βασιλεῖς
3445 1709 3710 1781 ἠθέλησαν

453 1810 594 1861 niam
630 1824 692 1863 ea
727 1824 851 1863 cum
883 1809 1099 1864 Domini
1132 1810 1315 1865 verbis
1338 1811 1713 1875 consentiunt,
1741 1810 1835 1878 qui
1859 1808 2027 1864 etiam

2137 1803 2334 1859 ιδεῖνςᾶ.
2366 1804 2526 1875 ὑμεῖς
2560 1802 2811 1873 βλέπετε,
2841 1801 3060 1872 καὶεοῦκ
3086 1800 3251 1869 εἶδον,
3292 1804 3392 1856 καὶ
3419 1803 3648 1856 ἀκοῦσαι
3681 1801 3716 1856 ἃ

455 1900 507 1952 in
567 1900 865 1972 Evangelia
919 1918 1018 1972 per
1068 1901 1270 1957 Lucam
1323 1903 1521 1960 litteris
1577 1902 1898 1974 consignato
1954 1902 2030 1956 sic

2143 1895 2396 1964 ἀκούετε,
2425 1894 2524 1949 καὶ
2546 1895 2644 1948 οὐκ
2675 1895 2973 1965 ἥκουσαν.»
3008 1893 3139 1948 Τίνα
3163 1893 3219 1948 δὲ
3244 1893 3420 1949 ταῦτα
3442 1913 3459 1961 ;
3487 1897 3554 1949 τὰ
3579 1898 3716 1949 κατά

450 1991 724 2060 apostolos
761 1992 1094 2063 alloquitur:
1157 2014 1174 2048 ι
1214 1994 1426 2050 Felices
1476 1995 1623 2050 oculi
1655 2035 1670 2060 ,
1726 1994 1932 2066 quibus
1970 2009 2030 2050 ea

2141 1991 2241 2060 τὴν
2275 1989 2542 2058 ινσαρκον
2583 1989 2807 2052 πάντως
2835 1988 3175 2058 οίκονομίαν,
3205 1981 3283 2042 ὧν
3331 1991 3383 2043 οῖ
3431 1989 3716 2043 ἀπόστολοι

451 2084 639 2138 datum
667 2093 753 2140 est
785 2086 985 2141 intueri
1010 2103 1130 2157 qua:
1158 2102 1254 2143 vos
1285 2088 1534 2144 cernitis.
1567 2088 1682 2144 lloc
1710 2094 1858 2143 enim
1879 2088 2030 2144 vobis

2144 2082 2300 2152 μόνοι
2341 2081 2790 2152 κατηξιώθησαν.
2838 2081 2996 2135 Κατὰ
3027 2081 3121 2136 δύο
3164 2081 3354 2136 λοιπὸν
3387 2083 3718 2153 ὑπερέχουσι

450 2178 738 2258 crmlirmp,
774 2178 1089 2246 complures
1127 2186 1280 2233 vates
1314 2188 1478 2248 atque
1513 2193 1666 2249 reges
1711 2177 1900 2234 videre
1935 2193 2030 2233 cu-

2139 2171 2250 2224 τῶν
2285 2171 2582 2242 προφητῶν
2629 2170 2680 2224 oi
2725 2172 3041 2238 ἀπόστολοι,
3093 2175 3189 2226 καὶ
3232 2175 3382 2227 κατὰ
3429 2175 3491 2227 to
3536 2190 3720 2243 σωμα-

449 2264 653 2332 pivisse
678 2282 800 2336 qua:
828 2284 928 2322 vos
959 2268 1181 2332 videtis,
1220 2283 1323 2323 nec
1352 2277 1534 2324 tamen
1570 2269 1805 2332 vidisse;
1844 2283 1907 2322 ac
1938 2283 2030 2321 au-

2140 2263 2312 2327 τικῶς
2336 2263 2468 2318 ίδεῖν
2496 2263 2590 2316 καὶ
2637 2263 2781 2318 κατὰ
2809 2263 2873 2317 τὸ
2920 2265 3311 2334 πνευματικῶς
3359 2267 3629 2337 μυηθῆναι
3657 2265 3721 2319 τὰ

452 2354 572 2410 dire
606 2358 882 2424 cupivisse
935 2374 1056 2428 quae
1098 2373 1198 2414 vos
1241 2359 1470 2422 auditis,
1529 2374 1631 2414 nec
1665 2367 1846 2415 tamen
1881 2357 2039 2412 audi—
2143 2355 2284 2413 θεῖα.

451 2448 596 2502 uisse
622 2450 721 2500 ⁷³.»
759 2449 1018 2514 Quaenam
1051 2467 1182 2506 vero
1236 2451 1325 2506 illa
1375 2453 1546 2507 sunt?
1582 2449 1824 2506 Omnino
1873 2449 2086 2505 scilicet
2123 2463 2186 2503 ea
2219 2463 2342 2518 qua:
2369 2461 2399 2502 a
2447 2446 2670 2502 Christo
2704 2444 3178 2502 administratione
3225 2448 3403 2517 ipsius
3471 2449 3525 2503 in
3559 2464 3717 2504 carne

450 2541 686 2596 durante
717 2551 863 2612 gesta
891 2551 1042 2606 sunt,
1077 2559 1313 2612 quorum
1374 2543 1800 2613 spectandorum
1871 2550 2116 2613 potestas
2155 2540 2289 2595 solis
2323 2539 2586 2608 apostolis
2619 2537 2868 2609 contigit.
2921 2539 3266 2610 Quapropter
3295 2543 3532 2611 apostoli
3587 2541 3720 2596 dua-

451 2637 556 2692 bus
588 2637 752 2692 rebus
818 2647 973 2692 vates
1025 2647 1307 2708 superant,
1351 2647 1464 2693 tum
1505 2638 1655 2710 quod
1706 2639 2068 2710 corporaliter
2105 2637 2391 2694 Christum
2418 2637 2678 2704 viderint,
2730 2645 2848 2694 tum
2898 2637 3046 2709 quod
3117 2639 3487 2710 spiritualiter
3531 2637 3599 2694 ab
3629 2653 3720 2694 eo.

451 2727 574 2781 dem
613 2727 779 2782 rebus
811 2727 1011 2783 divinis
1043 2727 1250 2785 fuerint
1283 2731 1512 2789 initiati.

521 2869 726 2934 Quodsi
774 2869 942 2924 etiam
977 2884 1312 2940 cognoscere
1345 2871 1444 2926 tibi
1493 2870 1628 2927 libet
1656 2886 1821 2942 quam
1875 2869 2030 2926 multi

2218 2867 2385 2922 Ἀλλά
2419 2867 2515 2924 καὶ
2573 2867 2673 2931 τὰς
2705 2869 2770 2922 ὲκ
2821 2868 3031 2938 νεκρῶν
3075 2868 3324 2938 ὲγέρσεις
3379 2872 3496 2940 εἴγε
3531 2873 3719 2943 μαθεῖν

448 2975 519 3014 cx
552 2961 785 3016 mortuis
818 2961 930 3016 sint
966 2962 1300 3026 resuscitati,
1342 2973 1398 3018 et
1427 2965 1651 3032 quinam
1693 2963 1773 3017 illi
1804 2962 2030 3028 fuerint,

2134 2959 2439 3031 ἐπιζητεῖς,
2469 2959 2633 3012 πόσαι
2681 2957 2824 3012 είσὶν
2863 2954 3037 3013 αὗται
3071 2962 3164 3014 καὶ
3205 2960 3381 3015 τίνων
3415 2965 3574 3028 είσὶν,
3614 2964 3717 3016 ἴδού

453 3052 552 3106 has
586 3051 732 3121 ipsas
777 3052 1140 3107 ex'citationes
1183 3053 1528 3107 recensendo
1571 3052 2030 3108 commemorabi-

2134 3069 2218 3104 σοι
2260 3051 2466 3114 ταύτας
2510 3048 3012 3121 ἀπαριθμίισασθαι
3049 3052 3153 3105 οὐκ
3187 3054 3505 3125 ὀκνήσαιμεν
3551 3055 3720 3109 Ὀκτὼ

449 3158 593 3198 mus.
627 3142 962 3198 Acciderunt
993 3144 1161 3213 igitur
1195 3144 1250 3198 in
1274 3146 1593 3199 universum
1629 3154 1756 3200 octo
1799 3159 2030 3207 numero

2135 3139 2233 3210 μὲν
2267 3136 2360 3215 οὖν
2390 3141 2500 3194 είσι
2546 3139 2640 3194 τὸν
2671 3139 2930 3210 ἀριθμὸν,
2957 3142 3054 3194 τοῦ
3104 3141 3206 3211 τῆς
3238 3143 3569 3214 Σαραφθίας
3603 3144 3716 3198 υἱοῦ

451 3243 800 3288 mortuorum
850 3233 1324 3289 resuscitationes.
1365 3235 1573 3301 Prima,
1618 3235 1814 3290 revixit
1871 3235 2100 3324 Sara-c

451 3325 710 3394 phthana:
748 3325 999 3379 mulieris
1036 3325 1202 3388 illius,
1235 3341 1397 3396 quem
1426 3327 1577 3382 Elias
1614 3336 1767 3383 vates
1792 3327 1919 3382 vitae
1942 3344 2026 3382 re-

449 3417 654 3472 stituit.
691 3415 893 3481 Altera,
950 3416 1310 3474 Somanitidis
1361 3419 1506 3474 illius
1533 3458 1548 3483 ,
1601 3435 1764 3490 quem
1799 3421 2026 3476 Elisaeus

449 3508 734 3564 excitavit.
764 3509 972 3576 Tertia,
995 3510 1154 3564 miles
1183 3510 1296 3576 ille,
1330 3511 1424 3580 qui
1465 3526 1590 3566 cum
1627 3513 1886 3582 reliquias
1911 3513 2026 3569 Eli-

449 3598 543 3652 saei
572 3599 916 3669 contigisset,
949 3608 1207 3670 tanquam
1243 3616 1311 3656 ex
1339 3601 1461 3672 igne
1497 3603 1752 3671 prosiliit.
1793 3604 2020 3671 Quarta,

449 3690 659 3760 collegii
677 3691 940 3761 principis
958 3693 1089 3747 ﬁlia.
1113 3692 1344 3762 Quinta,
1373 3695 1552 3749 viduae
1576 3695 1824 3750 mulieris
1855 3697 2019 3753 filius.

449 3783 629 3848 Sexta,
663 3783 922 3840 Lazarus.
945 3785 1213 3855 Septima,
1240 3793 1410 3841 multa
1434 3796 1748 3842 sanctorum
1769 3803 2023 3857 corpora.

448 3876 649 3932 Octava
671 3876 912 3948 denique
937 3879 1330 3934 resuscitatum
1360 3888 1445 3934 est
1461 3879 1868 3934 sanctissimum
1888 3879 2024 3935 illud

445 3985 652 4038 corpus
695 3969 1073 4036 dominicum;
1126 3985 1446 4041 quanquam
1507 3971 1752 4027 haeretici
1801 3972 2024 4040 quidam

448 4059 716 4130 Apelliani
755 4060 948 4124 fuere,
1002 4061 1098 4130 qui
1140 4062 1346 4118 furiose
1383 4063 1605 4118 aiebant
1633 4064 1847 4118 Domini
1897 4080 2020 4120 cor-

448 4165 554 4219 pus
602 4151 658 4204 in
713 4149 969 4219 sepulcro
1025 4152 1334 4207 resolutum
1389 4154 1441 4207 in
1478 4154 1747 4209 elementa
1787 4166 2025 4225 quatuor

448 4251 590 4303 esse,
619 4237 688 4292 de
720 4238 922 4308 quibus
948 4246 1006 4293 et
1036 4240 1396 4297 constitisset.
1429 4241 1696 4297 Caeterum
1727 4245 1895 4298 multa
1932 4247 2022 4301 illa

447 4337 765 4383 sanctorum
793 4366 811 4393 ,
863 4329 955 4398 qui
1008 4330 1479 4400 obdormiverant,
1519 4349 1750 4404 corpora
1798 4337 2022 4406 potissi-

448 4432 598 4472 mum
649 4417 858 4474 idcirco
909 4433 1400 4492 ressurrexerunt,
1452 4431 1513 4479 ut
1563 4440 1660 4495 per
1691 4425 1794 4480 hoc
1841 4427 2022 4496 ipsum

445 4508 756 4580 prodigium
800 4510 1020 4580 publice
1073 4511 1451 4568 declararetur
1479 4515 1649 4570 Deum
1689 4516 1844 4571 illum
1898 4532 2020 4572 esse

2130 3232 2189 3286 ὃν
2214 3232 2242 3285 ό
2284 3233 2468 3297 Ἠλίας
2501 3233 2718 3304 ἧγειρε,
2752 3231 2848 3285 τοῦ
2877 3231 2978 3300 τῆς
3025 3233 3409 3304 Σωμανίτιδος
3451 3236 3568 3291 υῑοῦ
3604 3237 3661 3291 ὃν
3692 3238 3720 3289 ό

2152 3324 2454 3388 Ἐλισσαῖος
2485 3325 2700 3395 ἤγειρε,
2733 3324 2830 3378 καὶ
2876 3324 2971 3377 τοῦ
3021 3326 3374 3394 στρατιώτου
3413 3330 3622 3384 ἐκείνου
3665 3331 3722 3391 ὃς

2135 3416 2361 3484 ἐγγίσας
2409 3417 2521 3478 τοῖς
2551 3415 2648 3468 τοῦ
2689 3415 3002 3470 Ἐλισσαίου
3035 3415 3311 3486 λειψάνοις
3347 3419 3434 3484 ὡς
3476 3421 3586 3476 ἀπὸ
3625 3439 3724 3474 πυ-

2135 3507 2230 3580 ρὸς
2279 3508 2604 3579 ἐξεπήδησε,
2639 3508 2739 3576 τῆς
2795 3507 2893 3562 τοῦ
2920 3509 3384 3579 ἀρχισυναγώγου
3433 3514 3720 3584 θυγατρὸς,

2132 3597 2229 3652 τοῦ
2257 3601 2358 3670 τῆς
2385 3602 2558 3670 χήρας
2587 3599 2729 3665 υίοῦ,
2766 3600 2861 3654 τοῦ
2892 3600 3168 3670 Λαζάρου,
3207 3603 3317 3657 τῶν
3366 3606 3721 3660 πολλῶνςσω·

2135 3689 2346 3760 μάτων,
2378 3689 2471 3745 καὶ
2497 3690 2664 3745 αὑτοῦ
2695 3690 2789 3744 τοῦ
2810 3693 3080 3758 παναγίου
3108 3693 3203 3748 καὶ
3225 3695 3521 3765 Κυρεακοῦ
3542 3699 3725 3768 σώμα-

2138 3797 2252 3845 τος,
2285 3781 2336 3834 εί
2360 3781 2454 3836 καὶ
2479 3784 2745 3849 μανέντες
2765 3784 2816 3836 οἱ
2843 3782 3180 3838 ’Δπελλιανοὶ
3199 3785 3395 3854 ἔλεγον
3410 3792 3468 3844 ὲν
3483 3791 3559 3862 τῷ
3573 3791 3724 3862 τάφῳ

2131 3869 2450 3941 διαλυθῆναι
2489 3873 2549 3926 τὸ
2580 3873 2743 3944 σῶμα
2777 3872 2873 3928 τοῦ
2916 3875 3124 3942 Κυρίου
3166 3878 3249 3942 είς
3290 3879 3550 3953 τέσσαρα
3581 3901 3723 3938 στοι-

2131 3962 2252 4029 χεῖα
2283 3961 2341 4028 ἐξ
2362 3955 2438 4019 ὧν
2461 3961 2556 4015 καὶ
2593 3965 2915 4033 συνέστηκε.
2954 3967 3034 4019 Τὰ
3059 3969 3244 4036 μέντοι
3275 3973 3459 4026 πολλὰ
3490 3973 3718 4042 σώματα

2130 4051 2244 4104 τῶν
2293 4053 2715 4124 κεκοιμημένων
2767 4054 2943 4123 ἁγίων
2991 4057 3300 4131 ἀνέστησαν
3336 4063 3416 4127 ὡς
3466 4064 3719 4118 ἐντεῦθεν

2129 4144 2276 4197 Θεὸν-
2306 4145 2753 4215 ἀνακηρυχθῆναι
2797 4146 2892 4201 τὸν
2924 4147 3228 4221 πάσχοντα,
3271 4157 3624 4228 πιστωθῆναι
3655 4174 3715 4208 τε

2129 4235 2230 4305 τῆς
2252 4235 2574 4301 τελευταίας
2597 4239 2690 4292 καὶ
2721 4240 2908 4308 κοινῆς
2938 4241 3294 4308 ἀναστάσεως
3318 4248 3380 4301 τὸ
3407 4251 3718 4321 μυστήριον

2131 4329 2222 4384 καὶ
2247 4328 2355 4383 τῶν
2385 4329 2768 4400 κατεχομένων
2791 4334 2851 4387 ἐν
2876 4333 3003 4405 ᾅδου
3035 4335 3226 4406 ψυχῶν
3258 4339 3362 4409 τὴν
3394 4342 3717 4413 ἐλευθερίαν

2129 4419 2266 4486 ὁμοῦ
2305 4417 2400 4470 καὶ
2438 4418 2717 4473 ἐπάνοδον.
2753 4421 2862 4476 Καὶ¹
2892 4421 3002 4493 γὰρ
3030 4425 3085 4477 αί
3129 4428 3512 4485 πιστεύσασαι
3549 4432 3722 4501 ψυχαὶ

2128 4508 2205 4578 τῷ
2235 4508 2457 4580 Χριστῷ
2487 4510 2788 4566 καταϐάντι
2818 4513 2950 4584 πρὸς
2977 4515 3109 4586 ᾅδην
3137 4517 3302 4581 εὐθὺς
3334 4523 3714 4593 ἀπελύθησαν.

444 4598 539 4668 qui
591 4607 703 4653 tum
736 4599 1082 4668 patiebatur;
1131 4616 1197 4656 ac
1230 4602 1422 4656 eadem
1451 4606 1632 4672 Topera
1667 4607 1928 4676 mysterio
1955 4605 2024 4661 de

2134 4600 2239 4653 Καὶ
2269 4601 2394 4654 ἐπεὶ
2423 4601 2685 4656 ἀδύνατον
2713 4599 2782 4674 ἦν
2805 4605 2984 4675 ψυχὰς
3017 4606 3160 4662 οὕτω
3184 4612 3402 4680 γυμνάς
3433 4615 3722 4684 αἰσθητοῖς

443 4702 716 4760 postrema
732 4701 789 4748 et
813 4693 1090 4748 communi
1106 4693 1264 4764 231
1286 4697 1693 4752 resurrectione
1710 4699 2022 4753 mortalium

2134 4691 2397 4761 ὖραθῆναι
2444 4692 2771 4764 ὀφθαλμοῖς,
2837 4697 3121 4770 οίκονομίᾳ
3153 4701 3275 4772 θείᾳ
3329 4705 3474 4773 πρὸς
3537 4707 3720 4757 πίστιν

445 4780 580 4836 fides
611 4782 1026 4848 conciliaretur,
1060 4791 1120 4837 ut
1151 4784 1442 4842 manifesta
1485 4787 1724 4856 denique
1755 4788 1909 4844 ﬁeret
1930 4804 2023 4842 ea-

2134 4784 2272 4851 μετὰ
2295 4786 2564 4854 σωμάτων
2589 4787 2869 4855 ὲςςάνησαν
2893 4791 2948 4842 αί
2967 4791 3075 4844 τῶν
3100 4797 3532 4864 κεκοιμημένων
3550 4799 3721 4865 ἁγίων

446 4887 568 4925 rum
609 4873 920 4928 animarum
948 4874 1204 4930 liberatio
1249 4875 1413 4930 simul
1446 4885 1502 4932 et
1540 4877 1772 4943 reditus,
1809 4877 1862 4931 in
1890 4894 2020 4933 orco

2134 4877 2317 4946 ψυχαὶ,
2348 4873 2447 4930 εἷθ’
2471 4875 2645 4940 οὕτως
2674 4879 2756 4942 είς
2785 4879 2911 4944 τοὺς
2940 4883 3252 4953 ἀνήκοντας
3282 4887 3488 4949 αὐταῖς
3518 4888 3720 4949 τόπους

445 4961 684 5017 detenta:
716 4978 839 5032 quae
861 4963 1101 5020 fuerant.
1139 4958 1357 5021 Etenim
1389 4965 1586 5021 anima:
1618 4983 1741 5036 quae
1766 4967 1835 5022 ad
1862 4966 2020 5022 Chri-
2124 4969 2474 5038 ἀπέπτησαν.

447 5062 592 5107 stum
643 5057 710 5110 ad
743 5071 936 5110 orcum
995 5057 1421 5116 descendentem
1467 5060 1845 5125 crediderunt,
1896 5075 2023 5114 mox
2059 5059 2300 5116 dimissae
2348 5062 2706 5132 liberatisque
2757 5072 2907 5120 sunt.
2949 5063 3017 5120 Et
3071 5067 3331 5137 quoniam
3413 5071 3533 5125 ﬁeri
3609 5085 3716 5122 non

445 5157 665 5234 poterat
698 5158 760 5203 ut
791 5149 986 5206 animae
1042 5154 1202 5208 nudae
1251 5156 1546 5211 sensilibus
1583 5157 1759 5211 oculis
1797 5155 2274 5226 conSpicerentur,
2345 5157 2534 5212 divino
2610 5159 2845 5227 quodam
2917 5161 3151 5217 consilio
3211 5173 3534 5219 sanctorum
3597 5164 3720 5219 illo-

449 5257 571 5296 rum
602 5243 909 5306 bominum,
938 5245 1031 5314 qui
1090 5247 1749 5313 obdormierant,anima:
1775 5265 1903 5304 cum
1967 5250 2098 5319 ipsis
2131 5249 2460 5320 corporibus
2510 5261 2909 5321 apparuerunt,
2949 5262 3007 5308 ut
3057 5255 3193 5311 ﬁdes
3252 5257 3494 5324 amplior
3537 5266 3717 5318 esset;

447 5337 758 5409 deindeque
807 5355 1002 5396 rursus
1062 5343 1130 5398 ad
1168 5345 1288 5399 loca
1330 5344 1436 5400 sibi
1489 5344 1762 5399 destinata
1809 5346 2192 5416 convolarunt.

521 5467 664 5524 Cave
715 5483 941 5534 autem,
993 5472 1195 5529 dilecte
1237 5473 1336 5540 (ili,
1392 5488 1461 5528 ne
1509 5472 1652 5529 forte
1700 5491 1795 5545 per
1820 5491 1882 5530 ca
1912 5491 2030 5545 qua:

2203 5476 2349 5545 Ὅρα
2381 5476 2457 5542 δὲ,
2495 5478 2771 5550 ἀγαπητὲ,
2813 5481 2955 5549 μήτε
2980 5482 3094 5542 τοῖς
3131 5471 3233 5532 ὧδε
3280 5480 3511 5533 κάκεῖσε
3551 5479 3716 5548 μυθοο

451 5561 581 5616 hinc
625 5560 753 5616 inde
802 5563 1050 5619 fabulosa
1087 5577 1446 5635 Sparguntur,
1498 5576 1586 5620 tua
1623 5583 1844 5636 quoque
1879 5583 2030 5622 mens

2134 5565 2478 5634 λογουμένοις
2509 5570 2604 5620 καὶ
2638 5570 2664 5637 η
2701 5571 2767 5639 σὴ
2808 5569 3018 5622 διάνο;α
3052 5569 3560 5640 περιτραπήσεται.
3597 5569 3720 5620 Ὅτι

452 5663 819 5723 pervertatur.
855 5656 1075 5713 Famam
1101 5657 1246 5713 enim
1289 5658 1431 5729 apud
1472 5660 1672 5715 multos
1701 5660 2030 5727 obtinuisse,

2136 5661 2235 5728 μὲν
2270 5660 2379 5730 γὰρ
2428 5660 2915 5731 φημίζεταιπαρὰ
2970 5664 3079 5726 τοῖς
3119 5663 3329 5723 πολλοῖς
3375 5663 3446 5730 τῇ
3489 5658 3718 5727 Μαγδα-

465 5814 476 5822 ‘
511 5835 556 5865 ⁷³
595 5833 728 5888 Luc.
774 5852 828 5898 χ,
863 5837 955 5891 23.
