4054 6430
379 391 485 454 431

1617 400 2025 463 ANNALIUM
2068 405 2261 465 PARS
2309 406 2413 466 ΙΙΙ,

3536 416 3644 475 433

372 503 510 578 ληνῇ
562 507 750 580 ἐκείνῃ
779 507 1036 578 ἐντυχεῖν
1059 508 1150 564 τὸν
1193 510 1434 581 Γαληνὺν
1467 510 1653 582 ἰατρὸν
1687 513 1830 584 (58),
1864 518 1955 570 καὶ

2064 518 2209 588 quod
2246 519 2493 574 medicus
2526 519 2618 574 ille
2650 519 2887 576 Galenus
2933 522 2986 576 in
3024 522 3395 592 Magdalenam
3434 522 3638 577 incide-

374 599 608 654 ἀκοῦσαι
633 601 764 672 παρ’
786 602 962 672 αὐτῆς
993 604 1076 656 ὅτι
1102 603 1304 672 τυφλὸν
1323 606 1388 658 ὲκ
1415 606 1648 675 γενετῆς
1667 607 1695 660 6
1719 609 1956 677 Χριστὸς

379 692 594 755 ἰάσατο,
626 691 924 746 κάντεῦθεν
951 694 1128 746 εἰπεῖν
1157 694 1292 764 πρὸς
1315 695 1486 765 αὐτὴν
1525 697 1708 761 καλῶς
1744 701 1954 754 ἐκεῖνον

373 783 573 836 εἰδέναι
611 784 679 837 τὰ
707 786 807 854 τῆς
849 785 954 853 γῆς
1004 785 1246 856 μέταλλα
1279 787 1351 858 (εί
1401 788 1477 858 μὴ
1521 791 1630 858 γὰρ
1678 791 1846 844 τοῦτο
1864 788 1954 862 ἦν,

369 880 471 933 οὐκ
525 879 592 933 ἂν
652 881 744 932 τδν
800 879 1002 947 τυφλὸν
1055 880 1262 933 ἐκεῖνον
1326 879 1686 952 ὠμμάτωσε),
1733 883 1956 953 οἴδαμεν

371 970 537 1025 τοῦτο
557 972 652 1024 καὶ
683 971 868 1040 ἡμεῖς,
894 970 1029 1025 ἀλλὰ
1058 971 1158 1041 τὴν
1178 971 1439 1043 τοιαύτην
1471 973 1662 1044 φήμην
1687 977 1823 1044 μετὰ
1843 977 1955 1030 τῶν

377 1057 568 1126 μύθων
596 1057 897 1127 ἐτάξαμεν.
945 1059 1239 1114 ’Δδύνατον
1269 1062 1374 1132 γὰρ
1403 1065 1470 1133 τῇ
1503 1063 1838 1136 Μαγδαληνῇ
1867 1069 1954 1121 ὲν-

370 1151 608 1221 τυχόντα
639 1150 900 1221 Γαληνὸν,
942 1151 1018 1216 ὡς
1048 1152 1249 1206 ἐκεῖνοί
1277 1168 1435 1222 φασι,
1457 1156 1690 1226 Μάρκον
1725 1157 1823 1226 μὲν
1857 1157 1952 1227 βα-

373 1242 572 1306 σιλέως
607 1243 663 1295 ὲν
692 1244 806 1307 τοῖς
854 1243 993 1314 πρὸς
1029 1244 1253 1298 Πίσωνα
1295 1246 1625 1318 μεμνῆσθαι,
1660 1249 1952 1318 Κομμόδου

371 1337 427 1388 δὲ
487 1337 652 1390 πάλιν
684 1339 742 1391 ὲν
774 1337 852 1408 τῷ
888 1339 1019 1408 περὶ
1064 1339 1213 1410 ἠθῶν
1259 1339 1462 1412 πρώτῳ
1508 1340 1698 1412 βιϐλίῳ
1745 1341 1949 1395 αὐτοῦ·

375 1428 485 1481 ἀπὸ
515 1429 622 1501 γὰρ
651 1428 746 1482 τοῦ
782 1431 993 1499 Κυρίου
1019 1432 1178 1502 ήμῶν
1208 1432 1389 1504 Ἰησοῦ
1420 1431 1656 1500 Χριστοῦ
1691 1433 1796 1497 ἕως
1849 1434 1952 1487 αύ-

371 1520 470 1589 τῆς
520 1523 619 1589 τῆς
675 1519 961 1589 βασιλείας
1014 1521 1311 1593 Κομμόδου
1358 1521 1490 1576 ὡσεὶ
1531 1522 1724 1577 ἑκατὸν
1751 1523 1952 1594 πεντή-

373 1629 538 1665 κοντα
571 1611 668 1682 ἐτη
704 1611 817 1684 (59)
847 1613 1221 1686 εὑρίσκονται.
1254 1613 1365 1668 Καὶ
1393 1611 1569 1668 ταῦτα
1601 1611 1702 1684 μὲν
1752 1615 1832 1678 είς
1861 1629 1952 1667 το-

371 1721 586 1761 σουτον.

439 1893 573 1955 Οἶδα
601 1898 678 1962 δὲ,
705 1899 984 1970 ἀγαπητὲ,
1023 1899 1107 1953 ὅτι
1149 1898 1242 1954 καὶ
1264 1898 1425 1954 τοῦτο
1459 1896 1598 1970 πρὸς
1625 1899 1738 1961 τοῖς
1766 1895 1949 1959 ἄλλοις
1982 1866 2026 1921 Β

370 1991 656 2062 ήπόρηκας
681 2009 696 2024 ο
736 2008 756 2044 ι
791 1987 908 2045 Ἵνα
959 1989 1034 2057 τί,
1084 2007 1105 2042 ι
1160 1989 1356 2058 λέγων,
1400 2009 1420 2044 ι
1459 1991 1510 2044 οἱ
1551 1988 1797 2058 μαθηταὶ
1853 1985 1951 2041 τοῦ

367 2081 607 2152 Χριστοῦ
633 2082 726 2135 καὶ
758 2081 1048 2136 ἀπόστολοι
1075 2082 1145 2136 τὰ
1177 2081 1342 2136 λοιπὰ
1381 2081 1856 2152 συγγραψάμενοι,
1881 2081 1953 2134 τὰ

368 2175 510 2230 κατὰ
537 2174 636 2244 τὴν
663 2174 926 2242 κοίμησιν
951 2175 1050 2243 τῆς
1085 2171 1476 2243 ’Δειπαρθένου
1508 2174 1822 2228 παντάπασι
1861 2189 1952 2226 σε-

366 2268 671 2335 σιγήκασι;
712 2284 732 2318 ι
779 2264 890 2318 Καὶ
936 2263 1086 2317 ἔστιν
1116 2264 1296 2318 εἰπεῖν
1321 2264 1406 2318 ὅτι
1447 2264 1518 2317 τὰ
1545 2265 1644 2333 τῆς
1679 2264 1952 2334 ὲνσάρκου

371 2357 461 2411 τοῦ
487 2356 806 2427 Σωτῆρος,ή
818 2356 934 2425 μῶν
964 2355 1282 2421 οἰκονομίας
1307 2357 1357 2408 οί
1404 2355 1795 2424 εὐαγγελισταὶ
1830 2357 1952 2425 διη-

373 2447 634 2517 γούμενοι
681 2449 845 2518 μέχρι
875 2449 970 2502 καὶ
996 2448 1168 2516 αὐτῆς
1191 2449 1573 2520 κατηντήκασι
1595 2449 1694 2518 τῆς
1724 2450 1832 2504 ἀπὸ
1849 2452 1952 2519 γῆς

367 2540 533 2594 αὑτοῦ
583 2539 931 2610 ἀναλήψεως.
979 2539 1044 2594 Ἠ
1085 2540 1144 2594 δὲ
1184 2540 1280 2594 τοῦ
1320 2542 1527 2612 Κυρίου
1563 2542 1720 2614 ήμῶν
1769 2541 1947 2614 Ἰησοῦ

372 2631 606 2702 Χριστοῦ
625 2632 969 2701 πανάμωμος
993 2630 1212 2702 Μήτηρ⁹
1238 2632 1319 2695 είς
1343 2633 1520 2701 γῆρας
1539 2631 1759 2699 λέγεται
1783 2635 1950 2703 ἐφθα-

373 2725 520 2778 κέναι
543 2715 703 2794 βαθὺ,
731 2707 880 2776 διαθά
912 2739 1080 2793 φησιν
1103 2725 1131 2776 6
1153 2722 1429 2786 θειότατος
1454 2720 1710 2793 Ἀνδρέας
1737 2727 1765 2779 6
1795 2727 1951 2797 Κρή-

371 2833 490 2888 της.
530 2816 743 2870 Οὐκοῦν
789 2814 1056 2870 ἀδύνατον
1102 2810 1170 2884 ἦν
1211 2818 1278 2886 τῇ
1328 2815 1664 2888 εὐαγγελικῇ
1697 2834 1950 2888 παραμε-

372 2907 564 2978 μίχθαι
598 2906 810 2978 ἱστορίᾳ
840 2908 934 2961 καὶ
966 2908 1063 2978 τῆς
1104 2907 1497 2979 Ἀειπαρθένου
1533 2909 1635 2980 τὴν
1667 2909 1946 2980 κοίμησιν,

371 3001 463 3055 ἆτε
497 3000 674 3070 πολλῷ
702 3000 781 3069 τῷ
813 2999 993 3070 χρόνῳ
1023 3003 1339 3069 γεγονυῖαν,
1380 3000 1458 3064 ὡς
1507 3000 1742 3071 ἔφημεν,
1795 3000 1952 3055 ὔστε-

370 3110 486 3165 ρον.
526 3091 653 3164 Ίδίᾳ
681 3092 737 3145 δὲ
766 3085 935 3146 ’πάλιν
974 3094 1022 3145 οί
1063 3093 1307 3164 μαθηταὶ
1340 3094 1436 3148 τοῦ
1479 3093 1718 3164 Χριστοῦ
1753 3093 1944 3148 διαλα-

2065 610 2158 671 rit,
2197 619 2253 665 et
2283 610 2562 665 audiverit
2607 627 2676 665 ex
2714 627 2779 667 ea
2809 611 3088 667 Christum
3123 612 3414 682 quemdam
3443 627 3474 666 a
3505 612 3643 666 nati-

2061 701 2228 756 vitate
2260 717 2464 756 caacum
2496 717 2756 770 sanasse;
2792 705 2880 758 cui
2906 705 3146 760 Galenus
3182 704 3531 772 responderit
3557 721 3642 757 ne.

2061 807 2216 846 cesse
2249 793 2422 849 fuisse
2449 803 2508 848 ut
2535 795 2792 850 Christus
2829 807 2989 852 terrae
3013 797 3230 851 metalla
3265 796 3404 850 bene
3427 797 3642 866 cognita

2059 885 2341 952 habuerit,
2383 888 2586 955 alioqui
2643 891 2823 944 visum
2857 905 3003 944 caeco
3053 892 3342 944 restituere
3397 904 3506 943 non
3541 904 3644 957 po»~

2061 977 2254 1032 tuisse.
2296 977 2410 1035 Hoc
2469 981 2644 1050 igitur
2693 997 2795 1038 nos
2844 996 3065 1051 quoque
3119 982 3412 1034 novimus:
3449 993 3642 1032 verum

2056 1069 2338 1140 ejusmodi}
2378 1088 2653 1128 rumonem
2691 1074 3002 1128 fabularum
3060 1074 3115 1128 in
3171 1073 3423 1128 ordinem
3477 1082 3643 1142 atque

2057 1177 2353 1217 numerum
2386 1165 2701 1219 referimus.
2751 1166 2886 1219 Nam
2920 1164 3036 1218 fleri
3094 1179 3324 1233 prorsus
3357 1165 3550 1232 nequit
3583 1170 3642 1216 ut

2057 1253 2303 1322 ipsorum
2360 1256 2428 1310 de
2460 1257 2736 1310 sententia
2772 1257 3011 1312 Galenus
3061 1272 3184 1311 cum
3225 1254 3540 1324 Magdalena
3570 1254 3643 1307 sit

2053 1345 2386 1412 collocutus,
2417 1347 2512 1417 qui
2551 1347 2717 1403 Marci
2754 1348 3106 1417 imperatoris
3139 1348 3191 1401 in
3228 1347 3306 1400 iis"
3327 1345 3640 1399 meminerit

2051 1450 2176 1504 quae
2228 1437 2295 1491 ad
2345 1439 2602 1493 Pisonem
2663 1441 3008 1509 perscripsit,
3062 1440 3301 1507 itemque
3353 1435 3641 1492 Commodi

2053 1527 2388 1583 mentionem
2425 1529 2768 1598 imperatoris
2809 1532 2863 1584 in
2901 1531 3078 1600 primo
3113 1530 3188 1584 De
3225 1527 3470 1582 moribus
3497 1526 3642 1580 libro

2051 1617 2265 1674 fecerit.
2297 1621 2432 1675 Nam
2463 1622 2608 1677 inter
2629 1631 2847 1678 aetatem
2877 1621 3091 1677 Domini
3117 1619 3291 1676 nostri
3321 1619 3451 1674 Jesu
3479 1616 3641 1672 Chri-

2052 1708 2126 1764 sti
2159 1718 2216 1765 et
2259 1709 2547 1779 imperium
2589 1711 2873 1768 Commodi
2913 1711 3313 1782 pr0pemodum
3345 1707 3478 1764 anni
3537 1705 3640 1762 150

2057 1801 2429 1857 intercedunt.
2460 1803 2540 1860 Ac
2571 1805 2639 1859 de
2668 1804 2755 1858 his
2783 1804 3009 1875 quidem
3049 1804 3337 1858 hactenus.

2129 1906 2348 1961 Memini
2379 1922 2624 1977 quoque,
2658 1908 2856 1963 dilecte
2892 1908 2989 1973 fili,
3027 1917 3078 1962 te
3125 1908 3273 1971 inter
3306 1914 3510 1962 caetera
3535 1905 3642 1961 hu-

2051 2000 2302 2071 iusmodi
2328 1999 2729 2058 dubitationem
2769 2002 3065 2072 aliquando
3095 2001 3228 2056 mihi
3261 2000 3633 2070 proposuisse.

2052 2092 2448 2160 Quamobrem,
2504 2095 2710 2158 aiebas,
2752 2095 3010 2164 discipuli
3057 2092 3263 2149 Christi
3292 2101 3350 2148 et
3402 2091 3644 2161 apostoli

2053 2184 2222 2240 rebus
2273 2185 2402 2240 aliis
2447 2186 2504 2240 in
2536 2187 2973 2242 commentarios
3029 2193 3083 2240 et
3130 2184 3392 2240 historias
3425 2182 3640 2246 relatis,

2052 2292 2284 2347 prorsus
2317 2278 2386 2334 de
2421 2279 2832 2336 obdormitionc
2866 2289 3147 2350 perpetua
3183 2278 3426 2350 Virginis
3484 2278 3635 2333 illius

2051 2371 2440 2427 obticuerunt?
2465 2372 2577 2427 Hac
2620 2373 2688 2428 de
2716 2387 2777 2428 re
2826 2373 2960 2428 satis
3007 2381 3096 2428 est
3144 2371 3506 2442 respondere,
3539 2385 3640 2424 au-

2048 2470 2236 2519 ctores
2265 2463 2694 2535 Evangeliorum
2741 2463 2950 2518 Christi
2981 2463 3525 2519 administrationem
3579 2461 3636 2514 in

2049 2567 2219 2609 carne
2251 2564 2751 2609 commemorantes
2783 2554 2852 2608 ad
2908 2555 3030 2625 ejus
3065 2570 3095 2609 a
3126 2549 3300 2609 terris
3343 2555 3402 2609 in
3433 2551 3636 2608 coelum

2049 2643 2486 2712 assumptionem
2541 2645 2879 2713 pervenisse.
2927 2645 2998 2699 At
3046 2659 3242 2714 expers
3277 2643 3370 2698 illa
3405 2640 3636 2697 maculae

2050 2734 2268 2790 Domini
2305 2734 2482 2789 nostri
2532 2734 2664 2790 Jesu
2694 2734 2899 2790 Christi
2931 2735 3107 2789 Mater
3153 2742 3468 2803 provectam
3499 2740 3637 2786 ata-

2054 2833 2160 2880 tem
2200 2823 2448 2893 attigisse
2485 2823 2837 2893 perhibetur,
2870 2831 2931 2878 ut
2986 2823 3207 2878 divinus
3235 2823 3328 2877 ille
3381 2823 3487 2887 vir,
3519 2821 3664 2876 An—’

2052 2917 2214 2972 dreas
2258 2915 2541 2972 Cretensis
2598 2915 2852 2978 antistes,
2905 2923 3098 2968 auctor
3124 2920 3232 2968 est.
3283 2911 3636 2982 Quapropter

2053 3009 2170 3064 fieri
2211 3024 2324 3066 non
2360 3009 2542 3078 potuit
2572 3016 2633 3062 ut
2657 3006 2895 3078 Virginis
2925 3006 3075 3060 illius
3121 3013 3400 3075 perpetuae
3431 3003 3640 3058 obdor-

2056 3099 2217 3155 mitio
2261 3099 2598 3168 evangelica:
2659 3097 2905 3152 historiae
2967 3095 3305 3150 insereretur
3332 3139 3346 3160 ,
3384 3094 3461 3149 uti
3510 3108 3640 3162 qua:

371 3183 560 3238 ὕεσθαι
602 3185 732 3256 περὶ
765 3185 970 3255 ταύτης
1000 3184 1102 3239 οὐκ
1132 3184 1402 3254 ἔφθασαν,
1437 3187 1520 3240 ὅτι
1567 3188 1699 3257 περὶ
1728 3186 1822 3240 τὸν
1849 3188 1946 3258 τῆς

2057 3190 2214 3262 longo
2258 3191 2519 3258 deinceps
2552 3186 2821 3258 tempore,
2869 3201 2970 3242 ceu
3013 3187 3291 3252 diximus,
3341 3185 3626 3240 acciderit.

371 3277 680 3347 οἰκονομίας
723 3277 1120 3348 ἀσχολούμενοι
1171 3277 1353 3345 λόγον,
1394 3277 1494 3332 καὶ
1541 3277 1630 3331 διὰ
1666 3278 1950 3347 φροντίδος

372 3369 587 3441 ἔχοντες
613 3371 697 3422 ὅτι
746 3370 952 3439 πολλῆς
998 3367 1114 3432 πῶς
1155 3387 1215 3423 τε
1258 3369 1486 3433 πιστοὺς
1519 3370 1648 3434 τοὺς
1686 3371 1950 3431 ἀπίστους

373 3463 661 3534 ποιήσαιεν
693 3462 788 3517 καὶ
811 3464 963 3526 ὅπως
998 3464 1064 3533 τῇ
1090 3463 1233 3517 κατὰ
1257 3464 1498 3534 Χριστὸν
1535 3465 1831 3535 ἀμωμήτῳ
1855 3465 1949 3517 πί-

373 3571 488 3610 στει
519 3553 721 3616 πάντες
770 3553 1143 3626 προσέλθοιεν,
1191 3555 1258 3609 τὰ
1309 3554 1473 3609 λοιπὰ
1517 3555 1949 3626 παρεσλέπόντο,

372 3645 470 3698 καὶ
506 3643 748 3714 μάλιστα
780 3644 954 3699 ταῦτα
985 3644 1063 3716 τῷ
1112 3645 1244 3716 θείῳ
1273 3650 1594 3730 κηρύγματι
1624 3647 1710 3718 μὴ’
1742 3647 1952 3701 συντεία

373 3753 554 3790 νοντα.
589 3735 732 3805 Πλὴν
771 3735 832 3788 οὐ
857 3736 1034 3807 πάντη
1072 3735 1364 3804 σεσίγηται
1405 3737 1475 3790 τὰ
1510 3737 1613 3807 τῆς
1637 3736 1785 3800 θείας
1805 3736 1952 3790 exei-

374 3845 472 3899 νης
503 3828 817 3899 κοιμήσεως
838 3842 853 3858 °
889 3828 919 3880 6
952 3827 1061 3898 γὰρ
1087 3827 1402 3898 θεοφάντωρ
1427 3827 1524 3881 καὶ
1553 3829 1728 3898 μέγας
1763 3827 1950 3882 Διονύ-

375 3936 490 3982 σιο;
517 3919 814 3989 θαυμαστά
844 3935 971 3974 τινα
997 3920 1130 3989 περὶ
1158 3918 1361 3988 ταύτης
1387 3921 1446 3971 ὲν
1467 3921 1581 3982 τοῖς
1608 3917 1747 3988 πρὸς
1779 3919 1952 3988 Τιμό-

376 4011 500 4066 θεον
537 4013 766 4084 γράφων
799 4011 1136 4082 εὑρίσκεται.
1188 4011 1300 4064 Καὶ
1327 4011 1623 4084 πρόσσχες,
1650 4013 1699 4066 εἰ
1749 4011 1950 4082 βούλει,

374 4108 486 4168 τοῖς
513 4106 851 4176 λεγομένοις.
888 4104 948 4157 Ὀ
986 4104 1096 4174 γὰρ
1143 4102 1287 4168 θεῖος
1330 4095 1485 4167 οὗτος
1518 4105 1661 4175 ἀνὴρ
1689 4103 1787 4157 καὶ
1826 4105 1954 4158 τάδε

375 4196 518 4250 κατὰ
561 4197 715 4268 ῥῆμα
746 4197 876 4266 περὶ
923 4195 1115 4249 τούτου
1151 4194 1409 4260 διέξεισι·
1443 4213 1462 4248 ι
1495 4196 1603 4250 Καὶ
1647 4196 1807 4266 ήμεϊς
1855 4197 1955 4265 μὲν

375 4289 488 4355 οῦν,
515 4289 590 4352 ὡς
615 4284 794 4352 οἶσθα,
828 4288 923 4342 καὶ
951 4288 1111 4350 αὐτὸς
1143 4289 1236 4342 καὶ
1263 4287 1450 4340 πολλοὶ
1477 4287 1586 4342 τῶν
1610 4287 1773 4356 ίερῶν
1799 4289 1956 4358 ήμῶν

377 4380 620 4449 ἀδελφῶν
654 4381 746 4434 ἐπὶ
786 4379 886 4448 τὴν
931 4378 1061 4432 θέαν
1103 4377 1199 4432 τοῦ
1235 4377 1550 4448 ζωαρχικοῦ
1581 4378 1675 4431 καὶ
1705 4378 1954 4448 θεοδόχου

2050 3284 2319 3338 Preterea
2351 3297 2596 3337 seorsum
2640 3280 2904 3350 peculiari
2949 3279 3186 3350 quodam
3240 3278 3384 3332 libro
3419 3277 3485 3331 de
3509 3276 3628 3346 ipsa

2050 3375 2189 3432 nihil
2214 3373 2420 3430 Christi
2467 3373 2726 3443 discipuli
2770 3372 3049 3428 memoriae
3095 3369 3484 3441 prodiderunt,
3511 3383 3640 3437 pro-

2049 3477 2237 3538 pterea
2286 3466 2432 3536 quod
2479 3463 2917 3536 in‘explicanda
2943 3465 3115 3534 ipsius
3156 3462 3636 3518 administratione

2049 3557 2303 3626 occupati
2330 3598 2344 3620 ,
2394 3571 2832 3626 magnopereque
2858 3557 2925 3610 de
2972 3569 3081 3608 una
3118 3554 3212 3608 illa
3249 3570 3310 3609 re
3372 3551 3634 3617 solliciti,

2049 3664 2161 3719 quo
2188 3649 2448 3702 nimirum
2476 3658 2637 3716 pacto
2681 3646 2996 3702 incredulos
3026 3645 3217 3700 ﬁdeles
3240 3644 3523 3698 efficerent
3573 3655 3637 3692 ac

2052 3753 2243 3794 omnes
2264 3738 2332 3792 ad
2379 3752 2574 3806 puram
2622 3737 3008 3804 sinceramque
3045 3735 3103 3788 in
3145 3733 3427 3788 Christum
3472 3729 3634 3783 fidem

2053 3829 2468 3899 perducerent,
2516 3837 2712 3883 caetera
2766 3825 3160 3896 negligebant,
3212 3821 3516 3899 praesertim
3569 3834 3635 3872 ea

2054 3898 2178 3989 quae
2209 3920 2276 3974 ad
2300 3918 2542 3974 divinam
2562 3919 2708 3974 illam
2733 3915 3179 3987 praedicationem
3202 3898 3341 3967 nihil
3369 3912 3635 3965 facerent.

2055 4009 2216 4080 232
2237 4008 2358 4063 Non
2401 4017 2585 4064 tamen
2630 4009 2855 4063 omnino
2883 4006 3066 4062 divina
3113 4003 3266 4058 istaec
3301 3998 3638 4058 obdormitio

2053 4099 2276 4156 silentio
2295 4108 2383 4155 est
2405 4097 2703 4168 praeterita.
2725 4096 2860 4151 Nam
2894 4111 3077 4151 rerum
3101 4093 3192 4149 ille
3215 4091 3526 4148 divinarum
3554 4090 3642 4143 in-

2057 4199 2272 4261 terpres
2303 4204 2538 4260 magnus
2580 4188 2874 4261 Dionysius
2895 4188 2964 4243 de
3009 4187 3116 4242 hac
3134 4181 3457 4240 admiranda
3490 4193 3640 4248 quae-

2058 4283 2183 4339 dam
2209 4283 2266 4338 in
2311 4281 2636 4351 perscriptis
2660 4281 2726 4335 ad
2756 4280 3106 4335 Timotheum
3149 4275 3399 4346 epistolis
3425 4271 3642 4326 tradere

2058 4375 2511 4446 deprehenditur.
2535 4375 2614 4428 Ac
2641 4373 2767 4426 vide
2795 4372 2956 4436 mihi,
3002 4370 3259 4430 obsecro,
3292 4379 3414 4435 quae
3439 4362 3641 4419 dicturi

374 4474 634 4544 ’σώματος
679 4470 1147 4541 συνεληλύθαμεν,
1181 4468 1366 4540 παρῆν
1403 4469 1460 4522 δὲ
1509 4470 1603 4522 καὶ
1653 4470 1683 4521 6
1726 4469 1952 4539 ἀδελφό-

2059 4468 2233 4524 simus
2259 4481 2329 4522 ex
2349 4467 2498 4522 illius
2544 4463 2957 4531 narrationibus
2987 4461 3267 4528 decerpta.
3317 4476 3336 4510 ι
3385 4456 3495 4511 Nos
3521 4454 3646 4523 qui-

378 4533 497 4629 050';
525 4533 782 4627 'la’ticw6o;
828 4533 924 4615 καὶ
956 4533 1162 4632 Πέτρος
1194 4562 1226 4630 ἡ
1254 4533 1534 4630 διορυφαία
1571 4560 1681 4614 τῶν
1708 4533 1948 4615 ἀποστό-

2057 4559 2216 4624 dem,
2258 4559 2358 4623 ait,
2401 4573 2509 4612 una
2557 4567 2740 4613 tecum
2790 4554 3089 4622 multisque
3127 4549 3299 4606 sacris
3333 4546 3638 4602 fratribus.

377 4657 484 4711 λων
523 4654 788 4726 ἀκρότης.
824 4672 843 4704 ι
881 4653 1025 4723 Πρὸς
1073 4653 1300 4716 τούτους
1329 4652 1386 4705 δὲ
1437 4653 1534 4707 καὶ
1565 4652 1656 4706 τὸν
1682 4651 1778 4706 τοῦ
1810 4653 1955 4706 θείου

2057 4665 2160 4706 ceu
2187 4650 2516 4715 meministi,
2541 4648 2611 4703 ad
2651 4645 3014 4718 spectandum
3044 4657 3249 4713 corpus
3291 4639 3450 4704 illud,
3497 4637 3642 4707 quod

379 4748 593 4802 ἐκείνου
654 4746 828 4818 ὖμνου
879 4747 1120 4817 παράγει
1167 4746 1598 4816 προεξάρχοντι,
1660 4745 1955 4815 θεόληπτον

2057 4742 2183 4799 vitae
2224 4741 2559 4813 principium
2591 4749 2648 4794 ct
2690 4739 2870 4808 ipsum
2922 4737 3092 4790 Deum
3129 4730 3425 4802 aliquando
3457 4728 3640 4784 conti-

379 4835 645 4906 γεγονότα
668 4835 1026 4906 ἐξιστάμενον
1057 4834 1154 4888 καὶ
1181 4829 1296 4889 οἷον
1322 4833 1668 4904 ἐκδημοῦντα
1699 4835 1837 4905 πρὸς
1860 4834 1955 4904 τὴν

2058 4841 2283 4899 nuerat,
2339 4845 2796 4888 conveneramus.
2839 4829 3014 4884 Simul
3056 4826 3284 4880 aderant
3324 4822 3496 4875 frater
3539 4819 3643 4871 Do-

381 4927 654 4997 ὑμνῳδίαν
682 4925 1175 4998 μεταποιούμενον.
1203 4925 1309 4981 Καὶ
1335 4928 1390 4980 τί
1417 4927 1523 4997 χρὴ
1544 4927 1720 4980 πολλὰ
1744 4927 1966 4994 λέγεινς

383 5020 636 5075 Δείκνυσι
675 5019 764 5074 διὰ
785 5019 892 5076 τῶν
917 5017 1084 5074 αὐτοῦ
1115 5019 1290 5088 λόγων
1317 5021 1345 5073 6
1374 5018 1660 5082 θεσπέσιος
1687 5017 1967 5084 Διονύσιος

459 5199 570 5269 (58)
596 5199 728 5267 Quae
751 5206 1057 5266 sequuntur
1096 5198 1164 5254 de
1201 5198 1533 5269 Magdalenae
1589 5214 1712 5255 cum
1755 5197 1963 5254 Galeno

385 5270 742 5339 Pergameno,
767 5269 1106 5340 medicorum
1123 5269 1391 5340 principe,
1414 5270 1716 5340 colloquio,
1737 5283 1965 5340 prorsus

387 5341 634 5396 fabulosa
665 5347 817 5403 sunt,
849 5339 974 5393 licet
1007 5339 1228 5409 aliunde
1249 5339 1311 5409 id
1341 5339 1559 5408 probari
1599 5339 1838 5409 potuerit
1868 5339 1966 5394 de~

387 5410 692 5478 bueritque,
711 5424 873 5477 quam
891 5423 957 5463 ex
987 5409 1127 5464 libro
1157 5408 1225 5463 ad
1245 5408 1521 5474 Pisonem,
1547 5408 1683 5479 πρὸς
1721 5409 1962 5479 Πίσωνα,

389 5479 485 5567 qui
521 5477 673 5567 apud
693 5481 905 5548 aliquos
949 5479 1376 5567 coritrovertitur
1418 5494 1487 5534 an
1515 5477 1658 5534 inter
1695 5477 1965 5550 genuinos

389 5548 579 5604 Caleni
608 5548 773 5604 libros
798 5550 1076 5604 accenseri
1103 5549 1320 5604 debeat.

463 5619 576 5688 (59)
651 5620 816 5673 Ὡσεὶ
859 5625 954 5686 pr’
989 5620 1115 5686 ἐτη.
1181 5617 1390 5688 scribe,
1449 5617 1626 5688 inquit
1723 5615 1964 5672 Joannes

393 5687 672 5746 Meursius
697 5689 750 5743 in
783 5691 949 5751 notis,
989 5688 1124 5742 ὡσεὶ
1155 5687 1266 5759 ρπ’,
1309 5703 1435 5742 nam
1462 5703 1490 5741 a
1517 5687 1723 5759 Chrisri
1761 5689 1961 5740 nativi-

395 5768 507 5812 tate
536 5759 604 5812 ad
636 5759 925 5828 imperium
957 5758 1246 5814 CommOdi
1269 5773 1442 5828 usque
1494 5758 1639 5828 panni
1701 5765 1965 5826 putantur

397 5827 819 5900 praeterpropter
844 5829 962 5886 180.
997 5828 1196 5886 Verum
1231 5827 1612 5886 observatione
1642 5828 1731 5882 illa
1777 5841 1966 5882 carere

2061 4924 2197 4981 mini
2217 4923 2456 4980 Jacobus
2483 4929 2538 4976 et
2561 4921 2779 4985 Petrus,
2807 4927 2999 4974 vertex
3039 4915 3413 4986 apostolorum
3446 4910 3536 4964 ille
3558 4925 3648 4962 su-

2063 5030 2313 5089 premus.
2350 5033 2370 5068 »
2401 5014 2608 5070 Praeter
2635 5013 2754 5067 haec
2787 5019 2844 5067 et
2881 5015 3276 5081 prazcentorem
3301 5003 3474 5060 divini
3501 5002 3652 5058 illius

2072 5196 2353 5270 potuimus
2396 5217 2417 5270 ς
2448 5212 2573 5270 eum
2607 5194 2759 5270 enim
2786 5190 3182 5270 dicatfjlycaa2
3217 5189 3352 5270 ’ᾼπδ
3380 5190 3522 5270 ’γὰρῆ
3551 5185 3653 5242 τοῦ

2071 5258 2282 5338 Κυρίου
2302 5269 2464 5338 ἡμῶν
2512 5265 2686 5338 Ἰησοῦ
2717 5265 2955 5334 Χριστοῦ
2981 5258 3088 5338 ἕως
3122 5259 3310 5338 αὐτῆς
3341 5263 3445 5338 τῆς
3497 5258 3654 5338 βασι-

2070 5327 2216 5398 λείας
2245 5327 2515 5405 Κομόδου,
2534 5327 2594 5405 εἰ
2621 5336 2740 5403 ipse
2771 5327 2946 5388 vertat
2977 5351 2991 5405 ξ
3019 5330 3161 5386 Nam
3192 5347 3225 5382 a
3252 5327 3650 5405 ’Dom'inod‘esu

2072 5397 2282 5466 Christo
2307 5397 2469 5477 usque
2495 5397 2566 5459 αᾶ
2599 5397 2945 5477 Commodum
2977 5403 3355 5477 imperatorem
3376 5399 3515 5477 τιηηὶ
3539 5397 3653 5464 [ει-ο
3675 5463 3678 5468 _

2071 5491 2286 5559 centum
2318 5467 2711 5559 quinquaginta
2734 5475 3016 5559 frenentur,
3049 5467 3189 5559 nihil
3238 5467 3652 5559 puli-1392mm;

2073 5552 2301 5605 tandum
2329 5534 2384 5601 in
2416 5534 2580 5616 textu'
2625 5544 2934 5616 videbatur,
2992 5534 3116 5616 cum
3162 5553 3193 5592 a
3235 5536 3514 5616 baptizato
3563 5534 3656 5616 vel

2072 5603 2236 5689 passio
2269 5614 2662 5689 DominoJesu
2685 5611 2905 5689 Christo
2940 5612 3007 5664 ad
3034 5603 3321 5689 Commodi
3350 5603 3662 5689 primordia,

2075 5681 2384 5767 reperiatur
2409 5687 2724 5755 assignatus
2753 5697 2787 5746 a
2808 5681 2974 5767 (λῃιζκέ
3009 5688 3198 5750 nostra
3249 5687 3520 5730 annorum
3563 5681 3660 5727 in:

2077 5761 2441 5832 tcrlapsorum
2471 5769 2756 5812 numerus.
2831 5758 2893 5767 '"
2928 5758 2937 5765 '
