4054 6424
421 410 492 474 43
504 413 530 472 ζ)

1690 407 2117 470 MICIIAELIS
2157 406 2424 468 GLYC/E

3590 415 3694 476 4ἵο

424 526 615 598 hymni
639 533 1053 589 commemorat,
1079 523 1171 593 qui
1194 523 1382 580 divino
1409 523 1646 595 quodam
1673 533 1824 578 motu
1845 530 1995 576 extra

2107 521 2182 586 ὡς
2217 521 2363 583 ἄπας
2399 519 2587 590 σχεδὸν
2613 519 2723 573 τῶν
2747 519 3064 574 ἀποστόλων
3113 521 3142 574 6
3177 521 3364 586 θίασος
3393 525 3487 579 καὶ
3515 528 3695 582 αὐτῶν

423 619 669 688 seipsum
702 625 890 687 raptus
914 625 968 669 et
991 616 1144 685 quasi
1171 615 1456 670 traductus
1478 615 1584 670 alio
1605 629 1820 670 sacrum
1852 613 2007 668 illum

423 717 644 761 cantum
667 707 966 775 occeperit.
999 707 1137 772 Quid
1174 707 1342 761 multa
1370 706 1604 776 proferri
1633 721 1853 761 necesse
1884 704 2009 760 est?

422 799 671 852 Ostendit
707 799 758 850 in
787 798 888 851 hac
914 799 1230 852 narratione
1259 813 1416 853 sacer
1442 798 1533 852 ille
1565 795 1857 867 DionySius
1882 794 2002 848 uui-

420 907 640 946 versum
680 905 848 958 prepe
876 899 1081 944 caelum
1125 890 1500 958 apostolorum
1547 897 1604 943 et
1635 889 1876 956 ipsorum
1917 899 2000 939 sec

422 984 708 1052 ptuagiuta
742 981 1137 1049 discipulorum
1195 981 1263 1034 ad
1305 979 1676 1035 venerandum
1736 979 1842 1034 hoc
1880 991 2007 1046 spe-

421 1077 697 1130 etaculum
749 1085 1140 1144 congregatum
1205 1075 1412 1137 fuisse;
1461 1083 1575 1128 tum
1615 1071 1760 1141 quod
1808 1071 2001 1125 eodem

427 1175 671 1235 tempore
718 1166 970 1233 discipuli
1024 1180 1217 1219 omnes
1253 1180 1350 1234 per
1371 1166 1691 1218 universum
1728 1171 2001 1215 terrarum

421 1259 611 1311 orbem
653 1257 881 1323 diSpersi
919 1257 1298 1320 convenerint,
1323 1272 1557 1324 quorum
1596 1255 1649 1308 in
1680 1266 1910 1306 numero
1948 1257 2006 1304 et

423 1346 538 1412 ipse
565 1347 733 1400 fuerit
763 1363 868 1399 una
893 1363 1016 1400 cum
1050 1348 1340 1401 Timotheo
1379 1357 1434 1399 et
1479 1346 1800 1400 Hierotheo.
1831 1339 2002 1394 Audi-

2106 614 2170 684 δὴ
2206 613 2314 669 τῶν
2344 612 2718 683 ἐϐδομήκοντα
2754 614 2887 683 περὶ
2915 615 2974 668 τὸ
3010 615 3207 670 σεπτὸν
3237 618 3413 672 ἐκεῖνο
3439 621 3540 688 τῆς
3563 622 3694 676 Θεο-

2109 707 2349 776 μήτορος
2385 707 2746 773 συνήθροιστο
2781 707 3034 778 θέατρον,
3077 710 3172 762 καὶ
3224 711 3306 763 ὅτι
3365 712 3488 763 κατ’
3535 715 3696 766 αὑτὸν

2107 797 2313 860 πάντες
2343 797 2680 866 συνήλοοσαν
2704 799 2753 851 οἱ
2778 798 2885 852 ἀνὰ
2918 801 3099 852 πᾶσαν
3131 801 3558 870 ἐσκορπισμένοι
3597 805 3694 874 τὴν

2099 891 2202 957 γῆν
2228 891 2486 956 μαθηταὶ,
2511 883 2584 942 ὧν
2600 888 2678 954 εἷς
2696 890 2962 958 ἐτύγχανε
2988 891 3083 944 καὶ
3111 892 3273 956 αὐτὸς
3294 893 3506 962 σῦναμα
3524 896 3696 964 Τιμο-

2101 979 2207 1048 θέῳ
2234 981 2328 1032 καὶ
2346 980 2614 1050 ’1εροθέῳ.
2644 982 2752 1034 Kal
2776 981 2938 1050 δῆλον
2959 981 3018 1048 ἐξ
3045 976 3120 1036 ὧν
3141 983 3303 1045 αὐτὸς
3328 985 3534 1054 ἔγραφε
3559 987 3694 1053 πρὸς

2109 1069 2373 1136 Τιμόθεον
2395 1085 2409 1100 ο
2448 1088 2466 1120 ι
2488 1070 2683 1123 Ἥνίκα
2711 1071 2842 1142 γὰρ,
2877 1072 3013 1142 φησὶ
3057 1074 3151 1126 καὶ
3197 1076 3382 1143 ἡμεῖς,
3429 1077 3504 1138 ὡς
3537 1074 3695 1130 οἶσθα

2112 1163 2205 1214 καὶ
2241 1161 2424 1226 αὐτὸς,
2462 1165 2557 1216 καὶ
2588 1164 2774 1217 πολλοὶ
2803 1165 2913 1218 τῶν
2946 1166 3108 1236 ἱερῶν
3136 1167 3297 1237 ἡμῶν
3330 1168 3574 1236 ἀδελφῶν
3600 1169 3692 1222 ἐπὶ

2111 1254 2209 1321 τὴν
2243 1254 2370 1307 θέαν
2406 1255 2498 1307 τοῦ
2527 1255 2842 1326 ζωαρχικοῦ
2877 1256 3129 1324 σώματος
3163 1258 3626 1331 συνεληλύθαμεν.
3665 1278 3684 1311 ι

2112 1343 2224 1395 Καὶ
2257 1344 2398 1397 οὕτω
2433 1346 2532 1414 μὲν
2561 1349 2587 1399 6
2619 1347 2934 1416 διαληφθεὶς
2968 1349 3112 1412 θεῖος
3145 1349 3420 1411 Διονύσιος
3453 1350 3586 1419 (60).

419 1440 542 1493 visti
577 1441 724 1495 enim
773 1440 888 1494 ιιωο
920 1440 1092 1510 ipsius
1115 1440 1180 1494 ad
1205 1436 1556 1496 Timetheum
1593 1439 1796 1492 verba:
1830 1454 1848 1485 c
1879 1434 1994 1488 Nos
2033 1435 2255 1503 quidem
2289 1454 2395 1493 una
2458 1448 2636 1493 tecum
2672 1443 2978 1512 multisque
3041 1444 3212 1498 sacris
3245 1444 3527 1508 fratribus,
3583 1460 3680 1499 ceu

424 1531 745 1597 meministi,
779 1532 844 1585 ad
881 1534 1237 1600 spectandum
1302 1547 1504 1603 corpus
1545 1529 1701 1593 illud,
1737 1524 1886 1596 quod
1927 1524 2048 1579 vitae
2085 1528 2418 1599 principium
2459 1531 2757 1604 aliquando
2792 1535 3628 1602 continuerat,conveneramus.
3658 1553 3679 1587 ι

422 1619 548 1674 Hac
579 1637 606 1672 a
643 1621 900 1689 praedicto
933 1621 1198 1691 Dionysio
1238 1632 1365 1678 sunt
1397 1622 1618 1676 tradita.

491 1717 760 1770 Caeterum
790 1716 1007 1770 tametsi
1034 1717 1199 1784 Virgo
1231 1728 1406 1772 mater
1433 1727 1640 1772 natura:
1659 1716 1875 1787 legibus
1892 1713 1995 1769 fuit

2181 1709 2330 1781 Πλὴν
2361 1712 2410 1765 εί
2448 1716 2562 1778 τοῖς
2595 1715 2693 1786 τῆς
2725 1717 2941 1786 φύσεως
2967 1721 3152 1790 νόμοις
3193 1721 3488 1789 ὑπέπεσεν,
3517 1724 3686 1784 εἶκαὶ

420 1804 658 1859 obnoxia
689 1844 704 1870 ,
753 1805 968 1858 tametsi
1025 1816 1261 1862 mortem
1301 1809 1632 1879 degustavit,
1678 1809 1895 1864 tametsi
1938 1817 1995 1862 ut

2106 1800 2340 1857 θάνατον
2373 1805 2658 1873 ἐγεύσατο,
2695 1811 2744 1862 εί
2773 1811 2868 1864 καὶ
2898 1814 3143 1892 μνήματι
3187 1818 3454 1889 κατετέθη
3485 1822 3560 1886 ὡς
3593 1825 3689 1878 άν-

421 1895 588 1949 homo
634 1895 686 1948 in
752 1897 1064 1964 sepulcrum
1109 1909 1193 1953 est
1238 1901 1506 1970 deposita,
1553 1911 1762 1956 naturae
1820 1913 2000 1957 tamen

423 1986 560 2040 ﬁnes
604 1997 768 2056 atque
803 1989 1071 2045 terminos
1108 1993 1388 2060 superavit
1432 2002 1489 2048 et
1533 1994 1790 2060 excessit,
1823 2008 2005 2064 neque

425 2079 743 2145 sepulcrum
794 2089 850 2134 et
890 2083 1201 2137 mortalitas
1225 2099 1345 2137 eam
1379 2085 1434 2138 in
1469 2094 1738 2154 potestate
1789 2100 1887 2140 sua
1919 2100 2025 2140 re-.

429 2171 606 2224 tinere
640 2173 841 2240 potuit.
873 2173 1006 2228 Nam
1038 2183 1094 2228 et
1139 2177 1255 2244 ipsa
1287 2175 1357 2230 de
1387 2177 1642 2244 sepulcro
1680 2177 2002 2264 resurrexit,

426 2280 654 2333 prorsus
678 2267 757 2321 uti
801 2267 948 2322 filius
983 2269 1104 2339 ejus
1135 2271 1393 2340 idemque
1438 2273 1580 2325 Deus
1606 2272 1831 2338 fecerat,
1870 2274 2004 2329 solis

425 2356 829 2423 sepulcralibus
877 2359 1094 2413 exuviis
1128 2360 1182 2414 in
1215 2373 1570 2416 monumento
1605 2363 1830 2418 relictis.
1863 2366 2004 2441 Huic

421 2447 730 2500 narrationi
775 2448 935 2502 [idem
991 2449 1123 2504 facit
1170 2451 1395 2506 divinus
1444 2453 1533 2507 ille
1565 2453 1864 2519 Iuvenalis,
1909 2455 1999 2524 qui

421 2535 936 2608 Hierosolymorum
986 2541 1221 2596 antistes
1278 2542 1400 2597 fuit.
1456 2544 1694 2614 Exponit
1751 2546 1839 2600 ille
1890 2562 2001 2616 quo

423 2636 584 2694 pacto
613 2628 666 2682 id
703 2631 962 2698 temporis
980 2632 1223 2688 Thomas
1246 2633 1504 2702 abfuerit,
1527 2651 1638 2705 quo
1664 2648 1824 2705 pacto
1848 2637 2004 2691 dein-

416 2731 548 2784 ceps
608 2718 674 2771 ad
733 2721 1047 2788 sepulcrum
1106 2727 1450 2790 accesserit,
1499 2742 1610 2795 quo
1658 2739 1814 2796 pacto
1865 2729 2000 2783 illud

421 2807 601 2874 ipsum
629 2811 1043 2879 perquisiverit.
1081 2814 1301 2869 Etenim
1335 2819 1565 2886 apostoli
1604 2818 1828 2873 Thema:
1880 2835 2002 2890 gra-

425 2903 498 2956 tia
524 2905 841 2971 sepulcrum
893 2906 1091 2973 aperiri
1120 2907 1427 2976 jusserunt,
1481 2910 1623 2977 quod
1670 2910 1823 2964 illum
1875 2927 1998 2965 cer-

417 3006 612 3049 nerent
649 2997 957 3052 absentiam
1013 2999 1068 3051 in
1105 3007 1283 3053 morte
1324 3000 1566 3069 Virginis
1613 3016 1767 3056 suam
1820 3003 1997 3058 mole-

416 3087 658 3139 stissimo
715 3086 864 3141 ferre
914 3088 1120 3145 animo.
1169 3089 1360 3157 Itaque
1413 3091 1724 3160 sepulcrum
1759 3093 1994 3161 quidem

418 3175 682 3242 aperitur,
710 3184 766 3230 at
799 3175 915 3245 ipse
959 3177 1250 3232 thesaurus
1284 3179 1340 3233 in
1371 3195 1438 3235 eo
1495 3183 1811 3238 reconditus
1859 3200 1996 3241 nus-

417 3279 580 3330 quam
616 3264 916 3333 apparebat
967 3283 983 3320 :
1019 3267 1171 3333 solae,
1201 3268 1348 3338 quod
1389 3270 1594 3325 dictum
1651 3282 1756 3338 est,
1812 3275 1994 3344 sepul-

417 3353 598 3407 crales
632 3355 845 3408 exuvia:
893 3356 1332 3425 reperiebantur.
1387 3360 1674 3418 Consimili
1729 3364 1991 3420 nimirum

427 3442 590 3498 modo
644 3454 700 3498 et
736 3446 906 3515 ipsam
954 3447 1051 3502 Dei
1103 3449 1329 3505 Matrem
1362 3468 1432 3507 ex
1478 3456 1710 3511 mortuis
1743 3471 1994 3514 resurre-

419 3542 633 3587 cturam
665 3535 855 3600 fuisse,
895 3551 1006 3606 quo
1053 3539 1200 3595 ﬁlius
1230 3555 1625 3612 resurrexerat,
1667 3549 1840 3602 multo
1865 3558 1993 3604 ante

419 3625 616 3681 beatus
647 3627 738 3682 ille
779 3628 1016 3686 Davides
1057 3632 1378 3702 huiusmodi
1423 3637 1604 3693 verbis
1649 3639 1994 3709 signiﬁcave-

422 3728 540 3772 rat:
580 3736 603 3773 α
635 3719 830 3791 Surge,
866 3721 1118 3790 Domine,
1157 3726 1208 3779 in
1238 3714 1538 3796 requietem
1573 3739 1742 3796 tuam,
1774 3741 1852 3799 tu,
1911 3733 1994 3786 in-

417 3825 606 3879 quam,
641 3813 779 3880 ipse,
812 3822 868 3868 et
893 3830 1021 3870 arca
1053 3819 1356 3874 sanctitatis
1397 3829 1502 3875 tuae
1533 3821 1598 3877 7‘.
1635 3841 1652 3873 ι
1689 3823 1824 3878 Nam
1862 3826 1989 3894 quia

418 3913 578 3954 norat
609 3901 838 3957 Davides
866 3919 984 3958 eam
1015 3922 1137 3975 quae
1179 3908 1462 3963 Christum
1495 3922 1655 3966 utero
1695 3914 1854 3984 233
1888 3932 1989 3971 suo

402 3998 686 4056 gestasset
736 4006 801 4044 ac
833 3993 981 4046 illam
1027 3995 1201 4062 ipsam
1233 3999 1302 4051 ob
1357 4014 1576 4054 causam
1609 4017 1736 4056 area
1789 4006 1990 4059 sancti-

419 4078 548 4131 tatis
580 4091 728 4134 esset
783 4091 954 4151 atque
987 4099 1423 4156 nuncuparetur,
1454 4091 1646 4146 eodem
1694 4104 1853 4162 pacto
1907 4112 1992 4152 re-

415 4183 792 4226 surrecturam
819 4189 848 4227 e
880 4177 1135 4245 sepulcro
1163 4193 1272 4247 quo
1311 4189 1366 4234 et
1395 4191 1556 4236 natus
1586 4199 1652 4238 ex
1687 4186 1800 4255 ipsa
1831 4187 1991 4242 Chria

417 4273 535 4317 stus
569 4262 660 4316 Dei
693 4263 864 4321 Filius
895 4277 948 4321 et
983 4268 1125 4323 Dens
1173 4273 1491 4340 resurrexit,
1523 4273 1728 4330 ideirco
1749 4293 1857 4332 non
1889 4281 1988 4335 abs

416 4367 478 4406 re
507 4354 852 4433 consimilem
896 4359 1186 4428 utriusque
1225 4364 1696 4420 resuscitatioucm
1749 4384 1814 4422 ex
1841 4386 1988 4426 mor-

2107 1891 2344 1961 θρωπος,
2378 1897 2514 1950 ἀλλὰ
2540 1899 2666 1962 τοὺς
2691 1901 2853 1972 ὅρους
2877 1891 3131 1976 νενίκηκε
3157 1909 3260 1978 τῆς
3287 1910 3522 1979 φύσεως,
3550 1914 3686 1968 ἀλλὰ

2105 1984 2276 2052 τάφος
2301 1986 2394 2038 καὶ
2423 1987 2690 2059 νέκρωσις
2731 1993 2904 2064 αὐτὴν
2939 1996 2999 2048 οὐ
3037 2000 3354 2072 κεκράτηκε
3383 2019 3398 2034 ·
3446 2004 3545 2058 τοῦ
3575 2007 3682 2078 γάρ

2109 2078 2395 2145 μνήματος
2424 2079 2693 2152 ἐξανέστη
2733 2085 2827 2138 καὶ
2859 2084 3000 2156 αὕτη
3046 2091 3450 2162 παραπλησίως
3481 2097 3556 2165 τῷ
3585 2098 3684 2169 υἰῷ

2105 2166 2277 2236 αὐτῆς
2303 2167 2400 2221 καὶ
2427 2169 2570 2240 Θεῷ,
2607 2172 2745 2241 μόνα
2793 2177 2946 2244 παρὰ
2977 2178 3056 2249 τῷ
3111 2181 3268 2252 τάφῳ
3305 2166 3684 2256 καταλείψασα

2105 2255 2176 2308 τὰ
2209 2259 2464 2328 ἐντάφια.
2499 2261 2606 2316 Καὶ
2636 2264 2930 2319 πιστοῦται
2957 2268 3050 2322 τὸν
3079 2269 3238 2339 λόγον
3266 2255 3618 2340 Ἱουϐενάλιος
3654 2280 3683 2330 6

2103 2347 2215 2400 τῶν
2253 2347 2654 2423 Ἱεροσολύμων
2684 2359 3036 2429 χρηματίσας
3061 2362 3204 2426 θεῖος
3235 2365 3556 2432 ἐπίσκοπος,
3583 2371 3684 2439 τήν
3785 2434 3790 2436 _

2105 2454 2165 2490 τε
2195 2439 2289 2493 τοῦ
2319 2440 2490 2511 Θωμᾶ
2535 2445 2943 2517 διηγησάμενος
2981 2453 3292 2523 ἀπόλειψιν,
3335 2457 3435 2528 τὴν
3463 2460 3686 2514 ἐσύστε-

2104 2548 2199 2601 ρον
2239 2534 2406 2588 αὑτοῦ
2457 2539 2610 2608 παρὰ
2653 2539 2730 2610 τῷ
2759 2542 2916 2612 τάφῳ
2947 2546 3305 2614 προσέλευσιν
3341 2551 3434 2603 καὶ
3465 2551 3566 2622 τὴν
3596 2553 3682 2604 ἐπ’

2103 2625 2251 2694 αὑτῷ
2277 2627 2356 2697 τῷ
2388 2627 2546 2700 τάφῳ
2582 2637 2876 2700 γεγονυῖαν
2923 2639 3056 2708 παρ’
3098 2639 3266 2693 αὐτοῦ
3304 2643 3678 2708 κατεξέτασιν.

2101 2718 2167 2770 Ol
2199 2719 2309 2788 γὰρ
2335 2721 2624 2777 ἀπόστολοι
2679 2727 2982 2798 τηνικαῦτα
3015 2729 3353 2802 διανοιγῆναι
3386 2735 3477 2788 τὸν
3514 2737 3680 2804 τάφον

2101 2811 2423 2866 κελεύουσιν
2461 2815 2558 2868 ἆτε
2610 2816 2702 2871 τὸν
2733 2819 2934 2890 Θωμᾶν
2984 2822 3216 2891 δρῶντες
3247 2825 3339 2878 ἐπὶ
3369 2829 3433 2898 τῇ
3465 2829 3680 2884 ἀπολεί-

2099 2900 2192 2969 ψει
2223 2903 2396 2957 πολλὰ
2425 2905 2871 2977 δυσχεραίνοντα.
2898 2913 3011 2967 Καὶ
3036 2915 3064 2966 6
3089 2915 3188 2984 μὲν
3218 2918 3386 2986 τάφος
3408 2921 3675 2990 ἠνοίγετο,

2097 2993 2126 3044 6
2161 2992 2217 3044 δέ
2258 2995 2536 3065 θησαυρὸς
2573 3001 2724 3063 ἐντὸς
2752 2997 2820 3070 ἦν
2849 3003 3123 3074 οὐδαμῶς,
3162 3007 3303 3077 μόνα
3333 3011 3391 3062 δέ
3422 3013 3674 3082 κείμενα,

2099 3082 2349 3154 καθάπερ
2378 3085 2616 3154 εἴρηται,
2647 3089 2715 3142 τὰ
2747 3092 2998 3162 ἐντάφια.
3043 3096 3168 3150 Ὀτι
3198 3098 3255 3150 δέ
3277 3100 3310 3168 ὴ
3344 3100 3480 3173 αὐτὴ
3513 3104 3610 3157 καὶ
3637 3107 3670 3173 ἡ

2099 3176 2191 3228 ἐπὶ
2218 3178 2315 3245 τῆς
2351 3178 2696 3252 Θςομήτορος
2723 3184 2916 3256 ἔμελλε
2949 3190 3204 3258 γενέσθαι
3235 3194 3554 3260 ἀνάστασις,
3579 3199 3677 3252 καὶ

2095 3269 2306 3340 ταύτην
2341 3273 2408 3325 ἐκ
2443 3277 2658 3346 νεκρῶν
2693 3279 2989 3350 ἐγερθῆναι
3020 3283 3165 3337 καθά
3209 3284 3272 3357 δὴ
3303 3287 3400 3340 καὶ
3439 3289 3528 3342 τὸν
3561 3292 3676 3346 υίὸν

2095 3357 2288 3426 αὐτῆς,
2321 3363 2349 3414 6
2373 3365 2642 3434 μακάριος
2659 3368 2825 3421 Δαϐὶδ
2857 3371 3184 3440 προφθάσας
3209 3375 3480 3446 ἐδήλωσεν
3502 3363 3674 3445 οὕτως

2096 3449 2298 3506 είπών·
2333 3454 2684 3527 ι”Δνάστηθι,
2717 3460 2910 3531 Κύριε,
2943 3465 3024 3526 είς
3064 3465 3164 3535 τὴν
3211 3468 3518 3523 ἀνάπαυσίν
3553 3488 3670 3537 σου,

2097 3543 2162 3595 σὺ
2194 3545 2289 3597 καὶ
2340 3546 2375 3616 ἡ
2409 3546 2641 3612 κιϐωτὸς
2690 3551 2785 3604 τοῦ
2833 3553 3178 3624 άγιάσματός
3215 3575 3331 3613 σου.
3383 3578 3403 3611 ι
3453 3562 3670 3634 Ἐπειδὴ

2095 3634 2203 3703 γὰρ
2228 3635 2328 3706 τὴν
2362 3639 2422 3692 ἐν
2443 3643 2644 3712 γαστρὶ
2671 3643 3030 3713 βαστάσασαν
3059 3649 3224 3702 αὑτὸν
3257 3652 3548 3706 κάντεῦθεν
3589 3673 3672 3708 κι-

2095 3724 2269 3780 ϐωτὸν
2302 3729 2648 3800 ἁγιάσματος
2675 3752 2778 3804 χρη
2790 3736 3124 3805 ματίσασαν,
3154 3740 3328 3805 οὕτως
3360 3745 3668 3814 ἐγηγερμέ-

2093 3833 2191 3886 νην
2225 3819 2291 3872 ἐκ
2335 3820 2506 3890 τάφου
2534 3826 2883 3893 προέγνωκεν
2911 3833 2938 3881 6
2965 3831 3132 3884 Aa6l5
3183 3834 3326 3886 καθὰ
3360 3835 3423 3904 δὴ
3449 3838 3543 3890 καὶ
3578 3839 3670 3892 τὸν

2093 3906 2151 3970 ἐξ
2181 3907 2353 3979 αὐτῆς
2382 3913 2711 3983 γεννηθέντα
2739 3919 2974 3986 Χριστὸν
3001 3923 3093 3978 τὸν
3119 3924 3246 3980 Υίὸν
3287 3929 3380 3981 τοῦ
3406 3931 3542 3984 Θεοῦ
3576 3936 3669 3989 καὶ

2092 3998 2249 4063 Θεὸν,
2277 4002 2503 4067 είκότως
2527 4005 2635 4076 ἄρα
2665 4010 2760 4062 καὶ
2789 4011 2881 4064 ἐπὶ
2909 4013 3085 4084 ταύτῃ
3129 4017 3228 4088 τὴν
3271 4021 3464 4089 ὁμοίαν
3507 4027 3662 4092 προέ-

2091 4093 2303 4162 γραψεν
2327 4093 2571 4164 ἔγερσιν.
2596 4100 2659 4152 Et
2690 4100 2766 4172 μὴ
2797 4103 2904 4173 γὰρ
2936 4104 3092 4160 τοῦτο
3120 4103 3209 4178 ἦν,
3243 4113 3342 4164 οὐκ
3368 4113 3433 4166 ἂν
3460 4116 3664 4182 ἐκεῖνος

2091 4184 2299 4237 εἰπών·
2336 4206 2354 4239 ι
2389 4188 2702 4258 Ἀνάστηθι,
2737 4194 2933 4264 Κύριε,
2982 4198 3068 4263 σὺ,
3109 4219 3126 4250 ι
3183 4205 3484 4272 τηνικαῦτα
3527 4209 3664 4279 ἐπή-

2090 4292 2231 4343 γαγε
2253 4292 2266 4307 ·
2313 4297 2331 4329 ι
2368 4280 2533 4352 Καὶή
2569 4283 2802 4344 κιϐωτὸς
2840 4288 2937 4340 τοῦ
2979 4290 3324 4362 άγιάσματός
3359 4312 3475 4351 σου.
3516 4317 3536 4352 ι
3572 4302 3662 4370 Μὴ

2090 4367 2184 4422 οῦν
2219 4370 2551 4437 ἀμφίϐαλλε.
2585 4375 2809 4446 Ἐπειδὴ
2843 4379 2950 4449 γὰρ
2979 4381 3047 4433 τὰ
3080 4382 3172 4436 δύο
3194 4383 3303 4438 τῶν
3340 4367 3662 4457 πρωτοπλάέ

417 4446 525 4500 tuis
576 4447 748 4502 multo
779 4457 904 4504 ante
944 4452 1099 4520 quasi
1151 4452 1363 4522 pictura
1399 4457 1632 4525 quadam
1689 4463 1978 4530 expressit.

2096 4477 2230 4514 στων
2258 4461 2486 4532 σώματα
2509 4467 2575 4536 τῇ
2611 4465 2762 4539 λύμῃ
2799 4469 2902 4538 τῆς
2922 4446 3139 4542 ⁷φθορᾶς
3180 4446 3422 4531 ὑπέπεσε
3447 4480 3534 4533 διὰ
3564 4484 3664 4553 τὴν

412 4535 630 4590 Etenim
663 4537 716 4590 ni
744 4553 832 4593 res
864 4541 934 4595 ita
965 4556 1024 4595 se
1052 4543 1299 4610 haberet,
1333 4561 1443 4600 non
1469 4562 1599 4603 sane
1633 4560 1986 4622 posteaquam

407 4626 660 4683 dixerat:
699 4648 718 4680 ‹
758 4629 950 4701 Surge,
978 4632 1226 4697 Domine,
1260 4653 1279 4685 ι
1316 4637 1672 4707 subjecisset:
1711 4661 1728 4691 ι
1769 4644 1832 4698 Et
1858 4660 1986 4700 arca

404 4719 714 4776 sanctitatis
747 4727 872 4775 tuae.
914 4740 934 4772 ι
973 4722 1320 4792 Quapropter
1355 4726 1459 4780 hac
1486 4729 1709 4797 quidem
1745 4731 1800 4784 in
1829 4744 1985 4802 parte

405 4809 640 4875 amplius
673 4810 931 4866 haesitare
964 4815 1100 4867 noli.
1132 4815 1268 4868 Nam
1301 4817 1428 4886 quia
1476 4819 1585 4873 duo
1622 4821 1711 4874 illa
1745 4825 1982 4892 primum

405 4901 654 4952 omnium
709 4912 1026 4957 creatorum
1088 4902 1377 4959 hominum
1440 4923 1670 4978 corpora
1732 4913 1982 4970 interitui

403 4988 547 5042 facta
579 4998 709 5043 sunt
736 4991 974 5046 obnoxia
996 5003 1225 5064 propter
1259 4995 1716 5065 inohedientiam,
1744 5003 1983 5074 indeque

400 5093 566 5145 porro
600 5083 960 5139 subsecutum
989 5086 1158 5150 aliud,
1203 5090 1464 5146 nimirum
1501 5102 1561 5147 ut
1599 5097 1802 5151 malum
1829 5101 1981 5170 ejus-

401 5171 546 5226 modi
603 5171 768 5228 latius
800 5191 1032 5247 serpens
1062 5179 1116 5234 in
1150 5183 1465 5239 universam
1497 5196 1749 5242 naturam
1783 5190 1982 5247 huma-

408 5277 534 5322 nam
588 5277 709 5318 sese
763 5267 997 5334 dideret,
1036 5270 1244 5328 idcirco
1279 5291 1426 5331 nunc
1480 5293 1699 5350 quoque
1739 5283 1977 5352 primum

399 5356 646 5408 omnium
679 5355 787 5412 duo
822 5373 1052 5428 corpora
1079 5377 1315 5421 excusso
1346 5367 1712 5443 depoSitoque
1750 5377 1975 5432 interitu

398 5443 543 5505 facta
599 5457 728 5504 sunt
778 5451 1031 5518 primitiae
1063 5456 1219 5522 quasi
1253 5459 1500 5525 quadam
1534 5463 1654 5532 ejus
1693 5465 1978 5523 immorta-

393 5533 585 5602 litatis,
648 5555 810 5612 quam
847 5560 944 5614 spe
983 5556 1135 5602 certa
1185 5549 1348 5605 nobis
1383 5553 1727 5622 pollicemur.
1792 5560 1972 5630 Atque

465 5687 511 5718 "
539 5690 681 5744 Psal.
721 5707 902 5761 cxxxt,
936 5696 990 5753 8.

464 5804 576 5878 (60)
642 5811 793 5877 Πρὸς
863 5813 1117 5884 τούτους
1174 5816 1261 5871 δὲ.
1295 5857 1308 5872 .
1342 5859 1354 5874 .
1393 5862 1404 5876 .
1443 5863 1458 5878 .
1497 5827 1836 5896 Διονύσιος.
1889 5829 1962 5887 Ex
2009 5831 2067 5888 Υ.

2087 4554 2425 4625 παράϐασιν,
2485 4559 2782 4614 κάντεῦθεν
2815 4562 2876 4615 τὸ
2920 4564 3165 4620 τοιοῦτον
3199 4567 3443 4639 ὑφέρπον
3492 4576 3663 4628 κακὸν

2084 4643 2400 4717 διαδόσιμον
2418 4649 2504 4718 ἐφ’
2530 4650 2679 4705 ἅπαν
2704 4653 2897 4721 γέγονε
2927 4655 2987 4707 τὸ
3011 4655 3374 4728 ἀνθρώπινον,
3401 4663 3490 4716 διὰ
3504 4665 3664 4720 τοῦτο

2083 4735 2180 4789 καὶ
2205 4736 2302 4791 νῦν
2328 4741 2562 4808 πρώτως
2589 4741 2684 4795 δύο
2709 4744 2938 4814 σώματα
2967 4747 3413 4820 άποτιναξάμενα
3441 4755 3664 4825 ἀπαρχὴ

2081 4831 2195 4892 τοῖς
2221 4829 2608 4901 ἐλπιζομένοις
2646 4835 2959 4908 ἀφθαρσίας
2993 4843 3270 4908 γεγόνασι.
3303 4846 3418 4899 Kal
3451 4848 3525 4916 μὴ
3558 4849 3662 4918 μῦ-

2087 4919 2179 4972 θον
2218 4921 2356 4990 ἡγοῦ
2394 4923 2464 4976 τὰ
2493 4923 2790 4994 λεγόμενα.
2818 4929 2963 5000 Ὅρα
3007 4932 3114 5002 γὰρ
3149 4935 3420 5005 νουνεχῶς
3454 4938 3537 4990 ὅτι
3571 4940 3663 4991 καὶ

2083 5013 2112 5064 6
2137 5013 2194 5065 ἐν
2220 5017 2593 5086 πατριάρχαις
2627 5019 2934 5086 ἁγιώτατος
2965 5023 3246 5094 Γερμανὸς
3275 5031 3374 5092 τὰς
3406 5031 3660 5102 ἀφορμάς

2083 5103 2293 5156 ἐκεῖθεν
2331 5104 2514 5158 λαϐὼν
2563 5111 2620 5161 ἐν
2650 5109 2728 5178 τῷ
2762 5111 2842 5174 είς
2880 5112 2979 5182 τὴν
3013 5114 3270 5186 κοίμησιν
3306 5117 3448 5189 λόγῳ
3495 5120 3660 5173 αὑτοῦ

2086 5196 2180 5249 καὶ
2235 5198 2362 5252 τάδε
2422 5200 2566 5254 κατὰ
2619 5202 2769 5270 ῥῆμα
2831 5203 3107 5272 διέξεισιν,
3155 5207 3237 5260 ὃτι
3283 5226 3304 5260 r
3343 5212 3417 5281 Ζῇ
3482 5228 3574 5264 σου
3604 5213 3662 5264 τὸ

2084 5287 2304 5356 πνεῦμα
2364 5288 2450 5342 διὰ
2480 5291 2705 5356 παντὸς,
2740 5295 2833 5347 καὶ
2867 5296 2897 5363 ἡ
2924 5295 3063 5366 σάρξ
3095 5313 3189 5350 σου
3231 5297 3532 5372 διαφθορὰν
3563 5302 3660 5371 οὐχ

2085 5377 2346 5447 ὑπέμεινε
2385 5382 2580 5451 τάφου.
2611 5386 2791 5437 Πάντα
2821 5387 3152 5461 ἐπισκέπτῃ,
3185 5390 3280 5442 καὶ
3307 5391 3343 5460 ἠ
3386 5394 3658 5463 ἐπισκοπή

2085 5486 2180 5523 σου
2212 5473 2347 5541 πρ²ς
2377 5475 2577 5539 πάντα,
2611 5474 2750 5527 ὥστε
2783 5475 2884 5530 κᾶν
2926 5479 2975 5530 οῐ
3027 5478 3300 5549 ὀφθαλμοὶ
3355 5482 3514 5550 ἡμῶν
3573 5500 3662 5535 κε-

2083 5565 2385 5636 κράτηνται
2447 5567 2520 5638 μὴ
2573 5568 2792 5638 βλέπειν
2845 5587 2928 5633 σε,
2981 5570 3117 5625 ἀλλὰ
3154 5573 3221 5626 σὺ
3278 5575 3519 5642 παναγία
3549 5576 3658 5638 tri;
