4054 6428
320 339 420 402 441

1575 336 1979 400 ANNALIUM
2019 337 2214 401 PARS
2254 340 2368 404 ΙΙΙ.

3486 344 3597 412 4ίὲ

328 456 504 520 ἀξίοις
544 451 746 524 ἑαυτὴν
793 450 1146 523 ἐμφανίζεις·
1189 450 1222 521 ἡ
1257 450 1363 521 γὰρ
1404 448 1546 520 σὰρξ
1592 449 1694 501 οὐκ
1732 448 1900 517 ἐμπο-

2011 447 2129 505 haec
2176 465 2302 520 qua:
2354 449 2591 507 dicimus
2645 465 2778 508 cave
2830 463 2929 522 pro
2959 452 3142 510 fabula
3174 453 3424 512 duxeris.
3458 458 3596 514 Nam

322 547 454 611 δίζει
483 548 550 616 τῇ
581 543 812 612 δυνάμει
843 543 937 611 καὶ
969 540 1224 612 ἐνεργείᾳ
1243 540 1335 594 τοῦ
1372 538 1685 610 πνεύματός
1725 554 1841 594 σου.
1880 554 1901 589 ι

324 639 434 690 Καὶ
466 633 626 698 αὖθις
648 650 663 666 ·
700 652 720 686 ι
755 633 829 686 Τὸ
871 631 973 702 μὲν
1007 631 1170 701 σῶμά
1200 647 1294 684 σου
1329 629 1390 683 τὸ
1416 627 1746 699 ⁸πιιρθενωιὸν
1782 627 1904 680 ὅλον

325 728 479 795 ἅγιόν
508 728 674 791 ἐστιν,
706 724 940 792 ἀλλαγὲν
968 724 1066 793 μὲν
1093 723 1169 786 ὡς
1199 723 1540 793 ἀνθρώπινον
1571 718 1709 791 πρὸς
1730 717 1908 787 ἄκραν

320 817 633 890 ἀφθαρσίαν
691 816 859 886 ζωῆς,
898 813 1036 868 σῶον
1088 814 1145 866 δὲ
1209 815 1237 867 6
1283 811 1445 866 τοῦτο
1502 810 1765 876 ζωοτελὲς
1811 814 1909 867 καὶ

327 912 632 981 ἀκοίμητον
693 909 767 971 ὡς
822 908 1019 970 σκεῦος
1062 907 1311 978 ὑπάρχον
1357 904 1623 975 θεοδόχον.
1666 908 1906 979 Ἐῥρέτω

319 1004 516 1073 τάφος,
569 1000 783 1074 ἐρρέτω
817 999 947 1071 χοῦς
994 998 1094 1053 ἐπὶ
1121 999 1228 1064 σοὶ,
1269 998 1522 1053 Θεοτόκε.
1556 1018 1574 1050 ι
1613 999 1756 1070 Πρὸς
1783 999 1908 1053 τού-

320 1112 435 1159 τοις
459 1094 516 1147 δὲ
547 1094 577 1148 6
604 1091 910 1163 ἁγιώτατος
946 1090 1206 1161 Ἀνδρέας
1234 1091 1262 1143 6
1299 1090 1528 1161 Κρήτης
1571 1091 1743 1162 αὐτὴν
1775 1091 1908 1145 ταύ-

321 1204 422 1256 την
474 1185 686 1255 εἰσάγει
742 1185 1006 1254 λέγουσαν
1033 1185 1116 1237 ὅτι
1147 1184 1226 1253 Τῇ
1276 1183 1376 1253 μὲν
1428 1183 1576 1253 ψυχῇ
1619 1183 1909 1251 μεγαλύνω

322 1277 413 1330 τὸν
443 1277 648 1348 Κύριον
674 1277 770 1330 καὶ
800 1276 1149 1345 ἀγαλλιῶμαι
1166 1274 1244 1345 τῷ
1268 1273 1569 1345 πνεύματι,
1597 1273 1676 1345 τῷ
1699 1273 1910 1344 σώματι

323 1368 382 1421 δὲ
414 1368 856 1439 μεταλλάττομαι
879 1369 973 1422 καὶ⁵
1001 1366 1317 1439 μορφοῦμαι
1339 1366 1439 1437 τὴν
1475 1366 1532 1418 ἐν
1563 1365 1749 1436 χάριτι
1774 1365 1911 1420 θέω-

307 1477 425 1515 νσιν.
466 1460 575 1516 Καὶ
600 1459 772 1515 ταῦτα
809 1460 909 1529 μὲν
940 1461 998 1522 ὲς
1031 1456 1305 1512 τοσοῦτον.

2011 554 2143 597 ecce
2193 541 2580 598 sanctissimus
2617 542 2710 599 ille
2745 544 3064 614 patriarcha
3105 544 3415 602 Germanus
3462 549 3597 605 hinc

2008 631 2300 696 occasione
2324 640 2587 707 isnmpta,
2629 632 2710 687 sic
2739 630 2806 687 ad
2839 633 3068 688 verbum
3101 633 3156 688 in
3199 636 3454 692 oratione
3494 656 3590 693 sua

2004 721 2075 778 de
2103 722 2517 780 obdormitione
2540 724 2783 794 Virginis
2816 725 3099 796 loquitur:
3142 745 3160 780 ι
3197 727 3430 799 Semper
3459 732 3596 785 vivit

2005 813 2236 885 spiritus
2282 822 2435 878 tuus.
2485 825 2542 872 et
2581 831 2711 871 caro
2745 826 2835 872 tua
2866 819 3230 894 sepulcralcm
3284 824 3596 894 corruptio-

2004 920 2130 967 nem
2162 926 2273 966 non
2298 920 2383 966 est
2411 920 2657 982 experta.
2695 911 2890 967 Omnia
2928 913 3186 978 intueris,
3238 926 3291 969 ct
3324 915 3593 985 inspectio

2004 1013 2098 1058 tua
2129 1018 2323 1059 versus
2354 1014 2556 1059 cuncta
2607 1003 2887 1074 dirigitur.
2948 1005 3070 1071 Quo
3127 1005 3186 1059 ﬁt
3235 1018 3295 1061 ut
3340 1010 3595 1078 quamvis

2008 1092 2153 1148 oculi
2209 1093 2386 1149 nostri
2445 1095 2855 1165 praepediantur
2908 1095 3208 1165 quominus
3250 1106 3302 1152 te
3339 1109 3591 1160 cernant,

2010 1190 2067 1236 tu
2110 1191 2320 1249 tamen,
2359 1184 2521 1254 Virgo
2573 1185 2926 1240 sanctissima
2954 1225 2969 1250 ,
3024 1185 3207 1255 dignis
3242 1198 3411 1242 temet
3462 1203 3596 1242 con-

2005 1272 2350 1340 spiciendam
2382 1274 2651 1344 praebeas.
2711 1275 2846 1330 Nam
2900 1291 3031 1331 caro
3065 1277 3116 1331 vi
3170 1287 3225 1333 et
3284 1277 3593 1333 eﬁicacitati

2010 1364 2238 1435 spiritus
2273 1365 2349 1419 tui
2377 1367 2571 1435 nequit
2603 1365 2826 1423 ofﬁcere
2855 1369 2941 1423 vel
2969 1369 3366 1441 impedimento
3394 1387 3538 1427 esse.
3573 1392 3591 1423 ›

2011 1458 2088 1510 Ac
2115 1472 2335 1511 rursum
2362 1475 2375 1510 :
2406 1476 2423 1508 ι
2455 1457 2671 1529 Corpus
2702 1467 2854 1513 tuum
2880 1462 3187 1533 virgineum
3213 1463 3441 1518 omnino
3469 1479 3595 1518 san-

322 1568 470 1611 ctum
496 1565 603 1619 est.
637 1565 692 1612 et
719 1556 1022 1611 humanum
1048 1554 1295 1625 quidem,
1329 1552 1424 1607 sed
1466 1552 1613 1623 quod
1657 1551 1726 1607 ad
1789 1566 2062 1607 summam
2106 1551 2542 1607 immortalitatis
2613 1552 2781 1609 vitam
2849 1559 3166 1625 pervenerit
3206 1557 3457 1627 adeoque
3515 1560 3601 1614 in—

321 1658 534 1716 tegrum
572 1647 645 1703 sit
672 1657 730 1704 et
791 1648 1045 1707 absolute
1077 1646 1258 1701 vivum
1292 1653 1349 1701 et
1379 1644 1774 1700 obdormitioni
1807 1660 1918 1700 non
1957 1644 2280 1710 obnoxium,
2320 1644 2523 1715 quippe
2554 1646 2698 1714 quod
2743 1662 2835 1703 vas
2885 1648 2978 1704 Dei
3047 1665 3219 1720 capax
3268 1649 3455 1706 fuerit.
3492 1651 3599 1707 Va-

317 1742 448 1805 leat.
477 1750 531 1798 te
557 1743 705 1813 quod
737 1744 958 1805 attinet,
1012 1729 1364 1810 sepulcrum;
1401 1740 1579 1796 valeat
1618 1739 1817 1809 pulvis,
1863 1753 1896 1794 o
1940 1739 2190 1808 Deipara.
2232 1758 2251 1791 ι
2293 1740 2438 1806 Quin
2473 1741 2644 1796 etiam
2710 1743 3098 1800 sanctissimus
3162 1747 3253 1803 ille
3319 1747 3602 1803 Cretensis

319 1835 519 1905 praesul
551 1834 801 1890 Andreas
837 1834 891 1888 in
930 1833 1078 1888 hunc
1104 1833 1328 1888 modum
1371 1831 1548 1902 ipsam
1614 1831 1932 1899 loquentem
1972 1828 2311 1884 introducit:
2379 1848 2398 1881 ι
2441 1831 2638 1886 Animo
2678 1831 2901 1901 quidem
2955 1836 3244 1905 magniﬁce
3295 1840 3594 1896 Dominum

319 1926 538 1983 celebro
589 1933 645 1982 et
718 1925 914 1995 spiritu
963 1924 1215 1986 exsulto,
1289 1937 1521 1993 corpore
1573 1937 1703 1977 vero
1741 1921 2007 1975 immutor
2046 1930 2101 1976 et
2150 1920 2215 1976 ad
2276 1919 2618 1976 divinitatem
2647 1937 2714 1977 ex
2762 1924 2937 1995 gratia
2986 1928 3290 2002 profectam
3335 1932 3601 1988 transfor-

319 2039 461 2079 mor.
502 2040 521 2074 ι
564 2020 643 2076 Ac
675 2020 745 2076 de
774 2020 860 2075 his
887 2020 1109 2090 quidem
1142 2020 1429 2074 hactenus.

312 2162 315 2167 .
391 2119 548 2173 Μετά
582 2119 641 2172 δὲ
693 2114 1011 2186 Αὔγουστον
1047 2115 1161 2188 (61)
1199 2117 1464 2193 Καίσαρα
1510 2116 1707 2185 κρατεῖ
1738 2114 1900 2168 Τιΰέ-

2076 2110 2206 2165 Post
2238 2109 2548 2181 Augustum
2600 2126 2733 2167 vero
2775 2108 3048 2168 Caesarem
3097 2112 3357 2172 Tiberius
3417 2118 3597 2187 ipsius
3662 2166 3663 2169 η

322 2227 436 2281 ριος
462 2213 491 2262 6
520 2211 632 2274 υίὸς
659 2207 826 2263 αὐτοῦ
857 2207 953 2279 ἔτη
991 2215 1099 2277 κγ’.
1132 2207 1304 2271 Οὗτος
1337 2207 1532 2272 κτίσας
1564 2207 1718 2261 πόλιν
1752 2206 1906 2275 παρά

318 2305 386 2374 τῇ
451 2301 620 2372 λίμνῃ
679 2300 983 2371 Τιϐεριάδα
1044 2301 1253 2368 ταύτην
1308 2298 1618 2367 ὠνόμασεν.
1665 2296 1783 2366 Ἐφ’
1842 2290 1903 2350 οὗ

322 2395 545 2465 σεισμὸς
578 2394 821 2463 γεγονὼς
851 2392 882 2447 ι’
909 2395 1007 2448 καὶ
1036 2399 1085 2463 γ’
1123 2392 1309 2456 πόλεις
1338 2394 1673 2463 κατέχωσεν.
1715 2392 1775 2445 '0
1808 2389 1904 2444 Ἰἰ-

318 2486 500 2556 6έριος
534 2480 688 2550 οὗτος
724 2487 852 2550 τοὺς
880 2486 1071 2558 βαρεῖς
1104 2486 1200 2540 καὶ
1229 2484 1442 2548 δεινοὺς
1467 2484 1797 2555 φορολόγους
1821 2484 1905 2538 αἰ-

318 2579 493 2641 κίζων
539 2578 729 2642 δεινῶς
776 2577 933 2647 ἔλεγε
960 2593 975 2609 ⁶
1024 2595 1043 2630 ι
1087 2575 1485 2647 Κειρέσθωσαν
1519 2576 1619 2644 μὲν
1660 2575 1730 2628 τὰ
1764 2574 1906 2645 πρό-

318 2667 480 2735 ϐατα,
514 2668 653 2740 πλὴν
683 2669 746 2724 οὐ
789 2669 986 2741 μέχρις
1019 2670 1190 2740 αὐτῆς
1230 2668 1603 2752 ἐπιδερμίδος.
1648 2684 1667 2719 ι
1714 2665 1829 2736 Ἐφ’

320 2765 417 2817 καὶ
443 2761 571 2825 τοὺς
601 2764 682 2833 είς
708 2760 864 2828 ἀξίαν
895 2760 1027 2831 παρ’
1058 2758 1225 2815 αὐτοῦ
1258 2757 1678 2829 προαγομένους
1701 2757 1900 2812 θᾶττον

316 2854 418 2907 οὐκ
454 2853 704 2924 ἤμειϐεν.
724 2853 1050 2924 Ἐρωτηθεὶς
1093 2850 1212 2915 πῶς
1236 2851 1395 2905 τοῦτο
1424 2851 1593 2916 ποιεῖ,
1642 2849 1774 2920 ἔφη,
1800 2849 1902 2902 Διά

316 2948 417 3017 τὴν
451 2946 562 3001 τῶν
598 2944 889 3015 ἀγομένων
916 2944 1250 3000 ἀνάπαυσιν.
1268 2942 1397 2996 Ἑπὶ
1424 2941 1640 3006 τούτοις
1667 2941 1714 2996 δ’
1734 2942 1901 3011 ἔφερε

316 3038 415 3091 καὶ
469 3037 843 3108 παράδειγμα.
876 3035 1239 3105 ’τραυματίας
1293 3051 1377 3098 τις
1446 3032 1646 3096 ἔκειτο,
1684 3032 1779 3087 καὶ
1834 3031 1902 3085 τὰ

294 3129 450 3198 ἕλκη
494 3128 659 3182 αὑτοῦ
698 3129 901 3198 πλῆθος
933 3126 1109 3197 μυιῶν
1153 3125 1507 3196 ἀνιμὼμενον
1551 3120 1644 3196 ἦν.
1679 3122 1900 3194 Παριὼν

314 3221 371 3273 δέ
422 3235 510 3282 τις
549 3218 830 3290 ἐπεχείρει
882 3217 1085 3281 ταύτας
1133 3217 1450 3271 ἀποσοϐεῖν.
1494 3216 1554 3269 Ὀ
1598 3216 1656 3269 δὲ
1703 3211 1897 3269 εἶπεν·

318 3312 492 3381 Ἀφες
528 3311 718 3373 αὐτάς.
749 3309 1112 3381 Κορεσθετσαι
1152 3309 1261 3380 γὰρ
1297 3296 1357 3361 ὀύ
1405 3308 1663 3362 τοσοῦτον
1705 3305 1901 3371 ὀδύνας

319 3421 410 3474 μοι
438 3404 792 3475 παρέχουσιν.
841 3403 965 3456 Ἐὰν
997 3401 1229 3456 ἔλθωσιν
1284 3401 1441 3456 ἄλλαι
1494 3401 1895 3472 λιμώττουσαι,

318 3496 524 3567 σφόδρα
561 3512 631 3567 με
663 3494 1051 3568 ὲπιπλήξουσι.
1093 3514 1114 3548 ι
1152 3496 1386 3565 Λέγεται
1416 3495 1474 3549 δὲ
1511 3496 1596 3549 ὅτι
1634 3494 1771 3564 μετὰ
1803 3496 1901 3565 τὴν

315 3587 585 3658 ἀνάληψιν
631 3586 726 3641 τοῦ
765 3587 1007 3655 Χριστοῦ
1038 3590 1073 3660 ὴ
1123 3587 1462 3659 Μαγδαληνὴ
1498 3586 1683 3657 Μαρία
1737 3588 1901 3658 μέχρι

316 3681 413 3734 καὶ
456 3679 675 3750 Ῥώμης
704 3681 913 3752 τρέχει,
945 3680 1114 3734 πολλά
1144 3679 1472 3734 καταϐοῶσα
1510 3680 1616 3733 τῶν
1662 3696 1900 3749 παρηνο-

319 3770 576 3841 μηκὸτων
608 3773 688 3834 εἰς
712 3772 873 3825 αὐτὸν
902 3774 996 3825 τὸν
1038 3772 1294 3843 Χριστόν.
1329 3771 1598 3826 Τοσοῦτον
1646 3771 1703 3824 δὲ
1742 3769 1902 3824 Τιὃέ-

317 3878 431 3932 pio;
483 3862 573 3915 τὸν
626 3861 798 3933 θυμὸν
849 3861 1056 3934 ἀνῆψεν
1083 3862 1226 3916 ὥστε
1277 3864 1496 3932 θανάτῳ
1532 3859 1899 3915 καταδικάσαι

294 3957 441 4025 τοὺς
470 3956 647 4026 ίερεῖς
689 3956 784 4009 καὶ
820 3957 1174 4026 γραμματεῖς
1218 3957 1316 4009 σὺν
1350 3954 1499 4025 αὐτῷ
1531 3954 1609 4024 τῷ
1652 3952 1895 4022 Πιλὰτῳ,

316 4050 366 4102 εἰ
399 4047 489 4102 καί
516 4063 663 4112 τινες
710 4045 890 4117 ἕτεροι
918 4047 1219 4119 αὐτόχειρα
1264 4046 1488 4115 λέγουσι
1516 4046 1610 4098 τὸν
1660 4042 1894 4097 Πιλᾶτον

314 4142 510 4195 ἑαυτοῦ
535 4140 814 4211 γενέσθαι.

2006 2201 2152 2258 ﬁlius
2182 2204 2342 2257 annis
2363 2203 2434 2259 25
2463 2203 2697 2273 imperio
2723 2204 2965 2274 prail‘uit.
3017 2206 3122 2264 Hic
3139 2208 3207 2263 ad
3239 2209 3420 2266 lacum
3457 2215 3595 2270 urbe

2005 2295 2225 2350 condita
2263 2295 2616 2351 Tiberiadem
2666 2297 2999 2367 appellavit.
3053 2298 3264 2357 Eodem
3326 2314 3596 2375 regnante

2005 2394 2167 2442 terra:
2204 2395 2384 2442 motus
2412 2388 2646 2454 exstitit,
2673 2388 2770 2459 qui
2801 2389 2967 2446 urbes
2992 2391 3259 2448 tredecim
3292 2392 3595 2453 'subvertit.

2004 2476 2233 2532 Solebat
2260 2477 2518 2534 Tiberius
2544 2493 2740 2549 graves
2770 2481 3010 2539 subditis
3063 2492 3120 2538 et
3153 2495 3373 2542 atroces
3413 2488 3599 2558 publi-

2003 2586 2197 2626 corum
2252 2570 2604 2642 vectigalium
2643 2583 2932 2631 exactores
2977 2586 3138 2633 acute
3186 2578 3373 2634 verbis
3397 2580 3600 2654 hujus-

2003 2662 2153 2717 modi
2241 2678 2510 2733 pungere.
2571 2665 2877 2721 tondendas
2909 2666 3132 2738 quidem
3180 2684 3302 2726 esse
3333 2674 3595 2742 pecudes.

2004 2766 2061 2810 at
2087 2771 2195 2810 non
2240 2755 2645 2824 deglubendas.
2684 2757 2889 2813 Eadem
2923 2761 2991 2815 de
3035 2775 3199 2817 causa
3232 2763 3279 2818 si
3331 2781 3473 2832 quos
3528 2768 3597 2821 ad

2002 2846 2421 2915 magistratuum
2451 2846 2747 2918 dignitates
2777 2860 3122 2918 provexerat,
3152 2868 3263 2907 non
3317 2855 3430 2910 cito
3463 2857 3598 2912 sub-

2005 2949 2184 2995 molos
2215 2955 2340 2994 cum
2378 2940 2503 2995 aliis
2539 2940 2936 2997 commutabat.
2970 2942 3225 3014 Cumque
3277 2946 3589 3019 interroga-

2008 3040 2095 3087 tus
2140 3040 2289 3087 esset
2323 3032 2682 3102 quamobrem
2718 3032 2864 3089 istuc
2897 3034 3128 3098 laceret,
3188 3046 3419 3108 propter
3457 3043 3593 3095 sub-

2006 3121 2488 3192 ditorum,inquit,
2519 3123 2867 3177 commodum
2892 3135 2941 3178 et
2976 3127 3399 3183 recreationem.
3433 3128 3598 3201 234

2005 3212 2182 3267 Simul
2231 3228 2345 3267 rem
2377 3213 2629 3283 exemplo
2678 3214 3016 3269 declarabat.
3077 3215 3336 3283 Quidam,
3388 3218 3593 3288 inquit.

2003 3305 2293 3361 confectus
2318 3305 2666 3373 vulneribus,
2697 3306 2855 3360 humi
2880 3307 3118 3375 iacebat,
3155 3310 3384 3381 ejusque
3411 3312 3597 3371 ulcera

2005 3397 2199 3468 ingens
2241 3412 2554 3452 muscarum
2602 3399 2901 3453 multitudo
2949 3401 3201 3471 sugebat.
3265 3402 3598 3459 Prteteriens

1928 3476 1971 3532 C
2006 3505 2137 3545 vero
2167 3488 2308 3543 alius
2329 3503 2424 3543 eas
2464 3489 2690 3560 abigere
2721 3491 3023 3547 nitebatur.
3060 3493 3203 3549 Tum
3242 3494 3374 3551 illc:
3411 3515 3430 3548 ι
3465 3495 3596 3552 Mis-

1986 3578 2111 3647 ’s:ts,
2153 3581 2251 3646 ait,
2305 3580 2403 3637 has
2432 3580 2623 3636 facito.
2687 3583 2824 3638 Nam
2887 3585 3101 3641 satiata:
3149 3601 3275 3642 cum
3311 3588 3441 3653 sint,
3478 3603 3597 3642 ma-

2000 3688 2107 3742 gno
2142 3687 2232 3727 me
2266 3671 2456 3727 dolore
2485 3686 2595 3727 non
2626 3672 2890 3730 alliciunt.
2945 3675 3017 3731 At
3057 3677 3105 3733 si
3152 3677 3275 3733 aliae
3323 3679 3588 3735 advolent

1999 3764 2349 3830 esurientes,
2409 3779 2495 3818 me
2544 3764 2743 3819 diriter
2780 3767 3077 3837 pungendo
3123 3771 3583 3827 excruciabunt.»

2003 3854 2276 3911 Caeterum
2340 3857 2597 3912 nonnulli
2642 3860 2939 3928 perhibent
2974 3871 3100 3930 post
3156 3864 3593 3936 assumptionem

2002 3947 2207 4004 Christi
2247 3948 2471 4005 Mariam
2524 3951 2676 4005 illam
2716 3950 3090 4021 liagdalenam
3128 3954 3357 4010 Romam
3393 3972 3594 4028 perve—

2000 4039 2173 4105 nisse,
2219 4040 2571 4111 graviterque
2624 4058 2915 4100 accusasse
2969 4060 3184 4113 omnes,
3218 4060 3492 4118 quthuot
3540 4051 3594 4106 in

1999 4133 2286 4189 Christum
2341 4133 2712 4204 deliquerant.
2750 4137 2931 4207 Usque
2968 4138 3107 4195 adeo
3140 4140 3292 4196 illam
3349 4143 3593 4214 denique

283 4236 522 4295 .Tiberii
577 4236 821 4292 animum
872 4237 1228 4303 accendisse,
1269 4246 1328 4293 ut
1362 4244 1419 4291 et
1466 4232 1785 4289 sacerdotes
1837 4242 1893 4287 et
1926 4230 2138 4287 scribas
2165 4241 2223 4288 et
2275 4231 2456 4301 ipsum
2529 4247 2752 4303 quoque
2783 4235 3042 4290 “Pilatum
3109 4238 3311 4309 capitis
3362 4240 3594 4296 damna-

282 4392 289 4395 ,
318 4338 420 4382 ret.
453 4326 595 4383 Sunt
631 4319 811 4385 tamen
839 4329 931 4385 alii
963 4330 1058 4400 qui
1091 4330 1325 4386 Pilatum
1382 4329 1606 4385 sibimet
1647 4326 1750 4398 ipsi
1783 4340 1979 4381 manus
2012 4325 2262 4379 attulisse
2299 4314 2771 4382 commemorant.

278 4483 285 4489 ς
383 4425 538 4479 Μετὰ
566 4427 754 4493 τοῦτον
777 4431 969 4497 κρατεί
991 4429 1147 4499 Ιῖἀῐος
1175 4428 1267 4497 ἔτη
1298 4425 1338 4481 δ’
1346 4466 1361 4481 .
1389 4419 1559 4490 Οὗτος
1593 4423 1894 4495 πάμπολλα

279 4513 464 4571 ,εεινὰ
506 4517 742 4586 ποιήσας
788 4517 1099 4587 ἀναιρεῖται
1156 4519 1260 4570 ὑπὸ
1312 4516 1667 4586 στρατιωτῶν
1713 4518 1772 4568 ὲν
1815 4514 1895 4585 τῷ

316 4605 525 4676 λουτρῷ
545 4621 560 4638 ο
582 4608 643 4660 ού
685 4608 793 4678 γὰρ
835 4608 1034 4679 ἔφερον
1065 4613 1130 4664 αὑ
1143 4610 1225 4664 τὸν
1251 4612 1385 4682 ὀρᾷν
1409 4611 1507 4681 τὴν
1550 4610 1688 4663 ἰδίαν
1722 4609 1895 4677 θυγα-

2077 4422 2208 4478 Post
2227 4420 2508 4476 Tiberium
2538 4421 2708 4476 Caius
2738 4421 2973 4492 imperio
2995 4423 3029 4477 4
3051 4439 3226 4480 annos
3253 4428 3460 4496 potitus
3487 4438 3592 4483 est.

1972 4506 2054 4572 vis
2080 4532 2205 4572 eum
2242 4514 2414 4569 multa
2447 4515 2747 4570 crudeliter
2790 4516 3087 4570 admodum
3141 4517 3507 4588 dcsignassct,
3565 4539 3593 4574 ιι

2004 4606 2273 4661 militibus
2300 4606 2356 4659 in
2399 4604 2594 4660 balneo
2619 4612 2845 4659 necatus
2867 4615 2971 4660 est.
3010 4605 3146 4660 Nam
3179 4605 3409 4664 moleste
3449 4610 3594 4663 fere-

276 4699 446 4767 ,τέρκ
494 4700 843 4769 προσάγοντα
893 4702 971 4774 τῷ
1010 4703 1216 4773 εἰδώλῳ
1262 4702 1452 4769 αὑτοῦ,
1487 4703 1583 4756 καὶ
1629 4701 1891 4768 λέγοντα·

2003 4700 2152 4765 bant,
2182 4698 2327 4769 quod
2362 4712 2490 4752 eum
2516 4697 2784 4752 vidissent
2817 4698 3095 4768 propriam
3123 4699 3290 4754 ﬁliam
3329 4702 3396 4755 ad
3422 4703 3596 4755 simu-

300 4806 341 4862 ,ι
372 4789 443 4842 Συ
492 4791 695 4861 ταύτης
737 4791 940 4864 πατὴρ,
993 4796 1088 4847 καὶ
1138 4795 1200 4848 σὺ
1239 4796 1441 4865 ταύτην
1469 4795 1826 4862 γεγέννηκας.
1871 4811 1890 4845 ι

274 4944 279 4949 ν
317 4874 485 4953 Οὗτος
544 4884 572 4936 6
624 4883 789 4948 Γάϊος
841 4885 1142 4949 ὁλονύκτως
1188 4887 1442 4940 κυϐεύειν
1479 4887 1689 4958 ἤθελεν.
1730 4884 1895 4937 Ὅθεν

315 4974 408 5029 ἐπὶ
435 4975 610 5046 τούτῳ
635 4960 990 5049 δυσθυμήσας
1012 4980 1041 5033 6
1071 4978 1345 5048 βασιλεὺς,
1379 4980 1472 5033 ὲπί
1503 4978 1755 5033 τοσοῦτον
1786 4977 1895 5049 γὰρ

315 5067 677 5131 ἐξεκεκένωτο
705 5071 763 5123 τὸ
793 5071 1020 5141 χρυσίον
1069 5070 1236 5139 ἅπαν,
1268 5070 1407 5125 ὥστε
1432 5074 1524 5127 καὶ
1556 5077 1645 5125 τὸν
1681 5070 1891 5138 θησαυ-

314 5154 598 5239 ροφύλακά
628 5163 1005 5235 δυσθυμοῦντα
1031 5164 1173 5234 ὁρῶν
1202 5168 1329 5230 τοὺς
1365 5165 1700 5234 ὁπουδήποτε
1730 5163 1896 5216 πλω-

386 5344 500 5415 (61)
525 5347 831 5420 Antequam
868 5347 935 5403 ad
957 5348 1247 5419 sequentia
1277 5348 1621 5420 progrediar,
1650 5361 1885 5420 monen-

318 5415 419 5489 dos
451 5431 575 5472 esse
628 5415 862 5474 lectores
910 5415 1192 5486 exisiimo,
1234 5415 1293 5474 in
1340 5415 1590 5489 pluribus
1639 5419 1898 5473 aberrare

315 5482 534 5560 Clycam
562 5496 834 5560 nostrum,
859 5504 981 5560 qua:
1029 5490 1098 5546 ad
1131 5482 1408 5546 Romanos
1430 5491 1802 5560 imperatores
1835 5503 1902 5543 ac

315 5554 958 5632 Constantinopolitanos
987 5561 1270 5630 pertinent
1305 5577 1320 5615 :
1362 5575 1484 5632 qua:
1510 5554 1565 5614 si
1600 5561 1670 5614 ad
1700 5574 1897 5632 anius-

316 5626 417 5679 sim
441 5635 604 5702 atque
632 5626 864 5702 examen
898 5626 1348 5702 chronologicum
1380 5626 1650 5701 revocare
1696 5629 1898 5685 voluis-

256 5767 261 5771 ἢ
316 5709 459 5774 sem,
511 5698 693 5768 plures
743 5699 972 5771 implere
1009 5698 1236 5774 paginas
1290 5712 1344 5757 et
1394 5703 1593 5774 ingens
1638 5698 1903 5774 notarum

318 5766 573 5823 volumen
636 5766 1032 5829 consarciuaré
1080 5766 1217 5828 mihi
1278 5789 1419 5841 opus
1458 5766 1691 5828 “luisset.
1758 5771 1897 5827 Cum

2000 4793 2212 4847 lacrum
2234 4791 2511 4861 quoddam
2544 4806 2672 4845 eum
2704 4791 3022 4863 hujusmodi
3051 4792 3237 4849 verbis
3273 4794 3591 4850 adducere:

2010 4907 2026 4939 ι
2056 4886 2137 4940 Tu
2178 4896 2330 4955 pater
2363 4885 2526 4956 hujus
2564 4899 2644 4950 es,
2691 4894 2746 4939 tu
2803 4887 2945 4939 hanc
2993 4888 3317 4955 procreasti.
3377 4906 3394 4938 ι
3437 4888 3592 4943 Sulc-

2002 4976 2098 5031 bat
2145 4975 2309 5031 Caius
2366 4985 2509 5030 totas
2562 4983 2750 5030 noctes
2783 4977 2915 5031 aleae
2947 4978 3071 5032 lusu
3111 4980 3436 5049 transigere.
3471 4979 3588 5047 Qua

2003 5068 2387 5140 prodigalitate
2419 5068 2621 5123 factum
2650 5082 2736 5124 est
2768 5080 2827 5125 ut
2860 5070 3080 5126 tandem
3114 5086 3284 5142 egens
3327 5088 3584 5142 magnum

2003 5162 2058 5217 iu
2108 5176 2403 5216 maerorem
2452 5161 2743 5217 incideret.
2802 5160 2935 5217 Nam
2992 5180 3217 5234 prorsus
3258 5164 3589 5221 cxhauswm

1995 5345 2203 5416 aliquid
2260 5345 2793 5417 dubiiioccurrerit,
2837 5346 2903 5401 ad
2976 5346 3276 5417 scriptores
3353 5348 3588 5416 συγχρό-

2002 5433 2124 5479 νους
2164 5419 2336 5470 satius
2364 5416 2470 5470 erit
2501 5431 2827 5480 recurrere.
2883 5432 3048 5487 quam
3093 5416 3343 5472 turbidos
3394 5434 3578 5472 recen-

2006 5488 2206 5542 tiorum
2244 5496 2575 5555 arentesque
2597 5487 2809 5542 rivulos
2829 5490 3161 5543 consectari.
3217 5487 3310 5542 llis
3335 5489 3583 5557 prannis~

2004 5560 2084 5613 sis
2121 5560 2329 5627 reliqua
2363 5567 2671 5629 pertexam,
2713 5573 2924 5613 memor
2970 5558 3271 5629 pr0positi,
3302 5572 3368 5612 ac
3407 5557 3589 5629 brevi-

2006 5628 2128 5692 tati,
2160 5626 2427 5698 quiantnin
2472 5628 2678 5694 licebit,
2710 5629 2949 5684 stttde‘bo
2971 5626 2994 5683 ἰ
3027 5626 3094 5683 ne
3129 5627 3325 5682 similis
3351 5626 3589 5681 nonnul-

2006 5700 2077 5753 lis
2103 5697 2329 5761 elliciar,
2359 5698 2455 5768 qui
2489 5698 2790 5753 adnotandi
2821 5701 3032 5754 nullum
3065 5699 3226 5751 tinem
3262 5697 3486 5763 iaciunt,
3520 5710 3588 5751 ac

2005 5769 2242 5825 trivialia
2272 5786 2500 5841 qua-que
2532 5770 2586 5825 in
2613 5770 2892 5826 cumulum
2920 5768 3274 5837 congerendi.
