4054 6470
384 347 489 408 Illi
1370 387 1379 391 -
1681 346 2112 409 MICHAELIS
2150 345 2417 409 GLYCIE
3569 353 3676 418 ιιι

383 472 505 518 crat
534 462 811 517 :rrarium.
842 462 1191 532 Quaprop'er
1213 473 1342 514 cum
1375 456 1501 529 ejus
1538 458 1617 515 rei
1647 473 1815 514 causa
1834 472 1972 529 prae-

2085 460 2236 524 σίους
2262 459 2629 532 ἀναιρεθῆναι
2653 460 2868 516 κελεύει
2897 462 2993 517 καὶ
3017 461 3119 527 τάς
3145 461 3327 517 αὐτῶν
3351 469 3678 534 περιουσίας

385 559 592 612 fectum
621 554 819 609 mrario
854 556 1068 609 tristem
1112 553 1417 623 imperator
1447 551 1746 623 aliquando
1775 566 1972 607 cerne-

2084 552 2303 608 λαϐεῖν.
2340 548 2513 618 Οὗτος
2541 556 2601 607 ἐν
2641 555 2909 627 στενωπῷ
2941 558 3045 626 τῆς
3080 553 3307 627 Ῥώμης
3349 557 3521 627 πηλὸν
3554 560 3681 613 θεα-

388 658 489 713 ret,
510 649 679 720 jussit
712 657 776 702 ut
803 661 996 702 omnes
1021 644 1332 715 locupletes
1361 660 1392 699 e
1417 644 1600 700 medio
1648 643 1972 699 tollerentur

2085 642 2326 710 σάμενος
2373 643 2600 708 κόλποις
2630 645 3049 710 Οὐεσπασιανοῦ
3093 645 3192 701 τοῦ
3217 651 3676 719 στρατηγικωτά-

385 754 690 809 eorumque
716 737 1011 792 facultates
1043 734 1451 804 diriperentur.
1500 733 1651 791 Idem
1704 748 1830 790 cum
1871 734 1972 789 Ro.

2084 750 2180 787 του
2206 733 2478 806 βληθῆναι
2505 736 2838 807 προσέταξε.

387 856 485 892 ma:
509 837 746 906 quodam
787 837 842 891 in
884 835 1180 907 angiportu
1214 834 1396 889 lutmn
1454 833 1689 901 videret,
1737 830 2020 887 mandavit
2059 843 2120 888 ut
2168 833 2223 888 in
2264 833 2447 890 sinum
2492 834 2838 906 Vespasiani,
2903 834 3009 890 viri
3044 834 3470 904 bellicosissimi,
3504 838 3677 910 conji-

383 941 622 987 ceretur.

459 1027 571 1081 lloc
612 1034 861 1095 tempore
891 1022 1113 1093 sapiens
1146 1022 1236 1078 ille
1281 1021 1442 1078 Philo
1472 1030 1528 1078 et
1554 1018 1828 1090 Iosephus
1857 1019 1970 1074 cla-

2154 1018 2292 1073 Τότε
2323 1019 2390 1092 δὴ
2420 1022 2544 1076 τότε
2577 1021 2755 1077 Φίλων
2784 1025 2814 1078 6
2848 1024 3012 1093 σοφὸς
3056 1025 3150 1079 καὶ
3184 1025 3451 1099 Ἰώσηπος
3488 1029 3674 1099 ἠκμα-

383 1129 635 1175 ruerunt.
669 1118 946 1187 Josephus
970 1116 1218 1172 veritatis
1249 1131 1443 1170 amans
1468 1114 1703 1170 exstitit.
1751 1113 1885 1168 Nam
1915 1119 1973 1167 et

383 1212 690 1282 Baptistam
714 1209 929 1264 Domini
955 1208 1162 1274 laudat,
1198 1215 1255 1263 et
1291 1207 1571 1263 Christum
1607 1205 1973 1261 consimiliter

383 1308 561 1360 virum
616 1305 922 1374 sapientem
955 1317 1392 1372 magnorumque
1434 1300 1813 1371 prodigiorum
1841 1296 1973 1353 elle-

382 1410 593 1456 c'orem
622 1398 882 1467 appellat,
919 1412 983 1451 ac
1012 1405 1366 1467 posteaquam
1420 1393 1722 1450 cruciﬁxus
1751 1391 1969 1457 fuisset,

381 1492 472 1545 die
507 1491 671 1545 tertio
704 1490 886 1543 vivum
919 1498 1283 1557 conspectum
1311 1502 1431 1542 esse
1459 1486 1646 1540 tradit.
1676 1484 1969 1547 Caeterum,

378 1585 581 1640 dilecte
613 1582 713 1647 illi,
748 1580 939 1635 mirari
964 1580 1155 1636 desine
1190 1579 1360 1636 fuisse
1392 1578 1665 1634 Barbaros
1699 1575 1972 1648 quosdam

2079 1114 2193 1177 ζον.
2218 1106 2390 1178 Οὗτος
2429 1114 2493 1186 δὴ
2536 1115 2840 1187 φιλαλήθης
2870 1116 3089 1186 ἐλέγετο
3124 1118 3214 1173 διά
3239 1136 3304 1190 γε
3342 1121 3405 1174 τὸ
3443 1121 3536 1176 τὸν
3564 1122 3672 1175 Ba-

2081 1206 2314 1277 πτιστὴν
2334 1209 2429 1261 τοῦ
2465 1210 2672 1278 Κυρίου
2702 1210 2963 1275 ἐπαινεῖν,
2989 1211 3084 1265 καὶ
3111 1212 3198 1266 διὰ
3220 1214 3284 1267 τὸ
3319 1214 3412 1268 τὸν
3435 1217 3672 1287 Χριστὸν

2078 1298 2283 1368 ὁμοίως
2305 1299 2472 1373 ἄνδρα
2499 1302 2667 1371 σοφὸν
2689 1305 2997 1373 μαρτυρεῖν
3018 1305 3114 1358 καὶ
3145 1306 3400 1374 μεγάλων
3423 1309 3670 1377 σημείων

2079 1393 2342 1463 ἐργάτην,
2381 1394 2769 1465 σταυρωθέντα
2813 1395 2871 1449 δὲ
2905 1396 3084 1463 ζῶντα
3106 1401 3347 1470 φανῆναι
3391 1402 3532 1469 μετὰ
3547 1402 3667 1472 τρί-

2072 1499 2172 1551 την
2208 1485 2445 1555 ἡμέραν.
2481 1485 2554 1538 Σὺ
2593 1487 2674 1552 δὲ,
2712 1488 2989 1558 ἁγαπητὲ,
3034 1490 3110 1560 μὴ
3141 1490 3390 1562 θαύμαζε
3424 1495 3540 1563 εῐγε
3573 1498 3668 1550 καὶ

2075 1575 2347 1647 βάρϐαροί
2392 1592 2542 1641 τινες
2591 1578 2912 1649 προείλοντο
2962 1581 3033 1635 τὰ
3069 1582 3246 1636 καλά’
3297 1584 3392 1637 τὸν
3423 1586 3537 1656 γὰρ
3572 1587 3668 1640 ἄνε-

379 1678 477 1748 qui
537 1675 759 1730 virtutis
786 1673 869 1745 {et
927 1672 1147 1727 honesti
1184 1687 1373 1726 amore
1422 1672 1783 1727 ducerentur.
1834 1668 1972 1724 Nam

2075 1669 2297 1738 θρωπον
2339 1667 2598 1723 πλάττων
2646 1670 2676 1722 6
2719 1669 2852 1733 Θεὸς
2895 1670 3207 1727 ἐντέθεικεν
3238 1673 3395 1746 αύτῷ
3434 1676 3536 1744 τὴν
3571 1675 3667 1731 τοῦ

378 1786 504 1826 cum
555 1768 837 1822 hominem
895 1765 1129 1835 lingeret
1182 1763 1351 1827 Deus,
1408 1762 1593 1817 eidem
1636 1760 1861 1818 honesti
1916 1767 1972 1817 et

2075 1757 2246 1812 καλοῦ
2286 1759 2382 1813 καὶ
2434 1760 2610 1814 κακοῦ
2680 1761 2993 1829 διάγνωσιν.
3049 1764 3255 1835 Διόπερ
3287 1765 3349 1818 ού
3397 1766 3565 1835 μόνον
3617 1767 3668 1820 οἰ

378 1862 529 1931 pravi
576 1859 875 1915 discrimen
926 1856 1153 1913 indidit.
1202 1856 1322 1923 Quo
1365 1855 1569 1910 factum
1614 1861 1702 1910 est
1738 1861 1800 1908 ut
1855 1868 1969 1908 non

2076 1852 2207 1923 περὶ
2246 1853 2339 1906 τὸν
2378 1853 2642 1906 Πλάτωνα
2689 1852 2782 1905 τὸν
2819 1853 3010 1908 ἄδικον
3050 1854 3167 1925 βίον
3192 1856 3489 1927 ἐμίσησαν,
3528 1859 3670 1914 ἀλλὰ
3746 1882 3753 1885 -

376 1954 620 2011 Platonis
651 1951 816 2007 modo
843 1959 1153 2007 sectatores
1188 1949 1358 2003 vitam
1410 1948 1677 2020 injustam
1709 1958 1769 2003 et
1808 1947 1972 2003 scele-

2075 1950 2170 2000 xal
2204 1945 2316 2000 τῶν
2356 1946 2652 2017 βαρϐάρων
2673 1947 2775 2000 οὐκ
2805 1947 2998 2016 ὀλίγοι.
3034 1950 3146 2003 Kal
3174 1950 3281 2019 γὰρ
3324 1950 3452 2014 τοὺς
3493 1950 3668 2023 ὑπερ-

376 2058 554 2103 ratam
595 2046 725 2101 odio
778 2045 1060 2117 prosecuti
1116 2043 1249 2106 sint,
1278 2056 1468 2095 verum
1521 2042 1689 2096 etiam
1728 2040 1972 2097 homines

2076 2040 2300 2112 ϐορέους
2341 2040 2511 2093 οἰκεῖν
2567 2041 2666 2108 μὲν
2716 2039 2862 2111 ὑπὲρ
2916 2041 2985 2092 τὰ
3046 2040 3273 2095 Ῥίπαια
3321 2042 3423 2113 ὅρη
3480 2046 3668 2114 φασιν,

376 2141 597 2195 barbari
631 2156 742 2195 non
798 2137 983 2209 pauci.
1020 2134 1352 2205 Accepimus
1392 2133 1540 2188 enim
1595 2130 1980 2204 Hyperboreos

376 2234 646 2304 quosdam
693 2233 839 2286 ultra
884 2229 1146 2299 Riphaeos
1190 2235 1408 2281 montes
1458 2224 1732 2288 habitare,
1766 2225 1861 2295 qui
1892 2224 1982 2294 ju-

376 2326 583 2379 stitiam
612 2323 860 2379 studiose
907 2322 1117 2385 colant,
1169 2319 1545 2388 arborumque
1589 2317 1868 2374 fructibus
1915 2327 1974 2374 et

377 2416 826 2485 aquavictitent.
881 2412 1077 2467 Itidem
1115 2409 1488 2465 Brachmanas
1524 2410 1578 2463 in
1628 2410 1834 2464 virtute
1882 2425 1974 2463 co-

376 2509 537 2564 lentia
565 2522 731 2578 supra
763 2505 986 2581 modum
1016 2505 1318 2558 humanum
1342 2516 1608 2556 exercere
1635 2514 1696 2557 se
1725 2501 1968 2569 tradunt,

376 2621 501 2660 cum
535 2603 683 2658 foliis
709 2611 917 2656 tantum
947 2615 1179 2670 carpora
1212 2606 1399 2670 tegant
1436 2607 1493 2654 et
1530 2598 1698 2653 vitam
1730 2600 1786 2653 in
1818 2596 1972 2654 silvis

374 2706 560 2769 agant.
593 2694 930 2751 Anacharsis
977 2693 1208 2748 natione
1262 2691 1466 2763 Scytha
1520 2700 1673 2745 tanto
1701 2689 1972 2745 castitatis

373 2801 430 2845 et
461 2789 853 2844 exercitiorum
890 2787 1114 2841 virtutis
1141 2799 1330 2839 amore
1356 2783 1677 2848 tenebatur,
1706 2790 1769 2838 ut
1799 2782 1968 2838 etiam

373 2881 585 2936 cubans
624 2880 776 2934 labra
821 2878 1176 2946 vcrendaque
1216 2875 1333 2931 suis
1386 2874 1504 2944 ipse
1542 2874 1801 2930 manibus
1825 2889 1973 2932 com-

377 2972 658 3044 pritncrt‘t.
719 2970 994 3027 Nimirum
1055 2984 1165 3023 non
1221 2968 1457 3037 vigilans
1503 2968 1700 3034 modo,
1780 2970 2147 3026 verumetiam
2230 2970 2513 3026 dormiens
2587 2968 2749 3040 235
2786 2969 3119 3026 ostendebat
3190 2984 3358 3043 quam
3411 2978 3669 3031 arcurata

373 3069 627 3125 custodia
650 3067 760 3122 duo
804 3066 957 3122 istaec
984 3064 1245 3136 corporis
1275 3063 1529 3118 membra
1554 3061 1863 3135 indigeant.

450 3161 580 3217 Post
614 3160 805 3230 Cajum
835 3159 1103 3214 Claudius
1150 3157 1443 3227 imperium
1506 3156 1573 3211 l5
1626 3158 1788 3211 annis
1822 3154 1969 3213 obti-

376 3254 520 3309 nuit.
592 3252 928 3307 Perhibetnr
962 3259 1147 3306 autem
1177 3248 1443 3304 Claudius
1478 3263 1653 3317 usque
1686 3249 1826 3303 adeo
1855 3247 1971 3303 for-

2079 2134 2270 2189 ἀσκεῖν
2294 2130 2751 2203 δαὶ-δικαιοσύνην,
2768 2132 3094 2203 ἀκροδρύοις
3123 2137 3221 2188 καὶ
3245 2132 3404 2188 ὕδασι
3433 2135 3668 2200 ζῶντας.

2089 2225 2254 2280 Ἀλλὰ
2277 2226 2373 2279 καὶ
2403 2225 2533 2289 τοὺς
2574 2224 2909 2295 Βραχμᾶνας
2938 2226 3082 2297 ὑπὲρ
3111 2227 3411 2298 ἄνθρωπον
3457 2231 3666 2298 ἀσκεῖν,

2082 2318 2305 2387 φύλλοις
2338 2318 2399 2372 τὸ
2430 2319 2589 2389 σῶμα
2617 2320 3003 2393 σκεπτομένους
3033 2320 3133 2374 καὶ
3187 2321 3245 2374 ἐν
3267 2318 3422 2385 ὕλαις
3453 2323 3671 2393 διάγον-

2079 2427 2198 2474 τας.
2233 2412 2342 2464 Kal
2375 2411 2706 2481 Ἀνάχαρσιν
2749 2411 2808 2465 δὲ
2839 2410 2932 2465 τδν
2965 2412 3185 2482 Σκύθην
3212 2414 3468 2468 τοσοῦτον
3505 2417 3536 2468 6
3575 2415 3670 2485 τῆς

2082 2502 2446 2575 σωφροσύνης
2490 2504 2584 2556 καὶ
2633 2503 2737 2573 τῆς
2776 2504 3068 2574 ἀσκήσεως
3098 2504 3242 2575 ἔρως
3285 2506 3557 2578 κατέσχεν
3592 2508 3673 2574 ὡς

2047 2665 2052 2669 ν
2079 2597 2176 2650 καὶ
2209 2596 2567 2666 κοιμώμενον
2589 2596 2657 2649 τὰ
2686 2595 2841 2666 χείλη
2869 2595 3042 2650 αὐτοῦ
3073 2595 3169 2650 καὶ
3196 2597 3267 2655 τὰ
3317 2585 3497 2653 αίέοῖα
3538 2617 3675 2670 κραο

2077 2692 2191 2743 τεϊν
2241 2687 2313 2743 δι’
2338 2689 2563 2743 οἰκείων
2599 2687 2844 2759 χειρῶνο
2899 2688 2961 2741 οὐ
3015 2687 3179 2757 μόνον
3225 2688 3337 2758 γὰρ
3377 2689 3672 2761 γρηγορῶν

2079 2783 2220 2837 ἀλλὰ
2262 2783 2358 2837 καὶ
2399 2783 2701 2836 ὑπνώττων
2744 2781 2990 2837 ἐδείκνυε
3043 2781 3221 2852 πόσης
3263 2782 3564 2852 ἀσφαλείας
3599 2783 3669 2838 τὰ

2079 2876 2309 2932 τοιαῦτα
2341 2875 2556 2930 δέονται
2591 2876 2779 2947 μόρια.

2141 3132 2297 3213 Μετὰ
2323 3158 2381 3213 δὲ
2410 3159 2572 3214 Γάϊον
2606 3158 2805 3230 κρατεῖ
2849 3158 2878 3211 6
2920 3155 3192 3222 Κλαύδιος
3223 3157 3317 3229 ἐτη
3371 3165 3461 3229 ιγ’.
3491 3153 3665 3227 Οὗτος

2069 3253 2097 3305 ὁ
2132 3251 2400 3315 Κλαύδιος
2433 3250 2694 3305 τοσοῦτον
2714 3250 2939 3320 λέγεται
2971 3244 3115 3306 εἰναι
3142 3250 3322 3315 δειλὸς
3363 3250 3505 3307 ὥστε
3540 3258 3668 3321 τοὺς

377 3346 687 3402 midolosus
741 3343 933 3411 fuisse,
986 3357 1047 3400 ut
1099 3353 1346 3399 astantes
1381 3343 1487 3399 sibi
1524 3341 1876 3414 perquireret
1909 3357 1972 3398 ac

2080 3346 2529 3416 παρισταμένους
2558 3346 2814 3417 ὲρευνᾷν,
2857 3346 2930 3416 μή
2985 3361 3117 3399 ποτε
3155 3344 3313 3416 ξίφος
3353 3348 3412 3400 ὲν
3442 3349 3666 3412 κόλποις

383 3448 736 3493 scrutaretur
769 3451 912 3491 anne
959 3436 1200 3507 gladium
1234 3435 1288 3489 in
1321 3435 1447 3491 sinu
1481 3443 1782 3506 gestarent.
1837 3434 1975 3489 Suc-

377 3545 655 3587 cessorcm
710 3528 904 3584 habuit
962 3529 1287 3593 Neronem,
1331 3529 1426 3599 qui
1471 3529 1634 3585 annis
1681 3529 1749 3585 14
1806 3530 1975 3586 rebus

378 3620 621 3692 prtefuit.
677 3620 1097 3690 lmpurissimus
1143 3618 1236 3673 hic
1289 3620 1553 3690 princeps
1607 3635 1733 3675 cum
1793 3635 1974 3676 annos

377 3716 503 3787 plus
534 3714 719 3769 minus
753 3714 818 3767 Π
851 3723 1018 3769 natus
1050 3723 1223 3777 esset,
1268 3713 1486 3784 primus
1516 3713 1777 3784 persequi
1809 3711 1974 3768 Citri-

375 3810 588 3864 stianros
617 3807 810 3878 coepit,
847 3816 904 3862 et
936 3807 1079 3862 duos
1111 3821 1365 3861 summos
1391 3806 1540 3860 viros
1571 3804 1876 3872 interfecit,
1913 3812 1975 3859 ut

378 3900 630 3955 nonnulli
664 3899 890 3971 quidem
930 3898 1184 3954 historici
1215 3899 1450 3966 volunt,
1506 3914 1618 3955 uno
1671 3914 1736 3954 ac
1772 3898 1971 3954 eodem

375 3993 490 4059 die,
518 4007 712 4046 verum
733 3991 970 4046 diversis
993 3991 1177 4057 annis,
1199 4002 1262 4045 ut
1290 3991 1567 4047 Eusebius
1598 4001 1783 4048 autem
1811 3992 1973 4048 Pam-

379 4082 519 4152 phili
575 4082 861 4137 memoria:
910 4081 1202 4152 prodidit,
1250 4090 1309 4137 et
1359 4097 1507 4138 anno
1543 4083 1741 4139 eodem
1782 4095 1839 4140 et
1875 4101 1973 4142 ea-

378 4173 503 4227 dem
537 4171 647 4228 die.
683 4171 830 4239 Quin
860 4173 1029 4228 etiam
1053 4172 1453 4238 Tcrtullianus,
1484 4174 1570 4230 vir
1589 4175 1736 4246 apud
1767 4175 1972 4232 Roma-

377 4281 480 4320 nos
512 4265 748 4321 illustris
777 4306 793 4334 ,
844 4275 902 4321 et
932 4265 1101 4337 Cajus
1134 4268 1375 4339 scriptor
1424 4267 1873 4336 ecclesiasticus,
1912 4279 1970 4327 et

378 4361 674 4434 Dionysius
709 4362 968 4419 Corinthi
1005 4362 1305 4435 episcopus
1332 4364 1496 4418 simul
1531 4372 1588 4418 et
1609 4364 1804 4420 eodem
1841 4377 1975 4422 tem-

376 4471 511 4526 pore
541 4456 763 4512 Petrum
788 4464 956 4527 atque
991 4457 1225 4512 Paulum
1268 4458 1594 4514 testimonio
1629 4475 1731 4515 suo
1763 4460 1972 4517 doctri-

376 4562 501 4601 nam
534 4545 907 4602 Christianam
940 4548 1264 4619 obsignasse
1297 4550 1585 4619 scribunt,
1635 4534 1783 4609 anno
1817 4554 1972 4610 vide-

374 4640 504 4694 licet
535 4639 754 4711 imperii
789 4640 1031 4697 Neronis
1064 4641 1283 4697 decimo
1335 4645 1522 4700 tertio.
1584 4645 1810 4701 Petrum
1841 4642 1977 4717 qui-'

372 4733 497 4788 (lem
527 4733 674 4788 Nero
706 4734 1025 4806 hujusmodi
1074 4736 1370 4806 quamdam
1407 4737 1478 4791 ob
1528 4753 1751 4793 causam
1792 4740 1966 4795 inter-
2000 4755 2043 4810 ο

372 4826 528 4879 fecit.
590 4826 902 4896 lmpcrante
954 4824 1174 4881 Nerone
1225 4827 1363 4881 vixit
1417 4827 1568 4882 Simo
1618 4828 1844 4900 Magus,
1898 4831 1965 4886 ad

372 4934 539 4988 quem
570 4919 666 4974 ubi
705 4935 955 4976 summus
988 4920 1080 4976 ille
1114 4921 1201 4974 vir
1230 4922 1585 4986 accessisset,
1617 4937 1810 4976 canem
1842 4922 1969 4977 alli-

373 5024 563 5080 gatum
596 5021 806 5068 catena:
847 5014 901 5068 in
945 5014 1086 5085 ejus
1112 5013 1306 5069 limine
1344 5017 1573 5083 reperit,
1603 5014 1963 5069 devorantem

373 5117 469 5159 eos
520 5112 793 5174 quotquot
843 5104 1059 5175 injussu
1111 5107 1177 5161 ad
1214 5104 1498 5162 Simonem
1533 5106 1747 5176 ingredi
1800 5121 1969 5162 cona-

376 5205 591 5250 rentur.
628 5196 679 5251 ls
709 5212 842 5252 vero
873 5198 1099 5253 Petrum
1143 5199 1355 5253 intrare
1388 5200 1573 5269 jussit,
1613 5208 1671 5255 et
1724 5199 1966 5254 humana

375 5303 509 5343 voce
545 5288 771 5343 Petrum
822 5291 1012 5345 adesse
1046 5274 1341 5348 nuntiavit.
1409 5292 1531 5360 Quo
1583 5292 1729 5348 facto
1780 5292 1966 5348 cuncti

376 5380 473 5449 qui
507 5390 669 5435 erant
725 5379 781 5435 in
842 5381 1057 5437 ardibus
1110 5383 1543 5453 obstupuerunt.
1602 5382 1755 5438 Simo
1818 5383 1964 5439 idem

376 5472 557 5529 facere
591 5474 739 5544 quod
772 5475 928 5557 canis
956 5485 1117 5530 antea
1151 5475 1447 5542 factitarat,
1481 5486 1536 5533 et
1559 5478 1628 5533 ad
1654 5493 1712 5534 se
1739 5479 1963 5533 Petrum

374 5584 683 5625 arcessere.
743 5566 1018 5640 Deinceps
1054 5584 1178 5630 eum
1220 5585 1438 5625 summo
1472 5571 1594 5626 viro
1641 5571 1966 5640 colloquens

376 5663 519 5716 inter
567 5662 671 5717 alia
713 5661 980 5732 quiddam
1024 5662 1599 5735 hujusmodi"objecit
1636 5682 1650 5718 :
1692 5665 1746 5720 Si
1796 5664 1966 5719 futuri

377 5755 630 5809 notitiam
688 5756 931 5812 Adamus
985 5756 1215 5821 habuit,
1267 5758 1632 5827 quamobrem
1690 5757 1967 5827 serpentis

377 5849 627 5908 fraudem
652 5867 760 5911 non
788 5852 1199 5921 prmcognovit?
1230 5853 1369 5910 Tum
1395 5854 1628 5912 Petrus:
1656 5853 1743 5910 «Si
1768 5853 1965 5918 futuri,

2078 3438 2321 3507 φέροιεν.
2346 3437 2505 3492 Μετὰ
2534 3437 2590 3490 δὲ
2619 3435 2812 3490 τοῦτον
2838 3437 3034 3509 Νέρων
3062 3440 3091 3491 6
3113 3439 3227 3503 υίὸς
3254 3440 3429 3493 αὐτοῦ
3449 3441 3545 3512 ἔτη
3577 3439 3663 3496 ιδ’.

2077 3522 2247 3592 (ὖτος
2276 3530 2305 3582 6
2354 3528 2687 3599 παμμίαρος
2748 3528 2890 3583 ὲτῶν
2913 3531 3048 3582 ὡσεὶ
3076 3527 3105 3583 ι’
3128 3530 3224 3584 καὶ
3256 3530 3301 3594 ζ’
3327 3530 3402 3584 ὢν
3446 3532 3665 3602 πρῶτος

2074 3621 2170 3675 τοῦ
2200 3620 2447 3692 διωγμοῦ
2497 3621 2725 3692 ἡρξατο,
2756 3623 2852 3674 καί
2901 3620 3030 3685 τοὺς
3053 3623 3389 3693 κορυφαίους
3423 3625 3662 3695 ἀναιρεῖ,

2072 3713 2150 3777 ὡς
2180 3714 2278 3784 μὲν
2314 3714 2581 3784 ἱστορικοί
2631 3729 2779 3776 τινες
2833 3713 3016 3785 ἕτεροι
3070 3713 3346 3783 λέγουσιν,
3387 3717 3447 3769 ὲν
3476 3717 3667 3790 ἡμέρᾳ

2077 3808 2179 3880 μιᾷ
2211 3809 2306 3860 καὶ
2336 3809 2402 3879 τῇ
2449 3808 2612 3879 αὐτῇ,
2671 3808 2730 3861 ἐν
2764 3807 2911 3879 ἄλλῳ
2938 3808 2994 3861 δὲ
3022 3808 3118 3861 καὶ
3153 3808 3300 3879 ἄλλῳ
3339 3809 3472 3877 ἔτει,
3497 3810 3574 3875 ὡς
3606 3812 3664 3866 δὲ

2075 3901 2335 3964 Εύσέὁιος
2389 3901 2416 3954 6
2450 3901 2544 3954 τοῦ
2597 3901 2913 3971 Παμφίλου,
2957 3904 3054 3954 καὶ
3108 3901 3221 3955 ἔτει
3266 3901 3348 3972 τῷ
3383 3904 3537 3973 αὐτῷ
3568 3907 3664 3960 καὶ

2074 3992 2261 4064 ἡμέρᾳ
2293 3994 2359 4064 τῇ
2384 3994 2548 4064 αὐτῇ.
2579 3993 2746 4047 Ἀλλά
2782 3991 3213 4064 Τερτουλλιανός
3250 4012 3339 4060 τις·
3362 3995 3503 4068 ἀνὴρ
3547 3995 3661 4051 τῶν

2071 4086 2166 4140 ἐπὶ
2203 4083 2395 4157 Ῥώμῃ
2426 4084 2700 4155 λαμπρῶν
2730 4085 2826 4138 καὶ
2857 4085 3020 4147 Γάϊος
3043 4084 3185 4157 ἀνὴρ
3207 4085 3664 4157 ὲκκλησιαστικὸς

2049 4178 2170 4233 ’καὶ
2227 4178 2506 4240 Διονύσιος
2562 4176 2871 4241 ἐπίσκοπος
2913 4176 3189 4246 Κορίνθου
3228 4178 3507 4250 γράφουσι
3536 4182 3662 4236 καθ’

2071 4269 2171 4323 ἕνα
2198 4267 2389 4341 καιρὸν
2423 4269 2521 4322 καί
2551 4264 2689 4337 ὁμοῦ
2737 4267 3097 4338 μαρτυρῆσαι
3135 4268 3347 4340 Πέτρον
3378 4273 3476 4325 καὶ
3514 4271 3666 4326 Παῦ-

2071 4360 2182 4424 λον,
2234 4359 2680 4431 τρισκαιδεκάτῳ
2735 4358 2847 4412 ἐτει
2881 4357 2987 4427 τῆς
3047 4358 3327 4429 βασιλείας
3382 4360 3661 4435 Νέρωνος.

2072 4454 2185 4506 Kal
2244 4452 2457 4523 Πέτρον
2489 4452 2593 4524 μὲν
2620 4453 2844 4522 ἀναιρεῖ
2867 4450 2941 4506 δι’
2992 4451 3181 4506 αἰτίαν
3208 4451 3489 4524 τοιαύτην.
3536 4452 3663 4508 Ἐπὶ
3703 4520 3709 4525 ᾗ

2072 4546 2166 4599 τοῦ
2199 4546 2455 4618 Νέρωνος
2485 4549 2512 4598 6
2559 4545 2746 4616 Σίμων
2774 4548 2801 4599 6
2833 4545 3029 4613 Μάγος
3062 4540 3317 4617 ἧν,”πρῦς
3350 4545 3410 4600 6v
3440 4550 3468 4600 6
3494 4564 3662 4619 κορυ-

2073 4641 2231 4709 φαῖος
2255 4638 2428 4692 ἐλθὼν
2449 4632 2579 4711 εὗρε
2614 4636 2756 4693 κύνα
2782 4638 3074 4709 δεδεμένον
3128 4636 3320 4693 ἁλύσει
3348 4642 3408 4694 ὲν
3437 4640 3515 4711 τῷ
3552 4656 3659 4695 πυ-

2070 4733 2203 4785 λῶνι
2239 4730 2428 4795 αὐτοῦ,
2460 4732 2820 4785 κατεσθίοντα
2852 4733 2979 4795 τοὺς
3011 4731 3143 4787 ἄνευ
3170 4734 3496 4804 προτροπῆς
3538 4734 3660 4785 ἐπι-

2073 4825 2393 4896 χειρηυῧντας
2421 4823 2690 4877 εἰσελθεῖν
2719 4826 2812 4877 ἐπὶ
2838 4823 2930 4877 τὸν
2954 4824 3199 4896 Σίμωνα.
3234 4819 3305 4896 Ὦ
3337 4825 3401 4894 δὴ
3425 4825 3521 4878 καὶ
3543 4825 3661 4879 ἐκέκ

2072 4919 2267 4973 λευσεν
2287 4917 2575 4984 εἰσελθεῖν,
2613 4917 2707 4970 καὶ
2745 4916 3066 4990 ἀνθρωπίνῃ
3108 4920 3266 4989 φωνῇ
3293 4919 3425 4988 περί
3453 4917 3661 4987 Πέτρου

2071 5012 2421 5080 ἀναγγεῖλαι.
2455 5013 2569 5065 Καὶ
2601 5010 2911 5081 τηνικαῦτα
2933 5008 3093 5066 τοῦτο
3121 5012 3370 5083 ἐποίησε,
3398 5011 3491 5064 καὶ
3527 5011 3663 5064 πάν-

2073 5126 2164 5168 τες
2192 5109 2238 5161 οἰ
2270 5107 2421 5169 ὄντες
2447 5107 2600 5169 ἐντὸς
2628 5103 3043 5175 ἐξεπλάγησαν.
3107 5104 3254 5157 Αὐτὸ
3289 5103 3349 5158 δὲ
3378 5104 3537 5156 τοῦτο
3565 5105 3662 5157 καὶ

2072 5203 2100 5253 ὁ
2125 5200 2308 5268 Σίμων
2339 5198 2588 5272 ἐποίησε,
2620 5198 2716 5253 καὶ
2743 5198 2836 5250 τὸν
2869 5197 3078 5270 Πέτρον
3106 5196 3394 5252 ἰκάλεσεν.
3443 5196 3501 5250 Ὃ
3531 5197 3666 5265 μὲν-

2074 5311 2158 5347 τοι
2182 5295 2252 5371 ᾸΣΞ
2262 5310 2378 5363 μων
2419 5295 2513 5347 καὶ
2566 5292 2695 5349 τάδε
2739 5291 2881 5363 πρὸς
2901 5293 3017 5355 τοῖς
3042 5289 3229 5355 ἄλλοις
3260 5288 3352 5360 τῷ
3375 5289 3664 5360 κορυφαίῳ

2072 5387 2458 5457 διαλεγόμενος
2482 5386 2689 5455 ἔλεγεν.
2733 5405 2751 5438 ι
2780 5383 2844 5438 El
2873 5386 3188 5454 πρόγνωσιν
3212 5378 3362 5453 εἶχεν
3401 5384 3432 5435 6
3465 5382 3662 5451 Ἃδὰμ,

2071 5480 2160 5532 6:6.
2178 5479 2230 5533 τί
2252 5481 2313 5532 οὐ
2366 5480 2619 5550 προέγνω
2652 5480 2752 5549 τὴν
2794 5479 2891 5531 τοῦ
2919 5477 3097 5546 ὅςεως
3132 5476 3387 5546 suam;
3426 5494 3443 5526 ι
3486 5475 3599 5526 Καὶ
3636 5475 3665 5525 6

2075 5573 2318 5645 Πέτροςο
2355 5591 2374 5625 ι
2437 5574 2497 5627 El
2550 5573 2867 5645 πρόγνωσιν
2915 5571 3017 5624 οὐκ
3055 5567 3192 5640 εἶχε,
3229 5569 3349 5632 πῶς
3385 5569 3498 5628 τοῖς
3527 5566 3668 5627 υῑυῖς

2074 5666 2239 5719 αύτοῦ
2272 5666 2407 5737 πρὸς
2435 5667 2532 5729 τὰς
2562 5668 2829 5736 ἐσομένας
2857 5664 3089 5734 πράξεις
3123 5652 3244 5732 ἅμα
3274 5660 3356 5731 τῷ
3395 5658 3667 5729 γεννηθῆ-

2076 5777 2165 5812 ναι
2196 5759 2472 5827 ἐπέθηκεν
2530 5758 2813 5828 ὀειόματας
2864 5759 2957 5809 τὸν
2994 5756 3094 5825 μὲν
3123 5754 3233 5824 γὰρ
3266 5751 3409 5806 Καῖν
3445 5750 3670 5827 ὠνόμα-

2082 5870 2195 5919 σεν,
2214 5853 2242 5907 ὅ
2284 5854 2399 5907 ἐστι
2431 5853 2591 5918 ζῆλος
2618 5870 2632 5883 ·
2672 5853 2926 5917 ζηλώσας
2948 5851 3057 5916 γὰρ
3102 5850 3284 5907 ἀνεῖλε
3311 5849 3403 5901 τὸν
3432 5843 3667 5914 ἀδελςὸν
