4054 6452
323 361 428 422 445

322 471 507 528 αὐτοῦ.
547 469 650 524 Τδν
683 469 740 524 δέ
781 471 943 526 Ἀὁέλ
997 469 1280 535 ἐκάλεσεν,
1329 471 1356 525 6
1386 471 1503 524 ἐστι
1531 470 1764 532 πένθοςο

323 563 474 632 αὐτῷ
505 563 614 632 γὰρ
645 564 958 632 φονευθέντι
1005 562 1315 632 ἐπένθησαν
1341 562 1391 614 οἱ
1415 563 1599 630 γονεῖς
1635 561 1824 615 αὑτοῦ.
1869 579 1887 614 ι

323 656 385 710 Εἰ
430 654 488 706 δὲ
523 654 586 706 τδ
623 653 853 724 πλάσμα
921 654 1323 725 προεγίνωσκε,
1369 651 1552 722 πολλῷ
1615 651 1819 722 μᾶλλον
1867 653 1896 704 6

323 745 571 813 πλάστης
607 744 790 812 αύτδς,
827 747 875 800 εί
907 746 999 799 καὶ
1028 746 1058 800 6
1078 746 1386 815 παράφρων
1422 745 1633 806 ἐκεῖνος
1666 743 1776 796 ἀπὸ
1802 741 1896 797 τοῦ

323 837 498 888 εἰπεῖν
519 834 618 906 τὴν
643 835 868 905 Γραφὴν
887 836 968 888 ὅτι
997 835 1292 905 ἐπείραζεν
1313 837 1340 888 6
1367 834 1499 898 Θεὸς
1524 835 1616 886 τὸν
1641 833 1898 904 ’Δϐραὰμ

327 927 419 978 καὶ
447 929 550 988 ὅτι,
601 945 619 978 ι
659 928 914 990 Καταϐἀς
973 929 1066 980 ἐπὶ
1115 929 1323 998 Σόδομα
1377 927 1603 997 ἧψομαι,
1645 945 1663 978 ι
1713 927 1899 992 ἔλεγεν

327 1017 552 1084 ἄγνοιαν
611 1017 756 1086 ἔχειν
807 1017 897 1069 τὸν
937 1017 1091 1073 Θεόν.
1143 1019 1286 1088 Πρὸς
1345 1018 1525 1087 μέντοι
1551 1019 1672 1080 ταῖς
1705 1017 1896 1079 ἄλλαις

327 1108 494 1160 αὐτοῦ
557 1107 882 1176 φαντασίαις
921 1108 1016 1160 καὶ
1074 1111 1154 1170 είς
1179 1109 1317 1177 ἀέρα
1366 1109 1585 1179 ἐπήρθη
1632 1111 1660 1162 6
1691 1109 1898 1178 Σίμων,

329 1199 798 1269 ἐπαγγειλάμενος
828 1201 1038 1254 ἐκεῖθεν
1061 1201 1241 1269 ἀγαοὰ
1267 1201 1632 1264 καταϐιϐάσαι
1655 1201 1736 1270 τῷ
1759 1203 1896 1271 λαῷ.

341 1289 482 1356 Ἐγὼ
509 1291 566 1344 δὲ
616 1293 643 1343 6
675 1291 881 1362 Πέτρος
906 1293 1158 1363 ηὐχόμην
1193 1293 1314 1346 καθ’
1363 1294 1579 1359 ἐαυτὸν,
1613 1294 1704 1345 καὶ
1738 1291 1899 1346 εἷπον

331 1384 642 1444 ἐνατενίσας
692 1383 875 1452 αὐτῷ·
933 1403 952 1436 ι
987 1386 1049 1438 Εἰ
1097 1386 1396 1450 ἀπόστολος
1444 1385 1623 1456 Ἰησοῦ
1654 1386 1899 1456 Χριστοῦ

331 1476 447 1545 εἰμὶ
474 1474 583 1541 ἐγὼ
613 1479 706 1528 καὶ
731 1475 789 1528 οὐ
823 1476 1140 1542 πλάνος-,ὤς
1170 1495 1304 1548 φησι
1330 1479 1536 1549 Σίμων,
1572 1477 1902 1550 προστάσσω

333 1569 453 1628 ταῖς
508 1569 769 1637 πονηραῖς
826 1567 1120 1637 δυνάμεσιν
1177 1572 1395 1638 ἀφεῖναι
1447 1571 1548 1640 τῆς
1579 1571 1903 1642 κρατήσεως

338 1659 516 1712 αὐτόν.
557 1678 577 1712 ι
639 1659 748 1712 Καὶ
807 1662 1154 1730 παραχρῆμα
1204 1663 1285 1725 είς
1326 1661 1435 1732 γῆν
1474 1663 1783 1732 κατηνέχθη
1811 1663 1903 1716 καὶ

338 1751 650 1821 συνετρίϐη.
679 1751 770 1804 Διὸ
799 1751 864 1822 δὴ
899 1754 990 1805 καλ.
1013 1752 1112 1822 τὴν
1141 1753 1358 1823 ἡμέραν
1378 1753 1596 1824 ἐκείνην
1628 1753 1902 1823 ἐπίσημον

333 1842 557 1910 ἄγουσιν
585 1843 636 1895 οε
687 1841 987 1912 Ῥωμαῖον
1028 1841 1308 1897 Σάὸὄατον
1353 1843 1462 1913 γὰρ
1515 1839 1603 1912 ἦν,
1646 1846 1703 1896 ἐν
1738 1836 1782 1911 ᾧ
1811 1845 1906 1897 καὶ⁹

333 1934 610 2004 προσευχὴ
664 1934 758 1986 καὶ
800 1935 1028 2003 νηστεία
1074 1937 1189 1997 τοῖς
1245 1939 1485 2000 πιστοῖς,
1539 1939 1635 1989 καὶ
1703 1936 1906 2006 μᾶλλον

337 2025 477 2096 ὑπὲρ
515 2025 610 2078 τοῦ
670 2025 1021 2080 διδασκάλου.
1065 2026 1242 2078 Τοῦτο
1292 2027 1348 2078 δὲ
1373 2028 1466 2080 καὶ
1495 2027 1778 2098 μέχριτοῦ
1809 2026 1905 2081 νῦν

334 2120 510 2171 ἐκεῖσε
543 2119 756 2188 κρατεῖ.
779 2117 966 2171 Ταῦτα
989 2117 1045 2170 δὲ
1079 2116 1270 2187 μαθὼν
1303 2120 1330 2171 6
1354 2117 1546 2189 Νέρων
1579 2119 1669 2171 τὸν
1700 2121 1907 2192 Πέτρον

336 2210 668 2280 ἐσταύρωσε.
741 2210 848 2263 Τὸν
900 2210 958 2263 δὲ
1019 2210 1257 2274 Παῦλον,
1303 2211 1447 2264 καοαὶ
1512 2229 1680 2282 φησιν
1737 2216 1764 2266 6
1808 2213 1907 2284 τὴν

335 2302 579 2368 γλῶτταν
601 2301 850 2372 Χρυσοῦς
880 2303 936 2354 ἐν
961 2301 1041 2373 τῷ
1067 2302 1205 2372 πρὸς
1228 2305 1357 2366 τοὺς
1395 2305 1706 2366 κωλύοντας
1746 2306 1909 2374 μονά-

337 2395 451 2458 ζειν
481 2393 625 2463 λόγῳ
662 2393 852 2458 αὐτοῦ,
900 2393 989 2448 διὰ
1049 2393 1240 2465 ξίφους
1278 2394 1596 2449 ἐτελείωσεν
1650 2399 1742 2450 ἆτε
1773 2414 1907 2450 κατ-

336 2485 620 2555 ηχήσαντα
680 2485 1016 2555 Ἐπέραστον
1075 2487 1241 2541 αὑτοῦ
1296 2487 1606 2558 παλλακήν.
1654 2490 1752 2543 Διὰ
1802 2493 1908 2564 γὰρ

337 2578 498 2633 τοῦτο
517 2579 615 2632 καὶ
644 2579 738 2634 τὸν
785 2579 1028 2649 διωγμὸν
1081 2579 1268 2650 ἤγειρε
1291 2597 1306 2612 ο
1336 2581 1530 2650 λάγνος
1557 2583 1664 2652 γὰρ
1700 2581 1778 2636 ὢν
1811 2585 1912 2637 οὐκ

339 2672 603 2743 ἠνέσχετο
650 2673 747 2736 τὰς
787 2673 953 2728 αὐτοῦ
1011 2673 1297 2737 παλλακὰς
1355 2675 1711 2745 ἐπιστρέφειν
1774 2676 1910 2747 πρὸς

340 2765 565 2835 Κύριον.
626 2765 687 2819 ’0
743 2765 928 2836 μέντοι
979 2765 1124 2830 Θεῖος
1153 2765 1409 2836 Ἰωάννης
1460 2769 1555 2820 καὶ
1611 2769 1740 2821 τάδε
1774 2770 1913 2839 πρὸς

341 2855 552 2909 Παῦλον
575 2853 804 2926 εὕρηται
823 2857 1000 2924 λέγων
1023 2873 1036 2887 ·
1061 2875 1080 2907 ι
1109 2857 1269 2919 Ποῖος
1294 2857 1458 2920 τόπος
1483 2857 1542 2910 τὸ
1572 2857 1662 2910 σὺν
1693 2858 1914 2926 ἐδέξατο

339 2943 498 3017 αἷμα,
547 2948 608 3000 τὸ
638 2947 1026 3016 γαλακτοειδὲς
1074 2948 1271 3017 όραοὲν
1301 2949 1356 3000 ἐν
1393 2949 1467 3016 τῷ
1499 2949 1689 3018 χιτῶνι
1724 2948 1818 3002 τοῦ
1853 2965 1912 3002 σε

342 3039 913 3105 ἀνασκολοπίσαντος;
951 3039 1020 3092 Ὀ
1069 3039 1136 3108 δὴ
1169 3041 1264 3093 καὶ
1295 3039 1397 3110 τὴν
1431 3039 1707 3110 βάρόαρον
1745 3039 1911 3093 αὐτοῦ

1560 355 1964 418 ANNALIUM
2007 352 2205 414 PARS
2249 351 2366 411 III.

3472 348 3574 413 446

1804 472 1891 523 ἐπ’
1923 467 2093 530 Aait,
2146 465 2355 519 nullam
2411 462 2662 518 notitiam
2719 461 2935 528 habuit,
2987 475 3098 531 quo
3143 459 3366 515 tandem
3417 468 3571 516 modo

2001 558 2127 613 ﬁliis
2157 557 2274 612 suis
2305 557 2423 626 ipso
2455 554 2759 609 nativitatis
2799 562 3060 622 tempore
3088 554 3312 606 nomina
3353 553 3572 616 indidit,

2005 665 2128 720 quae
2148 649 2388 718 ipsorum
2407 646 2564 701 factis
2578 654 2761 701 essent
2779 644 3195 700 accommodata
3211 644 3383 698 ?Nam
3407 662 3567 698 ninnr.

2001 739 2294 810 appellavit
2320 737 2574 803 Cainum,
2603 752 2724 805 quae
2753 753 2856 790 vox
2884 735 3290 790 aemulationem
3318 737 3571 803 denotat;

1999 833 2205 889 etenim
2233 831 2506 900 impulsus
2529 829 2881 884 aemulatione
2909 829 3142 897 quadam
3167 828 3390 882 fratrem
3418 847 3573 882 suum

2001 924 2228 980 occidit.
2265 923 2520 976 Alterum
2556 922 2774 977 vocavit
2805 923 3057 983 Abelum,
3090 921 3236 989 quod
3262 938 3455 976 nomen
3498 923 3575 975 lu-

2001 1022 2151 1072 ‘ctum
2175 1015 2450 1085 signiﬁcat
2477 1033 2490 1068 :
2527 1030 2650 1068 nam
2677 1016 2796 1083 ejus
2828 1013 3102 1069 interfecti
3133 1029 3293 1067 causa
3324 1024 3579 1082 parentes

2003 1111 2057 1164 in
2087 1110 2238 1164 luctu
2277 1108 2518 1161 fuerunt.
2554 1105 2761 1171 Quodsi
2796 1090 3063 1170 Adamus,
3099 1107 3190 1175 qui
3232 1106 3322 1158 Dei
3363 1107 3584 1174 ﬁgmen-

2005 1213 2117 1257 tum
2145 1208 2281 1264 erat,
2311 1199 2623 1252 futurorum
2655 1199 2892 1252 habebat
2918 1199 3190 1259 notitiam,
3219 1199 3583 1268 multomagis

2003 1311 2066 1351 ea
2099 1297 2262 1350 debet
2292 1293 2480 1365 opiﬁci
2520 1292 2744 1347 tribui.)
2805 1292 2875 1345 At
2908 1291 3136 1344 insanus
3169 1291 3260 1344 ille
3292 1291 3584 1357 colligebat

2006 1386 2062 1440 in
2090 1384 2261 1439 Deum
2292 1384 2584 1454 quamdam
2619 1382 3019 1453 ignorationem
3045 1391 3336 1451 propterea
3365 1383 3584 1445 cadere,

2006 1475 2150 1545 quod
2187 1475 2412 1530 Littera:
2457 1489 2630 1529 sacra:
2675 1473 2867 1527 dicant
2906 1471 3079 1527 Deum
3131 1481 3377 1526 tentasse
3412 1472 3586 1526 Abra-

2006 1569 2267 1633 hamum;
2324 1568 2456 1622 item
2505 1565 2654 1635 quod
2695 1565 3052 1620 meminerint
3079 1565 3254 1620 Deum
3298 1567 3370 1620 ita
3403 1581 3588 1619 secum

2005 1659 2250 1714 locutum
2284 1672 2439 1712 esse:
2481 1655 2849 1711 «Descendam
2881 1667 2936 1710 et
2965 1655 3199 1711 Sodoma
3241 1656 3585 1726 inspicianm

2007 1753 2216 1807 Deinde
2250 1765 2374 1822 post
2411 1753 2550 1807 alias
2584 1753 2886 1824 praestigias
2910 1753 2962 1806 in
2998 1767 3125 1806 acra
3159 1754 3310 1808 Simo
3339 1753 3590 1808 sublatus

2009 1853 2109 1906 est,
2143 1843 2421 1912 pollicitus
2457 1843 2582 1898 inde
2614 1859 2672 1898 se
2702 1842 2845 1899 bona
2879 1846 3131 1915 quaedam
3159 1847 3360 1916 populo
3389 1847 3592 1901 demis-

2008 1949 2220 1989 surum.
2285 1933 2366 1987 lbi
2402 1933 2600 1987 Petrus
2635 1949 2827 1988 secum
2876 1936 3127 2004 precari,
3181 1945 3238 1989 et
3290 1935 3483 1988 deﬁxis
3535 1935 3590 1988 in

2008 2042 2130 2081 eum
2190 2026 2365 2080 oculis
2397 2024 2616 2080 dicere:
2665 2025 2752 2080 «Si
2803 2028 3090 2097 apostolus
3135 2044 3236 2098 ego
3293 2043 3414 2082 sum
3459 2028 3588 2083 Jesu

2008 2119 2236 2181 Christi,
2274 2133 2388 2172 non
2429 2118 2716 2173 hominum
2757 2120 3058 2188 impostor,
3113 2129 3173 2174 ut
3211 2121 3360 2175 Simo
3388 2122 3590 2190 praedi-

2009 2219 2095 2264 cat
2121 2251 2134 2275 ,
2173 2210 2333 2264 malis
2366 2210 2730 2278 potestatibus
2773 2210 3084 2280 intperO‘ut
3132 2228 3256 2267 cum
3310 2212 3590 2267 dimittant

2011 2319 2112 2358 nec
2144 2303 2381 2372 amplius
2417 2310 2698 2356 teneant.)
2755 2303 2918 2374 236
2963 2303 3084 2357 Mox
3137 2305 3190 2357 in
3247 2314 3447 2359 terram
3499 2306 3590 2359 ille

2014 2397 2275 2465 delapsus
2307 2396 2548 2449 minutas
2583 2396 2637 2448 in
2668 2404 2854 2464 partes
2881 2395 3160 2450 atteritur.
3213 2393 3393 2465 Atque
3437 2397 3589 2450 illum

2013 2503 2142 2543 sane
2170 2488 2315 2542 diem
2345 2487 2666 2541 solemniter
2696 2487 2929 2541 Romani
2955 2488 3257 2542 celebrant.
3292 2487 3427 2542 Nam
3459 2488 3596 2542 S..b-

2014 2580 2142 2634 bato
2171 2580 2286 2633 htec
2320 2581 2690 2649 gerebantur,
2746 2595 2858 2648 quo
2912 2579 3103 2633 fideles
3151 2580 3393 2648 magistri
3427 2594 3591 2633 causa

2013 2671 2154 2726 cibis
2184 2670 2538 2724 abstinebant
2568 2681 2623 2724 et
2655 2670 2911 2739 precibus
2937 2685 3096 2739 opem
3131 2671 3373 2724 divinam
3400 2671 3595 2737 implo-

2014 2763 2242 2828 rabant;
2287 2762 2340 2816 id
2367 2761 2514 2832 quod
2543 2762 2708 2816 etiam
2740 2777 2842 2816 usu
2877 2762 3255 2816 conﬁrmatum
3278 2805 3292 2827 ,
3327 2763 3507 2816 adhuc
3541 2763 3595 2816 in

2017 2855 2348 2910 hodiernum
2390 2854 2463 2909 ibi
2496 2855 2640 2908 diem
2673 2865 2944 2909 servatur.
2987 2854 3132 2908 Nero
3161 2863 3344 2909 autem
3384 2855 3468 2909 his
3500 2869 3594 2908 co—

2015 2949 2183 3020 gnitis
2211 2948 2436 3004 Petrum
2465 2949 2518 3001 in
2539 2962 2764 3003 crucem
2785 2947 2932 3018 egit;
2971 2947 3198 3001 Paulum
3225 2963 3372 3015 vero,
3405 2963 3596 3016 quent-

2018 3039 2312 3096 admodum
2366 3054 2536 3094 aurea
2576 3039 2764 3110 lingua
2817 3037 3081 3109 prteditus
3115 3047 3304 3094 orator
3341 3041 3598 3094 meminit

339 3127 516 3200 ψυχὴν
533 3128 670 3197 ὑπὲρ
697 3127 822 3199 μέλι
840 3128 1120 3196 γλυκᾶναν
1147 3128 1336 3182 πιστὸν
1358 3131 1584 3201 ἐποίησε
1612 3131 1910 3200 τηνικαῦτα

2022 3133 2076 3187 in
2108 3131 2358 3185 oratione
2388 3146 2510 3205 sua,
2541 3146 2703 3200 quam
2731 3131 2798 3185 ad
2822 3139 3077 3185 vetantes
3103 3131 3402 3185 solitariam
3427 3131 3597 3184 vitam

341 3219 430 3272 τὸν
481 3219 728 3276 ἄπιστον.
771 3239 791 3272 ι
855 3220 1236 3292 Κεκοίμηνται
1268 3221 1347 3284 δὲ,
1393 3221 1469 3284 ὡς
1522 3223 1718 3275 ἐκεῖνοί
1759 3239 1917 3290 φασι,

343 3312 433 3364 καὶ
465 3314 766 3383 ἀμφότεροι
784 3315 842 3368 ἐν
876 3315 942 3384 τῇ
981 3311 1132 3366 πόλει
1167 3313 1376 3384 Ῥώμῃ,
1415 3313 1548 3384 μηνὶ
1577 3313 1782 3385 Ἱουνίῳ
1815 3312 1918 3381 κθ’,

343 3405 432 3458 ἐπὶ
453 3407 703 3477 Νέρωνος
733 3406 1027 3478 βασιλέως.

2018 3223 2234 3288 habuit,
2271 3222 2453 3290 gladio
2488 3232 2782 3292 propterea
2822 3221 2978 3276 feriri
3016 3221 3184 3294 jussit
3217 3221 3364 3290 quod
3399 3223 3601 3289 Epera-

2020 3327 2188 3378 stum,
2229 3329 2446 3370 amores
2470 3315 2802 3385 deliciasque
2823 3329 2973 3380 suas,
3001 3317 3065 3370 ad
3095 3315 3413 3385 religionem
3439 3313 3602 3369 Chri-

2021 3409 2256 3464 stianam
2289 3408 2643 3463 instituisset.
2681 3409 2800 3474 Qua
2833 3409 2951 3478 ipsa
2984 3409 3052 3464 de
3079 3423 3240 3464 causa
3266 3407 3604 3478 persecutio-

343 3514 465 3555 nem
496 3515 714 3571 quoque
744 3500 1082 3568 concitavit;
1138 3515 1264 3555 nam
1315 3499 1445 3571 quia
1496 3498 1738 3554 lascivus
1765 3511 1905 3565 erat,
1948 3503 2289 3556 concubinos
2320 3516 2449 3556 suos
2519 3500 2588 3555 ad
2655 3501 2951 3557 Dominum
2995 3517 3055 3557 se
3111 3511 3429 3557 convertere
3477 3517 3603 3572 gra-

341 3595 483 3650 viter
544 3594 771 3649 omnino
816 3593 1050 3650 ferebat.
1118 3593 1267 3648 Idem
1345 3592 1589 3648 Joannes
1633 3591 2085 3665 Chrysostomus.
2148 3595 2231 3646 vir
2297 3593 2457 3663 plane
2510 3593 2754 3660 divinus,
2803 3595 2972 3649 etiam
3027 3594 3346 3664 hujusmodi
3418 3597 3604 3651 verbis

341 3688 541 3743 alicubi
570 3687 796 3744 Paulum
826 3684 1156 3757 compellat:
1199 3683 1485 3750 «Quinam,
1518 3697 1722 3754 quaeso,
1756 3685 1910 3738 locus
1945 3685 2185 3739 lacteum
2231 3686 2389 3738 illum
2459 3685 2782 3754 sanguinem
2840 3693 2993 3739 tuum
3067 3685 3305 3754 excepit,
3374 3702 3603 3758 c0nspe-

341 3793 489 3839 ctum
520 3783 576 3838 in
612 3783 732 3852 ejus
762 3791 913 3840 veste
960 3785 1053 3855 qui
1086 3792 1138 3840 te
1181 3784 1239 3839 in
1275 3784 1460 3855 palum
1492 3783 1732 3839 suﬁixit?
1792 3782 1948 3850 Quod
1992 3782 2173 3854 ipsum
2205 3798 2337 3837 sane
2406 3781 2700 3837 barbarum
2735 3783 2856 3853 ejus
2889 3783 3133 3836 animum
3165 3783 3370 3853 majore
3397 3783 3448 3838 vi
3476 3785 3603 3838 dul-

343 3892 460 3933 cem
491 3875 732 3932 eﬂiciens
772 3891 936 3947 quam
991 3876 1096 3932 mel
1156 3877 1361 3946 ipsum,
1426 3877 1704 3932 inﬁdelem
1751 3887 1911 3933 antea
1951 3877 2170 3931 ﬁdelem
2235 3875 2441 3932 eﬁ‘ccit.
2494 3895 2512 3926 ι
2555 3875 2820 3944 Uterque,
2856 3889 2956 3930 ceu
2988 3873 3414 3945 Chrysostomus
3455 3876 3602 3932 ident

347 3949 594 4034 testatur,
623 3967 956 4023 obdormivit
991 3968 1046 4023 in
1079 3967 1216 4024 urbe
1250 3967 1457 4035 Roma,
1495 3983 1548 4023 a.
1587 3968 1644 4024 d.
1676 3984 1756 4024 tn.
1793 3969 1912 4025 Kal.
1955 3968 2280 4036 Quinctiles,
2316 3969 2648 4036 imperatore
2676 3966 2912 4023 Nerone.
3259 4025 3278 4040 κ

413 4056 540 4113 Οἶδα
564 4060 641 4123 δὲ,
663 4060 938 4130 ἀγαπητὲ,
963 4062 1042 4114 ὅτι
1081 4062 1173 4114 καὶ
1191 4060 1290 4132 τὴν
1306 4060 1400 4114 τοῦ
1434 4061 1703 4133 θεηγόρου
1735 4063 1910 4116 Λουκᾶ

2093 4061 2366 4116 Caeterum
2401 4061 2652 4124 memini,
2681 4059 2881 4116 dilecte
2917 4060 3016 4126 ﬁli,
3049 4067 3102 4116 te
3129 4059 3302 4115 divini
3328 4058 3491 4118 Lucae
3519 4063 3606 4118 hi-

343 4153 472 4224 περὶ
502 4153 611 4206 τῶν
637 4151 896 4224 Πράξεων
927 4152 1034 4207 τῶν
1063 4153 1377 4208 ἀποστόλων
1408 4155 1651 4208 ἐπελθὼν
1683 4155 1910 4226 ἱστορίαι

2027 4152 2253 4209 storiam
2281 4151 2350 4207 de
2368 4151 2521 4207 Aetis
2550 4151 2924 4222 apostolorum
2950 4150 3345 4222 perlegentem,
3379 4169 3488 4208 non
3507 4154 3605 4209 abs

343 4246 580 4314 εὐλόγως
638 4246 948 4316 ἡπόρηκας,
988 4246 1102 4315 εῖγε
1162 4247 1230 4300 τὰ
1277 4245 1442 4300 λοιπὰ
1477 4247 1691 4302 Παύλου
1727 4249 1910 4320 διηγη‹

2025 4261 2086 4301 re
2117 4245 2427 4312 dubitasse,
2473 4260 2604 4298 num
2641 4260 2774 4300 vero
2812 4244 2883 4300 sit
2911 4255 3365 4312 consentaneum,
3399 4247 3604 4302 Lucam

344 4339 576 4400 σάμενος
616 4339 644 4390 6
689 4337 906 4398 Λουκᾶς
957 4337 1018 4390 τὸ
1060 4338 1332 4409 μακάριον
1389 4339 1556 4394 αὑτοῦ
1593 4340 1748 4404 τέλος
1777 4341 1910 4393 σεσί·

2023 4335 2242 4393 eteteris
2273 4351 2303 4392 a
2323 4337 2494 4392 Paulo
2522 4336 2692 4407 gestis
2721 4337 2888 4392 rebus
2911 4338 3170 4393 omnibus
3191 4339 3456 4408 expositis
3482 4341 3608 4395 bea-

341 4445 501 4498 γηκε.
540 4428 650 4483 Καὶ
707 4427 854 4481 ἐστιν
909 4430 1087 4483 εἰπεῖν
1122 4430 1203 4482 ὅτι
1234 4430 1395 4500 μέχρι
1449 4432 1548 4503 τῆς
1577 4434 1656 4495 είς
1697 4429 1921 4503 Ῥώμην

2029 4438 2138 4482 tam
2161 4429 2279 4500 ejus
2295 4444 2360 4481 ex
2392 4429 2494 4483 hac
2526 4431 2634 4483 vita
2663 4429 3046 4499 migrationem
3077 4431 3358 4500 praeterire
3388 4431 3608 4486 silentio

342 4521 564 4590 πρώτης
597 4519 834 4587 ἀφίξεως
864 4519 957 4572 τοῦ
992 4519 1231 4591 μεγάλου
1264 4521 1479 4574 Παύλου
1521 4521 1784 4576 καταλύει
1816 4525 1910 4592 τὴν

2023 4521 2285 4576 voluisse.
2309 4520 2461 4575 Licet
2477 4521 2542 4575 ad
2562 4537 2682 4576 eam
2703 4523 3061 4592 quaastionem
3084 4523 3185 4577 hoc
3204 4524 3364 4577 modo
3381 4541 3608 4594 respon.

344 4614 579 4682 ἱστορίαν
616 4614 644 4666 ό
673 4613 904 4674 Λουκᾶς.
949 4613 1056 4666 Καὶ
1089 4615 1152 4666 ἐκ
1180 4613 1374 4666 τούτου
1405 4615 1654 4683 φαίνεται
1686 4617 1770 4668 ὅτι
1798 4615 1919 4668 δια-

345 4706 582 4775 σχισθεὶς
615 4705 642 4757 6
674 4705 888 4765 Λουκᾶς
930 4703 1143 4758 Παύλου
1199 4705 1258 4756 τδ
1310 4706 1420 4758 τῶν
1457 4705 1716 4776 Πράξεων
1763 4724 1919 4777 τηνι-

343 4797 517 4849 καῦτα
577 4795 956 4866 συνεγράψατο
1016 4797 1245 4867 βιϐλίον,
1307 4797 1432 4851 ὄθεν
1485 4799 1555 4852 τὰ
1615 4798 1778 4853 λοιπὰ
1821 4799 1922 4869 μὲν

349 4889 560 4942 Παύλου
589 4889 914 4961 διηγήσατο,
939 4890 1000 4943 τὸ
1020 4891 1076 4943 δὲ
1103 4892 1407 4964 μαρτύριον
1447 4894 1522 4957 ὡς
1561 4895 1730 4965 μήπω
1757 4909 1919 4963 γεγο-

343 4983 431 5044 νὸς
502 4982 725 5045 είκότως
781 4982 1156 5053 παρέδραμεν.
1221 4985 1288 5036 '0
1331 4984 1439 5054 γὰρ
1470 4984 1686 5047 Παῦλος
1715 4983 1920 5037 διετίαν

343 5073 471 5143 ὃλην
517 5074 576 5128 ἐν
641 5073 830 5144 Ῥώμῃ
883 5073 1074 5136 ἄνετος
1130 5073 1208 5127 ὢν
1239 5075 1556 5146 ἐκήρυσσε·
1613 5077 1779 5146 μέχρι
1811 5075 1921 5147 γὰρ

343 5164 498 5218 τοῦδε
531 5166 625 5217 καὶ
643 5166 670 5218 6
691 5166 909 5229 Λουκᾶς
947 5164 1094 5236 αὐτῷ
1120 5167 1306 5236 συνῆν.
1362 5165 1476 5220 Εἶθ’
1503 5165 1678 5230 οὕτως
1718 5167 1923 5222 ἀπολο-

345 5257 652 5326 γησάμενος
685 5258 765 5319 είς
786 5249 848 5307 τὸ
883 5255 1147 5326 κήρυγμα
1172 5255 1339 5308 πάλιν
1368 5256 1656 5309 ἐστέλλετο
1685 5255 1780 5309 καὶ
1809 5257 1923 5319 τοῖς

347 5350 526 5401 ἐκεῖσε
579 5349 874 5420 κηρύσσων
925 5344 1018 5418 ἦν.
1086 5349 1182 5402 Ἐκ
1233 5348 1488 5418 δευτέρου
1527 5349 1581 5402 δὲ
1615 5351 1681 5419 τῇ
1731 5349 1922 5419 Ῥώμῃ

347 5441 709 5521 ἐπιδημήσας,
739 5442 837 5494 καὶ
870 5441 1196 5511 κατηχὴσας
1239 5440 1333 5493 τὸν
1365 5441 1606 5510 οἰνοχόον
1667 5438 1923 5509 Νέρωνος

349 5535 443 5589 καὶ
473 5535 755 5606 παλλακὴν
775 5533 940 5589 αὐτοῦ
979 5535 1337 5604 Ἐπέραστον,
1368 5535 1429 5586 τὸ
1463 5533 1739 5604 μακάριον
1767 5533 1923 5596 τέλος

351 5627 584 5692 ἐδέξατο.
617 5629 740 5681 Ὀτι
793 5629 849 5681 δὲ
884 5629 982 5681 οὐκ
1005 5624 1072 5699 ἦν
1105 5629 1132 5681 ὁ
1181 5629 1395 5690 Λουκᾶς
1439 5629 1578 5696 μετὰ
1610 5625 1827 5678 Παύλου
1861 5625 1922 5677 τὸ

352 5723 639 5791 πρότερον,
661 5720 822 5783 αὑτός
851 5737 984 5790 φησι
1015 5720 1152 5791 πρὸς
1182 5718 1452 5788 Τιμόθεον
1477 5719 1536 5769 ἐν
1562 5719 1629 5787 τῇ
1659 5715 1796 5786 πρὸς
1825 5715 1923 5768 αύ-

351 5824 440 5871 τὸν
489 5816 717 5884 δευτέρᾳ
770 5815 1048 5884 ἐπιστολῇ,
1105 5817 1169 5884 ἣν
1205 5811 1414 5884 ἔγραψε
1451 5813 1674 5882 δέσμιος
1705 5809 1779 5864 ὢν
1814 5812 1922 5864 ὑπὸ

2025 4616 2178 4680 dere,
2210 4612 2413 4668 Lucam
2443 4613 2646 4668 librum
2674 4616 2934 4669 Actorum
2961 4613 3015 4668 id
3040 4615 3300 4684 temporis
3323 4631 3604 4681 exarasse,

2024 4722 2149 4761 eum
2187 4706 2392 4761 Paulus
2421 4707 2601 4777 prima
2634 4707 2753 4762 vice
2787 4708 3015 4762 Romam
3057 4707 3396 4778 appulisset;
3430 4725 3494 4764 ea
3539 4709 3608 4764 de

2021 4813 2187 4853 causa
2225 4797 2429 4855 factum
2450 4814 2571 4854 esse
2604 4809 2663 4854 ut
2697 4810 2892 4855 caetera
2921 4800 3144 4872 quidem
3175 4811 3292 4856 acta
3326 4801 3483 4856 Pauli
3522 4818 3609 4855 re-

2027 4900 2301 4958 censeret,
2350 4892 2686 4961 perhibitum
2737 4909 2870 4947 vero
2919 4893 3044 4947 ﬁdei
3090 4893 3488 4958 testimonium,
3530 4897 3607 4949 uti

2025 4985 2170 5055 quod
2209 4983 2448 5039 necdum
2490 4985 2799 5050 accidisset,
2849 4985 3150 5042 omitteret.
3188 4987 3392 5041 Paulus
3435 4987 3606 5052 enim,

2024 5093 2149 5134 eum
2181 5079 2468 5134 biennium
2507 5090 2679 5136 totum
2713 5081 2899 5135 Romae
2925 5079 3067 5134 liber
3099 5088 3307 5151 ageret,
3345 5079 3612 5150 praedica-

2026 5167 2192 5225 tionis
2217 5185 2444 5226 munere
2463 5171 2828 5242 fungebatur;
2854 5171 2919 5226 ad
2940 5171 3088 5241 quod
3114 5185 3290 5241 usque
3312 5180 3529 5241 tempus
3557 5171 3607 5226 ei

2025 5260 2208 5315 Lucas
2237 5261 2444 5316 aderat.
2475 5263 2683 5318 Deinde
2707 5261 2936 5318 Romam
2966 5264 3138 5318 altera
3181 5263 3304 5318 vice
3331 5278 3606 5325 reversus,

2024 5369 2151 5408 cum
2173 5354 2456 5424 religionis
2481 5355 2816 5411 Christiana:
2847 5357 3161 5411 rudimenta
3195 5355 3480 5426 Eperasto,
3505 5356 3609 5409 Ne-

2026 5449 2145 5500 roni
2175 5463 2204 5500 a
2240 5445 2454 5516 poculis
2494 5456 2659 5517 atque
2691 5449 2854 5502 etiam
2901 5447 3236 5514 concubino,
3271 5446 3606 5508 tradidisset,

2026 5534 2190 5590 beato
2208 5536 2296 5592 ille
2312 5537 2462 5591 exitu
2481 5537 2646 5591 vitam
2663 5535 3090 5592 clausit.Lucam
3116 5536 3296 5604 ipsum
3317 5534 3468 5603 prius
3482 5547 3606 5586 cum

2027 5627 2198 5682 Paulo
2224 5645 2331 5682 non
2368 5628 2560 5695 fuisse,
2586 5629 2790 5684 fatetur
2815 5634 2869 5683 in
2893 5631 3134 5684 secunda
3163 5628 3227 5680 ad
3256 5625 3606 5678 'l‘inmtheum

2029 5719 2269 5789 Epistula
2300 5720 2522 5788 Paulus,
2558 5738 2720 5792 quam
2751 5737 2780 5775 a
2812 5721 3028 5775 Nerone
3063 5720 3346 5790 conjectus
3384 5716 3436 5769 in
3489 5715 3604 5767 vin-

2030 5811 2150 5866 cula
2185 5813 2424 5879 scripsit.
2468 5833 2483 5864 ι
2512 5813 2568 5866 lu
2617 5814 2789 5871 prima
2817 5853 2830 5876 ,
2864 5810 3068 5875 inquit,
3125 5808 3442 5865 defensione
3493 5818 3605 5858 mea
