4054 6468
463 356 570 417 447

1721 346 1773 404 Μ
1791 344 2141 405 lClIAELIS
2173 341 2432 407 (ΠΧοΕ

3598 349 3700 416 448

462 462 645 517 cuncti
672 477 756 517 me
781 462 1169 519 deseruerunt.
1204 460 1384 516 Nolim
1416 457 1522 512 hoc
1543 455 1628 512 eis
1648 461 1829 527 culpat
1852 455 2035 512 detur.

2148 458 2429 529 Νέρωνος·
2465 476 2483 511 ι
2521 459 2610 512 Ἐν
2632 460 2700 530 τῇ
2741 459 2936 533 πρώτῃ
2968 478 3069 533 μου
3108 452 3379 537 ἀπολογίᾳ
3404 454 3601 530 πάντες
3637 484 3703 537 με

466 554 730 608 Dominus
764 562 947 608 autem
980 553 1155 608 astitit
1184 551 1321 606 mihi
1369 564 1565 619 meque
1614 546 1984 604 conﬁrmavit.
2008 565 2028 599 ι

466 647 543 699 At!
582 644 746 700 ﬁnem
781 661 911 701 vero
941 645 1093 700 solus
1132 642 1315 698 Lucas
1347 641 1559 696 aderat.

534 827 801 881 Caeterum
830 838 959 896 post
983 826 1359 882 defensionem
1389 824 1532 879 hanc
1566 822 1801 892 primam
1835 820 2039 875 Paulus

468 918 520 970 in
577 917 893 986 llispaniam
944 919 1220 988 pervenit,
1277 916 1370 970 ubi
1437 912 1756 968 muliercula
1786 909 2037 980 quaedam

466 1010 661 1063 illustri
703 1020 824 1065 orta
850 1013 993 1071 loco.
1035 1026 1158 1080 qua:
1202 1009 1376 1064 multo
1429 1015 1556 1061 ante
1586 1005 1813 1060 Paulum
1851 1002 2038 1057 videre

464 1109 691 1169 cuperet
721 1102 899 1171 deque
929 1103 1161 1156 veritate
1189 1101 1258 1154 ab
1309 1100 1427 1167 ipso
1467 1098 1594 1152 viva
1645 1110 1778 1150 voce
1808 1093 2034 1157 erudiri,

466 1203 847 1258 prospectasse
887 1192 940 1245 in
974 1190 1154 1246 forum
1188 1189 1540 1261 perhibetur,
1584 1188 1770 1256 ibique
1801 1201 2038 1256 conspe-

466 1290 555 1335 cto
608 1281 794 1347 Paulo,
849 1282 1009 1352 237
1055 1282 1149 1351 qui
1204 1281 1382 1336 forum
1429 1278 1731 1342 transiret,
1779 1278 2037 1333 maritum

467 1389 626 1426 suum
659 1374 900 1428 Probum
944 1373 1327 1443 persuadendo
1350 1373 1641 1443 impulisse
1667 1380 1729 1427 ut
1757 1372 2037 1427 hominem

467 1466 631 1520 domo
658 1482 754 1520 sua
780 1467 1085 1536 exciperet.
1143 1466 1397 1537 Ingresso
1445 1464 1501 1519 in
1535 1464 1684 1520 aedes
1714 1463 1885 1518 Paulo
1914 1479 2041 1533 pro.

466 1559 675 1627 digium
703 1558 980 1626 quoddam
1015 1572 1220 1611 novum
1275 1566 1332 1612 et
1378 1555 1705 1610 inusitatum
1739 1555 2038 1609 accidisse:

466 1650 759 1703 mulierem
789 1648 935 1702 enim
967 1648 1145 1703 oculis
1196 1647 1311 1702 suis
1363 1645 1642 1716 adapertis
1689 1645 1744 1699 in
1790 1644 2039 1714 Apostoli

2138 548 2522 619 ἐγκατέλιπον.
2574 549 2667 621 Μὴ
2714 550 2901 614 αὐτοῖς
2951 552 3256 625 λογισθείη.
3329 554 3473 610 Ὀδέ
3502 556 3705 628 Κύριός

2141 659 2243 713 μου
2283 643 2530 714 παρέστη
2561 645 2655 697 καὶ
2679 642 3059 714 ἐνεδυνάμωσέ
3089 663 3183 717 με.
3223 666 3243 701 ι
3285 648 3441 704 Κατὰ
3467 648 3523 702 δέ
3554 665 3620 717 γε
3644 652 3704 703 τὸ

2139 733 2288 796 τέλος
2312 734 2481 802 μόνος
2513 734 2695 803 παρῆν
2722 735 2751 787 6
2777 734 3013 801 Λουκᾶς.
3560 725 3575 731 ἢ

2207 825 2364 878 Μετὰ
2426 826 2609 894 μέντοι
2645 826 2744 896 τὴν
2803 827 3030 899 πρώτην
3075 828 3375 898 ἀπολογίαν
3412 831 3491 896 εἰς
3523 832 3707 887 Ἱσπα-

2139 916 2258 971 νίαν
2309 918 2338 970 6
2384 917 2596 979 Παῦλος
2645 920 3039 990 παραγίνεται.
3099 922 3327 978 Γύναιον
3383 920 3478 979 οῦν
3516 943 3569 978 τι
3599 927 3705 979 τῶν

2138 1010 2425 1079 ἐπισήμων
2456 1010 2521 1063 ἐκ
2550 1010 2655 1081 πρὸ
2687 1011 2886 1065 πολλοῦ
2912 1012 3068 1068 θέλον
3091 1014 3184 1068 τδν
3215 1014 3428 1070 Παῦλον
3456 1018 3586 1071 ἰδεῖν
3612 1018 3707 1071 καὶ

2137 1099 2235 1170 τὴν
2262 1099 2525 1171 ἀλήθειαν
2547 1102 2901 1174 ἐνηχηθῆναι,
2942 1106 3269 1178 παρακύψαι
3306 1106 3526 1178 λέγεται
3565 1111 3708 1165 κατά

2137 1192 2236 1261 τὴν
2265 1193 2472 1263 ἀγορὰν
2498 1193 2594 1245 καὶ
2626 1194 2756 1247 ίδεῖν
2786 1196 2956 1249 αὐτὸν
2981 1196 3353 1268 διερχόμενον,
3396 1201 3491 1253 καὶ
3520 1202 3706 1255 πεῖσαι

2137 1283 2232 1337 τὸν
2262 1283 2433 1351 αὐτῆς
2473 1283 2643 1354 ἀνδρα
2704 1286 2917 1356 Πρόὸον
2952 1288 3105 1352 ἐντὸς
3143 1289 3237 1342 τοῦ
3266 1290 3419 1344 οἴκου
3448 1290 3704 1357 δέξασθαι

2138 1374 2321 1430 αὐτόν.
2374 1376 2724 1440 Εἰσελθόντος
2778 1372 2872 1431 οῦν
2905 1378 3096 1450 θαῦμα
3130 1376 3440 1452 παράδοξον
3462 1383 3707 1452 γίνεταιο

2136 1466 2198 1518 τὸ
2216 1467 2322 1535 γὰρ
2344 1465 2564 1534 γύναιον
2590 1468 3084 1538 ἀνακαλυφθέντων
3109 1471 3220 1526 τῶν
3248 1472 3344 1526 τοῦ
3369 1475 3488 1537 νοὸς
3503 1474 3705 1544 ὀφθαλ-

2143 1555 2261 1626 μῶν
2314 1557 2460 1627 ἐώρα
2506 1558 2599 1611 ἐπὶ
2632 1558 2727 1613 τοῦ
2762 1560 3016 1630 μετώπου
3068 1563 3165 1616 τοῦ
3205 1564 3532 1617 Ἀποστόλου
3590 1565 3704 1618 ἐπί-

2140 1664 2319 1717 χρυσα
2350 1649 2675 1720 γράμματα,
2713 1670 2732 1703 ι
2764 1651 2975 1717 Παῦλος
3005 1652 3034 1704 6
3058 1653 3152 1706 τοῦ
3179 1654 3415 1725 Χριστοῦ
3449 1653 3629 1727 κῆρυξ
3657 1673 3703 1722 ι,

467 1738 649 1795 fronte
679 1740 893 1794 litteras
936 1754 1133 1794 aureas
1181 1738 1411 1803 vidisse,
1442 1753 1675 1807 quarum
1725 1734 2039 1811 huiusmodi

2148 1738 2545 1808 διαγορεύοντα.
2588 1743 2697 1796 Καὶ
2733 1743 3127 1813 προσπεσοῦσα
3179 1747 3297 1809 τοῖς
3349 1745 3506 1800 ποσὶν
3540 1746 3706 1799 αὑτοῦ

466 1831 738 1886 sententia
771 1831 942 1885 foret:
980 1849 998 1881 ι
1032 1830 1236 1886 Paulus
1258 1829 1466 1885 Christi
1495 1844 1731 1900 praeco.»
1790 1828 2039 1896 Quapro-

2148 1832 2177 1902 ἡ
2211 1833 2431 1903 τοιαύτη
2464 1835 2603 1906 γυνὴ
2629 1836 2916 1907 κατηχήθη
2952 1839 3048 1891 καὶ
3096 1838 3426 1910 ἐὸαπτίσθη.
3473 1838 3708 1907 Ὁμοίως

465 1933 587 1993 pter
617 1923 682 1979 ad
712 1923 880 1992 pedes
906 1922 1080 1991 ipsius
1112 1921 1401 1991 provoluta
1434 1920 1745 1975 doctrinam
1770 1917 2042 1974 Christia-

465 2030 588 2068 nam
616 2016 846 2083 accepit,
878 2014 1107 2084 ipsaque
1132 2028 1255 2069 eum
1277 2012 1457 2068 Probo
1487 2012 1686 2067 marito
1721 2008 2041 2080 familiaque

466 2109 719 2163 universa
752 2108 1022 2184 baptizata
1052 2116 1158 2162 est.

519 2199 789 2253 Cmterum
808 2198 951 2252 Nero
967 2213 1091 2252 cum
1106 2196 1391 2252 Anicetum
1407 2194 1699 2266 quemdam
1715 2192 2042 2258 ablegasset,

464 2293 559 2362 qui
584 2301 814 2346 matrem
836 2307 990 2345 suam
1020 2292 1375 2362 Agrippinam
1405 2290 1706 2355 occideret,
1739 2290 1830 2343 illa
1851 2295 2042 2342 ventre

466 2400 567 2438 suo
597 2385 919 2438 denudato:
979 2384 1196 2447 tllunc,
1257 2383 1506 2449 Anicete,
1562 2380 1745 2445 ferito,
1794 2380 1893 2444 ait,
1950 2380 2045 2449 qui

465 2475 738 2530 Neronem
784 2473 1077 2529 ediderit.»
1138 2473 1286 2528 lnter
1318 2474 1423 2528 alia
1477 2473 1606 2527 vitia
1657 2472 1893 2527 Neronis
1941 2471 2046 2526 hoc

465 2567 632 2622 etiam
669 2576 809 2632 erat,
847 2566 991 2635 quod
1016 2565 1339 2620 citharoedis
1361 2574 1417 2620 et
1441 2565 1624 2619 mimis
1654 2564 2045 2631 delectaretur,

466 2674 531 2713 ac
579 2674 795 2727 semper
837 2660 1174 2713 temulentus
1216 2667 1395 2724 esset;
1438 2672 1549 2727 quo
1586 2658 1754 2712 (iebat
1800 2666 1860 2710 ut
1886 2657 2049 2710 inno-

466 2761 656 2807 centes
706 2754 817 2806 vita
870 2753 1156 2822 spoliaret.
1217 2751 1359 2806 Hine
1416 2759 1703 2821 tantopere
1766 2749 2046 2804 hominem

465 2845 699 2899 aversati
730 2854 860 2899 sunt
890 2844 1160 2909 Romani,
1223 2852 1284 2897 ut
1313 2852 1466 2899 motu
1502 2843 1779 2898 concitato
1818 2856 1944 2897 eum
1979 2840 2049 2895 ad

468 2950 657 2988 netcm
689 2942 1004 3003 pos«-erent.
1062 2931 1179 3000 Qua
1216 2948 1274 2988 re
1299 2931 1518 3002 cognita
1537 2932 1680 2987 Nero
1701 2931 1923 2988 sibimet
1944 2929 2048 3000 ipsi

469 3040 663 3079 manus
693 3027 899 3090 attulit,
934 3026 1250 3096 huiusmodi
1275 3025 1524 3096 quaedam
1551 3025 1734 3079 fatus:
1772 3024 2048 3090 «Qualem,

467 3133 502 3170 ο
553 3115 808 3187 Jupiter,
868 3117 1156 3171 hominum
1207 3118 1317 3172 vita
1369 3116 1737 3173 citharoedum
1771 3115 2044 3170 amittit!»
2076 3151 2119 3213 Ο

467 3209 741 3263 Caeterum
775 3208 880 3263 hoc
915 3223 1137 3278 quoque
1166 3208 1446 3262 memoria:
1478 3206 1756 3277 proditum
1790 3215 1896 3269 est,
1940 3205 2049 3259 ιιι-

466 3317 587 3367 eam
616 3308 899 3355 auctorem
934 3300 1262 3370 evangelicae
1289 3300 1533 3355 historia;
1561 3299 1616 3353 in
1643 3299 1763 3352 olea
1790 3296 2049 3368 frugifera

474 3388 728 3444 suﬂixum
761 3387 965 3455 fuisse;
1015 3403 1251 3458 cumque
1287 3388 1537 3459 pretiosa:
1584 3387 1761 3457 ipsius
1791 3386 2043 3456 reliquiae

472 3495 741 3548 nusquam
793 3479 1212 3549 reperirentur,
1267 3479 1414 3549 quod
1453 3489 1639 3534 essent
1692 3479 1835 3532 inter
1878 3479 2049 3532 multa

474 3573 687 3642 tuguria
718 3573 954 3644 rejectae,
993 3573 1253 3643 precibus
1279 3572 1632 3643 impetratum
1671 3581 1755 3633 est
1787 3586 1815 3625 a
1850 3571 1960 3626 Deo
1993 3580 2051 3626 ut

469 3664 694 3735 collyria
728 3665 977 3732 quaedam
1029 3665 1242 3720 medica
1276 3665 1638 3726 demitteret,
1692 3665 1826 3718 artis
1875 3667 2047 3719 sancti

468 3754 576 3808 viri
615 3755 861 3827 symbola
893 3773 907 3821 ;
964 3755 1169 3826 quibus
1199 3755 1512 3825 conspectis
1565 3755 1811 3825 reliquiae
1843 3755 2048 3810 ibidem

470 3856 706 3917 repertae
738 3857 1079 3918 servataque
1106 3855 1258 3902 sunt.

492 3934 497 3937 ⁷
541 3941 855 3996 Secundum
910 3940 1029 3994 haec
1077 3956 1189 3995 non
1250 3939 1428 3995 multo
1460 3939 1754 4011 interjecw
1803 3949 2052 4011 tempore

468 4029 1101 4088 Judaeorum'tzxcidium
1139 4028 1391 4099 appetiit,
1426 4028 1592 4097 idque
1628 4043 1739 4082 non
1771 4028 1880 4082 alio
1915 4039 2052 4083 tem-

474 4136 604 4189 pore
635 4134 798 4190 quam
835 4118 994 4184 festo,
1034 4133 1137 4173 nec
1165 4119 1217 4173 id
1253 4120 1352 4174 abs
1388 4134 1467 4173 re.
1526 4118 1662 4174 Nam
1695 4135 1793 4189 par
1829 4128 1947 4175 erat
1994 4131 2054 4175 ut

473 4210 679 4282 quibus
706 4211 784 4265 illi
812 4210 1010 4266 diebus
1030 4211 1084 4264 in
1120 4210 1410 4264 Dominum
1437 4210 1825 4281 deliquissent,
1857 4212 2052 4267 iisdem

471 4318 528 4359 et
565 4303 794 4373 praemia
819 4312 1314 4374 consequerentur,
1355 4298 1671 4373 qnanquam
1700 4319 1832 4359 sane
1866 4305 2054 4360 multis

473 4396 652 4451 modis
686 4393 903 4450 eﬂicere
936 4403 1168 4449 conatus
1195 4404 1281 4450 est
1312 4392 1456 4450 Deus
1503 4408 1564 4450 ut
1601 4390 2050 4451 emendarentur.

2143 1923 2238 1976 καὶ
2257 1922 2467 1995 Πρόόος
2499 1927 2527 1979 ὁ
2561 1926 2699 1997 ἀνὴρ
2732 1928 2828 1981 καὶ
2861 1928 3064 1992 πάντες
3094 1931 3144 1983 οί
3171 1929 3354 1983 λοιποὶ
3383 1927 3635 2000 καθεξῆς.

2219 2184 2327 2246 Τοῦ
2349 2191 2532 2261 μέντοι
2556 2192 2809 2263 Νέρωνος
2823 2192 3108 2264 ’Δνίκητόν
3129 2209 3255 2248 τινα
3281 2193 3591 2256 στείλαντος
3617 2193 3713 2247 ἐπὶ

2144 2283 2223 2356 τῷ
2278 2285 2378 2355 τὴν
2412 2284 2628 2355 μητέρα
2668 2283 2834 2339 αὐτοῦ
2865 2285 3235 2357 Ἀγριππῖναν
3278 2287 3624 2348 ἀποκτεῖναι,
3662 2283 3715 2338 τί

2147 2379 2292 2432 ποιεῖ
2335 2375 2510 2446 αῦτη;
2574 2378 2686 2448 Τὴν
2746 2378 2949 2448 ἑαυτῆς
3023 2378 3271 2446 γαστέρα
3334 2378 3716 2448 γυμνώσασα*

2151 2488 2170 2521 ι
2206 2469 2341 2523 Παῖε
2386 2468 2657 2538 Ἀνίκητε,
2676 2467 2805 2541 ἔφη,
2823 2471 2976 2534 παῖε,
3003 2471 3086 2522 ὅτι
3109 2470 3341 2541 Νέρωνα
3368 2469 3713 2538 ἐγέννησεν.»

2147 2554 2315 2624 Οὗτος
2339 2562 2365 2614 6
2403 2560 2597 2631 Νέρων
2642 2561 2782 2630 πρὸς
2830 2563 2943 2625 τοῖς
2972 2560 3154 2625 ἄλλοις
3205 2561 3373 2616 αὐτοῦ
3404 2562 3596 2622 κακοῖς
3625 2561 3720 2614 καὶ

2146 2652 2473 2721 κιθαρῳδοῖς
2527 2650 2623 2704 καὶ
2679 2651 2870 2721 μίμοις
2931 2651 3268 2721 ἐπέχαιρεν,
3323 2651 3718 2721 ἀκρατοποτῶν

2147 2743 2299 2798 ἐσαεὶ
2360 2742 2658 2797 κάντεῦθεν
2704 2745 2831 2807 τοὺς
2882 2744 3158 2807 ἀναιτίους
3229 2743 3553 2815 ἀποστερῶν
3618 2743 3716 2813 τῆς

2150 2836 2321 2907 ζωῆς.
2351 2836 2621 2890 Τοσοῦτον
2678 2837 2737 2890 δὲ
2772 2837 3038 2908 Ῥωμαῖοι
3090 2836 3719 2909 ἀπεστράφησανάὒτὸν

2147 2927 2220 2989 ὡς
2259 2928 2547 2996 ἐπιστῆναι
2577 2925 2672 2978 καί
2709 2943 2841 2979 ποτε
2878 2925 3068 2979 τοῦτον
3106 2928 3526 2998 ἀναιρήσοντες.
3550 2925 3720 2979 Τοῦτο

2148 3016 2206 3069 δὲ
2242 3016 2404 3083 γνοὺς
2434 3018 2461 3068 6
2493 3016 2683 3087 Νέρων
2712 3018 2906 3073 ἐαυτὸν
2944 3018 3334 3088 διεχειρίσατο,
3392 3019 3558 3090 μηδὲν
3592 3018 3722 3072 ἀλλο

2153 3110 2322 3162 εἰπὼν
2350 3110 2383 3181 ἢ
2415 3111 2574 3163 τοῦτο
2604 3112 2700 3164 καὶ
2729 3113 2891 3180 μόνον
2912 3126 2925 3142 ·
2968 3130 2987 3164 ι
3014 3109 3161 3180 Οἶον,
3189 3108 3234 3167 ὧ
3264 3113 3388 3179 Ζεῦ,
3418 3112 3722 3183 κιθαρῳδὸν

2151 3203 2178 3254 6
2217 3200 2329 3270 βίος
2368 3199 2703 3271 ζημιοῦταιι
2749 3219 2769 3252 ι
2805 3202 3036 3270 Λέγεται
3069 3203 3123 3256 δὲ
3158 3202 3443 3269 καὶτοῦτο,
3476 3204 3558 3257 ὅτι
3590 3205 3719 3257 Aous

2153 3295 2255 3355 κάς
2285 3294 2312 3345 ό
2337 3293 2636 3357 ἀπόστολος
2657 3293 2749 3346 ἐπὶ
2775 3295 3131 3365 καρποφόρου
3163 3296 3351 3359 ἐλαίας
3378 3296 3721 3370 ἐσταυρώθη.

2156 3384 2384 3454 ’Ἄδηλον
2405 3384 2461 3437 δὲ
2493 3379 2560 3455 ἦν
2582 3385 2645 3437 τὸ
2677 3386 2860 3455 τίμιον
2889 3386 3055 3440 αὐτοῦ
3082 3387 3330 3456 λείψανον
3351 3388 3438 3440 διὰ
3472 3375 3532 3440 τδ
3563 3389 3725 3457 μέσον

2154 3475 2366 3529 πολλῶν
2425 3478 2806 3546 σκηνωμάτων
2866 3479 3129 3548 ῥιφῆναι·
3186 3479 3275 3533 διὰ
3327 3483 3635 3550 προσευχῆς
3667 3481 3723 3534 δὲ

2155 3566 2401 3637 ἔπεμψεν
2429 3571 2457 3621 6
2482 3568 2616 3632 Θεὸς
2640 3568 2936 3638 κουλούρια
2977 3570 3199 3641 ίατρικά
3231 3570 3478 3641 σύμϐολα
3511 3574 3607 3640 τῆς
3632 3574 3725 3624 τέ-

2153 3676 2286 3729 χνης
2313 3658 2504 3721 αὐτοῦ,
2561 3660 2667 3714 καὶ
2712 3658 2857 3714 οὕτω
2894 3661 3214 3732 φανερωθὶν
3245 3662 3485 3716 ἐνταῦθα
3529 3665 3725 3716 ἐπανεσ

2155 3752 2326 3823 σῶθη.

2227 3934 2304 3987 Οὐ
2347 3934 2515 3994 πολὺς
2568 3934 2705 4013 μετά
2761 3933 2937 3988 ταῦτα
2990 3934 3285 4008 παρερῤύη
3320 3936 3534 4007 καιρός,
3575 3938 3669 3993 καὶ
3696 3942 3729 4009 ὴ

2155 4026 2264 4080 τῶν
2303 4026 2580 4080 Ἰουδαίων
2631 4024 2863 4093 ἐφθάκει
2919 4026 3194 4083 ἀπώλεια.
3236 4028 3351 4082 Οὐκ
3402 4032 3460 4083 ἐν
3500 4030 3646 4103 ἄλλῳ
3670 4033 3729 4085 δὲ

2154 4119 2332 4187 καιρῷ
2360 4118 2543 4188 ἦλθεν,
2582 4118 2701 4170 ἀλλ’
2732 4121 2789 4171 ἐν
2819 4117 3008 4189 ἡμέρᾳ
3038 4118 3135 4188 τῆς
3177 4119 3393 4189 ἑορτῆς.
3440 4122 3547 4177 Καὶ
3580 4125 3731 4176 εικί-

2154 4229 2262 4273 τως
2286 4227 2298 4241 ·
2334 4211 2503 4281 ἐχρῆν
2535 4212 2644 4278 γὰρ
2667 4211 2868 4270 αὐτοὺς
2909 4210 2969 4263 ἐν
3004 4204 3090 4273 αἷς
3114 4212 3195 4275 είς
3242 4211 3333 4263 τὸν
3367 4212 3575 4283 Κύριον
3600 4214 3731 4283 ἐξῄ-

2159 4319 2385 4371 μαρτον,
2438 4304 2495 4354 ἐν
2547 4302 2739 4363 αὑταῖς
2775 4303 2868 4353 καὶ
2908 4301 2978 4355 τὰ
3008 4301 3266 4374 ἐπίχειρα
3306 4303 3512 4374 εὑρεῖν,
3549 4308 3733 4360 καίτοι

2156 4411 2219 4462 γε
2254 4394 2426 4447 πολλὰ
2450 4394 2543 4447 τοῦ
2593 4393 2730 4446 Θεοῦ
2759 4395 3087 4465 ποιήσαντος
3115 4394 3203 4448 ῖνα
3228 4394 3588 4462 διορθωθῶσι.
3620 4398 3732 4453 Καὶ

472 4488 685 4542 Etenim
744 4485 890 4539 inter
922 4484 1026 4538 alia
1082 4486 1168 4536 vir
1219 4486 1483 4555 quidam,
1516 4485 1604 4540 cui
1649 4500 1851 4539 nomen
1900 4497 2047 4541 esset

2154 4488 2261 4556 γὰρ
2284 4482 2572 4556 ἄνθρωπός
2595 4503 2679 4549 τις
2702 4486 2912 4555 Ἰησοῦς
2940 4488 3084 4540 κατὰ
3112 4485 3212 4557 τὴν
3236 4487 3431 4557 ἑορτὴν
3461 4489 3559 4556 τῆς
3586 4490 3735 4557 Σκηο
3794 4524 3805 4531 -

469 4582 648 4643 .lesus,
683 4576 802 4646 ipso
834 4573 1343 4629 Tabernaculorum
1374 4574 1513 4630 festo
1541 4574 1800 4644 templum
1831 4575 2045 4645 ingres-

452 4686 564 4725 sus
620 4669 726 4722 alta
777 4680 912 4721 voce
957 4665 1026 4720 ab
1071 4676 1303 4735 utraque
1338 4675 1494 4734 parte
1529 4665 1961 4736 Hierosolymam
1994 4672 2050 4719 et

474 4762 734 4833 pupulum
771 4761 1104 4815 lamentatus
1157 4766 1262 4812 est.
1302 4757 1444 4823 Quin
1483 4759 1647 4812 etiam
1679 4759 1871 4812 urbem
1925 4756 2048 4812 uni-

475 4869 691 4910 versam
725 4852 936 4917 obibat,
970 4866 1139 4920 seque
1173 4849 1381 4903 feriens
1413 4848 1629 4903 aiebat:
1664 4848 1785 4903 «Vae
1819 4864 1897 4903 va:
1918 4848 2050 4903 llic-

474 4947 811 5017 rosolymaa.»
874 4943 1100 4998 Duobus
1148 4940 1350 5010 elapsis
1377 4941 1536 4994 annis
1563 4941 1780 5011 cingula
1811 4956 1908 4995 sua
1940 4941 2050 5010 cly-

474 5052 811 5105 peorumque
851 5035 1000 5088 coria
1046 5034 1403 5087 mandehant.
1469 5032 1634 5087 Forte
1663 5033 1861 5086 mulier
1901 5046 2052 5102 quaa-

474 5128 616 5186 .lam,
645 5142 766 5196 quae
799 5126 981 5180 Maria:
1028 5118 1253 5180 nomen~
1281 5125 1533 5190 haberet,
1568 5124 1865 5179 admodum
1914 5139 2052 5193 epu-

475 5223 641 5284 lenta,
684 5220 736 5272 in
788 5218 983 5270 urbem
1031 5233 1098 5271 ex
1152 5230 1284 5286 agro
1337 5217 1690 5286 migraverat.
1760 5215 1888 5268 Eam
1922 5231 2047 5269 cum

475 5310 707 5380 populus
739 5320 1047 5363 commeatu
1094 5308 1554 5378 facultatibusque
1583 5308 1702 5364 suis
1732 5306 2048 5378 spoliasset,

474 5418 572 5455 nec
604 5400 842 5470 amplius
885 5400 936 5454 ei
971 5399 1269 5468 quidquam
1307 5407 1596 5469 superaret
1626 5400 1771 5455 unde
1815 5399 2048 5468 viveret,

474 5496 643 5547 tilium
679 5507 841 5547 suum
878 5491 1170 5547 lactentem
1205 5501 1351 5547 assat
1392 5498 1449 5546 et
1495 5493 1757 5547 comedit.
1826 5492 1946 5560 Qua
1990 5508 2051 5548 re

470 5594 765 5655 conspecta
796 5585 984 5640 cuncti
1016 5598 1180 5654 quam
1231 5585 1468 5654 primum
1518 5586 1694 5640 emori
1730 5587 2046 5657 cupiebant.

469 5679 676 5733 Eodem
712 5689 961 5748 tempore
985 5687 1184 5732 ventus
1213 5677 1405 5747 ingens
1427 5676 1667 5732 hostium
1692 5678 1913 5747 quidem
1944 5680 2049 5736 tela

470 5770 680 5825 directo
713 5770 767 5824 in
798 5768 1015 5826 Iudaeos
1050 5768 1281 5838 ferebat,
1316 5767 1629 5823 Iudaeorum
1653 5784 1784 5825 vero
1807 5770 2048 5841 abripie-

2153 4579 2420 4647 νοπηγὶας
2455 4578 2630 4633 ἐλθὼν
2660 4580 2718 4632 ἐν
2753 4579 2832 4647 τῷ
2860 4579 2992 4657 ἱερῷ
3014 4577 3284 4647 ἀνέκραξε
3309 4582 3458 4649 φωνῇ
3491 4580 3599 4633 ἀπὸ
3621 4582 3734 4633 τῶν

2150 4672 2435 4740 τεσσάρων
2467 4670 2651 4740 μερῶν
2672 4672 2765 4723 ἐπὶ
2791 4671 3154 4740 Ἰεροσόλυμα
3181 4672 3273 4724 καὶ
3302 4670 3391 4722 τὸν
3418 4670 3569 4733 λαὸν,
3588 4671 3731 4724 ἀλλὰ

2152 4763 2245 4813 καὶ
2266 4763 2364 4831 τὴν
2394 4761 2548 4814 πόλιν
2587 4763 2771 4816 πᾶσαν
2804 4763 3231 4832 περιερχόμενος
3263 4763 3357 4817 καὶ
3392 4762 3734 4833 τυπτόμενος

2150 4852 2363 4922 ἐλεγενσ
2418 4870 2436 4903 ι
2478 4854 2636 4916 Οὐαὶ,
2696 4843 3255 4924 οὐαὶ,’”1εροσόλυμα.
3293 4872 3312 4906 ι
3363 4856 3468 4907 Δύο
3491 4858 3587 4909 καὶ
3620 4861 3736 4925 γὰρ

2151 4950 2257 5017 ἔτη
2310 4946 2828 5019 περικυκλωθέντες
2869 4948 2966 5001 καὶ
3017 4948 3403 5019 ἀπορήσαντες
3452 4953 3582 5014 τοὺς
3621 4951 3736 5015 ζω-

2153 5042 2359 5112 στῆρας
2390 5043 2485 5094 καὶ
2510 5043 2577 5095 τὰ
2608 5042 2856 5111 δέρματα
2876 5040 2986 5094 τῶν
3016 5041 3228 5110 θυρεῶν
3252 5043 3564 5111 ἐμασῶντο.
3587 5044 3736 5115 Γυνὴ

2148 5133 2204 5205 δέ
2240 5152 2321 5198 τις
2348 5134 2540 5205 Μαρία
2567 5135 2829 5204 τοῦνομα,
2859 5134 3092 5187 πλουσία
3120 5131 3254 5188 οὖσα
3287 5137 3513 5205 σφὸδρα,
3537 5140 3600 5188 ἐκ
3632 5137 3737 5206 τῆς

2149 5226 2333 5296 χώρας
2387 5227 2524 5295 πρὸς
2575 5228 2675 5298 τὴν
2706 5229 2865 5280 πόλιν
2922 5226 3167 5298 εἰσῆλθε,
3221 5230 3317 5282 καὶ
3350 5230 3416 5281 τὰ
3450 5230 3738 5298 προσόντα.

2149 5318 2286 5387 αὐτῇ
2324 5314 2682 5373 σκυλευθεῐσὰ
2715 5318 2823 5373 ὑπὸ
2874 5319 2971 5374 τοῦ
3006 5312 3140 5397 λαοῦ
3170 5322 3263 5374 καὶ
3301 5320 3376 5391 μὴ
3409 5320 3608 5390 ἔχουσα
3635 5321 3743 5393 ζῆ-

2154 5424 2266 5472 σαι,
2291 5408 2597 5477 ὑπομάζιον
2620 5410 2792 5480 αὐτῆς
2825 5412 2995 5465 παῖδα
3024 5412 3316 5482 ὀπτήσασα
3334 5412 3527 5481 ἔφαγε.
3553 5413 3741 5468 Τοῦτο

2148 5498 2242 5552 οῦν
2298 5500 2502 5563 ἰδόντες
2534 5499 2766 5573 ηὔχοντο
2795 5504 2983 5572 τάχιον
3008 5503 3326 5560 ἀποθανεῖν.
3378 5505 3490 5557 Καὶ
3528 5505 3739 5560 θύελλα

2147 5592 2269 5645 τότε
2298 5591 2551 5655 ἔπνευσε,
2586 5594 2679 5645 καὶ
2729 5593 2799 5645 τὰ
2829 5595 2929 5663 μὲν
2962 5593 3089 5665 βέλη
3121 5596 3229 5648 τῶν
3260 5596 3535 5665 πολεμίων
3564 5596 3736 5667 ὄρθια

2150 5684 2332 5752 ἔφερε,
2397 5685 2466 5737 τὰ
2503 5684 2559 5736 δὲ
2589 5684 2699 5737 τῶν
2753 5687 3028 5739 Ἰουδαίων
3094 5688 3322 5755 πλάγια,
3359 5688 3432 5750 ὼς
3472 5690 3733 5742 ἐντεῦθεν

2153 5779 2246 5829 κλει
2303 5779 2401 5848 τὴν
2448 5777 2715 5848 Ἱερεμίου
2770 5780 3112 5851 πρδφητείπν
3170 5780 3342 5851 πέρας
3391 5782 3579 5836 λαθεῖν
3628 5782 3733 5851 τὴν
