4054 6438
318 276 424 338 455

1601 282 1654 341 Μ
1664 282 2016 342 ICIIAELIS
2055 282 2315 342 GLYCI‘E

3474 279 3574 344 65.5

321 385 454 439 tidie
510 385 953 445 Christianorum
1016 392 1207 462 augeri
1269 406 1563 446 numerum
1617 400 1884 455 cerneret,

2001 390 2326 461 Χριστιανὸς
2358 390 2600 457 γεγονὼς
2639 382 2745 444 τῶν
2793 390 3080 462 προτέρων
3128 388 3578 459 inagis-apium:

318 477 603 548 Deumque
624 488 839 535 ostenta
863 491 919 535 et
948 481 1193 551 prodigia
1223 495 1322 551 per
1343 496 1438 536 eos
1458 479 1640 547 edere,
1672 478 1893 534 stimulo

320 573 563 637 quodam
616 572 780 627 animi
819 573 1061 642 percitus
1108 589 1166 626 se
1197 572 1524 641 Christianis
1556 574 1890 644 aggregavit.

320 662 451 717 Erat
497 672 678 718 autem
727 666 1037 735 astrologia:
1087 667 1472 735 peritissimus.
1538 664 1659 732 Quo
1690 667 1893 720 factum

323 765 383 809 ut
417 766 771 825 posteaquam
798 758 1238 818 Christianorum
1272 759 1535 829 religione
1568 759 1763 815 fuisset
1792 760 1897 812 im-

323 850 512 916 butus,
547 851 730 921 priora
763 852 942 907 studia
974 852 1231 908 deserere
1260 852 1461 906 nollet.
1511 849 1698 922 Itaque
1736 850 1899 906 Chri-

322 944 489 998 stiani
520 945 859 1011 sacerdotes,
891 944 985 1015 qui
1011 961 1138 1000 eum
1172 951 1292 1014 post
1335 944 1537 999 multas
1560 943 1898 999 admonitio-

321 1050 420 1089 nes
443 1036 511 1089 ab
539 1037 882 1107 astrologiae
911 1037 1213 1104 disciplina:
1248 1036 1431 1091 studio
1456 1036 1724 1091 desistere
1754 1035 1898 1090 nolle

320 1138 633 1193 cernerent,
672 1129 953 1185 hominem
987 1146 1016 1183 a
1040 1139 1187 1185 coetu
1221 1143 1378 1183 sacro
1402 1128 1721 1198 prohibent,
1752 1128 1895 1198 quod

320 1219 470 1274 hisce
494 1221 675 1290 pugnis
695 1221 908 1278 scilicet
928 1222 1103 1291 ipsum
1129 1223 1519 1277 emendatores
1538 1237 1595 1275 se
1617 1230 1896 1290 putarent.

320 1312 459 1366 Tum
490 1314 580 1367 ille
614 1316 849 1385 quadam
886 1316 1179 1371 iracundia
1205 1315 1378 1385 magis
1419 1315 1581 1369 etiam
1628 1329 1899 1370 accensus

318 1404 385 1457 ad
413 1403 732 1459 Judaeorum
778 1405 1096 1461 sacerdotes
1137 1420 1196 1460 se
1240 1404 1479 1470 confert,
1521 1419 1590 1460 ac
1617 1420 1714 1474 per
1737 1420 1900 1459 exse-

317 1499 624 1554 crationem
672 1497 1101 1555 Christianismo
1148 1498 1363 1567 cjurato
1412 1497 1893 1553 circumcislouem

323 1590 543 1658 recipit.
597 1589 782 1661 Atque
811 1590 915 1646 hac
945 1591 1060 1661 ipsa
1091 1592 1155 1643 de
1195 1603 1367 1643 causa
1390 1589 1631 1658 linguam
1664 1586 1897 1643 Hebrai—

2005 482 2172 536 αὐτοῦ
2208 481 2529 536 παύσασθαι
2565 482 2668 536 οὐκ
2708 481 2997 554 ἠθέλήσεν.
3026 480 3091 534 Οἱ
3123 479 3218 534 οὖν
3250 482 3415 552 ἱερεῖς
3471 482 3581 534 τῶν

2006 579 2351 649 Χριστιανῶν
2378 579 2454 642 ὡς
2482 579 2675 653 ἐώρων
2702 580 2866 633 αὑτὸν
2897 578 3039 650 μετὰ
3075 576 3282 641 πολλὰς
3316 576 3584 648 παραινέ-

2007 688 2123 736 σεις
2159 673 2253 726 τοῦ
2279 673 2741 745 ἀστρονομεῖσθαι
2770 675 2847 745 μὴ
2894 671 3342 744 παραιτούμενον
3374 674 3588 725 παύσα-

2007 764 2156 832 σθαι,
2189 765 2293 836 τῆς
2320 766 2620 835 ἐκκλησίας
2650 767 2843 838 πόρρω
2875 783 2977 819 που
3014 765 3294 836 βάλλουσι,
3322 765 3435 827 τοῖς
3464 765 3588 816 ἐπι-

2000 859 2205 928 τιμίοις
2243 860 2406 912 αὑτὸν
2440 859 2804 931 διορθωθῆναι
2841 859 3179 930 νομίζοντες.
3212 858 3379 912 ’Λλλα
3404 856 3583 924 θυμοῦ

2005 946 2208 1015 μᾶλλον
2268 948 2475 1012 ἐκεῖνος
2534 946 2790 1001 ἐντεῦθεν
2829 947 3098 1017 πλησθεὶς
3145 948 3260 1007 τοῖς
3313 944 3423 998 τῶν
3454 943 3589 995 ἰου-

1999 1038 2165 1091 δαίων
2202 1037 2412 1107 ἱερεῦσι
2466 1038 2858 1110 προσέρχεται,
2902 1040 2999 1093 καὶ
3028 1037 3120 1090 τὸν
3153 1035 3588 1108 Χριστιανισμὸν

2001 1131 2413 1198 ἀναθεματίσας
2470 1132 2782 1204 περιτομὴν
2841 1131 3226 1202 καταδέχεται.
3286 1131 3470 1200 Ταύτῃ
3503 1144 3587 1181 τοι

2002 1218 2097 1270 καὶ
2145 1219 2247 1289 τὴν
2293 1218 2556 1290 Ἐὅραῖδα
2591 1219 2841 1289 γλῶτταν
2869 1218 3261 1280 ἐκπαιδευθεὶς
3322 1218 3588 1286 δευτέραν

2000 1312 2217 1365 ἔκδοσιν
2248 1311 2359 1365 τῶν
2412 1312 2649 1385 Γραφῶν
2674 1312 3003 1382 ἐποιήσατο,
3035 1310 3134 1374 τὰς
3183 1310 3315 1381 περὶ
3346 1307 3585 1379 Χριστοῦ

2001 1405 2311 1477 μαρτυρίας
2361 1405 2703 1476 ἐπικαλύψαι
2732 1406 2918 1460 τέλεον
2942 1403 3359 1475 μηχανώμενος.
3394 1401 3583 1470 ’Ἔχεις

2001 1498 2114 1552 ἰδοὺ
2134 1498 2231 1552 καὶ
2263 1498 2366 1572 τὴν
2389 1498 2597 1565 αἰτίαν,
2623 1497 2904 1569 ἀγαπητέ,
2926 1496 2997 1550 δι’
3025 1497 3094 1568 ἣν
3121 1497 3152 1549 ὁ
3170 1492 3412 1557 Ἀκύλας
3437 1492 3581 1545 ἐκεῖ·

1998 1608 2087 1654 νος
2114 1591 2372 1647 ἐνόθευσε
2399 1594 2500 1657 τὰς
2522 1592 2775 1665 Γραφάς.

321 1699 441 1737 eam
472 1684 705 1739 edoctus
775 1701 971 1741 novam
1020 1683 1315 1756 quamdam
1402 1698 1688 1739 sacrarum
1740 1684 2077 1742 Litterarum
2110 1688 2628 1760 interpretationem
2692 1690 2958 1755 instituit,
2989 1686 3305 1745 testimonia
3323 1684 3392 1741 de
3413 1682 3575 1740 Chri-

318 1788 403 1831 sto
434 1791 663 1846 prorsus
685 1776 991 1832 obscurare
1025 1794 1091 1833 ac
1119 1786 1305 1848 tegere
1333 1790 1553 1832 summo
1579 1775 1762 1831 studio
1784 1788 2039 1833 conatus.
2093 1780 2237 1837 Hine
2277 1781 2611 1854 intelligere,
2654 1783 2855 1840 dilecte
2914 1783 3013 1853 ﬁli,
3035 1792 3191 1856 potes
3217 1782 3580 1856 quamobrem

317 1873 422 1928 iste
452 1870 648 1942 Aquila
678 1869 896 1925 divinas
922 1868 1160 1925 Litteras
1194 1866 1565 1923 adulterando
1584 1867 1742 1938 quasi
1777 1871 2115 1940 corruperit.

381 1965 514 2021 Post
543 1965 849 2020 Adrianum
878 1966 1187 2031 Antonius,
1243 1973 1614 2033 cognomento
1648 1962 1781 2019 Pius
1820 1964 1884 2020 oh

2067 1968 2224 2023 Μετὰ
2242 1968 2300 2023 δὲ
2327 1970 2611 2041 Ἀδριανδν
2638 1972 2981 2039 Ἀντωνῖνος,
3011 1975 3039 2028 ὁ
3071 1972 3161 2027 διὰ
3191 1970 3428 2045 χρηστὸν
3453 1970 3586 2041 τρο-

312 2074 529 2115 morum
580 2058 1001 2129 benignitatem,
1058 2070 1235 2111 annos
1288 2056 1361 2111 22
1416 2057 1741 2127 imperavit;
1790 2056 1894 2111 sub

312 2168 422 2222 quo
474 2150 730 2207 Justinus
767 2150 1135 2221 philosophus
1184 2161 1242 2204 et
1295 2149 1587 2220 Dionysius
1638 2148 1891 2204 Corinthi

317 2245 570 2312 antistes,
599 2253 661 2299 ut
691 2244 959 2300 doctrina:
985 2244 1311 2299 Christianae
1340 2245 1659 2299 testimonio
1685 2253 1894 2312 essent,

315 2340 478 2393 vitam
505 2337 836 2393 amiserunt.
871 2335 1154 2393 Successit
1184 2337 1317 2392 huic
1347 2336 1561 2393 Marcus
1598 2337 1890 2403 Antonius,

311 2428 406 2498 qui
438 2429 650 2498 collega
681 2426 890 2483 Severo
919 2442 1125 2499 genero
1165 2443 1269 2484 suo
1318 2429 1386 2484 19
1424 2444 1603 2484 annos
1642 2429 1893 2500 impera-

311 2520 410 2574 vit.
449 2518 585 2590 Ejus
613 2518 846 2588 imperio
875 2517 1027 2589 ignis
1050 2528 1384 2589 conspectus
1416 2526 1520 2583 est,
1557 2519 1651 2589 qui
1682 2533 1713 2574 e
1752 2519 1892 2574 coelo

307 2608 686 2665 delaberetur.
745 2605 879 2661 Erat
902 2608 1206 2679 imperatur
1236 2608 1451 2664 Marcus
1478 2610 1762 2680 sapientiae
1793 2611 1893 2665 do-

304 2694 723 2771 ctrinarumque
753 2699 957 2756 studiis
991 2701 1323 2764 innutritus,
1360 2702 1597 2773 ideoque
1634 2703 1889 2761 homines

304 2796 574 2867 sapientia
601 2795 1025 2862 litterarumque
1066 2795 1383 2865 cognitione
1410 2797 1675 2866 praeditos
1690 2812 1889 2868 magno

304 2889 540 2944 habebat
574 2888 625 2941 in
658 2888 857 2958 pretio.
908 2887 1042 2942 Cum
1082 2888 1335 2944 hostibus
1364 2890 1662 2959 aliquando
1700 2892 1889 2961 ingru-

301 2983 526 3037 cutibus
558 2984 625 3035 ad
650 2981 1118 3036 conscribendum
1160 2984 1391 3038 militem
1419 2984 1684 3053 pecunias
1707 2987 1887 3040 nullas

302 3079 552 3142 haberet,
610 3078 1031 3147 supellectilem,
1096 3089 1155 3133 ut
1203 3080 1384 3143 aiunt,
1446 3091 1884 3150 ornamentaque

302 3169 660 3239 imperatoria
706 3171 760 3224 in
824 3170 943 3225 foro
974 3171 1284 3240 proposuit,
1326 3186 1535 3241 perque
1577 3188 1882 3242 praeconem

300 3261 627 3331 proclamari
655 3261 823 3332 jussit
855 3273 913 3316 ut
947 3262 1265 3332 quicunque
1291 3262 1472 3329 vellet,
1509 3264 1645 3319 citra
1676 3276 1883 3320 metum

2000 2077 2101 2114 πον
2123 2061 2417 2133 λεγόμενος
2444 2063 2812 2137 εὐσεϐὴς,ἐτη
2842 2062 2923 2135 κβ¹
2957 2064 3095 2136 (66),
3119 2056 3294 2133 ἐφ”οὖ
3326 2063 3421 2117 καὶ
3450 2059 3581 2115 Ἰουο

2000 2155 2177 2216 στῖνος
2194 2154 2223 2207 ὁ
2256 2153 2551 2223 φιλόσοφος
2574 2156 2670 2208 καὶ
2690 2155 2972 2219 Διονύσιος
2994 2155 3023 2208 ὀ
3043 2155 3354 2216 ἐπίσκοπος
3379 2151 3586 2224 Κορίν-

2000 2245 2093 2298 θου
2116 2245 2177 2298 τὸ
2205 2245 2296 2300 διὰ
2327 2246 2634 2317 μαρτυρίου
2664 2247 2817 2309 τέλος
2864 2244 3138 2313 ἐδέξαντο.
3199 2244 3357 2299 Μετὰ
3380 2243 3439 2295 δὲ
3463 2240 3589 2295 τοῦ-ν

1996 2354 2089 2391 τον
2135 2337 2362 2409 Μάρκος
2398 2339 2428 2392 ὁ
2487 2340 2805 2403 Ἀντωνῖνος
2840 2338 2981 2409 μετὰ
3025 2336 3272 2408 Σεσήρου
3323 2331 3577 2406 γαμὸροῦ

1996 2427 2092 2499 ἔτη
2146 2429 2237 2496 ιϐ’,
2290 2428 2379 2496 ἐφ’
2437 2421 2500 2482 οὗ
2546 2428 2659 2500 πῦρ
2689 2428 2748 2493 ἐξ
2790 2426 3024 2501 ούρανοῦ
3058 2424 3366 2499 φερόμενον
3395 2422 3579 2494 ὤφθη.

1996 2514 2166 2585 Οὗτος
2229 2523 2258 2575 ὁ
2297 2521 2520 2593 Μάρκος
2570 2521 2736 2591 σοφίᾳ
2787 2522 2883 2575 καὶ
2914 2520 3098 2590 λόγοις
3137 2518 3587 2591 ἐντεθραμμένος

1993 2614 2122 2678 τοὺς
2154 2614 2426 2686 μετόχους
2461 2615 2656 2685 σοφίας
2682 2616 2783 2668 καὶ
2822 2612 3082 2684 γνώσεως
3119 2614 3206 2667 διὰ
3237 2612 3408 2684 τιμῆς
3435 2607 3580 2683 εἶχεν

1992 2708 2073 2761 ὅτι
2106 2707 2335 2779 πολλῆς.
2390 2700 2565 2773 Οὗτος
2616 2710 3001 2780 περιστάντων
3036 2706 3202 2761 αὐτόν
3248 2723 3381 2760 ποτε
3418 2707 3578 2759 πολε-

1997 2798 2159 2869 μίων,
2191 2798 2385 2871 ἐπειδὴ
2416 2801 2723 2870 χρημάτων
2756 2800 3057 2864 ἐσπάνιζεν
3099 2798 3182 2860 εἰς
3224 2798 3285 2851 τὸ
3327 2795 3589 2861 συλλέξαι-

1995 2893 2250 2962 στρατὺν,
2288 2893 2381 2945 τὸν
2431 2892 2660 2960 κὸτμον,
2716 2892 2794 2955 ὡς
2836 2894 2992 2961 φασὶ,
3052 2891 3143 2944 τὸν
3203 2890 3479 2961 βασίλειον
3503 2893 3581 2952 εἰς

1991 2983 2204 3052 ἀγορὰν
2233 2981 2525 3051 προέθετο,
2551 2981 2799 3051 κηρύξας
2837 2982 3228 3044 ἀνυποστόλως
3261 2983 3358 3037 τὸν
3389 2980 3581 3052 βουλό-

1993 3092 2154 3145 μενον
2184 3073 2501 3139 ἐξωνεῖσθαι
2526 3073 2709 3137 λίθους
2739 3075 3063 3147 μαργάρους
3084 3076 3178 3128 καὶ
3206 3074 3309 3127 ὅσα
3330 3073 3574 3128 τοιαῦτα.

1989 3169 2204 3220 Γίνεται
2234 3166 2411 3220 ταῦτα
2434 3181 2446 3193 ·
2475 3168 2713 3237 συνῆκτο
2745 3169 3029 3240 χρήματα.
3063 3167 3364 3238 Σκορπίζει
3401 3165 3575 3220 ταῦτα

1989 3260 2065 3329 τῷ
2101 3259 2342 3330 στρατῷ,
2377 3261 2527 3331 ὁρμᾷ
2578 3260 2721 3313 κατά
2751 3261 2861 3314 τῶν
2916 3260 3201 3327 ἐναντίων,
3250 3260 3575 3332 τροποῦται,

305 3355 477 3409 ullum
534 3370 801 3426 gemmas,
861 3356 1095 3409 uniones
1128 3356 1342 3425 aliaque
1396 3356 1523 3411 talia
1582 3369 1881 3414 coemeret.

1992 3355 2261 3419 σκυλεύει,
2295 3356 2526 3426 νικητὴς
2555 3356 2921 3428 ὑποστρέφει.
2981 3356 3180 3428 Τίθησι
3209 3356 3402 3409 λοιπὸν
3435 3356 3576 3427 χρή-

302 3450 420 3502 Hoc
468 3448 614 3502 facto
669 3449 815 3519 large
857 3450 1096 3519 pretium
1136 3450 1334 3503 harum
1371 3466 1556 3505 rerum
1592 3452 1645 3505 in
1679 3453 1883 3507 milites

299 3550 511 3611 erogat,
546 3542 600 3596 in
632 3542 847 3596 hostem
880 3542 1082 3613 pergit,
1135 3558 1259 3596 eum
1297 3542 1350 3596 in
1398 3542 1578 3613 fugam
1632 3545 1878 3613 conjicit,

301 3636 493 3705 spoliis
516 3635 750 3706 potitur.
798 3637 977 3690 victor
1013 3637 1335 3701 revertitur,
1392 3636 1521 3690 inde
1550 3637 1814 3706 pecunias
1848 3652 1878 3690 e

1987 3464 2133 3507 ματα
2162 3450 2227 3518 τῇ
2264 3446 2461 3519 ἀγορᾷ.
2506 3449 2665 3513 Τίνος
2720 3466 2923 3516 νεκεν;
2975 3450 3139 3503 Ὥστε
3173 3452 3266 3504 καὶ
3295 3449 3460 3502 πάλιν
3482 3448 3575 3499 τὸν

1983 3539 2208 3592 θέλοντα
2238 3539 2307 3594 τὰ
2348 3541 2693 3612 ἐξωνηθέντα
2729 3542 2931 3597 διδόναι
2967 3545 3063 3597 καὶ
3108 3546 3169 3597 τὸ
3198 3544 3421 3613 τίμημα
3473 3542 3588 3603 λα-,

1981 3634 2121 3686 δεῖν.

300 3729 483 3798 prmda
515 3740 701 3799 partas
734 3729 787 3782 in
829 3728 950 3783 foro
981 3728 1205 3798 publice
1257 3728 1507 3799 deponit.
1542 3729 1913 3795 Quamobrem
1956 3726 2135 3782 istuc?
2189 3728 2257 3783 Ut
2302 3746 2545 3796 rursum,
2582 3733 2675 3800 qui
2718 3746 2849 3787 sane
2915 3733 3104 3796 vellet,
3140 3740 3363 3802 accepto
3398 3731 3574 3802 pretio

295 3837 550 3896 coempto
586 3828 925 3881 restitueret.

364 3924 497 3978 Post
522 3922 764 3977 Marcum
802 3924 945 3977 Iilius
975 3924 1094 3994 ejus
1122 3923 1460 3981 Commodes
1487 3926 1553 3980 l9.
1589 3926 1749 3982 annis
1773 3926 1876 3981 im-

292 4016 449 4086 perio
474 4014 715 4083 praefuit.
749 4012 799 4067 Is
820 4013 1147 4069 mulieribus
1173 4025 1228 4069 et
1264 4016 1446 4071 mimis
1472 4017 1524 4069 in
1552 4016 1874 4086 quotidiana

293 4107 695 4163 consuetudine
746 4106 1145 4177 delectabatur.
1208 4107 1475 4163 Homines
1515 4116 1771 4177 potentes
1820 4118 1875 4162 et

297 4203 545 4256 illustres
583 4200 769 4271 gladio
827 4215 1120 4268 percussos
1152 4216 1183 4256 c
1227 4202 1410 4257 medio
1439 4202 1681 4256 tollebat.
1744 4201 1876 4268 Quae

293 4309 461 4349 causa
513 4293 616 4348 fuit
646 4302 706 4347 ut
754 4293 972 4348 tandem
1022 4309 1235 4348 veneno
1284 4295 1754 4363 exstingueretur.
1817 4295 1875 4348 lu

293 4386 591 4441 muliebres
619 4384 878 4440 libidines
924 4385 1216 4441 occasione
1270 4386 1504 4455 quadam
1562 4384 1878 4456 hujusmodi

290 4479 514 4534 exarsit.
557 4477 778 4533 Morbus
809 4477 1031 4549 quidam
1071 4478 1126 4532 id
1165 4478 1432 4548 temporis
1460 4479 1688 4532 omnino
1708 4477 1880 4548 pesti-

294 4573 413 4625 lens
439 4571 493 4624 in
534 4569 672 4625 urbe
702 4578 1072 4641 grassabatur.
1110 4568 1296 4639 Itaque
1327 4571 1536 4625 veritus
1569 4569 1876 4641 imperator

291 4679 361 4717 ne
394 4673 448 4718 et
475 4665 588 4733 ipse
618 4674 909 4734 correptus
934 4664 1041 4719 hoc
1068 4662 1278 4717 exitiali
1303 4664 1496 4718 morbo
1517 4664 1747 4733 periret,
1775 4679 1878 4718 un-

290 4757 507 4826 guentis
541 4758 723 4826 magni
759 4758 921 4826 pretii
964 4770 1128 4825 supra
1163 4757 1391 4810 modum
1422 4757 1499 4809 uti
1534 4756 1724 4825 cmpit.
1759 4756 1876 4810 Hoc

2054 3926 2211 3980 Μετὰ
2233 3925 2422 3979 τοῦτον
2457 3923 2742 3996 Κόμμοδος
2765 3925 2792 3977 ὁ
2813 3925 2930 3987 υἱὸς
2959 3924 3130 3979 αὐτοῦ
3154 3926 3251 3998 ἐτη
3279 3926 3368 3999 ιβ’.
3407 3922 3576 3993 Οὗτος

1983 4016 2203 4087 γυναιξὶ
2239 4016 2338 4087 μὲν
2386 4018 2483 4072 καὶ
2541 4017 2730 4087 μίμοις
2785 4017 3097 4088 συνέχαιρε,
3133 4020 3261 4081 τοὺς
3309 4021 3575 4085 δυνατοὺς

1984 4108 2079 4161 καὶ
2109 4105 2449 4178 προῦχοντας
2474 4107 2561 4160 διὰ
2596 4107 2784 4175 ξίφους
2827 4108 3116 4173 ἐθανάτου,
3163 4109 3251 4181 ἐφ’
3292 4105 3335 4179 ᾧ
3367 4114 3462 4164 καὶ
3488 4112 3575 4164 διὰ

1978 4200 2279 4277 Δφαρμάκου
2329 4200 2428 4270 τῆς
2482 4200 2628 4270 ζωῆς
2682 4200 2955 4269 ἐξίστατο.
3000 4195 3169 4263 Οὗτος
3199 4203 3228 4253 ὁ
3279 4203 3573 4274 Κόμμοδος

1986 4294 2305 4366 θηλυμανὴς
2331 4294 2551 4363 ἐγένετο
2574 4296 2761 4365 τρόπῳ
2790 4295 3045 4365 τοιούτῳ.
3077 4296 3215 4349 Κατ’
3246 4280 3427 4350 ἐκεῖνο
3454 4317 3575 4351 και-

1987 4388 2086 4457 ροῦ
2118 4386 2335 4458 νόσημα
2365 4389 2433 4458 τῇ
2471 4387 2628 4439 πόλει
2658 4385 2924 4455 λοιμῶδες
2954 4385 3267 4457 ἐπέσκηψε.
3306 4388 3575 4458 Πτοηθεὶς

1987 4481 2083 4535 οὖν
2122 4482 2197 4551 μή
2229 4497 2362 4533 ποτε
2393 4480 2489 4534 καὶ
2533 4481 2697 4542 αὐτὸς
2743 4480 2821 4549 τῷ
2853 4478 3083 4550 τοιούτῳ
3111 4479 3425 4550 φθοροποιῷ
3456 4483 3573 4534 δια-

1982 4573 2218 4642 φθαρείη
2269 4575 2563 4642 νοσήματι,
2621 4571 2821 4641 μύροις
2881 4570 3279 4640 πολυτιμήτοις
3311 4573 3575 4642 κατεχρί-

1982 4681 2133 4717 σατο.
2192 4666 2299 4718 Καὶ
2358 4664 2459 4736 τὴν
2511 4666 2610 4735 μὲν
2674 4664 2783 4717 ἀπὸ
2841 4662 2935 4715 τοῦ
2993 4666 3303 4733 νοσήματος
3360 4664 3572 4735 βλάόην

1978 4756 2265 4827 ἐξέφυγεν,
2314 4759 2457 4813 ἀλλὰ
2506 4757 2842 4828 κατωφερὴς
2876 4756 3135 4811 ἐντεῦθεν
3164 4759 3244 4821 είς
3277 4756 3571 4828 ἀφροδίσια

291 4846 454 4901 modo
482 4846 644 4917 242
678 4859 1010 4903 consecutus
1052 4848 1143 4902 ille
1183 4847 1408 4917 quidem
1437 4842 1539 4902 ἐει
1584 4856 1645 4901 ut
1691 4848 1884 4921 morbi

1992 4851 2190 4919 γέγονε.

289 4942 399 4993 vim
440 4940 656 4992 noxiam
707 4940 999 5010 effugeret,
1046 4954 1241 4993 verum
1268 4954 1335 4994 ex
1364 4953 1431 4993 eo
1462 4948 1710 5009 tempore
1743 4954 1869 5009 pro—

289 5034 484 5086 clivior
516 5036 581 5086 ad
633 5048 719 5087 res
753 5045 1022 5087 venercas
1052 5042 1195 5086 erat.

360 5128 487 5183 Post
511 5129 664 5183 hunc
688 5129 948 5182 Pertinax
974 5140 1195 5182 menses
1218 5124 1356 5180 duos
1385 5124 1696 5195 imperavit.
1728 5124 1870 5178 Eum

286 5228 510 5274 secutus
536 5220 591 5273 in
618 5217 851 5288 imperio
873 5215 1113 5271 Severus
1128 5216 1366 5286 idipsum
1390 5215 1550 5269 annis
1574 5215 1640 5267 i7
1666 5214 1870 5270 tenuit.

359 5362 471 5435 (66)
503 5362 789 5435 Ἐτη-κϐν.
827 5359 933 5416 JM.
974 5359 1402 5435 Antoninoj’io
1433 5375 1611 5415 annos
1765 5360 1862 5415 lri-

283 5429 405 5489 buit
434 5429 599 5488 etiam
630 5429 934 5494 Manasses,
974 5431 1120 5485 Fami
1145 5432 1238 5497 25,
1272 5432 1557 5485 Ccdrcnus
1590 5442 1644 5484 ct
1680 5429 1859 5485 Zona-

286 5522 372 5559 ras
408 5505 499 5569 Μ,
559 5504 859 5559 Chronicon
912 5502 1345 5555 Alexandrinum
1402 5503 1492 5555 ‘2l.
1566 5503 1860 5570 imperavit

284 5577 511 5629 omnino
542 5576 699 5629 annis
731 5574 819 5638 “22,
852 5590 976 5627 cum
1007 5573 1258 5638 dimidio,
1319 5576 1388 5625 ab
1434 5589 1579 5627 anno
1640 5573 1743 5627 158
1793 5580 1858 5641 ad

284 5661 488 5698 annum
552 5647 672 5698 161.
723 5646 828 5711 Qui
891 5648 1094 5699 dicitur
1138 5643 1748 5711 GraeciSquibusdam,
1801 5659 1863 5698 ac

282 5718 605 5786 nominatim
645 5715 829 5786 Glyca:
852 5727 1097 5786 nostro,
1152 5714 1418 5785 Σέόηρος,
1483 5716 1604 5770 aliis
1663 5715 1865 5771 dicitur

281 5785 519 5855 υύἧρος,
552 5795 606 5841 et
638 5785 802 5858 vulgo
832 5787 1031 5844 Lucius
1060 5785 1255 5843 Verus.

2046 5123 2204 5178 Μετὰ
2262 5123 2453 5177 τοῦτον
2510 5124 2786 5195 Περτίναξ
2845 5124 3024 5194 μῆνας
3057 5122 3124 5195 β’.
3165 5127 3322 5179 Μετὰ
3379 5125 3558 5180 τοῦτον

1977 5216 2217 5286 Σεὸῆρος
2250 5215 2360 5287 (b7)
2395 5214 2494 5286 ἔτη
2543 5216 2627 5282 ιζ’,
2660 5218 2745 5286 ἐφ’
2773 5208 2834 5270 οὗ
2867 5216 3102 5288 Κλήμης
3141 5219 3169 5269 ὁ
3198 5218 3557 5290 Στρωματεὺς

2004 5435 2013 5445 ⁸
2042 5364 2156 5437 (67)
2189 5362 2293 5418 JM.
2326 5364 2425 5420 llic
2455 5366 2663 5421 omittit
2689 5365 2902 5445 Didium
2936 5364 3223 5445 Iulianum
3263 5370 3364 5445 qui
3390 5370 3563 5445 impe-

1972 5438 2113 5488 rium
2144 5444 2378 5510 septem,
2414 5453 2635 5510 menses
2693 5441 2907 5492 tenuit:
2947 5440 3044 5493 sed
3083 5438 3297 5493 librarii
3345 5441 3560 5510 culpam

1972 5520 2197 5581 censeo,
2231 5506 2409 5581 inquit
2440 5525 2453 5561 :
2486 5509 2632 5577 quod
2668 5523 2799 5581 vero
2823 5511 3050 5577 subjicit
3115 5526 3293 5579 neque
3341 5506 3559 5581 Glycam

1972 5575 2113 5629 llidii
2152 5576 2316 5649 hujus
2342 5575 2688 5646 meminisse,
2715 5580 2898 5634 mirari
2922 5575 3167 5649 profecto
3203 5575 3439 5635 'desine't
3469 5580 3560 5649 qui

1972 5648 2381 5720 noverituuum
2434 5651 2803 5719 eumdemque
2848 5648 2970 5706 esSe
3017 5651 3243 5720 Glycam
3294 5668 3418 5706 cum
3458 5648 3579 5703 suo-

1973 5718 2066 5771 illo
2097 5717 2389 5792 Theodoro
2422 5717 2740 5792 llletochita.
2781 5723 2856 5778 De
2882 5717 3147 5792 Zeuxip'pi
3198 5722 3397 5781 balneo
3456 5740 3558 5777 no-

1975 5797 2087 5843 tum
2112 5805 2176 5844 ex
2204 5789 2447 5847 Historia
2485 5790 2617 5860 οιι,
2646 5792 2835 5861 Suida,
2863 5789 3072 5849 Codino
3095 5789 3203 5850 etc.
