4054 6452
541 461 643 524 4ἶι7

1773 483 2178 544 ANNALIUM
2228 478 2417 548 intus
2466 495 2573 553 ιιι.

3678 500 3782 564 458

541 578 632 629 καὶ
663 578 964 649 Σύμμαχος
1022 586 1113 638 καὶ
1142 581 1445 656 Ὠριγένης.
1482 582 1650 651 Οὗτος
1696 593 1755 644 τὸ
1807 594 2115 659 Ζεύξιππον

2228 606 2419 658 Visere
2453 606 2555 658 sub
2586 607 2687 659 hoc
2719 610 2997 676 Clemens,
3035 611 3126 679 qni
3161 626 3189 663 a
3221 612 3487 663 librorum
3528 612 3790 669 var'elate

514 672 765 738 -λουτρὸν
786 672 1001 725 ἔκτισεν
1032 677 1090 727 ἐν
1111 677 1417 749 Βυζαντίῳ,
1447 685 1543 736 καὶ
1572 685 1633 736 τὸ
1661 684 1878 753 πρῶτον
1907 688 2115 756 κτίσμα

542 761 617 830 τῷ
671 762 1019 835 ἱπποδρομίῳ
1076 769 1418 838 παρέδωκεν.
1483 772 1544 827 '0
1590 775 1775 842 μέντοι
1833 777 2116 848 Ὠριγένης

543 855 810 923 ἀκμάζων
841 858 964 912 τότε
999 862 1112 923 τοῖς
1136 862 1301 927 θείοις
1333 865 1517 933 λόγοις
1550 868 1779 933 πολλοὺς
1814 871 2118 941 ἐχειραγώ-

542 963 629 1012 γει
665 949 803 1018 πρὸς
851 951 950 1021 τὴν
993 955 1277 1023 ἀλήθειαν,
1336 960 1568 1020 πιστούς
1596 978 1654 1012 τε
1687 962 1783 1014 καὶ
1809 962 2114 1026 ἀπίστουςο

542 1039 635 1108 ἀφ’
656 1033 731 1092 ὧν
760 1042 858 1095 καὶ
884 1040 1211 1113 Ἀμόρόσιός
1242 1064 1326 1109 τις
1355 1048 1494 1118 ἀνὴρ
1542 1051 1814 1122 ἐπίσημος
1846 1054 1940 1105 καὶ
1971 1055 2116 1122 φιλο-

543 1131 696 1196 λόγος
724 1135 790 1186 ὲκ
822 1137 922 1204 τῆς
957 1136 1314 1192 Οὐαλεντίνου
1375 1142 1645 1213 αἱρέσεως
1690 1145 1913 1208 ἐκστάς.
1957 1146 2118 1202 ’Δλλὰ

542 1223 633 1274 καὶ
664 1224 723 1276 ἐν
750 1227 861 1286 τοῖς
890 1225 1090 1291 ἔξωθεν
1139 1231 1317 1300 μέγας
1364 1235 1726 1305 ἐγνωρίζζετο.⁴
1773 1241 2120 1309 γεωμετρίας

542 1317 637 1370 καὶ
671 1319 739 1373 τὰ
767 1319 930 1387 λοιπᾷ
965 1324 1299 1393 παραδιδοὺς
1326 1330 1510 1392 αὐτοῖς
1533 1347 1546 1361 ·
1572 1333 1785 1403 εὐφυὴς
1812 1335 1925 1406 γάρ
1954 1331 2023 1404 ἦν
2055 1339 2120 1391 ὲκ

542 1409 800 1481 βρέφους.
860 1414 954 1467 καὶ
1009 1417 1355 1489 ἐπέπληττεν
1384 1421 1551 1475 αὑτὸν
1579 1425 1607 1476 ὀ
1639 1425 1826 1496 πατὴρ
1876 1427 1953 1490 ὡς
1985 1429 2121 1498 παρ’

542 1504 760 1573 ἠλικίαν
789 1507 859 1558 τὰ
893 1508 1013 1561 θεῖα
1040 1511 1135 1563 καὶ
1168 1512 1385 1580 μεγάλα
1429 1513 1723 1583 ζητοῦντα.
1757 1519 2031 1583 Πολλάκις
2063 1520 2121 1574 δὲ

542 1605 637 1654 καὶ
673 1602 1027 1666 καθεύδοντος
1074 1607 1242 1660 αὐτοῦ
1273 1608 1341 1661 τὰ
1372 1609 1571 1680 στέρνα
1625 1611 1719 1664 τοῦ
1745 1613 2060 1684 Ὠριγένους
2093 1618 2122 1670 ὁ

544 1691 725 1763 πατὴρ
771 1696 1055 1764 κατεφίλει
1095 1698 1173 1761 ὡς
1226 1700 1375 1752 θείου
1415 1701 1736 1772 Πνεύματος
1792 1705 1991 1773 μεστὰ,
2023 1707 2122 1761 καὶ

542 1783 640 1851 τῆς
658 1785 949 1861 εὐτεκνίας
982 1788 1176 1843 ἑαυτὸν
1204 1792 1515 1863 ἐμακάριζε
1537 1809 1553 1825 ·
1592 1794 1738 1859 θεῖος
1768 1797 1934 1867 γὰρςὸ
1959 1798 2118 1869 ἀνὴρ,

544 1876 733 1946 ἐπειδὴ
769 1883 862 1933 καὶ
894 1881 1108 1950 μάρτυς
1144 1884 1389 1953 γέγονεν.
1427 1886 1491 1941 ’0
1516 1887 1573 1941 δὲ
1605 1889 1896 1959 Ὤριγένης
1934 1891 2122 1944 τοσοῦ-

545 1984 639 2022 τον
667 1966 734 2038 ἦν
775 1973 1051 2043 ἐγκρατὴς
1073 1975 1148 2038 ὡς
1176 1977 1382 2043 ὀϐολοῖς
1413 1978 1678 2051 τέσσαρσι
1723 1983 1847 2036 καθ’
1877 1983 2121 2054 ἑκάστην

545 2065 856 2135 ἀρκεῖσθαι,
891 2069 1035 2122 οῐνου
1071 2072 1168 2124 καὶ
1198 2071 1380 2126 ἐλαίου
1423 2074 1790 2146 ἀπεχόμενος,
1818 2079 2123 2146 κατεσκλη-

546 2159 657 2222 κώς
687 2177 747 2215 τε
778 2156 845 2231 ἦν
882 2162 977 2215 καὶ
1004 2162 1209 2236 ψιαθίῳ
1243 2166 1523 2236 κείμενος,
1560 2168 1620 2222 ἐν
1644 2170 1809 2241 ἔργον
1838 2171 1980 2241 ἔχων
2021 2172 2122 2242 τὴν

544 2250 694 2305 θείαν
742 2253 1000 2325 μελέτην.
1046 2256 1167 2327 Ἐφ’
1199 2251 1243 2325 ᾧ
1293 2259 1391 2313 καὶ
1446 2262 1677 2326 πολλοὺς
1723 2263 1997 2335 Ἕλληνας
2025 2266 2121 2319 τοῦ

552 2345 853 2414 μαρτυρίου
918 2346 1187 2417 στέφανον
1242 2352 1621 2423 ἀναδήσασθαι
1671 2357 1998 2428 πεποίηκεν.
2060 2359 2122 2412 '0

546 2438 731 2504 μέντοι
783 2440 1112 2511 Ἀμϐρόσιος
1139 2439 1210 2498 τὰ
1263 2445 1400 2517 πρὸς
1449 2448 1657 2520 χρείαν
1690 2452 1840 2521 αὐτῷ
1868 2454 2125 2523 παρέχων

545 2534 603 2584 ἐν
650 2533 828 2587 ἔτεσιν
886 2533 954 2594 ιη’
1001 2536 1101 2606 τὴν
1137 2537 1363 2608 Γραφὴν
1403 2540 1750 2611 ἑρμηνεῦσαι
1814 2546 2122 2615 ἠνάγκασε.

542 2627 778 2691 Λέγεται
816 2627 872 2678 δὲ
899 2628 978 2681 ὅτι
1010 2631 1103 2681 καὶ
1130 2626 1199 2697 ,ς’
1228 2631 1446 2700 βίϐλους
1470 2636 1866 2707 συνεγράψατο.
1886 2637 2128 2712 Τελευτᾷ

542 2718 601 2771 δὲ
633 2718 772 2772 ἐτῶν
823 2718 922 2784 ἔθ’.
978 2722 1026 2774 εἰ
1054 2722 1151 2774 καὶ
1179 2722 1247 2776 δι’
1281 2725 1463 2778 αἰτίαν
1512 2727 1635 2781 τινὰ
1666 2728 1729 2781 τὸ
1760 2727 1922 2793 κλέος
1959 2729 2124 2783 αὑτοῦ

547 2810 712 2883 μέχρι
737 2811 926 2876 τέλους
965 2814 1026 2866 οὐ
1065 2814 1341 2885 διέμεινεν
1378 2817 1681 2872 ἄσϐεστον⁸
1733 2820 1793 2885 ἐξ
1820 2821 1986 2875 αὑτοῦ
2017 2822 2126 2894 γάρ

546 2903 642 2956 καὶ
685 2904 741 2957 Ἀ
755 2907 955 2975 ρεισινώ¹
1014 2907 1109 2961 καὶ
1152 2909 1422 2979 Ἀνόμοιοι
1479 2910 1577 2975 τὰς
1634 2912 1894 2983 ἀφορμὰς
1942 2913 2125 2984 ἔσχον.

546 2997 669 3052 Τῶν
693 2998 963 3065 σωμάτων
996 3000 1182 3054 ἀθετεῖ
1209 3003 1313 3071 τὴν
1333 3004 1670 3071 ἀνάστασιν*
1720 3006 1874 3071 τέλος
1912 3005 2127 3074 δοξάζει

548 3090 647 3158 τῆς
698 3091 972 3155 κολάσεως
1022 3095 1121 3147 καὶ
1175 3094 1285 3148 τῶν
1313 3097 1591 3168 δαιμόνων
1652 3099 2125 3171 ἀποκατάστασιν.

551 3178 831 3250 Τοσαύτην
873 3182 930 3234 δὲ
985 3184 1121 3252 μετὴ
1133 3201 1301 3255 ρχετο
1342 3186 1582 3257 ἄσκησιν
1610 3188 1689 3253 ὡς
1716 3190 1813 3257 καὶ⁵
1836 3189 1934 3244 τὸν
1960 3190 2126 3246 αὐτοῦ

2193 698 2567 754 'Stromatens
2593 704 2920 772 appellatur.
2946 715 3002 758 et
3025 706 3386 774 Symmachus
3410 715 3465 760 et
3501 706 3788 773 Origenes.

2219 790 2452 847 Severus
2481 793 2723 860 Byzantii
2756 796 3011 851 balneum
3059 798 3327 854 exstruxit
3375 801 3520 869 quod
3551 802 3789 870 Zeuxip-

2219 899 2348 953 pum
2392 898 2737 955 nuncupant,
2778 896 2835 945 et
2885 889 3098 943 circum
3159 902 3471 959 equestrem
3520 892 3793 945 aediﬁcare

2222 978 2410 1047 cmpit.
2474 978 2522 1035 is
2547 989 2753 1046 autem,
2789 985 2948 1052 cujus
2982 983 3147 1036 modo
3177 980 3510 1037 mentionem
3552 983 3793 1037 facieba-

2221 1080 2363 1136 mus,
2391 1069 2656 1141 Origenes
2696 1072 2752 1127 id
2787 1075 3049 1140 temporis
3078 1083 3300 1144 pmpter
3333 1076 3600 1129 doctrinae
3626 1092 3791 1135 sacrae

2217 1163 2586 1233 cognitionem
2617 1165 2799 1221 clarus
2826 1167 3138 1237 complures
3179 1175 3292 1220 tum
3338 1165 3523 1220 ﬁdeles
3558 1176 3672 1223 tmn
3709 1166 3793 1221 ιιι-

2222 1253 2409 1309 ﬁdeles
2436 1256 2503 1309 ad
2531 1256 2820 1312 veritatem
2862 1272 3024 1312 manu
3051 1257 3207 1326 quasi
3238 1256 3494 1311 ducebat.
3534 1259 3678 1311 inter
3699 1275 3795 1312 eos

2223 1346 2325 1401 fuit
2356 1338 2684 1405 Ambrosius
2731 1351 2979 1420 quidam.
3017 1353 3104 1406 vir
3144 1351 3377 1406 illustris
3406 1361 3463 1405 et
3491 1348 3796 1404 litterarum

2220 1438 2596 1511 doctrinaeque
2630 1445 2933 1508 studiosus,
2989 1445 3082 1514 qui
3109 1444 3230 1516 ejus
3261 1446 3589 1498 auctoritate
3619 1453 3801 1495 motus

2220 1542 2427 1588 sectam
2456 1532 2731 1589 Valentini
2769 1536 3017 1605 reliquit.
3049 1537 3197 1591 Idem
3228 1535 3493 1606 Origenes
3519 1535 3590 1590 ob
3614 1545 3796 1587 exter-

2221 1639 2321 1680 nas
2372 1625 2536 1680 etiam
2568 1624 2892 1696 disciplinas
2924 1641 3155 1696 magnus
3206 1626 3552 1692 habebatur,
3597 1637 3655 1680 ut
3705 1627 3798 1693 qui

2221 1715 2577 1786 geometriam
2606 1726 2864 1787 artesque
2892 1726 3124 1773 caeteras
3150 1716 3438 1786 discipulis
3466 1716 3581 1772 suis
3624 1717 3804 1769 trade-

2223 1819 2327 1865 ret.
2392 1809 2528 1864 Nam
2561 1810 2822 1880 praeclara
2880 1809 3061 1866 fuerat
3106 1826 3135 1865 a
3184 1810 3383 1881 primis
3426 1810 3585 1863 annis
3619 1807 3804 1862 indole

2223 1900 2510 1970 praeditus,
2539 1901 2765 1971 ipseque
2794 1910 2953 1971 pater
2997 1915 3125 1957 eum
3173 1915 3571 1970 nonnunquam
3619 1901 3805 1970 objur-

2225 1992 2371 2063 gavit
2405 1992 2575 2062 utqui
2603 2008 2766 2062 supra
2803 1993 3024 2047 modum
3054 1992 3230 2049 aetatis
3253 2008 3342 2048 res
3368 1992 3582 2046 divinas
3609 1999 3663 2045 et
3693 2006 3805 2045 ma.

2225 2099 2360 2157 gnas
2393 2085 2697 2157 indagaret.
2734 2086 2888 2157 Saepe
2919 2096 3100 2141 tamen
3124 2087 3243 2157 ipso
3272 2085 3582 2140 dormiente
3610 2095 3804 2154 pectus

2224 2176 2346 2245 ejus
2376 2176 2803 2232 exosculabatur
2847 2185 3009 2246 pater
3044 2187 3302 2247 tanquam
3337 2176 3515 2231 sancti
3562 2177 3804 2246 Spiritus

2228 2268 2473 2337 plenum,
2532 2283 2702 2337 seque
2759 2276 2984 2338 propter
3030 2269 3304 2338 egregiam
3364 2267 3529 2335 hanef
3555 2267 3799 2321 sobolem

2226 2360 2445 2414 beatum
2478 2358 2837 2429 praedicabat.
2884 2359 3017 2415 Erat
3049 2358 3194 2414 enim
3229 2357 3492 2413 Leontius
3530 2356 3692 2411 Pater
3719 2358 3806 2409 vir

2227 2450 2459 2504 ’omnino
2482 2448 2728 2512 divinus,
2760 2458 2820 2503 ut
2843 2449 2937 2520 qui
2975 2449 3133 2503 testis
3162 2448 3329 2503 etiam
3352 2447 3599 2503 veritatis
3628 2448 3805 2500 factus

2228 2540 2320 2594 sit.
2377 2540 2528 2594 Adeo
2574 2555 2707 2594 vero
2767 2547 3140 2609 temperanter
3182 2539 3470 2595 victitabat
3520 2538 3804 2605 Origenes,

2229 2640 2290 2685 ut
2324 2633 2379 2687 in
2410 2640 2689 2701 sumptum
2733 2632 3116 2703 quatidianum
3168 2638 3407 2701 quatuor
3443 2629 3621 2684 obolis
3674 2645 3797 2682 con-

2230 2731 2413 2778 tentus
2437 2732 2602 2778 esset.
2663 2724 2705 2778 A
2757 2724 2884 2779 vino
2940 2732 2996 2778 et
3038 2723 3161 2777 oleo
3205 2735 3432 2790 prorsus
3474 2720 3804 2775 abstinebat.

2227 2815 2444 2885 Corpus
2469 2816 2696 2870 omnino
2723 2824 2951 2886 propter
2982 2815 3201 2870 labores
3230 2829 3331 2867 exa
3344 2823 3549 2866 ruerat.
3602 2813 3657 2865 In
3689 2823 3803 2866 sto.-

2230 2926 2322 2966 rea
2350 2912 2608 2978 cubabat,
2643 2912 2737 2966 nni
2766 2911 2928 2965 modo
2963 2912 3043 2966 rei
3069 2911 3336 2973 intentus,
3369 2917 3429 2963 ut
3455 2907 3669 2961 divinas
3698 2906 3804 2961 sci-

2229 3000 2358 3055 licet
2391 3015 2480 3056 res
2517 3001 2901 3055 meditaretur.
2965 3003 3083 3066 Quo
3136 3002 3254 3069 ipso
3303 2999 3486 3054 cﬂ‘eeit
3540 3011 3599 3051 ut
3649 2997 3805 3050 multi

2229 3090 2403 3147 (ἔτιεοί
2464 3107 2668 3145 corona
2721 3091 3024 3145 testimonii
3083 3089 3461 3160 cingerentur.
3523 3087 3811 3142 Prmbcbal

2230 3186 2558 3239 Ambrosius
2591 3185 2640 3238 ei
2671 3196 2871 3238 cuneta
2910 3198 3031 3255 quae
3055 3182 3123 3237 ad
3167 3180 3315 3238 usus
3349 3179 3689 3237 necessarios
3721 3195 3807 3234 re-

555 3274 931 3346 ἁνατραπῆναι
974 3276 1224 3348 θώρακα.
1292 3283 1403 3335 Καὶ
1454 3255 1751 3353 φάρμακον
1790 3283 1848 3338 δὲ
1872 3283 2126 3355 λέγουσιν

2230 3277 2612 3349 quirerentur,
2647 3277 2879 3347 ideoque
2911 3275 3153 3347 perpulit
3177 3275 3453 3329 hominem
3486 3284 3543 3327 ut
3572 3274 3811 3328 Litteras

558 3363 821 3418 ἐπιθεῖναι
857 3369 969 3430 τοῖς
991 3371 1333 3438 γεννητικοῖς
1354 3369 1522 3423 αὐτοῦ
1555 3373 1768 3441 μορίοις
1788 3371 2128 3431 ὦστεζκατα-

555 3460 781 3528 ξηρᾶναι
814 3462 973 3526 αὐτὰ,
1017 3462 1111 3514 καὶ
1143 3461 1377 3533 βοτάνην
1430 3464 1489 3517 δὲ
1522 3466 1711 3534 εὑρεῖν
1757 3469 1984 3540 μνήμης
2011 3471 2129 3524 ἓνε-

556 3571 677 3607 κεν.-
727 3554 885 3607 Μετὰ
939 3553 1114 3615 ταῦτα
1147 3555 1330 3627 φθόνῳ
1377 3558 1693 3628 διαϐληθεὶς
1722 3562 1862 3631 πρός
1915 3578 1978 3631 γε
2005 3540 2132 3628 rei);

552 3648 651 3716 τῆς
670 3647 922 3712 ἐξουσίας
950 3647 1220 3718 ἄρχοντας
1248 3651 1541 3722 συνεργείᾳ
1591 3652 1863 3725 Σατανικῇ
1901 3655 2002 3725 τῆς
2042 3656 2132 3709 πί-

554 3755 725 3801 στεως
754 3740 1034 3806 ἐξίσταται
1058 3757 1073 3774 ο
1114 3742 1313 3795 ἁκεῖνοι
1343 3743 1449 3814 γὰρ
1495 3743 1598 3812 τὴν
1642 3745 1953 3815 προσοῦσαν
1982 3747 2133 3819 αὐτῷ

563 3830 929 3901 σωφροσύνην
949 3832 1149 3895 εἰδότες
1173 3832 1548 3903 προσάγουσιν
1575 3834 1726 3904 αὐτῷ
1763 3836 2132 3901 Αίθίοπα,καὶ

559 3922 590 3988 ἢ
623 3924 875 3976 πεὲθεται
899 3924 1014 3985 τοῖς
1064 3922 1246 3990 λόγοις
1276 3924 1502 3978 ἐκείνων
1535 3924 1568 3995 ἢ
1604 3923 1684 3996 τῷ
1711 3927 1931 3981 Αἰθίοπι
1964 3926 2135 3989 κατᾶ-

554 4014 861 4086 χραίνεται.
899 4013 1144 4078 Ἐκεῖνος
1183 4013 1277 4068 οὖν
1310 4016 1446 4085 μηδὲ
1474 4016 1669 4086 ἄκροις
1695 4018 1831 4074 ὠσὶν
1866 4021 2134 4092 ἀνεχόμε-

554 4125 642 4172 νος
666 4107 927 4174 τοιαύτην
955 4106 1195 4176 ἄθεσμον
1222 4107 1393 4179 ἀκοὴν
1417 4109 1799 4176 ὲνωτίσασθαι,
1830 4112 2132 4185 αὐτοχείρῳ

553 4199 718 4270 θυσίᾳ.
743 4199 836 4253 διὰ
866 4199 1166 4253 λιϐανωτοῦ
1226 4200 1576 4273 περιέπεσεν.
1613 4203 1780 4257 Ὅθεν
1830 4205 1933 4273 τὴν
1982 4207 2136 4260 Ἀλε-

555 4293 840 4363 ξάνδρειαν
873 4293 968 4346 τοῦ
1005 4292 1082 4364 μὴ
1105 4293 1462 4359 ὀνειδίζεσθαι
1496 4295 1660 4365 χάριν
1700 4297 2021 4354 καταλιπὼν
2053 4302 2133 4363 εἰς

565 4386 916 4457 Ἰεροσόλυμα
947 4386 1192 4456 ἔρχεται.
1219 4384 1360 4454 ’Ἐφ’
1408 4381 1455 4456 ᾧ
1494 4391 1590 4442 καὶ⁸
1647 4388 2020 4459 ἀναγκασθεὶς
2047 4392 2136 4446 ἐπ’

553 4477 852 4548 ἐκκλησίας
881 4476 1039 4544 λόγον
1076 4477 1258 4529 εἰπεῖν
1309 4476 1736 4547 (πρεσϐύτερος
1787 4482 1898 4551 γὰρ
1927 4476 2031 4553 ἦν)
2071 4483 2137 4534 ἐκ

2234 3384 2419 3425 sacras
2448 3383 2716 3422 annorum
2755 3368 2821 3422 18
2849 3365 3030 3437 spatio
3065 3366 3549 3434 interpretaretur.
3589 3361 3813 3415 Litteris

2233 3464 2400 3516 etiam
2433 3463 2815 3532 consignatum
2848 3461 3057 3516 scimus
3084 3458 3379 3529 Origenem
3418 3471 3515 3511 sex
3545 3456 3811 3510 librorum

2235 3554 2402 3608 millia
2434 3553 2846 3619 conscripsisse.
2905 3551 3156 3606 Mortuus
3206 3559 3291 3618 est
3332 3565 3476 3603 anno
3518 3549 3694 3602 aetatis
3722 3547 3810 3602 69.

2233 3646 2409 3702 Unam
2464 3652 2649 3699 tamen
2701 3645 2772 3699 ob
2818 3658 3041 3698 causam
3099 3643 3273 3712 ipsius
3320 3640 3490 3711 gloria
3531 3654 3702 3709 usque
3746 3638 3815 3691 ad

2235 3736 2399 3791 ﬁnem
2428 3750 2539 3791 non
2569 3735 2921 3806 perduravit;
2953 3749 3080 3789 natn
3115 3733 3302 3788 Ariani
3329 3741 3386 3787 et
3408 3730 3662 3787 Anontoei
3690 3745 3817 3785 sua-

2236 3845 2357 3887 rum
2375 3829 2667 3885 baeresium
2692 3829 3012 3885 occasiones
3052 3827 3123 3883 ab
3147 3827 3265 3896 ipso
3305 3825 3625 3880 hauserunt.
3667 3823 3815 3880 Prte-

2234 3933 2384 3978 terea
2419 3935 2715 3992 corporum
2746 3919 3141 3975 resurrectioni
3193 3917 3357 3973 ﬁdem
3387 3925 3569 3986 negat,
3606 3915 3815 3985 suppli-

2234 4014 2447 4071 ciorum
2477 4018 2641 4070 iinem
2678 4015 2938 4084 opinione
2970 4028 3068 4068 sua
3101 4011 3318 4078 statuit,
3345 4010 3535 4080 genios
3561 4009 3731 4064 malos
3758 4008 3812 4063 in

2237 4104 2514 4180 integrum
2543 4108 2864 4164 restitutum
2890 4109 2957 4162 iri
2991 4117 3203 4163 censet.
3256 4106 3480 4161 Interim
3519 4114 3668 4159 tanto
3700 4113 3817 4158 stu—

2235 4201 2329 4258 dio
2357 4204 2645 4273 corporeis
2674 4203 2957 4259 exercitiis
2996 4203 3213 4259 deditus
3247 4210 3368 4257 erat
3398 4208 3456 4256 ut
3505 4200 3670 4256 etiam
3722 4214 3819 4269 pe-

2237 4305 2359 4351 ctus
2388 4295 2565 4366 ipsius
2590 4306 3061 4366 corrumperetur.
3094 4294 3402 4351 Perhibent
3436 4294 3567 4348 item
3599 4291 3813 4362 genita-
3880 4346 3881 4349 η

2236 4387 2387 4444 libus
2408 4403 2536 4444 eum
2563 4389 2840 4461 quoddam
2869 4389 3197 4459 imposuisse
3224 4388 3680 4442 medicamentum
3705 4376 3818 4453 quo

2240 4481 2336 4537 illa
2375 4490 2784 4538 exarescerent.
2842 4480 3076 4536 Herbatn
3110 4493 3329 4549 quoque
3388 4476 3613 4547 reperit,
3658 4475 3817 4544 cujus

552 4569 646 4623 τοῦ
702 4569 1110 4639 παρατυχόντος
1156 4563 1277 4621 εἷπε
1331 4569 1425 4622 καὶ
1454 4564 1603 4621 ⁴’τάδε
1626 4583 1641 4599 ⁸
1676 4587 1698 4621 ι
1743 4568 1835 4638 Τῷ
1861 4568 1918 4625 δὲ
1957 4571 2126 4640 ἁμαρ

2241 4575 2327 4631 vis
2355 4574 2413 4630 in
2453 4575 2693 4648 jnvanda
2737 4573 3004 4630 memoria
3050 4585 3345 4647 permagna
3394 4569 3554 4624 foret.
3612 4569 3814 4623 \‘erutn

552 4661 711 4733 τωλῷ
729 4657 882 4718 εἶπεν
903 4663 931 4713 ὁ
954 4661 1112 4724 eas;-
1139 4659 1258 4715 Ἵνα
1281 4659 1335 4713 τί
1355 4661 1420 4714 σὺ
1445 4660 1672 4732 ικδιηγῇ
1697 4660 1768 4714 τὰ
1785 4661 2126 4733 δικαιώματά

2241 4668 2504 4738 deinceps
2532 4667 2737 4723 invidia
2768 4666 3003 4737 quadam
3033 4664 3100 4720 ad
3137 4663 3512 4733 magistratus,
3564 4660 3660 4731 qui
3688 4675 3813 4713 cum

558 4772 660 4825 μου
689 4754 785 4806 καὶ
822 4752 1233 4821 ἀναλαμϐάνεις
1278 4752 1378 4824 τὴν
1434 4753 1707 4825 διαθήκην
1749 4770 1854 4822 μου
1888 4753 1979 4808 διὰ
2015 4756 2137 4809 στόο

558 4845 727 4915 ματός
761 4860 888 4913 σούς
927 4864 947 4897 ι
977 4846 1090 4899 Kal.
1125 4843 1335 4910 πτύξας
1386 4844 1448 4898 τὸ
1480 4845 1683 4915 βιϐλίον
1724 4846 1993 4917 ἐδάκρυσε
2037 4848 2135 4900 σὺν

555 4936 749 4991 ἅπασι.
781 4938 990 5000 Μανεὶς
1018 4932 1113 4991 οὖν
1142 4937 1334 4991 ἔκτοτε
1367 4937 1469 5008 τὴν
1497 4937 1659 5004 ἁγίαν
1696 4939 1877 4991 πᾶσαν
1907 4939 2134 5009 Γραφὴν

554 5031 861 5102 ἀνατρέψαι
919 5031 1277 5094 ἐσπούδασεν,
1324 5031 1448 5085 ὅθεν
1505 5031 1603 5084 καὶ
1662 5031 2132 5103 ἀναθεματίζεται

558 5121 719 5190 μέχρι
744 5122 844 5191 τῆς
878 5124 943 5193 σή
955 5140 1018 5190 με
1030 5138 1143 5189 ρον.

2241 4763 2476 4833 imperio
2514 4768 2671 4817 erant
2705 4776 2768 4816 ac
2797 4767 3089 4830 potestate,
3120 4756 3336 4811 delatus
3368 4755 3584 4808 Satanae
3614 4750 3815 4806 auxilio

2238 4873 2267 4910 a
2319 4855 2426 4911 fide
2460 4854 2729 4919 descivit;
2791 4868 2915 4907 nam
2956 4866 3079 4907 cum
3131 4850 3207 4904 illi
3260 4849 3569 4904 castitatem
3612 4845 3664 4900 in
3696 4846 3815 4913 ipso

2238 4947 2701 5018 insignem‘plane
2732 4945 3004 5015 cognitam
3038 4942 3328 5005 haberent,
3362 4940 3567 4994 homini
3601 4938 3814 4993 Ᾱῑιιιίο-

2238 5054 2361 5107 pem
2396 5038 2730 5092 admovent:
2796 5035 2959 5089 simul
3022 5032 3268 5088 indiCant
3325 5040 3385 5086 ut
3426 5032 3511 5085 vel
3567 5030 3810 5100 ipsorum

2236 5124 2396 5197 25.3
2423 5125 2693 5180 mandatis
2726 5124 3042 5193 pareretvel
3072 5139 3193 5178 cum
3225 5121 3483 5192 [Ethiope
3517 5138 3576 5177 se
3598 5122 3812 5192 pollue-

556 5224 662 5269 ret.
705 5214 803 5268 Hic
852 5230 978 5269 cum
1025 5213 1290 5280 Origenes
1360 5230 1429 5269 ne
1458 5216 1722 5270 extremis
1778 5216 1999 5287 quidem
2064 5217 2295 5273 auribus
2329 5228 2438 5273 tam
2508 5220 2799 5274 nefandam
2861 5236 2975 5274 rem
3029 5219 3221 5273 audire
3256 5223 3591 5283 susuneret,
3649 5232 3810 5270 manu

555 5322 654 5361 sua
694 5309 855 5361 thure
877 5309 1211 5363 simulacris
1254 5306 1440 5361 oblato
1466 5308 1652 5376 lapsus
1683 5318 1788 5375 est,
1834 5320 2173 5379 quapropter
2246 5311 2574 5367 Alexandria
2624 5312 2834 5375 relicta,
2871 5328 2937 5367 ne
2975 5313 3120 5367 illius
3169 5311 3247 5366 rei
3302 5327 3466 5368 causa
3513 5311 3813 5381 quidquam

557 5401 775 5481 audiret
800 5400 1269 5471 exprobrationis,
1305 5399 1735 5470 Hierosolymam
1784 5416 1844 5457 se
1895 5402 2132 5458 confert.
2171 5403 2421 5476 Cumque
2478 5414 2702 5460 coactus
2755 5413 2901 5460 esset
2952 5405 3008 5458 in
3065 5419 3211 5461 cmtu
3289 5406 3663 5471 concioncqne
3716 5416 3815 5470 pu-

561 5496 704 5549 blica
734 5496 1042 5549 orationem
1071 5494 1275 5548 habere
1310 5498 1455 5562 (nam
1489 5510 1554 5549 cx
1589 5509 1741 5557 casu,
1775 5497 1869 5566 qui
1897 5494 2174 5551 acciderat
2203 5499 2330 5568 ipsi,
2397 5496 2563 5555 Petro
2616 5497 2829 5554 scilicet
2890 5498 3087 5554 similis
3136 5499 3277 5566 erat)
3299 5495 3610 5566 hujnsmodi
3641 5492 3807 5547 verba

560 5587 979 5657 pronuntiavit:
1039 5605 1058 5638 ι
1106 5588 1389 5642 Peccatori
1442 5586 1582 5640 dixit
1630 5587 1777 5643 Deus
1817 5589 1968 5656 ιριιί
2014 5590 2073 5644 ﬁt
2114 5596 2174 5643 ut
2214 5599 2272 5645 tu
2323 5594 2469 5663 justa
2532 5607 2652 5647 mea
2700 5591 2922 5647 decreta
2954 5606 3201 5656 enarrcs,
3248 5600 3302 5643 et
3350 5604 3444 5642 ore
3475 5596 3569 5640 tuo
3632 5584 3815 5639 ιωιιυε

561 5698 744 5737 meum
777 5695 1012 5750 usurpes
1045 5681 1129 5735 ἐἳ
1162 5700 1180 5734 ι
1217 5679 1358 5736 Hinc
1390 5681 1534 5735 libro
1573 5681 1907 5751 complicato
1943 5699 2070 5737 cum
2106 5684 2365 5740 omnibus
2404 5685 2673 5757 lacrymas
2703 5684 2966 5757 profudit.
3005 5682 3081 5737 Eo
3122 5682 3282 5737 modo
3328 5680 3527 5734 factum
3557 5686 3617 5730 nt
3661 5676 3816 5732 dein-

563 5789 692 5843 t-eps
742 5786 812 5827 ex
871 5771 1107 5840 quadam
1169 5774 1372 5829 mentis
1416 5773 1631 5828 insania
1685 5773 1923 5832 Litteras
1991 5791 2174 5833 sacras
2214 5780 2501 5837 universas
2538 5788 2901 5849 perverteret,
2939 5774 3172 5844 ideoque
3229 5775 3280 5827 in
3354 5771 3683 5825 hodiernum
3722 5788 3813 5826 us-

563 5881 673 5935 que
703 5850 848 5918 diem
879 5864 1246 5925 cxsecrationi
1278 5866 1669 5923 ecclesiasticae
1709 5868 1980 5924 obnoxius
2030 5876 2134 5924 est.

639 5983 682 6014 ⁷⁸
712 5982 851 6039 Psal.
902 5996 1040 6043 XLIX,
1084 5982 1163 6035 ιιι.
