4054 6446
418 331 518 394 467

1724 342 2143 405 MlCllAELlS
2184 342 2443 409 GLYCAE

3573 346 3674 407 468

419 447 677 531 nationes
725 450 1069 516 interfectus,
1101 468 1268 523 quem
1298 453 1698 512 Constantinus
1724 472 1757 512 e
1785 473 1993 513 concu-

2107 461 2343 530 Κρίσπος
2380 460 2516 531 (72),
2557 460 2617 515 ὃν
2665 459 2729 513 ὲκ
2767 459 3050 528 παλλακῆς
3081 460 3241 528 ἔσχεν
3284 461 3312 511 ὁ
3352 455 3544 527 μέγας.
3572 456 3676 509 Τὸν

422 539 548 591 bina
583 528 900 598 sustulerat.
936 543 1107 601 Filios
1155 558 1339 603 autem
1374 548 1643 618 reliquos.
1679 548 1998 605 Constanti-

425 646 578 695 num,
615 631 968 690 Cnnstantem
1024 648 1081 692 et
1128 637 1534 707 Constantium,
1583 657 1650 696 ex
1703 641 1996 698 Maximina

425 720 748 779 Diocletiani
798 726 909 781 {ilia
967 731 1229 801 suscepit.
1280 731 1554 788 Cteterum
1603 733 1707 789 hoc
1747 746 1997 805 tempore

425 812 671 867 Romano
718 818 769 870 in
820 819 1093 890 Capitolio
1135 823 1360 893 quidam
1401 836 1526 881 erat
1556 827 1747 893 draco,
1780 827 2001 884 abditus

424 906 477 960 in
510 917 688 974 antro,
719 912 878 983 cujus
910 913 1212 971 descensus
1256 917 1365 973 565
1410 918 1613 991 gradus
1662 921 1921 977 habebat.
1953 921 2000 977 ls

367 1031 373 1063 ε
423 996 625 1147 multis
670 1006 935 1062 mortales
977 1007 1211 1064 laedebat
1258 1010 1444 1067 alllatu
1502 1028 1627 1080 suo,
1677 1014 1724 1069 si
1776 1016 2002 1085 quando

419 1098 546 1147 extr
612 1093 746 1147 illud
777 1106 996 1147 antrum
1047 1111 1449 1147 nrnsmntamt.-
1487 1103 1594 1147 Sed
1646 1121 1876 1147 mannnc
1908 1106 2000 1147 ίιιη

419 1093 587 1148 extr!
612 1093 746 1149 illud
777 1106 996 1153 antrum
1045 1111 1449 1171 prospectaret.
1487 1103 1595 1160 Sed
1644 1121 1876 1177 magnus
1908 1106 2000 1161 ille

425 1181 695 1239 Silvester
746 1201 875 1242 eum
938 1201 1162 1260 rogatus
1222 1193 1426 1249 ibidem
1479 1197 1731 1253 occlusit.
1792 1198 2001 1254 Deinde

424 1284 551 1345 lost
578 1277 791 1334 editum
820 1281 1169 1350 miraculum,
1198 1288 1345 1357 quod
1388 1288 1442 1343 in
1490 1298 1651 1345 tauro
1686 1291 2003 1347 immaniter

425 1383 574 1425 saevo
620 1370 891 1430 Silvester
924 1378 1243 1444 declaravit,
1279 1398 1404 1437 cum
1444 1382 1513 1438 de
1563 1384 1669 1440 fide
1710 1397 1899 1443 nostra
1945 1397 2003 1444 et

425 1458 741 1518 Judaorum
774 1468 1040 1525 adversus
1073 1488 1329 1541 magnum
1362 1475 1514 1530 illum
1561 1477 1849 1533 Zatnbrem
1886 1480 2004 1535 dis—

429 1565 673 1623 putaret,
730 1558 847 1629 ipso
895 1561 1255 1619 Constantino
1306 1583 1502 1637 magno
1553 1580 1607 1625 et
1654 1586 2003 1628 saerosancxa

430 1645 603 1716 ipsius
652 1659 824 1708 matre
886 1653 1091 1711 Helena
1138 1671 1426 1727 praesente,
1478 1679 1600 1732 qua:
1653 1674 1769 1718 tum
1821 1668 2002 1722 adhuc

428 1739 630 1803 obnixe
658 1741 970 1800 Iudaeorum
1015 1752 1263 1818 partibus
1313 1754 1654 1821 adhaerebat,
1703 1762 2000 1825 imperator

431 1830 590 1898 plane
629 1834 847 1891 divinus
876 1838 1091 1903 urbem,
1128 1859 1250 1911 qua:
1297 1844 1365 1899 ab
1422 1846 1596 1916 ipsius
1637 1851 1855 1903 nomine
1901 1868 2000 1918 ap-

430 1923 753 1992 pellaretur,
786 1930 1029 1986 condere
1068 1933 1330 1991 instituit.
1367 1938 1621 2009 Cumque
1662 1941 2003 1999 decrevisset

429 2014 547 2083 ipse
572 2031 757 2072 secum
789 2019 893 2076 boc
929 2025 1153 2080 nomine
1194 2044 1390 2084 versus
1432 2030 1789 2087 Occidentem
1838 2036 2003 2105 proli-

427 2107 582 2174 cisci,
624 2126 719 2179 per
750 2114 993 2183 quietem
1028 2119 1300 2188 impulsus
1327 2132 1413 2176 est
1442 2134 1503 2178 ut
1536 2125 1792 2181 instituto
1831 2128 2000 2196 priori

426 2198 623 2290 relicm
674 2203 777 2258 iter
827 2207 974 2263 aliud
1028 2213 1433 2282 ingrederetur,
1481 2219 1627 2286 quod
1681 2220 2000 2290 Byzantiqu

426 2289 637 2346 scilicet
671 2294 919 2352 duceret.
955 2298 1074 2366 Quo
1122 2303 1325 2359 factum
1375 2317 1459 2364 est
1494 2317 1555 2362 ut
1598 2289 1743 2364 circa
1774 2310 2002 2367 Chalce-

427 2383 626 2437 donem
656 2403 854 2457 magno
874 2393 1058 2447 studio
1081 2396 1383 2453 condendae
1406 2400 1529 2454 urbi
1555 2417 1779 2471 operam
1804 2404 1958 2459 daret
1985 2422 1999 2458 :

427 2475 524 2530 sed
553 2477 710 2532 irrito
738 2492 960 2548 conatu,
989 2487 1135 2555 quod
1165 2490 1430 2547 nimirum
1456 2494 1678 2551 caelitus
1703 2496 2002 2566 impedire-

429 2578 539 2625 tur.
591 2571 725 2627 Nam
778 2577 1055 2645 proditum
1114 2594 1201 2640 est
1256 2588 1636 2643 monumentis
1687 2588 2000 2644 litterarum

426 2664 641 2731 aquilas
673 2665 1036 2727 instrumenta
1071 2675 1346 2732 artiﬁcum
1380 2692 1437 2734 et
1469 2680 1746 2737 fabrorum
1774 2681 2003 2739 Chalce-

426 2753 572 2847 done
611 2771 862 2829 surrepta
898 2773 954 2819 et
1004 2775 1155 2822 trans
1198 2768 1398 2824 fretum
1435 2772 1722 2842 deportata
1757 2775 2001 2847 Byzantii
2046 2836 2047 2839 η

426 2845 773 2916 deposuisse.
800 2854 964 2926 249
994 2859 1107 2914 lloc
1127 2862 1389 2931 Oppidum
1417 2866 1694 2934 quondam
1721 2845 2000 2924 Heracleae

427 2941 548 2995 sitae
599 2942 654 2997 in
692 2944 925 3002 Thracia
974 2953 1392 3021 prreferebatur,
1439 2971 1629 3012 rerum
1685 2959 2001 3029 bujusmodi

426 3032 664 3099 quadam
712 3053 777 3091 ex
824 3056 989 3099 causa
1038 3036 1314 3102 lleracleae
1362 3048 1587 3119 subiicit
1628 3051 1815 3119 ccepit.
1875 3052 2003 3107 Erat

2102 554 2286 622 μέντοι
2322 555 2751 619 Κωνσταντϊνον,
2788 554 3118 607 Κώνσταντα
3170 552 3265 607 καὶ
3298 552 3676 605 Κωνστάντιον

2101 648 2162 698 ἐκ
2199 647 2512 717 Μαειμίνας
2569 648 2685 719 (75)
2742 649 2866 718 ἔσχε
2928 649 3202 718 θυγατρὸς
3261 644 3673 719 Διοκλητιανοῢ.

2112 738 2199 791 Ἐν
2228 738 2284 791 δέ
2311 756 2376 806 γε
2404 740 2482 809 τῷ
2518 741 2854 811 Καπετωλίῳ
2894 741 3115 812 Ῥώμης
3144 742 3201 792 ἓν
3237 758 3346 793 τινι
3379 738 3675 793 καταδύσει

2102 827 2344 898 βαθμοὺς
2396 832 2595 902 ἐχούσῃ
2633 830 2740 896 τξε’
2766 832 2984 902 δράκων
3025 829 3093 902 ἦν
3141 832 3369 894 πολλοὺς
3422 829 3676 900 βλάπτων

2099 921 2176 992 τῷ
2208 924 2509 992 φυσήματι,
2546 924 2636 977 ὅτε
2670 924 2772 995 τῆς
2826 924 3173 985 καταδύσεως
3208 925 3582 993 παρέκυπτενο
3617 922 3676 976 ὃν

2104 1019 2131 1069 6
2169 1017 2343 1086 μέγας
2378 1016 2704 1088 Σίλΰεστρος
2745 1017 2991 1072 ἔκλεισεν
3036 1020 3214 1071 ἐκεῖσε
3272 1014 3671 1086 παρακληθείς.

2102 1109 2256 1163 Μετὰ
2304 1107 2362 1161 δέ
2413 1120 2477 1177 γε
2516 1110 2577 1163 τὸ
2610 1109 2798 1181 θαῦμα
2850 1110 3027 1164 ἐκεῖνο
3082 1109 3217 1178 ὅπερ
3262 1109 3352 1161 ἐπὶ
3386 1108 3463 1178 τῷ
3497 1108 3675 1178 ἀγρίῳ

2103 1204 2292 1271 ταύρῳ
2336 1203 2644 1273 πεποίηκεν
2694 1204 2723 1256 ὁ
2770 1202 3135 1276 Σίλϐεστρος,
3174 1202 3339 1272 ἡνίκα
3388 1202 3526 1270 μετὰ
3577 1199 3674 1254 τοῦ

2104 1290 2340 1366 Ζαμὸρῆ
2392 1294 2608 1348 ἐκείνου
2652 1293 2748 1348 τοῦ
2793 1296 2973 1368 μάγου
3001 1294 3136 1364 περί
3165 1310 3221 1347 τε
3252 1294 3348 1364 τῆς
3381 1292 3504 1347 καθ’
3532 1293 3676 1363 ἡμᾶς

2104 1384 2345 1449 πίστεως
2392 1386 2489 1440 καὶ
2530 1388 2629 1458 τῆς
2669 1386 2776 1439 τῶν
2814 1384 3095 1440 Ἰουδαίων
3141 1387 3415 1455 διελέγετο
3447 1386 3678 1440 ἐνώπιον

2104 1476 2199 1529 τοῦ
2228 1493 2286 1529 τε
2318 1476 2559 1545 μεγάλου
2590 1479 3011 1532 Κωνσταντίνου
3063 1482 3155 1531 καὶ
3185 1478 3355 1547 αὐτῆς
3388 1478 3485 1548 τῆς
3517 1478 3677 1543 ἁγίας

2116 1565 2360 1631 Ἑλένης,
2396 1565 2475 1618 Et:
2500 1565 2580 1637 τῷ
2616 1566 2889 1620 Ἰουδαίων
2928 1569 3084 1636 μέρει
3115 1553 3513 1638 προσκειμένης
3543 1566 3676 1634 (74),

2110 1654 2265 1710 πόλιν
2296 1658 2377 1721 εἰς
2412 1657 2584 1728 ὄνομα
2609 1658 2778 1711 αὐτοῦ
2830 1661 3018 1712 κτίσαι
3066 1659 3322 1728 βούλεται
3352 1660 3380 1711 ὁ
3406 1656 3679 1721 θειότατος

2111 1748 2389 1818 βασιλεύς.
2443 1752 2553 1803 Καὶ
2630 1750 2696 1820 δὴ
2763 1751 3219 1823 προθυμούμενος
3266 1751 3459 1805 τούτου
3519 1752 3680 1823 χάριν

2104 1838 2361 1893 ἀπελθεῖν
2391 1841 2484 1892 ἐπὶ
2517 1839 2585 1893 τὰ
2617 1840 2872 1910 ἑσπέρια,
2907 1840 3031 1894 κατ’
3057 1842 3189 1911 ὄναρ
3215 1843 3499 1914 ἐπετράπη
3528 1842 3682 1896 ὀδεῦο

2104 1945 2196 1981 σαι
2220 1928 2321 1995 τὴν
2346 1930 2486 2000 πρὸς
2514 1930 2577 1982 τὸ
2604 1930 2899 1995 Βυζάντιον
2931 1932 3231 2002 φέρουσαν.
3255 1933 3420 1986 Ὅθεν
3450 1930 3679 1988 ἔσπευδε

2104 2019 2363 2091 καὶπερὶ
2417 2021 2517 2090 τὴν
2566 2021 2890 2092 Χαλκηδόνα
2947 2023 3047 2092 τὴν
3097 2023 3250 2077 πόλιν
3301 2024 3680 2095 οἰκοδομῆσαι.

2116 2113 2257 2167 Ἀλλ’
2295 2114 2567 2169 ἐκωλύετο
2621 2115 2855 2169 ἄνωθεν
2906 2117 3096 2179 ἀετοὺς
3146 2117 3256 2184 γάρ
3297 2134 3430 2184 φασι
3471 2119 3538 2170 τὰ
3562 2118 3672 2171 τῶν

2104 2208 2361 2277 τεχνιτῶν
2393 2209 2658 2278 ἐργαλεῖα
2685 2209 3041 2280 ἀφαρπάζειν
3066 2210 3174 2263 ἀπὸ
3207 2210 3558 2280 Χαλκηδόνος
3589 2213 3683 2265 καὶ

2103 2301 2197 2353 ἐπὶ
2230 2300 2290 2354 τὸ
2322 2300 2618 2365 Βυζάντιον
2649 2302 2822 2355 ταῦτα
2873 2302 3163 2373 διαπερᾷν,
3216 2304 3356 2373 ὅπερ
3408 2303 3677 2373 ἐπισκοπὴ

2103 2395 2373 2465 πρότερον
2423 2393 2491 2467 ἦν
2540 2396 2640 2465 τῆς
2674 2395 2821 2449 κατὰ
2862 2397 3088 2466 Θρᾴκην
3126 2396 3476 2466 Ἡρακλείας.
3506 2396 3678 2450 -Ὑπὲ-

2104 2509 2238 2547 πεσε
2271 2492 2330 2544 δὲ
2356 2495 2423 2563 τῇ
2462 2490 2760 2562 Ἡρακλείᾳ.
2792 2490 2852 2544 τὸ
2882 2489 3180 2553 Βυζάντιον
3229 2491 3418 2561 τρόπῳ
3467 2491 3677 2561 τοιῷδε.

2115 2584 2345 2654 ’Δρχαία
2399 2584 2556 2645 πόλις
2604 2584 2667 2637 τὸ
2727 2582 3024 2646 Βυζάντιον
3076 2578 3166 2652 ἦν,
3212 2584 3306 2635 καὶ¹
3360 2586 3487 2637 καθ’
3520 2585 3682 2638 ἑαυτὸ

2102 2672 2494 2742 διοικούμενον.
2537 2673 2664 2727 Ἐπὶ
2693 2673 2937 2742 Σεδήρου
2982 2674 3038 2725 δὲ
3069 2671 3165 2726 τοῦ
3204 2672 3492 2742 Ῥωμαίων
3521 2676 3675 2728 αότο-

2103 2769 2371 2841 κράτορος
2404 2768 2768 2839 πολιορκηθὲν
2800 2770 2957 2839 παρὰ
2989 2769 3100 2822 τῶν
3140 2768 3429 2839 Ῥωμαίων
3454 2770 3545 2824 καὶ
3583 2771 3674 2823 ἐπὶ

2102 2865 2251 2933 τρεῖς
2282 2862 2568 2924 ἐνιαυτοὺς
2598 2861 2689 2915 τὸν
2713 2862 2951 2930 πόλεμον
2978 2862 3225 2916 ὑποστὰν
3260 2861 3484 2933 ὕστερον
3509 2864 3673 2925 ἑάλω,

2101 2956 2213 3012 τῶν
2239 2956 2562 3024 ἀναγκαίων
2607 2953 3011 3023 ὲπιλειψάντων
3055 2957 3173 3017 τοῖς
3214 2955 3459 3018 ἐποίκοις
3489 2955 3676 3009 αὐτοῦ.

2105 3050 2215 3102 Καὶ
2248 3047 2528 3119 καθῃρέθη
2563 3048 2660 3118 μὲν
2691 3048 2788 3101 καὶ
2827 3049 2897 3100 τὰ
2927 3047 3080 3117 τείχη
3122 3047 3312 3111 αὐτοῦ,
3347 3049 3593 3120 ἀφῃρέθη
3619 3048 3677 3102 δὲ

425 3138 558 3178 sane
590 3125 906 3196 Byzantium
943 3134 1077 3187 urbs
1122 3140 1465 3209 perantiqua,
1516 3151 1573 3197 et
1623 3144 1739 3198 suis
1790 3144 2002 3216 legibus

2107 3145 2200 3198 καὶ
2243 3144 2310 3195 τὰ
2370 3140 2631 3194 πολιτικὰ
2686 3141 2902 3205 δίκαια,
2939 3142 3033 3193 καὶ
3076 3139 3251 3205 οὕτως
3278 3140 3513 3211 ὑπετέθη
3556 3143 3682 3193 Der

426 3215 920 3276 administrabatur
979 3226 1081 3281 Sed
1120 3243 1380 3299 regnante
1415 3231 1620 3289 Severo
1668 3237 2000 3305 imperatore

428 3308 678 3367 Romano
706 3312 886 3371 cincta
916 3318 1201 3381 obsidione
1240 3339 1269 3377 a
1319 3325 1599 3392 Romanis,
1650 3343 1775 3382 eum
1824 3339 1999 3384 totum

428 3403 728 3461 triennium
765 3410 1107 3469 obsidionem
1141 3416 1450 3484 tolerasset,
1482 3419 1702 3475 tandem
1751 3420 1805 3475 iu
1841 3421 2001 3476 dedi-

429 3495 633 3552 tionem
666 3503 837 3566 venit,
870 3508 1013 3575 quod
1049 3509 1245 3567 incolis
1281 3524 1620 3569 commeatus
1640 3514 1812 3585 “plane
1843 3514 2001 3570 defe-

2112 3234 2375 3306 ptv0€0:;°
2442 3231 2727 3303 Πείρινθος
2774 3232 2830 3286 δέ
2886 3232 3034 3285 ἐστιν
3082 3234 3134 3302 ἡ.
3173 3230 3680 3304 Ἠρᾶκλεια.”υθεν

2108 3326 2205 3382 καὶ
2237 3327 2316 3396 τῷ
2352 3323 2686 3396 Ἡρακλείας
2746 3326 2779 3393 ἡ
2819 3325 3131 3394 χειροτονία
3180 3323 3275 3377 τοῦ
3339 3323 3681 3392 πατριάρχου

2107 3420 2543 3489 ἁπονενέμηται,
2594 3417 2672 3479 ὡς
2709 3414 2846 3486 παρ’
2871 3414 3040 3469 αὐτοῦ
3072 3415 3558 3486 χειροθετουμὲνου
3588 3411 3683 3464 τοῦ

2107 3512 2410 3565 ἐπισκόπου
2445 3510 2765 3574 Βυζαντίου.

425 3587 611 3646 cisset.
646 3590 780 3648 Tum
822 3612 951 3652 vero
988 3609 1044 3655 et
1081 3603 1279 3658 muenia
1307 3604 1488 3660 diruta
1534 3616 1664 3662 sunt
1703 3617 1759 3664 et
1784 3608 1911 3678 jura
1939 3607 1992 3662 ei
2027 3604 2209 3661 civilia
2259 3618 2486 3674 prorsus
2556 3602 2830 3672 adempta,
2861 3601 3103 3672 denique
3140 3602 3292 3656 locus
3325 3602 3445 3671 ipse
3504 3602 3682 3673 juris-

427 3684 655 3743 dictioni
690 3690 1100 3752 Perinthinrum
1170 3702 1527 3772 assignatus:
1562 3719 1688 3758 nam
1754 3702 2073 3762 Heracleam
2116 3701 2439 3757 Perinthum
2481 3701 2612 3755 olim
2662 3701 2954 3755 vocabant.
3002 3700 3210 3755 Idcirco
3256 3699 3519 3769 deinceps
3553 3713 3683 3755 usus

426 3780 667 3839 obtinuit
720 3797 779 3842 ut
826 3792 1148 3861 patriarchae
1200 3794 1475 3865 Cpolitani
1521 3800 1868 3855 confirmatio
1925 3800 1994 3855 ad
2030 3796 2305 3853 Heracleae
2345 3807 2560 3865 spectet
2615 3796 2958 3859 antistitem;
3038 3810 3069 3848 a
3144 3809 3255 3865 quo
3298 3788 3511 3860 scilicet
3553 3796 3683 3849 olim

425 3888 646 3946 quoque
684 3878 983 3953 Byzantino
1017 3886 1253 3940 antistiti
1288 3903 1486 3945 manus
1516 3889 1920 3962 imponebatur.

498 3968 669 4041 Igitur
695 3989 924 4045 magnus
949 3978 1042 4032 ille
1060 3979 1454 4037 Constantinus
1471 3984 1775 4042 instaurata
1799 3999 2000 4052 castro,

426 4062 576 4132 quod
604 4065 733 4120 olim
754 4082 783 4121 a
804 4067 943 4138 Byzo
975 4070 1251 4128 Thracum
1281 4091 1407 4145 rege
1426 4075 1608 4132 fuerat
1633 4087 1999 4144 exstructum,

431 4170 687 4226 magnum
717 4159 824 4215 loci
870 4164 1105 4231 spatium
1136 4166 1362 4236 adjecit.
1403 4170 1637 4238 urbique
1667 4185 2007 4239 cognmnen-

431 4259 548 4304 tum
569 4251 733 4307 Nova:
748 4253 936 4311 Roma:
949 4255 1120 4313 dedit.
1139 4260 1398 4316 Absoluta
1425 4262 1530 4316 fuit
1554 4262 1686 4317 urbs
1708 4262 1864 4332 longe
1887 4276 2002 4316 am-

430 4341 701 4411 plissima,
726 4346 1108 4421 celebrataque
1142 4351 1317 4421 ipsius
1345 4351 1663 4408 .llenovalia
1693 4370 1743 4406 a.
1771 4355 1827 4408 d.
1858 4370 1891 4404 ν
1916 4352 1998 4407 ld.

431 4437 617 4504 Maias,
643 4454 786 4495 anno
814 4442 974 4498 58.38.
1002 4444 1314 4499 Arcessitus
1335 4453 1417 4499 est
1439 4444 1493 4499 id
1515 4445 1781 4515 temporis
1806 4446 2005 4500 Valens

432 4540 879 4589 astronomorum
928 4538 1445 4601 excellentissimus,
1491 4539 1587 4608 qui
1643 4539 2004 4594 collocatione

433 4625 676 4680 siderum
728 4627 1004 4698 descripta
1056 4630 1160 4685 696
1205 4646 1382 4685 annos
1437 4632 1629 4685 urbem
1678 4630 2001 4686 duraturam

2195 3984 2535 4047 Ἀνανεώσας
2582 3983 2676 4037 οὖν
2728 3983 2757 4035 ὁ
2800 3981 2975 4052 μέγας
3027 3981 3436 4042 Κωνσταντῖνος
3469 3981 3528 4032 τὸ
3576 3963 3683 4032 ὑπὸ

2110 4076 2285 4140 Βύζου
2337 4074 2608 4144 βασιλέως
2661 4074 2883 4146 Θρᾴκης
2928 4073 3147 4126 κτισθὲν
3179 4075 3356 4143 τεῖχος
3385 4071 3684 4140 προσέθετο

2107 4168 2204 4221 καὶ
2253 4165 2445 4235 ἕτερον
2481 4150 2779 4235 διάστημα,
2821 4166 2919 4219 καὶ
2969 4166 3097 4218 νέαν
3139 4165 3284 4219 οὕτω
3324 4166 3548 4235 Ῥώμην
3578 4164 3681 4238 τὴν

2108 4258 2262 4312 πόλιν
2285 4258 2487 4329 ταύτην
2530 4258 2834 4328 ὠνόμασεν.
2880 4255 3267 4327 Ἀπκρτίζεται
3305 4256 3383 4323 δὲ,
3429 4261 3521 4314 ναὶ
3567 4260 3677 4329 μὴν

2106 4351 2204 4405 καὶ
2238 4350 2614 4419 ὲγκαινίζεται
2645 4352 2678 4420 ἡ
2714 4348 3078 4419 μεγαλόπολις
3111 4349 3251 4419 αὕτη
3297 4350 3441 4403 κατὰ
3469 4352 3570 4419 τὴν
3616 4366 3685 4405 ια’

2109 4443 2204 4498 τοῦ
2238 4444 2415 4498 Μαΐου
2473 4444 2642 4512 μηνὸς
2698 4442 2854 4505 ἔτους
2890 4441 3251 4509 ὲνισταμένου
3283 4439 3477 4512 ,εωλη’.
3524 4444 3692 4510 Τηνι-

2111 4535 2291 4590 καῦτα
2326 4535 2546 4606 κληθεὶς
2576 4538 2605 4588 ό
2637 4535 2748 4587 τῶν
2775 4534 3129 4602 ἀστρονόμων
3158 4533 3321 4602 δῆθεν
3352 4533 3690 4604 ἀκριϐέσταρ

2110 4647 2200 4693 τος
2231 4628 2446 4700 Οὐάλης
2487 4632 2632 4683 ποιεῖ
2668 4628 2930 4699 θεμάτιον
2950 4627 3021 4680 δι’
3047 4621 3107 4679 οὗ
3127 4628 3207 4689 είς
3240 4631 3369 4697 χί.,ςιΙ
3400 4628 3693 4692 ἐνιαυτοὺς

431 4718 765 4773 vaticinatus
796 4728 911 4787 est;
941 4736 1063 4789 quae
1098 4736 1230 4776 sane
1258 4720 1505 4777 Valentis
1534 4722 1821 4790 praedictio
1852 4722 2000 4777 dein-

2107 4721 2383 4789 διαμεῖναι
2435 4720 2534 4786 τὴν
2573 4721 2725 4773 πόλιν
2772 4719 2980 4789 ταύτην
3038 4720 3351 4788 ἑφοίΰασεν.
3394 4719 3693 4774 Ἐντεῦθεν

433 4825 564 4879 ccps
608 4810 863 4868 falsitatis
915 4813 1166 4869 convicta
1204 4821 1311 4876 est,
1359 4821 1476 4869 arte
1531 4813 1793 4869 nimirum
1833 4817 2005 4885 ipsius

433 4904 609 4974 palam
635 4924 663 4961 a
695 4922 826 4961 vero
854 4904 1165 4962 aberrante.

505 4998 639 5051 Cum
673 5008 857 5053 autem
890 5014 1118 5069 magnus
1149 4999 1450 5068 imperator
1489 5000 1681 5055 urbem
1713 5016 1868 5055 suam
1902 5002 2001 5055 bo-

437 5090 644 5144 minum
670 5090 922 5160 exiguam
956 5092 1160 5146 habere
1188 5091 1403 5161 copiam
1432 5103 1703 5157 cerneret,
1731 5104 2005 5164 quotquot

436 5182 621 5237 Roma:
649 5182 975 5236 illustriores
996 5192 1154 5239 eraut
1180 5183 1391 5251 Cpolim
1425 5185 1738 5250 transtulit;
1767 5201 2002 5254 quorum

435 5276 493 5329 in
519 5291 749 5329 numero
770 5286 927 5329 erant
951 5276 1223 5346 Olybrius.
1246 5274 1438 5340 Verus,
1467 5278 1742 5335 Urbicius.
1761 5277 2005 5343 Zoticus,

440 5365 739 5437 Eugenius,
771 5366 1040 5434 Eubulus,
1074 5369 1323 5436 Studius,
1354 5368 1687 5433 Florentius,
1720 5369 2005 5425 Callistra—

514 5529 626 5596 (72)
666 5528 904 5598 Πρίσκος
934 5526 972 5581 ν
1010 5536 1063 5582 et
1100 5527 1157 5583 F.

510 5601 626 5667 (75)
656 5597 804 5656 Ultor
830 5597 1171 5652 Constantini
1208 5599 1344 5654 falso
1394 5597 2000 5657 asseriturlllaximina,

445 5674 555 5725 tilia
597 5668 942 5731 Diocletiani,
978 5685 1041 5723 ac
1091 5680 1265 5724 mater
1308 5671 1544 5724 ﬁliorum
1577 5671 1765 5732 trium,
1793 5669 2006 5722 scilicet

443 5741 789 5801 Constantini
837 5740 1106 5801 Junioris,
1149 5741 1464 5795 Constantis
1495 5780 1509 5800 ,
1562 5756 1626 5792 ac
1672 5738 1999 5798 Constantii,

445 5812 540 5881 qui
567 5821 691 5882 post
735 5820 943 5882 patrem
995 5811 1335 5883 imperarunt
1364 5828 1378 5863 :
1409 5811 1544 5881 adeo
1586 5809 1850 5866 fabulosis
1880 5825 2003 5881 nar-

2111 4810 2207 4867 οὖν
2232 4812 2595 4884 διεψευσμένη
2620 4814 2651 4882 ὴ
2673 4813 2768 4865 τοῦ
2805 4813 3105 4876 Οὐάλεντος
3132 4814 3435 4884 πρὸρῤησις
3462 4812 3694 4881 καὶδιηι

2116 4907 2439 4978 μαρτημένη
2474 4906 2770 4977 προφανῶς
2816 4907 2849 4976 ἠ
2890 4908 3054 4975 τέχνη
3103 4908 3407 4975 ἐλέγχεται.

2192 5001 2367 5071 Ὀρῶν
2391 5000 2447 5052 δὲ
2480 4999 2577 5066 τὴν
2601 4999 2768 5052 αὑτοῦ
2799 5000 2955 5053 πόλιν
2991 5002 3018 5052 ὁ
3043 4991 3218 5069 μέγας
3246 5000 3678 5069 ὀλιγάνθρωπον,

2110 5095 2239 5156 τοὺς
2291 5093 2749 5162 ἀξιολογωτέρους
2789 5090 3011 5162 Ῥώμης
3061 5091 3275 5146 ἐκεῖθεν
3307 5093 3627 5162 παρήγαγεν
3655 5105 3669 5119 ο

2113 5185 2208 5255 ἀφ’
2235 5179 2311 5239 ὧν
2341 5188 2449 5239 ciet
2475 5187 2570 5238 καὶ
2594 5178 2764 5250 οὗτοι,
2803 5184 3109 5249 Ὀλύὸριος,
3139 5184 3335 5254 Βῆρος,
3370 5182 3675 5253 Οὖρόίκεος,

2115 5277 2523 5347 Καλλίστρατος
2549 5316 2563 5341 ,
2626 5277 2868 5339 Ζωιτικδς
2903 5317 2919 5343 ,
2966 5276 3257 5346 Εὐγένειος
3284 5318 3298 5342 ,
3369 5274 3635 5336 Εὔϐουλος
3663 5312 3681 5339 ,

2116 5368 2387 5431 Στούδιος,
2418 5367 2777 5438 Φλωρεντιος,
2803 5369 3143 5439 Μαυριανδς,
3169 5368 3409 5439 Σεὸἦρος
3436 5368 3531 5419 καὶ
3562 5366 3683 5417 ἰσίο

2118 5527 2424 5583 rationibus
2485 5537 2699 5583 scatent
2750 5526 2987 5582 Graeculi
3034 5526 3395 5592 recentiores,
3447 5528 3575 5584 dum
3613 5531 3684 5583 ab

2112 5596 2383 5671 Eusebio,
2424 5598 2667 5665 Socrate,
2697 5600 3023 5671 Sozomeito.
3059 5597 3400 5663 Thepdorito
3448 5599 3682 5671 priscis-

2113 5685 2219 5737 que
2281 5669 2644 5738 St'rlplm‘lblls
2696 5668 2911 5738 longius
2950 5668 3229 5723 aberrant.

2189 5740 2301 5815 (74)
2331 5740 2383 5793 ιιι
2419 5753 2662 5796 veterum
2700 5739 2909 5794 nullum
2942 5753 3191 5795 asserere
3220 5739 3471 5817 memini.
