4054 6420
456 362 560 422 4εέ9

1687 345 2093 423 ANNALHJM
2138 363 2333 421 esus
2372 365 2471 423 tv.

3595 360 3704 422 470

455 473 645 542 δωρος,
666 470 860 530 οἵτινες
892 474 1040 525 οἴκου
1057 493 1096 534 :,
1117 474 1276 534 ναοὺς
1306 475 1397 525 καὶ
1430 471 1664 541 ξενῶνας
1694 472 2023 541 ἁνήγειραν.

2146 483 2253 537 tus,
2308 473 2651 537 Maurianus.
2700 475 2936 532 Severus
2972 488 3028 532 et
3080 477 3354 541 Isidorus;
3407 474 3501 543 qui
3555 465 3710 542 Cpoli

457 560 691 622 Τούτους
743 562 839 629 μὲν
868 564 996 623 τοὺς
1041 562 1437 632 διαληφθέντας
1484 560 1794 625 Ῥωμαίους
1833 562 2034 628 ἄνλῖρας

459 654 895 721 τοιιουτοτρόπως
949 654 1185 707 ἐνταῦθα
1222 655 1517 722 μετοικίζει
1565 658 1592 707 6
1648 652 1822 722 μέγας
1876 653 2036 703 Κων-

462 747 763 809 σταντίνος.
800 745 996 798 Λαϐὼν
1026 748 1136 818 γὰρ
1166 748 1295 809 τοὺς
1325 746 1651 808 δακτδλίους
1693 745 1874 798 αὐτῶν
1903 748 2040 798 ἁπο-

463 839 673 890 στέλλει
704 840 900 900 αὐτοὺς
949 842 1027 904 είς
1070 840 1162 893 τὸν
1197 839 1422 910 βασιλέα
1457 842 1683 910 Περσῶν
1728 839 2034 911 Σάρὸαρον,

461 929 518 981 ὃν
567 930 668 982 καὶ
708 931 1034 998 νικήσαντες
1087 931 1474 1001 ὑπέστρεψαν*
1522 935 1579 985 ἐν
1628 932 1685 983 δὲ
1736 930 1813 1001 τῷ
1856 931 2038 1002 καιρῷ

468 1024 565 1089 τῆς
612 1022 878 1090 ἐκδημίας
927 1022 1109 1076 αὐτῶν
1140 1022 1489 1107 ἀποστείλαςς
1524 1021 1655 1089 τοὺς
1709 1021 2038 1086 δακτυλίους

471 1116 545 1175 εἰς
578 1111 799 1183 Ῥώμην
855 1115 979 1182 ἄγει
1033 1114 1135 1177 τὰς
1198 1117 1467 1182 γυναῖκας
1504 1115 1715 1183 Mein:
1751 1114 2035 1171 ἐνταυθοῖ.

474 1204 665 1271 κτίζει
688 1206 746 1261 δὲ
776 1208 874 1260 καὶ
899 1207 1087 1269 οἴκους
1125 1209 1273 1262 κατά
1323 1224 1387 1275 γε
1417 1190 1681 1278 conﬂato;
1718 1209 1814 1261 καὶ
1848 1209 2037 1279 σχῆμα

465 1298 737 1362 τοιούτους
786 1299 935 1362 οἴους
997 1297 1148 1369 εἶχον
1205 1301 1262 1352 ὲν
1304 1299 1516 1369 Ῥώμη.
1565 1300 2040 1369 ’Υποστρέψαντες

465 1390 561 1443 οὖν
583 1392 783 1444 ἐκεῖνοι
813 1393 909 1446 καὶ
939 1393 998 1443 τὸ
1030 1392 1216 1461 δρᾶμα
1251 1392 1517 1459 μαθόντες
1545 1393 1865 1463 ἐξέστησαν.
1898 1392 2040 1444 Τού-

465 1499 575 1534 των
598 1481 650 1536 οί
698 1482 797 1552 μὲν
833 1483 1455 1553 τέσσαρεςμάγιστροι,
1482 1484 1533 1535 oi
1564 1482 1621 1535 δὲ
1655 1481 1800 1536 ὀκτὼ
1845 1482 2042 1552 πατρί-

466 1589 598 1626 κιοι.

2141 567 2359 628 domos,
2417 567 2636 637 templa,
2675 570 2954 637 hospitum
3003 572 3150 624 aedes
3193 573 3608 624 exstruxerunt.
3646 564 3712 619 Et

2141 657 2363 725 quidem
2398 658 2500 713 ltos
2528 660 2787 728 patricios
2820 661 3120 722 Romanos,
3144 674 3284 729 quos
3304 656 3710 719 recensuimus,

2141 746 2245 799 ltoc
2290 734 2525 816 quodam
2572 748 2735 805 modo
2775 750 3176 805 Constantinus
3206 764 3273 802 eo
3303 747 3541 816 migrare
3582 759 3712 812 per-

2142 838 2301 908 pulit.
2332 837 2471 893 Cum
2496 839 2730 897 annulos
2758 856 2950 895 eorum
2981 841 3049 895 ad
3076 856 3135 895 se
3167 839 3490 907 recepisset,
3518 845 3711 891 contra

2142 930 2439 995 Persarum
2467 948 2647 1003 regem
2688 932 2985 993 Sarbarum
3021 934 3166 1003 ipsos
3198 947 3323 985 cum
3357 930 3533 999 copiis
3561 928 3713 983 able-

2139 1026 2322 1096 gavit;
2353 1041 2463 1096 quo
2492 1024 2571 1079 illi
2617 1025 2762 1080 victo
2809 1026 3029 1080 tandem
3070 1024 3275 1079 reversi
3310 1030 3459 1078 sunt.
3492 1022 3711 1077 Interea

2136 1136 2267 1174 vero
2311 1119 2442 1175 dum
2489 1117 2653 1173 domo
2699 1118 2952 1185 aberant,
2996 1117 3214 1172 annalis
3244 1116 3474 1170 Romam
3524 1113 3711 1167 missis

2090 1284 2093 1287 Ἴ
2141 1210 2409 1267 uxoribus
2435 1225 2629 1266 eorum
2654 1209 2952 1281 persuadet
2977 1219 3037 1265 ut
3057 1208 3266 1278 Cpolim
3291 1223 3348 1261 se
3371 1206 3709 1261 conferrent.

2141 1302 2456 1359 Secundum
2491 1303 2608 1357 llaec
2636 1304 2770 1374 ipsis
2803 1302 3034 1358 aedilicia
3066 1302 3278 1360 condit.
3306 1312 3531 1369 prorsus
3560 1297 3709 1365 ejus-

2141 1394 2287 1457 modi
2325 1407 2429 1458 tam
2466 1395 2833 1465 amplitudine
2875 1411 3041 1466 quam
3071 1394 3271 1457 forma,
3304 1391 3484 1461 qualia
3531 1390 3716 1444 Roma:

2141 1487 2472 1543 habuerant.
2502 1484 2637 1554 Cum
2673 1489 2842 1559 igitur
2866 1489 2945 1543 illi
2973 1488 3184 1545 reversi
3211 1485 3462 1545 luissem,
3489 1498 3555 1537 ac
3596 1495 3713 1535 rem

2143 1581 2223 1633 uti
2252 1582 2402 1654 gesta
2455 1580 2660 1642 fuerat,
2694 1581 3123 1652 cognovissent:
3161 1593 3284 1634 cum
3321 1585 3547 1644 stupore
3579 1586 3720 1641 quo-

382 1661 387 1665 ’
468 1670 590 1723 dam
625 1669 826 1724 factum
864 1671 1217 1740 imperatoris
1276 1673 1532 1727 admirati
1598 1681 1748 1730 sunt.
1819 1671 1992 1727 Erant
2062 1683 2246 1729 autem
2301 1676 2446 1732 inter
2497 1678 2598 1737 ilQS
2641 1684 2881 1746 quatuor
2913 1662 2988 1730 illi
3028 1674 3254 1746 quidem
3285 1667 3562 1742 magistri.
3595 1677 3721 1723 octo

465 1774 598 1820 vero
633 1766 967 1834 posteriores
998 1769 1240 1836 patricii.

536 1862 772 1913 Γίνιοσκε
825 1860 901 1922 δὲ,
951 1863 1229 1929 ἀγαπητὲ.
1259 1862 1341 1914 ὅτι
1375 1864 1476 1931 τῆς
1508 1861 1720 1924 πόλεως
1754 1862 2033 1929 ὲξισουμέ-

2216 1856 2285 1911 Et
2318 1856 2715 1922 animadverte,
2752 1856 2951 1913 dilecte
2997 1855 3094 1921 liii,
3140 1855 3277 1911 urbe
3323 1856 3376 1910 id
3431 1857 3716 1927 temporis,

465 1971 562 2024 νης
613 1953 738 2005 καθ’
770 1952 830 2005 ὃν
864 1952 1115 2017 ἐκτίζετο
1171 1955 1372 2024 καιρὸν
1424 1954 1564 2007 λίθοι
1601 1956 1753 2026 παρὰ
1783 1953 2040 2019 λιθοξόων

465 2046 805 2117 ἐτμήθησαν,
856 2044 945 2108 οὓς
993 2047 1359 2116 προτείχισμα
1385 2046 1474 2100 διὰ
1500 2047 1600 2115 τὴν
1632 2047 1730 2115 τῆς
1763 2046 2044 2115 θαλάσσης

466 2139 592 2208 βίαν
621 2137 827 2200 ἔθεντο,
861 2138 969 2190 ἀπὸ
1022 2138 1125 2207 τῆς
1177 2138 1472 2208 Βαρΰάρας
1497 2139 1683 2208 σχεδὸν
1713 2137 1838 2201 ἓωςο
1863 2134 2039 2206 αὐτῆξ

473 2230 572 2298 τῆς
609 2229 821 2298 χρυσῆς
877 2230 1088 2299 πόρτης
1140 2229 1292 2291 ἐντὸς
1329 2229 1391 2281 τδ
1422 2228 1604 2298 τεῖχος
1637 2229 2039 2297 φυλάσσοντας.

481 2320 721 2390 Ὀμοίως
773 2322 829 2375 δὲ
892 2322 1256 2392 μετεκόμισεν
1310 2319 1545 2377 ἐνταῦθα
1601 2323 1697 2374 καὶ
1749 2320 1841 2374 τὸν
1873 2322 1933 2373 ἐν
1964 2319 2043 2389 τῷ

472 2415 621 2483 φ’ἷρμ
688 2414 845 2466 κίονα
887 2413 1167 2483 μονόλιθον
1213 2412 1366 2476 ὄντα,
1422 2414 1520 2467 καὶ
1579 2413 1795 2483 ἵδρυσεν
1858 2412 2046 2465 ἐπάνω

466 2505 634 2560 αὐτοῦ
664 2506 758 2557 τὸν
782 2505 1080 2575 ἀνδριάντα
1105 2497 1316 2558 ἐκεῖνον
1350 2504 1410 2558 ὃν
1439 2505 1671 2575 ἤνεγκεν
1697 2505 1803 2558 ἀπὸ
1834 2505 2047 2558 Ἡλιου-

471 2600 685 2660 πόλεως
707 2598 807 2666 τῆς
846 2597 1112 2667 Φρυγίας.
1145 2596 1205 2650 '0
1237 2597 1296 2650 δὲ
1330 2598 1572 2660 τοιοῦτος
1606 2597 1753 2661 λίθος
1789 2597 1903 2666 (75)
1948 2596 2043 2667 ἔτη

469 2689 596 2759 τρία
657 2688 1049 2753 διεπλωῖζετο,
1099 2689 1347 2741 ἐνιαυτὸν
1402 2688 1458 2741 δὲ
1517 2689 1639 2741 ὅλον
1685 2688 2047 2752 ἀνεόιῦἀζετο

467 2780 598 2834 ἔνθα
628 2780 721 2833 καὶ
756 2782 990 2836 ἵσταται.
1040 2781 1197 2835 Μετὰ
1234 2780 1292 2835 δὲ
1323 2780 1499 2835 ταῦτα
1548 2782 1788 2851 ποιήσας
1834 2783 2049 2835 Καίσα-

469 2887 569 2939 ρας
596 2868 929 2924 Κώνσταντα
966 2868 1068 2938 μὲν
1099 2867 1361 2932 ἐνταῦθα,
1396 2870 1641 2923 Λικίνιον
1679 2870 1736 2921 δὲ
1770 2869 1861 2921 τδν
1896 2886 2048 2937 γαμ-

470 2963 605 3032 ϐρὸν
633 2960 800 3015 αὐτοῦ
842 2963 899 3014 ὲν
935 2954 1296 3032 Νικομηδεία,
1329 2963 1470 3015 κατὰ
1504 2963 1729 3030 Περσῶν
1751 2964 2049 3032 ἐστράτευ-

476 3072 590 3108 σεν.
623 3048 790 3116 Οὗτος
829 3054 888 3106 δὲ
925 3056 953 3107 6
990 3054 1236 3114 Λικίνιος
1275 3055 1418 3106 κατὰ
1454 3054 1798 3124 Χριστιανῶν
1843 3052 2049 3123 ἧρξατο

472 3148 712 3216 διωγμόν
767 3148 959 3200 κινεῖν.
1013 3144 1149 3198 Τότε
1194 3146 1279 3215 δὴ,
1331 3147 1454 3198 τότε
1481 3145 1578 3198 καὶ
1617 3146 1710 3197 τὸν
1748 3145 2048 3214 ’Δμασείας

476 3238 769 3293 ἐπίσκοπον
819 3237 1056 3290 Βασιλέα
1098 3236 1241 3289 οὕτω
1276 3236 1612 3303 καλούμενον
1648 3235 1850 3288 ἀνεῖλε.
1894 3235 2033 3288 Τότε

485 3331 553 3400 δὴ
586 3330 701 3384 τότε
735 3332 830 3383 καὶ
863 3330 1016 3396 ὄφεις
1064 3331 1125 3383 ὲν
1166 3330 1448 3399 Μελιτηνῇ
1479 3328 1732 3383 τοσοῦτον
1768 3327 2048 3405 ἐπολέμη-

474 3438 579 3481 σαν
605 3422 724 3474 κατ’
753 3422 1001 3492 ἀλλήλων
1033 3423 1175 3474 ὥστε
1222 3424 1320 3475 καὶ
1351 3422 1447 3492 τὴν
1480 3420 1666 3492 χώραν
1687 3421 1946 3486 ἐποςέσαι
1969 3423 2050 3494 τῷ

476 3517 624 3585 φόνῳ
649 3515 849 3570 αὐτῶν.
883 3516 1018 3568 Τότε
1047 3516 1143 3570 καὶ
1168 3516 1202 3585 ἡ
1231 3517 1289 3569 ὲν
1317 3514 1527 3585 Nimia
1554 3515 1772 3577 σύνοδος
1796 3516 2045 3583 γέγονεν,

472 3607 535 3663 ὲν
651 3604 742 3663 τὸν
796 3604 1011 3673 ἄμαχον
1068 3603 1335 3671 Εὑλόγιον
1375 3602 1615 3672 Ἕλληνα
1665 3606 1693 3656 6
1736 3605 1913 3673 μέγας
1952 3606 2050 3659 καὶ

476 3695 682 3759 ἁπλοῦς
709 3696 789 3766 τῷ
817 3696 964 3767 λόγῳ
995 3690 1285 3765 Σπυρίδων
1311 3693 1672 3764 ἐχειρώσατο.
1726 3695 1790 3748 Ἦ
1823 3694 2049 3766 τοιαύτη

483 3789 694 3853 σύνοδος
744 3790 841 3843 καὶ
883 3790 944 3843 τὸ
1000 3791 1188 3858 πάσχα
1234 3788 1529 3857 διωρίσατο
1577 3789 1865 3859 ἑορτάζειν
1900 3790 2051 3857 ἡμᾶς

454 3885 617 3938 οκατᾶ
661 3884 765 3955 τὴν
804 3881 898 3935 νῦν
945 3881 1263 3953 κρατοῦσαν
1297 3881 1609 3951 συνήθειανο
1645 3881 1912 3951 πρότερον
1943 3882 2050 3950 γὰρ

475 3976 619 4028 κατὰ
643 3972 745 4045 τὴν
784 3973 1389 4043 τεσσαρεσκαιδεκάτην
1422 3973 1522 4041 τῆς
1555 3972 1789 4042 σελήνης
1817 3972 2051 4025 ἐτελεῖτο

473 4069 536 4121 τὸ
573 4067 785 4136 πάσχα,
810 4068 933 4120 ὅθεν
961 4068 1056 4119 καὶ
1086 4066 1212 4128 τοὺς
1248 4063 1422 4126 οὕτως
1458 4063 1823 4135 ἑορτάζοντας
1853 4065 1885 4134 ή
1921 4064 2053 4133 ἁγία

474 4160 569 4213 καὶ
597 4147 955 4227 οίκούμενικὴ
1003 4158 1237 4223 δευτέρᾳ.
1292 4156 1515 4221 σύνοδος
1586 4159 1645 4210 ὲν
1704 4156 1784 4227 τῷ
1837 4156 2051 4226 ἑϐδόμῳ

475 4252 665 4304 κανόνι
691 4251 864 4320 αὐτῆς
899 4238 1561 4320 τεσσαρεσκαιδεκατίτας
1599 4250 1691 4302 καὶ
1732 4250 2052 4319 τετραδίτας

474 4345 652 4398 καλεῖ.
687 4346 762 4397 υύ
795 4348 903 4415 γὰρ
933 4346 990 4397 ὲν
1018 4347 1272 4414 κυριακῇ
1300 4343 1363 4395 τὸ
1400 4344 1591 4412 Πάσχα
1615 4341 1909 4412 ἑώρταζον,
1935 4340 2051 4397 ἀλλ’

474 4440 563 4493 ὅτε
615 4436 1256 4507 τεσσαρεσκαιδεκαταία
1298 4440 1330 4506 ἡ
1392 4438 1590 4504 σελήνη
1639 4439 1891 4507 γένηται,
1917 4437 1978 4487 ὲν

2143 1954 2253 2017 quo
2307 1946 2674 2011 condcbatur,
2736 1956 3017 2011 exa'quata
3054 1954 3110 2002 et
3161 1947 3528 2016 complanata,
3585 1964 3721 2003 saxa

2144 2035 2393 2107 quzedam
2432 2051 2462 2091 a
2505 2032 2759 2110 lapicidis
2802 2044 3017 2091 exsecta
3050 2034 3244 2098 fuisse,
3280 2050 3343 2091 ac
3390 2036 3718 2091 munimenti

2141 2130 2264 2185 loco
2286 2128 2553 2191 adversus
2581 2126 2748 2181 maris
2777 2118 3042 2198 impetum
3073 2125 3237 2196 250
3266 2142 3297 2181 a
3321 2126 3554 2182 Barbara
3589 2142 3719 2197 pro-

2144 2220 2443 2292 pemodum
2466 2219 2556 2273 ‘ad
2590 2220 2828 2274 Auream
2861 2234 3034 2289 usque
3080 2230 3293 2288 portam
3331 2218 3619 2287 collocata,
3658 2228 3719 2274 ut

2145 2328 2245 2383 per
2269 2328 2332 2368 ea
2370 2319 2560 2365 murus
2585 2312 2822 2366 interior
2847 2326 3048 2378 expers
3077 2310 3392 2365 detrimenti
3425 2326 3718 2366 conserva-

2104 2408 2111 2411 '
2134 2414 2322 2469 retur.
2347 2405 2616 2459 Praeterea
2638 2403 2850 2473 Cpolim
2876 2404 3051 2458 Roma
3078 2403 3384 2472 deportavit
3409 2403 3717 2457 columnam

2102 2514 2107 2519 ν
2148 2497 2298 2551 illam
2323 2508 2415 2551 rex
2444 2510 2553 2549 uno
2575 2494 2880 2549 confectam
2905 2494 3104 2563 lapide,
3125 2510 3248 2563 qua:
3271 2494 3323 2548 in
3350 2493 3492 2548 Foro'
3511 2494 3719 2556 stabat;

2147 2589 2311 2655 eique
2369 2597 2606 2642 statuam
2660 2586 2807 2639 illam
2862 2586 3146 2654 imposuit,
3200 2600 3363 2653 quam
3417 2584 3713 2655 lleliopoli,

2150 2680 2287 2733 urbe
2317 2680 2588 2746 Ριιιγςίιιι,
2634 2687 2912 2732 avexerat.
2964 2677 3103 2731 Hinc
3137 2677 3341 2732 creatis
3387 2675 3723 2738 Caesaribus.

2148 2788 2383 2841 quorum
2413 2772 2555 2825 alter
2581 2770 2858 2825 Constans
2883 2779 3070 2838 ageret
3096 2769 3272 2837 Cpoli,
3304 2770 3447 2824 alter
3471 2771 3721 2827 Licinius

2150 2864 2359 2918 sororis
2390 2864 2623 2918 maritus
2651 2861 3008 2925 Nicodemire,
3042 2863 3308 2917 adversus
3340 2861 3538 2918 Persas
3565 2879 3722 2918 exer—

2150 2958 2320 3011 citum
2353 2958 2528 3009 duxit.
2567 2955 2812 3011 Licinius
2841 2964 3025 3017 autem
3076 2970 3176 3024 per
3210 2953 3386 3024 ipsius
3416 2956 3723 3013 absentiam

2151 3051 2593 3118 persecutionem
2623 3049 2889 3103 adversus
2911 3048 3258 3108 Christianos
3284 3064 3511 3103 movere
3536 3049 3725 3118 cmpit,

2152 3150 2208 3196 et
2234 3136 2535 3195 antistitem
2570 3142 2800 3196 Amasiae
2833 3141 3090 3204 Basilem,
3127 3143 3232 3198 hoc
3262 3142 3409 3195 enim
3442 3143 3491 3196 ei
3522 3159 3723 3197 nomen

2149 3241 2289 3290 erat.
2322 3233 2629 3287 interfecit.
2664 3233 2872 3288 Eodem
2913 3242 3161 3303 tempore
3198 3241 3484 3300 serpentes
3518 3235 3571 3295 iu
3612 3234 3726 3290 Me-

2150 3324 2319 3379 litena
2350 3325 2636 3395 provincia
2668 3335 2779 3380 tam
2823 3327 3027 3381 acriter
3060 3327 3204 3381 inter
3250 3344 3308 3382 se
3341 3325 3731 3399 depugnarnnt

2150 3426 2212 3471 ut
2243 3427 2469 3487 propter
2490 3419 2757 3473 cadavera
2784 3428 3106 3474 necatorum
3143 3424 3347 3490 passim
3381 3423 3531 3492 regio
3567 3420 3730 3478 foete-

2152 3518 2255 3563 ret.
2281 3509 2538 3564 Secutum
2564 3518 2651 3565 est
2686 3525 2790 3564 non
2823 3510 3000 3564 multo
3029 3521 3150 3580 post
3181 3512 3476 3565 concilium
3510 3513 3580 3567 ad
3638 3529 3733 3567 ur-

2150 3601 2275 3656 bem
2340 3601 2611 3667 Nicaeam,
2671 3603 2726 3655 in
2799 3618 2913 3673 quo
2981 3604 3463 3673 inexpugnabilem
3528 3604 3732 3660 Cra-ca:

2153 3697 2436 3765 religionis
2486 3700 2953 3768 propugnatorem
3009 3696 3298 3767 Eulogium
3352 3713 3582 3767 magnus
3636 3697 3729 3753 ille

2150 3791 2446 3860 verbisque
2474 3790 2709 3859 simplex
2741 3805 2805 3845 ac
2840 3791 2997 3845 rudis
3042 3788 3277 3860 Spyrido
3311 3789 3445 3842 vicit
3481 3799 3540 3844 et
3571 3805 3727 3843 suam

2152 3885 2206 3937 in
2240 3883 2574 3939 sententiam
2606 3883 2887 3953 perduxit.
2921 3884 3214 3938 Decretum
3252 3880 3395 3937 inter
3426 3880 3530 3937 alia
3558 3892 3644 3937 est
3674 3883 3728 3936 in

2152 3975 2255 4030 hac
2278 3976 2488 4047 synodo
2511 3986 2571 4030 ut
2595 3974 2867 4045 paschalis
2884 3974 3081 4030 festum
3101 3974 3175 4029 ita
3200 3968 3510 4030 celebretur
3532 3988 3728 4042 quem-

2151 4067 2445 4123 admodum
2511 4067 2694 4121 hodie"
2741 4081 2860 4121 mos
2928 4064 3168 4133 obtinet.
3238 4056 3376 4129 Nam
3431 4072 3589 4123 antea
3640 4061 3731 4119 die

2154 4160 2361 4216 mensis
2400 4159 2611 4214 lunaris
2658 4158 2726 4213 N
2757 4158 2967 4214 Pascba
3012 4157 3418 4225 celebrabatur,
3452 4155 3730 4228 quomodo

2153 4254 2470 4324 quicunque
2506 4252 2701 4307 l‘eStum
2735 4252 2838 4305 hoc
2868 4251 3169 4316 celebrant,
3191 4266 3287 4305 eos
3313 4257 3727 4313 sacrosanctum

2153 4355 2208 4401 et
2236 4344 2544 4399 universale
2578 4344 2883 4399 secundum
2918 4341 3213 4397 concilium
3247 4358 3459 4397 canone
3496 4341 3526 4394 7
3559 4355 3729 4411 quar-

2158 4437 2555 4492 todeeumanos
2584 4446 2637 4489 et
2670 4443 2972 4503 quartanos
3016 4434 3275 4502 appellat.
3309 4433 3425 4487 Non
3455 4432 3602 4486 enim
3638 4432 3729 4486 die

477 4534 545 4585 ἂν
597 4533 782 4600 ἡμέρᾳ
817 4531 957 4603 τύχῃ
1006 4531 1190 4600 πλήρη
1249 4531 1456 4602 ταύτην
1504 4529 1782 4598 γενέσθαι.
1833 4529 2046 4598 Ἐορτὰ-

2160 4528 2448 4584 Dominico
2500 4529 2708 4583 Pascha
2757 4525 3137 4592 celebrabant,
3188 4526 3284 4581 sed
3338 4525 3429 4580 ubi
3482 4524 3733 4585 decimus

477 4625 635 4689 ζουσι
670 4620 729 4678 δὲ
763 4625 886 4677 τότε
921 4625 1280 4695 νηστεύοντες
1311 4626 1411 4678 καλ⁹
1440 4623 1873 4694 ἀγρυπνοῦντες.

2164 4630 2397 4693 quartus
2426 4621 2630 4675 mensis
2658 4619 2866 4674 lunaris
2895 4618 3015 4674 dies
3046 4618 3392 4687 appetiisset,
3422 4632 3533 4686 quo
3559 4615 3728 4669 nimi-

479 4736 600 4774 rum
646 4718 738 4772 die
773 4717 903 4773 luna
955 4717 1119 4787 plena
1152 4726 1320 4774 esset.
1364 4719 1434 4774 Et
1480 4720 1704 4790 quidem
1740 4721 1811 4776 ita
1849 4720 2048 4778 festum
2088 4722 2193 4779 hoc
2232 4720 2593 4777 celebrabant
2632 4726 2690 4773 ut
2737 4718 2794 4771 in
2859 4730 2926 4775 eo
2986 4714 3302 4791 jejunarent
3334 4729 3395 4769 ac
3434 4711 3733 4782 pervigiliis

478 4821 789 4889 uterentur.

548 4903 790 4959 Γίνωσκε
817 4902 874 4955 δὲ
899 4902 995 4956 καὶ
1025 4901 1208 4970 τοῦτο,
1242 4903 1325 4956 ὅτι
1347 4906 1732 4969 Κωνστάντιος
1753 4907 1782 4960 6
1810 4907 1924 4971 υἱὸς
1953 4906 2048 4960 τοῦ

483 4996 726 5065 μεγάλου
796 4997 1213 5051 Κωνσταντίνου
1275 4997 1595 5066 ἀρειανίσας
1653 4998 1755 5069 τὴν
1822 4998 2052 5069 πρώτην

480 5090 789 5159 ἀνατρέψαι
844 5089 1069 5142 σύνοδον
1120 5089 1377 5145 ἔσπευδε.
1413 5090 1587 5144 Τοῦτο
1647 5091 1833 5161 μαθὼν
1889 5095 1919 5145 6
1962 5093 2061 5162 τῆς

481 5180 862 5252 πρεσῦυτὲρας
903 5181 1128 5253 Ῥώμης
1181 5184 1370 5247 πάπας
1407 5185 1682 5253 ἀνήνεγκε
1740 5183 2061 5240 Κώνσταντι

480 5272 559 5343 τῷ
587 5272 683 5327 τοῦ
714 5274 1103 5329 Κωνσταντίου
1125 5275 1362 5343 ἀδελφῷ,
1397 5279 1489 5329 καὶ
1532 5276 1596 5339 ὃς
1631 5277 1868 5346 πόλεμον
1896 5277 2059 5347 ἠπεί-

483 5364 614 5433 λησε
647 5364 727 5434 τῷ
761 5363 979 5434 ἀδελφῷ
1028 5364 1120 5416 διὰ
1155 5366 1530 5434 γραμμάτων,
1559 5367 1607 5419 εί
1658 5368 1734 5435 μὴ
1787 5365 2060 5420 παύσαιτο

483 5457 580 5526 τὴν
609 5454 799 5535 ὀρθὴν.
835 5456 1023 5511 πίστιν
1054 5452 1323 5508 σαλεύων.
1359 5452 1476 5523 Ἐφ’
1520 5449 1566 5524 ᾧ
1602 5456 1699 5509 καὶ
1729 5456 1895 5528 βουλῇ
1948 5456 2058 5509 τῶν

558 5620 671 5683 (75)
727 5620 788 5673 '0
815 5620 874 5673 δὲ
902 5620 1146 5683 τοιοῦτος
1205 5621 1386 5682 λίθος.
1443 5632 1501 5677 οι
1555 5639 1676 5691 qua:
1721 5633 2053 5690 sequuntur,

489 5690 688 5744 absunt
740 5693 958 5759 quidem
1009 5708 1037 5743 a
1073 5692 1324 5747 versione
1361 5690 1696 5753 Leunclavii.
1734 5695 1828 5748 sed
1857 5699 2049 5750 eadem

492 5762 844 5834 reperiuntur
875 5762 928 5814 in
963 5761 1021 5814 ια’.
1055 5762 1240 5827 Neque
1268 5762 1425 5816 facile
1472 5764 1776 5819 assentiare
1802 5764 1893 5827 iis,
1928 5782 2049 5834 qu:e

493 5841 679 5884 narrat
711 5831 777 5886 de
807 5830 1107 5889 Constante
1150 5833 1363 5900 Caesare
1391 5834 1866 5897 Constantinopoli
1914 5830 2045 5890 reli-

2232 4902 2408 4957 Etiam
2435 4900 2539 4954 ltoe
2563 4898 2705 4952 scire
2730 4907 2782 4951 te
2804 4897 2952 4960 volo,
2977 4895 3156 4962 magni
3179 4890 3528 4948 Constantini
3558 4892 3731 4947 ﬁliuni

2158 4992 2561 5052 Censtantittm,
2613 4988 2940 5043 Arianorum
2991 4992 3175 5056 partes
3215 4996 3488 5049 secutum,
3536 5002 3732 5056 magno

2160 5086 2348 5142 studio
2382 5084 2615 5154 primam
2666 5079 2934 5150 synodum
2984 5080 3208 5133 abolere
3260 5079 3522 5134 voluisse.
3576 5079 3734 5145 Quod

2163 5181 2256 5235 tibi
2285 5178 2491 5234 veteris
2515 5177 2703 5231 Romae
2725 5189 2862 5244 papa
2889 5173 3257 5243 cognovisset,
3282 5173 3348 5227 ad
3377 5173 3733 5228 Constantem

2155 5269 2460 5328 Constantii
2487 5268 2713 5324 fratrem
2742 5265 2955 5321 detulit.
2983 5265 3030 5320 Is
3060 5281 3189 5320 vero
3213 5266 3415 5321 bellum
3446 5267 3598 5322 fratri
3627 5284 3726 5337 per

2154 5364 2371 5419 litteras
2405 5361 2684 5416 illaturum
2717 5374 2776 5414 se
2814 5357 3055 5413 minatus
3086 5371 3190 5425 est,
3224 5360 3279 5413 ni
3313 5368 3518 5415 rectam
3563 5359 3726 5413 fidem

2155 5456 2470 5513 convellere
2499 5463 2903 5524 succutereque
2948 5453 3253 5508 desineret.
3285 5453 3478 5524 Itaque
3532 5453 3600 5508 de
3631 5454 3732 5507 im.

2166 5634 2276 5686 eto,
2318 5638 2444 5677 cum
2500 5621 2748 5675 nomium
2801 5628 3085 5675 exsuucta
3144 5617 3305 5675 t‘oret.
3335 5626 3389 5672 et
3423 5616 3489 5669 de
3520 5614 3733 5686 Licinio

2158 5684 2514 5749 Niebmedian
2551 5694 2744 5757 misso,
2779 5706 2942 5761 quem
2998 5689 3137 5747 falso
3175 5697 3329 5741 vocat
3382 5684 3729 5761 Constantini

2155 5780 2439 5841 generum.
