4054 6500
372 421 477 489 471'

1653 429 2079 489 MICHAELIS
2120 433 2376 493 GLYC/E
3522 434 3626 493 472

3568 465 3623 493 1.5

380 548 695 598 peratornm
726 537 961 591 consilio
1004 538 1249 609 synodus
1285 538 1529 595 Sardicae
1560 542 1717 610 coiit,
1756 543 1812 597 in
1848 557 1956 612 qua

2066 544 2592 616 βασιλέωνσύνοδος
2621 545 2678 597 ἐν
2718 544 2956 616 Σαρδικῇ
2988 547 3364 615 συγκροτεῖται
3392 545 3491 596 ὑπὸ
3518 545 3621 596 lla.

376 627 565 681 Patres
599 637 756 681 erant
785 629 909 682 5H.
940 628 1003 683 Hi
1032 634 1444 686 sacrosanctum
1479 628 1949 705 illnd'symbolutn

377 720 569 773 Nicrcre
602 721 882 774 conditum
920 721 1343 777 confirmarunt.
1374 724 1470 778 Est
1504 735 1688 780 autem
1723 725 1952 782 Sardica

374 811 509 864 illud
543 813 805 880 oppidum
847 815 994 883 quod
1046 815 1208 869 modo
1240 816 1575 893 Triaditzam
1608 828 1964 889 nuncupant.‘

376 904 646 974 Deinceps
693 923 920 976 magnus
948 906 1365 979 Constantinus,
1414 911 1688 967 celebrata
1740 913 1953 968 scilicet

376 994 591 1051 Nicmna
642 998 876 1068 synodo,
912 999 1104 1054 Arium
1156 1001 1308 1057 misit
1354 1002 1423 1079 ad
1442 986 1453 1079 ἰ
1477 1020 1732 1075 magnum
1792 1005 1949 1059 illum

372 1080 767 1173 Athanasium,
798 1088 875 1144 ut'
904 1094 973 1146 ab
1002 1108 1069 1148 eo
1102 1092 1169 1148 ad
1219 1074 1665 1151 communionem
1695 1097 1953 1173 admitte-

372 1171 547 1236 retur.
569 1183 703 1237 Nam
731 1184 1006 1238 constanti
1029 1185 1393 1255 jurejurando
1418 1187 1727 1245 afﬁrmabat
1745 1171 1949 1246 rectam

372 1288 433 1326 se
462 1273 725 1342 deinceps
756 1266 1088 1351 sententiam
1121 1262 1464 1332 secuturum.
1493 1278 1627 1337 Cum
1660 1289 1842 1336 autem
1865 1280 1951 1335 vir

372 1366 612 1419 eximius
657 1369 835 1436 ipsum
891 1383 999 1422 non
1052 1369 1392 1436 admitteret,
1442 1372 1512 1426 ab
1558 1373 1778 1429 Arianis
1810 1374 1951 1441 solio

373 1459 704 1514 deturbatus
731 1467 840 1513 est.
876 1460 1011 1515 Nam
1044 1462 1137 1531 qui
1174 1472 1359 1533 partes
1398 1463 1632 1520 Arianas
1667 1465 1946 1532 fovebant,

374 1553 765 1622 imperatorias
796 1569 962 1609 aures
1002 1566 1433 1625 occupaverant,
1466 1568 1523 1613 et
1566 1559 1951 1630 multipliciter

373 1645 559 1700 virum
585 1650 839 1701 'sanctum
873 1647 1333 1705 criminabantur.
1357 1650 1635 1717 Quantum
1663 1663 1814 1709 certe
1838 1670 1954 1709 ma-

373 1738 488 1793 lum
542 1739 615 1794 sit
666 1738 822 1811 251
884 1751 1240 1797 accusatores
1294 1743 1584 1800 admittere
1646 1755 1951 1816 contraque

375 1829 593 1884 delatos
641 1831 887 1885 inaudita
934 1847 1098 1886 causa
1147 1836 1532 1904 pronuntiare,
1571 1837 1703 1893 licet
1749 1854 1815 1894 ex
1864 1839 1954 1893 his

377 1933 711 1990 cognoscere
780 1937 903 1990 qum
964 1925 1107 1977 inter
1165 1940 1423 1995 magnum
1482 1912 1844 1984 Athanasium
1903 1939 1961 1985 et

376 2022 624 2069 sanctum
682 2000 833 2070 hunc
893 2016 1285 2088 imperatorem
1344 2019 1691 2076 acciderunt.
1751 2022 1955 2079 Eadem

382 2092 713 2185 Athanasius
746 2106 912 2161 etiam
952 2107 1261 2175 imperante
1293 2108 1619 2165 Constantio
1661 2126 1958 2187 perpessus

379 2207 483 2262 est,
522 2213 632 2267 quo
683 2198 907 2267 quidem
953 2210 1201 2270 tempore
1249 2202 1519 2272 virginem
1567 2203 1633 2257 ad
1679 2206 1953 2274 quandam

370 2286 638 2362 profugit,
666 2302 723 2346 et
752 2293 1063 2347 occultatus
1088 2294 1157 2347 ab
1180 2308 1243 2347 ea
1276 2302 1420 2349 totos
1452 2294 1659 2349 ibidem
1690 2311 1783 2349 sex
1817 2311 1951 2351 con-

371 2385 561 2439 tinuos
609 2400 787 2440 annos
819 2384 1060 2439 delituit.
1094 2387 1224 2455 Post
1253 2386 1605 2458 imperatoris
1633 2404 1770 2443 vero
1799 2404 1950 2444 mor-

373 2487 484 2531 tem
532 2468 600 2532 ad
646 2494 777 2532 suos
810 2492 1068 2533 reversus
1113 2490 1217 2533 est.
1252 2484 1317 2532 At
1352 2496 1476 2535 cum
1524 2479 1780 2535 Julianus
1828 2497 1952 2535 mox

373 2572 561 2625 omnia
710 2573 924 2642 integro
986 2574 1386 2643 pet-turbasset,
1420 2590 1639 2628 rursum
1692 2573 1815 2646 fuga
1849 2574 1953 2630 sibi

2057 640 2232 711 τέρων
2272 638 2422 709 τμα’,
2459 636 2763 710 βεϐαιοῦσα
2783 637 2844 690 τὸ
2878 637 3032 703 ἅγιον
3072 637 3358 707 σύμϐολονο
3392 638 3628 708 Σαρδικὴ

2056 731 2112 785 δέ
2143 732 2293 785 ἐστιν
2326 732 2360 802 ἡ
2391 729 2488 785 νῦν
2517 729 2788 799 λεγομένη
2822 728 3140 797 Τριάδιτζα.
3179 728 3240 781 Ὃ
3272 728 3446 796 μέγας
3476 731 3628 782 Κωνο

2061 828 2344 889 σταντῖνος
2374 821 2666 878 ἀπέστειλε
2716 824 2807 875 τὸν
2837 822 3061 891 Ἄρειον
3102 820 3328 889 ὕστερον
3360 821 3497 891 πρὸς
3537 821 3629 875 τὸν

2060 916 2232 986 μέγαν
2270 916 2591 973 Ἀθανὰσιον
2637 892 2784 970 ὥστε
2835 917 3226 982 συγκοινωνεϊν
3260 913 3427 967 αὐτόν
3451 930 3467 944 ⁶
3519 915 3630 969 διε-

2055 1007 2338 1063 ϐεϐαιοῦτο
2357 1007 2556 1079 γὰρλδϋ
2587 1008 2754 1078 ὅρκου
2784 1007 3004 1076 φρονεῖν
3034 1005 3237 1069 καλῶς.
3280 1005 3340 1060 '0
3370 1006 3427 1059 δὲ
3457 1010 3631 1076 μέγας

2055 1103 2155 1154 οὐκ
2192 1099 2413 1166 ἐδέξατο
2469 1099 2672 1153 αὐτόν’
2710 1099 2795 1168 ἐφ’
2833 1094 2878 1167 ᾧ
2910 1102 3007 1152 καὶ
3040 1098 3135 1151 τοῦ
3171 1097 3365 1166 θρόνου
3405 1096 3633 1163 ὲξιστῶ-

2057 1208 2142 1246 σιν
2171 1192 2358 1246 αὐτόν’
2387 1191 2803 1264 προκατέλαϐον
2848 1191 2959 1261 γὰρ
3006 1191 3109 1254 τὰς
3144 1189 3433 1260 βασιλικὰς
3460 1189 3634 1252 ἀκοὰς

2053 1285 2105 1339 ot
2151 1283 2583 1355 ἀρειανίζοντες,
2615 1285 2710 1337 καὶ
2749 1283 2920 1337 πολλὰ
2972 1283 3068 1336 τοῦ
3120 1283 3282 1351 ἁγίου
3338 1285 3627 1336 κατεῖπον.

2057 1376 2228 1430 Ὅσον
2269 1375 2365 1429 οὖν
2405 1376 2576 1429 κακὸν
2636 1375 2699 1429 τὸ
2754 1374 3095 1428 ἁπεντεῢθεν
3128 1373 3257 1437 τοὺς
3291 1373 3635 1442 κατηγόρους

2056 1468 2469 1540 παραδέχεσθαι
2511 1469 2608 1522 καὶ
2642 1468 2742 1531 τὰς
2784 1467 3093 1535 ἀποφάσεις
3143 1468 3321 1520 ποιεῖν
3355 1465 3497 1519 κατὰ
3526 1465 3636 1518 τῶν

2055 1563 2594 1632 κατηγορουμένων,
2641 1561 2816 1626 ἔδειξε
2853 1561 2924 1614 τὰ.
2961 1558 3168 1630 μεταξύ
3206 1576 3270 1612 τε
3329 1559 3423 1610 τοῦ
3474 1557 3637 1625 ἁγίου

2058 1653 2326 1726 βασιλέως
2391 1655 2488 1708 καὶ
2564 1653 2659 1708 τοῦ
2712 1654 2875 1723 ἁγίου
2946 1651 3273 1707 ’Δθανασίου
3324 1649 3635 1719 συμϐάντα.

2069 1745 2230 1797 Ἀλλὰ
2275 1746 2369 1797 καὶ
2400 1743 2492 1796 ἐπὶ
2543 1742 2928 1811 Κωνσταντίου
2959 1744 3028 1797 τὰ
3056 1742 3196 1796 αὐτὰ
3226 1739 3521 1803 πέπονθεν,
3549 1738 3637 1808 ἐφ’

2063 1830 2107 1905 ᾧ
2145 1837 2245 1889 καλ⁵
2295 1833 2636 1904 προσφυγὼν
2687 1835 2842 1905 παρά
2879 1851 3003 1891 τινα
3061 1832 3332 1901 παρθένον
3369 1831 3639 1885 διετέλεσε

2066 1927 2197 1998 παρ’
2228 1928 2367 1998 αὐτῇ
2413 1927 2789 1999 κρυπτόμενος
2836 1925 2930 1995 ἔτη
2956 1925 3045 1991 ἓξ.
3078 1925 3230 1981 Μετὰ
3251 1923 3308 1976 δὲ
3342 1924 3512 1993 μύρον
3542 1924 3641 1976 αὐ-

2067 2020 2160 2074 τοῦ
2192 2018 2347 2084 αὖθις
2375 2020 2671 2089 ἐπανῆλθε.
2712 2018 2817 2072 Τοῦ
2860 2019 2918 2072 δὲ
2960 2020 3105 2072 κατὰ
3130 2017 3302 2078 πόδας
3338 2015 3638 2070 Ἰουλιανοῦ

2067 2114 2251 2165 πάντα
2282 2112 2619 2182 ταράξαντος
2651 2110 2816 2167 πάλιν
2850 2110 3063 2180 ὑπέδρα
3108 2110 3137 2162 ὁ
3180 2110 3339 2176 ἅγιος
3386 2110 3518 2175 περὶ
3546 2111 3641 2161 τὸν

2065 2203 2160 2257 τοῦ
2214 2203 2519 2274 Σαράπιδος
2549 2204 2697 2257 ναόν.
2728 2202 2979 2273 Κορῶναι
3008 2201 3262 2272 ἔκραζον.
3317 2200 3427 2257 Καὶ
3462 2205 3635 2269 ὲρωτη

2051 2299 2166 2360 θεὶς
2198 2297 2349 2367 παρὰ
2384 2297 2492 2350 τῶν
2532 2296 2828 2367 Ἑλλήνων⁸
2853 2314 2872 2348 ι
2903 2296 2969 2349 Τί
3009 2279 3205 2364 βοῶσιν
3230 2288 3414 2357 αὗται,
3478 2293 3631 2346 κακό-

2054 2408 2266 2461 γηρεςι
2296 2386 2439 2445 εἷπε.
2466 2410 2485 2441 ι
2520 2390 2594 2443 Τὸ
2634 2388 2748 2457 κρᾶ
2784 2391 2850 2459 τῇ
2900 2387 3090 2459 Σύρων
3121 2389 3271 2456 φωνῇ
3305 2385 3498 2455 αὔριον
3540 2386 3632 2453 δη·

2055 2482 2135 2533 λοί
2169 2480 2280 2552 (76)
2303 2496 2318 2509 ’
2350 2478 2539 2547 αὔριον
2574 2479 2669 2533 καὶ
2716 2479 2826 2547 γὰρ
2856 2478 3053 2548 ὄψεσθε
3087 2477 3188 2546 τὴν
3211 2476 3305 2531 τοῦ
3347 2475 3486 2534 Θεοῦ
3512 2473 3641 2543 πρά·-

2059 2592 2260 2629 νυιαν.»
2281 2573 2398 2644 Ἐφ’
2432 2566 2477 2641 ᾧ
2502 2576 2600 2628 καὶ
2621 2573 2865 2644 ἠγγέλθη
2893 2572 2987 2624 τοῦ
3012 2569 3302 2642 ἀλιτηρίου
3335 2571 3364 2622 ὁ
3392 2568 3640 2622 θάνατοε.

373 2669 667 2723 consulere
710 2681 1088 2743 coactuseSI.
1132 2668 1297 2724 Forte
1350 2682 1464 2725 tum
1500 2671 1775 2741 temporis
1846 2672 1994 2726 circa
2068 2669 2351 2741 Serapidis
2404 2670 2590 2724 fanum
2668 2668 2924 2731 cornices
2979 2665 3348 2722 crocitabant.
3410 2659 3510 2715 Hic
3566 2660 3643 2713 ab

372 2762 599 2815 ethnico
629 2761 867 2831 quodam
902 2766 988 2814 vir
1023 2772 1249 2839 sanctus
1274 2763 1644 2834 interrogatus
1673 2765 1808 2835 quid
1873 2765 2089 2821 illarum
2156 2764 2478 2819 vociferatio
2542 2762 2649 2819 sibi
2711 2762 2895 2826 vellet,
2932 2760 3261 2830 respondit:
3301 2777 3320 2809 ‹
3355 2756 3640 2825 Syrorum.

381 2879 414 2913 ο
444 2859 715 2931 improbe,
742 2859 927 2933 lingua
964 2876 1067 2913 vox
1098 2877 1192 2914 cra
1219 2861 1364 2917 diem
1403 2861 1707 2941 crastinum
1742 2862 2050 2933 signiﬁcat:
2077 2878 2200 2917 cras
2256 2862 2406 2919 enim
2472 2859 2567 2916 Dei
2626 2859 3035 2931 providentiam
3078 2856 3380 2951 'videbitis.
3407 2875 3427 2908 ι
3454 2854 3641 2924 Neque

372 2941 554 3010 multo
590 2946 711 3024 poSt
751 2952 993 3011 hominis
1023 2954 1276 3019 scelerati
1311 2970 1459 3009 mors
1491 2958 1744 3009 nuntiata
1776 2963 1884 3008 est.

368 3102 373 3107 .
448 3050 716 3104 Caeterum
754 3046 1156 3102 Constantinus
1186 3047 1420 3118 Magnus
1458 3049 1644 3102 Romae
1680 3048 1747 3100 t‘z
1780 3060 1957 3101 annos

2151 3046 2211 3098 '0
2250 3045 2441 3115 μέντοι
2489 3043 2666 3113 μέγας
2692 3043 3113 3105 Κωνσταντῖνος
3154 3042 3213 3095 ὲν
3251 3039 3434 3113 Ῥώμῃ
3479 3044 3645 3112 lupi-

374 3141 690 3210 imperavit,
739 3139 883 3209 apud
944 3154 1044 3193 nos
1092 3139 1199 3205 20;
1240 3156 1478 3209 cumque
1523 3150 1715 3195 contra
1765 3142 1963 3195 Persas

2066 3155 2232 3209 τησεν
2263 3136 2358 3205 ἔτη
2396 3134 2484 3207 ιβ’,
2527 3135 2767 3191 ἐνταῦθα
2818 3136 3014 3202 εῐκοσι,
3052 3133 3148 3188 καὶ
3186 3135 3247 3187 ὲν
3290 3135 3648 3208 Νικομηδείᾳ

374 3251 502 3289 cum
538 3232 717 3302 copiis
753 3240 1024 3297 moveret,
1057 3232 1391 3289 Nicomediae
1434 3233 1545 3287 vita
1595 3233 1820 3288 functus
1850 3240 1959 3295 est,

380 3344 481 3399 per
511 3326 740 3382 insidias
770 3325 1002 3380 fratrum
1038 3326 1289 3381 sublatus
1318 3342 1349 3381 c
1374 3327 1581 3392 medio,
1607 3326 1703 3397 qui
1738 3335 1965 3396 propter

382 3419 699 3493 simultates
735 3419 1024 3488 quasdam,
1055 3434 1179 3473 cum
1209 3434 1274 3473 eo
1322 3434 1459 3488 quas
1489 3418 1848 3484 exercebant,
1879 3419 1965 3472 leo

379 3496 532 3569 thale
567 3528 843 3566 venenum
878 3513 924 3567 ei
955 3496 1341 3583 propinarunt.
1375 3512 1602 3566 Mortem
1634 3512 1754 3583 ejus
1776 3526 1966 3567 come-

383 3615 469 3660 tes
512 3615 759 3671 exortus,
791 3613 853 3658 ut
885 3603 1177 3683 memoriae
1215 3600 1495 3675 proditum
1526 3610 1635 3665 est,
1662 3600 1962 3671 portendit.

381 3682 613 3769 Magnus
634 3707 784 3752 certe
811 3696 1048 3752 Basilius
1079 3693 1387 3764 signiﬁcare
1409 3693 1622 3760 volens,
1649 3693 1966 3763 huiusmodi

380 3793 494 3846 vim
522 3770 861 3845 cometarum
906 3803 1051 3852 esse,
1090 3805 1108 3837 ι
1148 3784 1398 3852 Quoties,
1455 3786 1659 3856 inquit,
1687 3785 1968 3841 exsistunt

384 3864 640 3955 cometae,
667 3878 823 3949 signa
860 3884 993 3933 sunt
1027 3876 1399 3941 successionis
1429 3892 1642 3948 regum.
1676 3895 1695 3929 ι
1728 3876 1967 3934 Alexan-

383 3956 483 4025 der
529 3970 841 4025 monachus
872 3971 926 4025 in
962 3968 1196 4023 historia
1227 3968 1296 4025 de
1350 3970 1603 4039 pretiosae
1652 3970 1839 4026 crucis
1882 3971 1969 4027 in-

385 4050 647 4119 ventione
681 4061 854 4118 tradit
884 4058 1145 4133 magnum
1188 4061 1337 4118 hunc
1369 4063 1678 4133 principem
1707 4061 1969 4118 Nicome-

386 4144 492 4211 diae
520 4155 631 4211 fato
671 4155 951 4219 functum,
981 4140 1107 4207 cum
1139 4152 1395 4211 lethii‘cro
1422 4156 1621 4210 morbo
1667 4155 1967 4229 laboraret.

388 4246 599 4301 Ibidem
656 4262 783 4302 eum
841 4244 1027 4300 morbi
1088 4254 1334 4317 tempore
1386 4246 1747 4317 baptizatum.
1779 4261 1901 4311 esse
1954 4262 1969 4300 :

387 4338 787 4395 Constantinus
818 4335 991 4405 enim,
1025 4345 1088 4393 ut
1127 4338 1246 4410 ipse
1288 4338 1512 4409 quidem
1548 4347 1970 4406 commemorat,

389 4430 457 4485 ad
512 4430 648 4486 illud
709 4445 884 4499 usque
944 4429 1214 4500 temporis
1263 4429 1597 4500 baptismum
1659 4428 1968 4493 distulerat,

390 4524 539 4595 quod
572 4523 821 4577 divinum
865 4523 973 4579 hoc
1012 4524 1288 4580 lavacram
1324 4525 1379 4577 in
1428 4523 1669 4579 Jordanc
1704 4523 1969 4593 consequi

390 4625 644 4686 cuperet.
676 4612 880 4671 Verum
915 4616 1034 4671 haec
1065 4615 1313 4670 narratio
1349 4630 1543 4685 reapse
1594 4631 1787 4686 parum
1835 4630 1969 4670 vero

393 4718 765 4777 consentanea
794 4710 1037 4766 videtur.
1066 4709 1202 4766 Nam
1234 4709 1359 4780 plus
1390 4717 1639 4764 meretur
1664 4707 1793 4764 [idei
1824 4707 1973 4780 quod

399 4803 492 4857 alii
532 4801 776 4868 tradunt,
813 4817 939 4857 cum
975 4801 1121 4871 apud
1167 4799 1399 4855 Romam
1430 4810 1676 4856 veterem
1724 4815 1756 4855 a
1787 4810 1975 4855 sancto

402 4893 671 4949 Silvestre
698 4893 1037 4964 baptizatum
1073 4908 1217 4948 esse.
1246 4892 1572 4965 Quanquam
1605 4890 1754 4949 cnim
1784 4890 1973 4947 Ariani

398 4986 624 5055 quidam
650 4996 973 5042 constanter
1006 4995 1266 5042 asserunt
1294 5003 1422 5045 cum
1452 4988 1519 5043 ab
1543 4985 1786 5043 Eusebio
1814 4986 1976 5042 Nico-

401 5079 597 5133 media:
631 5079 878 5136 antistite
910 5081 1250 5151 baptizatum
1285 5096 1430 5149 esse,
1465 5091 1528 5137 ιιι
1558 5081 1654 5153 qui
1698 5079 1974 5139 Constan-

474 5265 588 5342 (76)
617 5266 798 5342 Miror
825 5266 1045 5342 Clycam
1069 5284 1111 5342 _e
1142 5268 1363 5341 Syriaca
1406 5271 1596 5342 lingua
1626 5269 1973 5342 allusionem

402 5337 757 5413 9Ut|:Si\'iSSC,_
784 5337 909 5393 cuni
965 5339 1153 5413 Latina
1185 5337 1349 5396 ’essct
1402 5341 1454 5396 in
1494 5337 1766 5413 promptu
1799 5341 1975 5413 cuivis

404 5411 675 5482 Romano:
719 5409 855 5482 Cras
911 5410 1057 5482 enim
1117 5409 1522 5482 crastinusque
1552 5409 1682 5467 dies
1717 5411 1977 5466 omnibus

410 5488 595 5535 notus.
645 5479 750 5551 Sed
796 5481 912 5535 hate
969 5481 1152 5537 obiter
1201 5499 1214 5535 :
1275 5479 1427 5537 rem'
1457 5492 1707 5537 nostram
1761 5481 1997 5551 propius

406 5560 613 5618 spectat
646 5550 1005 5621 interrogatio
1023 5551 1384 5608 Ethnicorum
1418 5554 1519 5607 :Ti
1549 5547 1973 5621 βυῶσωάἷιται,

407 5622 722 5743 κακὸγηρε;
763 5620 843 5675 sic
885 5623 1031 5675 enim
1092 5622 1599 5694 interpungendum
1659 5632 1747 5678 est
1791 5636 1856 5676 ex
1912 5620 1973 5676 F.

407 5691 542 5743 Ouid
578 5690 615 5743 il
641 5706 686 5743 α’
715 5692 790 5743 sic
840 5701 1192 5743 nerstrcmtnt-
1243 5711 1270 5743 ο
1334 5695 1662 5743 inforlnnntc
1718 5691 1973 5743 senecio?

406 5691 542 5764 Quid
578 5690 790 5764 illaﬂsic
839 5701 1192 5762 perstrepunt,
1242 5690 1270 5748 ξ)
1334 5690 1662 5764 inforltumtc
1718 5691 1978 5764 senecio?

406 5760 585 5834 Minus
624 5763 769 5814 enim
817 5760 964 5834 recte
1000 5760 1054 5817 in
1090 5774 1278 5818 nostro
1308 5760 1500 5818 codice
1537 5768 1820 5834 κακόγηρε
1850 5763 1979 5834 jun-

404 5831 558 5897 gitur
591 5846 715 5902 cum
763 5831 908 5894 εἰπὲ,
937 5834 1123 5902 sicque
1163 5834 1559 5902 interpretatus
1597 5842 1682 5887 cst
1711 5831 1977 5886 Leuncla-

411 5903 533 5955 vius
569 5916 581 5951 :
612 5900 889 5971 Syrorum,
922 5921 951 5957 0
988 5900 1241 5973 improbe,
1286 5900 1488 5973 lingua,
1528 5916 1626 5967 etc.
1680 5903 1794 5958 Etsi
1828 5902 1972 5958 cnim

2063 3230 2300 3282 ἀπέθανε
2325 3228 2465 3283 κατὰ
2492 3228 2719 3298 Περσῶν
2747 3227 3023 3298 ἀπαίρων.
3048 3225 3290 3298 Τελευτᾷ
3316 3227 3375 3279 δὲ
3400 3227 3489 3282 τὸν
3530 3227 3649 3298 βίον

2061 3325 2121 3392 ἐξ
2158 3323 2455 3392 ἐπιϐουλῆς
2503 3322 2611 3394 τῶν
2666 3322 3132 3392 ὲτεροθαλούντοιν
3174 3321 3325 3391 αὐτῷ
3376 3322 3651 3391 ἀδελφῶν,

2065 3404 2358 3489 φάρμακον
2379 3415 2530 3487 αὐτῴ
2552 3415 2876 3487 δηλητήριον
2900 3412 3269 3486 ὶγχεαμένων,
3297 3414 3550 3483 ἀστέρος,
3570 3413 3648 3479 ὥς

2065 3528 2224 3580 φασι,
2268 3509 2517 3580 κομήτου
2548 3508 2640 3562 τὸν
2689 3506 2922 3563 θάνατον
2955 3507 3125 3562 αὑτοῦ
3160 3507 3644 3579 προμηνύσαντοςσ

2065 3602 2227 3656 είωθε
2263 3600 2373 3670 γὰρ
2408 3605 2471 3654 ὲν
2501 3600 3052 3671 τοιούτοιςεκομήτας
3074 3600 3148 3654 -ὲν
3189 3599 3412 3671 οὐρανῷ
3452 3600 3649 3654 πολλά-

2066 3710 2155 3755 κις
2205 3691 2515 3762 φαίνεσθαι,
2547 3692 2643 3744 καὶ
2673 3691 2833 3745 τοῦτο
2862 3690 3041 3761 δηλῶν
3069 3693 3099 3744 ὁ
3133 3691 3305 3760 μέγας
3358 3688 3643 3755 Βασίλειος

2067 3786 2256 3855 ἔλεγε·
2296 3804 2316 3837 ι
2351 3784 2711 3841 Συνίστανται
2753 3784 2812 3838 δὲ
2857 3786 3099 3855 κομῆται
3149 3790 3354 3854 σημεῖα
3393 3785 3651 3857 διαδοχῆς

2071 3879 2344 3949 βασιλέων
2396 3876 2683 3948 φέροντες.
2727 3895 2747 3929 ι
2784 3878 2896 3930 Καὶ
2925 3879 2954 3931 ὁ
2995 3877 3097 3947 μὲν
3133 3879 3368 3950 μεναχος
3408 3879 3653 3944 Ἀλέξανς

2069 3973 2196 4042 δρος
2224 3974 2283 4025 ἐν
2304 3970 2372 4043 τῇ
2397 3972 2487 4025 διὰ
2512 3972 2615 4042 τὴν
2645 3967 2742 4024 τοῦ
2767 3970 2953 4040 τιμίου
2990 3971 3231 4039 σταυροῦ
3261 3970 3483 4039 εὕρεσιν
3507 3969 3652 4022 ἱστοιρ

2075 4066 2170 4135 ρία
2217 4063 2367 4131 λέγει
2408 4062 2509 4132 μὲν
2537 4064 2597 4118 ἐν
2639 4061 2980 4133 Νικομηδείᾳ
3008 4060 3339 4131 τελευτῆσαι
3359 4061 3452 4114 τὸν
3494 4061 3652 4128 am

2073 4144 2494 4211 Κωνσέταρντῖνον
2542 4154 2683 4225 νόσῳ
2737 4153 3029 4225 θανασίμῳ
3085 4154 3440 4225 συσχεθέντα.
3493 4171 3648 4224 τηνι-

2071 4246 2251 4305 καῦτα
2299 4247 2357 4306 δὲ
2403 4247 2499 4301 καὶ
2550 4245 2966 4316 βαπτισθῆναιο
3023 4245 3351 4301 ἀνεϐάλλετο
3396 4246 3529 4317 γὰρ,
3575 4247 3651 4305 ὡς

2075 4341 2287 4402 ἐκεῖνος
2336 4356 2536 4408 φησιν,
2567 4338 2675 4402 ἓως
2707 4339 2880 4392 θέλων
2928 4339 2989 4391 ὲν
3036 4338 3280 4408 Ἰορδάνῃ
3322 4340 3509 4407 τυχεῖν
3555 4337 3650 4390 τοῦ

2004 4465 2048 4521 ι)
2077 4430 2229 4485 θείου
2284 4430 2540 4500 λουτροῦ.
2583 4430 2878 4485 ’Λπίθανον
2915 4431 2975 4484 δὲ
3024 4428 3185 4484 τοῦτο
3215 4429 3298 4500 τῷ
3326 4430 3439 4482 ὄντι
3481 4427 3649 4482 δοκεῖ.

2090 4522 2487 4594 Ἀληθὲστερον
2516 4523 2625 4592 γὰρ
2656 4523 2910 4593 φαίνεται
2960 4519 3190 4579 εἶναιτὸ
3237 4525 3297 4576 ἐν
3344 4523 3534 4593 Ῥώμῃ
3580 4525 3647 4592 τῇ

2079 4614 2431 4687 πρεσϐυτέρᾳ
2460 4614 2563 4668 ὑπὸ
2585 4614 2680 4668 τοῦ
2707 4615 2867 4683 ἁγίου
2906 4616 3235 4685 Σιλῆέστρου
3288 4615 3649 4684 βεϐαπτίσθαι

2074 4708 2259 4773 αὐτόν.
2317 4708 2378 4761 Εἰ
2432 4708 2542 4777 γὰρ
2590 4709 2685 4765 καὶ
2717 4707 2993 4778 Ἀρειανοί
3044 4724 3190 4770 τινες
3226 4707 3656 4777 διισχυρίζονται

2074 4802 2156 4855 ὅτι
2198 4801 2302 4855 ὑπὸ
2343 4800 2612 4855 Εὐσεϐίου
2658 4801 2752 4855 τοῦ
2808 4798 3184 4871 Νικομηδείας
3232 4799 3541 4869 ἐϐαπτίσθη
3567 4799 3657 4851 διὰ

2072 4893 2134 4947 τὸ
2180 4894 2277 4945 καὶ
2326 4892 2609 4963 συμϐῆναι
2662 4893 2830 4948 αὐτὸν
2882 4895 3067 4949 ἐκεῖσε
3113 4876 3477 4964 κοιμηθῆναι,
3517 4890 3654 4945 ἀλλὰ

2073 4987 2218 5041 κατὰ
2240 4986 2340 5056 τὴν
2378 4985 2604 5057 Ῥώμην
2630 4986 2946 5059 βαπτιστὴρ
2973 4986 3070 5040 τοῦ
3106 4988 3347 5057 μεγάλου
3381 4983 3650 5055 λαμπρῶς

2074 5080 2323 5152 παριστᾷ
2377 5078 2477 5150 τὴν
2525 5080 2806 5151 ἀλήθειαν,
2854 5081 2969 5149 εἴγε
3017 5081 3110 5135 καὶ
3159 5081 3364 5152 μᾶλλον
3395 5078 3645 5134 ἀδύνατον

2084 5270 2192 5324 alia
2241 5270 2447 5333 desint,
2503 5285 2608 5325 vox
2670 5271 2774 5325 ista
2830 5266 3233 5326 contumeliosa
3279 5282 3472 5337 parum
3508 5281 3649 5322 sane

2087 5341 2341 5410 congruit
2402 5341 2687 5396 modestia:
2721 5339 3053 5395 sanctissimi
3099 5341 3383 5405 antistitis,
3425 5352 3528 5396 nec
3556 5340 3653 5393 uni

2088 5412 2355 5465 duntaxat
2401 5412 2624 5466 ctlinico
2662 5411 2955 5480 rcSpondit
2989 5426 3021 5465 a
3062 5410 3318 5480 pluribus
3351 5411 3657 5476 interroga-

2074 5484 2391 5552 ῑυεηπαρὰ
2439 5483 2551 5533 τῶν
2587 5479 2862 5552 Ἑλλήνων
2910 5479 3231 5552 ἐρωτηθείς,
3289 5480 3424 5546 Quae
3471 5479 3659 5552 subdit

2080 5552 2148 5605 de
2187 5550 2552 5608 Constantino
2584 5550 2768 5606 Romae
2805 5566 2902 5620 per
2947 5567 3124 5607 annos
3167 5550 3256 5613 12,
3289 5551 3372 5606 vel
3402 5561 3462 5605 nt
3494 5551 3657 5606 habet

2082 5621 2144 5685 ν,
2200 5628 2292 5689 ιγ’,
2332 5623 2423 5687 15,
2469 5619 3319 5692 imperante,Constantinopoli
3366 5636 3510 5692 vero
3563 5637 3660 5691 per

2080 5706 2258 5746 annos
2288 5694 2382 5755 20,
2413 5690 2743 5747 refelluntur
2777 5691 2938 5745 facile
2991 5708 3058 5746 ex
3092 5692 3159 5746 iis
3190 5690 3311 5760 quae
3347 5691 3418 5745 de
3466 5690 3659 5745 Encze-

2081 5762 2189 5816 niis
2220 5779 2375 5819 novae
2406 5764 2594 5818 Romae
2642 5762 2681 5814 αὶ
2731 5761 2853 5815 Maii
2910 5762 3040 5815 anni
3075 5762 3403 5817 Christiana:
3435 5762 3663 5829 rpochm

2079 5832 2185 5887 550
2235 5844 2288 5890 ct
2328 5834 2486 5890 obitu
2526 5831 2872 5889 Constantini
2926 5848 3071 5887 anno
3120 5833 3245 5895 557,
3286 5833 3417 5902 alibi
3461 5834 3650 5889 docui-

2081 5918 2222 5958 tuus.
