4054 6426
326 326 360 387 4
399 327 432 387 3
1567 336 1968 396 ANNALIUM
2012 338 2206 397 PARS
2251 339 2345 398 IV.
3292 355 3297 364 '
3481 336 3584 398 dfli-

325 439 391 513 ἦν
426 444 794 515 ἀκοινώνητον
849 443 990 500 εἶναι
1048 450 1210 502 αὐτὸν
1269 451 1327 502 ἐν
1377 453 1443 522 τῇ
1494 453 1639 504 κατὰ
1671 452 1886 506 Νίκαια

2018 455 2130 508 tino
2175 455 2326 510 illum
2373 455 2439 509 ad
2490 458 2670 510 locum
2723 473 2896 526 usque
2942 470 3126 512 comes
3175 454 3366 512 fuerit.
3401 455 3586 522 itaque

329 533 530 602 σύνοδῳ
553 550 567 564 ·
602 535 719 598 πῶς
751 540 862 608 γάρ
890 536 1124 606 ἠδύνατο
1152 539 1185 609 ἢ
1223 539 1578 610 συνεύχεσθαι
1610 541 1643 610 ἢ
1689 541 1900 594 συλλειο

331 632 586 696 τουργεῐν
617 629 806 694 αὐτοῖς
851 629 1025 695 οὕτως
1061 631 1200 702 ἔχων
1235 633 1432 699 αὑτὸςς
1471 632 1544 686 Τὸ
1592 633 1770 702 λέγειν
1812 630 1905 689 οὖν

325 723 422 775 καὶ
472 723 692 790 φρονεῖν
725 722 873 778 οὓτω
901 726 1032 796 περὶ
1054 725 1150 779 τοῦ
1188 726 1428 797 μεγάλου
1460 727 1556 780 καὶ
1595 726 1715 782 λίαν
1750 729 1901 780 ἐστὶν

325 814 701 872 ἀτοπώτατον.

2013 545 2276 616 deinceps
2330 546 2764 613 obdormivissc;
2823 564 2931 601 non
2989 557 3172 602 tamen
3225 546 3456 600 dubium
3505 558 3583 599 cst

2012 636 2146 706 quin
2180 637 2360 706 magni
2408 638 2568 707 hujus
2610 639 2963 708 imperatoris
2993 638 3404 708 baptisterium,
3440 635 3586 706 quod

2012 726 2194 781 adhuc
2229 726 2414 780 Romze
2443 727 2802 798 conspicitur,
2834 728 3033 782 illustri
3056 731 3269 783 ratione
3294 729 3587 782 veritatem

2014 829 2431 874 commonstret.
2476 819 2590 874 lmo
2634 821 2751 876 ﬁeri
2787 839 2897 877 non
2933 823 3109 892 potuit
3157 833 3216 877 ut
3264 821 3486 876 Niczeno
3533 821 3586 874 in

324 907 564 960 concilio
587 907 846 980 baptismi
869 923 1072 978 expers
1096 909 1212 980 ipse
1241 909 1404 965 foret.
1461 909 1581 977 Quo
1608 909 1756 966 enim
1814 915 1976 981 pacto
2015 911 2102 966 vel
2135 927 2328 981 preces
2381 927 2486 964 una
2521 912 2813 982 concipere
2848 914 2931 967 vel
2967 913 3141 968 sacris
3176 915 3369 968 adesse
3418 912 3586 968 rebus

326 1013 538 1072 poterat
585 1008 827 1059 nondum
883 1006 1138 1076 baptismi
1187 1009 1506 1077 particeps?
1551 1008 1898 1080 Quapropter
1938 1009 1995 1064 in
2026 1011 2174 1064 hunc
2209 1009 2432 1063 modum
2464 1009 2530 1063 de
2560 1009 2680 1063 viro
2713 1010 2952 1064 maxime
2981 1010 3062 1064 vel
3094 1009 3244 1079 loqui
3304 1009 3389 1063 vel
3455 1025 3586 1064 scn-

326 1099 426 1152 tire
454 1102 684 1166 prorsus
714 1100 1016 1154 absurdum
1043 1101 1233 1156 fuerit.

396 1193 553 1245 Ὅσον
583 1193 638 1245 δὲ
671 1183 702 1264 ἡ
741 1195 872 1264 άγία
902 1195 1046 1266 ψυχὴ
1077 1199 1170 1252 τοῦ
1199 1199 1440 1268 μεγάλου
1476 1200 1894 1254 Κωνσταντίνου

324 1287 835 1355 συγκαταϐαίνουσά
882 1306 942 1342 τε
990 1292 1085 1344 καὶ
1119 1293 1583 1361 συγγνωμονοῦσα
1632 1296 1754 1357 ταῖς
1785 1293 1894 1348 τῶν

321 1380 531 1434 πολλῶν
576 1381 888 1446 ἀσθενείαις
920 1384 1207 1455 ἐτύγχανε,
1227 1386 1388 1456 δῆλον
1440 1386 1758 1441 κάντεῦθεν.
1802 1387 1895 1440 Λί-

316 1473 562 1542 τιάματα
601 1474 850 1544 ἔγγραφα
886 1477 1404 1546 προσεκομίσθησαν
1427 1478 1574 1550 αὑτῷ
1609 1479 1730 1533 κατ’
1771 1480 1894 1533 ἐπι-

317 1567 537 1620 σκόπων
561 1584 574 1598 ·
610 1567 704 1620 καὶ
755 1566 813 1628 ὃς
849 1568 975 1631 τοὺς
1016 1569 1116 1638 μὲν
1139 1569 1347 1640 χάρτας
1381 1569 1580 1622 αὐτίκα
1617 1570 1889 1624 κατέκαυ-

315 1677 431 1723 σεν,
469 1659 623 1728 ἔλεγε
666 1659 758 1712 δέ’
799 1657 904 1713 «Εἰ
967 1658 1108 1714 εἶδον
1172 1662 1557 1732 ἁμαρτάνοντα
1600 1663 1772 1732 ἱερέα,
1804 1661 1891 1715 διὰ

311 1753 416 1820 τῆς
450 1752 718 1823 χλαμύδος
765 1753 1049 1807 ἐσκέπασα
1102 1754 1169 1806 ἂν
1218 1754 1406 1820 αὑτὸν,
1439 1753 1526 1807 ἵνα
1575 1755 1670 1809 καὶ
1698 1759 1726 1808 ὁ
1758 1755 1891 1818 Θεὸς

2069 1195 2245 1263 Quam
2267 1195 2556 1266 insigniter
2587 1207 2769 1249 autem
2804 1207 2988 1250 sancta
3020 1197 3200 1265 magni
3231 1197 3584 1254 Constantini

1996 1291 2177 1344 anima
2215 1304 2273 1343 se
2302 1288 2584 1343 demiserit
2630 1304 2694 1342 ac
2761 1288 3060 1343 multorum
3116 1285 3586 1362 iinbecillitatibzis

1995 1381 2286 1452 ignoverit,
2319 1381 2405 1436 vel
2436 1381 2565 1434 hinc
2599 1379 2761 1452 252
2799 1381 2980 1451 colligi
3040 1382 3331 1436 manifesto
3371 1393 3582 1452 potest.

1994 1475 2165 1530 Erant
2193 1475 2259 1528 ad
2321 1475 2503 1544 ipsum
2558 1475 2707 1529 allati
2757 1475 2946 1542 libelli,
3007 1475 3210 1544 quibus
3273 1477 3580 1548 antistitum

1999 1567 2376 1622 accusationes
2400 1566 2619 1636 scripta:
2657 1566 3104 1620 continebantur.
3144 1567 3282 1621 Tum
3315 1569 3585 1623 Constan-

2001 1659 2148 1712 tinus
2165 1657 2384 1712 chartas
2408 1672 2532 1712 mox
2561 1657 2955 1724 concremavit,
2989 1665 3043 1709 et
3078 1656 3390 1726 hujusinodi
3417 1659 3580 1711 verba

1999 1751 2234 1821 subjecit
2267 1769 2281 1804 :
2313 1769 2331 1801 ι
2375 1751 2429 1806 Si
2461 1751 2802 1805 sacerdotem
2836 1749 3248 1818 delinquentem
3311 1750 3578 1813 viderem,

313 1845 568 1919 σκεπάσῃ
601 1846 668 1900 τὰ
716 1847 825 1917 ὲμὰ
867 1847 1267 1917 ἁμαρτήματα.
1299 1867 1318 1899 ι
1358 1848 1469 1901 Καὶ
1498 1848 1738 1916 Σεϐἦρος
1771 1848 1886 1918 μὲν,

1998 1842 2101 1898 hac
2157 1859 2279 1896 eum
2329 1843 2615 1913 chlamyde
2651 1852 2908 1912 tegerem,
2972 1850 3031 1895 ut
3079 1842 3222 1895 Deus
3256 1841 3419 1895 etiam
3460 1858 3579 1896 mea

311 1938 387 2001 ὡς
419 1937 628 1994 ἄνωθεν
659 1939 899 2010 εἴρηται,
933 1941 993 1994 τὸ
1027 1940 1245 2012 πρῶτον
1295 1941 1507 2012 κτίσμα
1561 1942 1760 1996 δέδωκε
1817 1942 1895 2014 τῷ

314 2029 680 2099 ἱπποδρομίῳ,
707 2031 734 2082 ὁ
779 2031 837 2084 δὲ
879 2032 1056 2099 μέγας
1098 2033 1512 2097 Κωνσταντίνος
1563 2034 1692 2096 τοὺς
1731 2051 1893 2104 περι-

309 2120 539 2185 πάτους,
580 2121 678 2184 τὰς
707 2121 976 2191 βαθμίδας
1023 2124 1119 2177 καὶ⁸
1146 2124 1239 2176 τὸν
1269 2124 1457 2179 λοιπὸν
1499 2124 1649 2196 αὑτῷ
1679 2125 1894 2179 καλλωο

313 2215 517 2284 πισμὸν
567 2213 784 2285 ἔφερεν.
817 2214 957 2268 Ἀπό
1010 2232 1070 2268 τε
1123 2215 1522 2286 Νικομηδείας.
1553 2218 1895 2288 Ἀντιοχείας

310 2307 404 2360 καὶ
434 2306 638 2361 λοιπῶν
667 2309 879 2362 πόλεων
908 2310 975 2362 τά
1009 2309 1066 2363 ὲν
1101 2309 1250 2381 αὐτῷ
1273 2309 1572 2381 ἀγάλματα
1605 2311 1856 2382 ἤχθησαν
1875 2329 1892 2344 ⁶

311 2399 615 2470 τηνικαῦτα
666 2400 762 2454 καὶ
816 2401 925 2472 γάρ
973 2401 1034 2454 τὸ
1076 2403 1239 2465 σέϐας
1270 2403 1451 2458 αὐτῶν
1504 2403 1889 2458 καταλέλυται.

326 2491 412 2546 Ἐν
467 2489 550 2558 οἷς
611 2494 705 2546 καὶ
746 2493 917 2547 πολλὰ
959 2493 1234 2567 περὶτῶν
1269 2493 1574 2564 μελλόντων
1607 2496 1890 2564 ὲγγέγρα-
1933 2531 1947 2548 .

321 2603 463 2640 πται.
497 2587 604 2638 Καὶ
648 2585 788 2640 αὐτὰ
836 2586 892 2638 δὲ
934 2586 1003 2638 τά
1034 2587 1310 2654 Μάγγανα
1338 2587 1492 2656 παρὰ
1518 2587 1614 2640 τοῦ
1648 2585 1890 2656 μεγάλου

316 2679 583 2743 κτίζονται
608 2679 1021 2733 Κωνσταντίνου
1041 2695 1056 2710 ο
1094 2680 1386 2734 ἀπέκειντο
1409 2681 1516 2751 γὰρ
1546 2682 1726 2733 ἐκεῖσε
1747 2681 1888 2734 πάν·-

314 2789 380 2825 τα
409 2773 475 2825 τά
498 2771 774 2846 πολεμικά
807 2773 1014 2842 ὄργανα
1049 2777 1144 2826 καὶ
1167 2773 1224 2825 αἱ
1253 2774 1557 2844 μηχανικαὶ
1589 2774 1782 2844 βίϐλοι.
1828 2773 1889 2828 '0

309 2867 484 2932 μέγας
519 2867 932 2927 Κωνσταντῑνος
975 2869 1033 2917 ὲν
1072 2865 1150 2935 τῷ
1210 2867 1526 2936 στρατηγίῳ
1558 2865 1737 2937 εὑρὼν
1789 2867 1889 2931 τὰς

306 2959 554 3026 φυλακάς
581 2959 675 3012 τοῦ
711 2959 1009 3023 Βυζαντίου
1039 2961 1218 3011 ἐκεῖσε
1251 2961 1344 3012 καὶ
1375 2961 1535 3023 αὐτὸς
1559 2958 1884 3028 ἐφυλάκιζε,

307 3056 405 3106 καὶ
435 3054 690 3122 διήρκεσε
720 3051 878 3105 τοῦῑο
907 3054 1035 3123 ἄχρι
1069 3054 1252 3106 Φωκᾶ.
1287 3054 1447 3124 Χήρα
1475 3054 1533 3108 δέ
1563 3071 1648 3116 τις
1692 3071 1889 3125 πατρι-

310 3151 425 3210 κίοι,
462 3149 624 3218 Μάρη
661 3147 923 3216 τοῦνομα,
961 3150 1236 3218 ἐλεήσασα
1261 3150 1389 3211 τοὺς
1412 3147 1885 3218 φυλακιζομένους

303 3241 372 3293 δι’
405 3241 472 3310 ἣν
502 3238 648 3310 εἶχον
676 3241 964 3306 δυσωδίαν,
988 3241 1080 3296 τὸν
1119 3243 1321 3312 ἑαυτῆς
1366 3238 1517 3296 οἷκον
1565 3243 1772 3296 δέδωκε
1807 3245 1886 3314 τῷ

307 3336 524 3402 βασιλεί
551 3337 704 3403 χάριν
734 3335 949 3404 μισθοῦ,
983 3336 1077 3389 καὶ
1101 3335 1292 3405 γέγονε
1321 3336 1381 3389 τὸ
1420 3336 1516 3389 νῦν
1546 3335 1888 3407 καλούμενον

305 3426 672 3497 Πραιτώριον.
706 3429 814 3481 Καὶ
843 3431 974 3498 περὶ
1008 3429 1108 3498 μὲν
1146 3430 1356 3483 τούτων
1381 3429 1576 3493 οὕτως.

301 3533 477 3578 esset.
537 3531 738 3577 sortem
812 3523 1065 3578 acerbam
1126 3523 1445 3578 carceribus
1501 3523 1840 3578 inclusorum
1907 3522 2189 3584 miserata,
2252 3518 2398 3587 quod
2462 3517 2756 3572 {ueteribus
2799 3517 3276 3578 excruciarentnr,

1997 1947 2223 2006 peccata
2268 1945 2431 2006 tegat.
2471 1954 2489 1987 ι
2559 1934 2808 1988 Diximus
2865 1944 3047 1989 autem
3093 1952 3256 2011 supra
3291 1923 3576 1991 Severum

1998 2028 2392 2098 imperatorem
2453 2029 2693 2098 primum
2766 2027 3040 2082 condendi
3091 2029 3238 2083 Circi
3297 2030 3589 2099 equestris

1999 2119 2217 2175 initium
2249 2120 2475 2177 fecisse.
2534 2121 2665 2176 Post
2718 2120 2869 2174 illum
2905 2120 3302 2179 Constantinus
3353 2123 3579 2190 Magnus

1995 2214 2155 2270 Circo
2177 2215 2478 2284 peripatos,
2501 2213 2700 2282 gradus
2722 2223 3086 2285 ornatumque
3113 2216 3387 2285 reliquum
3419 2216 3578 2270 addi-

1996 2307 2097 2362 dit.
2124 2307 2260 2363 Nam
2291 2323 2632 2378 quacunque
2691 2308 3046 2373 Nicomedia),
3102 2306 3428 2372 Antiochia,
3467 2324 3576 2362 oze-

1998 2402 2132 2456 teris
2167 2402 2221 2454 in
2276 2400 2508 2456 urbibus
2562 2409 2717 2460 erant
2787 2400 3100 2466 simulacra,
3147 2400 3358 2470 Cpolim
3414 2401 3578 2454 allata

1995 2509 2123 2550 sunt
2161 2493 2406 2563 :quippe
2433 2494 2714 2548 veneratio
2769 2493 3192 2547 simulacrorum
3253 2495 3436 2564 prisca
3465 2495 3576 2565 jam

1993 2589 2363 2644 obsoleverat.
2394 2589 2560 2644 Multa
2580 2598 2699 2642 erat
2746 2589 2933 2642 videre
2969 2588 3280 2642 simulacris
3339 2589 3449 2643 illis
3495 2589 3580 2643 in-

1995 2684 2202 2752 scripta
2225 2683 2294 2738 de
2328 2683 2498 2737 rebus
2523 2681 2748 2736 tuturis.
2809 2681 3017 2736 Praeter
3046 2682 3160 2735 base
3189 2682 3307 2750 ipsa
3357 2697 3578 2750 quoque

1991 2776 2256 2846 Mangana
2288 2784 2417 2830 sunt
2438 2791 2468 2830 a
2489 2774 2853 2830 Constantino
2878 2789 3074 2844 magno
3107 2783 3426 2838 exstructa;
3466 2790 3576 2844 quo

1994 2870 2200 2924 inloco
2227 2869 2464 2938 reposita
2503 2876 2661 2921 erant
2729 2867 2915 2922 omnia
2973 2867 3163 2921 bellica
3212 2866 3576 2921 instrumenta

1990 2962 2228 3031 librique
2254 2961 2322 3015 de
2364 2963 2531 3015 rebus
2563 2959 2922 3015 mechanicis.
2975 2959 3123 3014 Idem
3184 2959 3576 3014 Constantinus

1991 3070 2114 3109 cum
2147 3055 2200 3108 in
2231 3053 2654 3122 magistratuum
2677 3053 2840 3106 domo
2874 3051 3154 3106 sivecuria
3184 3050 3423 3119 Byzantii
3451 3066 3571 3105 iar-

1989 3149 2488 3208 ceresinvenisset.
2517 3147 2634 3217 ipse
2670 3146 2836 3202 etiam
2871 3159 3124 3200 carceres
3154 3146 3349 3198 eodem
3377 3144 3574 3198 inloco

1996 3243 2241 3312 reliquit.
2287 3245 2465 3312 Atque
2508 3241 2586 3295 illi
2623 3257 2756 3295 sane
2783 3240 2907 3295 istic
2936 3239 3003 3292 ad
3050 3237 3246 3293 Phoca:
3272 3238 3575 3306 imperato-

1995 3336 2069 3388 ris
2094 3351 2268 3404 usque
2333 3345 2582 3402 tempora
2641 3341 3082 3402 permanserunt.
3153 3332 3291 3385 Tum
3348 3329 3576 3399 patricia

1995 3427 2245 3498 qutedam
2273 3427 2496 3490 mulier,
2552 3441 2728 3494 eaque
2795 3425 2980 3490 vidua,
3040 3425 3127 3479 cui
3162 3425 3310 3479 Mare
3372 3439 3574 3476 nomen

3349 3532 3586 3586 accepto

304 3625 481 3694 pretio
514 3639 668 3677 suam
705 3623 880 3692 ipsius
935 3623 1158 3677 domum
1221 3621 1548 3691 imperatori
1623 3621 1922 3675 concessit.
1995 3616 2369 3684 Quamobrem
2407 3614 2460 3670 id
2519 3615 2784 3684 temporis
2843 3615 3128 3668 conditum
3179 3623 3261 3667 est
3319 3613 3373 3668 id
3425 3616 3573 3682 quod

309 3722 619 3774 l’rzetoriuni
681 3720 844 3773 modo
875 3728 1252 3787 nuncupatur.
1313 3720 1382 3773 Et
1409 3718 1476 3772 de
1517 3718 1606 3771 his
1647 3718 1872 3786 quidem
1908 3717 2204 3770 hactenus.

387 3821 581 3887 Κρατεῖ
611 3819 669 3870 δὲ
723 3819 862 3887 μετὰ
890 3819 1064 3869 ταῦτα
1101 3817 1481 3880 Κωνστάντιος
1512 3818 1540 3867 ὁ
1575 3817 1688 3877 υἱὸς
1715 3813 1882 3868 αὑτοῦ

303 3913 401 3980 ἔτη
434 3919 531 3978 κγ’.
569 3908 742 3973 Οὗτος
792 3911 1073 3980 ἠνάγκαζε
1122 3910 1212 3962 τὸν
1244 3910 1592 3981 πατριάρχην
1626 3907 1882 3973 Ἀλέξαν-

297 4006 422 4074 δρον
451 4005 708 4070 δέξασθαι
737 4005 819 4064 εἰς
871 4003 1159 4056 κοινωνίαν
1189 4004 1280 4055 τὸν
1307 4005 1550 4072 Ἀρειον.
1594 4004 1659 4055 Ὃ
1695 4003 1759 4071 δὴ
1787 4007 1881 4055 καὶ

301 4099 523 4163 γέγονεν
552 4098 644 4164 ἂν,
688 4098 737 4149 εί
772 4095 848 4166 μὴ
881 4099 951 4149 τά
983 4097 1081 4165 τῆς
1118 4096 1271 4159 θείας
1317 4097 1476 4168 δίκης
1507 4097 1876 4167 προέφθασεν.

310 4191 566 4242 ὐπισθεν
592 4190 702 4258 γὰρ
735 4188 830 4240 τοῦ
869 4191 1037 4258 φόρου
1079 4190 1171 4241 τὸν
1196 4188 1311 4258 βίον
1339 4189 1714 4261 κατέστρεψεν
1735 4192 1874 4260 (ΠΥ

240 4318 244 4322 -
305 4279 450 4348 ἐνυξε
482 4284 593 4352 γὰρ
624 4281 790 4335 αὐτὸν
817 4283 855 4352 ἡ
877 4280 1097 4352 γαστὴρ
1148 4283 1332 4335 ἐκεῖσε
1381 4281 1752 4353 διερχόμενον,
1793 4283 1880 4354 ἐφ’

299 4369 342 4442 ᾧ
389 4379 481 4430 καὶ
529 4375 768 4439 καθίσας
799 4376 870 4429 τὰ
902 4375 1115 4444 ἔγκατα
1140 4374 1307 4428 αὑτοῦ
1339 4378 1494 4430 κάτω
1532 4377 1872 4430 διεϐίϐασεν.

301 4471 362 4521 Οί
388 4470 568 4539 μέντοι
599 4469 812 4538 ἀνεψιοὶ
841 4468 934 4522 τοῦ
985 4467 1248 4537 μεγάλου,
1274 4468 1477 4531 Γάλλος
1518 4472 1613 4522 καὶ
1649 4455 1879 4522 Ἰουλια-

2063 3813 2191 3866 Post
2230 3809 2651 3865 Constantinum
2685 3807 2829 3861 [ilius
2853 3807 2975 3876 ejus
3011 3805 3373 3861 Constantius
3397 3823 3583 3863 annos

1987 3906 2057 3960 9.3
2082 3922 2262 3959 rerum
2297 3904 2505 3973 potitus
2535 3914 2641 3956 est.
2679 3901 2728 3955 ls
2757 3902 3130 3955 Alexandrum
3192 3902 3571 3972 patriarcliam

1989 4003 2169 4068 coegit
2218 4009 2276 4052 ut
2322 3999 2513 4051 Arium
2573 3997 2637 4050 ad
2711 3997 3161 4051 communionem
3215 3995 3578 4062 admitteret;-

1991 4093 2156 4163 idque
2198 4091 2405 4146 factum
2459 4089 2686 4143 omnino
2713 4089 2926 4156 fuisset,
2961 4091 3068 4144 nisi
3132 4088 3312 4143 divina
3360 4090 3582 4160 justitia

1985 4204 2102 4241 rem
2136 4185 2554 4251 antevertisset,
2581 4184 2712 4237 Ario
2779 4183 2947 4238 rebus
2983 4184 3241 4239 humanis
3308 4201 3336 4238 a
3389 4194 3576 4254 postc-

1983 4277 2131 4332 riore
2169 4289 2323 4346 parte
2361 4274 2487 4330 Feri
2522 4281 2818 4345 exempto;
2848 4289 2977 4329 cum
3001 4273 3151 4329 enim
3177 4275 3312 4329 istac
3341 4283 3576 4342 praetera

1982 4372 2106 4434 iret,
2163 4371 2305 4424 forte
2383 4369 2538 4423 alvus
2598 4368 2903 4422 hominem
2968 4368 3264 4439 pungendo
3321 4370 3583 4437 urgebat.

1980 4465 2333 4534 Quapropter
2370 4465 2427 4517 in
2462 4463 2649 4518 cloaca
2682 4461 2977 4517 considens
3039 4461 3156 4530 ipsa
3185 4457 3440 4514 intestina
3472 4473 3578 4528 per

293 4563 405 4625 νὸς,
435 4562 783 4629 άναγνῶστλι
811 4563 1102 4643 γεγόναέσιν
1128 4563 1186 4612 ὲν
1215 4557 1526 4630 Ἀντιοχείᾳ
1548 4560 1683 4630 (78).
1709 4560 1874 4614 Ἀλλὰ

1992 4577 2156 4613 anum
2241 4557 2467 4630 dejecit.
2539 4558 2822 4612 Patruclcs
2877 4554 3209 4620 Constantii,
3277 4553 3465 4607 Gallus
3519 4561 3582 4606 ct-

290 4658 390 4710 καὶ
450 4656 751 4726 ἐκκλησίαν
787 4655 864 4724 τῷ
919 4654 1164 4724 μάρτυρι
1223 4655 1488 4720 Μάμαντι
1540 4653 1877 4718 ἕκτιζον.ἰ“ὸ

293 4749 393 4816 μὲν
424 4749 577 4816 παρὰ
631 4745 726 4798 τοῦ
774 4744 1076 4799 Ἰουλιανοῦ
1125 4744 1454 4814 κτιξὸμενον
1491 4748 1660 4816 μέρος
1682 4747 1880 4816 ὴδαφι.

292 4843 494 4911 σμένον
525 4839 739 4910 πρωῖας
776 4837 1101 4907 ηὑρίσκετο.
1134 4838 1261 4891 Ἐπὶ
1284 4838 1481 4890 τούτου
1506 4839 1562 4890 δὲ
1597 4839 1692 4891 τι·ιῦ
1720 4841 1878 4892 Κων-

288 4930 550 4983 σταντίου
580 4930 883 4991 Ψλαϐιανὸς
909 4927 1246 4998 Ἀντιοχείας
1297 4929 1420 5000 διχῆ
1478 4931 1604 4993 τοὺς
1649 4931 1879 5001 ψάλλον-

286 5042 390 5087 τας
420 5023 615 5081 διελὼν
647 5023 716 5076 τὰ
749 5023 845 5075 τοῦ
896 5022 1067 5074 Δαϐὶδ
1095 5021 1328 5092 ψάλλειν
1361 5027 1425 5076 ἐκ
1464 5023 1718 5094 διαδοχῆς
1755 5027 1874 5078 ἑνοο

286 5119 612 5188 tte-0:13:57.

362 5399 476 5466 (‘77)
500 5399 658 5452 Errat
681 5395 880 5466 Glycas
918 5395 1052 5450 dum
1083 5394 1198 5449 Arii
1223 5395 1587 5451 fcedissimam
1624 5407 1860 5455 mortem

288 5472 392 5524 sub
448 5470 773 5523 Constantio
855 5468 1110 5534 collocat,
1174 5479 1231 5521 ct
1289 5467 1610 5522 Flavianum
1666 5473 1862 5523 eodem

291 5554 600 5610 imperante
647 5540 1053 5593 Antiochenum
1100 5539 1270 5610 fuisse
1318 5539 1624 5593 antistitem
1679 5541 1863 5594 docet.

364 5609 474 5681 (73)
516 5613 596 5664 An
628 5611 936 5664 Antiochia:
965 5626 1112 5681 cum
1144 5609 1298 5664 Gallo
1336 5612 1526 5681 l'ralre,
1562 5620 1657 5664 aut
1684 5612 1869 5680 potius

288 5680 570 5744 Caesareae,
624 5681 847 5736 lectoris
896 5680 1072 5735 cilicio
1122 5683 1344 5735 l'unctus
1394 5680 1563 5736 fuerit
1616 5683 1872 5736 Julianus

292 5773 400 5807 non
438 5755 668 5806 multum
699 5753 948 5806 interest.
984 5753 1249 5821 Ψώτισμα
1283 5751 1464 5806 reddit
1502 5753 1872 5808 Lenuclavius

301 5825 710 5878 iiiiistraiianem
733 5823 993 5884 divinant.
1023 5839 1145 5879 cum
1177 5823 1496 5880 Christiano
1523 5840 1673 5880 more
1702 5829 1872 5894 bapti-

1979 4653 2254 4716 Julianus,
2302 4652 2612 4706 Antiochia:
2690 4653 2981 4715 lectorum,
3051 4663 3192 4719 quos
3219 4657 3568 4715 ,anagnustas

1978 4747 2235 4809 dicimus,
2268 4761 2503 4799 munere
2539 4745 2858 4814 aliquandiu
2892 4741 3073 4798 functi
3118 4751 3278 4805 sunt;
3334 4755 3569 4807 cumque

1980 4839 2247 4908 templum
2294 4839 2524 4910 martyri
2587 4836 2831 4891 Mananti
2890 4834 3219 4900 conderent,
3288 4842 3568 4885 exstrui-ta

1977 4930 2181 4986 Juliani
2222 4940 2443 4999 sumptu
2478 4944 2605 4998 pars
2631 4943 2792 4982 mane
2820 4936 3036 4995 reperta
3062 4933 3147 4978 est
3175 4922 3293 4977 solo
3327 4932 3566 4990 atqttnla.

1987 5021 2101 5077 Sub
2128 5022 2374 5092 ejusdem
2402 5019 2712 5075 Constantii
2760 5017 2996 5088 imperio
3031 5015 3322 5071 Flavianus
3374 5015 3570 5068 Antio-

1986 5115 2220 5178 chenus,
2264 5117 2400 5167 duas
2434 5114 2486 5166 in
2513 5121 2697 5182 partes
2727 5111 2923 5165 divisis
2954 5109 3050 5179 qui
3094 5108 3421 5178 psallerent.
3473 5121 3580 5162 eos-

1990 5209 2210 5263 Davidis
2249 5207 2479 5278 hymnos
2505 5205 2819 5260 alternatim
2842 5205 3135 5258 concinere
3167 5201 3356 5273 jussit.

1972 5416 2147 5453 smum
2201 5398 2386 5453 dicere
2434 5397 2731 5462 debuisset,
2781 5397 3100 5468 emittitque
3135 5399 3238 5452 ista
3286 5411 3354 5448 ex
3391 5395 3567 5468 Mota-f

1974 5470 2201 5541 phraste
2248 5470 2420 5524 fuisse
2473 5468 2794 5536 desumpta;
2857 5465 3025 5522 verba
3087 5470 3235 5524 enim
3272 5469 3398 5530 ista,
3429 5465 3502 5525 ὡς

1980 5535 2392 5611 Μεταφραστὴς
2431 5535 2687 5607 ἱστορεῖς
2719 5557 2827 5594 non
2865 5550 3078 5611 tantum
3119 5542 3172 5593 in
3208 5552 3418 5611 nostro,
3468 5535 3570 5586 sed

1981 5623 2036 5667 ct
2072 5612 2128 5664 in
2164 5609 2202 5667 Ε
2234 5609 2516 5681 leguntur.
2559 5611 2708 5664 Idem
2745 5611 3019 5681 interpres
3053 5609 3422 5681 Leunclavius
3475 5621 3565 5670 pa-

1981 5697 2103 5736 rum
2172 5679 2368 5738 idonee
2438 5697 2561 5751 pag.
2619 5697 2736 5750 seq.
2793 5679 2908 5752 τὴνί
2960 5679 3342 5749 ΙΙεντηκοστὴν
3403 5684 3572 5751 vocat-

1980 5753 2465 5823 Quinquagesimw
2533 5757 2759 5818 l'estum,
2804 5767 2930 5806 cum
2999 5768 3100 5806 usu
3156 5759 3438 5816 receptum
3493 5757 3564 5798 sit

1982 5829 2126 5895 apud
2164 5841 2356 5880 omnes
2400 5824 2747 5880 Christianos
2775 5839 2980 5879 nomen
3007 5823 3380 5879 Pentecosws.
