4054 6450
409 355 507 424 487
1679 353 2105 421 MlCi‘iAELIS
2146 353 2408 420 GLYCJE
3543 359 3650 424 488

405 483 524 523 rum
558 466 782 522 seriudo
809 472 861 520 et
893 478 1072 519 arceo.
1095 460 1364 520 Praeterea
1393 465 1619 521 clericos
1645 481 1853 533 omnes,
1886 484 1957 537 qu

2085 470 2150 521 τὰ
2179 468 2319 522 κατὰ
2355 469 2583 537 ἄγνοιαν
2619 469 2878 539 γινόμενα
2896 467 3020 522 οὕτε
3051 469 3182 534 Θεὸς
3223 470 3347 523 οὔτε
3374 470 3528 539 νόμοι
3556 489 3653 524 κου

406 577 468 616 ea
501 559 781 615 vobiscum
820 557 951 612 'ausi
983 555 1190 612 iuerint
1218 558 1286 612 ab
1316 573 1382 612 eo
1401 566 1644 628 tempore
1669 562 1971 615 communi-

401 668 528 707 care
554 665 666 721 quo
692 649 1094 718 colligationem
1115 657 1172 703 et
1208 649 1487 703 vinculum
1535 649 1640 704 hoc
1668 665 1850 704 meum
1887 665 1972 705 re-

405 742 702 805 sciveritis,
751 741 948 796 ordine
982 755 1198 796 moveo.
1237 741 1609 798 Consimiliter
1651 743 1968 808 Arsacium,

345 829 560 905 Iquem
612 833 667 888 in
700 832 897 887 solium
938 833 1288 903 episcopatus
1338 834 1460 888 loco
1508 834 1689 905 magni
1745 832 1972 890 Joannis

401 927 548 981 illius
588 924 974 988 substituistis,
1007 923 1172 979 etiam
1224 933 1346 994 post
1377 934 1610 992 mortem
1640 941 1766 981 cum
1796 926 1972 981 omni-

400 1020 504 1074 bus
543 1019 636 1088 qui
663 1032 791 1072 cum
827 1016 950 1087 ipso
983 1016 1380 1072 commercium
1427 1016 1742 1073 habuerunt
1778 1019 1970 1075 ordine

400 1126 706 1175 movemus,
740 1124 879 1166 neve
907 1109 1285 1180 perscribatur
1315 1110 1435 1180 ejus
1482 1125 1679 1165 nomen
1713 1112 1886 1168 sacris
1914 1111 1970 1166 in

403 1203 607 1257 tabulis
637 1211 909 1256 vetamus.
937 1200 1054 1256 Hoc
1079 1201 1224 1256 enim
1262 1202 1518 1272 indignus
1536 1210 1621 1257 est
1648 1201 1878 1267 honore,
1913 1211 1973 1258 ut

398 1295 493 1364 qui
517 1291 893 1362 episcopatum
930 1290 1200 1346 adulterio
1234 1293 1387 1361 quasi
1426 1292 1717 1347 commisso
1761 1292 1973 1362 pollue-

399 1387 492 1439 rit.
525 1387 702 1454 Atque
727 1383 856 1438 huic
884 1393 1086 1438 nostra:
1112 1382 1180 1438 de
1205 1383 1290 1436 liis
1315 1383 1509 1438 ordine
1543 1383 1829 1460 movendis
1847 1401 1972 1439 scn~

371 1479 588 1534 ~tentia:
633 1477 925 1548 TheOphili
979 1477 1436 1548 segregationem,
1497 1481 1970 1542 exsecrationem,

394 1571 703 1625 absolutam
729 1569 973 1640 denique
995 1569 1434 1624 Christianorum
1456 1586 1485 1624 a
1516 1581 1662 1626 coetu
1697 1571 1971 1628 exclusio-

397 1678 524 1717 nem
560 1662 930 1732 adjungimus.
968 1680 987 1713 ι
1014 1661 1160 1727 Quas
1189 1661 1397 1717 litteras
1428 1663 1518 1718 ubi
1550 1663 1768 1718 recitari
1801 1647 1970 1719 Arca-

400 1757 526 1811 dius
557 1756 877 1821 audivisset,
905 1754 970 1808 in
985 1753 1100 1809 haec
1132 1755 1296 1810 verba
1322 1741 1643 1811 inuocen'tio
1667 1757 1968 1827 rescripsit:

2083 561 2337 624 λάζουσιν
2365 578 2378 592 ο
2407 561 2522 614 ἀλλ’
2551 561 2671 616 οὐδὲ
2701 579 2779 625 τις
2814 562 2952 632 ὑπὲρ
2983 563 3172 632 ἑτέρου
3213 563 3368 634 δίκην
3394 564 3654 632 εἰσπράτ-

2079 671 2254 708 τεται.
2305 654 2470 707 Ὅθεν
2497 653 2671 708 ταῦτα
2703 655 2962 724 γέγραφα
2995 655 3358 726 πληροφορῶν
3395 661 3496 728 τὴν
3520 656 3653 727 ὑμε-

2079 746 2242 816 τέραν
2281 747 2565 818 πραότητα
2630 747 2707 810 ὡς
2749 748 3260 818 ἐπιμαρτυροῦντος
3315 748 3408 802 τοῦ
3460 749 3650 818 φιλαν-

2081 838 2304 911 θρώπου
2335 837 2472 893 Θεοῦ
2534 839 2636 893 οὐκ
2693 839 2864 909 ἔγνων
2895 857 2947 893 τι
2996 839 3106 894 τῶν
3157 839 3483 910 συμϐάντων
3537 843 3651 902 τοῖς

2081 932 2370 1002 ἡμετέροις
2411 930 2734 992 ἐπισκόποις
2798 929 2895 986 xui.
2954 929 3263 1002 κληρικοῖς,
3305 930 3422 984 ἀλλ’
3473 929 3650 993 ἀθῶός

2080 1019 2197 1086 εἰμι
2227 1016 2321 1070 τοῦ
2351 1016 2628 1088 κρίματος
2655 1017 2838 1072 αὐτῶν
2862 1033 2876 1047 ο
2909 1018 2957 1071 εί
2989 1019 3099 1091 γάρ
3153 1019 3304 1090 ἥμην
3368 1018 3648 1088 συμμέτοο

2079 1125 2174 1179 χος
2201 1109 2383 1163 αὐτῶν
2422 1112 2503 1174 είς
2533 1109 2715 1184 τοῦτο,
2764 1112 2865 1165 οὐκ
2904 1106 3051 1181 εἶχον
3095 1111 3321 1173 τούτους
3372 1110 3648 1164 κακῶσαι.

2080 1201 2218 1270 Περὶ
2243 1200 2298 1252 δὲ
2321 1200 2421 1272 τῆς
2456 1201 2556 1270 σῆς
2587 1201 2856 1272 θυγατρὸς
2897 1198 3156 1267 Ε’ὑδοξέας
3189 1197 3360 1270 γνῶθι
3421 1202 3504 1254 ὅτι
3554 1201 3652 1253 καὶ

2079 1294 2218 1362 αὐτῇ
2251 1292 2616 1347 άντᾶπέδωκα
2657 1293 2800 1346 κατὰ
2829 1293 2889 1346 τὺ
2917 1289 3142 1363 σφάλμα
3199 1293 3374 1362 αὐτῆς
3427 1293 3487 1345 οὐ
3553 1309 3651 1360 με.

2078 1384 2270 1454 τρίως,
2303 1384 2380 1448 ὡς
2411 1386 2475 1437 ὲκ
2517 1385 2620 1455 τῆς
2673 1384 2934 1456 τοιαύτης
2973 1384 3149 1456 λύπης
3201 1385 3294 1438 καὶ
3326 1383 3557 1454 θλίψεως
3591 1385 3652 1435 ἐν

2079 1477 2367 1549 ἀρρωστίᾳ
2401 1477 2681 1550 βαρυτάτῃ
2704 1477 3065 1532 κατακεῖσθαι
3097 1478 3290 1548 αὐτήν.
3340 1476 3650 1546 Παρακαλῶ

2078 1566 2268 1620 λοιπόν
2298 1570 2386 1621 ῖνα
2417 1567 2512 1621 τοῦ
2534 1566 2848 1638 ἀφορισμοῦ
2899 1567 3071 1640 λύσῃς
3122 1569 3272 1639 ἡμᾶς
3317 1568 3414 1621 καὶ
3449 1567 3524 1638 μὴ
3561 1571 3652 1620 ἐκ·

2076 1658 2310 1734 δικήσῃς
2348 1655 2661 1731 πολλαχῶςο
2691 1661 2751 1714 οὐ
2788 1662 2900 1733 γὰρ
2943 1659 3173 1726 πατάξει
3206 1651 3408 1731 Κύριος
3441 1660 3522 1723 δὶς
3555 1661 3648 1711 ἐπὶ

2077 1753 2140 1806 τὸ
2193 1753 2345 1807 αὑτό.
2389 1769 2409 1804 t
2467 1753 2612 1824 Πρὸς
2656 1753 2831 1808 ταῦτα
2887 1753 2982 1807 καὶ
3021 1753 3183 1808 πάλιν
3246 1752 3596 1813 ἰννοκέντιος
3629 1767 3646 1783 ⁸

400 1867 419 1900 ι
459 1848 675 1903 Norunt
724 1862 919 1902 omnes
951 1846 1215 1914 homines
1262 1848 1463 1904 mentis
1503 1858 1787 1918 compotes
1823 1864 1967 1904 com-

2083 1865 2102 1898 ι
2145 1845 2524 1917 Ἀπεδεξάμην
2581 1845 2738 1917 ὑμῶν
2823 1845 2923 1918 τὴν
2982 1847 3131 1902 κατὰ
3193 1845 3328 1900 Θεὸν
3390 1843 3648 1914 σπουδὴν,

396 1939 560 1993 missa
594 1953 690 2007 per
713 1937 1113 2008 ignorationem
1139 1950 1243 1991 nec
1270 1935 1537 1991 divinitus
1568 1952 1670 1992 nec
1696 1953 1794 2007 per
1825 1933 1967 2008 leges

2076 1939 2256 2008 ἤνπερ
2282 1938 2372 1991 διὰ
2402 1939 2463 1992 τὸ
2491 1939 2664 2012 ὄνομα
2700 1941 2867 1994 αὑτοῦ
2920 1937 3294 2006 ἀνεδείξασθε.
3329 1938 3494 1993 Ὅθεν
3543 1939 3650 1991 τῶν

394 2029 600 2102 puniri,
629 2044 808 2098 neque
826 2028 964 2084 adeo
988 2043 1319 2099 quemquam
1340 2029 1566 2084 alterius
1583 2033 1804 2084 nomine
1828 2044 1962 2100 sup-

2081 2031 2242 2100 ἱερῶν
2266 2030 2482 2102 δεσμῶν
2507 2032 2793 2105 ἀνεθέντες
2831 2034 2889 2086 ὲν
2919 2035 3034 2097 τοῖς
3065 2033 3413 2096 δεσποτικοῐς
3437 2031 3647 2101 συμὸὁ-

390 2123 615 2194 p‘iicium
634 2123 810 2180 luere.
839 2121 1003 2194 260
1017 2120 1173 2187 Quod
1197 2119 1417 2191 quidem
1449 2130 1737 2191 propterea
1753 2122 1967 2191 scripsiI

2079 2121 2193 2185 λοις
2233 2123 2560 2194 προσέλθετε
2585 2125 2911 2195 ἐρρωμένοι.
2959 2141 2978 2176 ι
3036 2124 3222 2192 Ταύτῃ
3277 2140 3361 2176 τοι
3403 2123 3497 2174 καὶ
3559 2121 3648 2172 διὰ

385 2224 453 2270 ut
486 2212 966 2268 mansuetudinem
1005 2221 1154 2266 tuam
1191 2220 1398 2266 certam
1434 2209 1720 2266 redderem
1761 2225 1860 2264 nos
1893 2209 1967 2266 ui-

2084 2213 2370 2284 φροντίδος
2398 2216 2425 2266 ὁ
2456 2215 2742 2285 ’Δρκάδίος
2769 2214 3008 2270 ποιεῖται
3036 2213 3137 2286 τὴν
3168 2211 3264 2266 τοῦ
3325 2211 3481 2279 ἁγίου
3515 2212 3649 2282 πρ’.;

392 2306 470 2360 hil
501 2317 693 2359 eorum
729 2302 1012 2372 cognitum
1045 2300 1302 2356 habuisse
1335 2315 1459 2370 quae
1515 2299 1723 2355 nostris
1754 2299 1967 2355 antisti-

2081 2303 2182 2373 τὴν
2210 2303 2575 2375 μεγαλόπολιν
2602 2306 2888 2362 ἐπάνοδον.

394 2401 542 2456 tibus
573 2409 630 2455 et
660 2400 879 2456 clericis
905 2395 1249 2464 acciderunt,
1281 2396 1438 2467 cujus
1473 2397 1554 2450 rei
1588 2407 1778 2450 testem
1849 2396 2148 2469 benignum
2217 2400 2371 2455 illum
2403 2401 2574 2456 Deum
2641 2401 3024 2473 imploramus.
3080 2400 3348 2457 Nimirum
3381 2414 3556 2470 purus
3594 2407 3650 2451 et

392 2495 658 2548 innocens
686 2502 829 2557 sum,
883 2479 1043 2561 quod
1111 2490 1353 2561 ipsorum
1391 2487 1912 2545 condemnationem
1983 2491 2210 2559 attinet;
2263 2493 2467 2563 quippe
2513 2507 2637 2547 cum
2690 2509 2886 2548 eorum
2934 2493 3321 2550 communione
3347 2492 3449 2547 sim
3493 2505 3648 2553 usus,

387 2597 570 2645 causae
600 2587 738 2643 nihil
774 2593 894 2644 erat
925 2582 1284 2656 quamobrem
1347 2596 1448 2638 eos
1500 2581 1824 2655 aﬂiigcrem.
1887 2581 2044 2650 Quod
2076 2595 2256 2641 autem
2291 2587 2490 2641 attinet
2530 2585 2696 2639 tiliam
2737 2594 2886 2641 tuam
2919 2587 3243 2653 Eudoxiam,
3275 2586 3412 2642 scito
3454 2598 3538 2638 me
3571 2581 3651 2635 illi

390 2699 585 2753 parum
611 2681 1010 2750 moderatepro
1037 2677 1249 2734 ratione
1274 2675 1459 2732 delicti
1489 2675 1797 2732 mercedem
1865 2677 2142 2735 retulisse.
2208 2680 2329 2747 Quo
2371 2696 2502 2738 sane
2544 2675 2874 2738 factttm'est
2937 2691 2995 2737 ut
3041 2699 3109 2736 ex
3173 2697 3241 2737 eo
3291 2694 3523 2738 mcerore
3583 2692 3649 2732 ac

390 2777 640 2850 angustia
671 2773 879 2832 diiiiciii
901 2772 1343 2845 ‘g‘ravissimaque
1373 2780 1626 2842 correpta
1646 2771 1969 2843 aegritudine
2010 2771 2324 2830 decumbat.
2361 2775 2564 2847 igitur,
2592 2777 2738 2847 quod
2803 2786 3081 2847 superest,
3113 2775 3276 2832 enixe
3307 2783 3363 2832 te
3413 2773 3648 2828 obsecro

390 2885 450 2928 ut
483 2887 582 2927 nos
618 2885 648 2925 a
680 2869 1054 2941 segregatione
1107 2865 1311 2922 liberes
1340 2880 1439 2922 nec
1475 2866 1854 2939 multipliciter
1882 2869 2116 2946 punias;
2152 2885 2255 2925 nec
2305 2871 2454 2925 enim
2486 2871 2604 2942 ipse
2620 2870 2886 2926 Dominus
2951 2871 3096 2926 idem
3123 2869 3195 2926 ob
3253 2869 3515 2925 delictum
3561 2868 3646 2921 bis

388 2968 667 3026 hominem
701 2965 958 3037 percutit.
998 2985 1019 3018 ι
1054 2965 1137 3019 Ad
1207 2964 1374 3022 hasce
1434 2965 1645 3022 litteras
1685 2964 2037 3026 innocentius
2076 2967 2130 3022 in
2159 2967 2307 3024 hunc
2334 2969 2554 3024 modum
2588 2969 2876 3040 respondit
2909 2988 2922 3024 :
2966 2967 3248 3024 «Studium
3275 2965 3645 3041 diligentiam-

388 3079 496 3133 que
531 3067 767 3116 vestram
797 3059 895 3115 Dei
933 3059 1254 3132 p‘raascripto
1289 3067 1344 3114 et
1373 3057 1644 3114 voluntati
1709 3068 2162 3127 consentaneam,
2216 3077 2381 3133 quam
2442 3071 2668 3134 propter
2727 3063 2900 3134 ipsius
2957 3077 3157 3118 nomen
3187 3061 3527 3127 deciarastis,
3556 3074 3648 3114 ac-

377 3158 638 3226 ‘ccpimus
681 3164 737 3209 et
781 3152 1157 3224 probavimus.
1227 3151 1574 3223 Quapropter
1635 3154 1814 3209 sacris
1874 3169 1903 3209 a
1935 3154 2173 3212 vinculis
2205 3156 2371 3214 soluti
2413 3159 2482 3214 ad
2547 3160 2705 3230 signa
2738 3159 3021 3215 Dominica
3061 3158 3402 3215 conﬁrmatis
3445 3157 3646 3211 animis

390 3264 467 3301 ac-
487 3248 656 3301 edite.
697 3264 716 3299 ι
751 3241 909 3299 Hanc
977 3244 1049 3301 ob
1076 3258 1298 3300 causam
1333 3243 1568 3301 sollicite
1611 3242 1855 3315 cogitare
1923 3247 2094 3318 cos-pit
2147 3249 2416 3307 Arcadius
2458 3266 2569 3323 quo
2635 3261 2796 3323 pacto
2841 3252 3022 3308 virum
3081 3260 3332 3308 sanetum
3391 3263 3644 3320 magnam

382 3341 533 3394 hanc
575 3338 628 3391 in
661 3335 1194 3392 urbem'reduceret.

460 3507 652 3561 Rebus
697 3495 1175 3554 autembumanis
1212 3505 1469 3566 exempto
1516 3495 1787 3563 Arcadio,
1829 3495 1967 3551 illius

2153 3495 2308 3551 Μετὰ
2337 3495 2394 3549 δὲ
2429 3495 2720 3567 Ἀρκάδιόν
2775 3497 3097 3550 ἐϐασίλευσε
3137 3494 3415 3566 Θεοδόσιος
3443 3501 3471 3558 ό
3531 3505 3643 3568 υἱός

386 3601 505 3672 ejus
553 3593 918 3659 Theodosius,
949 3592 1044 3664 qui
1083 3589 1150 3645 ab
1197 3587 1471 3660 elegantia
1511 3587 1828 3658 scriptum,
1861 3603 1967 3658 qua

2072 3588 2267 3655 αὑτοῦ,
2294 3589 2321 3642 ό
2346 3590 2443 3642 καὶ
2475 3588 2888 3660 Καλλιγράφος,
2918 3588 3012 3662 ἐτη
3047 3589 3160 3662 μβν.
3185 3583 3353 3658 Οὗτος
3411 3596 3642 3662 ἐξελθὼν

384 3691 757 3765 pulcherrime
796 3687 967 3743 libros
1016 3681 1299 3752 clarabat,
1323 3680 1713 3752 Calligraphus
1752 3694 1969 3735 nuncu-

387 3796 545 3857 patus
583 3784 709 3850 fuit,
763 3794 939 3835 annos
990 3779 1059 3834 '53
1110 3775 1425 3848 imperavit.
1475 3772 1612 3829 Cum
1656 3787 1801 3842 equo
1836 3786 1970 3826 con-

383 3892 578 3935 scenso
609 3874 955 3946 profecturus
985 3870 1168 3941 aliquo
1193 3868 1355 3932 i‘o‘ret,
1375 3881 1480 3922 una
1503 3880 1626 3921 cum
1664 3866 1782 3935 ipso
1806 3863 1970 3919 colla-

388 3985 519 4040 psms
568 3981 712 4037 equo
745 3965 966 4034 latoque
1003 3961 1226 4016 iunctus
1263 3969 1370 4015 est.
1415 3959 1661 4028 Dei'para:
1703 3957 1965 4026 templum

384 4064 443 4116 in
485 4055 884 4127 Chalcopratiis
913 4053 1202 4120 exstruxit,
1229 4051 1376 4122 quod
1410 4059 1568 4106 antea
1589 4047 1878 4118 collegium
1912 4056 1968 4100 et

383 4149 828 4207 conventiculum
847 4145 1163 4202 Judaeorum
1186 4152 1326 4200 erat.
1346 4143 1545 4199 itidem
1570 4141 1726 4194 urbis
1744 4136 1966 4193 murum

383 4243 601 4314 longius
652 4238 933 4294 extendit.
987 4236 1183 4307 ingens
1225 4236 1329 4291 sub
1384 4233 1506 4303 ipso
1568 4241 1728 4286 terrae
1784 4237 1968 4284 motus

383 4333 619 4400 exstitit,
659 4345 769 4399 quo
794 4337 851 4384 et
881 4327 1028 4382 muri
1059 4335 1115 4382 et
1144 4339 1339 4396 magna
1371 4337 1496 4393 pars
1523 4320 1678 4376 urbis
1708 4328 1964 4374 corrrue-

383 4437 535 4492 runt,
570 4427 797 4479 durante
824 4437 923 4492 per
951 4435 1170 4475 omnem
1197 4418 1441 4474 vicinum
1475 4426 1666 4486 agrum
1704 4413 1807 4468 hac
1835 4404 1964 4467 suc-

384 4519 642 4573 cussione
695 4513 795 4569 soli
829 4521 972 4567 totos
999 4521 1110 4565 tres
1153 4519 1390 4563 menses.
1425 4505 1615 4574 itaque
1655 4499 1966 4572 patriarcha

386 4607 581 4661 Procio
633 4610 695 4660 et
746 4603 1082 4672 imperatore
1136 4595 1482 4652 diacalceatis
1538 4589 1968 4663 supplicationes

385 4696 821 4760 instituentibus,
858 4693 1060 4748 accidit
1091 4699 1149 4744 ut
1183 4704 1320 4759 puer
1359 4685 1583 4756 quidam
1618 4683 1966 4754 abriperetur

384 4790 438 4844 in
486 4804 610 4844 aera
642 4797 697 4842 et
742 4787 1012 4840 rationem
1046 4779 1233 4853 hymni
1267 4777 1594 4833 sanctissimi
1637 4773 1964 4830 conciuendi

2071 3677 2414 3748 ίππασθῆναι
2444 3681 2538 3733 καὶ
2595 3677 2892 3750 συμπεσὼν
2924 3679 3002 3753 τῷ
3050 3682 3204 3753 ἵππῳ
3243 3687 3334 3738 τὸν
3373 3683 3485 3756 βίον
3550 3707 3640 3741 τε-

2069 3773 2274 3844 λευτᾷ(
2295 3767 2466 3837 Οὗτος
2500 3775 2592 3827 τὸν
2614 3775 2683 3827 tv
2709 3775 2822 3837 τοῖς
2851 3774 3328 3848 Χαλκοπρατείοις
3382 3785 3480 3852 τῆς
3509 3783 3642 3837 Θεο-

2067 3863 2230 3916 τόκου
2271 3864 2398 3917 ναὸν
2430 3865 2639 3929 ἔκτισε,
2671 3865 2942 3935 πρότερον
2980 3867 3110 3922 ὄντα
3145 3872 3469 3944 συναγωγὴν
3507 3875 3642 3928 Ἰου-

2069 3954 2256 4010 δαίων.
2297 3955 2462 4009 Ἀλλά
2507 3959 2602 4010 καὶ
2635 3956 2697 4008 τὸ
2725 3959 2904 4027 τεῖχος
2935 3957 3038 4028 τῆς
3088 3961 3296 4026 πόλεως
3327 3965 3636 4034 παρεξέῦα-

2068 4046 2177 4100 λεν.
2221 4047 2341 4114 Ἐφ’
2380 4062 2440 4098 on
2479 4047 2700 4117 σεισμὸς
2730 4047 2906 4116 μέγας
2934 4051 3169 4120 ἐγένετο,
3198 4051 3339 4107 ὥστε
3363 4060 3547 4110 πεσεῖν
3575 4058 3642 4109 τὰ

2067 4138 2225 4207 τείχη
2245 4139 2339 4206 τῆς
2363 4137 2571 4201 πόλεως
2597 4141 2691 4192 καὶ
2723 4138 2858 4192 πολὺ
2892 4139 3059 4210 μέρος
3084 4143 3150 4194 αὐ
3165 4144 3278 4213 τῆς.
3316 4144 3640 4216 Ἐπεκράτει

2068 4228 2126 4282 δὲ
2169 4232 2196 4282 ὁ
2241 4230 2466 4298 σεισμὸς
2509 4234 2604 4283 καὶ
2645 4231 2787 4285 κατὰ
2819 4233 3002 4289 πᾶσαν
3037 4232 3218 4303 χώραν
3264 4238 3441 4306 μῆνας
3468 4241 3638 4308 τρεῖς.

2069 4320 2204 4375 Τότε
2240 4321 2307 4392 δὴ
2349 4323 2468 4374 τότε
2514 4321 2610 4376 τοῦ
2642 4325 2986 4397 πατριάρχου
3039 4327 3285 4397 Πρόκλου
3325 4330 3421 4384 καὶ
3474 4330 3638 4384 αὐτοῦ

2068 4412 2162 4466 τοῦ
2187 4412 2454 4483 βασιλέως
2481 4415 2828 4471 ἀνυποδέτων
2851 4417 3267 4485 λιτανευόντων,
3295 4421 3494 4493 συνέὄη
3520 4441 3646 4477 παι-

2066 4506 2179 4560 δίον
2213 4506 2533 4576 άρπαγῆναι
2559 4510 2654 4581 καὶ
2696 4509 2790 4562 τὸν
2821 4510 3103 4581 τρισάγιον
3139 4509 3308 4582 ὕμνον
3346 4513 3642 4586 μυηθῆναι,

2070 4595 2170 4648 καὶ
2197 4593 2344 4649 οὕτω
2379 4596 2478 4667 τὴν
2532 4595 2684 4650 θείαν
2717 4598 2914 4668 στῆναι
2943 4600 3133 4670 ὀργήν.
3181 4601 3316 4656 Τότε
3368 4603 3464 4656 καὶ
3509 4604 3644 4657 ’1ου-

2065 4683 2217 4747 δαῖος
2241 4684 2556 4755 παράλυτος
2588 4685 2913 4756 βαπτισθεὶς
2937 4688 3096 4758 ὑγιὴς
3119 4689 3340 4760 εὑρέθη.
3376 4689 3434 4743 '0
3459 4694 3644 4760 μέντοι

2068 4774 2396 4846 διαληφθεὶς
2431 4779 2781 4850 πατριάρχης
2821 4777 3068 4850 Πρόκλος
3099 4782 3157 4834 ὲν
3201 4781 3431 4853 Κυζίκῳ
3462 4800 3648 4854 χειρο-

379 4881 745 4942 edoceretur;
786 4890 896 4945 quo
939 4874 1084 4928 facto
1128 4873 1208 4926 ira
1257 4870 1444 4924 divina
1479 4868 1664 4924 sedata
1701 4867 1825 4922 iuit.
1861 4867 1967 4921 Eo-

2072 4869 2313 4923 τονεῐται
2349 4871 2618 4940 πρότερον
2650 4870 2746 4924 καὶ
2791 4871 2866 4942 μὴ
2894 4872 3106 4942 δεχθεὶς
3140 4874 3294 4945 παρὰ
3325 4874 3432 4928 τῶν
3461 4877 3644 4929 δκεῖσς

379 4981 507 5027 dem
565 4980 814 5038 tempore
869 4967 1094 5022 Judzrus
1148 4964 1372 5034 quidam
1433 4962 1788 5034 paralyticus,
1835 4974 1961 5014 cum

382 5066 692 5130 baptizatus
741 5070 910 5123 esset,
960 5059 1247 5113 sanitatem
1301 5057 1548 5127 corporis
1593 5041 1960 5124 recuperavit.

382 5153 609 5209 Procius
661 5151 752 5207 ille
806 5149 1160 5221 pitriarcha,
1198 5148 1356 5218 cujus
1406 5146 1570 5202 modo
1623 5146 1963 5198 mentionem

383 5245 748 5312 iaciebamus,
775 5243 956 5314 Cyzici
985 5245 1219 5314 primum
1247 5242 1540 5312 episcopus
1565 5247 1686 5294 erat
1713 5238 1965 5308 designas—

387 5350 508 5405 tus;
550 5339 711 5410 cujus
758 5340 826 5391 ab
863 5338 1017 5390 urbis
1068 5336 1282 5391 civibus
1328 5347 1438 5390 non
1471 5332 1745 5388 admissus
1776 5330 1962 5400 Cpolis

383 5435 556 5497 tactus
574 5437 658 5485 est
684 5432 935 5483 antistes.
955 5428 1174 5482 Exstitit
1200 5428 1284 5483 his
1306 5427 1438 5496 ipsis
1463 5425 1848 5493 annisjmpius
1871 5422 1962 5476 ille

373 5523 689 5590 Nestorius,
720 5521 863 5592 quod
891 5536 1016 5576 cum
1045 5521 1169 5575 aliis
1188 5537 1282 5577 sex
1309 5519 1584 5591 opinionis
1618 5514 1966 5573 consortibus

382 5615 563 5671 aiebat
590 5630 650 5669 se
699 5613 868 5670 duum
898 5615 1140 5670 triumve
1190 5614 1462 5669 mensium
1513 5612 1685 5667 Deum
1732 5607 1968 5679 probare

2071 4963 2464 5032 χειροτονεῖται
2523 4959 2779 5016 ἐνταῦθα.
2823 4961 2883 5014 '0
2929 4961 2985 5016 δὲ
3037 4963 3307 5034 δυσσεϐὴς
3350 4965 3643 5035 Neo-eripio;

2073 5054 2169 5106 σὺν
2201 5053 2262 5118 ἒξ
2314 5052 2614 5123 όμόφροσιν
2645 5051 2811 5106 αὐτοῦ
2859 5053 3046 5122 ἔλεγεν
3101 5055 3185 5108 ὅτι
3223 5057 3518 5128 Διμηναίον
3546 5048 3644 5107 καλ

2069 5145 2398 5215 τριμηναῖον
2427 5143 2490 5197 οὗ
2540 5143 2775 5215 δύναμαι
2833 5146 3014 5213 λέγειν
3055 5147 3211 5202 Θεόν.
3251 5149 3500 5216 Ἰωάννης
3521 5145 3574 5197 δὲ
3604 5144 3632 5194 ὁ

2083 5234 2416 5305 Ἀντιοχείας
2451 5235 2588 5304 μετὰ
2611 5235 2708 5307 τὴν
2733 5236 2827 5289 τοῦ
2861 5236 3163 5308 Νεστορίου
3200 5240 3513 5312 καθαίρεσιν
3535 5254 3634 5288 κλ-

2069 5325 2342 5390 ταλαόὼν,
2385 5327 2482 5379 καὶ
2515 5326 2778 5396 λυπηθεὶς
2815 5329 2898 5381 ὅτι
2945 5330 3119 5400 χωρὶς
3150 5329 3315 5384 αὐτοῦ
3361 5327 3642 5402 καθῃρέθη

2071 5417 2390 5488 Νεστόριος,
2425 5419 2913 5492 παραλαθὼντοὺς
2968 5423 3066 5475 σὺν
3103 5423 3251 5492 αὐτῷ
3287 5405 3643 5487 ἐπισκόπουςς

2039 5515 2128 5564 .ὲν
2159 5507 2237 5574 οἷς
2270 5511 2367 5565 καὶ
2391 5511 2736 5583 Θεοδώρητος
2769 5513 2953 5584 Κύρου
2994 5515 3088 5587 καὶ
3123 5514 3272 5576 Ἴδας
3301 5513 3329 5563 ὁ
3365 5512 3643 5582 Ἐδέσσης,

2075 5593 2400 5675 καθαίρεσιν
2424 5601 2756 5674 ὑπαγορεύει
2783 5604 2878 5659 τοῦ
2917 5605 3156 5675 μεγάλου
3183 5605 3480 5674 Κυρίλλου.

381 5725 491 5762 non
521 5722 704 5778 posse.
756 5705 857 5761 Hic
923 5705 1207 5762 Nestorius
1257 5721 1380 5760 cum
1423 5705 1533 5776 jam
1589 5701 1785 5765 ordine
1836 5713 1995 5754 sacro
2033 5695 2230 5752 fuisset
2277 5704 2481 5762 motus,
2534 5693 2774 5751 Joannes
2819 5696 3204 5752 Antiochentls
3244 5697 3539 5767 episcopus
3574 5696 3643 5750 ad

386 5799 677 5854 concilium
737 5798 910 5864 venit,
965 5799 1316 5871 graviterque
1348 5797 1592 5854 oli‘ensus
1623 5793 1769 5865 quod
1804 5792 2010 5861 absque
2051 5789 2375 5846 auctoritate
2421 5803 2518 5843 sua
2574 5788 2860 5846 NestOrius
2891 5790 3086 5846 ordine
3135 5790 3383 5859 dejectus
3425 5787 3644 5844 fuisset"
