4054 6420
483 437 586 502 439
803 409 877 483 Εὖ

1704 451 1984 513 ANNALI
1998 454 2104 514 ΟΜ
2156 455 2348 515 PARS
2388 455 2505 516 1V”.

3618 451 3763 520 ωδε

483 556 756 623 adjunctts
802 556 906 611 sibi
948 559 1276 628 quibusdam
1335 563 1632 632 episcopis,
1674 580 1813 634 quos
1866 580 2054 621 secum
2096 566 2334 622 habebat
2367 568 2526 638 261
2555 575 2607 622 et
2647 566 2699 621 in
2753 567 2821 622 iis
2854 566 3205 624 Theodoreto
3265 567 3521 637 Cyrensi,
3553 569 3727 625 Edes-

483 662 616 700 scno
644 646 756 710 lba,
790 664 1046 717 magnum
1079 649 1229 706 illum
1259 650 1520 722 Cyrillum
1553 654 1675 710 loco
1715 656 2044 711 movendum
2084 659 2424 728 pronuntiat.
2927 677 2958 707 .'

563 766 628 818 Ἦ
658 765 750 818 ws
786 765 1057 836 βασιλέως
1089 769 1297 842 ἀδελφὴ
1330 773 1637 843 Πουλχερία
1662 775 1848 829 λαθεῖν
1880 755 2048 847 ἄνδρα

2226 777 2427 831 Habuit
2467 775 2813 832 Theodosius
2860 776 3154 847 imperator
3197 793 3444 834 sororem
3495 781 3728 836 Pulche-

481 863 581 914 οὐκ
618 860 905 932 ἠθέλησεν,
943 863 1080 916 ἀλλὰ
1113 864 1210 936 τὴν
1242 865 1442 937 ἑαυτῆς
1483 869 1782 939 παρθενίαν
1812 873 1878 941 τῇ
1916 869 2048 925 Θεο-

484 952 625 1023 τόκῳ
658 954 901 1009 ἀνέθετο.
949 954 1098 1026 Αὕτη
1163 958 1260 1011 καὶ
1301 958 1392 1013 τὸν
1437 961 1495 1013 ἐν
1541 961 1875 1032 Βλαχέρναις
1925 963 2050 1016 ναὸν

484 1043 586 1111 τῆς
608 1043 878 1123 θεοτόκου
911 1046 1184 1118 ἐδείματο.
1209 1050 1246 1102 Γ
1254 1049 1452 1106 ίνωσκε
1482 1051 1561 1116 δέ,
1593 1055 1868 1123 ἁγαπητέ,
1899 1054 1980 1109 ὅτι
2014 1056 2049 1125 ὴ

487 1135 578 1187 τοῦ
610 1135 878 1204 βασιλέως
917 1139 1064 1208 κυρὰ
1102 1141 1334 1195 Εὖδοκία
1363 1142 1614 1215 θυγάτηρ
1651 1146 1864 1216 ἐγένετο
1903 1147 2054 1217 φιλο-

488 1223 652 1292 σόφου
683 1227 830 1289 τινὸς
866 1227 926 1290 ἐξ
967 1227 1209 1294 Ἑλλάδος
1243 1231 1416 1296 ὄντος.
1477 1228 1644 1298 Οὗτος
1697 1235 1753 1290 δὲ
1783 1236 2053 1292 τελευτῶν

488 1317 600 1378 τοῖς
627 1317 724 1384 μὲν
762 1317 945 1387 τρισὶν
993 1320 1132 1383 υἱοῖς
1173 1323 1354 1391 ἀφῆκε
1397 1325 1581 1379 πᾶσαν
1604 1327 1706 1396 τὴν
1731 1329 2053 1398 περιουσίαν

489 1408 679 1470 αὑτοῦ,
715 1409 841 1478 περὶ
870 1409 925 1463 δέ
958 1412 1162 1482 ταύτης
1215 1408 1376 1468 εἶπεν
1399 1431 1418 1448 ο
1459 1435 1479 1469 ι
1539 1418 1816 1489 Ἀθηναῖδι
1846 1423 1909 1490 τῇ
1958 1438 2055 1474 τιον-

492 1501 778 1573 θεινοτάτῃ
809 1519 911 1570 μου
941 1501 1175 1573 θυγατρὶ
1205 1505 1408 1576 ἀφίημι
1437 1509 1750 1580 νομίσματα
1779 1509 1826 1580 ρ’
1845 1527 1860 1542 ο
1893 1511 2057 1582 ἀρκεῖ

492 1594 599 1664 γὰρ
627 1595 762 1666 αὐτῇ
789 1595 821 1662 ἡ
854 1595 992 1666 τύχη
1017 1597 1207 1666 αὐτῆς.
1246 1616 1266 1650 ο
1311 1600 1377 1652 Ἦ
1417 1600 1597 1670 μέντοι
1643 1602 1901 1674 ’Δθηναῒς
1919 1604 2056 1674 μηδὲ

490 1684 666 1746 ταῦτα
691 1687 758 1738 τὰ
785 1693 827 1757 ρ’
855 1686 1209 1758 λαμϐάνουσα
1242 1691 1653 1763 καταλαμϐάνει
1696 1695 1794 1764 τὴν
1821 1695 2056 1764 μεγαλό-

490 1775 666 1838 πολιν,
700 1777 978 1848 ἐκδίκησιν
1038 1779 1178 1834 ὥστε
1234 1781 1440 1838 λαϐεῖν.
1485 1787 1596 1838 Καὶ
1651 1785 1793 1841 οὕτω
1839 1786 1929 1840 διὰ
1959 1788 2056 1859 τὴν

487 1869 624 1940 αὐτῇ
650 1869 934 1942 παροῦσαν
961 1871 1302 1943 εὐπρέπειαν
1325 1875 1420 1928 τοῦ
1446 1876 1711 1946 βασιλέως
1739 1877 1875 1949 γυνὴ
1896 1880 2059 1950 ἐχρη-

490 1961 739 2030 μάτισεν.
767 1964 934 2018 Ὅθεν
963 1965 1057 2019 καὶ
1103 1967 1241 2036 πρὸς
1279 1968 1408 2031 τοὺς
1442 1969 1704 2038 ἀδελφοὺς
1741 1971 1934 2040 αὐτῆς,
1968 1971 2055 2024 ἐλ-

489 2054 682 2118 θόντας
717 2055 946 2127 ὕστερον
993 2060 1128 2130 πρὸς
1173 2061 1366 2131 αὐτὴν,
1413 2059 1596 2116 εἶπεν
1633 2083 1651 2116 ι
1689 2065 1750 2117 Ei
1799 2066 1874 2134 μὴ
1899 2067 2058 2136 ὑμεῖς

2153 859 2315 933 riam,
2369 883 2489 938 qua!
2537 869 2747 924 nubere
2791 869 2909 923 viro
2955 869 3152 931 noluit,
3202 869 3298 924 sed
3357 870 3724 940 virginitatem

2153 976 2309 1016 suam
2391 961 2637 1029 Deiparte
2692 961 3053 1015 consecravit.
3136 961 3713 1018 Eadcm‘l’ulcheria

2152 1052 2395 1123 Deipara:
2448 1052 2710 1122 templum
2763 1052 2818 1106 in
2870 1051 3200 1113 Blacbernis,
3239 1052 3505 1107 condidit.
3577 1053 3727 1108 Scito

2154 1156 2363 1211 autem,
2409 1145 2605 1200 dilecte
2631 1144 2728 1210 fili,
2775 1144 3055 1198 dominam
3089 1143 3410 1209 Eudociam,
3441 1145 3727 1217 conjugem

2154 1237 2320 1306 hujus
2367 1236 2735 1306 imperatoris.
2782 1235 3066 1306 cujusdam
3100 1249 3132 1289 e
3171 1234 3375 1293 Graecia
3419 1236 3727 1304 philosophi

2155 1331 2321 1384 tiliam
2353 1328 2543 1384 fuisse.
2573 1327 2710 1384 Cum
2745 1327 2790 1382 is
2828 1327 2936 1382 vita
2977 1327 3308 1392 decederet,
3339 1329 3626 1382 universas
3656 1326 3732 1380 ia-

2155 1421 2386 1476 cultates
2413 1420 2590 1476 tribus
2615 1419 2742 1475 ﬁliis
2764 1419 2986 1490 legavit,
3016 1417 3084 1475 de
3115 1419 3217 1475 hac
3243 1433 3374 1473 vero
3405 1418 3513 1472 tilia
3546 1419 3686 1473 dixit
3716 1439 3728 1471 :

2162 1535 2180 1566 ι
2220 1511 2509 1570 Athenaidi
2537 1511 2662 1567 ﬁliae
2688 1525 2822 1567 mea:
2850 1509 3182 1570 dulcissima
3217 1511 3316 1566 100
3333 1526 3532 1566 aureos
3567 1511 3734 1566 relin-

2156 1621 2267 1676 quo
2303 1625 2316 1660 :
2347 1620 2472 1660 nam
2506 1605 2557 1660 ei
2589 1603 2805 1659 fortuna
2839 1617 2938 1658 sua
2973 1603 3224 1659 suiliciet.
3268 1623 3286 1656 ι
3326 1604 3526 1660 Verum
3569 1603 3734 1657 Athe-

2157 1698 2297 1766 nais,
2331 1712 2397 1753 ne
2426 1696 2528 1752 100
2557 1697 2775 1766 quidem
2804 1695 2911 1751 illis
2940 1695 3123 1750 aureis
3158 1695 3417 1764 acceptis,
3439 1693 3649 1763 Cpolim
3676 1709 3736 1748 se

2157 1790 2390 1853 confert,
2428 1799 2490 1845 ut
2525 1789 2789 1845 adversus
2822 1787 3020 1843 fratres
3071 1785 3408 1842 hereditatis
3447 1800 3613 1841 causa
3645 1787 3736 1854 jns

2157 1897 2318 1939 suum
2366 1890 2803 1952 persequeretur.
2834 1880 3012 1950 Atque
3045 1880 3148 1934 hac
3183 1880 3477 1934 occasione
3511 1877 3730 1931 tandem

2160 1976 2478 2046 imperatori
2513 1981 2739 2044 propter
2769 1973 2957 2027 fortnte
2991 1981 3356 2036 venustatem,
3394 1985 3499 2036 qua
3535 1968 3731 2036 insigni

2160 2065 2472 2138 praestabat,
2505 2066 2713 2136 nupsit.
2738 2065 2984 2135 Cumque
3001 2064 3266 2132 deinceps
3299 2062 3498 2116 fratres
3518 2060 3584 2114 ad
3613 2075 3734 2114 cant

488 2146 782 2217 ἠδικήσατέ
818 2166 906 2219 με,
940 2151 1042 2204 οὐκ
1075 2153 1472 2224 ἠναγκαζόμην
1495 2156 1670 2210 ἐλθεῖν
1699 2157 1932 2211 ἐνταῦθα
1967 2158 2062 2211 καὶ

2164 2161 2448 2216 venissent
2479 2177 2492 2214 :
2535 2178 2553 2210 ι
2591 2159 2710 2214 Nisi
2743 2173 2858 2222 vos,
2880 2157 3090 2226 inquit,
3127 2156 3385 2227 injuriam
3406 2170 3491 2209 me
3522 2153 3738 2208 affecis-

491 2235 825 2305 βασιλεῦσαι.
863 2259 882 2291 t
919 2240 1074 2296 Μετὰ
1108 2242 1166 2296 δέ
1193 2245 1365 2299 ταῦτα
1387 2245 1482 2300 τοῦ
1523 2246 1792 2317 βασιλέως
1831 2249 2061 2302 σκανδα-

490 2327 766 2392 λισθέντος
793 2331 883 2384 ἐπ’
930 2333 1068 2404 αὐτῇ
1101 2334 1190 2387 διὰ
1227 2335 1319 2388 τὸν
1359 2338 1628 2390 Παυλῖνον
1681 2336 1921 2409 (ἑώρακε
1950 2339 2059 2413 γὰρ

491 2421 572 2483 εὶς
593 2421 755 2475 αὑτὸν
781 2424 842 2476 τὸ
873 2426 1144 2495 πάμμεγα
1177 2428 1345 2497 μῆλον
1372 2431 1566 2492 ἐκεῖνο,
1601 2430 1737 2501 ὅπερ
1764 2432 1934 2501 πένης
1962 2434 2060 2501 μὲν

496 2514 637 2583 αὖτῷ
675 2515 751 2584 τῷ
783 2513 996 2586 βασιλεῖ
1033 2520 1206 2592 δῶρον
1243 2521 1459 2591 ἔφερεν,
1492 2523 1520 2574 6
1549 2523 1606 2576 δὲ
1639 2523 1895 2594 βασιλεὺς
1925 2525 2060 2594 πρδς

498 2606 586 2676 τὴν
610 2608 902 2662 δέσποιναν
922 2611 989 2664 αὖ
1023 2615 1407 2684 μετεκόμισεν)
1427 2609 1692 2686 ἐξῄτησεν
1722 2617 1861 2682 αὕτη
1888 2617 2061 2671 ἀπελ-
2092 2609 2094 2612 ’

497 2701 605 2752 θεῖν
641 2703 723 2784 είς
764 2703 1140 2773 Ἰεροσόλυμα.
1188 2707 1296 2760 Καὶ
1328 2707 1392 2778 δὴ
1424 2708 1521 2760 καὶ
1556 2708 1764 2777 ἀπῆλθε
1799 2712 1890 2769 καὶ
1918 2711 2062 2776 ἐξαί·

496 2793 586 2846 σιά
612 2812 738 2850 τινα
761 2796 986 2867 ἐποίησε
1016 2801 1121 2856 καὶ,
1145 2799 1214 2853 τὰ
1249 2800 1429 2854 ἐκεῖσε
1456 2800 1609 2872 τείχη
1642 2801 1878 2867 ἔκτισεν,
1902 2804 1976 2866 ὡς
2003 2793 2086 2857 ἐνΔ

491 2885 629 2954 αὕτῇ
670 2887 844 2957 πέρας
871 2888 1055 2942 λαϐεῖν
1081 2889 1140 2946 τὸ
1171 2893 1456 2952 Δαυῖτικὸν
1478 2894 1654 2948 ἐκεῖνο
1679 2895 1844 2966 ῥητὸν
1873 2895 1933 2948 τὸ
1963 2895 2061 2948 λέ-

491 2992 587 3046 γον
604 2996 618 3008 ·
655 2997 675 3030 ι
697 2980 1013 3047 Ἀγάθυνον,
1034 2982 1226 3052 Κύριε,
1242 2987 1302 3038 ἐν
1323 2988 1388 3055 τῇ
1420 2985 1636 3056 εὐδοκία
1656 3004 1749 3039 σου
1779 2985 1874 3058 τὴν
1899 2985 2060 3052 Σιὼν,

495 3069 589 3124 καὶ
629 3072 1035 3143 οίκοδομηθήτω
1089 3075 1158 3129 τὰ
1193 3076 1346 3153 τείχη
1393 3077 1774 3149 Ἰερουσαλήμ.
1835 3096 1854 3130 ι
1903 3079 2063 3134 Ἀλλά

495 3167 589 3218 καὶ
615 3166 924 3222 τελευτῶσα
954 3167 1108 3238 ἔλεγε
1172 3169 1340 3240 μηδὲν
1386 3170 1464 3242 τῷ
1507 3171 1761 3241 Παυλίνῳ
1806 3172 2060 3237 συνιδεῖν,

497 3263 547 3314 εί
581 3262 677 3314 καὶ
707 3262 1004 3333 φιλοτίμως
1047 3255 1161 3331 είχε
1217 3264 1355 3336 πρὸς
1407 3265 1571 3319 αὐτὸν
1605 3265 1669 3318 οὐ
1721 3261 1932 3334 μικρῶς
1966 3264 2062 3318 ἆτε

501 3359 932 3427 συνεργήσαντα,
968 3360 1130 3430 ἡνίκα
1158 3358 1465 3428 Πουλχερία
1488 3358 1565 3428 τῷ
1587 3357 1856 3427 Θεοδοσίῳ
1877 3356 2064 3410 δοῦναι

496 3448 698 3524 ταύτην
725 3451 861 3520 πρὸς
886 3452 1075 3523 λέχους
1098 3453 1386 3506 κοινωνίαν
1416 3450 1752 3522 ἐφρόντιζεν.

2160 2252 2315 2318 setis,
2344 2267 2454 2307 non
2485 2251 2710 2307 fuissem
2736 2261 2922 2307 coacta
2951 2265 3037 2305 me
3064 2250 3172 2305 huc
3195 2249 3445 2304 conferre
3469 2261 3534 2301 ac
3568 2247 3738 2314 impe-

2160 2342 2244 2398 rio
2278 2341 2468 2413 potiri.
2518 2360 2537 2394 ι
2576 2341 2790 2398 Accidit
2830 2340 3031 2396 deinde
3065 2349 3125 2394 ut
3158 2339 3245 2395 vir
3275 2339 3501 2409 quidam
3532 2351 3738 2408 pauper

2160 2435 2483 2504 imperatori
2511 2449 2731 2504 pomum
2767 2433 2965 2503 insigni
2988 2431 3368 2503 magnitudine
3396 2430 3517 2485 loco
3545 2444 3742 2484 mune-

2161 2525 2240 2581 ris
2271 2525 2513 2586 oll‘erret.
2551 2526 2665 2580 Hoc
2699 2526 3002 2597 imperator
3023 2525 3090 2579 ad
3123 2523 3404 2578 dominam
3433 2533 3559 2578 cum
3584 2521 3741 2576 detu-

2160 2617 2316 2678 lisset
2359 2617 2522 2688 eique
2562 2617 2846 2685 donasset,
2890 2633 2997 2678 non
3031 2617 3205 2678 multo
3238 2625 3363 2686 post
3387 2615 3632 2673 oblatum
3669 2613 3738 2667 ab

2159 2706 2222 2767 ea
2249 2710 2478 2766 Paulino
2505 2711 2816 2780 conspexit.
2849 2711 2924 2765 Ea
2953 2710 3022 2765 de
3052 2725 3217 2766 causa
3243 2724 3366 2764 cum
3400 2706 3758 2779 imperatriei,

2159 2799 2404 2859 oﬂ'ensus
2431 2810 2597 2868 esset,
2633 2818 2698 2858 ea
2722 2803 2830 2858 sibi
2856 2802 2976 2858 fieri
3007 2811 3332 2873 potestatem
3365 2798 3761 2869 Hierosolyma.

2162 2893 2549 2964 proﬁciscendi
2579 2894 2760 2964 petiit,
2788 2902 2846 2950 et
2872 2895 3162 2967 impetrata
3193 2909 3250 2950 re
3278 2893 3554 2949 discessit.
3588 2891 3742 2946 Fecit

2163 2987 2288 3042 istic
2311 2986 2561 3057 quaadam
2589 2985 2824 3058 insignia
2849 2995 2904 3042 et
2929 2987 3269 3051 admiranda,
3289 2984 3565 3042 mamilius
3589 2982 3743 3039 urbis

2163 3079 2310 3134 inter
2339 3077 2533 3135 caetera
2567 3079 2880 3146 exstructis,
2902 3080 3151 3150 adeoque
3178 3080 3234 3134 in
3266 3078 3384 3147 ipsa
3414 3075 3739 3132 Davidicum

2164 3168 2300 3226 illud
2324 3171 2630 3235 ,oraculnm
2663 3169 2826 3227 ﬂnem
2853 3169 3089 3229 habuit:
3126 3187 3145 3222 ι
3190 3169 3444 3236 Benefac,
3481 3167 3737 3231 Domine,

2167 3279 2262 3333 per
2297 3264 2597 3319 Eudociam
2643 3263 2862 3333 (Latine
2899 3265 3278 3335 benignitatem
3313 3261 3541 3330 dixeris)
3586 3267 3736 3314 tuam
3773 3272 3775 3274 ·

2131 3355 2338 3422 'Sioni,
2370 3363 2424 3412 et
2450 3355 2594 3408 muri
2630 3355 3016 3427 llierosolymae
3043 3359 3441 3424 instaurentur.
3463 3352 3599 3408 Cum
3630 3363 3746 3406 mo-

2167 3455 2407 3513 reretur,
2441 3447 2576 3506 nihil
2610 3461 2670 3502 se
2700 3447 2809 3515 sibi
2833 3446 2902 3503 de
2929 3446 3162 3503 Paulino
3194 3448 3470 3504 consciam
3499 3459 3622 3500 esse
3657 3443 3744 3496 di-

494 3548 593 3614 xit,
627 3547 730 3603 nisi
762 3547 909 3616 quod
963 3547 1241 3604 hominem
1273 3546 1653 3618 magnifecerit
1696 3555 1752 3601 et
1825 3547 1880 3601 in
1926 3539 2104 3616 pretio
2144 3544 2397 3603 habuerit
2459 3543 2750 3615 propterea
2780 3545 2926 3615 quod
2975 3559 3086 3599 non
3134 3559 3329 3615 parum
3382 3543 3436 3598 id
3483 3545 3764 3624 temporis.

493 3645 794 3718 adjumenti
831 3644 1137 3712 attulisset’,
1180 3660 1304 3700 cum
1335 3659 1394 3699 se
1425 3642 1716 3700 Pulcheria
1753 3640 2064 3698 Theodosio
2101 3640 2256 3696 fratri
2287 3640 2420 3703 dare
2455 3641 2560 3699 tori
2592 3648 2904 3707 consortem
2937 3639 3247 3708 moliretur,

567 3764 743 3834 Ὀσην
776 3763 834 3817 δὲ
864 3765 891 3816 6
917 3761 1199 3824 Θεοδόσιος
1231 3753 1386 3824 οὗτος
1417 3758 1816 3830 κεκρυμμένην
1861 3758 2064 3828 ἀρετὴν

2238 3757 2510 3813 Caeterum
2545 3755 2598 3809 in
2630 3755 2737 3810 hoc
2765 3754 3080 3814 Theodosio
3125 3763 3394 3824 quantum
3429 3754 3655 3813 latentis
3689 3770 3747 3816 et

497 3856 783 3925 ἐκέκτητο,
818 3854 976 3924 δῆλον
1005 3853 1278 3907 ἐντεῦθεν.
1310 3853 1562 3924 Μοναχός
1592 3869 1673 3916 τις
1718 3850 1816 3922 ἐτη
1850 3857 1902 3920 μ’
1941 3851 2066 3904 Bos.-

498 3948 693 4011 λεύσας
723 3946 801 4010 ὡς
847 3947 927 4000 δεῖ
958 3947 1035 4017 τῷ
1083 3943 1203 4015 Θεῷ
1234 3944 1474 3999 ὑπέλαϐε
1508 3961 1557 3997 τι
1598 3944 1743 4013 μέγα
1780 3945 1910 4012 περὶ
1937 3943 2065 3996 ἐαυ-

497 4039 614 4102 τοῦ,
650 4041 747 4092 καὶ
781 4039 938 4110 ζητεῖ
971 4037 1165 4106 μαθεῖν
1185 4040 1244 4090 ἐν
1278 4036 1408 4108 ποίᾳ
1430 4035 1582 4100 τάξει
1615 4035 1879 4104 κέκτηται
1904 4034 2068 4089 αὐτὸν

495 4135 526 4186 6
553 4132 710 4196 Θεὸς,
740 4133 837 4185 καὶ
869 4129 1130 4201 μανθάνει
1155 4130 1343 4198 ὅμοιος
1381 4123 1525 4182 εἶναι
1563 4127 1831 4199 Θεοδοσίῳ
1863 4127 1942 4197 τῷ
1975 4127 2071 4197 βα-

500 4225 660 4278 σιλεῖ.
681 4223 938 4293 ’Δπαίρει
964 4221 1156 4276 λοιπὸν
1185 4222 1323 4291 πρὸς
1354 4219 1540 4284 αὐτὸν,
1568 4221 1665 4282 καὶ
1695 4219 1852 4289 ζητεῖ
1877 4220 2071 4290 μαθεῖν

496 4319 598 4388 τὴν
623 4315 824 4385 ἀρετὴν
863 4315 1050 4370 αὐτοῦ.
1087 4315 1195 4368 Καὶ
1217 4315 1245 4368 6
1289 4313 1545 4385 βασιλεὺς
1579 4312 1750 4367 πολλὰ
1789 4313 1888 4383 μὲν
1923 4312 2074 4384 αὑτῷ

499 4407 854 4479 ἀπεκάλυψεν
885 4408 1069 4477 ἕτερα,
1097 4401 1208 4464 οἷον
1232 4405 1577 4476 ξηροκοιτίαν
1597 4405 2072 4476 (81),ἐνδυμενίαν

500 4503 760 4574 τρίχινον,
787 4502 1000 4571 ἁποχὴν
1041 4501 1320 4568 γυναικὸς,
1351 4499 1628 4570 νηστείαν,
1672 4498 2070 4570 ἐλεημοσύνην,

499 4593 942 4665 δικαιοπραγίαν,
974 4595 1096 4653 ικαὶ
1156 4593 1257 4645 ὅσα
1312 4591 1560 4646 τοιαῦτα.
1607 4591 1667 4644 '0
1724 4592 1781 4645 δὲ
1837 4592 2072 4666 μοναχὸς

499 4687 951 4759 ἀπαρεσκόμενος
977 4684 1142 4754 δῆθεν
1166 4685 1280 4747 τοῖς
1306 4681 1792 4754 ἁπαριθμηθεῖσιν,
1823 4665 2073 4748 ἐϐιάζετο

498 4780 591 4834 τὸν
630 4779 854 4850 βασιλέα
885 4779 1059 4840 εἰπεῖν
1101 4777 1196 4833 καὶ
1231 4777 1394 4839 εἰπερ
1427 4792 1479 4834 τι
1520 4774 1710 4844 ἕτερον
1745 4773 1930 4845 μεῖζον
1964 4775 2072 4834 τῶν

499 4874 810 4943 εἰρημένων
835 4871 1122 4940 κέκτηται.
1159 4869 1268 4921 Καὶ.
1295 4867 1353 4930 ὃς
1381 4866 1570 4934 ἐλεγεν
1608 4867 1666 4918 ἐν
1699 4864 1884 4936 ἡμέρᾳ
1917 4867 2071 4927 Emtae

443 5031 449 5034 _
501 4961 601 5026 κοῦ
632 4961 858 5033 θεάτρου
897 4959 1167 5030 manabat
1201 4958 1300 5029 μὲν
1327 4961 1385 5011 ἐν
1423 4957 1500 5028 τῷ
1535 4959 1757 5028 συνήθει
1792 4960 1940 5028 τόπῳ
1977 4961 2072 5010 αὑ·

499 5052 620 5115 τοῦ,
651 5052 728 5123 μὴ
758 5052 1094 5116 ἐνατενίζειν
1126 5051 1182 5112 δὲ
1214 5051 1291 5120 τῷ
1324 5050 1561 5120 θεάτρῳ,
1595 5050 1989 5119 καλλιγραςεῦι
2017 5050 2072 5103 δὲ

501 5147 638 5217 τερος
669 5147 901 5211 τούτοις,
937 5146 1029 5198 καὶ
1063 5144 1206 5206 οὕτω
1240 5144 1338 5214 τὴν
1383 5144 1528 5214 ζωὴν
1556 5141 1721 5196 αὐτοῦ
1766 5142 1890 5211 ταῖς
1915 5143 2072 5205 ἰδίαις

500 5241 658 5309 χερσὶ
726 5242 1074 5309 συγκρατεῖ).
1114 5237 1334 5301 Τούτων
1364 5239 1602 5303 ἀκούσας
1644 5240 1671 5289 ὁ
1716 5236 1945 5306 μοναχὸς
1986 5254 2072 5290 το-

503 5331 708 5402 σαύτην
734 5330 949 5397 ἐδέξατο
992 5330 1254 5400 ἔκπληξιν
1279 5330 1350 5392 ὡς
1376 5331 1480 5382 καὶ
1522 5331 1710 5382 ἑαυτὸν
1751 5327 2078 5399 ἀγαπῆσαι,

501 5425 586 5478 ὅτι
614 5424 857 5494 τοσούτῳ
886 5425 982 5489 τὴν
1013 5425 1222 5492 ἀρετὴν,
1243 5421 1516 5492 ἀνθρώπῳ
1546 5421 1928 5485 συντέτακται9

2168 3850 2396 3904 occulta:
2432 3849 2656 3904 virtutis
2698 3847 2994 3911 exstiterit,
3020 3847 3106 3902 vel
3155 3846 3283 3902 hinc
3311 3847 3494 3920 colligi
3539 3858 3740 3918 potest.

2168 3942 2299 3998 Erat
2329 3941 2552 4012 quidam
2585 3941 2846 3996 solitariae
2887 3939 3010 3996 vitae
3039 3949 3298 4006 sectator,
3330 3942 3424 4012 qui
3457 3957 3581 3996 cum
3634 3943 3744 3999 Deo

2168 4034 2238 4088 40
2264 4043 2407 4090 totos
2440 4048 2616 4088 annos
2641 4034 2715 4088 ita
2761 4034 3046 4090 serviisset
3089 4043 3151 4091 ut
3179 4033 3360 4100 decet,
3392 4051 3642 4104 magnam
3677 4041 3744 4093 de

2170 4143 2229 4183 se
2259 4127 2552 4198 quamdam
2595 4126 3296 4196 opinionemconceperat.
3333 4127 3518 4197 Itaque
3541 4143 3746 4198 cogno-

2173 4236 2333 4286 scere
2364 4220 2622 4290 cupicbnt
2649 4234 2886 4289 quonam
2926 4234 2983 4274 se
3018 4218 3140 4274 loco
3186 4219 3338 4276 Deus
3359 4219 3608 4283 haberet.

2171 4313 2464 4386 gnificatur
2491 4313 2544 4367 ei
2579 4312 2856 4368 divinitus.
2881 4311 3534 4380 imperatori'l‘heodosio
3559 4325 3744 4380 parem

2173 4420 2314 4461 esse.
2346 4403 2696 4479 Quapropter
2725 4404 2792 4460 ad
2820 4405 3206 4473 imperatorem
3242 4418 3299 4458 se
3327 4403 3562 4466 confert,
3602 4403 3748 4457 illius

2173 4507 2379 4570 quanta
2407 4498 2586 4552 virtus
2616 4498 2758 4551 foret
2785 4498 3072 4566 explorare
3101 4494 3318 4554 nititur.
3377 4494 3436 4547 Ei
3473 4495 3747 4562 permulta

2176 4590 2432 4666 patefacit
2467 4589 2785 4659 imperator,
2831 4586 2983 4644 verbi
3013 4585 3188 4656 gratia
3235 4584 3383 4655 quod
3422 4584 3592 4638 aridis
3631 4592 3765 4650 lane.

2175 4691 2290 4738 tum
2321 4683 2461 4738 cibis
2491 4682 2792 4752 degustatis
2820 4680 3070 4746 cubaret,
3099 4678 3245 4749 quod
3271 4687 3754 4748 asperauteretur,

2176 4781 2434 4839 interula.
2487 4779 2634 4848 quod
2683 4779 2984 4833 abstineret
3029 4777 3098 4831 ab
3146 4777 3335 4832 uxoris
3381 4774 3747 4845 amplexibus,

2175 4873 2320 4943 quod
2362 4872 2670 4943 jejuuaret‘,
2711 4869 2858 4938 quod
2915 4869 3326 4939 benignitatem.
3365 4877 3653 4934 exerceret
3694 4868 3746 4920 in

2178 4979 2467 5036 pauperes,
2519 4963 2664 5032 quod
2723 4962 2950 5032 jnstitiat
2997 4961 3267 5023 rationem
3329 4958 3384 5012 in
3434 4959 3750 5019 actionibus

2179 5060 2293 5113 suis
2351 5057 2597 5119 haberet,
2627 5054 2843 5123 aliaque
2898 5053 3047 5119 talia.
3092 5050 3232 5115 Cum
3280 5051 3394 5117 hmo
3432 5049 3759 5124 enumerata

2177 5164 2369 5219 parum
2407 5147 2676 5202 monacho
2715 5144 3118 5208 satisfacerent,
3155 5145 3544 5213 imperatorem
3592 5145 3767 5208 fateri,

2173 5243 2334 5314 262
2355 5240 2554 5311 coegit,
2592 5255 2719 5294 ntttn
2744 5238 2873 5309 quid
2897 5238 2980 5292 his
3010 5238 3186 5309 majus
3209 5237 3430 5314 aliipso
3467 5248 3763 5307 praestare:

2181 5311 2289 5389 tur.
2315 5330 2454 5384 Tum
2488 5331 2788 5400 imperator
2820 5344 2834 5381 :
2873 5347 2892 5380 ι
2928 5328 3160 5395 Quibus,
3196 5311 3292 5396 ait,
3343 5312 3540 5382 dic-bus
3585 5345 3752 5397 eque-

2180 5425 2382 5492 strium
2407 5421 2771 5485 certaminum
2791 5422 3100 5491 spectacula
3121 5421 3472 5480 exhibentur.
3496 5420 3749 5488 equidem

501 5523 768 5573 consueto
805 5516 925 5570 loco
959 5516 1147 5579 sedeo,
1183 5529 1373 5568 verum
1405 5513 1596 5568 oculos
1637 5514 1696 5572 in
1720 5512 1838 5583 ipsa
1867 5513 2176 5584 spectacula
2216 5513 2423 5570 deﬁxos
2464 5528 2572 5566 non
2603 5511 2803 5567 habeo.
2839 5529 2859 5564 ι
2903 5512 3174 5566 Ρι-οξιοτιιξι
3220 5511 3397 5564 fassus
3467 5520 3552 5562 est
3592 5522 3650 5560 se
3693 5507 3756 5557 li—

504 5612 634 5666 bros
689 5613 969 5683 eleganter
1020 5626 1084 5667 ac
1118 5611 1325 5666 munde
1375 5609 1714 5676 describere,
1756 5619 1922 5680 atque
1975 5611 2080 5673 hoc
2114 5619 2273 5680 pacto
2300 5608 2885 5666 suismetlaborantem
2954 5608 3208 5664 manibus
3260 5608 3422 5674 vitant
3455 5603 3768 5674 Sllsllllet‘t'.‘

578 5798 692 5864 (8|)
725 5796 1090 5852 Leunclavins
1120 5796 1285 5852 vertit
1319 5797 1688 5865 ξηροκοιτῖαν,
1738 5797 1904 5852 aridis
1939 5807 2063 5850 tmt-

509 5882 619 5931 tant
669 5868 794 5922 cibis
843 5869 1131 5944 drgnstutis
1188 5869 1520 5938 cubadonem
1552 5885 1567 5924 :
1603 5869 1732 5940 quid
1780 5870 1822 5922 si
1877 5868 1939 5922 ad
1977 5873 2072 5939 χα-

2179 5796 2410 5861 μευνίας
2464 5797 2648 5864 potius
2673 5795 2998 5866 respexerit.
3032 5797 3147 5848 'ant
3194 5793 3422 5866 tiu-ratu”
3447 5789 3499 5842 in
3539 5803 3768 5854 asscre._

2183 5878 2386 5932 stores,
2416 5860 2603 5932 mana,
2652 5877 2741 5921 aut
2767 5860 2776 5866 ’
2799 5864 2950 5932 nudi
2994 5867 3158 5923 humo
3189 5860 3424 5924 cubandi
3465 5869 3754 5931 rationem:
