4054 6418
483 404 591 469 493

1725 412 2130 476 ANNALIUM
2176 413 2369 474 PARS
2411 412 2524 477 iV.

3625 409 3730 476 498

484 521 578 576 τοῦ
610 518 866 592 Χριστοῦ,
893 521 988 576 καὶ
1023 521 1153 590 μίαν
1187 521 1354 592 φύσιν
1378 523 1540 578 αὐτὸν
1571 525 1694 580 ὅλον
1720 521 1883 580 εἷναι.
1910 526 2050 582 Καθ’

2174 525 2362 597 ινηοάο
2405 526 2610 583 Christi
2647 540 2850 598 corpus
2903 525 3136 584 alterius
3186 529 3244 582 et
3279 524 3510 582 diversae
3544 525 3728 594 perhi-

483 605 545 666 οὗ
577 609 846 683 πεποίηκε
875 612 1110 684 τοπικὴν
1148 614 1363 670 σύνοδον
1389 616 1418 668 ὁ
1451 617 1724 688 μακάριος
1753 619 2053 683 Φλαϐιανὺς

479 703 787 769 ἐπίσκοπος
815 703 890 758 ὢν
910 704 1325 761 Κωνσταντίνου
1360 707 1590 776 πόλεως,
1617 708 1865 763 καθελὼν
1890 705 2054 764 αὑτὸν

488 801 580 854 καὶ
605 799 797 869 ὁρίσας
835 797 1121 869 ὁμοούσιον
1169 801 1302 872 ἡμῖν
1335 795 1479 855 εἶναι
1507 803 1567 856 τὸ
1600 801 1762 872 σῶμα
1790 803 1885 856 τοῦ
1916 803 2056 872 Χρι-

487 891 634 946 στοῦ.
663 889 792 946 Εἶτα
823 893 1010 963 δέησιν
1045 894 1072 948 ὁ
1110 894 1358 966 Εὐτυχὴς
1393 890 1737 961 ἐπιδεδωκὼς
1779 898 1857 968 τῷ
1903 891 2059 969 βασιρ

485 985 569 1039 λεί
599 985 921 1056 μετέπεισεν
954 987 1139 1053 αύτδν,
1171 991 1265 1041 καὶ
1302 989 1804 1060 μεταστειλάμενος
1833 983 2058 1042 Διόσκο-

487 1094 581 1148 ρον
611 1077 701 1129 τὸν
728 1074 823 1129 τοῦ
847 1077 1087 1146 μεγάλου
1119 1077 1392 1147 Κυρίλλου
1423 1070 1670 1148 διάδοχον
1700 1075 1927 1148 εποίησε
1959 1076 2060 1149 τὴν

487 1169 546 1224 ὲν
604 1167 813 1237 Ἐρέσῳ
862 1168 924 1220 τὸ
975 1167 1231 1240 δεύτερον
1291 1169 1512 1224 σύνοδον
1562 1172 1705 1224 κατά
1756 1170 2060 1225 Φλαϐιανοῦ

486 1261 586 1331 ⁴τὴν
651 1259 949 1330 λεγομένην
1003 1260 1336 1331 λῃστρικὴν,
1397 1261 1456 1314 ἐν
1601 1261 1898 1326 κυλλωθετς
1953 1261 2063 1314 ἀπὸ

491 1351 714 1420 πληγῶν
767 1351 795 1405 ὁ
840 1345 1139 1415 Φλαϐιανδς
1195 1347 1468 1404 ἀπέθανεν
1521 1350 1581 1418 ἐξ
1615 1352 1818 1406 αὐτῶν.
1858 1346 1974 1422 Ἐφ’
2019 1346 2063 1422 ᾧ

489 1447 586 1499 καὶ
632 1445 859 1515 γέγονεν
901 1446 936 1516 ἡ
967 1445 1024 1498 ὲν
1057 1443 1366 1512 Χαλκηδόνι
1400 1447 1637 1518 τετάρτη
1673 1445 1892 1509 σύνοδος
1920 1445 2064 1502 κατὰ

491 1539 762 1610 Εὐτυχοῦς
793 1538 886 1597 καὶ
919 1537 1237 1606 Διοσκόρου,
1264 1537 1495 1592 είποῦσα
1543 1536 1636 1592 καὶ
1667 1537 1848 1606 τοῦτο,
1881 1558 1900 1591 ι
1949 1533 2064 1592 Κυο

491 1629 674 1702 ρίλλου
707 1628 960 1698 αίωνίαὴ
1005 1627 1220 1700 μνήμη.
1257 1647 1275 1680 ι
1315 1627 1415 1682 Διά
1464 1628 1652 1697 μέντοι
1699 1627 1761 1680 τι
1803 1627 2066 1698 καθαιρε-

492 1723 650 1791 θῆναι
679 1723 772 1776 τδν
805 1722 1096 1792 Διόσκορον
1126 1719 1516 1792 διεσχίσθησαν
1543 1721 1640 1776 ἀπ’
1673 1719 1921 1794 ἀλλήλων
1941 1722 1976 1793 ἡ
2004 1738 2064 1777 τε

495 1811 904 1867 Κωνσταντίνου
943 1813 1098 1877 πόλις
1141 1812 1237 1866 καὶ
1269 1812 1302 1883 ἠ
1343 1812 1748 1883 Ἀλεξάνδρεια.

2157 619 2322 676 hcbat
2348 637 2376 675 a
2405 629 2591 676 nostro
2625 637 2748 678 esse
2782 622 3126 688 substantiae,
3163 622 3410 691 adeoque
3445 619 3732 674 Christum

2159 721 2332 768 totum
2365 716 2528 770 unius
2553 729 2674 771 esse
2703 725 2932 773 naturae.
2968 714 3158 786 Coegit
3196 713 3458 769 adversus
3491 727 3618 768 cum
3651 711 3733 765 lo.

2156 804 2328 860 calcm
2359 806 2628 875 synodum
2667 805 2862 862 beatus
2905 806 2995 861 ille
3032 806 3342 869 Flavianus,
3374 803 3559 876 Cpolis
3591 802 3734 857 anti-

2158 903 2290 960 stes,
2317 895 2371 950 in
2409 912 2518 965 quo
2546 896 2850 967 Eutychem
2877 897 3072 952 ordine
3101 888 3274 951 movit
3299 905 3355 952 et
3377 909 3502 951 esse
3526 891 3729 950 Christi

2157 1001 2362 1056 corpus
2392 987 2634 1059 ejusdem
2668 1003 2793 1044 cum
2834 996 3026 1043 nostro
3059 987 3384 1043 substantiae
3413 991 3732 1053 nattrerue

2161 1079 2428 1136 decrevit.
2484 1079 2699 1146 Quibus
2745 1080 2904 1144 actis,
2946 1079 3220 1152 Eutyches
3262 1077 3497 1148 supplici
3542 1077 3738 1132 libello.

2165 1164 2482 1240 imperatori
2523 1171 2711 1227 oblato
2756 1172 2810 1225 in
2859 1172 3020 1226 aliam
3069 1187 3195 1227 eum
3237 1170 3567 1226 sententiam
3605 1186 3733 1240 pcr-

2163 1263 2339 1318 duxit.
2376 1253 2512 1318 Nam?
2538 1265 2806 1318 arcessito
2842 1263 3124 1322 Dioscoro.
3165 1262 3341 1332 magni
3374 1252 3562 1332 Cyrilli
3603 1275 3732 1314 sue-

2163 1370 2419 1428 ccssore,
2486 1370 2681 1410 rursus
2737 1346 2898 1409 aliam
2959 1345 3227 1426 synodum
3287 1350 3483 1422 I'Iphesi
3542 1361 3734 1406 contra

2165 1443 2487 1500 Flavianum
2526 1441 2788 1507 instituit,
2826 1460 2948 1514 qua:
2999 1439 3278 1499 latronum
3309 1443 3605 1498 concilium
3637 1457 3736 1511 ap-

2166 1529 2426 1608 pellatur.
2458 1537 2676 1594 Etenim
2704 1537 2830 1593 istic
2860 1537 3155 1592 Flavianus
3188 1528 3517 1592 verberibus
3546 1534 3740 1588 multa-

2169 1641 2257 1684 tus
2291 1641 2524 1685 mortem
2558 1629 2717 1685 obiit.
2749 1630 2899 1684 Hauc
2924 1628 2999 1684 ob
3025 1644 3245 1686 causam
3275 1625 3742 1684 Chalcedonensis

2167 1731 2364 1793 quarta
2393 1724 2639 1796 synodus
2671 1723 2940 1779 adversus
2987 1721 3292 1794 Eutychem
3323 1729 3381 1776 et
3419 1720 3738 1774 Dioscorum

2170 1826 2257 1872 est
2280 1825 2604 1872 convocata.
2637 1815 2696 1870 in
2731 1815 2836 1869 hac
2864 1813 2956 1869 illa
2984 1827 3209 1886 quoque
3241 1811 3410 1866 verba
3450 1819 3576 1865 sunt
3611 1824 3739 1880 pro-

493 1903 744 1960 nuntiata
773 1922 788 1961 :
832 1923 852 1960 ι
887 1904 1117 1963 ιΕιεηιε
1151 1904 1461 1962 recordatio
1489 1902 1677 1976 Cyrilli
1697 1911 1841 1961 esto.
1874 1923 1892 1958 ι
1925 1901 2066 1970 Quia
2103 1920 2236 1962 vero
2263 1906 2559 1964 Dioscorus
2589 1905 2795 1964 ibidem
2821 1905 3017 1962 ordine
3071 1919 3228 1960 sacro
3287 1902 3741 1967 submovebatur,

491 1995 719 2052 divulsa:
769 2007 902 2052 sunt
939 2012 970 2051 a
1002 2013 1061 2053 se
1101 1996 1337 2052 invicem
1378 1995 1564 2065 Cpolis
1602 2005 1660 2052 et
1707 1995 2062 2053 Alexandria.

564 2086 719 2140 Μετά
742 2086 798 2139 δὲ
824 2086 922 2155 τὴν
953 2085 1216 2156 τοιαύτην
1241 2086 1512 2158 τετάρτην
1553 2086 1775 2140 σύνοδον
1804 2076 2068 2140 ἔσπευδον

2243 2083 2372 2141 Post
2409 2075 2655 2140 habitam
2691 2092 2944 2156 quartam
2982 2083 3251 2155 synodum
3284 2096 3480 2136 rursus
3515 2080 3738 2151 quidam

496 2177 650 2242 αὖθίς
677 2195 825 2242 τινες
853 2181 1025 2250 ίερεῖς
1071 2197 1131 2233 τε
1184 2180 1281 2234 καὶ
1311 2177 1542 2250 μοναχοὶ
1572 2177 1633 2233 τδ
1659 2177 1754 2232 τοῦ
1790 2172 2068 2248 Εὐτυχοῦς

494 2272 674 2342 δόγμα
733 2273 1026 2344 συνιστᾷν·
1077 2273 1203 2327 ὅθεν
1267 2274 1297 2327 ὁ
1352 2271 1660 2343 τηνικαῦτα
1713 2272 2070 2343 χρηματίζων

499 2365 845 2434 πατριάρχης
888 2364 1197 2428 Ἀνατόλιος
1227 2365 1592 2436 συμϐουλεύει
1627 2367 1905 2436 γραφῆναι
1946 2365 2071 2418 δυσὶ

496 2457 725 2530 χάρταις
760 2458 854 2510 καὶ
899 2457 1230 2528 ἀμφοτέρων
1280 2457 1388 2511 τῶν
1441 2457 1627 2528 μερῶν
1678 2457 1748 2512 τὰ
1799 2457 2069 2528 δόγματα,

497 2553 593 2608 καὶ
644 2551 712 2622 τῇ
773 2549 1007 2620 λάρνακι
1059 2551 1159 2620 τῆς
1217 2551 1708 2622 μεγαλομάρτυρος
1782 2549 2071 2620 [εὐφημίας

494 2641 872 2714 ἐμϐληθῆναι,
933 2643 1031 2697 καὶ
1079 2642 1223 2697 οὕτω
1273 2643 1584 2714 δηλωθῆναι
1630 2643 1731 2713 τὴν
1783 2643 2068 2712 ἀλήθειαν.

497 2733 711 2792 Γίνεται
741 2734 936 2802 ταῦτα,
955 2735 1050 2789 καὶ
1074 2734 1265 2805 θαῦμα
1289 2729 1596 2806 παράδοξον
1624 2729 1694 2806 ἦν
1720 2735 1851 2788 ίδεῖν
1875 2751 1889 2766 ο
1917 2733 2071 2804 παρά

501 2827 608 2896 γὰρ
641 2827 766 2891 τοὺς
788 2827 958 2891 πόδας
986 2828 1083 2898 τῆς
1117 2826 1281 2897 ἀγίας
1309 2826 1642 2900 ἐρριμμένος
1667 2826 1868 2898 εὑρέθη
1905 2827 1932 2878 ὀ
1961 2825 2071 2878 τῶν

501 2918 916 2972 ἀντιδικούντων
941 2921 1008 2992 τῇ
1045 2919 1277 2992 ἀληθείᾳ
1306 2919 1534 2992 χάρτης,
1565 2921 1592 2974 δ
1622 2917 1680 2972 δὲ
1703 2919 1891 2989 ἕτερος
1920 2917 2073 2986 παρά

503 3013 567 3082 τῇ
597 3013 744 3082 χειρὶ
772 3011 965 3084 αὐτῆς.

582 3195 708 3252 Ἐπὶ
760 3195 946 3266 μέντοι
991 3197 1186 3256 τούτου
1226 3195 1322 3252 τοῦ
1354 3193 1682 3268 Μαρκιανοῦ
1722 3197 1819 3251 καὶ
1846 3197 2072 3269 Συμεὼν

507 3289 536 3340 δ
562 3286 728 3356 μέγας
759 3287 929 3359 ἐπέϐη
977 3287 1070 3345 τοῦ
1098 3287 1293 3343 στύλου
1319 3305 1335 3321 ο
1370 3287 1736 3357 ἀκοινώνητος
1765 3289 1875 3361 γὰρ
1907 3291 2073 3362 μέχρι

510 3377 700 3432 πολλοῦ
725 3378 890 3450 ἔμενε
915 3379 1004 3439 διὰ
1031 3380 1091 3434 τὸ
1118 3379 1400 3453 καταρχὴν
1424 3379 1684 3454 τοιαύτην
1713 3381 2072 3447 ἐνδείξασθαν

509 3471 692 3534 πολλοὶ
718 3472 830 3550 γὰρ
859 3473 910 3528 οἱ
947 3473 1333 3550 μεμψίμοιροι,

576 3747 733 3805 Μετά
779 3748 836 3803 δὲ
883 3749 1206 3822 Μαρκιανδν
1237 3748 1390 3806 Λέων
1415 3750 1445 3804 ὁ
1474 3751 1649 3823 μέγας
1697 3751 1795 3820 ἔτη
1840 3758 1914 3824 ιη’
1941 3770 2078 3825 κρα-

505 3842 679 3913 τήσας
707 3841 934 3914 τελευτᾷ
965 3843 1350 3913 δυσεντερικός
1374 3858 1390 3874 ο
1418 3843 1506 3914 ἐφ’
1635 3845 1866 3916 σημεῖον
1895 3845 2077 3917 ἐφάνη

505 3935 566 3996 έν
631 3933 712 4004 τῷ
765 3935 1003 4006 οὐρανῷ,
1039 3935 1240 4008 νεφέλη
1296 3936 1718 4009 σαλπιγγοειδὴς
1785 3939 1878 3992 ἐπὶ
1936 3939 2075 4010 ἠμέ-

509 4043 613 4105 ρας
661 4027 738 4097 μ’,
774 4027 872 4082 καὶ
900 4027 1092 4097 ἔϐρεξε
1139 4028 1334 4083 σποδὸν
1371 4029 1432 4084 ιν
1477 4030 2076 4099 Κωνσταντινουπύλει,

509 4116 790 4189 σπιθαμὴν
850 4118 912 4172 τὸ
953 4118 1128 4190 πάχος
1168 4119 1420 4190 ἔχουσαν.
1475 4121 1589 4174 Καὶ
1641 4121 1845 4186 πάντες
1903 4121 2082 4178 utsi-

509 4225 680 4278 νευον,
710 4210 960 4280 λέγοντες
1009 4211 1092 4266 ὅτι
1156 4211 1272 4283 πῦρ
1322 4208 1394 4286 ἦν
1432 4213 1530 4268 καὶ
1577 4215 1644 4286 τῇ
1693 4214 2081 4290 φιλανθρωπίᾳ

507 4301 603 4363 τοῦ
630 4301 765 4356 Θεοῦ
791 4303 1046 4374 ἐσϐέσθη.
1078 4305 1212 4358 Τότε
1245 4306 1338 4359 καὶ
1381 4305 1583 4378 Δανιὴλ
1615 4309 1644 4362 ὁ
1682 4308 1858 4379 μέγας
1902 4309 2078 4382 ἐπέϐη

509 4395 604 4453 τοῦ
638 4396 830 4450 στύλον
872 4397 931 4449 ὲν
959 4397 1038 4466 τῷ
1085 4398 1361 4468 Ἀνάπλῳ.
1407 4397 1542 4452 Τότε
1567 4401 1663 4456 καὶ
1703 4401 1738 4472 ή
1767 4399 1891 4456 θεία
1917 4400 2080 4472 ἐσθὴς

509 4488 609 4557 τῆς
641 4489 732 4544 τοῦ
765 4490 971 4562 Κυρίου
996 4490 1217 4560 Μητρὸς
1260 4490 1615 4562 ἀνεκομίσθη.
1647 4483 1816 4556 Οὗτος
1843 4494 1870 4546 ό
1905 4493 2080 4563 μέγας

513 4581 664 4635 Λέων
689 4581 942 4636 ἐκέλευσε
970 4584 1068 4646 τὰς
1090 4583 1381 4655 Κυριακὰς
1428 4583 1746 4654 ἀπράκτους
1790 4579 1933 4638 εἶναι
1982 4585 2080 4638 καὶ

515 4673 648 4739 μήτε
685 4673 912 4726 ίππικδν
961 4673 1234 4728 τελεῖσθαι
1287 4675 1426 4745 μήτε
1491 4675 1730 4746 μουσικά
1778 4675 1936 4747 ἠχεῖν
1983 4675 2080 4746 δρ-

2171 2167 2490 2234 sacerdotes
2541 2186 2597 2233 et
2651 2176 2904 2233 monachi
2941 2191 3158 2232 summo
3208 2175 3394 2230 studio
3430 2173 3738 2228 doctrinam

2172 2257 2438 2341 Eutychis
2479 2269 2730 2326 stabilire
2761 2268 3101 2324 nitebantur.
3138 2265 3504 2334 Quamobrem
3533 2265 3740 2322 Anato-

2171 2349 2298 2429 iius,
2330 2363 2425 2433 qui
2463 2371 2575 2418 tum
2612 2361 2938 2434 patriarchae
2973 2375 3206 2416 munere
3249 2346 3598 2430 fungebatur,
3639 2358 3745 2414 hoc

2172 2455 2390 2510 consilii
2421 2453 2594 2517 dedit,
2628 2461 2689 2508 ut
2729 2452 2868 2508 duas
2903 2451 2956 2506 in
2987 2451 3208 2506 chartas
3251 2451 3541 2520 utriusque
3572 2448 3744 2518 partis

2172 2547 2421 2618 dogmata
2448 2545 2926 2615 perscriberentur
2963 2551 3019 2599 et
3047 2543 3100 2598 in
3139 2559 3332 2598 urnam
3357 2543 3571 2597 eximiae
3601 2541 3744 2596 mai"-

2173 2637 2306 2709 tyris
2352 2635 2668 2705 Euphemiae
2717 2635 3147 2706 eonjiccrentur,
3208 2649 3318 2704 quo
3376 2632 3585 2688 veritas
3639 2631 3746 2685 hoc

2173 2737 2332 2799 pacto
2354 2727 2713 2782 elucesccrct.
2735 2726 2874 2781 lluic
2896 2725 3126 2781 consilio
3152 2740 3276 2780 cum
3301 2724 3740 2794 obtemperatum

2173 2819 2388 2883 fuisset,
2419 2818 2728 2890 prodigium
2763 2817 3040 2888 quoddam
3072 2832 3277 2871 novum
3305 2825 3361 2871 et
3391 2813 3738 2886 inopinatum

2172 2920 2290 2966 erat
2321 2923 2585 2964 cernere:
2625 2921 2750 2961 nam
2785 2904 3233 2960 adversariorum
3271 2899 3524 2957 veritatis
3551 2899 3744 2956 charta

2173 3003 2254 3057 sic
2285 3007 2501 3071 reperta
2525 3009 2629 3065 est,
2657 3007 2716 3053 ut
2745 2998 2813 3052 ad
2838 3006 3039 3053 sanctae
3061 2993 3321 3067 martyris
3343 2991 3511 3064 pedes
3533 2991 3745 3062 abiecta

2170 3093 2398 3166 jaceret,
2431 3091 2603 3146 altera
2636 3105 2766 3145 vero
2798 3089 2864 3144 ad
2892 3103 3112 3144 manum
3145 3089 3286 3158 eius.

2244 3183 2524 3238 Marciano
2557 3191 2823 3253 regnante
2859 3179 3096 3251 Symeon
3135 3179 3226 3234 ille
3266 3191 3497 3250 magnus
3528 3174 3746 3232 colum-

2175 3293 2301 3333 nam
2327 3276 2596 3333 ascendit.
2629 3275 2681 3330 ls
2717 3275 2881 3345 longo
2917 3282 3166 3344 tempore
3195 3270 3336 3326 nihil
3366 3269 3590 3325 omnino
3619 3281 3745 3326 cum

2177 3369 2493 3426 hominibus
2521 3367 2714 3423 habuit
2745 3365 3084 3432 commercii,
3111 3373 3402 3436 propterea
3427 3361 3573 3434 quod
3603 3360 3752 3432 ejus-

2177 3464 2324 3520 modi
2382 3477 2500 3518 rem
2552 3477 2750 3518 novam
2798 3461 3012 3532 primus
3054 3457 3412 3515 ostendisset.
3457 3455 3548 3513 Sic
3600 3455 3748 3511 enim

2177 3565 2555 3626 comparatum
2591 3563 2676 3610 est
2710 3553 2766 3608 in
2821 3551 2990 3608 rebus
3037 3550 3300 3607 humanis
3347 3555 3408 3604 ut
3446 3547 3604 3604 multi
3638 3547 3751 3603 sint

2177 3649 2628 3718 reprehensores.
2799 3719 2802 3726 ἱ

2246 3740 2379 3798 Post
2408 3738 2742 3794 Marcianum
2775 3736 2886 3793 Leo
2913 3751 3145 3808 magnus
3169 3731 3403 3806 imperio
3437 3750 3534 3806 per
3562 3732 3625 3789 l8
3656 3749 3751 3788 an-

2178 3845 2282 3886 nos
2330 3829 2561 3902 potitus,
2581 3845 2650 3885 ex
2693 3815 3086 3884 interstinorum
3135 3819 3300 3900 264
3334 3824 3526 3882 morbo
3579 3823 3748 3876 vitam

2179 3923 2341 3980 (iniit.
2392 3921 2470 3979 Eo
2521 3932 2784 3994 regnante
2817 3921 3132 3995 prodigium
3167 3922 3222 3976 in
3279 3919 3421 3975 cmlo
3468 3915 3747 3989 quoddam

2179 4015 2454 4088 apparuit,
2505 4015 2765 4071 nimirum
2822 4014 3000 4070 nubes
3055 4005 3198 4070 tuba:
3251 4009 3580 4076 consimilis,
3629 4023 3754 4078 quIB

2180 4117 2326 4165 totos
2374 4107 2445 4164 40
2491 4108 2610 4164 dies
2653 4107 2894 4164 duravit.
2931 4107 3127 4163 itidem
3172 4105 3325 4177 Cpoli
3365 4104 3552 4160 cinere
3593 4101 3753 4172 pluit,

2179 4199 2340 4270 cujus
2369 4199 2654 4255 crassities
2685 4198 2928 4269 palmum
2974 4197 3248 4270 aequabat.
3291 4193 3504 4252 Idcirco
3540 4192 3754 4264 suppli-

2180 4301 2364 4350 catum
2413 4294 2483 4348 ab
2533 4291 2817 4359 omnibus,
2865 4290 3012 4363 quod
3066 4292 3315 4346 dicerent
3369 4289 3548 4360 ignem
3607 4287 3757 4340 liunc

2183 4385 2370 4452 fuisse,
2402 4400 2592 4442 verum
2623 4383 2963 4456 benignitate
3008 4383 3195 4438 divina
3238 4381 3571 4437 exstinctum
3607 4393 3752 4432 esse.

2182 4479 2339 4535 Tunc
2361 4485 2415 4534 et
2442 4493 2672 4548 magnus
2703 4477 2796 4533 ille
2823 4476 3086 4532 Danielus
3111 4475 3423 4530 columnam
3459 4471 3512 4526 in
3544 4468 3758 4540 Anaplo

2182 4571 2529 4638 conscendit,
2566 4581 2622 4627 et
2655 4569 2844 4626 Matris
2891 4569 3107 4625 Domini
3142 4583 3297 4623 sacra
3327 4565 3496 4621 vestis
3541 4563 3756 4633 Cpulim

2182 4672 2268 4719 est
2295 4663 2478 4720 allata.
2510 4661 2622 4720 Leo
2651 4677 2884 4733 magnus
2909 4661 3094 4717 edicto
3123 4659 3268 4716 Cavit
3299 4673 3368 4713 ne
3401 4655 3534 4728 quid
3567 4648 3756 4710 Domi-

512 4779 673 4827 γανα,
710 4761 846 4816 ἀλλά
874 4763 1082 4826 πάντας
1112 4766 1225 4828 τοῖς
1259 4764 1423 4828 θείοις
1457 4763 1868 4836 ὲνασχολεῖσθαι
1902 4768 2071 4830 ναοῖς.

2183 4756 2326 4812 nicis
2347 4755 2546 4812 diebus
2571 4756 2756 4827 operis
2784 4753 2961 4820 ﬂeret,
2983 4767 3122 4809 neve
3150 4751 3265 4807 ludi
3291 4751 3569 4805 circenses
3592 4761 3756 4817 pera-

513 4854 647 4908 Τότε
691 4855 780 4925 δὴ,
819 4856 938 4910 τότε
970 4855 1120 4925 καὶὴ
1165 4855 1275 4908 τῶν
1319 4855 1609 4926 Ῥωμαίων
1649 4855 1887 4911 παύεται
1917 4857 2078 4927 βασι-

509 4946 645 5000 λεία.
669 4949 986 5017 Σημείωσαι
1010 4948 1068 5002 δὲ
1096 4949 1179 5002 ὅτι
1216 4948 1322 5002 ἀπὺ
1362 4946 1644 5018 Ῥωμύλου
1677 4947 1884 5020 ἧρξατο
1909 4947 2075 5019 αὕτη,

512 5039 605 5093 καὶ
639 5039 777 5109 μετὰ
802 5035 899 5110 ,στ’
937 5039 1030 5092 καὶ
1055 5044 1103 5108 γ’
1138 5038 1232 5109 ἐτη
1265 5039 1323 5092 έν
1366 5037 1630 5110 Ῥωμύλῳ
1652 5039 1817 5094 πάλιν
1859 5039 2080 5096 «inau-

507 5143 623 5195 ται,
677 5129 1022 5202 κρατούντων
1076 5131 1257 5185 ἐκεῖσε
1309 5132 1454 5202 μετά
1505 5131 1681 5186 ταῦτα
1735 5132 1920 5204 ρηγῶν
1985 5149 2083 5203 με-

508 5220 784 5290 γιστάνων
855 5219 949 5274 καὶ
1027 5220 1142 5276 ὅσοι
1211 5220 1446 5278 τοιοῦτοι
1517 5223 1810 5298 χωράρχαι
1871 5224 2082 5296 βάρϐα-

512 5328 596 5386 ροι
624 5313 762 5387 (82).

453 5713 456 5717 ,
589 5657 703 5730 (82)
751 5655 1101 5730 ll_ic__desinit
1154 5656 1291 5730 alter
1338 5672 1373 5730 _e
1415 5656 1854 5730 Claromontanis
1901 5657 2083 5730 Glycaa

515 5726 647 5786 mss.
685 5726 993 5798 eodicibus.
1039 5741 1150 5798 quo
1208 5727 1508 5798 plurimum
1568 5729 1652 5784 usi
1699 5745 1934 5794 sumus;
1970 5726 2082 5785 'sed

518 5799 786 5869 nonnulla
833 5797 998 5869 habet
1045 5797 1114 5852 dc
1167 5797 1377 5869 septem
1414 5798 1640 5869 synodis
1673 5799 2084 5856 universalibus

515 5885 620 5932 suo
651 5868 912 5940 deinceps
954 5867 1076 5926 loco
1115 5867 1243 5926 non
1269 5867 1593 5926 omittenda.
1641 5869 1869 5928 Interim
1898 5886 2089 5927 mone-

2181 4857 2464 4921 gereutur,
2489 4862 2629 4904 neve
2655 4847 2866 4904 musica
2898 4847 3261 4902 instrumenta
3291 4848 3636 4903 resonarent,
3662 4836 3758 4894 sed

2183 4957 2379 4998 omnes
2425 4941 2595 4998 rebus
2633 4937 2837 4994 divinis
2885 4936 3141 5006 occupati
3188 4940 3396 4990 essent.
3445 4932 3757 4989 Romanum

2185 5035 2479 5107 imperium
2513 5033 2568 5089 id
2600 5031 2862 5103 temporis
2905 5044 3138 5102 prorsus
3165 5028 3497 5084 exstinctum
3532 5034 3588 5080 et
3621 5023 3758 5078 abo-

2181 5128 2343 5186 litum
2395 5135 2500 5183 est.
2547 5125 2726 5194 Atque
2776 5123 2869 5178 hic
2925 5119 3064 5177 mihi
3114 5119 3356 5186 notabis,
3401 5115 3534 5174 illud
3580 5117 3758 5187 ipsum

2185 5219 2481 5291 imperium
2516 5233 2549 5274 a
2580 5215 2818 5272 Romulo
2845 5214 3064 5271 initium
3089 5212 3350 5270 habuisse
3379 5225 3444 5266 ac
3469 5216 3594 5282 post
3622 5199 3763 5262 1303

2188 5328 2367 5370 annos
2394 5312 2586 5369 itidem
2608 5308 2714 5366 sub
2743 5308 2982 5364 Romulo
3019 5305 3271 5378 principe
3303 5303 3594 5361 deiecisse.
3618 5298 3756 5354 Nam

2189 5405 2450 5474 deinceps
2475 5403 2602 5458 istic
2628 5415 2810 5472 reges,
2836 5400 3119 5472 principes
3140 5398 3346 5468 aliique
3371 5395 3510 5458 tales
3539 5387 3759 5449 barbari

2188 5503 2468 5553 certorum
2500 5494 2751 5550 locorum
2780 5491 2990 5549 domini
3021 5505 3205 5549 rerum
3237 5479 3398 5562 potiti
3431 5493 3581 5542 sunt.

2189 5657 2372 5713 bimus
2420 5657 2474 5712 in
2525 5655 2716 5712 codice
2749 5655 2792 5712 F
2823 5671 2931 5712 non
2980 5654 3047 5711 l8
3101 5654 3198 5710 sed
3247 5651 3312 5707 l7
3345 5651 3516 5708 Leoni
3551 5649 3759 5705 seniori

2189 5743 2368 5802 annos
2416 5727 2608 5802 tribui,
2652 5726 2773 5798 ejus
2822 5740 3059 5802 vero_ex
3125 5723 3239 5802 lilia
3282 5723 3470 5791 nepoti
3511 5720 3764 5802 .Zenpnis

2194 5799 2306 5879 tilio
2337 5797 2532 5877 Leoni,
2568 5792 2699 5854 non'
2727 5812 2905 5854 annos
2949 5795 3113 5865 duos,
3146 5795 3242 5852 sed
3293 5808 3465 5849 unum
3494 5792 3760 5853 duntaxat

2191 5883 2485 5941 assxgnart.
