4054 6418
409 469 514 533 ίῦἶ

1648 473 2062 537 ANNALIUM
2103 475 2298 536 PARS
2336 476 2420 535 ιν
2439 520 2452 534 .

3554 435 3671 543 ινδ

434 582 787 646 Αναστάσιον,
821 582 1002 653 ἔτερ-ι
1042 583 1097 637 δὲ
1127 583 1353 653 Ζήνωνα
1386 583 1604 654 κατόχῳ
1643 586 1978 654 συσχεθῆναι

2086 584 2236 638 hunc
2289 583 2678 650 Anastasium,
2735 581 2874 638 alios
2921 581 3014 652 qui
3069 582 3348 638 Zenonem
3406 585 3674 642 comitiali
3736 610 3738 613 ·

407 674 675 742 νοσήματι
739 673 980 742 λέγουσι,
1036 675 1128 727 καὶ
1184 675 1328 728 οὓτω
1373 675 1638 746 ταφῆναι,
1698 677 1795 729 καὶ
1848 675 1987 744 μετὰ

407 766 580 819 ταῦτα
634 765 821 835 φωνὴν
866 767 930 818 ὲκ
978 766 1072 819 τοῦ
1131 767 1308 836 τάφου
1361 768 1630 839 προϊέναι,
1665 763 1769 820 εἷθ’
1811 767 1987 832 οὕτως

411 862 723 926 ἁνοιγέντος
756 859 854 912 τοῦ
892 861 1173 930 μνήματος
1200 861 1498 930 εὑρεθῆναι
1527 863 1657 924 τοὺς
1689 861 1986 931 βραχίονας

407 951 570 1005 αὑτοῦ
603 951 986 1021 βεϐρωμένους
1015 953 1118 1005 ὑπὸ
1151 954 1345 1023 πείνης
1377 955 1510 1021 παρ’
1549 954 1740 1008 αὐτοῦ.
1787 955 1874 1007 Ἑν
1902 955 1980 1022 τῷ

409 1045 528 1096 κατ’
570 1043 868 1112 ἀκρόπολιν
922 1045 1064 1114 ἁγίῳ
1113 1047 1279 1116 Μηνᾷ
1321 1046 1523 1116 εὑρέθη
1561 1045 1781 1115 ὄρυγμα
1832 1046 1890 1097 ὲν
1943 1039 1985 1112 ᾧ

410 1137 540 1190 ὀστᾶ
575 1137 850 1204 γιγάντων
901 1136 1106 1190 πολλά·
1145 1138 1318 1190 ταῦτα
1355 1140 1383 1191 ὁ
1420 1139 1680 1207 βασιλεὺς
1719 1138 1985 1192 Ἀναστά-

411 1244 523 1290 σιος
549 1229 710 1296 χάριν
741 1226 1022 1295 θαύματος
1050 1230 1108 1280 ὲν
1135 1227 1214 1298 τῷ
1243 1228 1492 1299 παλατίῳ
1521 1229 1807 1283 κατέθετο.
1825 1227 1985 1282 Οὕτω

411 1319 511 1388 μὲν
543 1318 636 1372 οὖν
670 1318 811 1372 κατὰ
859 1318 950 1371 τὸν
998 1318 1153 1384 ἅγιον
1194 1319 1474 1388 Μάμαντα
1530 1320 1745 1400 γέφυρα
1793 1316 1864 1392 ἦν
1893 1319 1986 1372 ἐπὶ

412 1414 633 1484 μεγάλῳ
687 1413 940 1483 ποταμῷ.
987 1413 1200 1467 Ἐκείσε
1233 1409 1326 1466 οὗν
1359 1412 1450 1466 διὰ
1502 1414 1564 1466 τὸ
1597 1413 1809 1466 οἴεσθαι
1856 1412 1988 1482 δρά-

409 1525 572 1561 κοντα
606 1508 900 1571 κατοικεῖν,
930 1507 990 1558 ἐν
1018 1509 1083 1577 τῇ
1121 1505 1340 1576 γεφύρᾳ
1384 1506 1650 1574 δηλονότι,
1679 1507 1984 1576 παρθένους

410 1600 504 1655 καὶ
559 1582 749 1663 θυσίας
813 1599 1177 1669 προσέφερον.
1229 1599 1418 1653 Ταῦτα
1464 1599 1522 1652 δὲ
1584 1600 1776 1669 Ζήνων
1823 1597 1988 1652 κατέ-

411 1691 637 1764 στρεψε.
799 1701 801 1703 ’

480 1786 719 1840 Γίνωσκε
757 1785 814 1839 δὲ
867 1786 950 1839 ὅτι
1003 1787 1032 1839 6
1090 1786 1345 1855 βασιλεὺς
1389 1785 1742 1849 Ἀναστάσιος
1790 1784 1884 1838 καί
1931 1801 1984 1838 τι

408 1880 693 1934 κάλλιστον
716 1874 828 1947 εἶχε
859 1881 974 1942 τοῖς
1001 1877 1169 1932 αὑτοῦ
1201 1877 1709 1946 παραμεμιγμένον
1746 1876 1939 1937 κακοῖς
1964 1889 1980 1903 ·

409 1973 504 2025 καὶ
531 1971 580 2024 εί
631 1969 706 2040 μὴ
743 1942 874 2038 περὶ
919 1969 982 2021 τὸ
1025 1971 1168 2022 θεῖον
1199 1942 1373 2031 σέόας-
1405 1942 1727 2036 ἐσφάλλετο,
1762 1966 1982 2036 ἴσχυσεν
2016 1942 2056 1998 Β

407 2063 474 2116 ἂν
526 2063 588 2115 τὸ
637 2061 876 2114 τοιοῦτον
931 2060 1097 2114 καλὸν
1162 2061 1384 2115 πάντων
1444 2061 1830 2131 περιγενέσθαι
1877 2061 1985 2114 τῶν

409 2155 622 2208 ἐκείνου
665 2153 878 2208 κακῶν.
925 2153 1234 2223 Πρόρῤιζον
1278 2155 1388 2224 γὰρ
1423 2153 1702 2207 ἀνέσπασε
1736 2155 1835 2224 τὴν
1880 2171 1985 2207 κα-

410 2247 602 2314 κίστην
651 2247 857 2313 ταύτην
907 2245 1216 2316 εἴσπραξιν,
1285 2247 1352 2316 ῆν
1408 2245 1699 2316 ἱστορῆσαι
1748 2247 1776 2299 6
1826 2246 1986 2312 λόγος

411 2341 711 2409 ἐπείγεται.
761 2340 940 2398 ’Ἅπας
1000 2337 1138 2408 ἀνὴρ
1194 2341 1288 2392 καὶ
1335 2339 1496 2409 γυνὴ,
1537 2339 1699 2407 κόρη,
1730 2342 1856 2400 παῖς
1889 2339 1984 2392 καὶ

413 2434 628 2505 βρέφος,
671 2431 886 2502 πτωχὸς
929 2430 1216 2499 ἐλεύθερος
1245 2432 1338 2483 καὶ
1384 2429 1571 2492 δοὸλος
1604 2429 1746 2499 ὑπὲρ
1778 2428 1984 2481 σκυΰά·

412 2525 516 2578 λων
558 2525 867 2593 κοπρηνῦν,
915 2524 1142 2592 προσέτι
1190 2523 1247 2575 δὲ
1309 2525 1405 2575 καὶ
1467 2521 1668 2592 οὔρων,
1703 2521 1984 2592 ἀργυροῦν

417 2618 488 2690 τῷ
516 2617 727 2687 ταμείῳ
757 2616 1102 2687 προσέφερον
1142 2616 1411 2684 νόμισμα.
1450 2613 1616 2668 Τουτὶ
1644 2613 1701 2665 δὲ
1729 2613 1790 2666 τὸ
1817 2612 1984 2681 βάρος

415 2713 501 2765 καὶ
535 2713 646 2772 τοῖς
682 2711 934 2778 κτήνεσιν
985 2709 1168 2770 αὐτοῖς
1201 2708 1488 2760 ἐπέκειτοο
1529 2704 1671 2775 ὑπὲρ
1711 2709 1818 2777 γάρ
1853 2708 1982 2758 ἑκάφ

415 2821 538 2857 στου
570 2803 802 2880 κτήνους
851 2799 1066 2870 φόλλεις
1116 2797 1173 2864 ἓξ
1209 2800 1236 2850 6
1279 2797 1556 2862 δεσπόζων
1589 2797 1978 2851 κατεϐάλλετο.

421 2897 681 2948 ’(ὶξοίνυν
728 2893 1082 2955 Ἀναστάσιος
1116 2892 1384 2962 μοναχους
1432 2891 1632 2959 ἄνδρας
1660 2889 1984 2961 εὐλαϐηθεὶς

413 2988 684 3053 ἐντεύξεις
717 2983 1121 3055 ποιησαμένους
1149 2984 1288 3052 πρὸς
1335 2981 1498 3034 αὐτὸν
1527 2981 1590 3034 τὸ
1621 2981 1785 3052 βάρος
1825 2980 1984 3033 τοῦτο

415 3081 760 3134 παντάπασιν
808 3075 1060 3137 ἐντεῦθεν
1108 3073 1387 3143 ἀπήλασε.
1431 3071 1646 3143 Κοάδης
1675 3071 1731 3124 δὲ
1771 3072 1799 3125 ὁ
1845 3071 1987 3139 Περ-

413 3173 522 3226 σῶν
562 3170 814 3242 βασιλεὺς
859 3168 921 3222 ἐν
963 3185 1071 3221 τινι
1123 3168 1371 3237 φρουρίῳ
1413 3165 1596 3229 λίθους
1631 3164 1850 3234 τιμίους
1883 3181 1986 3227 μα-

2085 677 2282 730 morbo
2335 687 2649 744 correptum
2697 683 2864 744 atque
2915 676 2988 730 ita
3038 676 3294 744 sepulcro
3349 677 3672 730 mandatum

2085 764 2257 821 fuisse
2287 765 2527 820 tradant.
2555 765 2688 820 Inde
2724 781 2914 820 vocem
2945 765 3015 820 de
3045 769 3302 835 sepulcro
3328 767 3672 834 exauditam,

2084 873 2195 930 quo
2229 859 2450 914 recluso
2497 860 2780 913 inventum
2823 859 3079 921 cadaver,
3113 860 3201 913 cui
3251 860 3476 916 brachia
3513 861 3676 916 dees-

2084 960 2208 1006 sent
2237 953 2306 1006 ab
2335 951 2570 1021 ipsomet
2595 953 2855 1005 nimirum
2890 967 3001 1020 prie
3035 950 3175 1006 fame
3199 951 3484 1008 devorata.
3511 954 3670 1022 Apud

2085 1051 2337 1099 sanctum
2371 1043 2585 1099 Menam
2619 1043 2674 1098 in
2712 1058 2861 1108 arce,
2897 1044 3016 1098 solo
3053 1044 3276 1108 emisso,
3310 1046 3671 1100 subterranea

2085 1135 2400 1192 concavitas
2434 1137 2657 1190 inventa
2692 1145 2794 1200 cst,
2839 1150 2944 1204 qua
2991 1136 3162 1189 multa
3209 1137 3490 1205 gigantum
3540 1152 3666 1190 ossa

2086 1228 2542 1285 continebantur.
2573 1229 2648 1284 Ea
2680 1229 2846 1300 jussit
2879 1228 3180 1297 imperator
3207 1227 3534 1282 Anastasius
3564 1229 3664 1282 ad-

2085 1322 2404 1378 mirationis
2437 1336 2603 1378 causa
2640 1323 2693 1376 in
2730 1321 2933 1390 palatio
2971 1321 3259 1376 collocari.
3295 1320 3673 1377 Consimiliter

2085 1413 2230 1485 apud
2254 1425 2506 1469 sanctum
2537 1413 2864 1467 Mamantem
2891 1413 3069 1482 magni
3101 1411 3344 1466 ﬂuminis
3372 1428 3507 1482 pons
3531 1423 3670 1478 erat,

2086 1505 2191 1560 sub
2226 1518 2339 1574 quo
2387 1514 2550 1574 ponte
2586 1504 2733 1574 quod
2786 1503 3204 1562 existimaretur
3237 1503 3402 1558 draco
3448 1504 3671 1574 quidam

2085 1597 2308 1667 degere,
2341 1597 2583 1666 virgines
2617 1595 2766 1651 inter
2797 1596 2936 1651 alias
2972 1595 3179 1650 hostias
3215 1596 3669 1652 iunnulabantur.

2086 1689 2213 1745 Haac
2241 1704 2396 1745 sacra
2428 1689 2578 1745 Zeno
2607 1689 2911 1759 imperator
2941 1689 3221 1758 prohibita
3255 1689 3498 1742 sustulit.

2157 1783 2336 1837 Debes
2363 1791 2547 1836 autem
2589 1780 3031 1835 animadvertere
3064 1779 3326 1852 quiddam
3361 1781 3520 1850 longe
3552 1782 3673 1850 pul-

2087 1871 2425 1926 cherrimum
2447 1870 2503 1924 in
2528 1869 2633 1924 hoc
2658 1869 2990 1940 imperatore
3008 1868 3322 1935 Anastasio,
3343 1884 3405 1938 pe
3417 1870 3669 1923 rmistum

2085 1964 2235 2019 vitiis
2268 1963 2410 2034 ejus,
2435 1963 2747 2028 exstitisse;
2787 1961 2934 2032 quod
2973 1963 3154 2032 ipsum
3181 1977 3313 2016 sane
3347 1963 3668 2031 prmclarum

2084 2056 2304 2110 facinus
2332 2057 2552 2109 elevare
2599 2054 2741 2108 mala
2775 2061 2975 2108 etetera
3013 2054 3304 2122 potuisset,
3339 2053 3384 2106 si
3419 2055 3556 2106 nihil
3611 2055 3666 2110 in

2085 2150 2236 2203 cultu
2272 2147 2648 2218 religioneque
2673 2145 2863 2199 divina
2891 2145 3099 2199 erroris
3126 2145 3370 2199 favisset.
3401 2146 3536 2200 Nam
3567 2147 3666 2201 tri~

2084 2242 2280 2297 butum
2354 2239 2634 2310 quoddam
2696 2237 3105 2306 iniquissimum
3173 2238 3434 2303 sustulit,
3509 2238 3669 2307 cujus

2086 2331 2358 2384 rationem
2411 2341 2686 2398 exponere
2743 2327 2896 2384 libet.
2955 2327 3163 2395 Singuli
3218 2328 3663 2390 mortales,wri,

2086 2425 2364 2489 mulieres,
2383 2423 2598 2492 puellae,
2626 2421 2800 2492 pueri,
2833 2421 3090 2486 infantes,
3113 2421 3374 2484 mendici,
3411 2421 3665 2490 ingenui.

2083 2513 2248 2577 servi,
2281 2521 2765 2568 ercrementorum
2811 2521 3224 2568 stercoreorum
3277 2521 3332 2565 et
3379 2512 3664 2564 urinarum

2084 2606 2304 2658 nomine
2331 2619 2618 2657 nummum
2638 2613 2955 2674 argenteum
2977 2603 3172 2657 terario
3204 2603 3535 2672 pendebant.
3574 2602 3667 2656 Δις

2083 2712 2192 2768 que
2227 2696 2374 2750 idem
2408 2697 2511 2751 hoc
2533 2710 2674 2750 onus
2706 2696 2840 2765 ipsis
2864 2694 3028 2750 etiam
3057 2693 3318 2762 iumentis
3347 2694 3664 2762 impositum

2086 2795 2254 2842 erat:
2292 2787 2457 2856 266
2505 2800 2633 2840 nam
2681 2785 2955 2856 cujusque
3001 2785 3238 2856 jumcnti
3301 2785 3520 2838 nomine
3571 2799 3665 2838 sex

2083 2873 2260 2940 oboli,
2281 2891 2421 2946 quos
2446 2876 2607 2931 folles
2638 2876 2940 2946 appellant,
2965 2892 2994 2929 a
3023 2876 3248 2929 domino
3271 2875 3661 2944 exigebantur.

2082 2968 2256 3040 Igitur
2287 2969 2610 3023 Anastasius
2639 2967 2790 3022 viros
2819 2967 3086 3038 quosdam
3123 2967 3383 3020 solitariae
3411 2967 3537 3020 vita:
3565 2965 3665 3020 de-

2084 3060 2232 3116 ditos
2261 3059 2560 3125 reveritus,
2595 3059 2690 3128 qui
2739 3058 2886 3128 apud
2940 3058 3119 3128 ipsum
3154 3058 3295 3110 hanc
3326 3057 3399 3111 ob
3436 3071 3660 3111 causam

2085 3154 2534 3218 intercesserant,
2569 3165 2718 3206 onus
2758 3151 2864 3205 huc
2923 3151 2979 3205 in
3031 3151 3353 3205 universum
3419 3149 3660 3204 sustulit.

415 3265 524 3318 θὼν
549 3262 888 3324 ἀποκεῖσθαι.
923 3260 1014 3315 καὶ
1043 3262 1390 3328 κωλυόμενος
1421 3258 1574 3326 παρὰ
1603 3257 1712 3310 τῶν
1750 3257 1808 3309 ὲν
1834 3253 1983 3323 αὐτῷ

2086 3245 2219 3302 Erat
2267 3245 2356 3300 his
2410 3244 2755 3314 temporibus
2805 3257 2902 3297 rex
2952 3243 3242 3298 Persarum
3286 3241 3522 3307 Coades,
3568 3242 3662 3311 qui

418 3355 812 3413 κατοικούντων
854 3354 1126 3425 δαιμόνων
1163 3349 1530 3407 ἀναλαὸέσθαι
1574 3349 1792 3415 αὐτοὺς,
1829 3349 1982 3423 πάσῃ

411 3427 725 3520 ’μαγγανεία
783 3448 1076 3518 ἐχρήσατο,
1147 3444 1440 3506 Ἰουδαίους
1498 3461 1559 3496 τε
1618 3444 1712 3498 καὶ
1774 3443 1984 3504 πάντας

408 3543 602 3608 ἄλλους
631 3541 1172 3614 προσκαλεσάμενος,
1198 3540 1296 3593 καὶ
1323 3538 1502 3601 οὐδεὶς
1533 3535 1592 3603 ἐξ
1639 3535 1821 3591 αὐτῶν
1859 3534 1987 3603 ἠδυ-

408 3637 546 3705 νήθη
593 3635 816 3705 ποιῆσαί
857 3651 932 3699 τι,
979 3633 1138 3702 μόνος
1192 3633 1249 3684 δὲ
1281 3633 1309 3684 6
1349 3633 1529 3684 ἐκεῖσε
1576 3626 1982 3690 ὲπισκοπεύων,

406 3729 487 3800 τῷ
525 3727 738 3799 σημείῳ
765 3725 855 3780 τοῦ
892 3724 1130 3796 σταυροῦ
1165 3723 1428 3800 ἑκδιώξας
1462 3721 1681 3783 αὐτούς,
1709 3721 1819 3774 Καὶ
1851 3720 1984 3791 περὶ

411 3823 511 3894 μὲν
547 3820 752 3885 τούτων
783 3819 976 3885 οὔτως.

477 4061 632 4116 Μετὰ
684 4058 742 4113 δὲ
802 4059 1162 4132 Ἀναστάσιον
1210 4059 1496 4123 Ἰουστῖνος
1544 4062 1571 4113 ὁ
1601 4059 1749 4131 Θρᾲξ
1787 4061 1882 4128 ἐτη
1915 4058 1978 4114 0'.

421 4154 534 4224 Ἐφ’
557 4148 620 4209 οὗ
646 4151 824 4224 ἀστὴρ
855 4153 1031 4224 ἐφάνη
1057 4156 1116 4207 ὲν
1143 4153 1223 4223 τῷ
1251 4153 1468 4224 οὐρανῷ
1497 4153 1685 4206 ἐπάνω
1725 4157 1822 4222 τῆς
1857 4153 1985 4222 χαὶ.-

407 4247 508 4314 κῆς
535 4246 716 4313 πύλης
745 4245 839 4300 τοῦ
872 4246 1174 4313 παλατίου,
1211 4245 1305 4297 ἐπὶ
1339 4246 1554 4316 ἡμέρας
1602 4251 1720 4310 κς’,
1763 4247 1860 4299 καὶ
1887 4245 1981 4314 γέ-

405 4356 528 4406 γονε
587 4339 811 4410 σεισμὸς
869 4341 1270 4410 φοϐερώτατος.
1301 4341 1414 4393 Καὶ
1465 4342 1495 4410 ἡ
1540 4339 1651 4408 ¹μὲν
1692 4341 1984 4393 Κωνσταν-

402 4429 712 4494 τινούπολις
741 4431 800 4485 ἐν
823 4431 1105 4500 διαφόροις
1136 4430 1323 4492 τόποις
1355 4429 1715 4497 συμπτώσεις
1743 4431 1980 4497 ὑπέμει-

401 4541 512 4587 νεν,
544 4523 578 4592 ἡ
601 4522 660 4575 δὲ
687 4522 899 4593 μεγάλη
947 4523 1255 4593 Ἀντιόχεια
1295 4523 1444 4574 πᾶσα
1481 4521 1668 4591 σχεδὸν
1696 4523 1974 4592 κατεπόθη

2087 3351 2216 3394 cum
2247 3337 2304 3393 in
2337 3334 2569 3394 castello
2598 3335 2836 3408 quodam
2867 3349 3110 3409 gemmas
3135 3349 3256 3391 esse
3291 3337 3470 3406 magni
3502 3331 3668 3405 pretii

2084 3430 2391 3496 didicisset,
2435 3446 2502 3484 ac
2543 3429 2845 3500 quominus
2902 3429 2984 3484 eis
3067 3427 3339 3498 petiretur
3373 3427 3441 3480 ab
3472 3424 3668 3480 incolis

2084 3522 2190 3578 loci
2219 3524 2398 3594 geniis
2425 3521 2812 3592 impediretur,
2837 3519 2987 3574 omni
3031 3532 3234 3588 genere
3266 3518 3662 3588 praestigiarum

2084 3629 2222 3670 usus
2246 3623 2350 3669 est.
2385 3614 2522 3668 Nam
2547 3623 2604 3668 et
2631 3613 2851 3669 Iudaeos
2876 3619 2931 3666 et
2956 3611 3181 3680 quosvis
3207 3611 3345 3665 alios
3370 3611 3667 3664 arcessitos

2084 3706 2414 3770 adhibebat;
2444 3720 2623 3774 neque
2655 3713 2839 3763 tamen
2869 3703 3091 3758 illorum
3121 3702 3410 3772 quisquam
3453 3701 3660 3770 aliquid

2084 3798 2302 3855 edicere
2346 3805 2584 3868 poterat.
2634 3796 2876 3852 Tandem
2936 3795 3168 3854 antistes
3213 3794 3335 3865 ejus
3391 3794 3496 3847 loci
3547 3793 3663 3847 solo

2084 3893 2273 3947 crucis
2305 3891 2462 3962 signo
2489 3891 2680 3961 genios
2717 3889 2950 3959 expulit.
2982 3888 3061 3943 Ac
3091 3887 3275 3942 dehis
3304 3885 3524 3957 quidem
3559 3886 3664 3940 hoc

2085 3983 2247 4038 modo
2274 3982 2481 4038 dictum
2516 3992 2657 4037 esto.

2155 4076 2279 4130 Post
2307 4075 2656 4128 Anasmsium
2684 4088 2861 4129 annos
2886 4090 3081 4129 novem
3110 4072 3363 4130 Justinus
3392 4071 3662 4126 oriundus

2081 4182 2113 4222 e
2151 4166 2386 4221 Thracia
2425 4166 2697 4236 regnavit,
2738 4165 2842 4220 sub
2875 4181 2986 4235 quo
3030 4165 3187 4222 sidus
3236 4168 3291 4221 in
3325 4165 3468 4221 cmlu
3500 4179 3665 4235 pecu-

2081 4259 2217 4315 liare
2249 4271 2604 4329 conspectum
2634 4268 2721 4313 est
2785 4274 2951 4328 supra
2983 4270 3194 4329 portam
3223 4275 3421 4314 aeream
3456 4257 3661 4329 palatii,

2083 4357 2231 4402 totos
2254 4348 2324 4402 26
2351 4348 2494 4402 dies.
2520 4348 2698 4402 Simul
2728 4356 2890 4404 terra?
2921 4359 3105 4404 motus
3133 4351 3370 4405 maxime
3399 4348 3665 4404 formida-

2081 4440 2210 4496 bilis
2247 4439 2468 4495 aceidit.
2510 4439 2669 4509 (ἱροιί
2716 4440 2943 4509 quidem
2975 4441 3142 4495 variis
3182 4441 3236 4495 in
3266 4439 3402 4494 iocis
3434 4441 3664 4495 aedilicia

2084 4541 2440 4596 corruerunt,
2473 4533 2607 4587 urbs
2633 4548 2765 4586 vero
2793 4533 2884 4587 illa
2919 4517 3114 4601 magna
3151 4533 3441 4588 Antiochia
3467 4548 3666 4603 pr0pez

401 4617 496 4668 καὶ
544 4616 714 4684 τάφος
772 4615 884 4669 τῶν
937 4617 1243 4687 οἰκητόρων
1300 4616 1555 4684 ἐγένετο·
1605 4617 1733 4680 τοὺς
1781 4617 1839 4670 δὲ
1898 4617 1980 4670 ἐτι

2085 4625 2310 4679 modum
2342 4635 2454 4680 tota
2493 4636 2652 4681 terra:
2681 4625 2836 4680 hiatu
2863 4625 3120 4696 absorpta
3152 4635 3318 4680 estet
3348 4626 3660 4696 sepulcrum

400 4707 760 4778 ζὼντας,πῧρ
792 4707 1040 4762 κάτωθεν
1084 4709 1450 4778 ἀνερχόμενον
1497 4707 1856 4777 κατέφλεγεν.
1913 4708 1980 4762 Ἢ

398 4799 456 4851 δὲ
519 4800 966 4870 Πομπηϊούπολις
1019 4801 1185 4869 μέσον
1231 4801 1481 4871 ὲῤῥάγη,
1543 4803 1636 4854 καὶ
1693 4801 1752 4853 τὸ
1808 4802 1979 4870 ἥμισυ

398 4893 570 4961 αὑτης
597 4891 873 4962 κατεπόθη
908 4892 1047 4962 μετὰ
1085 4892 1195 4943 τῶν
1225 4893 1547 4961 οἰκητόρων.
1590 4891 1826 4943 Ἐσείετο
1857 4891 1914 4943 δὲ
1947 4893 1978 4960 ή

398 4984 472 5052 γῆ
504 4985 749 5039 ἐνιαυτὸν
777 4985 921 5039 ὅλον.
960 4985 1067 5038 Καὶ
1099 4984 1241 5054 γυνὴ
1281 4985 1338 5036 δὲ
1371 4984 1546 5055 ἐφάνη
1584 4984 1692 5037 άπὸ
1723 4982 1980 5045 Κιλικίας

397 5079 809 5149 γιγαντογενὴς,
837 5080 1186 5150 ὑπερέχουσα
1215 5078 1415 5134 πάντα.
1429 5077 1725 5149 ἄνθρωπον
1766 5076 1980 5148 μακρὸν

399 5169 578 5240 πῆχυν
611 5169 737 5236 ἕνα·
771 5166 840 5244 ἦν
866 5171 924 5224 δὲ
950 5171 1048 5226 καὶ
1079 5171 1312 5225 πλατεῖα
1351 5171 1580 5243 σφόδρα.

465 5449 617 5502 Μετᾶ
668 5447 724 5501 δὲ
780 5447 973 5502 τοῦτον
1015 5448 1395 5509 Ἰουστινιανδς
1445 5448 1474 5498 ὁ
1532 5446 1707 5515 μέγας
1743 5444 1838 5513 ἔτη
1867 5444 1969 5498 10'.

394 5535 562 5603 (λίπος
595 5541 624 5592 6
653 5539 910 5610 βασιλεὺς
947 5540 1041 5594 καὶ
1075 5540 1182 5606 προ
1227 5539 1327 5609 τῆς
1377 5537 1656 5604 βασιλείας
1687 5537 1851 5591 αὑτοῦ
1884 5553 1974 5605 φι-

364 5635 522 5696 -λίως
558 5635 792 5688 διέκειτο
819 5635 956 5705 πρὸς
996 5634 1290 5702 Ἰνδέριχον
1321 5635 1468 5702 ρἧα
1489 5632 1601 5687 τῶν
1625 5632 1970 5686 Οὐανδάλων.

393 5724 731 5788 Βασιλεύσας
759 5725 874 5789 οὖν,
899 5727 996 5780 καὶ
1029 5727 1338 5796 γράμματα
1377 5724 1675 5793 δεξάμενος
1722 5725 1805 5779 ὅτι
1853 5725 1974 5778 κατ’

393 5819 562 5872 αὑτοῦ
601 5822 627 5870 6
675 5819 908 5889 Γελίμερ
966 5821 1241 5890 ἐπανέστη
1303 5820 1400 5873 καὶ
1455 5819 1748 5890 κατασχὼν
1811 5818 1974 5873 αὑτὸν

402 5912 494 5968 σὺν
524 5914 743 5988 γαμετῇ
801 5912 908 5986 καὶ.
951 5911 1163 5977 τέκνοις
1226 5915 1285 5974 ἐν
1349 5912 1568 5984 φυλακῇ
1628 5913 1969 5984 κατέκλεισε,

2083 4718 2390 4774 incolarum
2425 4718 2591 4772 facta.
2634 4716 2689 4772 Si
2721 4717 2816 4786 qui
2847 4717 3128 4772 restabant
3159 4716 3290 4780 vivi,
3323 4732 3420 4773 ens
3451 4734 3481 4772 e
3516 4727 3662 4773 terra

2081 4825 2450 4880 prorumpens
2484 4810 2626 4878 ignis
2659 4809 2994 4881 absumpsit.
3032 4809 3440 4880 Pompeiopoiis
3485 4810 3664 4866 media

2080 4903 2294 4962 divulsa
2326 4911 2432 4966 est,
2482 4917 2719 4973 parsque
2751 4903 2924 4958 altera
2957 4917 3082 4956 cum
3118 4901 3527 4967 habitatoribus
3567 4902 3664 4958 ab-

2079 5003 2287 5062 sorpta.
2319 4994 2548 5050 Duravit
2579 4996 2694 5050 llaec
2723 5003 2885 5050 terrae
2906 4995 3192 5050 succussio
3225 5004 3400 5049 totum
3431 5011 3659 5052 annum.

2080 5088 2156 5144 Ex
2189 5087 2381 5144 Glicia
2410 5102 2632 5155 quoque
2667 5086 2868 5141 mulier
2897 5087 3151 5156 quaedam
3187 5087 3430 5153 advenit,
3462 5102 3662 5159 genere

2079 5182 2365 5252 gigantum
2394 5191 2540 5242 orta,
2567 5195 2689 5248 qua:
2720 5180 2902 5233 virum
2932 5181 3208 5249 qnemvis,
3231 5181 3398 5235 etiam
3427 5183 3662 5237 maxime

2079 5288 2396 5344 procerum,
2439 5287 2548 5324 uno
2592 5271 2782 5325 cubito
2830 5271 3153 5341 superabat,
3187 5272 3277 5328 cui
3328 5274 3660 5344 longitudini

2079 5364 2366 5420 crassities
2392 5378 2613 5432 quoque
2643 5362 3034 5432 respertdebat.

2153 5454 2392 5510 Secutus
2435 5463 2523 5508 est
2566 5453 2849 5508 Justinum
2905 5454 2958 5508 in
3014 5455 3246 5521 imperio
3293 5471 3519 5527 magnus
3565 5457 3661 5514 ille

2075 5548 2445 5610 Justinianus,
2479 5561 2658 5614 eoque
2687 5546 2756 5600 '59
2790 5547 2952 5601 annis
2989 5557 3073 5600 est
3105 5548 3330 5616 potitus.
3362 5547 3459 5600 llic
3489 5547 3656 5601 etiam

2077 5646 2208 5693 ante
2237 5638 2406 5706 quani
2437 5645 2715 5706 regnaret,
2749 5653 2938 5693 arnore
2961 5637 3429 5706 complectebatur
3453 5633 3658 5691 Hinde—

2077 5729 2293 5784 richum
2328 5726 2704 5782 Vandalorum
2737 5741 2944 5796 regem.
2977 5725 3326 5793 Quapropter
3362 5724 3655 5793 imperium

2076 5821 2328 5890 adeptus,
2363 5834 2489 5874 cum
2515 5818 2732 5873 litteras
2757 5817 3064 5886 accepisset
3093 5815 3296 5884 quibus
3319 5815 3656 5884 signiﬁcares

2079 5923 2167 5976 tur
2214 5911 2548 5987 Gciimere'm
2582 5910 2846 5977 adversus
2891 5908 3045 5979 illum
3093 5906 3421 5974 seditionem
3471 5909 3656 5975 conci:
