4054 6436
302 415 409 476 5))

1603 418 2030 480 MICHAELIS
2068 419 2332 482 GLYCIE

3461 395 3563 482 soi

306 535 450 578 tuam
494 523 807 581 Solomonis
839 527 1222 596 respicientem
1260 526 1313 584 in
1355 533 1693 584 exstructam
1751 529 1820 584 ab
1857 544 1916 584 se
1954 529 2204 601 Magnam
2243 531 2541 586 Ecclesiam
2613 532 2706 588 Dei
2759 533 3145 600 maxillamque
3207 531 3370 604 269
3407 549 3561 593 suam

304 617 790 687 comprimentem;
835 618 1002 690 269
1027 635 1134 686 quo
1185 618 1586 689 signiﬁcaretur
1646 619 1770 675 hoc
1815 619 2050 676 mdilicio
2095 639 2248 678 novae
2273 623 2664 696 Hierosolyma:
2696 623 3045 678 Solomonem
3074 638 3196 677 esse
3220 633 3559 692 superatum-

371 711 640 766 C.eterum
679 713 923 768 ecclesiae
947 724 1263 768 sanctorum
1289 713 1681 783 Apostolorum
1714 714 1882 770 trulla
1909 721 1958 776 Α

304 807 481 873 lignea
516 805 786 859 vrrsatilis
816 821 846 859 a
879 821 1077 875 magno
1104 807 1328 874 quidem
1363 805 1723 860 Constantino
1767 806 1882 874 pri-

309 908 453 946 Illum
503 902 587 948 est
631 894 889 952 condita:
929 911 1119 949 verum
1151 905 1206 948 et
1239 894 1474 964 amplior
1503 893 1645 948 facta
1698 904 1755 948 et
1807 895 1883 950 ita

305 993 581 1040 exstructa
629 994 736 1050 est,
775 988 851 1040 uti
891 988 1052 1042 modo
1117 987 1481 1056 conspicitur,
1528 1002 1558 1040 a
1593 986 1884 1042 Theodora

307 1077 599 1133 Justiniani
629 1078 882 1148 conjuge.
928 1078 1094 1134 Sacra
1123 1090 1304 1134 tamen
1340 1095 1432 1132 ara
1485 1089 1771 1148 propterea
1801 1095 1888 1134 re-

309 1170 438 1224 licta
474 1169 598 1231 fuit,
637 1172 782 1238 quod
815 1169 944 1224 istic
969 1169 1311 1224 venerabiles
1341 1169 1775 1238 patriarcharum
1829 1181 1885 1226 et

309 1260 685 1329 apostolorum
711 1259 954 1329 reliquis:
979 1261 1090 1314 sint
1115 1261 1372 1314 conditae.

382 1345 531 1400 Scito
560 1348 750 1410 etiam,
787 1345 988 1401 dilecte
1027 1349 1122 1412 (ili,
1156 1349 1355 1403 festum
1391 1351 1538 1420 quod
1566 1351 1886 1422 Hypapanta

311 1439 516 1492 dicitur
549 1439 657 1495 illis
682 1440 921 1510 primum
965 1443 1305 1511 temporibus
1347 1445 1660 1500 institutum
1691 1443 1884 1508 fuisse,

312 1534 458 1600 quod
488 1533 784 1603 caeteroqui
838 1533 906 1590 de
949 1535 1176 1590 Joannis
1214 1535 1591 1606 Chrysostomi
1616 1539 1888 1592 sententia

311 1623 458 1678 inter
482 1625 618 1679 festa
657 1625 868 1678 Domini
898 1641 1009 1679 non
1041 1637 1378 1682 recensetur.
1413 1628 1885 1694 Quemadmodum

310 1717 460 1769 enim
509 1731 604 1770 sex
657 1716 856 1770 diebus
889 1717 1072 1771 omnia
1128 1719 1397 1785 condidit,
1454 1720 1533 1775 sic
1577 1721 1742 1774 etiam
1793 1735 1889 1774 sex

318 1807 473 1859 festis
504 1821 568 1859 ea
603 1807 892 1876 complecti
929 1808 1072 1863 Deus
1108 1810 1302 1876 voluit,
1358 1826 1480 1880 quae
1507 1810 1760 1868 Christus
1793 1828 1890 1882 per

312 1898 844 1953 administrationem
875 1900 926 1954 in
958 1916 1120 1954 carne
1143 1918 1238 1957 sua
1269 1903 1474 1958 eﬂecit.
1502 1905 1577 1958 Ea
1607 1920 1737 1961 vero
1763 1915 1892 1962 sunt

315 1989 597 2052 Nitivitas,
640 1988 968 2058 Baptismns,
1004 1992 1172 2056 Crux,
1212 1993 1616 2060 Ressurrectio,
1668 1997 1892 2051 Assum-

2069 718 2131 772 Ἢ
2177 720 2234 773 δὲ
2266 722 2374 774 τῶν
2409 721 2581 788 ἁγίων
2627 711 2968 774 Ἀποστόλων
3002 718 3268 789 ἐκκλησία
3321 719 3560 790 δρομικὴ

1989 811 2347 881 ξυλότρουλος
2383 813 2609 880 ἐκτίσθη
2661 811 2723 865 τὸ
2751 813 3016 880 πρότερον
3052 810 3205 879 παρὰ
3252 809 3346 862 τοῦ
3381 812 3557 879 μεγά-

1987 903 2084 956 λου
2133 904 2573 968 Κωνσταντίνου,
2611 903 2958 974 ἑμεγαλύνθη
2981 903 3036 954 δὲ
3079 901 3174 955 καὶ
3227 901 3302 963 ὡς
3327 901 3438 968 ἔχει
3466 900 3559 953 νῦν

1988 995 2410 1065 κατεσκευάσθη
2461 997 2611 1066 παρὰ
2663 996 2964 1065 Θεοδὼρας,
3011 993 3274 1062 γυναικὸς
3338 993 3562 1045 Ἰουστι-

1987 1086 2194 1141 νιανοῦ.
2231 1087 2306 1140 Τὸ
2354 1088 2412 1140 δὲ
2445 1088 2603 1155 διγιον
2646 1087 2800 1157 βῆμα
2851 1087 3029 1138 ἐκεῖσε
3073 1085 3230 1152 εἰάθη
3263 1082 3352 1136 διὰ
3384 1082 3454 1134 τὰ
3503 1081 3560 1133 ἒν

1988 1179 2136 1248 αὐτῷ
2166 1180 2402 1250 κείμενα
2439 1179 2601 1250 τίμια
2644 1177 2876 1248 λείψανα
2933 1176 3299 1247 πατριαρχῶν
3347 1190 3408 1227 τε
3465 1173 3559 1226 καὶ

1987 1272 2322 1327 ἀποστόλων.

2061 1359 2300 1411 Γίνωσκε
2324 1359 2402 1424 δὲ,
2429 1359 2704 1427 ἀγαπητὲ,
2739 1357 2819 1410 ὅτι
2860 1356 2983 1410 κατ’
3029 1358 3207 1409 έκεῖνο
3237 1354 3431 1424 καιροῦ
3465 1355 3561 1406 καὶ

1989 1453 2023 1522 ἡ
2075 1451 2402 1522 Ύπα-παντὴ
2455 1451 2807 1524 ἑορτάζεσθαι
2839 1450 3063 1522 ἧρξατο,
3119 1450 3242 1519 ἣτις
3285 1448 3428 1502 κατὰ
3471 1445 3563 1498 τὸν

1993 1546 2421 1616 χρυσορῤήμονα
2465 1543 2720 1614 Ἰωάννην
2749 1544 2850 1597 οὒκ
2907 1543 3058 1596 ἐστιν
3097 1541 3417 1612 ἐναρίθμιος
3437 1541 3561 1602 ταῖς

1991 1639 2352 1698 Δεσποτικαῖς
2383 1636 2614 1704 ἑορταῖς.
2633 1635 2720 1698 Ὠς
2744 1635 2853 1703 γὰρ
2871 1636 2929 1686 ὲν
2958 1633 3016 1700 ἓξ
3041 1633 3278 1705 ἡμέραις
3300 1630 3366 1683 τά
3385 1631 3564 1684 πάντα

1993 1732 2274 1797 ἐποίησεν,
2307 1727 2452 1781 οὕτω
2482 1727 2577 1780 καὶ
2606 1728 2664 1781 ὲν
2691 1725 2752 1791 ἓξ
2785 1727 3006 1797 ἑορταῖς
3037 1726 3107 1778 τὰ
3133 1726 3235 1792 τῆς
3291 1721 3562 1790 ὲνσὰρκου

1991 1819 2300 1888 οἰκονομίας
2326 1819 2634 1889 ἐπλήρωσε,
2659 1823 2725 1888 τῇ
2756 1818 3032 1887 Γεννήσει,
3067 1816 3145 1885 τῷ
3191 1814 3562 1882 Βαπτίσματι,

1990 1913 2070 1983 τῷ
2099 1910 2345 1981 Σταυρῷ,
2401 1913 2465 1981 τῇ
2509 1911 2852 1977 Ἀναστάσει,
2889 1912 2955 1980 τῇ
3009 1908 3299 1977 ’.ἀναλήψει
3351 1907 3444 1958 καὶ
3493 1907 3558 1972 τῇ

2000 2003 2370 2072 Πεντήκοστῇ.
2396 2001 2656 2055 Λείπεται
2696 2000 2791 2055 οῦν
2819 2001 2853 2072 ἡ
2884 1999 3107 2071 ἑϐδόμη,
3140 1999 3198 2050 ἐν
3294 1997 3442 2050 πᾶσα
3469 2011 3568 2046 καε-

311 2081 426 2150 ptio
463 2088 517 2133 et
573 2079 1052 2160 Quinquagesuna.
1115 2084 1303 2140 Restat
1340 2086 1536 2141 festum
1579 2087 1896 2157 septimum,
1929 2059 1971 2114 Β
1997 2059 2294 2157 τὰπαύσις.

307 2171 461 2240 quod
485 2187 704 2225 onmem
737 2172 1045 2242 requietem
1085 2175 1334 2231 habebit.

389 2265 488 2319 His
519 2265 681 2319 annis
711 2265 874 2320 etiam
927 2283 1078 2322 mare
1133 2283 1262 2324 suos
1291 2284 1568 2341 egressum
1604 2272 1809 2328 limites
1829 2273 1897 2328 ad

315 2354 420 2408 Uria
450 2353 706 2409 milliaria
741 2371 932 2409 versus
962 2355 1273 2424 Thraciam,
1326 2361 1468 2432 agris
1507 2373 1562 2418 et
1586 2363 1901 2422 hominibus

319 2443 506 2498 multis
540 2445 838 2514 oppressis,
869 2447 934 2500 ad
963 2447 1079 2503 loca
1111 2451 1340 2518 pristina
1368 2453 1550 2509 rediit.
1589 2454 1788 2511 Secuta
1815 2466 1902 2518 est

317 2535 472 2602 Cpoli
513 2545 660 2592 tanta
695 2547 914 2609 tamque
960 2539 1078 2596 dira
1111 2544 1282 2612 pestis
1312 2555 1369 2599 ut
1423 2547 1624 2603 mortui
1656 2547 1898 2609 triduum

317 2629 576 2698 insepulti
615 2643 938 2697 manerent;
974 2650 1076 2688 nec
1107 2635 1256 2691 enim
1308 2637 1415 2693 ulla
1457 2653 1516 2693 se
1551 2639 1638 2695 via
1691 2642 1902 2698 ratiove

313 2722 623 2796 sepeliendi
669 2739 765 2779 eos
794 2724 1065 2781 offerebat
1098 2729 1169 2782 ob
1207 2731 1558 2786 morientium
1595 2726 1904 2792 multitudi-

314 2829 467 2868 nem.
502 2813 754 2871 Crassata
778 2828 860 2872 est
891 2821 1172 2876 continuis
1202 2819 1353 2880 Julio
1381 2833 1436 2879 et
1467 2823 1736 2898 Augusto.
1750 2844 1904 2883 men-

314 2906 496 2969 sibus.
523 2907 659 2963 Hinc
697 2909 898 2964 factum
933 2921 994 2966 ut
1014 2923 1238 2983 propter
1281 2915 1552 2971 cadavera
1584 2925 1698 2974 tota
1751 2919 1902 2990 regio

315 2999 560 3058 deteret.
585 3002 720 3064 Tam
747 3004 967 3071 cepiose
997 3015 1178 3060 autem
1208 3007 1460 3064 homines
1483 3011 1682 3080 passim
1699 3014 1908 3072 exstiti.

317 3095 652 3164 guehantur,
694 3104 755 3148 ut
795 3097 1091 3166 imperator
1131 3099 1280 3154 mille
1319 3101 1574 3169 grabatos
1615 3118 1680 3157 ac
1703 3103 1904 3159 leretra

322 3185 446 3239 ﬁeri
470 3194 705 3250 curaret,
742 3187 944 3254 quibus
974 3187 1239 3246 cadavera
1273 3199 1720 3258 exportat-antur.
1751 3193 1903 3248 Prae-

324 3284 477 3330 terea
521 3277 803 3330 mandavit
841 3287 900 3332 ut
930 3279 1155 3348 plurimi
1187 3295 1474 3342 currusac
1514 3283 1644 3344 muli
1672 3284 1906 3340 cadave-

2073 2268 2206 2324 Τότε
2237 2268 2332 2320 καὶ
2365 2269 2399 2337 ή
2433 2265 2682 2325 Θάλασσα
2723 2265 3022 2332 ἐξελθοῦσα
3068 2264 3179 2320 τῶν
3209 2266 3371 2337 όρίων
3399 2266 3568 2336 αὐτῆς

2001 2362 2092 2414 ἐπὶ
2133 2359 2284 2429 μίλια
2313 2359 2440 2432 τρία
2466 2357 2603 2426 πρὸς
2629 2359 2699 2414 τὰ
2730 2357 2873 2428 μέρη
2898 2359 2998 2426 τῆς
3031 2355 3277 2428 Θρᾴκης,
3311 2357 3406 2411 καὶ
3437 2357 3568 2410 πολ-

1999 2455 2098 2516 λὰς
2130 2453 2314 2524 χώρας
2346 2451 2441 2504 καὶ
2495 2448 2819 2520 ἀνθρώπους
2848 2448 3200 2513 ἀποπνίξασα
3236 2447 3566 2518 ὑπέστρεψε.

2002 2547 2134 2599 Τότε
2157 2546 2210 2598 δὲ
2241 2546 2338 2598 καὶ
2360 2543 2646 2596 θανατικὺν
2673 2539 2979 2612 ἀνθρώπων
3020 2543 3074 2594 ὲν
3119 2543 3572 2596 Κωνσταντινου-

2005 2637 2156 2692 πόλει
2178 2637 2389 2706 γέγονε.
2420 2633 2687 2687 Τοσοῦτον
2713 2634 2770 2686 δὲ
2802 2627 2873 2702 ἦν
2903 2633 3046 2687 ὥστε
3109 2632 3292 2701 μένειν
3319 2633 3563 2702 ἀτάφους

2003 2733 2128 2794 τοὺς
2167 2730 2612 2799 ἀποθνήσκοντας
2643 2728 2861 2797 ἡμέρας
2900 2723 2969 2791 γ’·
3025 2723 3148 2778 οὐδὲ
3176 2723 3288 2794 γὰρ
3324 2720 3394 2798 ἦν
3451 2725 3570 2787 ὁδὸς

2003 2822 2092 2875 διὰ
2155 2820 2215 2872 τὸ
2282 2819 2487 2888 πλῆθος
2545 2816 2873 2872 θάπτεσθαι.
2933 2815 3268 2885 Ἐπεκράτει
3301 2815 3356 2868 δὲ
3395 2818 3573 2888 μῆνας

2017 2912 2236 2966 Ἰούλιον
2269 2913 2367 2973 καὶ
2394 2910 2726 2978 Αὔγουστον.
2770 2906 3058 2965 Ἐντεῦθεν
3099 2909 3192 2962 καὶ
3224 2910 3377 2962 πᾶσα
3432 2914 3466 2978 ή
3500 2909 3573 2979 γῆ

2006 3004 2254 3068 ὲπώζεσε
2287 3003 2378 3060 διὰ
2410 3001 2479 3060 τὰ
2514 2999 2811 3071 πτώματα.
2846 2999 3117 3055 Τοσοῦτον
3147 3001 3206 3054 δὲ
3250 3003 3314 3054 τὸ
3366 3002 3575 3070 πλῆθος

2005 3095 2113 3148 τῶν
2141 3094 2594 3164 ἀποθνησκόντων
2613 3087 2681 3160 ἦν
2706 3090 2848 3145 ὥστε
2868 3091 3074 3162 χιλίους
3103 3093 3450 3163 κριὸὄάτους
3483 3092 3576 3148 τὸν

2009 3187 2236 3259 βασιλέα
2265 3185 2490 3254 ποιῆσαι
2525 3185 2686 3254 χάριν
2714 3182 2811 3236 τοῦ
2843 3182 3284 3252 ἀποκομίζεσθαι
3352 3183 3575 3247 αὐτούς,

2009 3283 2117 3336 Καὶ
2144 3283 2202 3334 οὐ
2231 3281 2386 3337 τοῦτο
2409 3279 2590 3350 μόνον,
2621 3279 2757 3336 ἀλλὰ
2782 3277 2876 3333 καὶ
2907 3277 3125 3348 ἀμάξας
3159 3279 3420 3342 πλείστας
3473 3279 3568 3332 καὶ

330 3367 482 3420 ribus
509 3367 702 3419 iisdem
731 3367 1028 3422 cﬂ‘erondis
1060 3373 1359 3428 servirent.
1394 3373 1592 3427 Verum
1619 3384 1770 3444 peste
1793 3389 1907 3433 ma-

2012 3375 2267 3443 ήμιόνους
2325 3371 2586 3436 ὡσαύτως
2634 3371 2922 3428 ἐκέλευσεν
2968 3370 3065 3424 ἐπὶ
3121 3373 3188 3440 τῇ
3231 3372 3569 3441 μετακομιδῇ

329 3459 414 3528 gis
448 3461 613 3512 etiam
656 3461 1026 3519 invalescente
1056 3462 1370 3533 complures
1406 3465 1460 3519 in
1528 3464 1687 3520 littus
1718 3467 1909 3537 ejicie-

324 3547 482 3606 ὕεια,
519 3547 587 3610 Ut
639 3566 748 3604 uno
801 3551 1042 3623 denique
1090 3554 1262 3609 verbo
1300 3571 1412 3610 rem
1454 3556 1907 3626 complectamur,

330 3642 516 3696 nullus
540 3644 778 3703 restabat
808 3645 964 3702 lacus
1004 3645 1058 3699 in
1083 3662 1193 3717 quo
1217 3647 1480 3702 cadavera
1511 3657 1620 3704 tam
1665 3649 1910 3706 {calentia

333 3750 440 3788 non
459 3735 725 3805 jacerent.
753 3734 926 3790 Simul
951 3738 1212 3798 exstitere
1239 3748 1343 3792 tam
1369 3739 1642 3795 horrenda
1669 3741 1910 3800 tonitrua

333 3825 678 3897 fulguraque,
729 3838 788 3882 tit
827 3829 992 3885 etiam
1041 3832 1292 3887 nonnulli
1325 3833 1665 3889 dormientes
1695 3849 1912 3892 crema-

333 3929 550 3974 rentur.
581 3921 824 3977 Accessit
877 3931 1039 3976 ιρι-τα·
1073 3934 1255 3978 motus
1283 3940 1377 3992 per
1415 3940 1608 3979 omnes
1635 3932 1694 3980 se
1732 3935 1914 3995 partes

333 4011 485 4070 orbis
512 4013 848 4079 extendens;
868 4030 982 4094 quo
1004 4014 1234 4069 durante
1256 4015 1508 4072 civitates
1533 4032 1723 4071 omnes
1749 4027 1916 4087 atque

336 4105 586 4172 regiones
639 4103 694 4156 in
747 4113 897 4158 metu
943 4119 1102 4160 erant.
1146 4121 1215 4159 ne
1273 4107 1724 4163 absorberentur.
1777 4109 1918 4165 Hinc

337 4211 554 4248 rursum
594 4195 661 4249 ad
693 4196 803 4252 duo
830 4197 1078 4251 milliaria
1106 4213 1238 4253 suos
1263 4207 1417 4253 extra
1451 4200 1588 4254 fines
1615 4215 1762 4255 mare
1793 4215 1919 4269 pro-.-

335 4285 532 4350 currit,
568 4287 816 4357 alterque
845 4296 1007 4342 terrae
1035 4300 1216 4343 motus
1243 4289 1436 4343 urbem
1470 4289 1588 4345 dies
1626 4291 1816 4345 decem
1843 4292 1917 4346 ita

335 4379 607 4433 succussit
633 4388 691 4433 ut
738 4380 1037 4450 imperator
1071 4380 1184 4448 ipse
1228 4379 1502 4435 Natalitiis
1546 4379 1751 4436 Christi
1801 4381 1919 4436 sine

337 4463 539 4526 corona
566 4488 660 4541 per
683 4471 873 4527 urbem
907 4473 1415 4529 incederet.Secuta
1455 4475 1622 4542 pestis
1647 4474 1772 4537 alia,
1799 4491 1921 4544 qua:

341 4564 468 4616 totis
505 4575 742 4633 quatuor
781 4564 1067 4620 mensibus
1098 4565 1270 4620 nihilo
1305 4565 1498 4619 mitius
1527 4581 1626 4634 per
1675 4567 1919 4625 bubones

338 4657 541 4734 passim
580 4655 866 4714 universos
906 4657 1214 4729 perimebat
1259 4672 1322 4710 ac
1368 4657 1520 4726 prior
1557 4657 1646 4710 illa
1687 4657 1912 4717 fecerat.

2011 3466 2191 3526 αὐτῶν
2217 3466 2536 3536 ὑπηρετεῖν.
2607 3463 3052 3534 Ἐπιτεινομένης
3083 3464 3140 3516 δὲ
3165 3462 3277 3530 ,τῆς
3332 3463 3576 3534 θνήσεως

2011 3559 2089 3620 εἰς
2126 3557 2214 3609 τὸν
2243 3556 2485 3624 αἰγιαλὸν
2512 3558 2634 3621 τοὺς
2676 3559 2887 3620 πλείους
2915 3556 3194 3627 ἔρριπτον.
3233 3555 3345 3608 Καὶ
3383 3554 3572 3616 ἀπλως

2013 3653 2208 3715 εἰπεῖν,
2239 3651 2405 3709 τόπος
2442 3650 2544 3703 οὐκ
2583 3645 2650 3716 ἦν
2685 3651 2740 3702 ὲν
2847 3649 2947 3702 οὐκ
2976 3649 3187 3701 ἔκειντο
3217 3647 3402 3716 νεκροὶ
3433 3647 3568 3698 ἁπο-

2013 3744 2220 3810 ζοντες.
2249 3744 2486 3812 Βροντοιὶ
2517 3743 2572 3802 δὲ
2598 3743 2690 3796 καὶ
2721 3743 3006 3812 ἀστραπαὶ
3037 3740 3295 3794 τοσοῦτον
3322 3741 3584 3808 γεγόνασι

2015 3836 2247 3906 φοϐεραὶ
2280 3838 2421 3888 ὥστε
2453 3835 2550 3888 καὶ
2575 3833 2941 3896 καθεύδοντάς
2969 3849 3120 3896 τινας
3156 3833 3450 3900 καυθῆναι.
3491 3833 3528 3884 Γ
3532 3832 3586 3883 έ-

2014 3945 2139 3995 γονε
2174 3927 2269 3983 καὶ
2311 3926 2534 3996 σεισμὸς
2567 3926 2951 3995 παγκόσμιος·
2998 3927 3170 3978 πᾶσαι
3236 3927 3345 3993 γὰρ
3401 3923 3585 3984 πόλεις

2016 4021 2110 4074 καὶ
2147 4019 2321 4088 χῶραι
2342 4017 2717 4088 καταποθῆναι
2746 4017 3109 4072 ἐκινδύνευον.
3143 4018 3309 4087 Καλή
3342 4016 3586 4072 θάλασσα

2022 4111 2172 4178 μίλια
2208 4109 2250 4178 β’
2273 4109 2574 4178 παρεξέὸη.
2611 4111 2877 4177 Δεύτερος
2927 4104 3084 4171 αὖθις
3120 4109 3343 4177 σεισμὸς
3372 4107 3588 4178 ἡμέρας

2017 4203 2172 4264 δέκα,
2201 4203 2270 4255 δι’
2305 4203 2427 4254 ὅλου
2498 4200 2683 4260 σείων.
2730 4201 2803 4262 ὡς
2856 4201 3077 4253 καὶτὸν
3137 4199 3368 4268 βασιλέα
3418 4200 3589 4269 χωρὶς

2022 4292 2334 4361 στέμματος
2365 4290 2592 4344 διελθεῖν
2615 4293 2714 4360 τὴν
2732 4289 2825 4342 τοῦ
2854 4290 3093 4360 Χριστοῦ
3117 4292 3324 4357 γέννων
3353 4291 3586 4360 ἡμέραν.

2023 4383 2152 4436 "lite
2163 4401 2254 4452 ρον
2273 4383 2563 4435 θανατικδν
2592 4384 2657 4436 ὲκ
2687 4382 2960 4452 βουϐῶνος
2979 4383 3294 4454 διαφθεῖρον
3319 4383 3591 4446 ἅπαντας,

2020 4472 2118 4543 ούχ
2168 4467 2332 4544 ἦττον
2381 4472 2475 4526 τοῦ
2531 4473 2826 4543 προτέρου,
2905 4474 3081 4543 μῆνας
3147 4473 3208 4526 δ’.
3270 4475 3379 4526 Καὶ
3431 4472 3594 4528 πάλιν

2023 4565 2078 4612 ὲν
2132 4561 2435 4630 Ἀντιοχείᾳ
2488 4561 2710 4630 σεισμὸς
2770 4561 2865 4613 ἐπὶ
2924 4560 3079 4631 ὥραν
3143 4561 3298 4631 μίαν,
3367 4563 3461 4614 καὶ
3511 4579 3596 4630 χι-

2025 4653 2202 4710 λιάδες
2243 4657 2281 4703 ε’
2323 4651 2721 4722 συνεπόθησαν.
2780 4653 2893 4705 Καὶ
2941 4655 2988 4706 εἰ
3033 4653 3109 4723 μὴ
3142 4653 3284 4706 κατά
3322 4652 3413 4704 τὸν
3453 4651 3598 4704 ὄνει-

339 4719 538 4802 iterum
572 4766 790 4820 quoque
823 4760 982 4809 terrae
1015 4758 1196 4808 motus
1245 4747 1591 4802 Antiochiam
1643 4749 1907 4816 corripuit

2026 4763 2116 4814 ςον
2192 4744 2250 4797 ὃν
2313 4738 2422 4796 εἶδέ
2477 4719 2590 4806 τις,
2666 4743 2915 4814 ἔγραψαν
2981 4719 3046 4796 ἐν.
3097 4719 3216 4808 τοῖς
3271 4742 3594 4814 προθύροις,

341 4841 406 4904 ad
442 4843 604 4897 unius
637 4843 784 4897 horae
816 4841 1073 4912 spatium,
1105 4856 1216 4910 quo
1244 4841 1486 4910 quinque
1519 4841 1686 4896 millia
1732 4840 1911 4902 homi-

338 4947 472 4994 num
503 4947 608 4986 una
634 4942 760 4988 sunt
793 4932 1075 5001 absorpta.
1109 4931 1316 4996 Quodsi
1365 4931 1432 4984 de
1473 4931 1671 4984 somnii
1719 4929 1912 4998 cujus-

2027 4855 2044 4888 ι
2093 4835 2325 4906 Χριστος
2371 4833 2492 4903 μεθ’
2525 4834 2706 4904 ἡμῶν,
2748 4836 2966 4905 asins,»
3003 4837 3152 4889 πᾶσα
3180 4837 3215 4905 ἠ
3254 4836 3408 4900 πόλις
3461 4851 3598 4892 συν-

2025 4946 2048 4982 ε
2056 4927 2205 4998 χὼθη
2216 4968 2228 4981 .

342 5029 467 5082 dam
517 5027 816 5087 sententia.
868 5027 1016 5096 quod
1061 5025 1309 5085 oblatmn
1375 5025 1541 5086 alicui
1577 5039 1676 5095 per
1741 5025 1982 5094 quietem
2029 5022 2232 5088 fuerat,
2269 5022 2324 5077 in
2357 5023 2556 5078 mdium
2610 5023 2897 5080 vestibulis
2950 5023 3067 5081 hinc
3117 5025 3280 5086 verba
3327 5041 3438 5082 non
3474 5039 3596 5096 per-

343 5121 731 5191 scripsissent:
776 5142 794 5173 ‹
831 5121 1084 5178 Christus
1117 5123 1424 5184 nobiscum,
1458 5130 1620 5182 state,
1659 5138 1677 5172 ι
1715 5119 1915 5175 civitas
1956 5119 2213 5172 universa
2245 5119 2423 5173 ruinis
2451 5133 2716 5189 oppressa
2749 5119 2962 5178 fuisset.

413 5223 577 5292 27o
605 5218 944 5289 Conspectus
989 5226 1074 5275 est
1113 5227 1168 5274 et
1223 5228 1466 5273 cometes
1503 5217 1568 5272 ad
1600 5216 1922 5274 vicesimum

349 5331 520 5384 usque
547 5313 717 5376 diem,
748 5328 926 5382 neque
953 5327 1148 5383 magno
1185 5311 1448 5381 temporis
1479 5309 1772 5379 interiecto
1795 5322 1923 5378 spa-

349 5407 427 5473 tio
458 5405 640 5460 sidera
668 5403 783 5458 visa
811 5412 940 5459 sunt
969 5419 998 5458 a
1029 5419 1258 5474 vespera
1294 5417 1471 5474 usque
1502 5401 1568 5456 ad
1594 5399 1925 5454 matutinum

353 5508 570 5568 tempus
596 5495 975 5558 discursitare.
1027 5496 1100 5551 ita
1131 5505 1192 5551 ut
1229 5512 1422 5551 omnes
1458 5511 1523 5550 ea
1555 5491 1813 5547 decidere
1843 5491 1927 5545 di-

349 5599 560 5659 cerent.
590 5587 798 5642 Deinde
825 5591 905 5644 sol
937 5588 1146 5659 absque
1179 5589 1347 5645 radiis
1373 5589 1546 5642 instar
1575 5587 1720 5643 lunae
1753 5586 1928 5641 fulsit.

353 5681 515 5742 Venit
540 5680 593 5734 id
642 5680 907 5750 temporis
961 5680 1030 5735 ab
1065 5679 1353 5736 occidente
1403 5678 1489 5732 vir
1538 5677 1798 5748 quidam,
1837 5677 1931 5748 qui

354 5773 556 5850 passim
589 5788 754 5843 pagos
779 5771 1182 5844 percursitabat
1217 5782 1272 5827 et
1301 5785 1493 5836 canem
1524 5770 1730 5824 fulvum
1767 5779 1934 5839 atque

355 5877 560 5933 meum
605 5863 859 5930 habebat,
895 5861 986 5946 qtii
1007 5863 1192 5936 jussus
1227 5877 1256 5916 a
1303 5861 1630 5918 circulatorc
1683 5860 1930 5943 qumdam

2115 5215 2319 5285 Ἐφάνη
2356 5214 2451 5268 καὶ
2485 5215 2736 5284 κομήτης
2767 5215 2982 5286 ἡμέρας
3020 5213 3089 5278 κ’,
3121 5215 3219 5270 καὶ
3253 5216 3390 5284 μετὰ
3414 5212 3596 5286 χρόνον

2029 5305 2152 5361 τινα
2188 5307 2432 5374 ’γέγονεν
2493 5307 2760 5375 ἀστέρων
2806 5307 3007 5376 δρόμος
3065 5304 3160 5376 ἀφ’
3213 5306 3456 5376 ἑσπέρας
3501 5304 3604 5365 ἕως

2031 5397 2199 5467 πρωῒ,
2251 5397 2328 5460 ὡς
2375 5398 2584 5461 πάντας
2611 5398 2792 5466 λέγειν
2830 5400 2911 5452 ὅτι
2937 5398 3235 5455 πίπτουσιν
3270 5398 3322 5451 oi
3347 5398 3602 5466 ἀστέρες.

2035 5487 2166 5542 Εἶτα
2203 5491 2231 5542 ὁ
2269 5489 2424 5560 ἥλιος
2461 5489 2674 5560 ἔλαμψε
2701 5492 2872 5560 χωρὶς
2906 5491 3170 5556 ἀκτίνων,
3194 5489 3389 5562 ὥσπερ
3419 5491 3516 5544 καὶ
3571 5488 3606 5557 ἡ

2036 5579 2254 5649 σελήνη.
2289 5581 2424 5633 Τότε
2463 5580 2527 5650 δὴ
2570 5581 2661 5634 καὶ
2707 5579 2996 5650 ἄνθρωπος
3040 5575 3207 5652 ἦλθεν
3264 5579 3372 5633 ἀπὸ
3400 5577 3610 5638 δύσεως

2038 5673 2415 5744 κωμοδρόμος,
2469 5674 2607 5744 ἔχων
2657 5672 2796 5726 κύνα
2859 5674 3064 5740 ξανθὸν·
3104 5673 3201 5727 καὶ
3252 5671 3476 5741 τυφλὸν,
3547 5668 3609 5730 ὃς

2036 5767 2188 5834 παρὰ
2217 5765 2312 5820 τοῦ
2345 5767 2711 5837 κωμοδρόμου
2772 5766 3132 5836 κελευόμενος
3178 5764 3354 5818 ἐποίει
3393 5761 3610 5832 θαυμά-

2039 5862 2126 5926 σιά
2191 5877 2336 5914 τινα.
2411 5855 2522 5912 Kal.
2591 5859 2984 5928 ἀθεσμοκοίταί
3061 5875 3208 5927 τινες
3293 5855 3608 5925 εὑρεθέντας
