4054 6420
494 289 598 355 £05

1730 287 2129 351 ANNALIUM
2176 291 2370 352 PARS
2408 287 2520 358 ιν.

3644 297 3747 362 506

493 399 976 473 ἑθριαειὸεύοησαν
1011 398 1543 471 καυλοτομηθέντες,
1577 400 1911 470 μεγιστᾶνες
1927 398 2064 469 ὁμοῦ

2167 401 2291 455 dam
2353 402 2667 472 prodigiosa
2725 401 2981 458 faciebat.
3034 405 3306 462 Praeterea
3360 421 3484 461 cum
3538 409 3740 477 reperti

493 503 582 549 καὶ
607 496 908 562 ἀρχιερεῖς,
939 493 1031 546 καὶ
1056 492 1200 546 οὕτω
1223 491 1618 563 περιαγόμενοι
1664 490 1900 562 οἰκτρῶς
1944 492 2076 542 ἑτε-⁸

491 587 778 657 λεύτησαν.
813 586 950 638 Κατ’
985 587 1162 639 ἐκεῖνο
1186 585 1249 637 δὲ’
1285 584 1481 651 καιροῦ
1509 584 1603 636 καὶ
1627 581 1688 636 th
1719 585 1861 652 μέγα
1891 583 2062 651 κῆτος

492 681 635 735 ἑάλω
667 680 732 731 τὸ
776 680 856 741 εἰς
893 677 1176 740 ἐνιαυτοὺς
1204 677 1304 746 τὴν
1357 675 1662 741 Βυζαντίδα
1711 675 2064 745 κατατρῦχον

507 772 875 841 πεντήκοντα·
926 771 1027 832 τὰς
1093 768 1232 838 νῆάς
1295 785 1358 821 τε
1417 769 1528 837 γὰρ
1599 767 1926 830 κατεϐύθιζε
1967 768 2064 820 καὶ

487 865 616 926 τοὺς
653 861 980 933 ἀνθρώπους
1017 859 1348 930 διέφθειρεν,
1387 854 1431 928 ᾧ
1507 860 1680 928 ὄνομα
1731 858 2060 928 [Ιορφύριος.

488 957 624 1011 ﬂore
651 954 782 1024 γοῦν
807 954 1061 1025 δελφῖνας
1093 951 1309 1007 διώκων
1351 954 1410 1006 ἑν
1442 951 1697 1022 παραλίῳ
1753 949 2062 1021 κατεσχέθη

487 1048 740 1118 τέλματι,
771 1047 882 1102 τῶν
935 1048 1205 1115 δελφίνων
1235 1046 1362 1114 περὶ
1417 1045 1517 1116 τὴν
1565 1044 1673 1114 γῆν
1718 1042 2064 1114 ὲκπηδησάν-

487 1155 616 1193 των.
655 1138 764 1193 Καὶ
787 1140 964 1203 οὕτως
997 1138 1277 1210 ἁλώσιμος
1312 1137 1520 1207 γίνεται
1561 1138 1591 1191 ὁ
1633 1137 1817 1207 πάσης
1857 1136 2064 1190 όινώτε-⁵

491 1247 585 1300 ρος
618 1229 869 1300 μηχανῆς
907 1229 1187 1300 ὁρώμενος
1219 1230 1282 1284 τὸ
1301 1229 1410 1298 πρὸ
1433 1227 1553 1282 τοῦ.
1588 1229 1778 1298 Μῆκος
1825 1228 1924 1298 μὲν
1955 1229 2062 1298 πή-

489 1337 604 1389 χεις
631 1321 952 1391 τριάκοντα,
985 1320 1143 1394 εὖρος
1175 1321 1229 1375 δὲ
1257 1322 1452 1392 πήχεις
1476 1321 1611 1373 δέκα
1643 1320 1787 1373 κατὰ
1815 1319 1907 1372 τὺν
1926 1318 2064 1373 Καιι

487 1412 656 1480 σαρὲα
689 1413 1020 1484 Προκόπιον.

2165 493 2388 563 quidam
2419 505 2601 550 essent
2629 495 2833 550 illis-itis
2863 508 3079 554 utentes
3103 499 3466 568 amplexibus,
3489 510 3745 569 tanquam

2167 585 2224 640 in
2257 586 2536 656 triumpho
2567 603 2668 656 per
2701 588 2916 654 urbem,
2949 592 3185 645 veretris
3232 593 3389 661 prius
3429 594 3744 662 amputatis,

2166 675 2316 730 ducti
2344 687 2494 731 sunt.
2536 679 2741 734 llorum
2780 680 2832 733 in
2863 696 3094 736 numero
3119 685 3346 753 quidam
3379 693 3658 753 magnatcs
3690 694 3746 738 ct

2166 769 2454 836 pontiﬁces
2485 779 2661 834 erant,
2694 771 2786 841 qui
2817 772 2920 827 hoc
2962 775 3124 828 modo
3152 775 3515 829 circumducti
3547 777 3747 829 misere

2170 861 2338 914 vitam
2366 861 2651 916 finiebant.
2687 863 2889 918 Eodem
2917 871 3162 935 tempore
3203 875 3396 936 captus
3425 877 3509 920 est
3558 869 3748 936 ingens

2172 950 2264 1006 ille
2305 963 2476 1016 cetus,
2505 953 2598 1023 qui
2622 969 2774 1008 oram
2811 954 3159 1026 Byzantinam
3205 967 3351 1012 totos
3381 968 3554 1012 annos
3584 959 3746 1028 quin-

2163 1045 2424 1115 quaginta
2458 1055 2785 1112 vexaverat;
2814 1062 2939 1101 nam
2967 1056 3022 1104 et
3047 1065 3215 1104 nares
3249 1052 3566 1119 demergere
3611 1066 3748 1104 con-

2165 1146 2423 1192 sueverat
2457 1147 2512 1192 et
2558 1138 2812 1194 homines
2871 1141 3124 1210 perdere.
3185 1143 3381 1197 Datum
3440 1145 3491 1198 ei
3547 1159 3744 1198 nomen

2162 1238 2283 1284 erat
2331 1229 2642 1299 Porphyrii:
2700 1231 2838 1286 Cum
2890 1241 3070 1287 autem
3101 1233 3394 1304 delphinos
3447 1228 3747 1304 aliquando

2165 1332 2611 1390 persequeretur,
2645 1323 2702 1377 in
2736 1324 2943 1393 uligine
2971 1326 3110 1379 mari
3141 1325 3349 1390 vicina,
3383 1325 3660 1395 delphinis
3689 1340 3748 1379 se

2163 1413 2246 1471 ad,
2283 1422 2486 1466 terram
2517 1414 2888 1483 ejicientibus,
2947 1416 3141 1482 haesit;
3183 1429 3521 1487 quapropter
3551 1426 3747 1487 captus

484 1515 591 1575 est,
621 1521 932 1577 quanquam
966 1515 1095 1562 ante
1157 1507 1210 1562 id
1273 1508 1538 1578 temporis
1574 1509 1728 1562 visus
1765 1505 1956 1562 fuisset
1983 1505 2135 1561 omni
2174 1513 2375 1562 conatu
2409 1517 2465 1562 ct
2495 1509 2906 1564 machinatione
2951 1511 3206 1580 superior
3230 1526 3377 1566 esse.
3423 1509 3748 1580 Longitudi~

489 1613 610 1652 nem
641 1599 835 1654 habuit
888 1599 1108 1669 triginta
1139 1598 1409 1664 cubitum,
1457 1598 1802 1654 latitudinem
1846 1598 2058 1666 decem,
2099 1599 2562 1668 quemadmodum
2605 1599 2908 1669 Procopius
2938 1601 3029 1654 ille
3052 1599 3409 1656 Caesariensis
3433 1601 3677 1670 scripsit.

557 1716 692 1774 Τότε
724 1719 788 1790 δὴ
811 1719 998 1773 καὶτὰ
1041 1719 1151 1772 τῶν
1179 1719 1372 1790 Σηρῶν
1411 1720 1651 1791 νήματα,
1717 1719 1866 1774 τοῦτ’
1910 1719 2060 1774 ἐστιν

2235 1719 2390 1774 Tunc
2411 1729 2467 1774 et
2499 1719 2695 1775 Serum
2726 1722 2866 1786 telae,
2904 1721 3165 1776 nimirum
3207 1730 3444 1787 metaxa,
3481 1729 3750 1790 ceperunt

489 1810 520 1885 ἡ
552 1813 781 1884 μετάξα,
813 1813 964 1882 παρὰ
1017 1812 1314 1882 Ῥωμαίοις
1340 1812 1545 1882 ἧρξατο
1607 1813 1874 1880 γίνεσθαι.
1905 1814 2061 1866 Κατὰ

487 1905 595 1974 γὰρ
632 1907 723 1957 τὸν
753 1904 1121 1974 διαληφθέντα
1158 1903 1470 1974 Προκόπιον
1519 1905 1687 1975 ἤγετο
1737 1905 1836 1968 μὲν
1882 1907 1916 1974 ὴ
1967 1922 2062 1974 με-

486 2002 621 2065 τάξα
665 1999 732 2053 δι’
763 2000 1020 2070 ἐμπόρων
1045 1997 1301 2063 ἐνταῦθα,
1340 1999 1440 2052 οὐκ
1472 1998 1806 2067 ἐγινώσκετο
1860 1997 1918 2050 δὲ
1941 1995 2058 2051 οὔθ’

491 2091 636 2158 ὅπως
663 2093 874 2160 γίνεται
908 2090 1023 2146 οὔθ’
1053 2093 1137 2146 δτι
1175 2090 1361 2162 σηρῶν
1389 2090 1612 2161 νήματά
1651 2092 1790 2145 ἐστι.
1820 2091 2063 2159 Μοναχοὶ

488 2184 542 2237 δὲ
569 2183 662 2236 δύο
694 2182 840 2245 τινὲς
873 2183 931 2248 ἐξ
973 2181 1168 2246 Ἰνδίας
1222 2181 1471 2244 ἐλθόντες
1508 2180 1610 2251 τὴν
1643 2181 1860 2254 γένεσιν
1893 2181 2062 2250 αὐτῆς

487 2275 841 2346 διηγήσαντο,
865 2275 960 2328 καὶ
991 2272 1353 2345 ὑπισχνοῦντο
1389 2273 1620 2344 κομίσαι
1658 2272 1752 2324 τὸν
1778 2272 1888 2325 τῶν
1922 2288 2064 2324 σκω-

490 2369 672 2436 λήκων
700 2368 925 2421 ἐκείνων
954 2367 1134 2436 γόνον,
1179 2365 1262 2419 ὠὰ
1317 2363 1448 2420 δντα
1486 2366 1583 2418 καὶ
1638 2366 1782 2420 πάνυ
1829 2364 2059 2434 σμικρὰ,

487 2462 659 2529 δεῖξαί
697 2478 756 2514 τε
781 2459 1080 2532 Ῥωμαίοις
1109 2459 1260 2523 ὅπως
1285 2459 1472 2512 ἐκεῖνα
1495 2458 1894 2526 ζωογονοῦνται
1936 2456 2062 2510 Θαλ-

486 2551 699 2626 πόμενα
724 2555 819 2606 καὶ
844 2553 924 2614 εἰς
958 2549 1254 2620 σκώληκας
1295 2547 1752 2621 μεταϐάλλονται,
1779 2548 1878 2602 καὶ⁸
1912 2548 2063 2610 ὅπως

487 2643 884 2717 δημιουργοῦσι
913 2643 1013 2715 τὴν
1056 2643 1319 2714 μετάξαν.
1361 2643 1426 2696 Ὃ
1456 2642 1522 2712 δὴ
1549 2642 1660 2695 καὶ
1695 2641 2058 2712 πεποιήκασι,

489 2740 660 2794 πολλὰ
692 2739 840 2811 παρὰ
869 2737 961 2792 τοῦ
991 2737 1258 2808 βασιλέως
1298 2735 1781 2806 εὐεργετηθέντες.

565 2945 692 2999 Ἐπὶ
719 2943 923 3014 ταύτης
960 2941 1063 3013 τῆς
1090 2939 1368 3013 βασιλείας
1393 2939 1488 2993 καὶ
1513 2940 1547 3008 ἡ
1579 2939 1810 3008 πέμπτη
1839 2936 2062 3000 σύνοδος

489 3036 736 3104 γέγονεν,
769 3033 1227 3104 ἁναθεματίσασα
1255 3031 1345 3085 τὸν
1392 3031 1701 3103 Ὠριγένην,
1735 3032 1784 3082 εἰ
1815 3030 1909 3082 καὶ
1957 3028 2062 3080 πάι-

491 3132 580 3184 λαι
628 3129 846 3201 ἧκμαζε
908 3127 979 3181 τὰ
1025 3125 1202 3196 ἁσεὸἧ
1250 3124 1444 3180 τούτου
1508 3125 1779 3192 δόγματα,
1831 3121 2060 3191 προσέτι

491 3223 551 3278 δὲ
583 3223 677 3276 καὶ
718 3220 816 3284 τὰς
857 3220 996 3290 ὑπὲρ
1043 3219 1140 3273 τοῦ
1195 3217 1496 3288 Νεστορίου
1553 3215 1651 3270 τοῦ
1707 3214 2060 3285 Θεοδωρήτου

501 3311 862 3382 συνηγορίας,
923 3309 1022 3364 καὶ
1079 3309 1180 3380 τὴν
1257 3307 1351 3363 τοῦ
1405 3306 1530 3360 Ἴδα
1607 3304 1933 3376 ἐπιστολὴν,
1999 3302 2067 3376 ἢν

502 3403 636 3472 πρὸς
685 3404 886 3474 Miian
937 3403 1030 3458 τὸν
1097 3403 1315 3472 Πέρσην
1387 3399 1599 3470 ἔγραψε
1672 3398 1937 3469 λέγουσαν
1992 3397 2066 3468 μὴ

494 3495 585 3548 τὸν
613 3496 743 3548 Θεὸν
773 3495 943 3564 Λόγον
975 3495 1039 3548 ὲκ
1068 3493 1166 3563 τῆς
1215 3489 1600 3559 Ἀειπαρθὲνου
1648 3488 2000 3570 γεννηθῆναι.

570 3682 610 3735 Γ
617 3682 814 3736 ίνωσκε
844 3682 924 3746 δὲ,
967 3681 1249 3752 ἀγαπητὲ,
1284 3680 1368 3754 ὅτι
1397 3681 1476 3749 τῷ
1521 3677 1756 3747 εἰκοστῷ
1795 3676 1904 3729 ἔτει
1965 3675 2067 3746 τῆς

499 3774 780 3844 βασιλείας
805 3773 898 3828 τοῦ
937 3773 1180 3844 μεγάλου
1217 3770 1635 3846 Κώνσταν-πίνου
1677 3771 1900 3839 γέγονεν
1942 3771 1975 3838 ἡ
2009 3770 2066 3822 ἐν

495 3865 703 3937 Nuran
726 3865 917 3936 πρώτη
955 3864 1172 3926 σύνοδος
1263 3863 1368 3916 ὑπὸ
1413 3862 1642 3932 Πατρῶν
1704 3860 1877 3927 ἁγίων
1935 3865 2062 3928 τιη’.

507 3954 792 4024 Tui-19x09
856 3953 911 4006 δὲ
965 3951 1404 4023 προεξάρχοντες
1445 3952 1544 4022 τῆς
1597 3951 1817 4004 συνόδου
1861 3949 2066 4018 ταύτης

497 4047 816 4118 Σίλδεστρος
836 4047 1067 4110 πάππας
1107 4046 1348 4116 Ῥώμης,
1375 4045 1748 4118 Μητροφάνης
1775 4045 2067 4097 Κώνσταν-

496 4139 877 4203 τινουπόλεως,
939 4137 1292 4209 Ἀλέξανδρος
1363 4135 1802 4208 Ἀλεξανδρείας,
1861 4135 2067 4188 Εὐστά-

497 4230 610 4294 θιος
662 4230 1000 4302 ’Λντιοχείας
1034 4231 1130 4282 καὶ
1151 4229 1440 4300 Μακάριος
1476 4229 1895 4299 Ἰεροσολύμων.
1938 4227 2070 4278 Συν-

495 4322 660 4392 ῆλθον
719 4323 775 4378 δὲ
841 4324 983 4376 κατὰ
1026 4322 1240 4394 ’Δρείου
1302 4321 1755 4394 βλασφημοῦντος
1804 4321 1896 4374 τὸν
1934 4320 2067 4374 Θεὸν

2163 1808 2308 1878 apud
2364 1809 2640 1864 Romanos
2679 1810 2972 1864 claborari.
3018 1811 3154 1865 Nam
3189 1818 3249 1864 ut
3283 1811 3376 1865 ille
3421 1810 3564 1880 ipse,
3593 1809 3750 1876 cujus

2165 1899 2502 1954 mentionem
2540 1901 2877 1957 faciebamus
2925 1901 3110 1967 modo,
3147 1900 3453 1970 Procopius
3517 1899 3746 1964 indicat,

2164 1990 2546 2045 advehebatur
2572 1991 2795 2061 quidem
2850 2001 3060 2046 metaxa
3096 2007 3192 2062 per
3237 2002 3577 2048 mercatores
3605 1995 3751 2063 (ἱρο-

2163 2068 2282 2144 iim,
2315 2080 2411 2135 scd
2449 2081 2808 2152 ignorabatur
2837 2083 3119 2152 qtmmodo
3146 2083 3323 2147 fieret,
3357 2085 3578 2138 nemine
3611 2100 3744 2153 pra»

2166 2178 2314 2226 terea
2369 2173 2581 2227 sciente
2635 2173 2904 2228 vermium
2961 2173 3086 2230 illas
3123 2175 3259 2230 telas
3293 2189 3438 2229 esse.
3493 2174 3750 2230 Monaehi

2166 2271 2350 2317 autem
2381 2262 2494 2317 duo
2518 2275 2585 2319 ex
2619 2263 2768 2318 ludia
2811 2278 2934 2319 cum
2968 2267 3268 2330 venissent,
3325 2265 3596 2336 originem
3629 2281 3748 2321 me-

2168 2357 2303 2408 tax'ac
2333 2354 2708 2421 declararunt,
2744 2355 2975 2426 polliciti
3003 2372 3063 2412 se
3116 2357 3309 2412 ftetum
3361 2358 3582 2413 illerum
3623 2373 3749 2412 vers

2166 2443 2358 2506 mium,
2407 2459 2508 2498 ova
2540 2445 2834 2517 perexigua
2880 2446 3113 2512 scilicet,
3145 2448 3430 2514 allaturos,
3457 2449 3750 2505 Romanis:

2165 2550 2274 2606 que
2326 2545 2728 2593 monstraturos
2763 2539 3226 2609 quemadmodum
3258 2541 3351 2595 illa
3374 2540 3611 2602 fovendo
3638 2542 3754 2596 ani-

2165 2637 2310 2682 mata
2345 2627 2402 2682 in
2437 2643 2656 2684 vermes
2680 2638 2965 2685 mutentur
2991 2641 3378 2702 metaxatnque
3401 2643 3604 2689 texant.
3635 2632 3748 2687 lloe

2165 2717 2257 2773 ubi
2293 2719 2717 2788 praestitissent,
2772 2722 2984 2791 magnis
3029 2724 3098 2778 ab
3135 2724 3465 2794 imperatore
3502 2725 3748 2779 munerid

2165 2809 2270 2866 bus
2308 2827 2374 2865 ac
2395 2812 2682 2870 beneficiis
2714 2815 2901 2873 allecti
2935 2832 3086 2874 sunt.

2237 2925 2316 2982 Eo
2343 2937 2606 2998 regnante
2638 2930 2894 3000 quintum
2918 2947 3140 3002 quoque
3165 2934 3461 2990 concilium
3495 2947 3752 2991 coactum

2165 3018 2612 3090 celebratumque
2650 3021 2780 3086 fuit,
2830 3021 2885 3078 in
2913 3039 3024 3093 quo
3066 3025 3206 3081 facta
3251 3038 3336 3082 est
3375 3028 3624 3098 Origcnis
3655 3043 3751 3083 ex-

2169 3111 2432 3177 secratio,
2462 3126 2778 3183 quanquam
2815 3114 2980 3184 impia
3018 3115 3165 3172 illius
3187 3119 3438 3189 dogmata
3479 3121 3589 3190 jam
3619 3120 3752 3174 olim

2169 3201 2438 3273 vigerent.
2482 3199 2688 3258 Eodem
2741 3205 2907 3261 modo
2933 3205 3204 3263 damnatae
3259 3219 3387 3265 sunt
3419 3209 3754 3266 Theodoreti

2169 3310 2268 3364 pro
2295 3293 2547 3350 Nestorio
2573 3289 2949 3364 defensiones,
2983 3306 3037 3354 ct
3067 3299 3173 3354 ibas
3219 3300 3286 3356 ad
3321 3301 3505 3357 Maren
3530 3303 3754 3358 Persam

2169 3386 2389 3456 scripta:
2448 3385 2707 3453 Litterae,
2762 3391 2964 3460 quibus
3010 3391 3156 3447 inter
3202 3393 3310 3447 alia
3366 3395 3754 3452 continebatur

2169 3474 2342 3534 Deum
2392 3478 2717 3534 Sermonem
2748 3497 2814 3536 ex
2848 3476 3067 3554 Virgine
3093 3493 3356 3555 perpetua
3404 3496 3594 3542 natum
3641 3501 3755 3543 non

2170 3585 2316 3624 esse.

2244 3685 2380 3741 Volo
2414 3696 2465 3740 te
2511 3696 2694 3741 autem
2735 3687 3127 3751 scire,.di|ecte
3173 3689 3269 3755 fili,
3302 3705 3447 3746 anno
3477 3690 3753 3747 Constano

2170 3774 2759 3845 tiniMagnivicesimo
2819 3778 3048 3847 primani
3092 3779 3285 3834 Nicaeae
3335 3781 3610 3851 synodum
3633 3783 3751 3840 coi-

2169 3868 2334 3927 visse,
2373 3867 2446 3921 ad
2496 3883 2658 3937 quam
2693 3868 2798 3922 518
2839 3870 2986 3924 sacri
3025 3870 3216 3925 Patres
3261 3871 3641 3927 convenerint.
3679 3874 3752 3931 Ει

2169 3957 2437 4027 praefuere
2492 3957 2760 4014 Silvester
2813 3975 2958 4030 papa
3000 3961 3322 4028 Romanus,
3360 3963 3753 4033 Metrophanes

2168 4049 2534 4120 Cpolitanus,
2583 4050 2890 4105 Alexander
2935 4052 3376 4133 Alexandrinus,
3429 4055 3752 4112 Eustathius

2169 4141 2584 4206 Antiochenus,
2636 4149 2693 4196 et
2736 4142 3010 4196 Macarius
3061 4145 3568 4216 Hierosolymorum
3604 4150 3751 4201 anti-

2169 4241 2300 4288 stcs.
2328 4231 2670 4288 Conventum
2727 4232 2833 4287 fuit
2863 4234 2977 4288 Arii
3011 4251 3196 4300 causa,
3232 4236 3400 4292 Deum
3439 4252 3747 4293 sermonem

2169 4319 2459 4377 aiiieientis
2508 4321 2828 4392 ignominia,
2874 4323 3033 4392 271
3077 4339 3238 4393 quem
3294 4336 3534 4380 creatum
3576 4329 3754 4396 qund-

494 4418 690 4486 Λόγον,
722 4417 819 4474 καὶ
852 4416 1059 4486 κτίσμα
1105 4415 1358 4483 λέγοντος
1412 4416 1578 4469 αὑτὸν
1614 4417 1708 4470 καὶ
1759 4414 2064 4484 ὲτερούσιον

2171 4411 2294 4466 dam
2337 4427 2461 4467 esse
2500 4413 2737 4478 diceret,
2762 4421 2817 4466 et
2855 4428 2885 4466 a
2953 4423 3155 4467 natura
3177 4416 3525 4485 essentiaque
3572 4417 3755 4475 Patris

495 4510 587 4562 τοῦ
639 4507 872 4578 Πατρδς,
909 4509 1004 4561 καὶ
1051 4506 1130 4559 ὅτι
1164 4501 1232 4576 ἦν
1259 4522 1389 4559 ποτε
1425 4507 1513 4559 ὅτε
1556 4507 1659 4561 ούκ
1713 4502 1802 4576 ἧν.
1837 4506 1932 4558 “Ov
1965 4521 2066 4557 καο

496 4597 728 4670 θελοῦσα
757 4601 790 4672 ἡ
815 4599 946 4668 ἁγία
980 4597 1196 4660 σύνοδος
1226 4598 1325 4668 τὴν
1351 4596 1636 4668 ὀρθόδοεον
1695 4598 1880 4652 πίστιν
1901 4597 2069 4668 ὲκράο

492 4708 672 4746 τυνεν.

566 4885 656 4938 Ἐν
689 4883 746 4938 δὲ
768 4883 846 4954 τῷ
868 4881 1109 4954 δευτέρῳ
1146 4881 1258 4935 ἔτει
1308 4881 1410 4949 τῆς
1467 4877 1748 4951 βασιλείας
1777 4876 2068 4932 Θεοδοσίου

497 4977 592 5030 τοῦ
632 4977 872 5046 μεγάλου
935 4975 1220 5044 γέγονενὴ
1267 4972 1497 5042 δευτέρα
1533 4969 1751 5034 σύνοδος
1800 4972 1860 5022 ὲν
1915 4970 2070 5021 Κων-

499 5065 944 5122 σταντινουπόλει
1005 5065 1113 5119 ὑπὸ
1139 5065 1368 5132 Πατρῶν
1407 5063 1579 5130 ἁγίων
1611 5059 1687 5133 ρν¹
1757 5063 1900 5116 κατὰ
1947 5060 2070 5115 Μα-

499 5158 740 5213 κεδονίου
775 5159 869 5212 τοῦ
924 5157 1414 5235 Πνεῦματομὰχου,
1446 5156 1536 5207 ὅτε
1571 5156 1668 5208 καὶ
1704 5153 1741 5205 Γ
1747 5154 2002 5224 ρηγόριος
2043 5153 2071 5205 ό

496 5251 759 5319 Θεολόγος
807 5250 908 5319 τῆς
969 5249 1297 5320 Ἐκκλησίας
1345 5247 1628 5318 ἐξεϐλήθη.
1699 5246 1976 5317 Ὑπῆρχον
2013 5246 2068 5299 δὲ

497 5341 931 5412 προεξάρχοντες
961 5345 1062 5410 τῆς
1102 5341 1324 5395 συνόδου
1362 5340 1567 5410 ταύτης
1608 5337 1876 5409 Τιμόθεος
1911 5340 2062 5391 Ἀλε-

499 5434 808 5502 ξανδρείας,
862 5434 1128 5496 Μελέτιος
1166 5433 1530 5503 Ἀντιοχείας,
1588 5431 1856 5501 Κύριλλος
1899 5431 2068 5501 Ἰερο-

498 5519 772 5594 σολύμων,
822 5519 1123 5597 Γρηγόριος
1175 5524 1202 5574 ό
1240 5523 1504 5588 Θεολόγος
1549 5522 2069 5575 Κωνσταντινουπό-

492 5612 629 5675 λεως
663 5616 758 5667 καὶ
803 5615 1058 5684 Δάμασος
1092 5616 1324 5679 πάππας
1356 5613 1599 5686 Ῥώμης,
1643 5614 1842 5679 οἵτινες
1880 5615 2068 5668 ἀνεθε-

499 5706 735 5774 μάτισαν
767 5709 1100 5762 Μακεδόνων
1127 5710 1188 5761 τὺ
1234 5707 1464 5778 Πνεῦμα
1496 5709 1556 5761 τὺ
1611 5706 1768 5773 ἅγιον
1823 5714 1869 5760 οἳ
1895 5757 1900 5762 .
1924 5726 2063 5780 σφη-

2169 4502 2432 4555 alienum.
2473 4501 2724 4556 Addebat
2755 4502 2923 4556 fuisse
2961 4512 3177 4574 tempus
3209 4521 3334 4560 cum
3365 4507 3458 4561 ille
3514 4524 3621 4561 non
3652 4525 3749 4562 ex‘

2167 4590 2403 4644 sisteret.
2461 4590 2648 4660 Itaque
2694 4606 2909 4645 sacrum
2965 4592 3069 4647 hoc
3101 4595 3395 4648 concilium
3464 4599 3597 4652 Ario
3651 4600 3749 4653 de-

2161 4680 2306 4750 jecto
2355 4694 2410 4735 ct
2461 4683 2714 4737 abdicato
2761 4693 2966 4737 rectam
3012 4682 3137 4738 fidei
3176 4687 3502 4740 sententiam
3547 4691 3750 4742 contir-

2169 4775 2356 4828 mavit.

2241 4886 2454 4942 llursu-s
2500 4904 2645 4943 anno
2689 4889 3228 4958 imperii'l‘heodosii
3277 4895 3455 4965 Magni
3502 4899 3751 4954 secundo

2168 4981 2411 5048 synodus
2465 4979 2637 5032 altera
2671 4979 2828 5049 Cpoli
2891 4999 2921 5036 a
2978 4983 3078 5036 150
3127 4987 3334 5040 sanctis
3380 4988 3639 5044 Patribus
3665 5003 3752 5046 est

2168 5071 2444 5126 celebrata
2499 5083 2690 5126 contra
2742 5073 3125 5129 Macedoniam
3181 5080 3356 5134 sancti
3391 5081 3628 5152 Spiritus
3656 5101 3752 5155 op-

2167 5173 2546 5231 pugnatorem.
2599 5163 2680 5217 Eo
2737 5165 2974 5219 durante
3023 5169 3263 5224 com;i.io
3325 5171 3624 5244 Gtegorius
3661 5178 3752 5232 ille

2169 5252 2478 5322 Theologus
2520 5253 2620 5307 hac
2671 5256 2899 5310 ecclesia
2954 5261 3221 5328 spoliatus
3274 5273 3324 5317 et
3384 5266 3597 5333 eiectus
3647 5276 3752 5322 est.

2168 5346 2538 5400 Praesidebant
2567 5346 2886 5403 Timotheus
2915 5353 3342 5419 Alexandrinus,
3367 5358 3614 5412 Meletius
3634 5361 3748 5413 Au-

2170 5439 2502 5511 liochenus.
2554 5441 2791 5509 Cyrinus
2846 5441 3396 5515 liicrusolymitanus,
3449 5448 3750 5518 Gregorius

2174 5526 2487 5597 Thcologus
2514 5526 2854 5598 Cpol-rtanus,
2883 5541 2938 5586 et
2971 5533 3253 5592 Romanus
3286 5552 3426 5606 papa
3453 5541 3749 5606 Damasus;

2169 5619 2266 5688 qui
2294 5619 2677 5674 Macedoniam
2702 5624 2980 5680 exsecrati
2996 5635 3147 5690 sunt,
3177 5628 3453 5681 hominem
3482 5630 3750 5685 adversus

2170 5711 2434 5782 Spiritum
2465 5723 2719 5770 sanctum
2751 5719 3144 5774 contumeliose
3185 5735 3246 5774 ae
3281 5720 3446 5789 impie
3482 5722 3750 5792 locutum,
