  <div class='ocr_page' id='page_1' title='image "/cluster/home/n/w/nwhite01/storage/ocr_20150623/158/coo.31924054870633/291.png"; bbox 0 0 4054 6460; ppageno 0'>
   <div class='ocr_carea' id='block_1_1' title="bbox 360 284 3666 357">
    <p class='ocr_par' dir='ltr' id='par_1_1' title="bbox 360 284 3666 357">
     <span class='ocr_line' id='line_1_1' title="bbox 360 284 3666 357; baseline 0.006 -23"><span class='ocrx_word' id='word_1_1' title='bbox 360 318 366 324; x_wconf 66' lang='grc' dir='ltr'><strong>ι</strong></span> <span class='ocrx_word' id='word_1_2' title='bbox 407 289 506 357; x_wconf 73' lang='lat'><strong>5”</strong></span> <span class='ocrx_word' id='word_1_3' title='bbox 1663 285 2086 348; x_wconf 75' lang='lat' dir='ltr'><strong>MlClIAELlS</strong></span> <span class='ocrx_word' id='word_1_4' title='bbox 2127 284 2388 345; x_wconf 65' lang='lat' dir='ltr'><strong>GLYCAE</strong></span> <span class='ocrx_word' id='word_1_5' title='bbox 3561 292 3666 356; x_wconf 75' lang='grc'><strong>529</strong></span> 
     </span>
    </p>
   </div>
   <div class='ocr_carea' id='block_1_2' title="bbox 393 401 1959 483">
    <p class='ocr_par' dir='ltr' id='par_1_2' title="bbox 393 402 1959 483">
     <span class='ocr_line' id='line_1_2' title="bbox 393 402 1959 483; baseline -0.004 -15"><span class='ocrx_word' id='word_1_6' title='bbox 393 421 558 483; x_wconf 86' lang='lat' dir='ltr'><strong>caput</strong></span> <span class='ocrx_word' id='word_1_7' title='bbox 592 413 822 468; x_wconf 81' lang='lat' dir='ltr'><strong>habens.</strong></span> <span class='ocrx_word' id='word_1_8' title='bbox 850 412 984 467; x_wconf 90' lang='lat' dir='ltr'><strong>Item</strong></span> <span class='ocrx_word' id='word_1_9' title='bbox 1015 402 1128 464; x_wconf 82' lang='lat' dir='ltr'><strong>duo</strong></span> <span class='ocrx_word' id='word_1_10' title='bbox 1152 409 1205 464; x_wconf 94' lang='lat' dir='ltr'><strong>in</strong></span> <span class='ocrx_word' id='word_1_11' title='bbox 1252 403 1484 462; x_wconf 81' lang='lat' dir='ltr'><strong>Thracia</strong></span> <span class='ocrx_word' id='word_1_12' title='bbox 1535 406 1793 469; x_wconf 81' lang='lat' dir='ltr'><strong>infantes.</strong></span> <span class='ocrx_word' id='word_1_13' title='bbox 1847 419 1959 475; x_wconf 86' lang='lat' dir='ltr'><strong>quo</strong></span> 
     </span>
    </p>
   </div>
   <div class='ocr_carea' id='block_1_3' title="bbox 2063 401 3668 483">
    <p class='ocr_par' dir='ltr' id='par_1_3' title="bbox 2084 401 3668 474">
     <span class='ocr_line' id='line_1_3' title="bbox 2084 401 3668 474; baseline 0.001 -16"><span class='ocrx_word' id='word_1_14' title='bbox 2084 405 2396 474; x_wconf 73' lang='grc' dir='ltr'><strong>δικέφαλον.</strong></span> <span class='ocrx_word' id='word_1_15' title='bbox 2430 403 2662 471; x_wconf 76' lang='grc' dir='ltr'>Λέγουει</span> <span class='ocrx_word' id='word_1_16' title='bbox 2699 404 2752 456; x_wconf 81' lang='grc' dir='ltr'><strong>δὲ</strong></span> <span class='ocrx_word' id='word_1_17' title='bbox 2791 402 2867 473; x_wconf 80' lang='grc' dir='ltr'>μὴ</span> <span class='ocrx_word' id='word_1_18' title='bbox 2901 401 3298 474; x_wconf 78' lang='grc' dir='ltr'><strong>προσημαίνειν</strong></span> <span class='ocrx_word' id='word_1_19' title='bbox 3333 404 3514 472; x_wconf 85' lang='grc' dir='ltr'>ἀγαθὰ</span> <span class='ocrx_word' id='word_1_20' title='bbox 3549 411 3668 468; x_wconf 78' lang='grc' dir='ltr'>ταῖς</span> 
     </span>
    </p>
   </div>
   <div class='ocr_carea' id='block_1_4' title="bbox 393 495 1959 574">
    <p class='ocr_par' dir='ltr' id='par_1_4' title="bbox 393 498 1952 574">
     <span class='ocr_line' id='line_1_4' title="bbox 393 498 1952 574; baseline -0.007 -13"><span class='ocrx_word' id='word_1_21' title='bbox 393 521 514 561; x_wconf 91' lang='lat' dir='ltr'><strong>rum</strong></span> <span class='ocrx_word' id='word_1_22' title='bbox 543 520 685 559; x_wconf 88' lang='lat' dir='ltr'><strong>unus</strong></span> <span class='ocrx_word' id='word_1_23' title='bbox 720 503 1036 574; x_wconf 88' lang='lat' dir='ltr'><strong>quadrupes</strong></span> <span class='ocrx_word' id='word_1_24' title='bbox 1075 511 1218 567; x_wconf 89' lang='lat' dir='ltr'><strong>erat,</strong></span> <span class='ocrx_word' id='word_1_25' title='bbox 1273 501 1414 555; x_wconf 90' lang='lat' dir='ltr'><strong>alter</strong></span> <span class='ocrx_word' id='word_1_26' title='bbox 1446 500 1653 568; x_wconf 81' lang='lat' dir='ltr'><strong>biceps.</strong></span> <span class='ocrx_word' id='word_1_27' title='bbox 1682 498 1952 554; x_wconf 89' lang='lat' dir='ltr'><strong>Perhiben</strong></span> 
     </span>
    </p>
   </div>
   <div class='ocr_carea' id='block_1_5' title="bbox 2063 495 3665 574">
    <p class='ocr_par' dir='ltr' id='par_1_5' title="bbox 2084 495 3665 568">
     <span class='ocr_line' id='line_1_5' title="bbox 2084 495 3665 568; baseline 0.003 -18"><span class='ocrx_word' id='word_1_28' title='bbox 2084 499 2307 551; x_wconf 90' lang='grc' dir='ltr'>πόλεσιν</span> <span class='ocrx_word' id='word_1_29' title='bbox 2350 501 2406 550; x_wconf 78' lang='grc' dir='ltr'>ἐν</span> <span class='ocrx_word' id='word_1_30' title='bbox 2449 495 2537 560; x_wconf 84' lang='grc' dir='ltr'>αἶς</span> <span class='ocrx_word' id='word_1_31' title='bbox 2571 500 2638 550; x_wconf 86' lang='grc' dir='ltr'>τὰ</span> <span class='ocrx_word' id='word_1_32' title='bbox 2673 498 2896 550; x_wconf 81' lang='grc' dir='ltr'>τοιαῦτα</span> <span class='ocrx_word' id='word_1_33' title='bbox 2935 498 3232 554; x_wconf 76' lang='grc' dir='ltr'>τίκτονται,</span> <span class='ocrx_word' id='word_1_34' title='bbox 3271 499 3578 568; x_wconf 70' lang='grc' dir='ltr'>Ἐφάνησαν</span> <span class='ocrx_word' id='word_1_35' title='bbox 3610 501 3665 554; x_wconf 80' lang='grc' dir='ltr'>δὲ</span> 
     </span>
    </p>
   </div>
   <div class='ocr_carea' id='block_1_6' title="bbox 389 583 1959 664">
    <p class='ocr_par' dir='ltr' id='par_1_6' title="bbox 389 591 1959 664">
     <span class='ocr_line' id='line_1_6' title="bbox 389 591 1959 664; baseline -0.004 -12"><span class='ocrx_word' id='word_1_36' title='bbox 389 607 572 652; x_wconf 84' lang='lat' dir='ltr'><strong>autem</strong></span> <span class='ocrx_word' id='word_1_37' title='bbox 599 597 666 652; x_wconf 90' lang='lat' dir='ltr'><strong>iis</strong></span> <span class='ocrx_word' id='word_1_38' title='bbox 693 597 923 650; x_wconf 83' lang='lat' dir='ltr'><strong>urbibus</strong></span> <span class='ocrx_word' id='word_1_39' title='bbox 949 635 964 660; x_wconf 96' lang='lat'><strong>,</strong></span> <span class='ocrx_word' id='word_1_40' title='bbox 1010 596 1064 648; x_wconf 92' lang='lat' dir='ltr'><strong>in</strong></span> <span class='ocrx_word' id='word_1_41' title='bbox 1095 595 1299 664; x_wconf 78' lang='lat' dir='ltr'><strong>quibus</strong></span> <span class='ocrx_word' id='word_1_42' title='bbox 1341 591 1654 664; x_wconf 81' lang='lat' dir='ltr'><strong>hujusmodi</strong></span> <span class='ocrx_word' id='word_1_43' title='bbox 1694 591 1860 645; x_wconf 70' lang='lat' dir='ltr'><strong>{cetus</strong></span> <span class='ocrx_word' id='word_1_44' title='bbox 1883 605 1959 646; x_wconf 78' lang='lat' dir='ltr'><strong>na</strong></span> 
     </span>
    </p>
   </div>
   <div class='ocr_carea' id='block_1_7' title="bbox 2063 583 3664 664">
    <p class='ocr_par' dir='ltr' id='par_1_7' title="bbox 2081 583 3664 660">
     <span class='ocr_line' id='line_1_7' title="bbox 2081 583 3664 660; baseline 0.001 -18"><span class='ocrx_word' id='word_1_45' title='bbox 2081 591 2176 642; x_wconf 80' lang='grc' dir='ltr'>καὶ</span> <span class='ocrx_word' id='word_1_46' title='bbox 2211 591 2267 642; x_wconf 81' lang='grc' dir='ltr'>ὲν</span> <span class='ocrx_word' id='word_1_47' title='bbox 2301 589 2378 658; x_wconf 83' lang='grc' dir='ltr'>τῷ</span> <span class='ocrx_word' id='word_1_48' title='bbox 2412 590 2591 659; x_wconf 81' lang='grc' dir='ltr'>Νείλῳ</span> <span class='ocrx_word' id='word_1_49' title='bbox 2627 589 2890 660; x_wconf 78' lang='grc' dir='ltr'><strong>ποταμῷ,</strong></span> <span class='ocrx_word' id='word_1_50' title='bbox 2925 583 3079 660; x_wconf 79' lang='grc' dir='ltr'>ἡλίου</span> <span class='ocrx_word' id='word_1_51' title='bbox 3115 591 3534 655; x_wconf 79' lang='grc' dir='ltr'>ἀνατέλλοντος,</span> <span class='ocrx_word' id='word_1_52' title='bbox 3571 585 3664 647; x_wconf 80' lang='grc' dir='ltr'>άνο</span> 
     </span>
    </p>
   </div>
   <div class='ocr_carea' id='block_1_8' title="bbox 390 681 1959 756">
    <p class='ocr_par' dir='ltr' id='par_1_8' title="bbox 390 681 1952 756">
     <span class='ocr_line' id='line_1_8' title="bbox 390 681 1952 756; baseline -0.006 -12"><span class='ocrx_word' id='word_1_53' title='bbox 390 701 637 754; x_wconf 85' lang='lat' dir='ltr'><strong>scantur,</strong></span> <span class='ocrx_word' id='word_1_54' title='bbox 686 687 817 741; x_wconf 89' lang='lat' dir='ltr'><strong>mini</strong></span> <span class='ocrx_word' id='word_1_55' title='bbox 835 702 920 741; x_wconf 89' lang='lat' dir='ltr'><strong>me</strong></span> <span class='ocrx_word' id='word_1_56' title='bbox 963 686 1147 742; x_wconf 67' lang='lat' dir='ltr'><strong>fausta</strong></span> <span class='ocrx_word' id='word_1_57' title='bbox 1192 684 1472 756; x_wconf 90' lang='lat' dir='ltr'><strong>portendi.</strong></span> <span class='ocrx_word' id='word_1_58' title='bbox 1503 681 1808 751; x_wconf 72' lang='lat' dir='ltr'><strong>Conspecta</strong></span> <span class='ocrx_word' id='word_1_59' title='bbox 1849 696 1952 737; x_wconf 85' lang='lat' dir='ltr'><strong>sun</strong></span> 
     </span>
    </p>
   </div>
   <div class='ocr_carea' id='block_1_9' title="bbox 2063 681 3663 756">
    <p class='ocr_par' dir='ltr' id='par_1_9' title="bbox 2081 681 3663 754">
     <span class='ocr_line' id='line_1_9' title="bbox 2081 681 3663 754; baseline 0.003 -20"><span class='ocrx_word' id='word_1_60' title='bbox 2081 681 2457 752; x_wconf 69' lang='grc' dir='ltr'>θρωπόμορφα</span> <span class='ocrx_word' id='word_1_61' title='bbox 2491 681 2582 734; x_wconf 82' lang='grc' dir='ltr'><strong>δύο</strong></span> <span class='ocrx_word' id='word_1_62' title='bbox 2618 682 2764 746; x_wconf 78' lang='grc' dir='ltr'>ζῶα,</span> <span class='ocrx_word' id='word_1_63' title='bbox 2799 684 2937 753; x_wconf 80' lang='grc' dir='ltr'>ἁνήρ</span> <span class='ocrx_word' id='word_1_64' title='bbox 2969 700 3027 736; x_wconf 82' lang='grc' dir='ltr'><strong>τε</strong></span> <span class='ocrx_word' id='word_1_65' title='bbox 3065 683 3159 735; x_wconf 75' lang='grc' dir='ltr'>καὶ</span> <span class='ocrx_word' id='word_1_66' title='bbox 3193 683 3358 751; x_wconf 82' lang='grc' dir='ltr'>γυνὴ,</span> <span class='ocrx_word' id='word_1_67' title='bbox 3392 685 3535 754; x_wconf 74' lang='grc' dir='ltr'>άπερ</span> <span class='ocrx_word' id='word_1_68' title='bbox 3566 687 3663 738; x_wconf 73' lang='grc' dir='ltr'><strong>καὶ</strong></span> 
     </span>
    </p>
   </div>
   <div class='ocr_carea' id='block_1_10' title="bbox 388 771 1959 845">
    <p class='ocr_par' dir='ltr' id='par_1_10' title="bbox 388 771 1959 844">
     <span class='ocr_line' id='line_1_10' title="bbox 388 771 1959 844; baseline -0.006 -11"><span class='ocrx_word' id='word_1_69' title='bbox 388 781 556 835; x_wconf 90' lang='lat' dir='ltr'><strong>etiam</strong></span> <span class='ocrx_word' id='word_1_70' title='bbox 604 779 658 832; x_wconf 91' lang='lat' dir='ltr'><strong>in</strong></span> <span class='ocrx_word' id='word_1_71' title='bbox 695 793 857 832; x_wconf 90' lang='lat' dir='ltr'><strong>amne</strong></span> <span class='ocrx_word' id='word_1_72' title='bbox 881 778 1006 831; x_wconf 85' lang='lat' dir='ltr'><strong>Nilo</strong></span> <span class='ocrx_word' id='word_1_73' title='bbox 1034 777 1148 831; x_wconf 79' lang='lat' dir='ltr'><strong>sole</strong></span> <span class='ocrx_word' id='word_1_74' title='bbox 1183 776 1418 844; x_wconf 91' lang='lat' dir='ltr'><strong>primum</strong></span> <span class='ocrx_word' id='word_1_75' title='bbox 1446 773 1664 828; x_wconf 91' lang='lat' dir='ltr'><strong>oriente</strong></span> <span class='ocrx_word' id='word_1_76' title='bbox 1693 771 1806 826; x_wconf 91' lang='lat' dir='ltr'><strong>duo</strong></span> <span class='ocrx_word' id='word_1_77' title='bbox 1824 786 1959 841; x_wconf 65' lang='lat' dir='ltr'><strong>quie-</strong></span> 
     </span>
    </p>
   </div>
   <div class='ocr_carea' id='block_1_11' title="bbox 2063 771 3658 845">
    <p class='ocr_par' dir='ltr' id='par_1_11' title="bbox 2079 775 3658 845">
     <span class='ocr_line' id='line_1_11' title="bbox 2079 775 3658 845; baseline 0.003 -19"><span class='ocrx_word' id='word_1_78' title='bbox 2079 775 2335 844; x_wconf 83' lang='grc' dir='ltr'>Σειρῆνες</span> <span class='ocrx_word' id='word_1_79' title='bbox 2365 778 2888 843; x_wconf 71' lang='grc' dir='ltr'><strong>προσαγορεύονται,</strong></span> <span class='ocrx_word' id='word_1_80' title='bbox 2921 775 3240 845; x_wconf 77' lang='grc' dir='ltr'>ήδύφθογγα</span> <span class='ocrx_word' id='word_1_81' title='bbox 3271 777 3412 830; x_wconf 77' lang='grc' dir='ltr'>πάνυ</span> <span class='ocrx_word' id='word_1_82' title='bbox 3443 781 3536 830; x_wconf 82' lang='grc' dir='ltr'><strong>καὶ</strong></span> <span class='ocrx_word' id='word_1_83' title='bbox 3565 777 3658 830; x_wconf 79' lang='grc' dir='ltr'>θαο</span> 
     </span>
    </p>
   </div>
   <div class='ocr_carea' id='block_1_12' title="bbox 386 859 1973 931">
    <p class='ocr_par' dir='ltr' id='par_1_12' title="bbox 386 859 1973 931">
     <span class='ocr_line' id='line_1_12' title="bbox 386 859 1973 931; baseline -0.005 -7"><span class='ocrx_word' id='word_1_84' title='bbox 386 872 508 925; x_wconf 88' lang='lat' dir='ltr'><strong>dam</strong></span> <span class='ocrx_word' id='word_1_85' title='bbox 541 867 819 931; x_wconf 86' lang='lat' dir='ltr'><strong>animalia,</strong></span> <span class='ocrx_word' id='word_1_86' title='bbox 870 867 1103 920; x_wconf 79' lang='lat' dir='ltr'><strong>formam</strong></span> <span class='ocrx_word' id='word_1_87' title='bbox 1155 866 1451 918; x_wconf 82' lang='lat' dir='ltr'><strong>humanam</strong></span> <span class='ocrx_word' id='word_1_88' title='bbox 1505 861 1835 927; x_wconf 78' lang='lat' dir='ltr'><strong>referentia,</strong></span> <span class='ocrx_word' id='word_1_89' title='bbox 1866 859 1973 916; x_wconf 88' lang='lat' dir='ltr'><strong>viri</strong></span> 
     </span>
    </p>
   </div>
   <div class='ocr_carea' id='block_1_13' title="bbox 386 952 1971 1026">
    <p class='ocr_par' dir='ltr' id='par_1_13' title="bbox 386 952 1971 1026">
     <span class='ocr_line' id='line_1_13' title="bbox 386 952 1971 1026; baseline -0.008 -8"><span class='ocrx_word' id='word_1_90' title='bbox 386 976 582 1026; x_wconf 90' lang='lat' dir='ltr'><strong>unum,</strong></span> <span class='ocrx_word' id='word_1_91' title='bbox 617 959 867 1015; x_wconf 85' lang='lat' dir='ltr'><strong>mulieris</strong></span> <span class='ocrx_word' id='word_1_92' title='bbox 889 957 1164 1012; x_wconf 87' lang='lat' dir='ltr'><strong>alterum:</strong></span> <span class='ocrx_word' id='word_1_93' title='bbox 1209 956 1436 1010; x_wconf 82' lang='lat' dir='ltr'><strong>Sirenes</strong></span> <span class='ocrx_word' id='word_1_94' title='bbox 1473 953 1740 1024; x_wconf 87' lang='lat' dir='ltr'><strong>appellari</strong></span> <span class='ocrx_word' id='word_1_95' title='bbox 1770 952 1971 1017; x_wconf 86' lang='lat' dir='ltr'><strong>solent,</strong></span> 
     </span>
    </p>
   </div>
   <div class='ocr_carea' id='block_1_14' title="bbox 386 1044 1973 1123">
    <p class='ocr_par' dir='ltr' id='par_1_14' title="bbox 386 1044 1973 1123">
     <span class='ocr_line' id='line_1_14' title="bbox 386 1044 1973 1123; baseline -0.004 -16"><span class='ocrx_word' id='word_1_96' title='bbox 386 1053 604 1109; x_wconf 85' lang='lat' dir='ltr'><strong>blandis</strong></span> <span class='ocrx_word' id='word_1_97' title='bbox 629 1052 853 1123; x_wconf 85' lang='lat' dir='ltr'><strong>quidem</strong></span> <span class='ocrx_word' id='word_1_98' title='bbox 901 1049 997 1104; x_wconf 90' lang='lat' dir='ltr'><strong>illa</strong></span> <span class='ocrx_word' id='word_1_99' title='bbox 1031 1048 1264 1104; x_wconf 83' lang='lat' dir='ltr'><strong>vocibus</strong></span> <span class='ocrx_word' id='word_1_100' title='bbox 1301 1045 1532 1110; x_wconf 83' lang='lat' dir='ltr'><strong>utentia,</strong></span> <span class='ocrx_word' id='word_1_101' title='bbox 1581 1045 1676 1100; x_wconf 89' lang='lat' dir='ltr'><strong>sed</strong></span> <span class='ocrx_word' id='word_1_102' title='bbox 1709 1046 1871 1116; x_wconf 84' lang='lat' dir='ltr'><strong>plane</strong></span> <span class='ocrx_word' id='word_1_103' title='bbox 1893 1044 1973 1100; x_wconf 90' lang='lat' dir='ltr'><strong>le-</strong></span> 
     </span>
    </p>
   </div>
   <div class='ocr_carea' id='block_1_15' title="bbox 392 1136 1970 1213">
    <p class='ocr_par' dir='ltr' id='par_1_15' title="bbox 392 1136 1970 1213">
     <span class='ocr_line' id='line_1_15' title="bbox 392 1136 1970 1213; baseline -0.003 -16"><span class='ocrx_word' id='word_1_104' title='bbox 392 1143 616 1208; x_wconf 75' lang='lat' dir='ltr'><strong>tbifera,</strong></span> <span class='ocrx_word' id='word_1_105' title='bbox 651 1143 892 1213; x_wconf 87' lang='lat' dir='ltr'><strong>speciem</strong></span> <span class='ocrx_word' id='word_1_106' title='bbox 938 1139 1236 1209; x_wconf 85' lang='lat' dir='ltr'><strong>quamdam</strong></span> <span class='ocrx_word' id='word_1_107' title='bbox 1274 1138 1532 1193; x_wconf 75' lang='lat' dir='ltr'><strong>humanae</strong></span> <span class='ocrx_word' id='word_1_108' title='bbox 1579 1152 1644 1192; x_wconf 88' lang='lat' dir='ltr'><strong>ac</strong></span> <span class='ocrx_word' id='word_1_109' title='bbox 1683 1136 1970 1192; x_wconf 86' lang='lat' dir='ltr'><strong>volucrum</strong></span> 
     </span>
    </p>
   </div>
   <div class='ocr_carea' id='block_1_16' title="bbox 384 1229 1968 1306">
    <p class='ocr_par' dir='ltr' id='par_1_16' title="bbox 384 1229 1968 1306">
     <span class='ocr_line' id='line_1_16' title="bbox 384 1229 1968 1306; baseline -0.004 -16"><span class='ocrx_word' id='word_1_110' title='bbox 384 1251 452 1290; x_wconf 79' lang='lat' dir='ltr'><strong>ex</strong></span> <span class='ocrx_word' id='word_1_111' title='bbox 489 1250 647 1306; x_wconf 63' lang='lat' dir='ltr'><strong>aequo</strong></span> <span class='ocrx_word' id='word_1_112' title='bbox 673 1232 1020 1290; x_wconf 86' lang='lat' dir='ltr'><strong>consimilem</strong></span> <span class='ocrx_word' id='word_1_113' title='bbox 1067 1230 1392 1302; x_wconf 82' lang='lat' dir='ltr'><strong>praebentia.</strong></span> <span class='ocrx_word' id='word_1_114' title='bbox 1430 1229 1562 1296; x_wconf 59' lang='lat' dir='ltr'><strong>Quae</strong></span> <span class='ocrx_word' id='word_1_115' title='bbox 1598 1230 1690 1284; x_wconf 92' lang='lat' dir='ltr'><strong>ubi</strong></span> <span class='ocrx_word' id='word_1_116' title='bbox 1727 1229 1968 1300; x_wconf 90' lang='lat' dir='ltr'><strong>conspici</strong></span> 
     </span>
    </p>
   </div>
   <div class='ocr_carea' id='block_1_17' title="bbox 386 1322 1968 1394">
    <p class='ocr_par' dir='ltr' id='par_1_17' title="bbox 386 1322 1968 1394">
     <span class='ocr_line' id='line_1_17' title="bbox 386 1322 1968 1394; baseline -0.002 -14"><span class='ocrx_word' id='word_1_117' title='bbox 386 1325 709 1394; x_wconf 62' lang='lat' dir='ltr'><strong>cepissent.</strong></span> <span class='ocrx_word' id='word_1_118' title='bbox 741 1324 979 1394; x_wconf 82' lang='lat' dir='ltr'><strong>pepnlus</strong></span> <span class='ocrx_word' id='word_1_119' title='bbox 1003 1337 1109 1376; x_wconf 90' lang='lat' dir='ltr'><strong>una</strong></span> <span class='ocrx_word' id='word_1_120' title='bbox 1131 1337 1254 1376; x_wconf 92' lang='lat' dir='ltr'><strong>cum</strong></span> <span class='ocrx_word' id='word_1_121' title='bbox 1283 1322 1538 1391; x_wconf 67' lang='lat' dir='ltr'><strong>prwfecto</strong></span> <span class='ocrx_word' id='word_1_122' title='bbox 1561 1332 1790 1390; x_wconf 87' lang='lat' dir='ltr'><strong>stupore</strong></span> <span class='ocrx_word' id='word_1_123' title='bbox 1827 1338 1968 1392; x_wconf 80' lang='lat' dir='ltr'><strong>quo-</strong></span> 
     </span>
    </p>
   </div>
   <div class='ocr_carea' id='block_1_18' title="bbox 385 1414 1968 1484">
    <p class='ocr_par' dir='ltr' id='par_1_18' title="bbox 385 1414 1968 1484">
     <span class='ocr_line' id='line_1_18' title="bbox 385 1414 1968 1484; baseline -0.002 -13"><span class='ocrx_word' id='word_1_124' title='bbox 385 1418 508 1472; x_wconf 86' lang='lat' dir='ltr'><strong>dam</strong></span> <span class='ocrx_word' id='word_1_125' title='bbox 574 1417 813 1483; x_wconf 83' lang='lat' dir='ltr'><strong>correpti</strong></span> <span class='ocrx_word' id='word_1_126' title='bbox 855 1431 951 1483; x_wconf 87' lang='lat' dir='ltr'><strong>per</strong></span> <span class='ocrx_word' id='word_1_127' title='bbox 991 1415 1391 1484; x_wconf 82' lang='lat' dir='ltr'><strong>adjurationem</strong></span> <span class='ocrx_word' id='word_1_128' title='bbox 1441 1414 1839 1478; x_wconf 77' lang='lat' dir='ltr'><strong>astrinxerant,</strong></span> <span class='ocrx_word' id='word_1_129' title='bbox 1897 1427 1968 1468; x_wconf 89' lang='lat' dir='ltr'><strong>ne</strong></span> 
     </span>
    </p>
   </div>
   <div class='ocr_carea' id='block_1_19' title="bbox 2078 867 3697 940">
    <p class='ocr_par' dir='ltr' id='par_1_19' title="bbox 2078 867 3697 940">
     <span class='ocr_line' id='line_1_19' title="bbox 2078 867 3697 940; baseline 0.005 -22"><span class='ocrx_word' id='word_1_130' title='bbox 2078 867 2361 936; x_wconf 72' lang='grc' dir='ltr'>νατηφόρα</span> <span class='ocrx_word' id='word_1_131' title='bbox 2383 908 2396 931; x_wconf 93' lang='grc'><strong>,</strong></span> <span class='ocrx_word' id='word_1_132' title='bbox 2437 867 3126 938; x_wconf 80' lang='grc' dir='ltr'>ἁνθρωποπετεινόμορφα.</span> <span class='ocrx_word' id='word_1_133' title='bbox 3172 869 3232 922; x_wconf 87' lang='lat'><strong>&#39;0</strong></span> <span class='ocrx_word' id='word_1_134' title='bbox 3265 869 3323 922; x_wconf 85' lang='grc' dir='ltr'>δὲ</span> <span class='ocrx_word' id='word_1_135' title='bbox 3358 869 3486 932; x_wconf 83' lang='grc' dir='ltr'>λαὸς</span> <span class='ocrx_word' id='word_1_136' title='bbox 3524 871 3664 940; x_wconf 76' lang='grc' dir='ltr'>μετὰ</span> <span class='ocrx_word' id='word_1_137' title='bbox 3693 923 3697 926; x_wconf 86' lang='grc'>.</span> 
     </span>
    </p>
   </div>
   <div class='ocr_carea' id='block_1_20' title="bbox 2074 956 3661 1030">
    <p class='ocr_par' dir='ltr' id='par_1_20' title="bbox 2074 956 3661 1030">
     <span class='ocr_line' id='line_1_20' title="bbox 2074 956 3661 1030; baseline 0.003 -20"><span class='ocrx_word' id='word_1_138' title='bbox 2074 957 2168 1010; x_wconf 85' lang='grc' dir='ltr'><strong>τοῦ</strong></span> <span class='ocrx_word' id='word_1_139' title='bbox 2202 958 2445 1026; x_wconf 78' lang='grc' dir='ltr'><strong>ἐπάρχου</strong></span> <span class='ocrx_word' id='word_1_140' title='bbox 2481 956 2856 1026; x_wconf 77' lang='grc' dir='ltr'>θαυμάζοντες</span> <span class='ocrx_word' id='word_1_141' title='bbox 2888 957 3126 1028; x_wconf 76' lang='grc' dir='ltr'>ὧρκιζον</span> <span class='ocrx_word' id='word_1_142' title='bbox 3159 958 3297 1012; x_wconf 77' lang='grc' dir='ltr'>αὐτὰ</span> <span class='ocrx_word' id='word_1_143' title='bbox 3333 959 3410 1030; x_wconf 79' lang='grc' dir='ltr'>μὴ</span> <span class='ocrx_word' id='word_1_144' title='bbox 3442 961 3661 1029; x_wconf 77' lang='grc' dir='ltr'>ἀναχω-</span> 
     </span>
    </p>
   </div>
   <div class='ocr_carea' id='block_1_21' title="bbox 2082 1050 3656 1121">
    <p class='ocr_par' dir='ltr' id='par_1_21' title="bbox 2082 1050 3656 1121">
     <span class='ocr_line' id='line_1_21' title="bbox 2082 1050 3656 1121; baseline 0.011 -20"><span class='ocrx_word' id='word_1_145' title='bbox 2082 1050 2267 1121; x_wconf 84' lang='grc' dir='ltr'>ρῆσαι,</span> <span class='ocrx_word' id='word_1_146' title='bbox 2301 1054 2430 1121; x_wconf 68' lang='grc' dir='ltr'>πρὶν</span> <span class='ocrx_word' id='word_1_147' title='bbox 2461 1051 2525 1103; x_wconf 83' lang='grc' dir='ltr'>Ξιν</span> <span class='ocrx_word' id='word_1_148' title='bbox 2555 1051 2796 1114; x_wconf 75' lang='grc' dir='ltr'>ἅπαντες</span> <span class='ocrx_word' id='word_1_149' title='bbox 2826 1050 3184 1121; x_wconf 76' lang='grc' dir='ltr'>ὲμφορηθῶσι</span> <span class='ocrx_word' id='word_1_150' title='bbox 3215 1051 3314 1120; x_wconf 85' lang='grc' dir='ltr'>τῆς</span> <span class='ocrx_word' id='word_1_151' title='bbox 3349 1053 3656 1121; x_wconf 76' lang='grc' dir='ltr'>παραδόξου</span> 
     </span>
    </p>
   </div>
   <div class='ocr_carea' id='block_1_22' title="bbox 2073 1141 3662 1214">
    <p class='ocr_par' dir='ltr' id='par_1_22' title="bbox 2073 1141 3662 1214">
     <span class='ocr_line' id='line_1_22' title="bbox 2073 1141 3662 1214; baseline 0.002 -21"><span class='ocrx_word' id='word_1_152' title='bbox 2073 1141 2202 1205; x_wconf 79' lang='grc' dir='ltr'>θέας</span> <span class='ocrx_word' id='word_1_153' title='bbox 2229 1143 2434 1197; x_wconf 81' lang='grc' dir='ltr'>αὐτῶν.</span> <span class='ocrx_word' id='word_1_154' title='bbox 2465 1143 2625 1196; x_wconf 81' lang='grc' dir='ltr'>Ὀθεν</span> <span class='ocrx_word' id='word_1_155' title='bbox 2675 1146 2768 1196; x_wconf 70' lang='grc' dir='ltr'>καὶ</span> <span class='ocrx_word' id='word_1_156' title='bbox 2801 1145 3061 1212; x_wconf 82' lang='grc' dir='ltr'>μείναντα</span> <span class='ocrx_word' id='word_1_157' title='bbox 3095 1144 3288 1214; x_wconf 81' lang='grc' dir='ltr'><strong>μέχρις</strong></span> <span class='ocrx_word' id='word_1_158' title='bbox 3316 1143 3464 1214; x_wconf 85' lang='grc' dir='ltr'>ὥρας</span> <span class='ocrx_word' id='word_1_159' title='bbox 3495 1143 3542 1195; x_wconf 83' lang='grc' dir='ltr'>θ’</span> <span class='ocrx_word' id='word_1_160' title='bbox 3564 1161 3662 1197; x_wconf 86' lang='grc' dir='ltr'>κα-</span> 
     </span>
    </p>
   </div>
   <div class='ocr_carea' id='block_1_23' title="bbox 2070 1229 3656 1301">
    <p class='ocr_par' dir='ltr' id='par_1_23' title="bbox 2070 1229 3656 1301">
     <span class='ocr_line' id='line_1_23' title="bbox 2070 1229 3656 1301; baseline 0 -16"><span class='ocrx_word' id='word_1_161' title='bbox 2070 1233 2298 1285; x_wconf 78' lang='grc' dir='ltr'>τέδυσαν</span> <span class='ocrx_word' id='word_1_162' title='bbox 2344 1232 2424 1293; x_wconf 83' lang='grc' dir='ltr'><strong>είς</strong></span> <span class='ocrx_word' id='word_1_163' title='bbox 2476 1230 2566 1284; x_wconf 82' lang='grc' dir='ltr'><strong>τὸν</strong></span> <span class='ocrx_word' id='word_1_164' title='bbox 2616 1231 2883 1300; x_wconf 84' lang='grc' dir='ltr'>ποταμόν.</span> <span class='ocrx_word' id='word_1_165' title='bbox 2929 1229 3171 1284; x_wconf 83' lang='grc' dir='ltr'>Ἐκεῖθεν</span> <span class='ocrx_word' id='word_1_166' title='bbox 3219 1231 3275 1284; x_wconf 82' lang='grc' dir='ltr'>δὲ</span> <span class='ocrx_word' id='word_1_167' title='bbox 3324 1231 3656 1301; x_wconf 78' lang='grc' dir='ltr'><strong>κροκόδειλοι</strong></span> 
     </span>
    </p>
   </div>
   <div class='ocr_carea' id='block_1_24' title="bbox 2069 1304 3654 1394">
    <p class='ocr_par' dir='ltr' id='par_1_24' title="bbox 2069 1304 3654 1394">
     <span class='ocr_line' id='line_1_24' title="bbox 2069 1304 3654 1394; baseline -0.002 -15"><span class='ocrx_word' id='word_1_168' title='bbox 2069 1325 2332 1394; x_wconf 73' lang='grc' dir='ltr'>ἐξῆλθον,</span> <span class='ocrx_word' id='word_1_169' title='bbox 2378 1325 2475 1377; x_wconf 83' lang='grc' dir='ltr'>καὶ</span> <span class='ocrx_word' id='word_1_170' title='bbox 2527 1323 2756 1388; x_wconf 79' lang='grc' dir='ltr'>πολλοὺς</span> <span class='ocrx_word' id='word_1_171' title='bbox 2804 1323 2913 1377; x_wconf 82' lang='grc' dir='ltr'>τῶν</span> <span class='ocrx_word' id='word_1_172' title='bbox 2961 1304 3266 1394; x_wconf 68' lang='grc' dir='ltr'>ἀνθρώπων</span> <span class='ocrx_word' id='word_1_173' title='bbox 3315 1324 3654 1393; x_wconf 74' lang='grc' dir='ltr'>διέφθειραν.</span> 
     </span>
    </p>
   </div>
   <div class='ocr_carea' id='block_1_25' title="bbox 2083 1414 3654 1486">
    <p class='ocr_par' dir='ltr' id='par_1_25' title="bbox 2083 1414 3654 1486">
     <span class='ocr_line' id='line_1_25' title="bbox 2083 1414 3654 1486; baseline -0.003 -17"><span class='ocrx_word' id='word_1_174' title='bbox 2083 1415 2142 1468; x_wconf 89' lang='lat'><strong>&#39;0</strong></span> <span class='ocrx_word' id='word_1_175' title='bbox 2175 1415 2234 1468; x_wconf 74' lang='grc' dir='ltr'>δὲ</span> <span class='ocrx_word' id='word_1_176' title='bbox 2267 1415 2612 1486; x_wconf 75' lang='grc' dir='ltr'>κροκόδειλος</span> <span class='ocrx_word' id='word_1_177' title='bbox 2647 1414 2919 1484; x_wconf 79' lang='grc' dir='ltr'>ὲχθυόθηρ</span> <span class='ocrx_word' id='word_1_178' title='bbox 2957 1417 3130 1484; x_wconf 80' lang='grc' dir='ltr'>μέγας</span> <span class='ocrx_word' id='word_1_179' title='bbox 3167 1416 3284 1468; x_wconf 68' lang='grc' dir='ltr'>ἐστὶ</span> <span class='ocrx_word' id='word_1_180' title='bbox 3313 1414 3654 1484; x_wconf 77' lang='grc' dir='ltr'><strong>τετράπους,</strong></span> 
     </span>
    </p>
   </div>
   <div class='ocr_carea' id='block_1_26' title="bbox 384 1503 1959 1580">
    <p class='ocr_par' dir='ltr' id='par_1_26' title="bbox 384 1503 1959 1577">
     <span class='ocr_line' id='line_1_26' title="bbox 384 1503 1959 1577; baseline -0.001 -17"><span class='ocrx_word' id='word_1_181' title='bbox 384 1507 540 1577; x_wconf 86' lang='lat' dir='ltr'><strong>prius</strong></span> <span class='ocrx_word' id='word_1_182' title='bbox 571 1506 1111 1574; x_wconf 86' lang='lat' dir='ltr'><strong>discederentquam</strong></span> <span class='ocrx_word' id='word_1_183' title='bbox 1149 1503 1389 1560; x_wconf 87' lang='lat' dir='ltr'><strong>universi</strong></span> <span class='ocrx_word' id='word_1_184' title='bbox 1431 1513 1539 1559; x_wconf 84' lang='lat' dir='ltr'><strong>tam</strong></span> <span class='ocrx_word' id='word_1_185' title='bbox 1588 1519 1715 1558; x_wconf 84' lang='lat' dir='ltr'><strong>raro</strong></span> <span class='ocrx_word' id='word_1_186' title='bbox 1757 1520 1816 1560; x_wconf 92' lang='lat' dir='ltr'><strong>se</strong></span> <span class='ocrx_word' id='word_1_187' title='bbox 1845 1519 1959 1574; x_wconf 84' lang='lat' dir='ltr'><strong>spe-</strong></span> 
     </span>
    </p>
   </div>
   <div class='ocr_carea' id='block_1_27' title="bbox 2063 1503 3658 1580">
    <p class='ocr_par' dir='ltr' id='par_1_27' title="bbox 2065 1506 3658 1580">
     <span class='ocr_line' id='line_1_27' title="bbox 2065 1506 3658 1580; baseline -0.002 -19"><span class='ocrx_word' id='word_1_188' title='bbox 2065 1508 2165 1580; x_wconf 82' lang='grc' dir='ltr'><strong>τὴν</strong></span> <span class='ocrx_word' id='word_1_189' title='bbox 2191 1509 2291 1578; x_wconf 65' lang='grc' dir='ltr'>μὲν</span> <span class='ocrx_word' id='word_1_190' title='bbox 2315 1510 2475 1580; x_wconf 73' lang='grc' dir='ltr'>ῥάχιν</span> <span class='ocrx_word' id='word_1_191' title='bbox 2498 1508 2689 1578; x_wconf 78' lang='grc' dir='ltr'>μέλας,</span> <span class='ocrx_word' id='word_1_192' title='bbox 2713 1506 2810 1579; x_wconf 84' lang='grc' dir='ltr'>τὴν</span> <span class='ocrx_word' id='word_1_193' title='bbox 2829 1507 2885 1560; x_wconf 83' lang='grc' dir='ltr'><strong>δὲ</strong></span> <span class='ocrx_word' id='word_1_194' title='bbox 2906 1508 3149 1578; x_wconf 77' lang='grc' dir='ltr'>γαστέρα</span> <span class='ocrx_word' id='word_1_195' title='bbox 3171 1506 3459 1570; x_wconf 74' lang='grc' dir='ltr'>λευκὸς,τὸ</span> <span class='ocrx_word' id='word_1_196' title='bbox 3482 1507 3658 1574; x_wconf 83' lang='grc' dir='ltr'>στόμα</span> 
     </span>
    </p>
   </div>
   <div class='ocr_carea' id='block_1_28' title="bbox 383 1595 1959 1669">
    <p class='ocr_par' dir='ltr' id='par_1_28' title="bbox 383 1595 1959 1653">
     <span class='ocr_line' id='line_1_28' title="bbox 383 1595 1959 1653; baseline -0.003 0"><span class='ocrx_word' id='word_1_197' title='bbox 383 1597 604 1653; x_wconf 77' lang='lat' dir='ltr'><strong>eiaculo</strong></span> <span class='ocrx_word' id='word_1_198' title='bbox 653 1605 1093 1652; x_wconf 76' lang='lat' dir='ltr'><strong>exsaturassent.</strong></span> <span class='ocrx_word' id='word_1_199' title='bbox 1136 1595 1213 1650; x_wconf 85' lang='lat' dir='ltr'><strong>Ita</strong></span> <span class='ocrx_word' id='word_1_200' title='bbox 1279 1595 1484 1650; x_wconf 78' lang='lat' dir='ltr'><strong>factum</strong></span> <span class='ocrx_word' id='word_1_201' title='bbox 1545 1605 1604 1649; x_wconf 90' lang='lat' dir='ltr'><strong>ut</strong></span> <span class='ocrx_word' id='word_1_202' title='bbox 1652 1595 1720 1650; x_wconf 88' lang='lat' dir='ltr'><strong>ad</strong></span> <span class='ocrx_word' id='word_1_203' title='bbox 1763 1610 1959 1650; x_wconf 85' lang='lat' dir='ltr'><strong>nonam</strong></span> 
     </span>
    </p>
   </div>
   <div class='ocr_carea' id='block_1_29' title="bbox 2063 1595 3656 1669">
    <p class='ocr_par' dir='ltr' id='par_1_29' title="bbox 2070 1597 3656 1669">
     <span class='ocr_line' id='line_1_29' title="bbox 2070 1597 3656 1669; baseline -0.003 -18"><span class='ocrx_word' id='word_1_204' title='bbox 2070 1597 2276 1667; x_wconf 80' lang='grc' dir='ltr'>φθάνον</span> <span class='ocrx_word' id='word_1_205' title='bbox 2311 1597 2438 1669; x_wconf 81' lang='grc' dir='ltr'>ἄχρι</span> <span class='ocrx_word' id='word_1_206' title='bbox 2473 1599 2579 1651; x_wconf 75' lang='grc' dir='ltr'>τῶν</span> <span class='ocrx_word' id='word_1_207' title='bbox 2615 1597 2816 1668; x_wconf 80' lang='grc' dir='ltr'>ὼμων,</span> <span class='ocrx_word' id='word_1_208' title='bbox 2852 1597 2949 1669; x_wconf 83' lang='grc' dir='ltr'>τὴν</span> <span class='ocrx_word' id='word_1_209' title='bbox 2981 1599 3094 1652; x_wconf 57' lang='lat' dir='ltr'><strong>die</strong></span> <span class='ocrx_word' id='word_1_210' title='bbox 3124 1597 3286 1666; x_wconf 67' lang='grc' dir='ltr'>γένυν</span> <span class='ocrx_word' id='word_1_211' title='bbox 3320 1599 3484 1652; x_wconf 83' lang='grc' dir='ltr'>κινῶν</span> <span class='ocrx_word' id='word_1_212' title='bbox 3506 1634 3525 1664; x_wconf 80' lang='grc'><strong>,</strong></span> <span class='ocrx_word' id='word_1_213' title='bbox 3559 1598 3656 1651; x_wconf 71' lang='grc' dir='ltr'>καὶ</span> 
     </span>
    </p>
   </div>
   <div class='ocr_carea' id='block_1_30' title="bbox 385 1686 1959 1762">
    <p class='ocr_par' dir='ltr' id='par_1_30' title="bbox 385 1686 1959 1758">
     <span class='ocr_line' id='line_1_30' title="bbox 385 1686 1959 1758; baseline 0.001 -17"><span class='ocrx_word' id='word_1_214' title='bbox 385 1703 560 1758; x_wconf 90' lang='lat' dir='ltr'><strong>usque</strong></span> <span class='ocrx_word' id='word_1_215' title='bbox 599 1691 786 1742; x_wconf 88' lang='lat' dir='ltr'><strong>horam</strong></span> <span class='ocrx_word' id='word_1_216' title='bbox 812 1697 1149 1742; x_wconf 81' lang='lat' dir='ltr'><strong>commorata</strong></span> <span class='ocrx_word' id='word_1_217' title='bbox 1175 1686 1439 1757; x_wconf 81' lang='lat' dir='ltr'><strong>deinceps</strong></span> <span class='ocrx_word' id='word_1_218' title='bbox 1462 1687 1632 1742; x_wconf 83' lang='lat' dir='ltr'><strong>ﬂuvio</strong></span> <span class='ocrx_word' id='word_1_219' title='bbox 1655 1703 1715 1742; x_wconf 88' lang='lat' dir='ltr'><strong>se</strong></span> <span class='ocrx_word' id='word_1_220' title='bbox 1755 1702 1959 1757; x_wconf 43' lang='lat' dir='ltr'><strong>merges</strong></span> 
     </span>
    </p>
   </div>
   <div class='ocr_carea' id='block_1_31' title="bbox 2063 1686 3654 1762">
    <p class='ocr_par' dir='ltr' id='par_1_31' title="bbox 2067 1689 3654 1762">
     <span class='ocr_line' id='line_1_31' title="bbox 2067 1689 3654 1762; baseline -0.001 -19"><span class='ocrx_word' id='word_1_221' title='bbox 2067 1691 2167 1762; x_wconf 80' lang='grc' dir='ltr'>τὴν</span> <span class='ocrx_word' id='word_1_222' title='bbox 2214 1689 2383 1761; x_wconf 81' lang='grc' dir='ltr'>οὐράν</span> <span class='ocrx_word' id='word_1_223' title='bbox 2430 1690 2657 1760; x_wconf 73' lang='grc' dir='ltr'>τραχύς.</span> <span class='ocrx_word' id='word_1_224' title='bbox 2697 1691 2936 1759; x_wconf 79' lang='grc' dir='ltr'>Ἀναιρεῖ</span> <span class='ocrx_word' id='word_1_225' title='bbox 2983 1691 3040 1743; x_wconf 81' lang='grc' dir='ltr'>δὲ</span> <span class='ocrx_word' id='word_1_226' title='bbox 3085 1689 3272 1743; x_wconf 84' lang='grc' dir='ltr'>τοῦτον</span> <span class='ocrx_word' id='word_1_227' title='bbox 3320 1691 3577 1751; x_wconf 75' lang='grc' dir='ltr'>πολλάκις</span> <span class='ocrx_word' id='word_1_228' title='bbox 3620 1691 3654 1760; x_wconf 74' lang='grc' dir='ltr'>ἢ</span> 
     </span>
    </p>
   </div>
   <div class='ocr_carea' id='block_1_32' title="bbox 384 1774 1959 1849">
    <p class='ocr_par' dir='ltr' id='par_1_32' title="bbox 384 1778 1954 1849">
     <span class='ocr_line' id='line_1_32' title="bbox 384 1778 1954 1849; baseline -0.001 -15"><span class='ocrx_word' id='word_1_229' title='bbox 384 1789 530 1835; x_wconf 87' lang='lat' dir='ltr'><strong>rent.</strong></span> <span class='ocrx_word' id='word_1_230' title='bbox 585 1779 724 1834; x_wconf 71' lang='lat' dir='ltr'><strong>Hinc</strong></span> <span class='ocrx_word' id='word_1_231' title='bbox 773 1779 1032 1834; x_wconf 82' lang='lat' dir='ltr'><strong>crocodili</strong></span> <span class='ocrx_word' id='word_1_232' title='bbox 1074 1779 1280 1848; x_wconf 84' lang='lat' dir='ltr'><strong>egressi</strong></span> <span class='ocrx_word' id='word_1_233' title='bbox 1332 1786 1498 1845; x_wconf 75' lang='lat' dir='ltr'><strong>sunt,</strong></span> <span class='ocrx_word' id='word_1_234' title='bbox 1570 1778 1954 1849; x_wconf 90' lang='lat' dir='ltr'><strong>plurimosque</strong></span> 
     </span>
    </p>
   </div>
   <div class='ocr_carea' id='block_1_33' title="bbox 2063 1774 3652 1849">
    <p class='ocr_par' dir='ltr' id='par_1_33' title="bbox 2065 1774 3652 1846">
     <span class='ocr_line' id='line_1_33' title="bbox 2065 1774 3652 1846; baseline -0.001 -17"><span class='ocrx_word' id='word_1_235' title='bbox 2065 1776 2215 1844; x_wconf 80' lang='grc' dir='ltr'>ιδρὺς</span> <span class='ocrx_word' id='word_1_236' title='bbox 2260 1776 2554 1844; x_wconf 82' lang='grc' dir='ltr'>λεγομένη,</span> <span class='ocrx_word' id='word_1_237' title='bbox 2599 1779 2655 1829; x_wconf 83' lang='grc' dir='ltr'>ἐν</span> <span class='ocrx_word' id='word_1_238' title='bbox 2703 1775 2783 1846; x_wconf 82' lang='grc' dir='ltr'>τῷ</span> <span class='ocrx_word' id='word_1_239' title='bbox 2830 1774 2980 1846; x_wconf 85' lang='grc' dir='ltr'><strong>αὺτῷ</strong></span> <span class='ocrx_word' id='word_1_240' title='bbox 3029 1776 3264 1846; x_wconf 83' lang='grc' dir='ltr'>ποταμῷ</span> <span class='ocrx_word' id='word_1_241' title='bbox 3307 1777 3652 1846; x_wconf 76' lang='grc' dir='ltr'>τυγχάνουσα</span> 
     </span>
    </p>
   </div>
   <div class='ocr_carea' id='block_1_34' title="bbox 384 1858 1959 1938">
    <p class='ocr_par' dir='ltr' id='par_1_34' title="bbox 384 1869 1959 1926">
     <span class='ocr_line' id='line_1_34' title="bbox 384 1869 1959 1926; baseline 0 -2"><span class='ocrx_word' id='word_1_242' title='bbox 384 1870 644 1924; x_wconf 83' lang='lat' dir='ltr'><strong>mortales</strong></span> <span class='ocrx_word' id='word_1_243' title='bbox 670 1871 790 1926; x_wconf 90' lang='lat' dir='ltr'><strong>neci</strong></span> <span class='ocrx_word' id='word_1_244' title='bbox 827 1870 1118 1926; x_wconf 79' lang='lat' dir='ltr'><strong>dederunt.</strong></span> <span class='ocrx_word' id='word_1_245' title='bbox 1157 1869 1256 1924; x_wconf 89' lang='lat' dir='ltr'><strong>Est</strong></span> <span class='ocrx_word' id='word_1_246' title='bbox 1282 1878 1466 1925; x_wconf 89' lang='lat' dir='ltr'><strong>autem</strong></span> <span class='ocrx_word' id='word_1_247' title='bbox 1502 1870 1814 1925; x_wconf 85' lang='lat' dir='ltr'><strong>crocodilus</strong></span> <span class='ocrx_word' id='word_1_248' title='bbox 1841 1870 1959 1926; x_wconf 88' lang='lat' dir='ltr'><strong>bel-</strong></span> 
     </span>
    </p>
   </div>
   <div class='ocr_carea' id='block_1_35' title="bbox 2063 1858 3654 1938">
    <p class='ocr_par' dir='ltr' id='par_1_35' title="bbox 2066 1858 3654 1938">
     <span class='ocr_line' id='line_1_35' title="bbox 2066 1858 3654 1938; baseline -0.003 -17"><span class='ocrx_word' id='word_1_249' title='bbox 2066 1868 2161 1921; x_wconf 74' lang='grc' dir='ltr'>καὶ</span> <span class='ocrx_word' id='word_1_250' title='bbox 2216 1869 2436 1937; x_wconf 79' lang='grc' dir='ltr'>μορφὴν</span> <span class='ocrx_word' id='word_1_251' title='bbox 2485 1869 2684 1938; x_wconf 66' lang='grc' dir='ltr'>ἔχουσα</span> <span class='ocrx_word' id='word_1_252' title='bbox 2730 1867 2928 1932; x_wconf 75' lang='grc' dir='ltr'>κυνὸς,</span> <span class='ocrx_word' id='word_1_253' title='bbox 2975 1871 3403 1936; x_wconf 81' lang='grc' dir='ltr'>τοιουτοτρόπως</span> <span class='ocrx_word' id='word_1_254' title='bbox 3449 1858 3531 1919; x_wconf 83' lang='grc' dir='ltr'><strong>δέ.</strong></span> <span class='ocrx_word' id='word_1_255' title='bbox 3581 1860 3654 1918; x_wconf 78' lang='grc' dir='ltr'><strong>Τὸ</strong></span> 
     </span>
    </p>
   </div>
   <div class='ocr_carea' id='block_1_36' title="bbox 383 1949 1959 2031">
    <p class='ocr_par' dir='ltr' id='par_1_36' title="bbox 383 1960 1959 2031">
     <span class='ocr_line' id='line_1_36' title="bbox 383 1960 1959 2031; baseline 0 -15"><span class='ocrx_word' id='word_1_256' title='bbox 383 1961 474 2016; x_wconf 88' lang='lat' dir='ltr'><strong>lua</strong></span> <span class='ocrx_word' id='word_1_257' title='bbox 509 1960 755 2031; x_wconf 84' lang='lat' dir='ltr'><strong>qua:dam</strong></span> <span class='ocrx_word' id='word_1_258' title='bbox 807 1961 944 2030; x_wconf 86' lang='lat' dir='ltr'><strong>pisci</strong></span> <span class='ocrx_word' id='word_1_259' title='bbox 982 1960 1288 2017; x_wconf 84' lang='lat' dir='ltr'><strong>consimilis</strong></span> <span class='ocrx_word' id='word_1_260' title='bbox 1313 2002 1328 2026; x_wconf 92' lang='lat'><strong>,</strong></span> <span class='ocrx_word' id='word_1_261' title='bbox 1367 1961 1582 2031; x_wconf 86' lang='lat' dir='ltr'><strong>ingens,</strong></span> <span class='ocrx_word' id='word_1_262' title='bbox 1626 1961 1959 2031; x_wconf 74' lang='lat' dir='ltr'><strong>quadrupes,</strong></span> 
     </span>
    </p>
   </div>
   <div class='ocr_carea' id='block_1_37' title="bbox 2063 1949 3655 2031">
    <p class='ocr_par' dir='ltr' id='par_1_37' title="bbox 2071 1949 3655 2029">
     <span class='ocr_line' id='line_1_37' title="bbox 2071 1949 3655 2029; baseline -0.004 -17"><span class='ocrx_word' id='word_1_263' title='bbox 2071 1959 2247 2029; x_wconf 82' lang='grc' dir='ltr'>στόμα</span> <span class='ocrx_word' id='word_1_264' title='bbox 2267 1959 2552 2028; x_wconf 75' lang='grc' dir='ltr'>διανοίγων</span> <span class='ocrx_word' id='word_1_265' title='bbox 2571 1960 2598 2011; x_wconf 98' lang='lat'><strong>6</strong></span> <span class='ocrx_word' id='word_1_266' title='bbox 2620 1958 2961 2029; x_wconf 78' lang='grc' dir='ltr'>κροκόδειλος</span> <span class='ocrx_word' id='word_1_267' title='bbox 2983 1949 3126 2011; x_wconf 73' lang='grc' dir='ltr'>οὕτω</span> <span class='ocrx_word' id='word_1_268' title='bbox 3150 1956 3420 2011; x_wconf 80' lang='grc' dir='ltr'>καθεύδει.</span> <span class='ocrx_word' id='word_1_269' title='bbox 3437 1956 3502 2008; x_wconf 81' lang='grc' dir='ltr'><strong>Ἦ</strong></span> <span class='ocrx_word' id='word_1_270' title='bbox 3523 1954 3655 2024; x_wconf 79' lang='grc' dir='ltr'>γοῦν</span> 
     </span>
    </p>
   </div>
   <div class='ocr_carea' id='block_1_38' title="bbox 380 2039 1959 2124">
    <p class='ocr_par' dir='ltr' id='par_1_38' title="bbox 380 2050 1959 2124">
     <span class='ocr_line' id='line_1_38' title="bbox 380 2050 1959 2124; baseline -0.001 -16"><span class='ocrx_word' id='word_1_271' title='bbox 380 2054 528 2109; x_wconf 88' lang='lat' dir='ltr'><strong>dorsi</strong></span> <span class='ocrx_word' id='word_1_272' title='bbox 558 2053 768 2124; x_wconf 87' lang='lat' dir='ltr'><strong>spinam</strong></span> <span class='ocrx_word' id='word_1_273' title='bbox 799 2054 1010 2123; x_wconf 83' lang='lat' dir='ltr'><strong>nigram</strong></span> <span class='ocrx_word' id='word_1_274' title='bbox 1044 2052 1278 2118; x_wconf 85' lang='lat' dir='ltr'><strong>habens,</strong></span> <span class='ocrx_word' id='word_1_275' title='bbox 1313 2052 1439 2108; x_wconf 91' lang='lat' dir='ltr'><strong>albo</strong></span> <span class='ocrx_word' id='word_1_276' title='bbox 1479 2061 1693 2118; x_wconf 90' lang='lat' dir='ltr'><strong>ventre,</strong></span> <span class='ocrx_word' id='word_1_277' title='bbox 1741 2050 1959 2107; x_wconf 73' lang='lat' dir='ltr'><strong>diducto</strong></span> 
     </span>
    </p>
   </div>
   <div class='ocr_carea' id='block_1_39' title="bbox 2063 2039 3652 2124">
    <p class='ocr_par' dir='ltr' id='par_1_39' title="bbox 2072 2039 3652 2120">
     <span class='ocr_line' id='line_1_39' title="bbox 2072 2039 3652 2120; baseline -0.003 -17"><span class='ocrx_word' id='word_1_278' title='bbox 2072 2051 2220 2120; x_wconf 78' lang='grc' dir='ltr'>ίδρὺς</span> <span class='ocrx_word' id='word_1_279' title='bbox 2255 2051 2657 2120; x_wconf 80' lang='grc' dir='ltr'>ὲγκυλισαμένη</span> <span class='ocrx_word' id='word_1_280' title='bbox 2692 2049 2846 2119; x_wconf 77' lang='grc' dir='ltr'>πηλῷ</span> <span class='ocrx_word' id='word_1_281' title='bbox 2879 2050 2972 2101; x_wconf 76' lang='grc' dir='ltr'>καὶ</span> <span class='ocrx_word' id='word_1_282' title='bbox 3003 2050 3090 2103; x_wconf 80' lang='grc' dir='ltr'>διὰ</span> <span class='ocrx_word' id='word_1_283' title='bbox 3121 2039 3217 2102; x_wconf 75' lang='grc' dir='ltr'>τοῦ</span> <span class='ocrx_word' id='word_1_284' title='bbox 3254 2049 3522 2117; x_wconf 83' lang='grc' dir='ltr'>στόματος</span> <span class='ocrx_word' id='word_1_285' title='bbox 3555 2049 3652 2098; x_wconf 81' lang='grc' dir='ltr'>αύ-</span> 
     </span>
    </p>
   </div>
   <div class='ocr_carea' id='block_1_40' title="bbox 379 2134 1959 2215">
    <p class='ocr_par' dir='ltr' id='par_1_40' title="bbox 379 2141 1959 2215">
     <span class='ocr_line' id='line_1_40' title="bbox 379 2141 1959 2215; baseline -0.004 -14"><span class='ocrx_word' id='word_1_286' title='bbox 379 2155 436 2201; x_wconf 89' lang='lat' dir='ltr'><strong>et</strong></span> <span class='ocrx_word' id='word_1_287' title='bbox 467 2145 638 2200; x_wconf 90' lang='lat' dir='ltr'><strong>hianti</strong></span> <span class='ocrx_word' id='word_1_288' title='bbox 697 2160 920 2215; x_wconf 87' lang='lat' dir='ltr'><strong>prorsus</strong></span> <span class='ocrx_word' id='word_1_289' title='bbox 969 2159 1065 2198; x_wconf 88' lang='lat' dir='ltr'><strong>ore</strong></span> <span class='ocrx_word' id='word_1_290' title='bbox 1103 2145 1171 2197; x_wconf 88' lang='lat' dir='ltr'><strong>ad</strong></span> <span class='ocrx_word' id='word_1_291' title='bbox 1220 2143 1484 2198; x_wconf 88' lang='lat' dir='ltr'><strong>humeros</strong></span> <span class='ocrx_word' id='word_1_292' title='bbox 1508 2158 1701 2213; x_wconf 91' lang='lat' dir='ltr'><strong>usque,</strong></span> <span class='ocrx_word' id='word_1_293' title='bbox 1756 2141 1959 2196; x_wconf 70' lang='lat' dir='ltr'><strong>maxilla</strong></span> 
     </span>
    </p>
   </div>
   <div class='ocr_carea' id='block_1_41' title="bbox 2063 2134 3653 2215">
    <p class='ocr_par' dir='ltr' id='par_1_41' title="bbox 2069 2134 3653 2214">
     <span class='ocr_line' id='line_1_41' title="bbox 2069 2134 3653 2214; baseline -0.004 -18"><span class='ocrx_word' id='word_1_294' title='bbox 2069 2141 2165 2196; x_wconf 84' lang='grc' dir='ltr'>τοῦ</span> <span class='ocrx_word' id='word_1_295' title='bbox 2191 2141 2328 2214; x_wconf 78' lang='grc' dir='ltr'>πρὸς</span> <span class='ocrx_word' id='word_1_296' title='bbox 2355 2143 2452 2213; x_wconf 80' lang='grc' dir='ltr'>τὴν</span> <span class='ocrx_word' id='word_1_297' title='bbox 2481 2142 2728 2213; x_wconf 76' lang='grc' dir='ltr'>γαστέρα</span> <span class='ocrx_word' id='word_1_298' title='bbox 2755 2143 3054 2212; x_wconf 78' lang='grc' dir='ltr'>χωρήσασα</span> <span class='ocrx_word' id='word_1_299' title='bbox 3081 2142 3177 2193; x_wconf 75' lang='grc' dir='ltr'>καὶ</span> <span class='ocrx_word' id='word_1_300' title='bbox 3200 2139 3401 2209; x_wconf 85' lang='grc' dir='ltr'>ταύτην</span> <span class='ocrx_word' id='word_1_301' title='bbox 3425 2134 3653 2211; x_wconf 49' lang='lat' dir='ltr'><strong>mappis:</strong></span> 
     </span>
    </p>
   </div>
   <div class='ocr_carea' id='block_1_42' title="bbox 382 2230 1959 2308">
    <p class='ocr_par' dir='ltr' id='par_1_42' title="bbox 382 2231 1959 2308">
     <span class='ocr_line' id='line_1_42' title="bbox 382 2231 1959 2308; baseline -0.006 -14"><span class='ocrx_word' id='word_1_302' title='bbox 382 2239 673 2308; x_wconf 86' lang='lat' dir='ltr'><strong>superiore</strong></span> <span class='ocrx_word' id='word_1_303' title='bbox 731 2236 969 2299; x_wconf 85' lang='lat' dir='ltr'><strong>mobili,</strong></span> <span class='ocrx_word' id='word_1_304' title='bbox 1026 2233 1203 2289; x_wconf 87' lang='lat' dir='ltr'><strong>cauda</strong></span> <span class='ocrx_word' id='word_1_305' title='bbox 1247 2233 1540 2304; x_wconf 80' lang='lat' dir='ltr'><strong>insigniter</strong></span> <span class='ocrx_word' id='word_1_306' title='bbox 1594 2247 1806 2302; x_wconf 86' lang='lat' dir='ltr'><strong>aspera.</strong></span> <span class='ocrx_word' id='word_1_307' title='bbox 1850 2231 1959 2287; x_wconf 83' lang='lat' dir='ltr'><strong>Nor</strong></span> 
     </span>
    </p>
   </div>
   <div class='ocr_carea' id='block_1_43' title="bbox 2063 2230 3652 2308">
    <p class='ocr_par' dir='ltr' id='par_1_43' title="bbox 2071 2230 3652 2305">
     <span class='ocr_line' id='line_1_43' title="bbox 2071 2230 3652 2305; baseline -0.003 -18"><span class='ocrx_word' id='word_1_308' title='bbox 2071 2233 2209 2301; x_wconf 81' lang='grc' dir='ltr'>ξασα</span> <span class='ocrx_word' id='word_1_309' title='bbox 2233 2233 2320 2286; x_wconf 81' lang='grc' dir='ltr'>διὰ</span> <span class='ocrx_word' id='word_1_310' title='bbox 2344 2233 2442 2302; x_wconf 74' lang='grc' dir='ltr'>τῆς</span> <span class='ocrx_word' id='word_1_311' title='bbox 2468 2234 2630 2304; x_wconf 76' lang='grc' dir='ltr'>ἕδρας</span> <span class='ocrx_word' id='word_1_312' title='bbox 2659 2233 2939 2305; x_wconf 73' lang='grc' dir='ltr'>ἐξέρχεται</span> <span class='ocrx_word' id='word_1_313' title='bbox 2955 2273 2970 2299; x_wconf 92' lang='grc'><strong>,</strong></span> <span class='ocrx_word' id='word_1_314' title='bbox 2999 2231 3189 2303; x_wconf 82' lang='grc' dir='ltr'>νεκρὸν</span> <span class='ocrx_word' id='word_1_315' title='bbox 3213 2231 3378 2285; x_wconf 75' lang='grc' dir='ltr'>αὐτὸν</span> <span class='ocrx_word' id='word_1_316' title='bbox 3401 2230 3652 2284; x_wconf 59' lang='grc' dir='ltr'>ἐντεῦθεν</span> 
     </span>
    </p>
   </div>
   <div class='ocr_carea' id='block_1_44' title="bbox 383 2325 1959 2398">
    <p class='ocr_par' dir='ltr' id='par_1_44' title="bbox 383 2325 1959 2398">
     <span class='ocr_line' id='line_1_44' title="bbox 383 2325 1959 2398; baseline -0.004 -14"><span class='ocrx_word' id='word_1_317' title='bbox 383 2347 508 2384; x_wconf 88' lang='lat' dir='ltr'><strong>raro</strong></span> <span class='ocrx_word' id='word_1_318' title='bbox 537 2331 606 2384; x_wconf 84' lang='lat' dir='ltr'><strong>ab</strong></span> <span class='ocrx_word' id='word_1_319' title='bbox 643 2330 867 2383; x_wconf 81' lang='lat' dir='ltr'><strong>animali</strong></span> <span class='ocrx_word' id='word_1_320' title='bbox 901 2327 1140 2398; x_wconf 83' lang='lat' dir='ltr'><strong>quodam</strong></span> <span class='ocrx_word' id='word_1_321' title='bbox 1172 2325 1527 2388; x_wconf 80' lang='lat' dir='ltr'><strong>interﬁcitur,</strong></span> <span class='ocrx_word' id='word_1_322' title='bbox 1558 2325 1702 2395; x_wconf 92' lang='lat' dir='ltr'><strong>quod</strong></span> <span class='ocrx_word' id='word_1_323' title='bbox 1758 2325 1959 2395; x_wconf 75' lang='lat' dir='ltr'><strong>hidrym</strong></span> 
     </span>
    </p>
   </div>
   <div class='ocr_carea' id='block_1_45' title="bbox 2063 2325 2577 2398">
    <p class='ocr_par' dir='ltr' id='par_1_45' title="bbox 2071 2326 2577 2395">
     <span class='ocr_line' id='line_1_45' title="bbox 2071 2326 2577 2395; baseline 0.002 -17"><span class='ocrx_word' id='word_1_324' title='bbox 2071 2326 2483 2395; x_wconf 72' lang='grc' dir='ltr'>καταλιμπάνω</span> <span class='ocrx_word' id='word_1_325' title='bbox 2492 2344 2577 2379; x_wconf 90' lang='grc' dir='ltr'>σα.</span> 
     </span>
    </p>
   </div>
   <div class='ocr_carea' id='block_1_46' title="bbox 380 2416 3648 2489">
    <p class='ocr_par' dir='ltr' id='par_1_46' title="bbox 380 2416 3648 2489">
     <span class='ocr_line' id='line_1_46' title="bbox 380 2416 3648 2489; baseline -0.002 -12"><span class='ocrx_word' id='word_1_326' title='bbox 380 2431 582 2478; x_wconf 85' lang='lat' dir='ltr'><strong>vocant</strong></span> <span class='ocrx_word' id='word_1_327' title='bbox 625 2431 682 2476; x_wconf 90' lang='lat' dir='ltr'><strong>et</strong></span> <span class='ocrx_word' id='word_1_328' title='bbox 726 2421 778 2474; x_wconf 89' lang='lat' dir='ltr'><strong>in</strong></span> <span class='ocrx_word' id='word_1_329' title='bbox 813 2420 1006 2475; x_wconf 88' lang='lat' dir='ltr'><strong>eodem</strong></span> <span class='ocrx_word' id='word_1_330' title='bbox 1047 2419 1214 2474; x_wconf 82' lang='lat' dir='ltr'><strong>lluvio</strong></span> <span class='ocrx_word' id='word_1_331' title='bbox 1253 2417 1400 2489; x_wconf 84' lang='lat' dir='ltr'><strong>degit</strong></span> <span class='ocrx_word' id='word_1_332' title='bbox 1428 2417 1691 2487; x_wconf 88' lang='lat' dir='ltr'><strong>canisque</strong></span> <span class='ocrx_word' id='word_1_333' title='bbox 1733 2417 1964 2471; x_wconf 80' lang='lat' dir='ltr'><strong>formam</strong></span> <span class='ocrx_word' id='word_1_334' title='bbox 2007 2427 2385 2488; x_wconf 69' lang='lat' dir='ltr'><strong>rcprtesentat.</strong></span> <span class='ocrx_word' id='word_1_335' title='bbox 2453 2419 2511 2474; x_wconf 85' lang='lat' dir='ltr'><strong>in</strong></span> <span class='ocrx_word' id='word_1_336' title='bbox 2580 2419 2726 2474; x_wconf 88' lang='lat' dir='ltr'><strong>hunc</strong></span> <span class='ocrx_word' id='word_1_337' title='bbox 2751 2428 2934 2474; x_wconf 85' lang='lat' dir='ltr'><strong>autent</strong></span> <span class='ocrx_word' id='word_1_338' title='bbox 2958 2417 3180 2473; x_wconf 91' lang='lat' dir='ltr'><strong>modum</strong></span> <span class='ocrx_word' id='word_1_339' title='bbox 3209 2416 3399 2489; x_wconf 84' lang='lat' dir='ltr'><strong>bidrys</strong></span> <span class='ocrx_word' id='word_1_340' title='bbox 3421 2417 3648 2474; x_wconf 68' lang='lat' dir='ltr'><strong>exitium</strong></span> 
     </span>
    </p>
   </div>
   <div class='ocr_carea' id='block_1_47' title="bbox 379 2511 3644 2588">
    <p class='ocr_par' dir='ltr' id='par_1_47' title="bbox 379 2511 3644 2588">
     <span class='ocr_line' id='line_1_47' title="bbox 379 2511 3644 2588; baseline -0.001 -16"><span class='ocrx_word' id='word_1_341' title='bbox 379 2517 662 2572; x_wconf 81' lang='lat' dir='ltr'><strong>crocodilo</strong></span> <span class='ocrx_word' id='word_1_342' title='bbox 724 2515 910 2572; x_wconf 70' lang='lat' dir='ltr'><strong>affert.</strong></span> <span class='ocrx_word' id='word_1_343' title='bbox 942 2513 1048 2570; x_wconf 90' lang='lat' dir='ltr'><strong>Ore</strong></span> <span class='ocrx_word' id='word_1_344' title='bbox 1117 2511 1281 2585; x_wconf 66' lang='grc'><strong>274</strong></span> <span class='ocrx_word' id='word_1_345' title='bbox 1338 2513 1649 2569; x_wconf 85' lang='lat' dir='ltr'><strong>crocodilus</strong></span> <span class='ocrx_word' id='word_1_346' title='bbox 1679 2522 1871 2583; x_wconf 84' lang='lat' dir='ltr'><strong>aperto</strong></span> <span class='ocrx_word' id='word_1_347' title='bbox 1929 2515 2215 2570; x_wconf 87' lang='lat' dir='ltr'><strong>consuevit</strong></span> <span class='ocrx_word' id='word_1_348' title='bbox 2276 2514 2540 2571; x_wconf 86' lang='lat' dir='ltr'><strong>dormire.</strong></span> <span class='ocrx_word' id='word_1_349' title='bbox 2593 2515 2960 2582; x_wconf 80' lang='lat' dir='ltr'><strong>Quamobrem</strong></span> <span class='ocrx_word' id='word_1_350' title='bbox 2997 2516 3186 2588; x_wconf 80' lang='lat' dir='ltr'><strong>bidrys</strong></span> <span class='ocrx_word' id='word_1_351' title='bbox 3229 2531 3300 2572; x_wconf 83' lang='lat' dir='ltr'><strong>eo</strong></span> <span class='ocrx_word' id='word_1_352' title='bbox 3347 2526 3644 2587; x_wconf 80' lang='lat' dir='ltr'><strong>conspecto</strong></span> 
     </span>
    </p>
   </div>
   <div class='ocr_carea' id='block_1_48' title="bbox 380 2609 3642 2684">
    <p class='ocr_par' dir='ltr' id='par_1_48' title="bbox 380 2609 3642 2684">
     <span class='ocr_line' id='line_1_48' title="bbox 380 2609 3642 2684; baseline -0.002 -13"><span class='ocrx_word' id='word_1_353' title='bbox 380 2618 438 2671; x_wconf 91' lang='lat' dir='ltr'><strong>in</strong></span> <span class='ocrx_word' id='word_1_354' title='bbox 467 2628 626 2670; x_wconf 65' lang='lat' dir='ltr'><strong>(aeno</strong></span> <span class='ocrx_word' id='word_1_355' title='bbox 653 2630 712 2668; x_wconf 89' lang='lat' dir='ltr'><strong>se</strong></span> <span class='ocrx_word' id='word_1_356' title='bbox 746 2613 973 2679; x_wconf 84' lang='lat' dir='ltr'><strong>volutat,</strong></span> <span class='ocrx_word' id='word_1_357' title='bbox 1007 2626 1073 2667; x_wconf 90' lang='lat' dir='ltr'><strong>ac</strong></span> <span class='ocrx_word' id='word_1_358' title='bbox 1131 2626 1229 2681; x_wconf 90' lang='lat' dir='ltr'><strong>per</strong></span> <span class='ocrx_word' id='word_1_359' title='bbox 1276 2625 1339 2666; x_wconf 89' lang='lat' dir='ltr'><strong>os</strong></span> <span class='ocrx_word' id='word_1_360' title='bbox 1377 2609 1638 2666; x_wconf 89' lang='lat' dir='ltr'><strong>crocodili</strong></span> <span class='ocrx_word' id='word_1_361' title='bbox 1674 2609 1742 2664; x_wconf 89' lang='lat' dir='ltr'><strong>ad</strong></span> <span class='ocrx_word' id='word_1_362' title='bbox 1781 2621 2029 2668; x_wconf 85' lang='lat' dir='ltr'><strong>ventrem</strong></span> <span class='ocrx_word' id='word_1_363' title='bbox 2075 2627 2245 2677; x_wconf 76' lang='lat' dir='ltr'><strong>usoue</strong></span> <span class='ocrx_word' id='word_1_364' title='bbox 2279 2628 2568 2684; x_wconf 82' lang='lat' dir='ltr'><strong>progressa</strong></span> <span class='ocrx_word' id='word_1_365' title='bbox 2617 2628 2716 2684; x_wconf 89' lang='lat' dir='ltr'><strong>per</strong></span> <span class='ocrx_word' id='word_1_366' title='bbox 2766 2629 2935 2669; x_wconf 86' lang='lat' dir='ltr'><strong>anum</strong></span> <span class='ocrx_word' id='word_1_367' title='bbox 2997 2614 3148 2684; x_wconf 70' lang='lat' dir='ltr'><strong>eius,</strong></span> <span class='ocrx_word' id='word_1_368' title='bbox 3204 2626 3366 2668; x_wconf 82' lang='lat' dir='ltr'><strong>eroso</strong></span> <span class='ocrx_word' id='word_1_369' title='bbox 3409 2619 3597 2667; x_wconf 80' lang='lat' dir='ltr'><strong>ventre</strong></span> <span class='ocrx_word' id='word_1_370' title='bbox 3625 2651 3642 2679; x_wconf 92' lang='lat'><strong>,</strong></span> 
     </span>
    </p>
   </div>
   <div class='ocr_carea' id='block_1_49' title="bbox 381 2704 1802 2775">
    <p class='ocr_par' dir='ltr' id='par_1_49' title="bbox 381 2704 1802 2775">
     <span class='ocr_line' id='line_1_49' title="bbox 381 2704 1802 2775; baseline -0.003 -12"><span class='ocrx_word' id='word_1_371' title='bbox 381 2722 575 2766; x_wconf 86' lang='lat' dir='ltr'><strong>rursus</strong></span> <span class='ocrx_word' id='word_1_372' title='bbox 604 2709 736 2773; x_wconf 77' lang='lat' dir='ltr'><strong>exit,</strong></span> <span class='ocrx_word' id='word_1_373' title='bbox 759 2716 816 2762; x_wconf 92' lang='lat' dir='ltr'><strong>et</strong></span> <span class='ocrx_word' id='word_1_374' title='bbox 845 2706 1184 2761; x_wconf 85' lang='lat' dir='ltr'><strong>crocodilum</strong></span> <span class='ocrx_word' id='word_1_375' title='bbox 1207 2714 1487 2760; x_wconf 90' lang='lat' dir='ltr'><strong>mortuum</strong></span> <span class='ocrx_word' id='word_1_376' title='bbox 1521 2704 1802 2775; x_wconf 86' lang='lat' dir='ltr'><strong>relinquit.</strong></span> 
     </span>
    </p>
   </div>
   <div class='ocr_carea' id='block_1_50' title="bbox 450 2801 1962 2872">
    <p class='ocr_par' dir='ltr' id='par_1_50' title="bbox 450 2801 1962 2872">
     <span class='ocr_line' id='line_1_50' title="bbox 450 2801 1962 2872; baseline -0.004 -12"><span class='ocrx_word' id='word_1_377' title='bbox 450 2806 722 2860; x_wconf 71' lang='lat' dir='ltr'><strong>Caeterum</strong></span> <span class='ocrx_word' id='word_1_378' title='bbox 770 2801 1068 2858; x_wconf 82' lang='lat' dir='ltr'><strong>Mauricius</strong></span> <span class='ocrx_word' id='word_1_379' title='bbox 1120 2801 1210 2856; x_wconf 89' lang='lat' dir='ltr'><strong>hic</strong></span> <span class='ocrx_word' id='word_1_380' title='bbox 1260 2803 1559 2872; x_wconf 79' lang='lat' dir='ltr'><strong>imperator</strong></span> <span class='ocrx_word' id='word_1_381' title='bbox 1607 2801 1849 2856; x_wconf 90' lang='lat' dir='ltr'><strong>instituit</strong></span> <span class='ocrx_word' id='word_1_382' title='bbox 1900 2813 1962 2855; x_wconf 85' lang='lat' dir='ltr'><strong>ut</strong></span> 
     </span>
    </p>
   </div>
   <div class='ocr_carea' id='block_1_51' title="bbox 383 2888 1961 2964">
    <p class='ocr_par' dir='ltr' id='par_1_51' title="bbox 383 2888 1961 2964">
     <span class='ocr_line' id='line_1_51' title="bbox 383 2888 1961 2964; baseline -0.003 -14"><span class='ocrx_word' id='word_1_383' title='bbox 383 2895 473 2958; x_wconf 85' lang='lat' dir='ltr'><strong>die</strong></span> <span class='ocrx_word' id='word_1_384' title='bbox 496 2891 912 2964; x_wconf 70' lang='lat' dir='ltr'><strong>praeparationis</strong></span> <span class='ocrx_word' id='word_1_385' title='bbox 932 2888 1367 2961; x_wconf 83' lang='lat' dir='ltr'><strong>supplicationes</strong></span> <span class='ocrx_word' id='word_1_386' title='bbox 1399 2889 1452 2943; x_wconf 92' lang='lat' dir='ltr'><strong>in</strong></span> <span class='ocrx_word' id='word_1_387' title='bbox 1480 2889 1801 2944; x_wconf 86' lang='lat' dir='ltr'><strong>Blachernis</strong></span> <span class='ocrx_word' id='word_1_388' title='bbox 1829 2891 1961 2945; x_wconf 80' lang='lat' dir='ltr'><strong>ﬁant</strong></span> 
     </span>
    </p>
   </div>
   <div class='ocr_carea' id='block_1_52' title="bbox 380 2980 1962 3053">
    <p class='ocr_par' dir='ltr' id='par_1_52' title="bbox 380 2980 1962 3053">
     <span class='ocr_line' id='line_1_52' title="bbox 380 2980 1962 3053; baseline -0.004 -12"><span class='ocrx_word' id='word_1_389' title='bbox 380 2999 437 3041; x_wconf 82' lang='lat' dir='ltr'><strong>et</strong></span> <span class='ocrx_word' id='word_1_390' title='bbox 466 2986 534 3040; x_wconf 89' lang='lat' dir='ltr'><strong>ad</strong></span> <span class='ocrx_word' id='word_1_391' title='bbox 557 2984 955 3053; x_wconf 87' lang='lat' dir='ltr'><strong>Chalcopratea</strong></span> <span class='ocrx_word' id='word_1_392' title='bbox 979 2996 1150 3051; x_wconf 85' lang='lat' dir='ltr'><strong>usque</strong></span> <span class='ocrx_word' id='word_1_393' title='bbox 1181 2981 1533 3051; x_wconf 86' lang='lat' dir='ltr'><strong>procedatur.</strong></span> <span class='ocrx_word' id='word_1_394' title='bbox 1563 2980 1778 3036; x_wconf 86' lang='lat' dir='ltr'><strong>Accidit</strong></span> <span class='ocrx_word' id='word_1_395' title='bbox 1807 2981 1962 3036; x_wconf 84' lang='lat' dir='ltr'><strong>dein-</strong></span> 
     </span>
    </p>
   </div>
   <div class='ocr_carea' id='block_1_53' title="bbox 384 3072 1962 3147">
    <p class='ocr_par' dir='ltr' id='par_1_53' title="bbox 384 3072 1962 3147">
     <span class='ocr_line' id='line_1_53' title="bbox 384 3072 1962 3147; baseline -0.001 -16"><span class='ocrx_word' id='word_1_396' title='bbox 384 3093 515 3147; x_wconf 85' lang='lat' dir='ltr'><strong>ccps</strong></span> <span class='ocrx_word' id='word_1_397' title='bbox 547 3087 604 3130; x_wconf 92' lang='lat' dir='ltr'><strong>ut</strong></span> <span class='ocrx_word' id='word_1_398' title='bbox 637 3077 744 3130; x_wconf 77' lang='lat' dir='ltr'><strong>dux</strong></span> <span class='ocrx_word' id='word_1_399' title='bbox 790 3073 1039 3129; x_wconf 81' lang='lat' dir='ltr'><strong>Mauricii</strong></span> <span class='ocrx_word' id='word_1_400' title='bbox 1073 3073 1292 3142; x_wconf 86' lang='lat' dir='ltr'><strong>quidam</strong></span> <span class='ocrx_word' id='word_1_401' title='bbox 1319 3085 1496 3128; x_wconf 87' lang='lat' dir='ltr'><strong>castra</strong></span> <span class='ocrx_word' id='word_1_402' title='bbox 1528 3072 1772 3129; x_wconf 76' lang='lat' dir='ltr'><strong>Romana</strong></span> <span class='ocrx_word' id='word_1_403' title='bbox 1800 3074 1962 3130; x_wconf 81' lang='lat' dir='ltr'><strong>fossis</strong></span> 
     </span>
    </p>
   </div>
   <div class='ocr_carea' id='block_1_54' title="bbox 379 3165 1962 3235">
    <p class='ocr_par' dir='ltr' id='par_1_54' title="bbox 379 3165 1962 3235">
     <span class='ocr_line' id='line_1_54' title="bbox 379 3165 1962 3235; baseline -0.001 -12"><span class='ocrx_word' id='word_1_404' title='bbox 379 3170 593 3223; x_wconf 84' lang='lat' dir='ltr'><strong>munita</strong></span> <span class='ocrx_word' id='word_1_405' title='bbox 618 3167 874 3221; x_wconf 85' lang='lat' dir='ltr'><strong>Barbaris</strong></span> <span class='ocrx_word' id='word_1_406' title='bbox 903 3165 1182 3235; x_wconf 86' lang='lat' dir='ltr'><strong>proderet,</strong></span> <span class='ocrx_word' id='word_1_407' title='bbox 1215 3165 1268 3218; x_wconf 91' lang='lat' dir='ltr'><strong>in</strong></span> <span class='ocrx_word' id='word_1_408' title='bbox 1309 3165 1512 3235; x_wconf 86' lang='lat' dir='ltr'><strong>quibus</strong></span> <span class='ocrx_word' id='word_1_409' title='bbox 1535 3175 1693 3221; x_wconf 84' lang='lat' dir='ltr'><strong>erant</strong></span> <span class='ocrx_word' id='word_1_410' title='bbox 1715 3165 1781 3219; x_wconf 89' lang='lat' dir='ltr'><strong>ad</strong></span> <span class='ocrx_word' id='word_1_411' title='bbox 1816 3165 1962 3221; x_wconf 84' lang='lat' dir='ltr'><strong>duo-</strong></span> 
     </span>
    </p>
   </div>
   <div class='ocr_carea' id='block_1_55' title="bbox 380 3257 1966 3339">
    <p class='ocr_par' dir='ltr' id='par_1_55' title="bbox 380 3257 1966 3339">
     <span class='ocr_line' id='line_1_55' title="bbox 380 3257 1966 3339; baseline -0.002 -24"><span class='ocrx_word' id='word_1_412' title='bbox 380 3261 561 3315; x_wconf 90' lang='lat' dir='ltr'><strong>decim</strong></span> <span class='ocrx_word' id='word_1_413' title='bbox 606 3259 779 3314; x_wconf 84' lang='lat' dir='ltr'><strong>millia</strong></span> <span class='ocrx_word' id='word_1_414' title='bbox 819 3257 1096 3323; x_wconf 89' lang='lat' dir='ltr'><strong>militum,</strong></span> <span class='ocrx_word' id='word_1_415' title='bbox 1148 3257 1243 3325; x_wconf 93' lang='lat' dir='ltr'><strong>qui</strong></span> <span class='ocrx_word' id='word_1_416' title='bbox 1293 3270 1584 3328; x_wconf 88' lang='lat' dir='ltr'><strong>propterea</strong></span> <span class='ocrx_word' id='word_1_417' title='bbox 1631 3259 1713 3313; x_wconf 85' lang='lat' dir='ltr'><strong>sic</strong></span> <span class='ocrx_word' id='word_1_418' title='bbox 1764 3259 1966 3339; x_wconf 68' lang='lat' dir='ltr'><strong>inulta-</strong></span> 
     </span>
    </p>
   </div>
   <div class='ocr_carea' id='block_1_56' title="bbox 385 3349 1960 3423">
    <p class='ocr_par' dir='ltr' id='par_1_56' title="bbox 385 3349 1960 3423">
     <span class='ocr_line' id='line_1_56' title="bbox 385 3349 1960 3423; baseline -0.003 -15"><span class='ocrx_word' id='word_1_419' title='bbox 385 3353 594 3408; x_wconf 86' lang='lat' dir='ltr'><strong>bantur</strong></span> <span class='ocrx_word' id='word_1_420' title='bbox 649 3353 794 3423; x_wconf 88' lang='lat' dir='ltr'><strong>quod</strong></span> <span class='ocrx_word' id='word_1_421' title='bbox 825 3351 1150 3408; x_wconf 84' lang='lat' dir='ltr'><strong>seditionem</strong></span> <span class='ocrx_word' id='word_1_422' title='bbox 1183 3351 1572 3410; x_wconf 87' lang='lat' dir='ltr'><strong>concitassent.</strong></span> <span class='ocrx_word' id='word_1_423' title='bbox 1611 3349 1748 3408; x_wconf 85' lang='lat' dir='ltr'><strong>Cum</strong></span> <span class='ocrx_word' id='word_1_424' title='bbox 1775 3360 1960 3406; x_wconf 86' lang='lat' dir='ltr'><strong>autem</strong></span> 
     </span>
    </p>
   </div>
   <div class='ocr_carea' id='block_1_57' title="bbox 381 3443 1962 3516">
    <p class='ocr_par' dir='ltr' id='par_1_57' title="bbox 381 3443 1962 3516">
     <span class='ocr_line' id='line_1_57' title="bbox 381 3443 1962 3516; baseline -0.003 -16"><span class='ocrx_word' id='word_1_425' title='bbox 381 3445 683 3515; x_wconf 88' lang='lat' dir='ltr'><strong>postularet</strong></span> <span class='ocrx_word' id='word_1_426' title='bbox 710 3460 741 3498; x_wconf 91' lang='lat' dir='ltr'><strong>a</strong></span> <span class='ocrx_word' id='word_1_427' title='bbox 759 3444 1019 3500; x_wconf 80' lang='lat' dir='ltr'><strong>Mauricio</strong></span> <span class='ocrx_word' id='word_1_428' title='bbox 1039 3444 1347 3516; x_wconf 83' lang='lat' dir='ltr'><strong>Chaganus,</strong></span> <span class='ocrx_word' id='word_1_429' title='bbox 1367 3443 1695 3516; x_wconf 85' lang='lat' dir='ltr'><strong>Scytharum</strong></span> <span class='ocrx_word' id='word_1_430' title='bbox 1721 3452 1962 3512; x_wconf 87' lang='lat' dir='ltr'><strong>septem-</strong></span> 
     </span>
    </p>
   </div>
   <div class='ocr_carea' id='block_1_58' title="bbox 380 3527 1960 3609">
    <p class='ocr_par' dir='ltr' id='par_1_58' title="bbox 380 3527 1960 3609">
     <span class='ocr_line' id='line_1_58' title="bbox 380 3527 1960 3609; baseline -0.001 -18"><span class='ocrx_word' id='word_1_431' title='bbox 380 3537 693 3592; x_wconf 89' lang='lat' dir='ltr'><strong>trionalium</strong></span> <span class='ocrx_word' id='word_1_432' title='bbox 729 3552 841 3600; x_wconf 81' lang='lat' dir='ltr'><strong>rex,</strong></span> <span class='ocrx_word' id='word_1_433' title='bbox 873 3527 934 3592; x_wconf 81' lang='lat' dir='ltr'><strong>ut</strong></span> <span class='ocrx_word' id='word_1_434' title='bbox 966 3553 1064 3607; x_wconf 91' lang='lat' dir='ltr'><strong>pro</strong></span> <span class='ocrx_word' id='word_1_435' title='bbox 1089 3537 1321 3609; x_wconf 81' lang='lat' dir='ltr'><strong>singulis</strong></span> <span class='ocrx_word' id='word_1_436' title='bbox 1344 3536 1684 3592; x_wconf 85' lang='lat' dir='ltr'><strong>redimendis</strong></span> <span class='ocrx_word' id='word_1_437' title='bbox 1705 3551 1773 3591; x_wconf 83' lang='lat' dir='ltr'><strong>ex</strong></span> <span class='ocrx_word' id='word_1_438' title='bbox 1801 3549 1960 3604; x_wconf 57' lang='lat' dir='ltr'><strong>atque</strong></span> 
     </span>
    </p>
   </div>
   <div class='ocr_carea' id='block_1_59' title="bbox 381 3628 1962 3699">
    <p class='ocr_par' dir='ltr' id='par_1_59' title="bbox 381 3628 1962 3699">
     <span class='ocr_line' id='line_1_59' title="bbox 381 3628 1962 3699; baseline -0.002 -17"><span class='ocrx_word' id='word_1_439' title='bbox 381 3628 672 3683; x_wconf 84' lang='lat' dir='ltr'><strong>dimidium</strong></span> <span class='ocrx_word' id='word_1_440' title='bbox 701 3644 929 3683; x_wconf 81' lang='lat' dir='ltr'><strong>aureum</strong></span> <span class='ocrx_word' id='word_1_441' title='bbox 961 3629 1250 3699; x_wconf 86' lang='lat' dir='ltr'><strong>penderet.</strong></span> <span class='ocrx_word' id='word_1_442' title='bbox 1276 3641 1336 3683; x_wconf 92' lang='lat' dir='ltr'><strong>ut</strong></span> <span class='ocrx_word' id='word_1_443' title='bbox 1378 3628 1485 3683; x_wconf 89' lang='lat' dir='ltr'><strong>hoc</strong></span> <span class='ocrx_word' id='word_1_444' title='bbox 1511 3634 1794 3698; x_wconf 66' lang='lat' dir='ltr'><strong>praestaret</strong></span> <span class='ocrx_word' id='word_1_445' title='bbox 1837 3642 1962 3694; x_wconf 90' lang='lat' dir='ltr'><strong>per-</strong></span> 
     </span>
    </p>
   </div>
   <div class='ocr_carea' id='block_1_60' title="bbox 380 3718 1958 3798">
    <p class='ocr_par' dir='ltr' id='par_1_60' title="bbox 380 3718 1958 3798">
     <span class='ocr_line' id='line_1_60' title="bbox 380 3718 1958 3798; baseline -0.002 -22"><span class='ocrx_word' id='word_1_446' title='bbox 380 3720 600 3776; x_wconf 78' lang='lat' dir='ltr'><strong>suaderi</strong></span> <span class='ocrx_word' id='word_1_447' title='bbox 638 3737 745 3774; x_wconf 91' lang='lat' dir='ltr'><strong>non</strong></span> <span class='ocrx_word' id='word_1_448' title='bbox 782 3719 982 3790; x_wconf 77' lang='lat' dir='ltr'><strong>patuit.</strong></span> <span class='ocrx_word' id='word_1_449' title='bbox 1023 3720 1371 3798; x_wconf 80' lang='lat' dir='ltr'><strong>Quapropter</strong></span> <span class='ocrx_word' id='word_1_450' title='bbox 1417 3734 1664 3774; x_wconf 86' lang='lat' dir='ltr'><strong>omnesa</strong></span> <span class='ocrx_word' id='word_1_451' title='bbox 1702 3718 1958 3774; x_wconf 88' lang='lat' dir='ltr'><strong>Barbaris</strong></span> 
     </span>
    </p>
   </div>
   <div class='ocr_carea' id='block_1_61' title="bbox 379 3811 1959 3881">
    <p class='ocr_par' dir='ltr' id='par_1_61' title="bbox 379 3811 1959 3881">
     <span class='ocr_line' id='line_1_61' title="bbox 379 3811 1959 3881; baseline -0.001 -14"><span class='ocrx_word' id='word_1_452' title='bbox 379 3824 506 3867; x_wconf 90' lang='lat' dir='ltr'><strong>sunt</strong></span> <span class='ocrx_word' id='word_1_453' title='bbox 539 3811 836 3866; x_wconf 82' lang='lat' dir='ltr'><strong>interfecti.</strong></span> <span class='ocrx_word' id='word_1_454' title='bbox 873 3811 1011 3866; x_wconf 90' lang='lat' dir='ltr'><strong>Tum</strong></span> <span class='ocrx_word' id='word_1_455' title='bbox 1043 3829 1173 3868; x_wconf 87' lang='lat' dir='ltr'><strong>vero</strong></span> <span class='ocrx_word' id='word_1_456' title='bbox 1216 3812 1482 3868; x_wconf 82' lang='lat' dir='ltr'><strong>delictum</strong></span> <span class='ocrx_word' id='word_1_457' title='bbox 1531 3825 1690 3865; x_wconf 81' lang='lat' dir='ltr'><strong>suum</strong></span> <span class='ocrx_word' id='word_1_458' title='bbox 1724 3811 1959 3881; x_wconf 88' lang='lat' dir='ltr'><strong>impera-</strong></span> 
     </span>
    </p>
   </div>
   <div class='ocr_carea' id='block_1_62' title="bbox 380 3898 1957 3970">
    <p class='ocr_par' dir='ltr' id='par_1_62' title="bbox 380 3898 1957 3970">
     <span class='ocr_line' id='line_1_62' title="bbox 380 3898 1957 3970; baseline 0.003 -18"><span class='ocrx_word' id='word_1_459' title='bbox 380 3907 466 3953; x_wconf 88' lang='lat' dir='ltr'><strong>tor</strong></span> <span class='ocrx_word' id='word_1_460' title='bbox 512 3913 830 3968; x_wconf 79' lang='lat' dir='ltr'><strong>agnoscere,</strong></span> <span class='ocrx_word' id='word_1_461' title='bbox 867 3899 1239 3970; x_wconf 70' lang='lat' dir='ltr'><strong>solitariazqne</strong></span> <span class='ocrx_word' id='word_1_462' title='bbox 1288 3900 1413 3954; x_wconf 68' lang='lat' dir='ltr'><strong>vitae</strong></span> <span class='ocrx_word' id='word_1_463' title='bbox 1441 3898 1660 3955; x_wconf 88' lang='lat' dir='ltr'><strong>deditos</strong></span> <span class='ocrx_word' id='word_1_464' title='bbox 1697 3901 1957 3956; x_wconf 89' lang='lat' dir='ltr'><strong>omnibus</strong></span> 
     </span>
    </p>
   </div>
   <div class='ocr_carea' id='block_1_63' title="bbox 381 3988 1956 4061">
    <p class='ocr_par' dir='ltr' id='par_1_63' title="bbox 381 3988 1956 4061">
     <span class='ocr_line' id='line_1_63' title="bbox 381 3988 1956 4061; baseline 0.003 -19"><span class='ocrx_word' id='word_1_465' title='bbox 381 3988 438 4042; x_wconf 88' lang='lat' dir='ltr'><strong>in</strong></span> <span class='ocrx_word' id='word_1_466' title='bbox 471 3988 606 4043; x_wconf 88' lang='lat' dir='ltr'><strong>locis</strong></span> <span class='ocrx_word' id='word_1_467' title='bbox 639 4005 800 4043; x_wconf 82' lang='lat' dir='ltr'><strong>orare</strong></span> <span class='ocrx_word' id='word_1_468' title='bbox 833 3997 889 4041; x_wconf 93' lang='lat' dir='ltr'><strong>ut</strong></span> <span class='ocrx_word' id='word_1_469' title='bbox 923 3990 1043 4060; x_wconf 82' lang='lat' dir='ltr'><strong>ejus</strong></span> <span class='ocrx_word' id='word_1_470' title='bbox 1076 3990 1290 4044; x_wconf 85' lang='lat' dir='ltr'><strong>veniam</strong></span> <span class='ocrx_word' id='word_1_471' title='bbox 1325 3988 1432 4044; x_wconf 90' lang='lat' dir='ltr'><strong>sibi</strong></span> <span class='ocrx_word' id='word_1_472' title='bbox 1483 3991 1738 4058; x_wconf 89' lang='lat' dir='ltr'><strong>precibus</strong></span> <span class='ocrx_word' id='word_1_473' title='bbox 1784 3994 1956 4061; x_wconf 84' lang='lat' dir='ltr'><strong>impe-</strong></span> 
     </span>
    </p>
   </div>
   <div class='ocr_carea' id='block_1_64' title="bbox 384 4078 1956 4151">
    <p class='ocr_par' dir='ltr' id='par_1_64' title="bbox 384 4078 1956 4151">
     <span class='ocr_line' id='line_1_64' title="bbox 384 4078 1956 4151; baseline 0.003 -20"><span class='ocrx_word' id='word_1_474' title='bbox 384 4085 616 4132; x_wconf 91' lang='lat' dir='ltr'><strong>trarent.</strong></span> <span class='ocrx_word' id='word_1_475' title='bbox 672 4078 986 4134; x_wconf 88' lang='lat' dir='ltr'><strong>Secundum</strong></span> <span class='ocrx_word' id='word_1_476' title='bbox 1017 4079 1134 4134; x_wconf 66' lang='lat' dir='ltr'><strong>haec</strong></span> <span class='ocrx_word' id='word_1_477' title='bbox 1164 4079 1409 4148; x_wconf 78' lang='lat' dir='ltr'><strong>profecto</strong></span> <span class='ocrx_word' id='word_1_478' title='bbox 1459 4080 1525 4135; x_wconf 85' lang='lat' dir='ltr'><strong>ad</strong></span> <span class='ocrx_word' id='word_1_479' title='bbox 1576 4081 1751 4149; x_wconf 89' lang='lat' dir='ltr'><strong>ipsum</strong></span> <span class='ocrx_word' id='word_1_480' title='bbox 1793 4081 1956 4151; x_wconf 83' lang='lat' dir='ltr'><strong>Magi-</strong></span> 
     </span>
    </p>
   </div>
   <div class='ocr_carea' id='block_1_65' title="bbox 379 4163 1953 4242">
    <p class='ocr_par' dir='ltr' id='par_1_65' title="bbox 379 4163 1953 4242">
     <span class='ocr_line' id='line_1_65' title="bbox 379 4163 1953 4242; baseline 0.002 -19"><span class='ocrx_word' id='word_1_481' title='bbox 379 4169 628 4236; x_wconf 88' lang='lat' dir='ltr'><strong>striauo,</strong></span> <span class='ocrx_word' id='word_1_482' title='bbox 684 4170 752 4225; x_wconf 92' lang='lat' dir='ltr'><strong>de</strong></span> <span class='ocrx_word' id='word_1_483' title='bbox 808 4171 955 4226; x_wconf 90' lang='lat' dir='ltr'><strong>illius</strong></span> <span class='ocrx_word' id='word_1_484' title='bbox 993 4163 1338 4224; x_wconf 53' lang='lat' dir='ltr'><strong>&#39;indicatione</strong></span> <span class='ocrx_word' id='word_1_485' title='bbox 1387 4172 1669 4242; x_wconf 81' lang='lat' dir='ltr'><strong>cognoscit</strong></span> <span class='ocrx_word' id='word_1_486' title='bbox 1717 4172 1953 4228; x_wconf 84' lang='lat' dir='ltr'><strong>animam</strong></span> 
     </span>
    </p>
   </div>
   <div class='ocr_carea' id='block_1_66' title="bbox 378 4261 1953 4333">
    <p class='ocr_par' dir='ltr' id='par_1_66' title="bbox 378 4261 1953 4333">
     <span class='ocr_line' id='line_1_66' title="bbox 378 4261 1953 4333; baseline 0.001 -19"><span class='ocrx_word' id='word_1_487' title='bbox 378 4261 598 4330; x_wconf 89' lang='lat' dir='ltr'><strong>quidem</strong></span> <span class='ocrx_word' id='word_1_488' title='bbox 634 4262 866 4317; x_wconf 87' lang='lat' dir='ltr'><strong>salutem</strong></span> <span class='ocrx_word' id='word_1_489' title='bbox 912 4270 1354 4328; x_wconf 88' lang='lat' dir='ltr'><strong>consecuturam,</strong></span> <span class='ocrx_word' id='word_1_490' title='bbox 1405 4263 1501 4317; x_wconf 88' lang='lat' dir='ltr'><strong>sed</strong></span> <span class='ocrx_word' id='word_1_491' title='bbox 1535 4265 1708 4333; x_wconf 86' lang='lat' dir='ltr'><strong>ipsum</strong></span> <span class='ocrx_word' id='word_1_492' title='bbox 1760 4279 1953 4331; x_wconf 87' lang='lat' dir='ltr'><strong>magna</strong></span> 
     </span>
    </p>
   </div>
   <div class='ocr_carea' id='block_1_67' title="bbox 378 4353 1946 4424">
    <p class='ocr_par' dir='ltr' id='par_1_67' title="bbox 378 4353 1946 4424">
     <span class='ocr_line' id='line_1_67' title="bbox 378 4353 1946 4424; baseline -0.001 -15"><span class='ocrx_word' id='word_1_493' title='bbox 378 4371 500 4411; x_wconf 92' lang='lat' dir='ltr'><strong>cum</strong></span> <span class='ocrx_word' id='word_1_494' title='bbox 532 4370 771 4410; x_wconf 67' lang='lat' dir='ltr'><strong>aerumna</strong></span> <span class='ocrx_word' id='word_1_495' title='bbox 800 4363 856 4409; x_wconf 88' lang='lat' dir='ltr'><strong>et</strong></span> <span class='ocrx_word' id='word_1_496' title='bbox 909 4354 1206 4408; x_wconf 86' lang='lat' dir='ltr'><strong>alllictione</strong></span> <span class='ocrx_word' id='word_1_497' title='bbox 1265 4353 1559 4424; x_wconf 87' lang='lat' dir='ltr'><strong>imperium</strong></span> <span class='ocrx_word' id='word_1_498' title='bbox 1596 4356 1946 4409; x_wconf 83' lang='lat' dir='ltr'><strong>amissurum.</strong></span> 
     </span>
    </p>
   </div>
   <div class='ocr_carea' id='block_1_68' title="bbox 2136 2791 3644 2874">
    <p class='ocr_par' dir='ltr' id='par_1_68' title="bbox 2136 2791 3644 2874">
     <span class='ocr_line' id='line_1_68' title="bbox 2136 2791 3644 2874; baseline 0.003 -21"><span class='ocrx_word' id='word_1_499' title='bbox 2136 2791 2304 2862; x_wconf 71' lang='grc' dir='ltr'>Οὗτος</span> <span class='ocrx_word' id='word_1_500' title='bbox 2342 2799 2370 2852; x_wconf 90' lang='grc' dir='ltr'><em>ὀ</em></span> <span class='ocrx_word' id='word_1_501' title='bbox 2403 2799 2706 2870; x_wconf 81' lang='grc' dir='ltr'>Μαυρίκιος</span> <span class='ocrx_word' id='word_1_502' title='bbox 2741 2799 3022 2867; x_wconf 68' lang='grc' dir='ltr'>δςετάξατο</span> <span class='ocrx_word' id='word_1_503' title='bbox 3055 2799 3152 2872; x_wconf 74' lang='grc' dir='ltr'>τὴν</span> <span class='ocrx_word' id='word_1_504' title='bbox 3184 2799 3644 2874; x_wconf 74' lang='grc' dir='ltr'>Βλαχερνίτισσαν</span> 
     </span>
    </p>
   </div>
   <div class='ocr_carea' id='block_1_69' title="bbox 2065 2891 3644 2969">
    <p class='ocr_par' dir='ltr' id='par_1_69' title="bbox 2065 2891 3644 2969">
     <span class='ocr_line' id='line_1_69' title="bbox 2065 2891 3644 2969; baseline 0.003 -26"><span class='ocrx_word' id='word_1_505' title='bbox 2065 2891 2369 2945; x_wconf 73' lang='grc' dir='ltr'>λιτανεύειν</span> <span class='ocrx_word' id='word_1_506' title='bbox 2401 2892 2544 2946; x_wconf 72' lang='grc' dir='ltr'>κατὰ</span> <span class='ocrx_word' id='word_1_507' title='bbox 2576 2893 2945 2964; x_wconf 77' lang='grc' dir='ltr'>Παρασκευὴν</span> <span class='ocrx_word' id='word_1_508' title='bbox 2981 2895 3072 2946; x_wconf 78' lang='grc' dir='ltr'>καὶ</span> <span class='ocrx_word' id='word_1_509' title='bbox 3107 2895 3186 2958; x_wconf 73' lang='grc' dir='ltr'>εἰς</span> <span class='ocrx_word' id='word_1_510' title='bbox 3216 2895 3286 2948; x_wconf 80' lang='grc' dir='ltr'><strong>τά</strong></span> <span class='ocrx_word' id='word_1_511' title='bbox 3318 2893 3644 2969; x_wconf 78' lang='grc' dir='ltr'>Χαλκοπρα-</span> 
     </span>
    </p>
   </div>
   <div class='ocr_carea' id='block_1_70' title="bbox 2066 2985 3643 3061">
    <p class='ocr_par' dir='ltr' id='par_1_70' title="bbox 2066 2985 3643 3061">
     <span class='ocr_line' id='line_1_70' title="bbox 2066 2985 3643 3061; baseline 0.002 -22"><span class='ocrx_word' id='word_1_512' title='bbox 2066 2989 2187 3039; x_wconf 80' lang='grc' dir='ltr'>τεῖα</span> <span class='ocrx_word' id='word_1_513' title='bbox 2225 2985 2508 3055; x_wconf 72' lang='grc' dir='ltr'>ἔρχεσθαι.</span> <span class='ocrx_word' id='word_1_514' title='bbox 2543 2986 2605 3038; x_wconf 87' lang='lat'><strong>&#39;0</strong></span> <span class='ocrx_word' id='word_1_515' title='bbox 2637 2985 2732 3038; x_wconf 80' lang='grc' dir='ltr'>τοῦ</span> <span class='ocrx_word' id='word_1_516' title='bbox 2773 2987 3086 3056; x_wconf 84' lang='grc' dir='ltr'>Μαυρικίου</span> <span class='ocrx_word' id='word_1_517' title='bbox 3128 2990 3432 3060; x_wconf 80' lang='grc' dir='ltr'>στρατηγὸς</span> <span class='ocrx_word' id='word_1_518' title='bbox 3471 2991 3643 3061; x_wconf 75' lang='grc' dir='ltr'>παρί-</span> 
     </span>
    </p>
   </div>
   <div class='ocr_carea' id='block_1_71' title="bbox 2065 3077 3642 3153">
    <p class='ocr_par' dir='ltr' id='par_1_71' title="bbox 2065 3077 3642 3153">
     <span class='ocr_line' id='line_1_71' title="bbox 2065 3077 3642 3153; baseline 0.003 -23"><span class='ocrx_word' id='word_1_519' title='bbox 2065 3077 2207 3131; x_wconf 86' lang='grc' dir='ltr'>δωκε</span> <span class='ocrx_word' id='word_1_520' title='bbox 2237 3077 2298 3130; x_wconf 82' lang='grc' dir='ltr'>τὸ</span> <span class='ocrx_word' id='word_1_521' title='bbox 2329 3078 2636 3146; x_wconf 73' lang='grc' dir='ltr'>Ῥωμαϊκὸν</span> <span class='ocrx_word' id='word_1_522' title='bbox 2666 3080 2935 3147; x_wconf 82' lang='grc' dir='ltr'>φοσσάτον</span> <span class='ocrx_word' id='word_1_523' title='bbox 2964 3081 3077 3144; x_wconf 80' lang='grc' dir='ltr'>τοῖς</span> <span class='ocrx_word' id='word_1_524' title='bbox 3107 3081 3405 3153; x_wconf 76' lang='grc' dir='ltr'>βαρϐάροις</span> <span class='ocrx_word' id='word_1_525' title='bbox 3431 3081 3520 3136; x_wconf 79' lang='grc' dir='ltr'>διὰ</span> <span class='ocrx_word' id='word_1_526' title='bbox 3544 3081 3642 3153; x_wconf 78' lang='grc' dir='ltr'>τὴν</span> 
     </span>
    </p>
   </div>
   <div class='ocr_carea' id='block_1_72' title="bbox 2064 3169 3647 3245">
    <p class='ocr_par' dir='ltr' id='par_1_72' title="bbox 2064 3169 3647 3245">
     <span class='ocr_line' id='line_1_72' title="bbox 2064 3169 3647 3245; baseline 0.003 -22"><span class='ocrx_word' id='word_1_527' title='bbox 2064 3169 2364 3238; x_wconf 80' lang='grc' dir='ltr'>άνταροίαν</span> <span class='ocrx_word' id='word_1_528' title='bbox 2393 3169 2558 3240; x_wconf 76' lang='grc' dir='ltr'>δῆθεν</span> <span class='ocrx_word' id='word_1_529' title='bbox 2589 3171 2770 3224; x_wconf 83' lang='grc' dir='ltr'>αὐτῶν</span> <span class='ocrx_word' id='word_1_530' title='bbox 2790 3211 2804 3232; x_wconf 86' lang='grc'><strong>.</strong></span> <span class='ocrx_word' id='word_1_531' title='bbox 2837 3171 2969 3224; x_wconf 78' lang='grc' dir='ltr'>ὡσεὶ</span> <span class='ocrx_word' id='word_1_532' title='bbox 3001 3173 3248 3242; x_wconf 80' lang='grc' dir='ltr'>χιλιάδας</span> <span class='ocrx_word' id='word_1_533' title='bbox 3283 3173 3351 3244; x_wconf 83' lang='grc' dir='ltr'>ιβ’</span> <span class='ocrx_word' id='word_1_534' title='bbox 3373 3190 3388 3204; x_wconf 89' lang='grc'><strong>·</strong></span> <span class='ocrx_word' id='word_1_535' title='bbox 3424 3176 3518 3228; x_wconf 75' lang='grc' dir='ltr'>καὶ</span> <span class='ocrx_word' id='word_1_536' title='bbox 3548 3172 3647 3245; x_wconf 70' lang='grc' dir='ltr'><strong>ζηι</strong></span> 
     </span>
    </p>
   </div>
   <div class='ocr_carea' id='block_1_73' title="bbox 2063 3260 3644 3336">
    <p class='ocr_par' dir='ltr' id='par_1_73' title="bbox 2063 3260 3644 3336">
     <span class='ocr_line' id='line_1_73' title="bbox 2063 3260 3644 3336; baseline 0.005 -24"><span class='ocrx_word' id='word_1_537' title='bbox 2063 3260 2244 3330; x_wconf 71' lang='grc' dir='ltr'>τηθεὶς</span> <span class='ocrx_word' id='word_1_538' title='bbox 2277 3262 2304 3313; x_wconf 91' lang='lat'><strong>6</strong></span> <span class='ocrx_word' id='word_1_539' title='bbox 2333 3260 2642 3330; x_wconf 88' lang='grc' dir='ltr'>Μαυρίκιος</span> <span class='ocrx_word' id='word_1_540' title='bbox 2677 3262 2817 3332; x_wconf 83' lang='grc' dir='ltr'>ὑπὲρ</span> <span class='ocrx_word' id='word_1_541' title='bbox 2851 3264 2981 3332; x_wconf 79' lang='grc' dir='ltr'>μιᾶς</span> <span class='ocrx_word' id='word_1_542' title='bbox 3012 3263 3251 3334; x_wconf 78' lang='grc' dir='ltr'>ἑκάστης</span> <span class='ocrx_word' id='word_1_543' title='bbox 3279 3265 3458 3336; x_wconf 80' lang='grc' dir='ltr'>ψυχῆς</span> <span class='ocrx_word' id='word_1_544' title='bbox 3491 3268 3644 3336; x_wconf 81' lang='grc' dir='ltr'><strong>παρὰ</strong></span> 
     </span>
    </p>
   </div>
   <div class='ocr_carea' id='block_1_74' title="bbox 2063 3352 3642 3429">
    <p class='ocr_par' dir='ltr' id='par_1_74' title="bbox 2063 3352 3642 3429">
     <span class='ocr_line' id='line_1_74' title="bbox 2063 3352 3642 3429; baseline 0.004 -21"><span class='ocrx_word' id='word_1_545' title='bbox 2063 3352 2320 3422; x_wconf 85' lang='grc' dir='ltr'>Χαγάνου</span> <span class='ocrx_word' id='word_1_546' title='bbox 2350 3353 2444 3408; x_wconf 81' lang='grc' dir='ltr'>τοῦ</span> <span class='ocrx_word' id='word_1_547' title='bbox 2474 3354 2582 3409; x_wconf 82' lang='grc' dir='ltr'>τῶν</span> <span class='ocrx_word' id='word_1_548' title='bbox 2613 3355 2961 3426; x_wconf 82' lang='grc' dir='ltr'>προσακτίων</span> <span class='ocrx_word' id='word_1_549' title='bbox 2992 3355 3510 3429; x_wconf 77' lang='grc' dir='ltr'>Σκυθῶν”βασι).ἐως</span> <span class='ocrx_word' id='word_1_550' title='bbox 3539 3360 3642 3415; x_wconf 74' lang='grc' dir='ltr'><strong>ἀνὰ</strong></span> 
     </span>
    </p>
   </div>
   <div class='ocr_carea' id='block_1_75' title="bbox 2063 3447 3640 3520">
    <p class='ocr_par' dir='ltr' id='par_1_75' title="bbox 2063 3447 3640 3520">
     <span class='ocr_line' id='line_1_75' title="bbox 2063 3447 3640 3520; baseline 0.003 -20"><span class='ocrx_word' id='word_1_551' title='bbox 2063 3447 2400 3516; x_wconf 86' lang='grc' dir='ltr'>νομίσματος</span> <span class='ocrx_word' id='word_1_552' title='bbox 2427 3447 2489 3500; x_wconf 85' lang='grc' dir='ltr'>τὺ</span> <span class='ocrx_word' id='word_1_553' title='bbox 2518 3447 2718 3518; x_wconf 76' lang='grc' dir='ltr'>ἥμισυ,</span> <span class='ocrx_word' id='word_1_554' title='bbox 2748 3448 2932 3501; x_wconf 81' lang='grc' dir='ltr'>δοῦναι</span> <span class='ocrx_word' id='word_1_555' title='bbox 2961 3449 3062 3503; x_wconf 81' lang='grc' dir='ltr'><strong>οὐκ</strong></span> <span class='ocrx_word' id='word_1_556' title='bbox 3088 3449 3338 3520; x_wconf 77' lang='grc' dir='ltr'>ἐπείσθη,</span> <span class='ocrx_word' id='word_1_557' title='bbox 3373 3452 3469 3504; x_wconf 84' lang='grc' dir='ltr'>καὶ</span> <span class='ocrx_word' id='word_1_558' title='bbox 3495 3449 3640 3504; x_wconf 82' lang='grc' dir='ltr'>οὕτω</span> 
     </span>
    </p>
   </div>
   <div class='ocr_carea' id='block_1_76' title="bbox 2064 3534 3640 3610">
    <p class='ocr_par' dir='ltr' id='par_1_76' title="bbox 2064 3534 3640 3610">
     <span class='ocr_line' id='line_1_76' title="bbox 2064 3534 3640 3610; baseline 0.003 -20"><span class='ocrx_word' id='word_1_559' title='bbox 2064 3539 2265 3600; x_wconf 80' lang='grc' dir='ltr'>πάντες</span> <span class='ocrx_word' id='word_1_560' title='bbox 2288 3537 2394 3590; x_wconf 82' lang='grc' dir='ltr'>ὑπὸ</span> <span class='ocrx_word' id='word_1_561' title='bbox 2415 3537 2523 3591; x_wconf 86' lang='grc' dir='ltr'>τῶν</span> <span class='ocrx_word' id='word_1_562' title='bbox 2548 3538 2841 3607; x_wconf 79' lang='grc' dir='ltr'>βαρϐάρων</span> <span class='ocrx_word' id='word_1_563' title='bbox 2863 3540 3304 3609; x_wconf 82' lang='grc' dir='ltr'>ἀπεκτάνθησαν.</span> <span class='ocrx_word' id='word_1_564' title='bbox 3335 3541 3449 3610; x_wconf 82' lang='grc' dir='ltr'><strong>Ἐφ’</strong></span> <span class='ocrx_word' id='word_1_565' title='bbox 3467 3534 3512 3609; x_wconf 81' lang='grc' dir='ltr'>ᾧ</span> <span class='ocrx_word' id='word_1_566' title='bbox 3531 3543 3640 3595; x_wconf 83' lang='grc' dir='ltr'><strong>τῶν</strong></span> 
     </span>
    </p>
   </div>
   <div class='ocr_carea' id='block_1_77' title="bbox 2061 3627 3642 3703">
    <p class='ocr_par' dir='ltr' id='par_1_77' title="bbox 2061 3627 3642 3703">
     <span class='ocr_line' id='line_1_77' title="bbox 2061 3627 3642 3703; baseline 0.005 -23"><span class='ocrx_word' id='word_1_567' title='bbox 2061 3628 2203 3680; x_wconf 85' lang='grc' dir='ltr'><strong>κατὰ</strong></span> <span class='ocrx_word' id='word_1_568' title='bbox 2225 3628 2429 3691; x_wconf 80' lang='grc' dir='ltr'>τόπους</span> <span class='ocrx_word' id='word_1_569' title='bbox 2458 3627 2711 3698; x_wconf 84' lang='grc' dir='ltr'>μοναχῶν</span> <span class='ocrx_word' id='word_1_570' title='bbox 2734 3630 2761 3681; x_wconf 87' lang='lat'><strong>6</strong></span> <span class='ocrx_word' id='word_1_571' title='bbox 2790 3627 3045 3696; x_wconf 81' lang='grc' dir='ltr'>βασιλεὺς</span> <span class='ocrx_word' id='word_1_572' title='bbox 3073 3631 3248 3684; x_wconf 76' lang='grc' dir='ltr'>ἐδέετο</span> <span class='ocrx_word' id='word_1_573' title='bbox 3271 3631 3358 3685; x_wconf 76' lang='grc' dir='ltr'><strong>διά</strong></span> <span class='ocrx_word' id='word_1_574' title='bbox 3380 3632 3440 3685; x_wconf 79' lang='grc' dir='ltr'><strong>τὸ</strong></span> <span class='ocrx_word' id='word_1_575' title='bbox 3463 3634 3642 3703; x_wconf 72' lang='grc' dir='ltr'>ἀμάραι-</span> 
     </span>
    </p>
   </div>
   <div class='ocr_carea' id='block_1_78' title="bbox 2061 3718 3641 3796">
    <p class='ocr_par' dir='ltr' id='par_1_78' title="bbox 2061 3718 3641 3796">
     <span class='ocr_line' id='line_1_78' title="bbox 2061 3718 3641 3796; baseline 0.003 -21"><span class='ocrx_word' id='word_1_576' title='bbox 2061 3739 2232 3793; x_wconf 85' lang='grc' dir='ltr'>τημα.</span> <span class='ocrx_word' id='word_1_577' title='bbox 2262 3723 2533 3777; x_wconf 80' lang='grc' dir='ltr'>Κάκεῖθεν</span> <span class='ocrx_word' id='word_1_578' title='bbox 2555 3718 2649 3776; x_wconf 82' lang='grc' dir='ltr'>οὖν</span> <span class='ocrx_word' id='word_1_579' title='bbox 2676 3723 2918 3786; x_wconf 75' lang='grc' dir='ltr'>ἐλθόντος</span> <span class='ocrx_word' id='word_1_580' title='bbox 2943 3723 3038 3775; x_wconf 81' lang='grc' dir='ltr'>τοῦ</span> <span class='ocrx_word' id='word_1_581' title='bbox 3067 3725 3477 3795; x_wconf 80' lang='grc' dir='ltr'>Μαγιστριανοῡ</span> <span class='ocrx_word' id='word_1_582' title='bbox 3505 3725 3641 3796; x_wconf 80' lang='grc' dir='ltr'>ἐμα-</span> 
     </span>
    </p>
   </div>
   <div class='ocr_carea' id='block_1_79' title="bbox 2061 3814 3640 3886">
    <p class='ocr_par' dir='ltr' id='par_1_79' title="bbox 2061 3814 3640 3886">
     <span class='ocr_line' id='line_1_79' title="bbox 2061 3814 3640 3886; baseline 0.001 -18"><span class='ocrx_word' id='word_1_583' title='bbox 2061 3815 2152 3869; x_wconf 90' lang='grc' dir='ltr'><strong>θεν</strong></span> <span class='ocrx_word' id='word_1_584' title='bbox 2185 3817 2266 3868; x_wconf 79' lang='grc' dir='ltr'>ὅτι</span> <span class='ocrx_word' id='word_1_585' title='bbox 2300 3817 2334 3885; x_wconf 79' lang='grc' dir='ltr'><strong>ὴ</strong></span> <span class='ocrx_word' id='word_1_586' title='bbox 2375 3814 2474 3886; x_wconf 83' lang='grc' dir='ltr'>μὲν</span> <span class='ocrx_word' id='word_1_587' title='bbox 2505 3814 2654 3886; x_wconf 79' lang='grc' dir='ltr'>ψυχὴ</span> <span class='ocrx_word' id='word_1_588' title='bbox 2692 3815 2856 3868; x_wconf 84' lang='grc' dir='ltr'>αὐτοῦ</span> <span class='ocrx_word' id='word_1_589' title='bbox 2897 3814 3162 3880; x_wconf 72' lang='grc' dir='ltr'>σώζεται,</span> <span class='ocrx_word' id='word_1_590' title='bbox 3205 3817 3343 3885; x_wconf 82' lang='grc' dir='ltr'>μετὰ</span> <span class='ocrx_word' id='word_1_591' title='bbox 3379 3817 3542 3870; x_wconf 90' lang='grc' dir='ltr'>πόνου</span> <span class='ocrx_word' id='word_1_592' title='bbox 3581 3817 3640 3870; x_wconf 71' lang='grc' dir='ltr'>δὲ</span> 
     </span>
    </p>
   </div>
   <div class='ocr_carea' id='block_1_80' title="bbox 2060 3906 3637 3978">
    <p class='ocr_par' dir='ltr' id='par_1_80' title="bbox 2060 3906 3637 3978">
     <span class='ocr_line' id='line_1_80' title="bbox 2060 3906 3637 3978; baseline 0.001 -18"><span class='ocrx_word' id='word_1_593' title='bbox 2060 3909 2154 3962; x_wconf 74' lang='grc' dir='ltr'><strong>καὶ</strong></span> <span class='ocrx_word' id='word_1_594' title='bbox 2188 3908 2420 3976; x_wconf 82' lang='grc' dir='ltr'>θλίψεως</span> <span class='ocrx_word' id='word_1_595' title='bbox 2453 3908 2552 3978; x_wconf 81' lang='grc' dir='ltr'>τῆς</span> <span class='ocrx_word' id='word_1_596' title='bbox 2587 3906 2866 3977; x_wconf 79' lang='grc' dir='ltr'>βασιλείας</span> <span class='ocrx_word' id='word_1_597' title='bbox 2901 3908 3179 3966; x_wconf 73' lang='grc' dir='ltr'>ἐκπίπτει.</span> <span class='ocrx_word' id='word_1_598' title='bbox 3213 3911 3286 3962; x_wconf 77' lang='grc' dir='ltr'><strong>Οὐ</strong></span> <span class='ocrx_word' id='word_1_599' title='bbox 3323 3909 3456 3963; x_wconf 84' lang='grc' dir='ltr'>πολὺ</span> <span class='ocrx_word' id='word_1_600' title='bbox 3489 3910 3548 3962; x_wconf 80' lang='grc' dir='ltr'>τὸ</span> <span class='ocrx_word' id='word_1_601' title='bbox 3580 3911 3637 3962; x_wconf 72' lang='grc' dir='ltr'>ἐν</span> 
     </span>
    </p>
   </div>
   <div class='ocr_carea' id='block_1_81' title="bbox 2062 3999 3638 4072">
    <p class='ocr_par' dir='ltr' id='par_1_81' title="bbox 2062 3999 3638 4072">
     <span class='ocr_line' id='line_1_81' title="bbox 2062 3999 3638 4072; baseline 0.001 -20"><span class='ocrx_word' id='word_1_602' title='bbox 2062 4001 2244 4070; x_wconf 82' lang='grc' dir='ltr'>μέσῳ,</span> <span class='ocrx_word' id='word_1_603' title='bbox 2283 4002 2376 4054; x_wconf 74' lang='grc' dir='ltr'>καὶ</span> <span class='ocrx_word' id='word_1_604' title='bbox 2408 3999 2542 4069; x_wconf 76' lang='grc' dir='ltr'>ὄναρ</span> <span class='ocrx_word' id='word_1_605' title='bbox 2575 4001 2680 4070; x_wconf 79' lang='grc' dir='ltr'><strong>ὁρᾷ</strong></span> <span class='ocrx_word' id='word_1_606' title='bbox 2712 3999 2916 4070; x_wconf 82' lang='grc' dir='ltr'>φρίκης</span> <span class='ocrx_word' id='word_1_607' title='bbox 2953 4000 3172 4069; x_wconf 86' lang='grc' dir='ltr'>μεστόν.</span> <span class='ocrx_word' id='word_1_608' title='bbox 3207 4002 3378 4053; x_wconf 75' lang='grc' dir='ltr'>Αὑτὸν</span> <span class='ocrx_word' id='word_1_609' title='bbox 3409 4001 3512 4072; x_wconf 77' lang='grc' dir='ltr'><strong>ὁρᾷ</strong></span> <span class='ocrx_word' id='word_1_610' title='bbox 3545 4001 3638 4054; x_wconf 74' lang='grc' dir='ltr'>τὸν</span> 
     </span>
    </p>
   </div>
   <div class='ocr_carea' id='block_1_82' title="bbox 2060 4089 3636 4160">
    <p class='ocr_par' dir='ltr' id='par_1_82' title="bbox 2060 4089 3636 4160">
     <span class='ocr_line' id='line_1_82' title="bbox 2060 4089 3636 4160; baseline 0.001 -16"><span class='ocrx_word' id='word_1_611' title='bbox 2060 4091 2266 4159; x_wconf 84' lang='grc' dir='ltr'>Κύριον</span> <span class='ocrx_word' id='word_1_612' title='bbox 2310 4091 2402 4143; x_wconf 75' lang='grc' dir='ltr'>ἐπὶ</span> <span class='ocrx_word' id='word_1_613' title='bbox 2447 4089 2640 4160; x_wconf 87' lang='grc' dir='ltr'>θρόνου</span> <span class='ocrx_word' id='word_1_614' title='bbox 2690 4089 3023 4160; x_wconf 82' lang='grc' dir='ltr'>καθήμενον,</span> <span class='ocrx_word' id='word_1_615' title='bbox 3075 4093 3170 4143; x_wconf 76' lang='grc' dir='ltr'>καὶ</span> <span class='ocrx_word' id='word_1_616' title='bbox 3219 4090 3361 4144; x_wconf 77' lang='grc' dir='ltr'>οὕτω</span> <span class='ocrx_word' id='word_1_617' title='bbox 3411 4092 3636 4160; x_wconf 80' lang='grc' dir='ltr'>λέγοντα</span> 
     </span>
    </p>
   </div>
   <div class='ocr_carea' id='block_1_83' title="bbox 2059 4175 3631 4256">
    <p class='ocr_par' dir='ltr' id='par_1_83' title="bbox 2059 4175 3631 4256">
     <span class='ocr_line' id='line_1_83' title="bbox 2059 4175 3631 4256; baseline 0.003 -22"><span class='ocrx_word' id='word_1_618' title='bbox 2059 4183 2196 4252; x_wconf 82' lang='grc' dir='ltr'>πρὸς</span> <span class='ocrx_word' id='word_1_619' title='bbox 2227 4181 2408 4234; x_wconf 83' lang='grc' dir='ltr'>αὐτόν’</span> <span class='ocrx_word' id='word_1_620' title='bbox 2449 4200 2467 4233; x_wconf 77' lang='grc' dir='ltr'><strong>ι</strong></span> <span class='ocrx_word' id='word_1_621' title='bbox 2501 4175 2611 4235; x_wconf 79' lang='grc' dir='ltr'><strong>Ποῦ</strong></span> <span class='ocrx_word' id='word_1_622' title='bbox 2642 4182 2816 4246; x_wconf 75' lang='grc' dir='ltr'>θέλεις</span> <span class='ocrx_word' id='word_1_623' title='bbox 2842 4183 3247 4254; x_wconf 76' lang='grc' dir='ltr'>τιμωρηθῆναι,</span> <span class='ocrx_word' id='word_1_624' title='bbox 3273 4180 3374 4238; x_wconf 72' lang='grc' dir='ltr'>ᾆδε</span> <span class='ocrx_word' id='word_1_625' title='bbox 3399 4185 3431 4256; x_wconf 80' lang='grc' dir='ltr'>ἢ</span> <span class='ocrx_word' id='word_1_626' title='bbox 3454 4187 3631 4251; x_wconf 69' lang='grc' dir='ltr'>ὲκείςι</span> 
     </span>
    </p>
   </div>
   <div class='ocr_carea' id='block_1_84' title="bbox 2059 4264 3638 4343">
    <p class='ocr_par' dir='ltr' id='par_1_84' title="bbox 2059 4264 3638 4343">
     <span class='ocr_line' id='line_1_84' title="bbox 2059 4264 3638 4343; baseline 0.003 -18"><span class='ocrx_word' id='word_1_627' title='bbox 2059 4271 2172 4325; x_wconf 81' lang='grc' dir='ltr'><strong>Καὶ</strong></span> <span class='ocrx_word' id='word_1_628' title='bbox 2201 4270 2260 4334; x_wconf 83' lang='grc' dir='ltr'>ὃς</span> <span class='ocrx_word' id='word_1_629' title='bbox 2287 4311 2301 4336; x_wconf 93' lang='grc'><strong>,</strong></span> <span class='ocrx_word' id='word_1_630' title='bbox 2332 4264 2486 4324; x_wconf 56' lang='grc' dir='ltr'>ιτΩδε</span> <span class='ocrx_word' id='word_1_631' title='bbox 2509 4272 2769 4341; x_wconf 80' lang='grc' dir='ltr'>βούλομαι</span> <span class='ocrx_word' id='word_1_632' title='bbox 2801 4274 3182 4343; x_wconf 80' lang='grc' dir='ltr'>τιμωρηθῆναι</span> <span class='ocrx_word' id='word_1_633' title='bbox 3205 4293 3224 4325; x_wconf 72' lang='grc' dir='ltr'><strong>ι</strong></span> <span class='ocrx_word' id='word_1_634' title='bbox 3251 4274 3420 4328; x_wconf 84' lang='grc' dir='ltr'>εἰπὼν</span> <span class='ocrx_word' id='word_1_635' title='bbox 3451 4275 3638 4329; x_wconf 83' lang='grc' dir='ltr'>ἀκούει</span> 
     </span>
    </p>
   </div>
   <div class='ocr_carea' id='block_1_85' title="bbox 2055 4361 3632 4438">
    <p class='ocr_par' dir='ltr' id='par_1_85' title="bbox 2055 4361 3632 4438">
     <span class='ocr_line' id='line_1_85' title="bbox 2055 4361 3632 4438; baseline 0.005 -26"><span class='ocrx_word' id='word_1_636' title='bbox 2055 4361 2383 4430; x_wconf 79' lang='grc' dir='ltr'>τηνικαῦτα,</span> <span class='ocrx_word' id='word_1_637' title='bbox 2430 4363 2741 4432; x_wconf 74' lang='grc' dir='ltr'>(Παράδοτε</span> <span class='ocrx_word' id='word_1_638' title='bbox 2785 4365 2949 4417; x_wconf 77' lang='grc' dir='ltr'>αὑτὸν</span> <span class='ocrx_word' id='word_1_639' title='bbox 2983 4367 3148 4437; x_wconf 81' lang='grc' dir='ltr'>Φωκᾷ</span> <span class='ocrx_word' id='word_1_640' title='bbox 3182 4365 3258 4436; x_wconf 82' lang='grc' dir='ltr'>τῷ</span> <span class='ocrx_word' id='word_1_641' title='bbox 3295 4369 3564 4438; x_wconf 84' lang='grc' dir='ltr'>τυράννῳ.</span> <span class='ocrx_word' id='word_1_642' title='bbox 3612 4389 3632 4420; x_wconf 72' lang='grc' dir='ltr'><strong>ο</strong></span> 
     </span>
    </p>
   </div>
   <div class='ocr_carea' id='block_1_86' title="bbox 378 4443 1959 4530">
    <p class='ocr_par' dir='ltr' id='par_1_86' title="bbox 378 4443 1956 4514">
     <span class='ocr_line' id='line_1_86' title="bbox 378 4443 1956 4514; baseline 0.001 -16"><span class='ocrx_word' id='word_1_643' title='bbox 378 4445 565 4514; x_wconf 84' lang='lat' dir='ltr'><strong>Neque</strong></span> <span class='ocrx_word' id='word_1_644' title='bbox 595 4444 856 4514; x_wconf 90' lang='lat' dir='ltr'><strong>temporis</strong></span> <span class='ocrx_word' id='word_1_645' title='bbox 896 4445 1128 4497; x_wconf 89' lang='lat' dir='ltr'><strong>multum</strong></span> <span class='ocrx_word' id='word_1_646' title='bbox 1163 4443 1496 4512; x_wconf 87' lang='lat' dir='ltr'><strong>intercessit,</strong></span> <span class='ocrx_word' id='word_1_647' title='bbox 1527 4460 1650 4499; x_wconf 90' lang='lat' dir='ltr'><strong>cum</strong></span> <span class='ocrx_word' id='word_1_648' title='bbox 1683 4461 1777 4513; x_wconf 67' lang='lat' dir='ltr'><strong>per</strong></span> <span class='ocrx_word' id='word_1_649' title='bbox 1798 4445 1956 4514; x_wconf 84' lang='lat' dir='ltr'><strong>quie-</strong></span> 
     </span>
    </p>
   </div>
   <div class='ocr_carea' id='block_1_87' title="bbox 2063 4443 3639 4530">
    <p class='ocr_par' dir='ltr' id='par_1_87' title="bbox 2063 4453 3639 4530">
     <span class='ocr_line' id='line_1_87' title="bbox 2063 4453 3639 4530; baseline 0.007 -27"><span class='ocrx_word' id='word_1_650' title='bbox 2063 4453 2168 4504; x_wconf 76' lang='grc' dir='ltr'>Καὶ</span> <span class='ocrx_word' id='word_1_651' title='bbox 2198 4455 2224 4505; x_wconf 90' lang='lat'><strong>6</strong></span> <span class='ocrx_word' id='word_1_652' title='bbox 2254 4453 2559 4530; x_wconf 84' lang='grc' dir='ltr'>Μαυρίκιος</span> <span class='ocrx_word' id='word_1_653' title='bbox 2586 4455 2978 4523; x_wconf 74' lang='grc' dir='ltr'>ἀφυπνισθεὶς,</span> <span class='ocrx_word' id='word_1_654' title='bbox 3010 4457 3108 4510; x_wconf 81' lang='grc' dir='ltr'><strong>καὶ</strong></span> <span class='ocrx_word' id='word_1_655' title='bbox 3139 4459 3326 4528; x_wconf 85' lang='grc' dir='ltr'>μαθὼν</span> <span class='ocrx_word' id='word_1_656' title='bbox 3357 4454 3495 4513; x_wconf 78' lang='grc' dir='ltr'>εἶναι</span> <span class='ocrx_word' id='word_1_657' title='bbox 3522 4461 3639 4514; x_wconf 81' lang='grc' dir='ltr'><strong>Φω-</strong></span> 
     </span>
    </p>
   </div>
   <div class='ocr_carea' id='block_1_88' title="bbox 379 4534 1952 4603">
    <p class='ocr_par' dir='ltr' id='par_1_88' title="bbox 379 4534 1952 4603">
     <span class='ocr_line' id='line_1_88' title="bbox 379 4534 1952 4603; baseline -0.001 -14"><span class='ocrx_word' id='word_1_658' title='bbox 379 4545 487 4589; x_wconf 89' lang='lat' dir='ltr'><strong>tem</strong></span> <span class='ocrx_word' id='word_1_659' title='bbox 513 4536 562 4589; x_wconf 89' lang='lat' dir='ltr'><strong>ei</strong></span> <span class='ocrx_word' id='word_1_660' title='bbox 586 4536 859 4590; x_wconf 88' lang='lat' dir='ltr'><strong>somnium</strong></span> <span class='ocrx_word' id='word_1_661' title='bbox 881 4534 1122 4588; x_wconf 77' lang='lat' dir='ltr'><strong>terroris</strong></span> <span class='ocrx_word' id='word_1_662' title='bbox 1148 4534 1372 4603; x_wconf 87' lang='lat' dir='ltr'><strong>plenum</strong></span> <span class='ocrx_word' id='word_1_663' title='bbox 1411 4536 1659 4589; x_wconf 76' lang='lat' dir='ltr'><strong>oll‘ertur.</strong></span> <span class='ocrx_word' id='word_1_664' title='bbox 1695 4534 1828 4588; x_wconf 86' lang='lat' dir='ltr'><strong>Nam</strong></span> <span class='ocrx_word' id='word_1_665' title='bbox 1874 4535 1952 4588; x_wconf 91' lang='lat' dir='ltr'><strong>vi-</strong></span> 
     </span>
    </p>
   </div>
   <div class='ocr_carea' id='block_1_89' title="bbox 375 4619 1953 4695">
    <p class='ocr_par' dir='ltr' id='par_1_89' title="bbox 375 4619 1953 4695">
     <span class='ocr_line' id='line_1_89' title="bbox 375 4619 1953 4695; baseline -0.002 -13"><span class='ocrx_word' id='word_1_666' title='bbox 375 4629 504 4682; x_wconf 87' lang='lat' dir='ltr'><strong>dere</strong></span> <span class='ocrx_word' id='word_1_667' title='bbox 531 4627 635 4682; x_wconf 89' lang='lat' dir='ltr'><strong>sibi</strong></span> <span class='ocrx_word' id='word_1_668' title='bbox 659 4619 951 4682; x_wconf 75' lang='lat' dir='ltr'><strong>videbatur</strong></span> <span class='ocrx_word' id='word_1_669' title='bbox 970 4626 1151 4695; x_wconf 68' lang='lat' dir='ltr'><strong>ipsum</strong></span> <span class='ocrx_word' id='word_1_670' title='bbox 1196 4625 1482 4679; x_wconf 83' lang='lat' dir='ltr'><strong>hominum</strong></span> <span class='ocrx_word' id='word_1_671' title='bbox 1525 4625 1578 4679; x_wconf 92' lang='lat' dir='ltr'><strong>in</strong></span> <span class='ocrx_word' id='word_1_672' title='bbox 1603 4627 1742 4680; x_wconf 82' lang='lat' dir='ltr'><strong>solio</strong></span> <span class='ocrx_word' id='word_1_673' title='bbox 1769 4627 1953 4680; x_wconf 39' lang='lat' dir='ltr'><strong>consie</strong></span> 
     </span>
    </p>
   </div>
   <div class='ocr_carea' id='block_1_90' title="bbox 377 4713 1952 4785">
    <p class='ocr_par' dir='ltr' id='par_1_90' title="bbox 377 4713 1952 4785">
     <span class='ocr_line' id='line_1_90' title="bbox 377 4713 1952 4785; baseline 0.001 -17"><span class='ocrx_word' id='word_1_674' title='bbox 377 4714 598 4768; x_wconf 85' lang='lat' dir='ltr'><strong>dentem</strong></span> <span class='ocrx_word' id='word_1_675' title='bbox 659 4723 714 4768; x_wconf 89' lang='lat' dir='ltr'><strong>et</strong></span> <span class='ocrx_word' id='word_1_676' title='bbox 777 4714 1092 4783; x_wconf 83' lang='lat' dir='ltr'><strong>hujusmodi</strong></span> <span class='ocrx_word' id='word_1_677' title='bbox 1150 4730 1208 4768; x_wconf 92' lang='lat' dir='ltr'><strong>sc</strong></span> <span class='ocrx_word' id='word_1_678' title='bbox 1257 4713 1438 4768; x_wconf 81' lang='lat' dir='ltr'><strong>verbis</strong></span> <span class='ocrx_word' id='word_1_679' title='bbox 1486 4715 1952 4785; x_wconf 80' lang='lat' dir='ltr'><strong>compellantcm.</strong></span> 
     </span>
    </p>
   </div>
   <div class='ocr_carea' id='block_1_91' title="bbox 380 4791 1954 4876">
    <p class='ocr_par' dir='ltr' id='par_1_91' title="bbox 380 4791 1954 4876">
     <span class='ocr_line' id='line_1_91' title="bbox 380 4791 1954 4876; baseline 0.004 -18"><span class='ocrx_word' id='word_1_680' title='bbox 380 4826 399 4858; x_wconf 76' lang='grc' dir='ltr'><strong>ι</strong></span> <span class='ocrx_word' id='word_1_681' title='bbox 432 4805 664 4862; x_wconf 88' lang='lat' dir='ltr'><strong>Ubinam</strong></span> <span class='ocrx_word' id='word_1_682' title='bbox 703 4821 891 4876; x_wconf 60' lang='lat' dir='ltr'><strong>pugnas</strong></span> <span class='ocrx_word' id='word_1_683' title='bbox 926 4805 1078 4860; x_wconf 87' lang='lat' dir='ltr'><strong>luere</strong></span> <span class='ocrx_word' id='word_1_684' title='bbox 1131 4805 1322 4870; x_wconf 88' lang='lat' dir='ltr'><strong>mavis,</strong></span> <span class='ocrx_word' id='word_1_685' title='bbox 1353 4806 1408 4859; x_wconf 90' lang='lat' dir='ltr'><strong>in</strong></span> <span class='ocrx_word' id='word_1_686' title='bbox 1441 4805 1544 4861; x_wconf 89' lang='lat' dir='ltr'><strong>bac</strong></span> <span class='ocrx_word' id='word_1_687' title='bbox 1577 4824 1644 4861; x_wconf 92' lang='lat' dir='ltr'><strong>an</strong></span> <span class='ocrx_word' id='word_1_688' title='bbox 1681 4809 1733 4861; x_wconf 92' lang='lat' dir='ltr'><strong>in</strong></span> <span class='ocrx_word' id='word_1_689' title='bbox 1783 4791 1954 4865; x_wconf 79' lang='lat' dir='ltr'><strong>altera</strong></span> 
     </span>
    </p>
   </div>
   <div class='ocr_carea' id='block_1_92' title="bbox 375 4893 1952 4966">
    <p class='ocr_par' dir='ltr' id='par_1_92' title="bbox 375 4893 1952 4966">
     <span class='ocr_line' id='line_1_92' title="bbox 375 4893 1952 4966; baseline 0.001 -16"><span class='ocrx_word' id='word_1_690' title='bbox 375 4897 530 4951; x_wconf 79' lang='lat' dir='ltr'><strong>vita?</strong></span> <span class='ocrx_word' id='word_1_691' title='bbox 573 4916 589 4947; x_wconf 73' lang='grc' dir='ltr'><strong>ι</strong></span> <span class='ocrx_word' id='word_1_692' title='bbox 629 4896 764 4950; x_wconf 90' lang='lat' dir='ltr'><strong>Cum</strong></span> <span class='ocrx_word' id='word_1_693' title='bbox 800 4893 1174 4966; x_wconf 73' lang='lat' dir='ltr'><strong>respondisset</strong></span> <span class='ocrx_word' id='word_1_694' title='bbox 1211 4893 1263 4947; x_wconf 90' lang='lat' dir='ltr'><strong>in</strong></span> <span class='ocrx_word' id='word_1_695' title='bbox 1317 4895 1418 4950; x_wconf 90' lang='lat' dir='ltr'><strong>hac</strong></span> <span class='ocrx_word' id='word_1_696' title='bbox 1447 4911 1504 4950; x_wconf 89' lang='lat' dir='ltr'><strong>se</strong></span> <span class='ocrx_word' id='word_1_697' title='bbox 1537 4895 1720 4966; x_wconf 80' lang='lat' dir='ltr'><strong>puniri</strong></span> <span class='ocrx_word' id='word_1_698' title='bbox 1750 4900 1910 4952; x_wconf 85' lang='lat' dir='ltr'><strong>malle</strong></span> <span class='ocrx_word' id='word_1_699' title='bbox 1937 4941 1952 4966; x_wconf 96' lang='lat'><strong>,</strong></span> 
     </span>
    </p>
   </div>
   <div class='ocr_carea' id='block_1_93' title="bbox 375 4979 1955 5056">
    <p class='ocr_par' dir='ltr' id='par_1_93' title="bbox 375 4979 1955 5056">
     <span class='ocr_line' id='line_1_93' title="bbox 375 4979 1955 5056; baseline 0.002 -14"><span class='ocrx_word' id='word_1_700' title='bbox 375 5005 565 5044; x_wconf 86' lang='lat' dir='ltr'><strong>vocem</strong></span> <span class='ocrx_word' id='word_1_701' title='bbox 597 4989 760 5043; x_wconf 87' lang='lat' dir='ltr'><strong>aliain</strong></span> <span class='ocrx_word' id='word_1_702' title='bbox 793 4988 1033 5042; x_wconf 86' lang='lat' dir='ltr'><strong>audivit:</strong></span> <span class='ocrx_word' id='word_1_703' title='bbox 1073 5004 1090 5038; x_wconf 77' lang='grc' dir='ltr'><strong>ι</strong></span> <span class='ocrx_word' id='word_1_704' title='bbox 1139 4982 1359 5040; x_wconf 84' lang='lat' dir='ltr'><strong>Tradite</strong></span> <span class='ocrx_word' id='word_1_705' title='bbox 1406 4987 1569 5056; x_wconf 80' lang='lat' dir='ltr'><strong>igitur</strong></span> <span class='ocrx_word' id='word_1_706' title='bbox 1597 4979 1718 5041; x_wconf 84' lang='lat' dir='ltr'><strong>eum</strong></span> <span class='ocrx_word' id='word_1_707' title='bbox 1761 4989 1955 5045; x_wconf 65' lang='grc' dir='ltr'>ΡΙιυι-ειι</span> 
     </span>
    </p>
   </div>
   <div class='ocr_carea' id='block_1_94' title="bbox 377 5075 1954 5148">
    <p class='ocr_par' dir='ltr' id='par_1_94' title="bbox 377 5075 1954 5148">
     <span class='ocr_line' id='line_1_94' title="bbox 377 5075 1954 5148; baseline 0.002 -17"><span class='ocrx_word' id='word_1_708' title='bbox 377 5088 629 5148; x_wconf 89' lang='lat' dir='ltr'><strong>tyranno.</strong></span> <span class='ocrx_word' id='word_1_709' title='bbox 670 5094 689 5128; x_wconf 75' lang='grc' dir='ltr'><strong>ι</strong></span> <span class='ocrx_word' id='word_1_710' title='bbox 727 5076 864 5130; x_wconf 89' lang='lat' dir='ltr'><strong>Tum</strong></span> <span class='ocrx_word' id='word_1_711' title='bbox 901 5085 1257 5145; x_wconf 79' lang='lat' dir='ltr'><strong>experrectus</strong></span> <span class='ocrx_word' id='word_1_712' title='bbox 1296 5075 1613 5142; x_wconf 77' lang='lat' dir='ltr'><strong>Mauricius,</strong></span> <span class='ocrx_word' id='word_1_713' title='bbox 1645 5078 1954 5134; x_wconf 89' lang='lat' dir='ltr'><strong>intellecto-</strong></span> 
     </span>
    </p>
   </div>
   <div class='ocr_carea' id='block_1_95' title="bbox 374 5167 1954 5244">
    <p class='ocr_par' dir='ltr' id='par_1_95' title="bbox 374 5167 1954 5244">
     <span class='ocr_line' id='line_1_95' title="bbox 374 5167 1954 5244; baseline -0.001 -16"><span class='ocrx_word' id='word_1_714' title='bbox 374 5189 480 5242; x_wconf 90' lang='lat' dir='ltr'><strong>que</strong></span> <span class='ocrx_word' id='word_1_715' title='bbox 511 5172 747 5227; x_wconf 78' lang='lat' dir='ltr'><strong>Phocum</strong></span> <span class='ocrx_word' id='word_1_716' title='bbox 781 5171 932 5224; x_wconf 87' lang='lat' dir='ltr'><strong>illum</strong></span> <span class='ocrx_word' id='word_1_717' title='bbox 959 5173 1143 5241; x_wconf 71' lang='lat' dir='ltr'><strong>ipsum</strong></span> <span class='ocrx_word' id='word_1_718' title='bbox 1170 5185 1292 5225; x_wconf 89' lang='lat' dir='ltr'><strong>esse</strong></span> <span class='ocrx_word' id='word_1_719' title='bbox 1321 5173 1415 5241; x_wconf 84' lang='lat' dir='ltr'><strong>qui</strong></span> <span class='ocrx_word' id='word_1_720' title='bbox 1453 5167 1777 5244; x_wconf 78' lang='lat' dir='ltr'><strong>Dyrrhachii</strong></span> <span class='ocrx_word' id='word_1_721' title='bbox 1814 5173 1954 5229; x_wconf 80' lang='lat' dir='ltr'><strong>foret</strong></span> 
     </span>
    </p>
   </div>
   <div class='ocr_carea' id='block_1_96' title="bbox 375 5262 1955 5333">
    <p class='ocr_par' dir='ltr' id='par_1_96' title="bbox 375 5262 1955 5333">
     <span class='ocr_line' id='line_1_96' title="bbox 375 5262 1955 5333; baseline 0.003 -15"><span class='ocrx_word' id='word_1_722' title='bbox 375 5267 429 5318; x_wconf 91' lang='lat' dir='ltr'><strong>in</strong></span> <span class='ocrx_word' id='word_1_723' title='bbox 463 5262 734 5332; x_wconf 68' lang='lat' dir='ltr'><strong>praesidio,</strong></span> <span class='ocrx_word' id='word_1_724' title='bbox 773 5279 875 5317; x_wconf 87' lang='lat' dir='ltr'><strong>nec</strong></span> <span class='ocrx_word' id='word_1_725' title='bbox 911 5264 982 5317; x_wconf 85' lang='lat' dir='ltr'><strong>ita</strong></span> <span class='ocrx_word' id='word_1_726' title='bbox 1041 5264 1251 5333; x_wconf 88' lang='lat' dir='ltr'><strong>pridem</strong></span> <span class='ocrx_word' id='word_1_727' title='bbox 1304 5264 1371 5318; x_wconf 88' lang='lat' dir='ltr'><strong>ad</strong></span> <span class='ocrx_word' id='word_1_728' title='bbox 1423 5265 1807 5332; x_wconf 87' lang='lat' dir='ltr'><strong>imperatorem</strong></span> <span class='ocrx_word' id='word_1_729' title='bbox 1857 5283 1955 5322; x_wconf 84' lang='lat' dir='ltr'><strong>ve-</strong></span> 
     </span>
    </p>
   </div>
   <div class='ocr_carea' id='block_1_97' title="bbox 374 5355 1954 5424">
    <p class='ocr_par' dir='ltr' id='par_1_97' title="bbox 374 5355 1954 5424">
     <span class='ocr_line' id='line_1_97' title="bbox 374 5355 1954 5424; baseline 0.002 -16"><span class='ocrx_word' id='word_1_730' title='bbox 374 5355 547 5408; x_wconf 85' lang='lat' dir='ltr'><strong>nisset</strong></span> <span class='ocrx_word' id='word_1_731' title='bbox 581 5364 636 5406; x_wconf 92' lang='lat' dir='ltr'><strong>ut</strong></span> <span class='ocrx_word' id='word_1_732' title='bbox 672 5364 949 5408; x_wconf 86' lang='lat' dir='ltr'><strong>menstrua</strong></span> <span class='ocrx_word' id='word_1_733' title='bbox 993 5355 1268 5424; x_wconf 81' lang='lat' dir='ltr'><strong>congiaria</strong></span> <span class='ocrx_word' id='word_1_734' title='bbox 1319 5356 1787 5409; x_wconf 89' lang='lat' dir='ltr'><strong>commilitonibus</strong></span> <span class='ocrx_word' id='word_1_735' title='bbox 1839 5357 1954 5412; x_wconf 87' lang='lat' dir='ltr'><strong>suis</strong></span> 
     </span>
    </p>
   </div>
   <div class='ocr_carea' id='block_1_98' title="bbox 375 5447 1958 5518">
    <p class='ocr_par' dir='ltr' id='par_1_98' title="bbox 375 5447 1958 5518">
     <span class='ocr_line' id='line_1_98' title="bbox 375 5447 1958 5518; baseline 0.003 -18"><span class='ocrx_word' id='word_1_736' title='bbox 375 5450 716 5516; x_wconf 89' lang='lat' dir='ltr'><strong>impetraret,</strong></span> <span class='ocrx_word' id='word_1_737' title='bbox 753 5447 951 5517; x_wconf 88' lang='lat' dir='ltr'><strong>illaque</strong></span> <span class='ocrx_word' id='word_1_738' title='bbox 985 5449 1054 5503; x_wconf 83' lang='lat' dir='ltr'><strong>de</strong></span> <span class='ocrx_word' id='word_1_739' title='bbox 1078 5463 1240 5502; x_wconf 86' lang='lat' dir='ltr'><strong>causa</strong></span> <span class='ocrx_word' id='word_1_740' title='bbox 1294 5449 1534 5518; x_wconf 86' lang='lat' dir='ltr'><strong>graviter</strong></span> <span class='ocrx_word' id='word_1_741' title='bbox 1589 5449 1857 5518; x_wconf 84' lang='lat' dir='ltr'><strong>vapulans</strong></span> <span class='ocrx_word' id='word_1_742' title='bbox 1887 5465 1958 5504; x_wconf 87' lang='lat' dir='ltr'><strong>eo-</strong></span> 
     </span>
    </p>
   </div>
   <div class='ocr_carea' id='block_1_99' title="bbox 377 5539 1954 5612">
    <p class='ocr_par' dir='ltr' id='par_1_99' title="bbox 377 5539 1954 5612">
     <span class='ocr_line' id='line_1_99' title="bbox 377 5539 1954 5612; baseline 0.001 -20"><span class='ocrx_word' id='word_1_743' title='bbox 377 5551 630 5594; x_wconf 81' lang='lat' dir='ltr'><strong>rev‘ersus</strong></span> <span class='ocrx_word' id='word_1_744' title='bbox 657 5539 851 5596; x_wconf 77' lang='lat' dir='ltr'><strong>fuisset</strong></span> <span class='ocrx_word' id='word_1_745' title='bbox 900 5541 1045 5596; x_wconf 88' lang='lat' dir='ltr'><strong>unde</strong></span> <span class='ocrx_word' id='word_1_746' title='bbox 1073 5547 1314 5606; x_wconf 62' lang='lat' dir='ltr'><strong>Venerat,</strong></span> <span class='ocrx_word' id='word_1_747' title='bbox 1335 5542 1486 5612; x_wconf 88' lang='lat' dir='ltr'><strong>justo</strong></span> <span class='ocrx_word' id='word_1_748' title='bbox 1521 5539 1612 5595; x_wconf 91' lang='lat' dir='ltr'><strong>Dei</strong></span> <span class='ocrx_word' id='word_1_749' title='bbox 1640 5557 1698 5596; x_wconf 91' lang='lat' dir='ltr'><strong>se</strong></span> <span class='ocrx_word' id='word_1_750' title='bbox 1744 5542 1954 5612; x_wconf 87' lang='lat' dir='ltr'><strong>judicio</strong></span> 
     </span>
    </p>
   </div>
   <div class='ocr_carea' id='block_1_100' title="bbox 376 5632 1955 5703">
    <p class='ocr_par' dir='ltr' id='par_1_100' title="bbox 376 5632 1955 5703">
     <span class='ocr_line' id='line_1_100' title="bbox 376 5632 1955 5703; baseline 0.003 -19"><span class='ocrx_word' id='word_1_751' title='bbox 376 5641 564 5699; x_wconf 67' lang='lat' dir='ltr'><strong>paruas</strong></span> <span class='ocrx_word' id='word_1_752' title='bbox 609 5632 876 5687; x_wconf 91' lang='lat' dir='ltr'><strong>luiturum</strong></span> <span class='ocrx_word' id='word_1_753' title='bbox 909 5633 1150 5703; x_wconf 82' lang='lat' dir='ltr'><strong>agnovit,</strong></span> <span class='ocrx_word' id='word_1_754' title='bbox 1204 5633 1297 5701; x_wconf 88' lang='lat' dir='ltr'><strong>qui</strong></span> <span class='ocrx_word' id='word_1_755' title='bbox 1351 5650 1379 5686; x_wconf 89' lang='lat' dir='ltr'><strong>a</strong></span> <span class='ocrx_word' id='word_1_756' title='bbox 1417 5632 1646 5686; x_wconf 86' lang='lat' dir='ltr'><strong>Domino</strong></span> <span class='ocrx_word' id='word_1_757' title='bbox 1695 5632 1787 5685; x_wconf 90' lang='lat' dir='ltr'><strong>tali</strong></span> <span class='ocrx_word' id='word_1_758' title='bbox 1837 5633 1955 5688; x_wconf 90' lang='lat' dir='ltr'><strong>viro</strong></span> 
     </span>
    </p>
   </div>
   <div class='ocr_carea' id='block_1_101' title="bbox 377 5721 1955 5794">
    <p class='ocr_par' dir='ltr' id='par_1_101' title="bbox 377 5721 1955 5794">
     <span class='ocr_line' id='line_1_101' title="bbox 377 5721 1955 5794; baseline 0.005 -21"><span class='ocrx_word' id='word_1_759' title='bbox 377 5721 707 5779; x_wconf 77' lang='lat' dir='ltr'><strong>traderetur.</strong></span> <span class='ocrx_word' id='word_1_760' title='bbox 771 5723 959 5794; x_wconf 72' lang='lat' dir='ltr'><strong>Itaque</strong></span> <span class='ocrx_word' id='word_1_761' title='bbox 1020 5723 1280 5779; x_wconf 79' lang='lat' dir='ltr'><strong>continuo</strong></span> <span class='ocrx_word' id='word_1_762' title='bbox 1317 5725 1680 5794; x_wconf 83' lang='lat' dir='ltr'><strong>Philippicum</strong></span> <span class='ocrx_word' id='word_1_763' title='bbox 1736 5739 1833 5794; x_wconf 83' lang='lat' dir='ltr'><strong>per</strong></span> <span class='ocrx_word' id='word_1_764' title='bbox 1865 5739 1955 5781; x_wconf 89' lang='lat' dir='ltr'><strong>ac-</strong></span> 
     </span>
    </p>
   </div>
   <div class='ocr_carea' id='block_1_102' title="bbox 2064 4543 3636 4622">
    <p class='ocr_par' dir='ltr' id='par_1_102' title="bbox 2064 4543 3636 4622">
     <span class='ocr_line' id='line_1_102' title="bbox 2064 4543 3636 4622; baseline 0.007 -29"><span class='ocrx_word' id='word_1_765' title='bbox 2064 4543 2170 4594; x_wconf 84' lang='grc' dir='ltr'>κᾶν</span> <span class='ocrx_word' id='word_1_766' title='bbox 2199 4544 2290 4594; x_wconf 62' lang='grc' dir='ltr'>τὶν</span> <span class='ocrx_word' id='word_1_767' title='bbox 2322 4544 2378 4595; x_wconf 82' lang='grc' dir='ltr'><strong>ἐν</strong></span> <span class='ocrx_word' id='word_1_768' title='bbox 2408 4544 2700 4622; x_wconf 63' lang='grc' dir='ltr'>Δυρραχίῳ</span> <span class='ocrx_word' id='word_1_769' title='bbox 2736 4545 3083 4612; x_wconf 83' lang='grc' dir='ltr'>φυλάσσοντα</span> <span class='ocrx_word' id='word_1_770' title='bbox 3105 4587 3121 4612; x_wconf 92' lang='grc'><strong>,</strong></span> <span class='ocrx_word' id='word_1_771' title='bbox 3153 4548 3374 4602; x_wconf 78' lang='grc' dir='ltr'>ἐλθόντα</span> <span class='ocrx_word' id='word_1_772' title='bbox 3409 4550 3463 4603; x_wconf 82' lang='grc' dir='ltr'>δὲ</span> <span class='ocrx_word' id='word_1_773' title='bbox 3501 4551 3636 4620; x_wconf 76' lang='grc' dir='ltr'>πρὸς</span> 
     </span>
    </p>
   </div>
   <div class='ocr_carea' id='block_1_103' title="bbox 2059 4633 3637 4712">
    <p class='ocr_par' dir='ltr' id='par_1_103' title="bbox 2059 4633 3637 4712">
     <span class='ocr_line' id='line_1_103' title="bbox 2059 4633 3637 4712; baseline 0.007 -28"><span class='ocrx_word' id='word_1_774' title='bbox 2059 4633 2222 4685; x_wconf 73' lang='grc' dir='ltr'>αὑτὸν</span> <span class='ocrx_word' id='word_1_775' title='bbox 2252 4635 2342 4686; x_wconf 73' lang='grc' dir='ltr'><strong>τὸν</strong></span> <span class='ocrx_word' id='word_1_776' title='bbox 2375 4635 2598 4703; x_wconf 80' lang='grc' dir='ltr'>βασιλέα</span> <span class='ocrx_word' id='word_1_777' title='bbox 2635 4638 2795 4706; x_wconf 73' lang='grc' dir='ltr'>χάριν</span> <span class='ocrx_word' id='word_1_778' title='bbox 2822 4636 2917 4690; x_wconf 79' lang='grc' dir='ltr'>τοῦ</span> <span class='ocrx_word' id='word_1_779' title='bbox 2954 4638 3140 4692; x_wconf 75' lang='grc' dir='ltr'>λαϐεῖν</span> <span class='ocrx_word' id='word_1_780' title='bbox 3168 4641 3236 4692; x_wconf 69' lang='grc' dir='ltr'><strong>τά</strong></span> <span class='ocrx_word' id='word_1_781' title='bbox 3274 4643 3637 4712; x_wconf 59' lang='grc' dir='ltr'>μηκοαιορόγια</span> 
     </span>
    </p>
   </div>
   <div class='ocr_carea' id='block_1_104' title="bbox 2057 4725 3638 4800">
    <p class='ocr_par' dir='ltr' id='par_1_104' title="bbox 2057 4725 3638 4800">
     <span class='ocr_line' id='line_1_104' title="bbox 2057 4725 3638 4800; baseline 0.006 -23"><span class='ocrx_word' id='word_1_782' title='bbox 2057 4725 2165 4778; x_wconf 83' lang='grc' dir='ltr'>τῶν</span> <span class='ocrx_word' id='word_1_783' title='bbox 2206 4726 2625 4797; x_wconf 79' lang='grc' dir='ltr'>συστρατιωτῶν</span> <span class='ocrx_word' id='word_1_784' title='bbox 2665 4727 2828 4779; x_wconf 69' lang='grc' dir='ltr'>αὑτοῦ</span> <span class='ocrx_word' id='word_1_785' title='bbox 2871 4730 2964 4783; x_wconf 83' lang='grc' dir='ltr'><strong>καὶ</strong></span> <span class='ocrx_word' id='word_1_786' title='bbox 3000 4731 3274 4800; x_wconf 78' lang='grc' dir='ltr'>τυφθέντα</span> <span class='ocrx_word' id='word_1_787' title='bbox 3312 4727 3499 4795; x_wconf 76' lang='grc' dir='ltr'>δεινῶς</span> <span class='ocrx_word' id='word_1_788' title='bbox 3542 4737 3638 4786; x_wconf 81' lang='grc' dir='ltr'><strong>καὶ</strong></span> 
     </span>
    </p>
   </div>
   <div class='ocr_carea' id='block_1_105' title="bbox 2058 4812 3640 4893">
    <p class='ocr_par' dir='ltr' id='par_1_105' title="bbox 2058 4812 3640 4893">
     <span class='ocr_line' id='line_1_105' title="bbox 2058 4812 3640 4893; baseline 0.006 -26"><span class='ocrx_word' id='word_1_789' title='bbox 2058 4813 2230 4879; x_wconf 71' lang='grc' dir='ltr'>οὕτως</span> <span class='ocrx_word' id='word_1_790' title='bbox 2271 4816 2394 4869; x_wconf 84' lang='grc' dir='ltr'>ὅθεν</span> <span class='ocrx_word' id='word_1_791' title='bbox 2431 4812 2594 4886; x_wconf 81' lang='grc' dir='ltr'>ἦλθεν</span> <span class='ocrx_word' id='word_1_792' title='bbox 2635 4818 3073 4888; x_wconf 67' lang='grc' dir='ltr'>ὑποστρέψαντα,</span> <span class='ocrx_word' id='word_1_793' title='bbox 3110 4819 3270 4884; x_wconf 79' lang='grc' dir='ltr'>ἀξίαν</span> <span class='ocrx_word' id='word_1_794' title='bbox 3307 4821 3447 4890; x_wconf 84' lang='grc' dir='ltr'>ἔγνω</span> <span class='ocrx_word' id='word_1_795' title='bbox 3486 4841 3640 4893; x_wconf 62' lang='grc' dir='ltr'>τηνιά</span> 
     </span>
    </p>
   </div>
   <div class='ocr_carea' id='block_1_106' title="bbox 2058 4908 3634 4987">
    <p class='ocr_par' dir='ltr' id='par_1_106' title="bbox 2058 4908 3634 4987">
     <span class='ocr_line' id='line_1_106' title="bbox 2058 4908 3634 4987; baseline 0.004 -25"><span class='ocrx_word' id='word_1_796' title='bbox 2058 4908 2235 4962; x_wconf 81' lang='grc' dir='ltr'><strong>καῦτα</strong></span> <span class='ocrx_word' id='word_1_797' title='bbox 2264 4909 2362 4980; x_wconf 80' lang='grc' dir='ltr'>τὴν</span> <span class='ocrx_word' id='word_1_798' title='bbox 2402 4911 2562 4980; x_wconf 81' lang='grc' dir='ltr'>δίκην</span> <span class='ocrx_word' id='word_1_799' title='bbox 2601 4910 2815 4976; x_wconf 78' lang='grc' dir='ltr'>δοῦναι,</span> <span class='ocrx_word' id='word_1_800' title='bbox 2857 4913 2909 4965; x_wconf 71' lang='grc' dir='ltr'><strong>εἴ</strong></span> <span class='ocrx_word' id='word_1_801' title='bbox 2937 4930 2998 4980; x_wconf 89' lang='grc' dir='ltr'><strong>γε</strong></span> <span class='ocrx_word' id='word_1_802' title='bbox 3029 4915 3257 4984; x_wconf 79' lang='grc' dir='ltr'>τοιούτῳ</span> <span class='ocrx_word' id='word_1_803' title='bbox 3286 4913 3389 4966; x_wconf 77' lang='grc' dir='ltr'><strong>ὑπὸ</strong></span> <span class='ocrx_word' id='word_1_804' title='bbox 3429 4912 3634 4987; x_wconf 80' lang='grc' dir='ltr'>Κυρῖου</span> 
     </span>
    </p>
   </div>
   <div class='ocr_carea' id='block_1_107' title="bbox 2059 5000 3632 5072">
    <p class='ocr_par' dir='ltr' id='par_1_107' title="bbox 2059 5000 3632 5072">
     <span class='ocr_line' id='line_1_107' title="bbox 2059 5000 3632 5072; baseline 0.002 -18"><span class='ocrx_word' id='word_1_805' title='bbox 2059 5002 2330 5072; x_wconf 79' lang='grc' dir='ltr'>παρεδόθη</span> <span class='ocrx_word' id='word_1_806' title='bbox 2363 5001 2538 5072; x_wconf 79' lang='grc' dir='ltr'>ἀνδρί.</span> <span class='ocrx_word' id='word_1_807' title='bbox 2576 5001 2702 5054; x_wconf 84' lang='grc' dir='ltr'><strong>Ἐπὶ</strong></span> <span class='ocrx_word' id='word_1_808' title='bbox 2731 5003 2944 5066; x_wconf 84' lang='grc' dir='ltr'>τούτοις</span> <span class='ocrx_word' id='word_1_809' title='bbox 2973 5000 3066 5056; x_wconf 73' lang='grc' dir='ltr'><strong>οὖν</strong></span> <span class='ocrx_word' id='word_1_810' title='bbox 3101 5005 3518 5072; x_wconf 79' lang='grc' dir='ltr'>μεταστέλλεται</span> <span class='ocrx_word' id='word_1_811' title='bbox 3547 5007 3632 5058; x_wconf 64' lang='grc' dir='ltr'>διὰ</span> 
     </span>
    </p>
   </div>
   <div class='ocr_carea' id='block_1_108' title="bbox 2059 5087 3627 5163">
    <p class='ocr_par' dir='ltr' id='par_1_108' title="bbox 2059 5087 3627 5163">
     <span class='ocr_line' id='line_1_108' title="bbox 2059 5087 3627 5163; baseline 0.003 -23"><span class='ocrx_word' id='word_1_812' title='bbox 2059 5087 2150 5140; x_wconf 82' lang='grc' dir='ltr'>τοῦ</span> <span class='ocrx_word' id='word_1_813' title='bbox 2198 5090 2701 5160; x_wconf 81' lang='grc' dir='ltr'>παρακοιμωμένου</span> <span class='ocrx_word' id='word_1_814' title='bbox 2745 5090 2838 5141; x_wconf 82' lang='grc' dir='ltr'><strong>τὸν</strong></span> <span class='ocrx_word' id='word_1_815' title='bbox 2880 5089 3206 5144; x_wconf 82' lang='grc' dir='ltr'>Φιλιππικόν</span> <span class='ocrx_word' id='word_1_816' title='bbox 3232 5108 3246 5123; x_wconf 76' lang='grc' dir='ltr'><strong>ο</strong></span> <span class='ocrx_word' id='word_1_817' title='bbox 3285 5087 3484 5162; x_wconf 75' lang='grc' dir='ltr'>ἔφθασε</span> <span class='ocrx_word' id='word_1_818' title='bbox 3524 5095 3627 5163; x_wconf 83' lang='grc' dir='ltr'><strong>γάρ</strong></span> 
     </span>
    </p>
   </div>
   <div class='ocr_carea' id='block_1_109' title="bbox 2058 5175 3622 5252">
    <p class='ocr_par' dir='ltr' id='par_1_109' title="bbox 2058 5175 3622 5252">
     <span class='ocr_line' id='line_1_109' title="bbox 2058 5175 3622 5252; baseline 0.005 -26"><span class='ocrx_word' id='word_1_819' title='bbox 2058 5175 2270 5230; x_wconf 79' lang='grc' dir='ltr'>πολλῶν</span> <span class='ocrx_word' id='word_1_820' title='bbox 2295 5177 2456 5230; x_wconf 81' lang='grc' dir='ltr'>αὐτὸν</span> <span class='ocrx_word' id='word_1_821' title='bbox 2481 5177 2714 5243; x_wconf 77' lang='grc' dir='ltr'>ἀξιῶσαι</span> <span class='ocrx_word' id='word_1_822' title='bbox 2742 5178 2952 5234; x_wconf 84' lang='grc' dir='ltr'>δεινῶν.</span> <span class='ocrx_word' id='word_1_823' title='bbox 2982 5178 3418 5252; x_wconf 81' lang='grc' dir='ltr'>Γυναικάδελφος</span> <span class='ocrx_word' id='word_1_824' title='bbox 3443 5178 3510 5252; x_wconf 82' lang='grc' dir='ltr'>ἦν</span> <span class='ocrx_word' id='word_1_825' title='bbox 3532 5181 3622 5234; x_wconf 83' lang='grc' dir='ltr'>τοῦ</span> 
     </span>
    </p>
   </div>
   <div class='ocr_carea' id='block_1_110' title="bbox 2058 5263 3629 5344">
    <p class='ocr_par' dir='ltr' id='par_1_110' title="bbox 2058 5263 3629 5344">
     <span class='ocr_line' id='line_1_110' title="bbox 2058 5263 3629 5344; baseline 0.003 -22"><span class='ocrx_word' id='word_1_826' title='bbox 2058 5269 2368 5339; x_wconf 79' lang='grc' dir='ltr'>Μαυρικίου</span> <span class='ocrx_word' id='word_1_827' title='bbox 2405 5269 2434 5322; x_wconf 89' lang='lat'><strong>6</strong></span> <span class='ocrx_word' id='word_1_828' title='bbox 2471 5268 2801 5334; x_wconf 76' lang='grc' dir='ltr'>Φιλιππικδς</span> <span class='ocrx_word' id='word_1_829' title='bbox 2839 5263 2994 5330; x_wconf 70' lang='grc' dir='ltr'>οὗτος</span> <span class='ocrx_word' id='word_1_830' title='bbox 3029 5273 3111 5335; x_wconf 76' lang='grc' dir='ltr'>εἰς</span> <span class='ocrx_word' id='word_1_831' title='bbox 3149 5274 3500 5344; x_wconf 78' lang='grc' dir='ltr'>ἐκστρατείαν</span> <span class='ocrx_word' id='word_1_832' title='bbox 3536 5275 3629 5328; x_wconf 79' lang='grc' dir='ltr'><strong>ὲκ-</strong></span> 
     </span>
    </p>
   </div>
   <div class='ocr_carea' id='block_1_111' title="bbox 2061 5361 3632 5439">
    <p class='ocr_par' dir='ltr' id='par_1_111' title="bbox 2061 5361 3632 5439">
     <span class='ocr_line' id='line_1_111' title="bbox 2061 5361 3632 5439; baseline 0.007 -27"><span class='ocrx_word' id='word_1_833' title='bbox 2061 5362 2372 5432; x_wconf 77' lang='grc' dir='ltr'>πεμφθεὶς,</span> <span class='ocrx_word' id='word_1_834' title='bbox 2421 5364 2516 5415; x_wconf 68' lang='grc' dir='ltr'><strong>καὶ</strong></span> <span class='ocrx_word' id='word_1_835' title='bbox 2560 5361 2782 5433; x_wconf 57' lang='lat' dir='ltr'><strong>nanti-1;</strong></span> <span class='ocrx_word' id='word_1_836' title='bbox 2832 5365 3205 5432; x_wconf 78' lang='grc' dir='ltr'>ὲπαναζεύξας</span> <span class='ocrx_word' id='word_1_837' title='bbox 3256 5369 3448 5438; x_wconf 84' lang='grc' dir='ltr'>φθόνου</span> <span class='ocrx_word' id='word_1_838' title='bbox 3495 5385 3632 5439; x_wconf 83' lang='grc' dir='ltr'>πυρ-</span> 
     </span>
    </p>
   </div>
   <div class='ocr_carea' id='block_1_112' title="bbox 2061 5444 3632 5529">
    <p class='ocr_par' dir='ltr' id='par_1_112' title="bbox 2061 5444 3632 5529">
     <span class='ocr_line' id='line_1_112' title="bbox 2061 5444 3632 5529; baseline 0.004 -24"><span class='ocrx_word' id='word_1_839' title='bbox 2061 5455 2222 5505; x_wconf 72' lang='grc' dir='ltr'>καϊὰν</span> <span class='ocrx_word' id='word_1_840' title='bbox 2259 5453 2449 5522; x_wconf 66' lang='grc' dir='ltr'>ἤγειρε</span> <span class='ocrx_word' id='word_1_841' title='bbox 2490 5444 2855 5519; x_wconf 74' lang='grc' dir='ltr'>καθ”ὲαυτοῦ,</span> <span class='ocrx_word' id='word_1_842' title='bbox 2895 5455 2948 5507; x_wconf 73' lang='grc' dir='ltr'>εἰ</span> <span class='ocrx_word' id='word_1_843' title='bbox 2980 5458 3162 5523; x_wconf 80' lang='grc' dir='ltr'>γεκαὶ</span> <span class='ocrx_word' id='word_1_844' title='bbox 3193 5459 3394 5527; x_wconf 84' lang='grc' dir='ltr'>μᾶλλον</span> <span class='ocrx_word' id='word_1_845' title='bbox 3431 5459 3632 5529; x_wconf 74' lang='grc' dir='ltr'>ἔφθασε</span> 
     </span>
    </p>
   </div>
   <div class='ocr_carea' id='block_1_113' title="bbox 2061 5545 3633 5624">
    <p class='ocr_par' dir='ltr' id='par_1_113' title="bbox 2061 5545 3633 5624">
     <span class='ocr_line' id='line_1_113' title="bbox 2061 5545 3633 5624; baseline 0.006 -27"><span class='ocrx_word' id='word_1_846' title='bbox 2061 5545 2251 5614; x_wconf 84' lang='grc' dir='ltr'>μαθεῖν</span> <span class='ocrx_word' id='word_1_847' title='bbox 2281 5548 2306 5597; x_wconf 84' lang='grc' dir='ltr'><strong>ὁ</strong></span> <span class='ocrx_word' id='word_1_848' title='bbox 2337 5545 2640 5614; x_wconf 83' lang='grc' dir='ltr'>Μαυρίκιος</span> <span class='ocrx_word' id='word_1_849' title='bbox 2670 5546 2753 5599; x_wconf 86' lang='grc' dir='ltr'>ὅτι</span> <span class='ocrx_word' id='word_1_850' title='bbox 2783 5545 3080 5615; x_wconf 75' lang='grc' dir='ltr'>διαδέξεταί</span> <span class='ocrx_word' id='word_1_851' title='bbox 3110 5568 3187 5614; x_wconf 83' lang='grc' dir='ltr'><strong>τις</strong></span> <span class='ocrx_word' id='word_1_852' title='bbox 3216 5553 3379 5606; x_wconf 74' lang='grc' dir='ltr'>αύτδν</span> <span class='ocrx_word' id='word_1_853' title='bbox 3406 5554 3544 5624; x_wconf 76' lang='grc' dir='ltr'>ἔχων</span> <span class='ocrx_word' id='word_1_854' title='bbox 3572 5556 3633 5607; x_wconf 58' lang='lat' dir='ltr'><strong>ro</strong></span> 
     </span>
    </p>
   </div>
   <div class='ocr_carea' id='block_1_114' title="bbox 2056 5638 3634 5714">
    <p class='ocr_par' dir='ltr' id='par_1_114' title="bbox 2056 5638 3634 5714">
     <span class='ocr_line' id='line_1_114' title="bbox 2056 5638 3634 5714; baseline 0.008 -27"><span class='ocrx_word' id='word_1_855' title='bbox 2056 5638 2099 5688; x_wconf 82' lang='grc' dir='ltr'>Φ</span> <span class='ocrx_word' id='word_1_856' title='bbox 2127 5640 2386 5706; x_wconf 83' lang='grc' dir='ltr'>στοιχεῖον</span> <span class='ocrx_word' id='word_1_857' title='bbox 2413 5641 2470 5691; x_wconf 72' lang='grc' dir='ltr'>ἐν</span> <span class='ocrx_word' id='word_1_858' title='bbox 2499 5641 2638 5709; x_wconf 67' lang='grc' dir='ltr'>ἀρχῇ</span> <span class='ocrx_word' id='word_1_859' title='bbox 2667 5640 2766 5708; x_wconf 80' lang='grc' dir='ltr'>τῆς</span> <span class='ocrx_word' id='word_1_860' title='bbox 2795 5642 2960 5693; x_wconf 78' lang='grc' dir='ltr'>αὑτοῦ</span> <span class='ocrx_word' id='word_1_861' title='bbox 2989 5643 3253 5714; x_wconf 75' lang='grc' dir='ltr'>κλήσεως,</span> <span class='ocrx_word' id='word_1_862' title='bbox 3279 5646 3354 5708; x_wconf 85' lang='grc' dir='ltr'>ὡς</span> <span class='ocrx_word' id='word_1_863' title='bbox 3381 5645 3634 5700; x_wconf 76' lang='grc' dir='ltr'>ἐντεῦθεν</span> 
     </span>
    </p>
   </div>
   <div class='ocr_carea' id='block_1_115' title="bbox 2058 5731 3627 5809">
    <p class='ocr_par' dir='ltr' id='par_1_115' title="bbox 2058 5731 3627 5809">
     <span class='ocr_line' id='line_1_115' title="bbox 2058 5731 3627 5809; baseline 0.008 -28"><span class='ocrx_word' id='word_1_864' title='bbox 2058 5731 2235 5786; x_wconf 82' lang='grc' dir='ltr'>εἰπεῖν</span> <span class='ocrx_word' id='word_1_865' title='bbox 2260 5733 2350 5786; x_wconf 71' lang='grc' dir='ltr'><strong>τὸν</strong></span> <span class='ocrx_word' id='word_1_866' title='bbox 2376 5732 2717 5804; x_wconf 78' lang='grc' dir='ltr'>Μαυρίκιον,</span> <span class='ocrx_word' id='word_1_867' title='bbox 2853 5753 3016 5804; x_wconf 69' lang='grc' dir='ltr'>φασι,</span> <span class='ocrx_word' id='word_1_868' title='bbox 3050 5739 3193 5806; x_wconf 78' lang='grc' dir='ltr'>μετὰ</span> <span class='ocrx_word' id='word_1_869' title='bbox 3213 5739 3274 5792; x_wconf 80' lang='grc' dir='ltr'>τὺ</span> <span class='ocrx_word' id='word_1_870' title='bbox 3303 5737 3627 5809; x_wconf 64' lang='grc' dir='ltr'>ὅραμα,”ὃτι</span> 
     </span>
    </p>
   </div>
  </div>
