4054 6416
277 381 392 452 512
463 445 471 459 ,

1522 357 1926 429 ANNALIUM
1968 353 2162 421 PARS
2200 352 2301 417 IV.

3442 335 3548 400 5M

273 504 380 556 aut
401 449 492 553 τὸν
512 487 842 550 Φιλιππικὸν
868 485 1292 558 ἀπεκτείναμεν,
1317 482 1524 539 καὶτὸν
1545 481 1677 535 Θεὸν
1699 481 1741 533 Φ
1763 481 1864 534 ούκ
1893 485 1909 541 Α

2013 474 2278 528 ubitorem
2309 479 2469 524 suum
2511 461 2764 523 arcessit,
2795 471 2961 529 quem
3001 463 3162 512 antea
3193 449 3434 524 graviter
3464 452 3556 506 tre~

522 546 1040 652 hiscenslldusvo;
1071 546 1223 633 οὖνὸ
1254 546 1580 636 ιιίιλιιππικὸς
1609 570 1868 626 τοσοῦτον

2013 573 2142 621 erat.
2168 559 2441 617 Etuxoris
2464 555 2710 612 Mauricii
2731 553 2901 609 frater
2920 559 3042 607 erat
3064 549 3157 604 hic
3181 546 3550 616 Philippicus.

2052 657 2065 662 -
2145 655 2160 662 -
2393 651 2409 662 .
2504 661 2508 662 ν
2818 645 2937 662 ,
2981 643 3256 662 _,,‘_-____
3317 639 3410 662 __,_,
3467 637 3519 662 η,

277 658 528 751 ἐπτοήθη
558 677 702 731 ὥστε
732 674 829 727 καὶ
856 669 1146 732 κοινωνίας
1177 665 1472 738 μετασχεῖν
1497 662 1594 716 καὶ
1620 661 1750 736 τοὺς
1776 658 1869 713 ὑπ’

283 776 453 831 αὐτὸν
490 769 587 824 ἐπὶ
636 765 833 821 σποδοῦ
875 763 971 817 καὶ
1013 761 1218 814 σάκκου
1259 756 1602 827 καθημένους
1647 753 1877 807 καταλι-

285 867 437 921 πεῖν.
470 859 925 916 Καταλλόισσεται
954 848 1048 908 οὖν
1075 855 1104 906 6
1133 849 1385 922 βασιλεὺς
1413 845 1598 918 αὐτῷ,
1625 846 1722 899 καὶ
1750 861 1878 912 συγ·

1973 657 2070 728 qui
2095 655 2360 711 adversus
2393 651 2582 706 hostes
2612 662 2737 704 cum
2771 645 2947 716 copiis
2975 643 3281 712 ablegatus,
3317 639 3411 693 ubi
3467 637 3552 688 vi-

1976 727 2149 805 ctoria
2171 746 2378 818 potitus
2405 742 2742 804 revertisset,
2795 746 2987 793 contra
3018 750 3076 790 se
3105 732 3378 788 ﬂammam
3411 727 3561 783 Invi-

1979 841 2085 896 diae
2109 837 2500 894 concitaverat.
2530 832 2805 887 Praeterea
2834 827 3090 898 quiddam
3126 821 3275 880 aliud
3307 829 3552 878 anteces-

637 944 719 1009 οἷς
741 943 1023 999 ἐκάκωσεν
1039 911 1205 994 aiis-6v
1221 911 1448 1002 ἐξαιτεῖ.
1467 911 1688 987 Τούτων
1702 911 1877 992 οὕτως

2013 937 2148 986 erat.
2182 928 2318 983 Nam
2351 925 2598 981 futurum
2655 921 2948 976 Mauricius
3003 917 3350 973 intellexerat
3395 921 3457 968 ut
3506 911 3563 965 in

552 1005 914 1108 ἐπανέρχεται
935 1033 1044 1088 ἀπὸ
1063 1030 1158 1086 τοῦ
1180 1029 1488 1102 Δυρραχίου
1511 1027 1540 1081 6
1563 1022 1881 1094 διαληφθεὶς

2013 1020 2218 1092 mperio
2269 1017 2493 1088 quidam
2541 1015 2590 1071 ei
2647 1011 2969 1089 succederet
3001 1010 3156 1081 cujus
3196 1022 3397 1064 nomen
3450 1005 3566 1075 pri-

296 1096 512 1202 ἰωκάς,
549 1135 649 1189 καὶ
827 1125 1064 1182 πολιτῶν
1101 1126 1160 1179 ἐν
1190 1096 1270 1194 τῶ
1296 1096 1550 1192 ιΕδδόμῳ
1587 1116 1883 1187 συναχθέν-

2013 1126 2128 1166 nam
2161 1110 2205 1164 Φ
2241 1109 2480 1163 litteram
2530 1105 2782 1161 haberet.
2838 1101 3053 1156 Idcirco
3089 1106 3208 1169 post
3245 1096 3379 1153 illud
3423 1110 3570 1150 som-

299 1244 409 1284 των
435 1223 692 1299 βασιλεὺς
721 1216 1143 1289 ἀναγορεύεται.
1169 1214 1385 1283 Κρατεῐ
1410 1206 1504 1264 οὖν
1527 1211 1556 1263 6
1583 1204 1884 1261 Καππαδό-

294 1336 401 1390 κης
435 1298 591 1378 οὗτος
623 1312 818 1376 Nati;
856 1311 952 1380 ἔτη
985 1314 1058 1378 η’,
1086 1307 1243 1362 Μετὰ
1273 1303 1332 1359 δὲ
1360 1301 1532 1356 ταῦτα
1560 1298 1669 1353 τῶν
1695 1298 1884 1368 δήμων

296 1388 713 1465 στασιασάντων
741 1403 842 1456 καὶ
868 1400 1143 1469 λεγόντων
1168 1396 1254 1452 ὅτι
1277 1396 1406 1451 Μαυ
1417 1393 1592 1465 ρίκιος
1617 1390 1720 1445 οὑκ
1746 1388 1888 1443 ἀπέο

1985 1203 2140 1257 nium
2193 1199 2341 1270 quod
2393 1195 2767 1259 narravimus,
2809 1191 3014 1247 dixisse
3067 1188 3469 1261 perhibeturu
3512 1185 3569 1240 Si

1997 1291 2235 1347 maxime
2273 1289 2644 1359 Philippicum
2701 1287 3132 1348 occidissemus,
3187 1281 3330 1336 Deus
3391 1290 3570 1334 tamen

1989 1385 2097 1439 alio
2123 1385 2166 1437 Φ
2198 1399 2310 1439 non
2337 1381 2628 1438 caruisset.
2665 1397 2686 1434 ι
2722 1378 3090 1445 Quamobrem
3118 1373 3209 1428 ubi
3236 1370 3578 1442 Philippicus

293 1498 485 1562 θανεν,
515 1494 609 1548 ἐπὶ
633 1492 725 1546 τὸν
748 1486 916 1544 αὐτοῦ
945 1465 1105 1554 φόνον
1132 1485 1161 1538 6
1183 1482 1377 1546 Φωκᾶς
1402 1481 1659 1535 κινεῖται.
1687 1477 1797 1530 Καὶ
1823 1473 1888 1543 δὴ

2013 1472 2405 1536 ircessebatur,
2435 1476 2588 1525 tanto
2639 1477 2851 1524 terrore
2905 1465 3198 1538 perculsus
3217 1471 3304 1518 est
3333 1470 3395 1516 ut
3425 1475 3577 1514 sacra

296 1591 362 1642 ιν
395 1554 484 1658 τῷ,
516 1583 610 1638 τοῦ
651 1579 958 1652 Εὐτροπίου
1000 1576 1183 1646 λιμένι
1223 1573 1416 1644 πρῶτα
1462 1569 1565 1658 μεν
1602 1565 1891 1636 ἀναιροῦσι

2013 1565 2241 1638 symbola
2269 1563 2576 1634 perciperet
2631 1577 2694 1618 ac
2723 1575 2856 1616 suos
2888 1559 3063 1617 saccis
3102 1557 3326 1612 indutos
3367 1554 3579 1609 cinere.-

301 1655 502 1738 TODCVE'
523 1670 722 1732 παῖδας
747 1665 940 1732 αὑτοῦ,
969 1663 1138 1736 μηδὲν
1161 1661 1291 1718 ἄλλο
1313 1656 1617 1731 τηνικαῦτα
1641 1655 1894 1724 λέγοντος

312 1773 353 1844 ἢ
391 1769 552 1825 τοῦτο
598 1786 618 1820 ι
665 1766 884 1826 Δίκαιος
923 1759 994 1827 εἷ,
1034 1758 1230 1829 Κύριε,
1270 1755 1366 1810 καὶ
1410 1751 1596 1808 δικαία
1636 1751 1670 1821 ή
1711 1748 1896 1819 κρὶσις

1995 1673 2102 1729 que
2128 1670 2457 1726 conspersos
2481 1654 2845 1724 relinqueret.
2880 1653 3080 1707 Verum
3123 1650 3422 1719 imperator
3453 1659 3576 1698 cum

1999 1766 2066 1807 eo
2088 1750 2252 1806 rediit
2279 1749 2334 1805 in
2371 1747 2627 1819 gratiam,
2653 1748 2869 1817 sibique
2894 1742 3194 1799 condonari
3227 1739 3385 1810 petiit
3433 1737 3579 1806 quod

309 1832 407 1918 σου
427 1902 444 1928 ,
481 1880 502 1914 ι
533 1858 845 1912 τελευταῖον
873 1855 930 1924 δὲ
962 1851 1059 1907 καὶ
1087 1851 1252 1905 αὐτὸν
1281 1846 1596 1918 ἀναιροῦσι.
1626 1843 1739 1914 Τὴν
1770 1841 1900 1911 μὲν-ι

2013 1856 2128 1898 eum
2185 1850 2296 1896 tam
2333 1839 2559 1910 indigne
2593 1846 2905 1893 tractasset.
2949 1833 3113 1904 275
3145 1833 3203 1886 In
3250 1832 3354 1885 hoc
3395 1840 3579 1882 rerum

301 1967 389 2008 τοι
413 1952 651 2023 γυναῖκα
680 1946 849 2003 αὑτοῦ
884 1946 981 1999 σὺν
1005 1945 1128 2005 ταῖς
1157 1939 1498 2010 θυγατράσιν
1527 1937 1586 1990 ἐν
1618 1947 1888 2004 μοναστη-

1995 1944 2140 1990 statu
2155 1933 2388 1996 Phocas,
2405 1932 2475 1989 de
2496 1947 2607 2002 quo
2625 1924 3240 1999 diximus,,Dyrrhachio
3261 1937 3322 1977 re
3357 1920 3581 1979 ertitur,

306 2016 774 2120 ρίου-κατακλείει.
805 2038 1195 2107 Καλλιγράφος
1219 2032 1316 2088 οὖν
1342 2033 1451 2088 ἀπὺ
1479 2028 1803 2099 παννυχίδος
1831 2026 1890 2078 ὲν

2013 2040 2232 2096 :umquc
2281 2024 2432 2080 cives
2464 2024 2520 2078 in
2576 2022 2863 2078 Hebdomo
2901 2019 3224 2081 coivisscnt,
3279 2016 3580 2082 imperator

307 2227 643 2298 Μαυρίκιος,
681 2223 885 2295 ἤκουσε
921 2220 1049 2282 τοὺς
1085 2217 1415 2289 ἀνδριάντας
1450 2216 1516 2268 ὲκ
1547 2213 1658 2268 τῶν
1692 2211 1895 2282 βωμῶν

307 2317 568 2386 λέγοντας
596 2315 698 2385 τὴν
726 2313 938 2368 ἐκείνου
965 2311 1250 2381 ἀναίρεσιν
1273 2347 1288 2374 ,
1319 2307 1418 2362 καὶ
1445 2304 1898 2378 σημειωσάμενος

311 2410 404 2462 τὸν
427 2407 624 2477 καιρὸν
648 2407 896 2476 εὑρίσκει
918 2404 978 2458 τὸ
1005 2403 1241 2474 πρᾶγμα
1269 2399 1445 2464 οὕτως
1475 2399 1622 2470 ἔχον.
1648 2396 1731 2451 Τὰ
1758 2393 1903 2448 αὐτὰ

315 2501 372 2554 δὲ
410 2503 505 2554 καὶ
546 2501 642 2552 ἐπὶ
671 2499 785 2560 τοῖς
822 2497 1034 2560 λοιποῖς
1071 2491 1238 2548 αὐτοῦ
1276 2490 1603 2560 συγγενέσιν
1635 2489 1665 2542 6
1705 2486 1904 2549 Φωκεῖς

320 2592 666 2664 διεπράξατο.
700 2597 711 2608 '

184 2160 195 2168 ·
283 2106 704 2213 γ”Αλεεανδρείᾳ
737 2131 1105 2203 στρεφόμενος
1135 2128 1378 2196 ἑσπέρας
1406 2123 1528 2180 καθ’
1553 2125 1622 2195 ἢν
1648 2121 1891 2195 ἀνῃρέοη

2013 2116 2378 2172 renuntiatur.
2411 2114 2678 2186 Regnavit
2721 2125 2904 2168 autem
2938 2111 3146 2167 Phocas
3198 2110 3310 2173 hic,
3361 2106 3584 2160 natione

2005 2209 2325 2280 Cappadox,
2350 2223 2526 2264 annos
2553 2217 2698 2263 octo.
2731 2205 2980 2276 Cumque
2999 2205 3101 2260 sub
3137 2203 3314 2270 ipsum
3363 2197 3584 2253 initium

2004 2299 2224 2372 imperii
2279 2300 2546 2356 factiones
2590 2300 2776 2370 populi
2827 2299 3071 2370 graviter
3114 2294 3586 2351 tumultuarentur

2005 2395 2442 2465 Mauriciumque
2473 2395 2710 2450 necdum
2739 2409 2770 2449 e
2804 2393 2946 2448 vivis
2991 2391 3296 2446 excessisse
3340 2385 3588 2442 clamita-

2005 2495 2151 2551 rent,
2179 2486 2283 2542 hac
2309 2487 2425 2556 ipsa
2456 2501 2593 2542 voce
2628 2485 2838 2541 Phocas
2865 2485 2930 2540 ad
2964 2485 3083 2556 ejus
3103 2497 3292 2538 necem
3317 2478 3590 2534 excitatus

2007 2589 2111 2636 est.
2149 2578 2500 2650 Quapropter
2529 2577 2769 2649 ablegali
2831 2577 3055 2648 quidam
3103 2576 3230 2644 ejus
3291 2572 3368 2626 rei
3423 2569 3588 2640 pelli-

316 2687 527 2743 cienda:
558 2698 726 2740 causa
769 2680 1009 2754 primum
1046 2679 1100 2736 in
1162 2686 1325 2750 portu
1377 2677 1626 2746 Eutropo
1689 2673 1936 2746 quinque
1975 2673 2118 2730 ﬁlios
2179 2674 2303 2745 ejus
2326 2673 2625 2740 trucidant,
2653 2671 2790 2727 nihil
2815 2681 2928 2726 tum
2959 2671 3104 2726 aliud
3124 2671 3396 2741 prolocuti
3424 2684 3587 2737 quam

317 2779 434 2834 haec
457 2777 658 2833 verba:
695 2793 715 2828 ι
755 2770 946 2833 Justus
964 2788 1045 2840 es,
1066 2772 1314 2836 Domine,
1342 2786 1408 2827 ac
1430 2769 1706 2842 judicium
1739 2777 1895 2823 tuum
1931 2767 2142 2840 justum
2167 2775 2270 2822 est.
2303 2785 2322 2820 ι
2388 2767 2707 2823 Postremus
2745 2774 2926 2820 autem
2973 2764 3090 2835 ipse
3131 2773 3378 2818 necatur.
3444 2763 3590 2819 Uxor

318 2889 446 2931 cum
475 2873 695 2929 ﬁliabus
724 2871 779 2927 in
840 2868 1238 2926 monasterium
1295 2867 1478 2923 Phoca
1530 2866 1761 2939 jubente
1785 2864 2160 2922 concluditur.
2192 2863 2412 2921 Accidit
2454 2864 2648 2920 eodem
2697 2875 2942 2935 tempore
2996 2872 3056 2918 ut
3107 2862 3328 2934 quidam
3385 2863 3591 2932 peritus

323 2968 588 3042 elegantis
609 2982 674 3024 ac
725 2981 879 3039 purae
925 2965 1195 3022 librorum
1259 2960 1674 3032 descriptionis,
1718 2969 1937 3018 noctem
1975 2961 2034 3016 in’
2103 2959 2405 3032 pervigiliis
2434 2974 2624 3031 agens,
2657 2958 2851 3014 eodem
2891 2973 3118 3029 vespere
3149 2973 3260 3029 quo
3291 2956 3590 3012 Mauricius

323 3071 408 3118 est
470 3053 814 3126 interfectus,
860 3066 1073 3114 statuas
1142 3055 1201 3111 in
1285 3055 1397 3110 aris
1453 3053 1662 3110 caedem
1738 3053 1890 3108 illius
1957 3055 2278 3109 nuntiantes
2349 3052 2590 3109 audiret.
2647 3051 2996 3122 Quapropter
3041 3049 3144 3107 hoc
3191 3062 3438 3121 tempore
3489 3066 3594 3104 nu-

324 3169 438 3216 tato
475 3170 593 3214 rem
625 3156 699 3211 ita
724 3165 932 3228 gestam
957 3153 1222 3225 deinceps
1259 3151 1554 3208 intellexit.
1585 3151 1862 3224 Cognatos
1887 3151 2053 3207 etiam
2093 3147 2341 3205 Mauricii
2384 3148 2596 3206 Phocas
2636 3147 2827 3205 eodem
2870 3147 3033 3203 modo
3091 3160 3202 3218 quo
3260 3145 3441 3216 ipsum
3481 3157 3590 3202 tra-

328 3252 521 3310 ctavit.

402 3342 539 3400 Τότε
570 3341 746 3397 τοίνυν
777 3334 1024 3410 Χοσρόης
1061 3336 1090 3391 6
1125 3332 1355 3406 Περσῶν
1388 3329 1646 3406 βασιλεὺς
1678 3327 1907 3404 ὥρμησε

2087 3332 2194 3391 Sed
2215 3335 2362 3391 enim
2401 3332 2667 3390 continuo
2693 3342 2806 3388 tum
2841 3331 3114 3390 Chosroes
3145 3333 3438 3389 Persarum
3476 3349 3590 3395 rex.

327 3439 469 3494 κατὰ
495 3433 800 3504 Ῥωμαίων,
826 3435 1029 3502 ὁμοίως
1057 3431 1155 3484 καὶ
1174 3427 1437 3498 Ἀϐαρες,
1464 3425 1558 3481 διὰ
1579 3425 1641 3480 τὸ
1668 3425 1759 3480 τὸν
1787 3423 1914 3481 ἁνόυ

327 3543 442 3586 σιον
483 3529 779 3600 προκρῖναι
816 3522 910 3578 τοῦ
956 3522 1187 3593 ἐννόμου
1232 3519 1523 3590 βασιλέως.
1554 3517 1677 3572 Ἐτι
1717 3518 1774 3574 δὲ
1817 3519 1914 3572 καὶ

328 3624 518 3695 Θνῆσις
563 3617 875 3689 ἀνθρώπων
915 3615 1012 3670 καὶ
1057 3612 1274 3684 κτηνῶν
1316 3612 1514 3681 γέγονε
1563 3611 1661 3666 καὶ
1709 3608 1914 3680 ἀφορία

327 3719 430 3788 γῆς
455 3715 552 3771 καὶ
579 3711 786 3785 χειμὼν
818 3706 1147 3780 βαρύτατος,
1179 3706 1256 3769 ὡς
1286 3705 1380 3760 καὶ
1411 3705 1660 3774 παγῆναι
1690 3703 1790 3776 τὴν
1821 3705 1916 3759 ed.

327 3810 536 3866 λασσαν
576 3805 674 3861 καλ¹
714 3802 948 3868 πολλοὺς
991 3799 1183 3872 ἰχθύας
1221 3798 1501 3855 τεθνάναι.
1541 3797 1683 3852 Τότε
1722 3795 1815 3851 καὶ
1836 3797 1916 3850 κεν

329 3900 515 3972 ἡμέρᾳ
554 3896 652 3952 τοῦ
693 3893 923 3950 ἱππικοῦ
965 3891 1286 3962 ἀτακτήσας
1327 3887 1562 3960 ὑϐρίσθη
1607 3887 1763 3958 παρὰ
1803 3886 1916 3940 τῶν

331 3989 617 4063 δημοτῶν,
653 3986 948 4057 λεγόντων,
989 4001 1009 4036 ι
1036 3982 1207 4039 Πάλιν
1241 3981 1323 4045 είς
1355 3979 1446 4035 τὸν
1479 3978 1690 4034 καῢκον
1722 3979 1912 4046 ἔπιες,

333 4083 494 4137 πᾶλιν
521 4082 615 4134 τὸν
643 4077 773 4132 νοῦν
801 4075 1125 4139 ἀπώλεσας,
1166 4090 1187 4125 ι
1224 4070 1312 4141 ἐφ’
1331 4063 1381 4139 ᾧ
1408 4069 1504 4125 καὶ
1534 4069 1765 4133 πολλοὺς
1795 4068 1920 4122 ἐθα-

333 4175 566 4229 νάτωσε.
593 4170 898 4230 Βλέποντες
925 4165 1019 4220 οὖν
1047 4165 1098 4218 el
1128 4165 1187 4218 ιν
1213 4163 1359 4217 τᾶλει
1383 4161 1447 4217 τδ
1470 4161 1582 4216 τῶν
1607 4159 1918 4233 ἀνθρώπων

335 4267 538 4338 πλῆθος
571 4263 746 4318 πολλὰ
780 4254 998 4332 πάσχον
1029 4256 1202 4323 κακὰ,
1248 4255 1622 4328 δημευόμενον
1645 4293 1662 4321 ,
1691 4253 1796 4318 τὰς
1830 4270 1921 4307 κε-

338 4357 513 4428 φαλὰς
543 4350 976 4424 ἀφαιρούμενον,
1005 4347 1280 4420 γράφουσι
1311 4345 1450 4418 πρὸς
1475 4345 1568 4398 τὸν
1595 4343 1697 4415 τῆς
1731 4343 1922 4414 Ἀφρι-

336 4451 440 4521 κῆς
477 4446 787 4519 στρατηγὸν
830 4441 1188 4514 Ἡράκλειον,
1221 4441 1315 4494 παλ⁵
1348 4437 1408 4502 6;
1443 4435 1642 4493 αὐτίκα
1676 4434 1922 4506 κινηθεὶς

341 4538 528 4592 στόλον
555 4533 838 4606 ἱτοιμάζει
863 4532 961 4586 καὶ
984 4531 1130 4585 κατὰ
1150 4527 1247 4582 τοῦ
1273 4528 1438 4581 Φωκᾶ
1463 4526 1707 4598 ἔρχεται,
1737 4525 1922 4594 φέρων

341 4630 438 4684 καὶ
456 4629 558 4700 τὴν
578 4624 1001 4697 ἀχειροποίητον
1024 4621 1213 4676 εἰκόνα
1232 4617 1326 4673 τοῦ
1349 4617 1608 4690 Χριστοῦ.
1626 4618 1743 4687 Ἐφ’
1759 4611 1804 4685 ᾧ
1825 4616 1923 4671 καὶ

2017 3435 2130 3481 tum
2182 3427 2387 3483 Avares
2443 3425 2708 3481 Romanis
2760 3425 2964 3480 bellum
3015 3426 3253 3482 intulere
3278 3434 3594 3496 propterea,

2013 3516 2161 3586 quod
2187 3517 2414 3587 impium
2448 3516 2729 3572 hominem
2757 3515 3008 3586 legitimo
3042 3517 3366 3586 imperatori
3390 3526 3594 3587 praetu-

2014 3609 2231 3666 lissent.
2264 3610 2537 3666 Praeterea
2583 3607 2754 3679 pestis
2780 3607 3036 3663 homines
3063 3619 3229 3678 atque
3250 3608 3490 3678 pecudes
3509 3608 3596 3662 in-

2015 3702 2177 3768 vasit,
2195 3717 2430 3772 quacum
2449 3711 2507 3757 et
2539 3708 2696 3756 terrae
2713 3699 2972 3756 sterilitas
2994 3710 3051 3756 et
3066 3701 3244 3756 hiems
3262 3701 3402 3756 adeo
3418 3701 3600 3770 gravis

2015 3793 2306 3862 conjuncta
2327 3790 2450 3856 fuit,
2485 3791 2748 3861 utipsum
2774 3806 2925 3846 mare
2968 3791 3288 3859 congelarct
3327 3791 3598 3861 multique

2016 3885 2196 3955 pisces
2225 3897 2598 3940 morerentur.
2625 3884 2932 3953 Imperator
2971 3899 3098 3939 cum
3135 3898 3202 3938 eo
3233 3885 3323 3940 die
3349 3899 3457 3954 quo
3483 3885 3599 3939 ludi

2019 3984 2309 4047 equestres
2332 3975 2759 4046 peragebantur,
2796 3975 2852 4030 in
2877 3973 3097 4031 edendo
3117 3989 3182 4029 ac
3208 3973 3451 4030 bibendo
3483 3989 3602 4028 mo-

2023 4068 2152 4123 dum
2204 4068 2568 4134 excessisset,
2615 4081 2646 4122 a
2685 4066 2840 4136 plebe
2887 4082 2985 4136 per
3029 4064 3383 4137 ignominiam
3418 4066 3604 4120 verbis

2021 4159 2336 4231 hujusmodi
2375 4166 2634 4214 notatus:
2677 4177 2696 4210 ι
2730 4158 2950 4213 Rursus
2975 4172 3006 4213 e
3034 4171 3204 4213 cauco
3238 4157 3452 4223 bibisti,
3477 4174 3603 4212 rur-

2020 4268 2115 4308 sus
2136 4261 2374 4308 mentem
2393 4250 2667 4307 amisisti?
2694 4269 2712 4304 ι
2752 4251 2824 4306 ob
2858 4249 2910 4305 id
2934 4251 3245 4306 convicium
3290 4251 3606 4320 complures

2025 4352 2203 4398 morte
2264 4341 2540 4398 multavit.
2573 4340 2762 4411 Itaque
2791 4354 2917 4396 cum
2948 4341 3200 4412 viderent
3231 4355 3489 4410 proceres
3542 4357 3607 4394 ac

2024 4435 2374 4504 magistratus
2405 4431 2485 4487 rei
2540 4432 2774 4502 publica:
2807 4445 3062 4502 magnam
3100 4431 3385 4486 hominum
3415 4433 3605 4485 multi—

2024 4525 2268 4579 tudinem
2310 4523 2501 4578 multis
2543 4523 2684 4580 allici
2717 4523 2899 4588 malis,
2954 4521 3102 4578 bona
3153 4538 3252 4592 per
3276 4523 3605 4594 publicatio-

2025 4633 2152 4672 nem
2211 4616 2403 4682 adimi,
2447 4616 2629 4687 eapita
2681 4615 2927 4686 praecidi,
2973 4614 3040 4670 ad
3072 4614 3270 4671 Africae
3316 4626 3604 4684 praetorem

340 4671 596 4790 νενίκηκε
617 4671 953 4773 τδνΓΦωκέν.
979 4714 1094 4769 Καὶ
1117 4713 1312 4767 τούτου
1339 4671 1630 4781 γεγονότος
1652 4671 1909 4774 Φωτεινός

2026 4707 2343 4763 Heraclium
2394 4707 2609 4762 litteras
2661 4707 2914 4773 mittunt,
2965 4705 3059 4775 qui
3112 4671 3367 4776 precibus
3413 4721 3605 4760 eorum

337 4830 424 4877 τις
458 4817 521 4866 ὲκ
552 4811 663 4865 τῶν
698 4808 1046 4879 μεγιστάνων
1081 4803 1600 4875 προεπιϐουλευθεὶς
1635 4801 1788 4871 παρὰ
1821 4799 1918 4854 τοῦ

2023 4809 2206 4856 motus
2235 4800 2500 4856 continuo
2545 4800 2776 4855 classem
2821 4808 2979 4870 parat
3028 4807 3086 4854 et
3113 4808 3308 4854 contra
3366 4798 3605 4854 Phocam

339 4907 505 4959 Φωκᾶ
532 4904 613 4966 είς
644 4903 743 4973 τὴν
775 4899 1008 4968 σύζυγον
1039 4896 1207 4950 αὑτοῦ
1243 4895 1490 4966 εἰσῆλθεν
1521 4893 1720 4963 ἀθρόον
1748 4893 1829 4954 εἰς
1857 4891 1909 4945 τὶ

2021 4891 2416 4963 proﬁciscitur,
2441 4889 2683 4947 aﬂ'erens
2713 4905 2902 4946 secum
2931 4889 3079 4944 illam
3113 4888 3404 4960 imaginem
3449 4888 3611 4944 Chri-

342 4995 630 5061 παλατιον,
659 4993 869 5047 καὶτὸν
894 4990 1125 5061 βασιλέα
1146 4988 1340 5042 Φωκᾶν
1365 4986 1569 5055 μέλανα
1593 4983 1920 5055 χιτωνίσκον

343 5087 572 5150 ὲνδύσας
601 5085 801 5139 αὐτίκα
828 5083 908 5154 τῷ
935 5081 1243 5152 Ἡρακλείῳ
1271 5079 1556 5151 προσάγει.
1588 5075 1698 5131 Καὶ
1723 5075 1782 5138 6;
1812 5076 1917 5145 ἔφη

347 5183 484 5252 πρὸς
503 5179 690 5234 αὐτόν’
723 5175 963 5241 «Οὕτως,
984 5172 1272 5243 ἄθλιε,τὴν
1297 5172 1452 5226 πόλιν
1463 5169 1735 5240 διῴκησας
1753 5184 1802 5233 ς)
1833 5167 1928 5220 καὶ

347 5275 376 5324 6
401 5274 619 5336 Φωκᾶς,
657 5271 760 5324 «Σὺ
798 5267 1021 5322 κάλλιον
1049 5266 1326 5334 διοικῆσαι
1353 5263 1518 5334 ἔχεις.
1561 5282 1580 5315 ι
1619 5259 1741 5330 Ἐφ’
1760 5253 1804 5328 ᾧ
1835 5260 1930 5313 καὶ

349 5370 532 5437 χεῖρας
577 5363 784 5426 εὐθέως
822 5361 1086 5431 τέμνεται
1125 5357 1222 5411 καὶ
1265 5356 1466 5419 πόδας,
1511 5354 1571 5408 τὸ
1613 5354 1790 5424 δέρμα
1828 5352 1928 5420 τῆς

352 5455 588 5527 ῥάχεως,
615 5450 686 5505 τὰ
715 5450 916 5514 αἰδοῖα,
946 5449 1042 5502 καὶ
1067 5443 1242 5515 κοντῷ
1269 5443 1594 5514 ἀναρτᾶται,
1621 5445 1716 5496 καὶ
1741 5441 1930 5495 τελευει

349 5550 506 5602 ταῖον
535 5545 638 5616 τὴν
671 5543 919 5615 κεφαλὴν
950 5540 1274 5611 ἀφαιρεῖται
1319 5535 1590 5608 μαχαίρᾳ.
1626 5531 1701 5587 Τδ
1743 5532 1930 5604 μέντοι

351 5641 519 5711 σῶμα
557 5637 726 5691 αὐτού
773 5636 1076 5706 συρόμενον
1110 5631 1254 5686 κατὰ
1287 5629 1387 5702 τὴν
1421 5628 1512 5682 τοῦ
1559 5626 1680 5697 βοὸς
1724 5627 1930 5698 ἀγορὰν

352 5733 487 5802 πυρὶ
521 5729 896 5801 παραδίδοται.

2023 4984 2093 5040 sti
2125 4998 2250 5053 quas
2281 4982 2534 5037 manibus
2565 4981 2704 5035 facta
2735 4995 2845 5035 non
2889 4989 3028 5035 erat.
3065 4978 3177 5035 Hoc
3211 4979 3376 5035 modo
3425 4979 3607 5034 Phoca

2027 5085 2311 5146 superato,
2349 5074 2621 5130 Photinus
2674 5072 2898 5142 quidam
2927 5113 2945 5138 ,
2993 5088 3135 5126 unus
3178 5088 3244 5128 ex
3296 5082 3610 5143 magnatum

2037 5177 2290 5234 numero,
2323 5168 2480 5238 cujus
2515 5165 2700 5221 uxoris
2725 5165 3003 5235 pudicitiae
3035 5165 3251 5220 Phocas
3279 5174 3438 5220 antea
3465 5176 3613 5221 stru—

2033 5269 2189 5315 xerat
2210 5259 2462 5324 insidias,
2487 5258 2672 5314 subito
2697 5258 2750 5312 in
2775 5257 3038 5328 palatium
3067 5257 3271 5329 irrupit
3297 5268 3352 5313 et
3372 5259 3610 5314 Phocam

2035 5353 2424 5420 imperatorem
2470 5349 2617 5419 pulla
2651 5357 2804 5404 veste
2853 5349 3106 5405 indutum
3165 5366 3290 5406 mox
3339 5351 3406 5405 ad
3443 5349 3614 5404 lIera-

2033 5447 2201 5501 clium
2230 5444 2474 5501 deducit.
2505 5443 2610 5511 Qui
2640 5459 2765 5498 cum
2802 5443 3043 5498 Phocam
3082 5443 3269 5498 verbis
3293 5442 3441 5498 hisce
3465 5457 3613 5496 com-

2032 5539 2292 5609 pellaret:
2333 5537 2536 5601 «Itane,
2571 5536 2760 5600 miser,
2793 5551 2909 5590 rem
2939 5535 3214 5606 publicam
3262 5534 3611 5588 administra-

2033 5627 2145 5682 sti?
2181 5645 2201 5678 ι
2240 5627 2530 5698 respondit
2563 5623 2806 5682 Phocas:
2854 5643 2872 5677 ι
2911 5623 3032 5705 Tibi
3063 5638 3191 5679 vero
3221 5637 3318 5692 per
3347 5635 3433 5675 me
3482 5621 3614 5678 licet

2034 5731 2095 5775 ut
2121 5721 2328 5775 rectius
2378 5735 2501 5775 eam
2535 5735 2713 5790 geras.
2755 5737 2774 5770 ›
2837 5717 2982 5772 Hine
3027 5717 3077 5770 ei
3135 5723 3282 5770 recta
3317 5728 3514 5767 manus
3557 5725 3615 5767 et

354 5824 527 5898 pedes
570 5821 860 5892 amputati,
894 5819 1038 5876 cutis
1081 5819 1247 5875 dorso
1279 5817 1548 5885 detracta,
1596 5823 1814 5873 exsecta
1883 5815 2123 5872 verenda
2196 5823 2251 5871 et
2284 5813 2455 5870 hastae
2517 5813 2695 5881 afﬁxa,
2752 5821 2916 5884 caput
2957 5810 3189 5880 denique
3244 5806 3424 5878 gladio
3472 5807 3607 5864 reci.

601 5917 874 5980 Pyram.
913 5915 1031 5974 Ge.
1069 5909 1338 5982 CLVIII.

3223 5903 3292 5960 17
