4054 6442
372 387 476 454 517

1608 389 2015 453 ANNALIUM
2053 391 2248 452 PARS
2291 391 2390 454 ιν.

3509 378 3611 441 E13

369 508 520 559 τίνου
578 504 671 557 καὶ
708 503 926 571 ἔγγονος
969 503 1292 575 Ἡρακλείου
1350 502 1444 574 ἔτη
1483 502 1757 578 κζ”ηΤότε
1789 505 1939 576 καὶζδ

2048 506 2277 563 lleraclii
2294 517 2489 576 nepos,
2505 502 2662 558 annis
2677 494 2743 557 97
2763 500 3075 571 imperavit.
3092 497 3246 553 Tunc
3267 507 3319 553 et
3337 496 3506 551 falsus
3522 497 3614 551 ille

369 595 824 666 ψευδοπροφήτης
859 594 1106 666 Μωάμεθ
1146 597 1342 667 ἐφάνη,
1385 596 1448 648 Οἱ
1507 599 1615 666 γὰρ
1656 597 1937 665 Ἰσμαηλῖ,

367 703 457 739 ται
483 684 678 756 μέχρις
718 684 1050 754 Ἡρακλείου
1089 685 1537 754 εἰδωλολάτρουν,
1576 685 1674 756 τὴν
1708 686 1938 755 Ἀστάρ-

366 794 489 848 την,
518 777 688 847 ἤγουν
713 776 814 847 τὴν
854 775 1108 847 σελήνην,
1142 776 1603 846 προσκυνοῦντες·
1622 776 1800 847 ἦνκαὶ
1827 779 1940 854 Χα-

368 870 467 940 6ὲρ
522 867 831 940 ὠνόμαζον,
863 867 1009 922 τοῦτ’
1057 867 1461 942 ἕστιμεγάλην.
1511 868 1825 939 Τηνικαῦτα
1880 870 1939 922 δὲ

367 962 570 1029 ἀνέστη
590 954 792 1024 ἀὐτοῖς
815 960 1082 1032 Μωὰμεθ.
1115 954 1285 1026 Οὗτος
1307 963 1552 1035 θητεύων
1581 966 1807 1031 γυναικί
1829 979 1939 1015 τινι

374 1048 605 1124 πλουσίᾳ
643 1050 1099 1122 ὕστερονελαὸεν
1129 1053 1301 1125 αὐτὴν
1331 1056 1411 1117 είς
1438 1056 1696 1125 γυναῖκα.
1732 1049 1862 1124 Εἶχε
1882 1052 1940 1106 δὲ

375 1144 771 1214 καϊὲπίληψιν,
801 1145 898 1198 καὶ
952 1145 1125 1200 θέλων
1171 1146 1438 1218 κρύπτειν
1492 1147 1552 1200 τὸ
1590 1147 1762 1209 πάθος
1786 1146 1943 1213 ἔλεγε

370 1237 461 1289 τδν
490 1236 737 1308 Γαϐριὴλ
766 1238 900 1309 ὀρᾷν
930 1237 1165 1306 ἄγγελον
1195 1238 1293 1292 καὶ
1319 1238 1399 1315 μὴ
1433 1239 1616 1310 φέρων
1639 1238 1806 1293 αὐτοῦ
1842 1237 1941 1306 τὴν

371 1328 502 1384 θέαν
539 1329 826 1399 ὀλιγωρεῖν
855 1330 952 1384 καὶ
991 1331 1235 1385 πίπτειν.
1275 1331 1597 1397 Ἀξιόπιστα
1626 1332 1683 1384 δὲ
1713 1329 1783 1384 τὰ
1818 1325 1939 1382 κατ’

371 1410 540 1472 αὐτὸν
592 1417 772 1484 ἔδοξεν
798 1418 909 1473 ἀπὸ
941 1420 1180 1490 μοναχοῦ
1229 1438 1376 1484 τινος
1415 1420 1695 1492 Ἀρειανοῦ
1745 1419 1943 1486 ψευδο-

374 1509 782 1580 μαρτυροῦντος
834 1511 999 1581 αὺτῷσ
1048 1511 1119 1565 δι’
1167 1513 1641 1583 αἰσχροκέρδειαν.
1689 1503 1862 1572 Οὗτος
1913 1510 1944 1563 6

370 1597 615 1667 Μωάμεθ
646 1594 741 1662 είς
772 1600 1138 1670 Παλαιστίνην
1171 1601 1364 1667 ἐλθὼν,
1406 1601 1500 1654 καὶ
1529 1600 1771 1672 ἐντυχὼν
1809 1602 1945 1654 Ἰου-

366 1682 563 1756 δαίοις,
597 1674 922 1771 Ἀιρειανοῖς,
979 1691 1119 1767 πρὸς
1143 1692 1201 1745 δὲ
1254 1693 1350 1747 καλ⁵
1395 1690 1805 1764 Νεστοριανοῖς,
1833 1688 1947 1746 ἀπὸ

372 1779 593 1831 πάντων
622 1778 877 1849 ἡράνικε,
920 1779 1015 1834 καὶ
1063 1779 1365 1849 θρησκείαν
1412 1778 1550 1832 ίδίαν
1597 1777 1938 1848 παρέδωκεν.

2042 607 2194 652 vates
2225 596 2566 652 Moametbus
2593 594 2826 649 exstitit.
2857 592 2991 647 Nam
3018 589 3309 644 lsmaelita:
3341 587 3409 643 ad
3437 586 3613 640 Hera-

2042 688 2209 744 clium
2262 701 2438 756 usque
2486 684 2780 741 simulacra
2825 683 3101 747 colebant,
3149 683 3409 735 Astarten
3466 677 3615 746 (qum

2044 778 2177 833 luna
2207 778 2316 847 est)
2345 777 2674 841 adorantes;
2710 789 2872 844 quam
2903 781 2957 826 et
2981 770 3290 827 Cltaberam
3327 779 3616 832 nuncupa-

2045 871 2207 936 bant,
2266 871 2372 924 hoc
2419 876 2504 925 est
2536 881 2811 940 magnam.
2847 865 2961 919 Hoc
2997 877 3129 916 vero
3171 870 3421 927 tempore
3474 856 3617 908 Man-

2044 965 2270 1021 methus
2321 962 2467 1033 apud
2525 962 2672 1030 ipsos
2724 967 2952 1013 exortus
3006 964 3128 1015 est,
3160 951 3411 1020 quicum
3462 942 3610 1015 apud

2043 1056 2271 1112 divitem
2297 1051 2595 1124 quamdam
2626 1049 2912 1103 mulierem
2951 1041 3205 1105 serviret,
3237 1041 3457 1093 tandem
3491 1050 3615 1124 eam

2044 1159 2275 1203 uxorem
2316 1122 2574 1211 iaccepit.
2645 1135 2958 1192 Laborabat
3019 1132 3065 1185 is
3134 1131 3270 1183 forte
3346 1122 3615 1180 comitiali

2046 1237 2262 1301 morbo,
2293 1249 2458 1305 quem
2493 1233 2576 1286 uti
2610 1235 2842 1299 tegeret,
2886 1224 3141 1294 angelum
3183 1235 3241 1276 se
3294 1216 3614 1274 Gabrielum

2045 1329 2371 1398 conspicere
2409 1321 2744 1385 dictitabat;
2796 1318 2953 1388 cujus
2991 1323 3272 1384 aspectum
3307 1309 3439 1380 quia
3480 1307 3617 1360 tole-

2048 1434 2172 1474 rare
2215 1417 2496 1486 nequiret,
2523 1412 2645 1469 ﬁeri
2682 1421 2744 1468 ut
2773 1411 2959 1468 animo
2988 1410 3202 1477 deiecto
3229 1404 3618 1461 collabrretnr.

2047 1512 2125 1568 Ea
2160 1525 2251 1567 res
2291 1508 2451 1565 ﬁdem
2498 1504 2702 1561 mereri
2734 1504 2853 1558 visa
2889 1502 2993 1557 fuit
3021 1511 3248 1572 propter
3283 1496 3618 1552 monachum
3716 1575 3727 1584 ν

2048 1601 2362 1675 quemdam.
2385 1600 2676 1663 Arianum,
2707 1595 2804 1666 qui
2837 1593 2981 1649 lucri
3009 1594 3095 1648 sui
3134 1604 3297 1646 causa
3343 1588 3539 1643 falsum
3570 1584 3620 1639 ci

2049 1693 2430 1757 testimonium
2476 1686 2829 1762 perhibebat.
2871 1684 3017 1741 Idem
3046 1682 3390 1738 Moametbus
3421 1678 3476 1732 in
3516 1678 3622 1732 Pa-

2047 1771 2320 1842 lzestinam
2369 1780 2651 1853 profectus
2703 1791 2829 1834 cum
2884 1775 2941 1830 in
2986 1772 3229 1839 Judzeos,
3284 1771 3524 1825 Arianos
3560 1776 3619 1823 et

374 1868 451 1921 Οὐ
488 1848 803 1922 παντάπασι
831 1869 888 1923 δὲ
914 1856 1118 1951 χρᾷται
1150 1868 1452 1940 τῷ’νόμῳο
1486 1860 1793 1939 περιτομῆν
1831 1866 1949 1938 γὰρ

2048 1848 2407 1935 Nestorianos
2454 1871 2759 1937 incidisset,
2802 1868 2962 1939 quasi
3005 1866 3291 1922 collectam
3322 1860 3618 1932 quamdam

374 1953 632 2028 ἐδίδαξεν,
667 1961 727 2013 οὐ
768 1961 875 2031 μὴν
912 1946 1108 2015 δὲκαὶ
1155 1946 1528 2023 σαϐϐατιζειν.
1559 1958 1727 2028 Λέγει
1760 1959 1818 2012 δὲ
1849 1959 1945 2013 καὶ

372 2054 567 2106 ἑαυτὸν
604 2050 917 2122 κλειδοῦχον
971 2045 1113 2106 εἶναι
1156 2050 1252 2108 τοῦ
1287 2049 1648 2119 παραδείσου,
1687 2050 1837 2123 τρεῖς
1883 2049 1952 2125 δὲ.

374 2147 657 2215 ποταμοὺς
692 2144 958 2215 φέρεσθαι
980 2145 1039 2196 ἐν
1062 2141 1232 2212 αὐτῷ,
1273 2126 1513 2212 μέλιτος,
1539 2140 1685 2197 οῐνου
1714 2143 1809 2197 καὶ
1841 2142 1944 2211 γά-

371 2236 790 2303 λακπμΑέγει
825 2236 919 2290 καὶ
956 2235 1125 2306 αὐτὴν
1172 2234 1335 2288 σκιὰν
1363 2232 1460 2286 τοῦ
1508 2234 1749 2307 Χριστοῦ
1779 2251 1946 2290 σταυ-

350 2312 618 2399 ρωθῆναι
647 2326 735 2383 διὰ
769 2324 1282 2397 φθόνοννπαρὶτῶν
1309 2323 1577 2382 Ἰουδαίων
1598 2342 1614 2357 ο
1639 2326 1803 2383 αὐτὸν
1836 2325 1955 2401 γὰρ.

372 2412 663 2473 ἀνελάϐετο
700 2417 790 2472 διὰ
840 2421 900 2472 τὸ
931 2402 1107 2487 φιλεῖν
1144 2419 1173 2471 6
1217 2417 1377 2483 Θεός.
1414 2414 1490 2474 Ob
1518 2419 1615 2474 καὶ
1650 2420 1901 2484 εἰπόντος
1924 2437 1939 2453 ο

382 2512 506 2584 «Σὺ
551 2514 580 2566 6
619 2510 824 2582 Ἰησοῦς
853 2511 1039 2580 ἔλεγες
1064 2510 1287 2585 ίὲαυτδν
1324 2512 1460 2566 Θεόν
1490 2527 1506 2544 ·
1539 2530 1558 2565 ι
1580 2558 1585 2563 .
1609 2513 1946 2586 ἁπεκρίνατο

376 2599 449 2665 ὣς
479 2601 582 2655 οῦκ
611 2601 772 2664 αὐτὸς
806 2600 999 2654 ἑαυτὸν
1030 2598 1284 2670 ὠνόμασε
1318 2594 1475 2669 Θεὸν,
1504 2594 1620 2654 ἀλλ’
1649 2601 1698 2654 οἱ
1733 2599 1953 2671 ἄνθρω-.

377 2713 487 2750 ποι.
537 2694 776 2762 Ἐδίδαξε
798 2694 859 2755 δὲ,
881 2693 969 2747 τά
997 2693 1180 2748 πάντα
1207 2690 1494 2764 ὡρισμένα
1536 2694 1632 2748 καὶ
1661 2692 1769 2748 ἀπὸ
1805 2693 1942 2748 Θεοῦ

372 2786 626 2855 γενέσθαι
660 2785 775 2850 τοῖς
807 2785 1141 2855 ἀνθρώποις.
1174 2778 1288 2838 Τὸν
1301 2784 1358 2838 δὲ
1391 2784 1598 2839 Μωσέα
1623 2785 1717 2839 καὶ
1732 2785 1946 2858 Ἀαρὼν

373 2875 728 2947 παραστῆναι
781 2874 882 2944 μὲν
920 2875 979 2927 ἐν
1001 2876 1070 2945 τῇ
1116 2872 1295 2945 κρίσει
1336 2873 1432 2927 τοῦ
1463 2872 1728 2944 Χριστοῦ,
1759 2889 1945 2945 παρα-

372 2967 691 3039 πεμφθῆναι
715 2952 772 3020 δὲ
799 2966 865 3037 τῇ
896 2964 1116 3018 κολάσει
1145 2963 1222 3028 ὡς
1248 2956 1583 3036 ἀνθρώπους
1603 2963 1943 3034 ἀπατηλούς.

2047 1968 2120 2025 ab
2160 1966 2422 2023 omnibus
2452 1961 2751 2033 congessit,
2800 1957 3251 2029 peculiaremque
3297 1953 3622 2022 religionem

2048 2059 2169 2118 suis
2202 2056 2450 2114 tradidit.
2484 2054 2628 2124 Lege
2647 2068 2748 2124 per
2776 2049 2963 2107 omnia
3006 2063 3112 2103 non
3150 2047 3348 2101 utitur.
3368 2042 3619 2100 Circum-

2047 2154 2316 2210 cisionem
2357 2147 2710 2206 retinendam
2744 2145 2930 2208 tradit,
2964 2140 3189 2199 Sabbati
3227 2137 3620 2194 observatione

2046 2245 2283 2303 sublata.
2332 2241 2578 2300 Paradisi
2631 2253 2693 2296 se
2739 2239 3230 2311 clavigerumesse
3266 2232 3509 2307 .jaetitat-,
3562 2229 3622 2286 in

2031 2348 2158 2408 quo
2189 2342 2305 2392 tres
2351 2332 2469 2391 sint
2512 2339 2727 2397 amnes,
2772 2329 2958 2394 melle,
2988 2327 3141 2391 vino,
3174 2326 3340 2392 lacte,
3366 2325 3615 2378 ﬂuentes.

2047 2425 2262 2481 Asserit
2296 2423 2547 2479 umbram
2572 2419 2782 2477 Christi
2810 2428 3020 2474 tantum
3056 2433 3085 2472 a
3114 2415 3321 2473 Judaeis
3352 2428 3449 2484 per
3476 2412 3622 2467 invi-

2046 2519 2196 2574 diam
2240 2515 2561 2573 cruciﬁxam
2597 2527 2743 2579 esse,
2774 2524 2901 2568 cum
2938 2509 3226 2566 Christum
3259 2508 3439 2577 ipsum
3480 2507 3623 2561 Deus

2047 2612 2116 2668 ad
2153 2626 2214 2666 se
2265 2608 2562 2678 receperit,
2609 2606 2689 2661 uti
2722 2618 2890 2674 quem
2939 2602 3218 2670 diligeret.
3251 2599 3521 2670 Rogatum
3567 2597 3645 2651 id.

2047 2699 2316 2771 temporis
2364 2696 2554 2754 .lesum
2591 2709 2624 2749 a
2662 2694 2773 2750 Deo
2806 2694 2997 2764 ipsene
3029 2692 3202 2746 Deum
3239 2705 3367 2771 sese
3409 2703 3625 2743 nuneu-

2046 2799 2250 2864 passet,
2270 2786 2625 2857 respondisse
2654 2798 3004 2855 nequaquam
3034 2782 3088 2837 id
3114 2797 3172 2837 se
3196 2780 3440 2836 nominis
3460 2795 3624 2834 usur-

2047 2896 2240 2954 passe,
2272 2892 2466 2936 verum
2503 2875 2760 2932 homines
2803 2872 2939 2929 illud
2975 2873 3081 2929 sibi
3118 2871 3402 2927 tribuisse.
3452 2872 3622 2925 Docet

2047 2973 2216 3031 etiam
2262 2971 2346 3026 sic
2389 2968 2618 3024 evenire
2657 2973 2855 3025 cuncta
2900 2963 3233 3020 mortalibus
3280 2971 3343 3018 ut
3392 2960 3622 3017 deﬁnita
3660 3024 3666 3030 _

373 3053 569 3123 Ἔλεγε
604 3054 702 3109 καὶ
732 3053 830 3124 τὴν
852 3052 998 3124 ζωὴν
1020 3051 1164 3122 ἔχειν
1187 3053 1369 3106 ἐκεῖσε
1407 3051 1495 3106 διὰ
1526 3050 1776 3123 φθαρτῆς
1802 3051 1946 3124 βρώ-

2050 3052 2165 3123 εἱίιι
2205 3063 2496 3120 divinitus.
2529 3061 2739 3116 Mosem
2781 3069 2838 3116 et
2865 3059 3141 3114 Aaronem
3185 3056 3449 3121 astituros
3495 3054 3625 3124 qui-

373 3147 513 3210 σεῶς
547 3163 608 3199 τε
646 3146 740 3200 καὶ
771 3146 1009 3206 πόσεως.
1054 3144 1219 3200 ’Λλλὰ
1240 3143 1335 3199 καλ.
1360 3144 1463 3216 τὴν
1497 3143 1825 3217 Ἀφροδίτην
1850 3131 1947 3198 κειλ

2050 3159 2173 3216 dem
2202 3156 2327 3213 illos
2354 3156 2409 3211 in
2439 3153 2645 3211 Christi
2670 3152 3105 3225 judicio,verum
3138 3150 3338 3206 deinde
3373 3149 3620 3203 futurum
3734 3172 3741 3177 -

372 3238 707 3308 κρυμμένιο;
739 3236 1007 3291 σέϐονται.
1037 3236 1150 3291 Καὶ
1182 3235 1342 3308 δῆλον
1387 3237 1452 3291 ὲκ
1489 3239 1587 3308 τῆς
1633 3237 1944 3309 προσευχῆς

2048 3259 2110 3307 ut
2149 3258 2412 3320 tanquam
2460 3246 2887 3318 pmstigiatores
2932 3244 3001 3301 ad
3034 3258 3229 3314 pmnas
3271 3242 3622 3312 ablegentur.

374 3330 559 3382 αὐτῶν
578 3346 595 3363 ·
630 3328 845 3398 λέγουσι
876 3329 982 3401 γὰρ
1011 3328 1184 3394 οὕτως
1206 3346 1222 3362 ο
1255 3347 1275 3381 ι
1316 3327 1448 3385 Ἀλὰ
1474 3328 1578 3384 άλὰ
1603 3328 1707 3383 οὐὰ
1735 3329 1943 3401 κουὸὰρ

373 3424 498 3487 ἀλα,
533 3440 552 3474 ο
581 3421 721 3476 τοῦτ’
747 3421 925 3489 ἔστιν,’
948 3423 977 3475 6
1016 3419 1149 3483 Θεὸς
1186 3421 1216 3474 6
1262 3419 1394 3484 Θεδς
1430 3419 1757 3486 μείζωνκαὶ
1781 3422 1815 3493 η
1842 3438 1943 3495 με-
1981 3453 1992 3462 -

374 3515 540 3586 γάλη,
575 3514 956 3587 ἡτουσελήνη,
1000 3512 1295 3585 Ἀφροδίτη
1316 3511 1482 3577 Θεός.·
1546 3536 1555 3543 ·

367 3611 691 3683 precatione
749 3609 1184 3683 deprehendere,
1257 3611 1417 3682 cujus
1462 3611 1581 3667 haec
1614 3611 1785 3668 verba
1827 3621 1996 3670 sunt:

2048 3343 2142 3398 Ait
2199 3340 2257 3396 in
2304 3348 2566 3397 secuturo
2598 3351 2825 3409 quoque
2872 3336 3073 3392 saeculo
3127 3350 3230 3391 nos
3274 3333 3440 3391 vitam
3490 3342 3624 3402 potu

2048 3430 2284 3500 ciboque
2311 3426 2669 3499 corruptibili
2692 3434 3123 3482 sustentaturos.
3146 3425 3411 3481 Venerem
3445 3433 3627 3480 secta-

2043 3526 2194 3576 tores
2239 3522 2360 3592 ejus
2388 3518 2607 3587 occulte
2653 3517 2868 3573 colunt.
2899 3516 3058 3572 Licet
3103 3518 3211 3573 hoc
3254 3531 3322 3572 ex
3373 3515 3618 3587 ipsorum

2073 3632 2093 3666 ι
2135 3615 2254 3671 Alla
2303 3616 2411 3672 alla
2466 3629 2570 3683 ua,
2621 3614 2795 3670 cubar
2845 3613 2978 3680 alla,
3028 3631 3051 3666 ι
3105 3612 3212 3668 hoc
3256 3620 3381 3679 est,
3441 3611 3643 3676 Dens._

372 3712 517 3766 Deus
561 3708 758 3781 major,
813 3718 872 3765 et
921 3721 1141 3780 magna,
1186 3705 1449 3763 nimirum
1492 3707 1656 3773 luna,
1709 3721 1834 3777 quae
1878 3716 1937 3763 et
1975 3707 2164 3766 Venus
2191 3709 2317 3767 dea.

441 3877 598 3932 Μετὰ
622 3874 809 3946 μέντοι
830 3871 927 3928 τοῦ
950 3869 1216 3944 θεηλάτου
1246 3870 1494 3943 Μωάμεθ
1522 3870 1750 3929 θάνατον
1770 3873 1962 3944 ἐφάνη,

372 3967 547 4041 ἀστὴρ
576 3967 673 4020 ἐπὶ
710 3963 1062 4037 μεσημϐρίαν
1096 3962 1338 4034 δοκίτης,
1382 3964 1476 4018 ἐπὶ
1502 3965 1718 4036 ἡμέρας
1745 3965 1814 4033 λ’⁹
1846 3983 1946 4036 ση-

379 4061 587 4131 μαίνων
623 4058 726 4130 τὴν
763 4056 871 4112 τῶν
907 4046 1161 4128 Ἀράϐων
1185 4057 1403 4127 ἔφοδον
1458 4060 1581 4112 τότε
1625 4059 1736 4131 γὰρ
1783 4060 1947 4116 κατέ-

372 4168 504 4223 σχον
522 4152 621 4218 τὴν
641 4149 939 4220 Δαμασκὸν
958 4149 1056 4203 xui.
1084 4148 1220 4202 ἄλλα
1249 4149 1440 4204 πολλά.
1466 4149 1804 4205 Ἐπαινεῖται
1828 4152 1885 4204 δὲ

373 4244 448 4314 γῆ
476 4243 658 4298 αὐτῶν
678 4257 698 4276 ο
731 4241 941 4312 σφόδρα
961 4241 1071 4312 γὰρ
1110 4238 1461 4312 πολύκαρπος
1490 4244 1614 4296 ἔστι
1647 4243 1718 4297 δι’
1746 4243 1949 4318 εῦκρκ..

2122 3872 2253 3933 Post
2303 3875 2499 3948 hujus:
2523 3874 2710 3948 rejecti
2747 3873 3038 3946 punitique
3082 3890 3115 3930 a
3165 3874 3279 3930 Deo
3325 3873 3626 3932 Maometbi

2051 3980 2287 4026 mortem
2320 3970 2476 4026 sidus
2506 3968 2783 4040 quoddam
2832 3984 3026 4043 versus
3074 3968 3361 4025 meridiem
3396 3983 3628 4039 conspe-

2052 4074 2201 4123 ctum
2236 4070 2342 4127 est,
2377 4062 2547 4118 trabis
2591 4060 2822 4139 figuram
2850 4060 3121 4125 referens,
3168 4061 3235 4115 ad
3287 4061 3627 4133 tricesimum

2053 4147 2231 4225 Itaque
2259 4152 2405 4227 diem
2435 4168 2450 4221 ;
2484 4168 2594 4223 quo
2623 4153 2866 4208 Arabum
2900 4151 2954 4206 in
2987 4152 3295 4206 Romanum
3333 4151 3628 4222 imperium

2055 4245 2270 4303 invasio
2293 4244 2622 4300 denuntiata
2658 4245 2783 4299 fuit.
2808 4244 2944 4300 Nam
2967 4253 3026 4298 et
3056 4246 3378 4300 Damascum
3409 4245 3466 4300 id
3495 4256 3633 4300 tem-

376 4351 468 4388 τον
505 4331 672 4403 ἀέρα.
711 4331 877 4386 Ἀλλὰ
903 4331 1000 4385 καὶ
1024 4330 1087 4386 τὸ
1118 4333 1367 4403 πήγανον
1395 4333 1547 4409 οῦδὲν
1573 4322 1821 4406 διαφέρει
1851 4337 1949 4407 τῆς

2052 4339 2206 4408 poris
2236 4353 2391 4394 suam
2419 4337 2471 4392 in
2507 4345 2839 4407 potestatem
2880 4337 3213 4409 redegerunt
3242 4349 3298 4393 ct
3331 4337 3466 4393 alias
3494 4338 3635 4392 mul-

379 4425 550 4494 συκῆς
574 4424 720 4480 κατά
754 4425 828 4478 “τὸ
858 4426 1058 4496 μῆκος.
1089 4425 1206 4480 Καὶ
1257 4426 1314 4481 ἐν
1340 4424 1675 4499 Παλαιστίνῃ
1710 4428 1766 4481 δὲ
1798 4429 1949 4500 πηγὴ

2057 4436 2144 4505 tas
2178 4428 2366 4487 urbes.
2399 4429 2579 4497 Atque
2623 4426 2821 4480 horum
2854 4440 2988 4480 sane
3039 4426 3279 4480 Arabum
3334 4427 3487 4497 regio
3520 4443 3653 4481 ma—.

376 4518 552 4582 ίάσεις
580 4519 919 4587 παρέχουσα,
952 4520 1010 4571 ὲν
1093 4516 1183 4570 τὸν
1218 4516 1424 4589 Κύριον
1451 4518 1835 4590 ὁδοιποροῦντα
1865 4520 1949 4573 λέ-

2055 4533 2297 4588 gnopere
2321 4516 2676 4590 praedicatur,
2706 4518 2785 4571 uti
2816 4532 2936 4586 qua:
2963 4516 3120 4586 copia
3151 4518 3427 4572 fructuum
3457 4518 3634 4571 adun-

378 4626 535 4677 γουσι
574 4609 863 4680 νίψασθαιέ
917 4610 1030 4664 Kal.
1052 4604 1272 4680 δένδρον
1321 4598 1534 4665 ἵσταται
1568 4612 1750 4682 πάσης
1773 4613 1949 4684 άῤῥω·

2057 4609 2149 4663 det
2179 4594 2406 4679 propter
2424 4609 2570 4663 aeris
2594 4609 3046 4678 temperationem
3083 4608 3235 4662 valde
3263 4610 3629 4663 commodam.

380 4700 534 4762 στίας
565 4699 909 4783 ἀλεξίκακον,
934 4701 962 4753 ὂ
982 4698 1198 4770 δένδρον
1219 4700 1299 4765 είς
1320 4700 1422 4771 γῆν
1445 4702 1635 4774 ἐκλίθη
1664 4695 1761 4757 καὶ
1783 4722 1949 4777 προσ-

2061 4702 2202 4757 Ruta
2240 4702 2362 4755 istic
2395 4716 2425 4754 a
2456 4700 2560 4755 ﬁcu
2596 4699 2930 4770 proceritate
2959 4713 3069 4753 non
3103 4699 3630 4768 superatur.ltidcm

378 4780 615 4864 σκύνησέ
647 4791 809 4864 δῆθεν
840 4791 942 4847 τὸν
966 4791 1176 4864 Κύριον
1207 4794 1289 4856 εἰς
1331 4793 1607 4861 Αἴγυπτον
1654 4795 1951 4865 φεύγοντα,

381 4884 543 4951 σώζει
591 4885 650 4940 δὲ
704 4887 799 4940 καὶ
830 4885 1001 4939 εἰσέτι
1044 4885 1105 4938 τδ
1154 4885 1341 4956 σχῆμα
1373 4884 1476 4956 τῆς
1504 4876 1961 4957 προσκυνήσεως.

392 4976 544 5030 Ἐκεῖ
599 4978 719 5030 ἐστὶ
770 4977 867 5030 και
915 4977 951 5048 ἡ
985 4976 1271 5046 βαταρῖτις
1302 4974 1431 5047 ῥίζαι
1474 4978 1508 5047 ἡ
1556 4976 1895 5048 φλογοειδὴς,
1927 4971 1968 5052 ᾗ

383 5066 755 5139 προσεγγίσαι
778 5084 867 5131 τις
908 5066 969 5118 οὐ
1000 5064 1201 5137 τολμᾷ,
1240 5066 1641 5121 ἀνασπᾶταιδὲ
1675 5067 1836 5131 κυνὸς
1863 5068 1963 5134 τῆς

379 5156 663 5227 τοιαύτης
689 5146 848 5227 ῥίζης
908 5154 1138 5225 πλησίον
1168 5144 1455 5219 δεθέντοςο
1503 5158 1538 5225 ἠ
1593 5157 1780 5225 μέντοι
1827 5156 1954 5228 ῥίζα

379 5248 796 5321 περιαπτομένη
811 5247 1246 5320 δαιμονιζομένῳ
1262 5247 1558 5318 φυγαδεύει
1587 5248 1677 5300 τὸν
1696 5247 1948 5318 δαίμονα.

2058 4793 2114 4848 in
2143 4792 2431 4847 Palaestina
2467 4791 2634 4862 278
2670 4791 2794 4847 fons
2828 4790 3046 4861 est,qui
3073 4790 3300 4846 morbos
3333 4798 3489 4845 sanat
3519 4807 3532 4842 :
3577 4792 3631 4845 in

2056 4899 2125 4941 eo
2157 4883 2454 4940 Dominum
2506 4883 2616 4939 iter
2643 4882 2944 4953 aliquando
2970 4882 3262 4938 facientem
3297 4881 3540 4938 abluisse
3573 4898 3634 4939 se

2057 4977 2377 5048 perhibent.
2433 4975 2613 5031 Etiam
2667 4974 2837 5030 arbor
2888 4974 2967 5029 ibi
3038 4973 3287 5043 quzedam
3341 4984 3446 5042 est,
3484 4991 3637 5045 quae

2058 5068 2284 5140 quasvis
2323 5067 2678 5123 inﬁrmitates
2706 5065 2885 5137 pellit.
2922 5066 2999 5120 Ea
3032 5080 3092 5121 se
3119 5065 3186 5120 ad
3225 5074 3429 5121 terram
3461 5082 3634 5136 usque

2063 5159 2278 5227 inflexit
2319 5157 2728 5227 Dominamque
2775 5155 3050 5214 submisse
3079 5166 3336 5212 venerata
3373 5168 3481 5221 est,
3508 5172 3633 5213 cum

2059 5251 2119 5320 in
2147 5250 2442 5322 A'Igyptum
2478 5248 2711 5321 fugeret.
2752 5247 2885 5320 Ejus
2916 5248 3230 5304 inflexionis
3261 5251 3634 5306 adorabnnda:

378 5341 717 5412 Γεωργεῖται
737 5339 794 5393 δὲ
829 5341 925 5394 καὶ
948 5338 1336 5410 ὀποϐάλσαμον
1362 5339 1546 5394 ἐκεῖσε
1575 5338 1733 5397 πολύ.
1764 5340 1949 5412 Ταύτῃ

2065 5343 2296 5399 formam
2350 5341 2632 5412 hodieque
2674 5341 2902 5397 retinet.
2955 5342 3086 5398 lstic
3134 5351 3192 5399 et
3224 5344 3476 5399 bataritis
3523 5354 3632 5408 est,

375 5447 460 5485 τοι
491 5431 589 5501 καὶ
610 5430 713 5501 τὴν
731 5431 837 5501 γῆν
861 5429 1068 5500 ταύτην
1090 5431 1169 5495 ὡς
1200 5430 1479 5500 ἐξαίρετον
1510 5431 1589 5503 τῷ
1615 5421 1949 5502 ἠγαπημένιιὲ

2065 5435 2224 5491 radix
2252 5435 2502 5505 quatdam
2527 5432 2891 5500 ﬁammea,ad
2917 5449 3081 5503 quam
3114 5435 3342 5504 prepius
3373 5435 3635 5489 accedere

373 5520 610 5576 δέδωκεν
634 5523 664 5575 6
692 5520 830 5585 Θεὸς
873 5520 1116 5592 Ἰσραήλ.
1160 5521 1251 5574 Ἐν
1281 5521 1421 5592 αὐτῇ
1464 5521 1561 5574 καὶ
1590 5523 1619 5574 6
1649 5521 1853 5594 Κύριος
1888 5524 1949 5576 τὰ

2064 5543 2229 5583 nemo
2257 5526 2467 5591 audet;
2501 5525 2598 5581 sed
2637 5541 2736 5596 per
2766 5540 2959 5580 canem
2994 5527 3251 5582 evellitur
3277 5541 3447 5596 prepe
3483 5526 3599 5579 radi
3620 5554 3635 5566 -

376 5612 557 5669 πάντα
590 5613 911 5684 είργάσατο.
947 5613 1171 5683 Ταύτην
1204 5612 1299 5667 οῦν
1324 5615 1423 5668 καὶ
1458 5613 1509 5668 oi
1542 5613 1811 5686 ἐξηγηταὶ
1852 5617 1949 5689 τῆς

2060 5632 2180 5673 cem
2239 5615 2542 5686 alligatum.
2591 5614 2718 5671 Huic
2768 5616 2923 5670 radix
2967 5617 3180 5672 homini
3230 5631 3258 5669 a
3296 5616 3438 5670 malo
3471 5617 3633 5685 genio

373 5705 480 5776 γῆς
512 5705 792 5776 ὀφθαλμὸν
821 5707 1302 5777 προσηγόρευσαν.

2060 5719 2259 5765 vexato
2290 5709 2508 5763 admota
2544 5709 2765 5779 genium
2805 5709 2986 5780 ipsum
3037 5709 3187 5779 fugat
3214 5717 3269 5762 et
3308 5708 3495 5777 abigit.
3533 5705 3637 5768 lis,

371 5797 499 5853 dem
544 5799 603 5853 in
636 5798 790 5869 locis
857 5807 916 5855 et
983 5798 1402 5887 opobalsamum
1447 5797 1671 5870 copiose
1724 5798 2023 5857 admodum
2067 5800 2430 5872 agricultione
2484 5799 2731 5853 adhibita
2795 5800 3067 5868 provenit.
3129 5800 3423 5867 Propterea
3487 5795 3634 5851 Deus
