4054 6500
405 338 516 400 ξιῖί)

1671 338 1726 397 Μ
1740 339 2096 400 [CHAELIS
2137 339 2395 402 ΟΙΧίῖςἘ

3550 343 3655 413 520

405 449 786 503 ιιιιιιοίιιττηηι
825 448 974 502 γριιιι
1003 445 1256 502 eximiam
1291 445 1495 502 lsraelo
1535 448 1638 502 sibi
1712 449 2037 504 charissimo
2078 449 2326 507 donavit.
2377 451 2434 504 ln
2497 448 2688 508 eadem
2749 459 2805 506 et
2850 448 3115 507 Dominus
3168 448 3352 505 omnia
3407 452 3653 521 perfecit.

408 545 645 615 Ideoque
695 544 951 599 doctores
1003 539 1153 597 illam
1213 543 1438 598 oculum
1496 543 1650 598 orbis
1705 553 1979 598 terrarum
2020 555 2434 613 nuncuparunt.

479 641 750 696 Cxetcrum
783 639 1057 694 Constans
1084 638 1549 709 imperator,cum
1580 640 1762 693 navali
1794 640 1980 710 praelio
2013 651 2056 704 Α

408 732 709 785 tit-eernere
759 730 925 784 vellet
973 730 1240 784 adversus
1278 728 1488 784 Arabes
1517 770 1532 795 ,
1571 729 1977 787 Thessalonica:

412 823 519 876 sibi
568 833 668 891 per
696 823 937 891 quietem
972 836 1092 876 esse
1127 821 1280 876 visus
1313 831 1416 876 est.
1451 821 1508 875 Id
1549 824 1824 876 somnium
1882 823 1979 877 ubi

407 914 625 966 cuidam
679 913 962 982 interpreti
1018 928 1199 968 rerum
1250 913 1567 984 hujusmodi
1608 915 1978 984 exposuisset,

406 1003 595 1058 infelix
628 1003 751 1058 esse
778 1004 1014 1066 didicit;
1051 1019 1174 1056 nam
1208 1019 1276 1058 eo
1309 1005 1605 1074 signiﬁcari
1633 1007 1982 1062 ITbessallo-

405 1097 590 1159 nicen,
624 1113 642 1144 ι
684 1095 791 1149 hoc
814 1103 920 1157 est,
968 1093 1140 1147 Alteri
1168 1092 1300 1148 cede
1327 1095 1633 1149 victoriam.
1676 1079 1862 1152 Altero
1891 1084 1980 1154 die

403 1188 596 1257 pmlio
625 1203 749 1241 cum
770 1187 941 1240 hoste
980 1201 1312 1255 congressus
1339 1198 1396 1240 et
1437 1196 1728 1256 superatus
1759 1189 1978 1243 cuidam

404 1291 632 1330 suorum
667 1289 966 1344 purpuram
1017 1273 1218 1339 induit,
1261 1273 1478 1343 sibique
1511 1276 1821 1329 clanculum
1853 1275 1978 1347 fuga

405 1369 666 1423 consulit.
689 1367 939 1421 lsautem
965 1366 1018 1418 in
1053 1380 1238 1435 pugna
1267 1379 1442 1419 ea-sus
1469 1380 1659 1434 reapse
1677 1368 1985 1435 promeruit

407 1470 469 1515 ut
501 1461 605 1514 hoc
635 1457 702 1513 de
749 1459 869 1528 ipso
917 1457 1148 1511 verbum
1182 1456 1552 1526 praedicetur:
1595 1477 1612 1509 ι
1659 1457 1832 1530 Major
1862 1475 1983 1516 esse

407 1555 604 1624 nequit
651 1568 807 1607 amor
859 1553 912 1604 in
955 1551 1243 1605 hominum
1290 1549 1402 1602 ullo
1444 1565 1608 1620 quam
1656 1551 1701 1605 si
1741 1553 1980 1606 animam

2170 641 2229 696 Ὀ
2255 641 2446 712 μέντοι
2493 639 2761 702 Κώνστας
2807 639 2981 692 θέλων
3037 637 3272 709 συνάψαι
3320 639 3661 710 ναυμαχικδν

2082 733 2318 803 πόλεμον
2345 733 2486 804 μετά
2517 732 2628 786 τῶν
2669 731 2915 804 Ἀράϐων
2949 730 3096 796 ἔδοξε
3139 733 3260 786 κατ’
3286 732 3424 804 δναρ
3453 733 3660 795 διάγειν

2081 825 2139 878 ἐν
2170 821 2564 894 Θεσσαλονίκῃ.
2598 823 2777 894 Ὅπερ
2810 821 3169 892 ἀποκαλύψας
3213 823 3326 877 τινὶ
3365 822 3656 893 γνωστικῷ

2081 914 2314 984 ήκουσεν
2347 914 2429 967 ὅτι
2478 913 2650 968 κακὸν
2683 913 2973 967 ἐνύπνιονο
3017 914 3111 966 καὶ
3139 913 3248 983 γάρ
3275 929 3289 944 ο
3324 929 3344 965 ι
3377 912 3480 975 Θές
3511 913 3560 966 ά·
3581 913 3658 983 λῳ

2080 1004 2181 1074 τήν
2206 1004 2364 1074 νίκην
2386 1022 2405 1056 ι
2429 1003 2706 1072 σημαίνει.
2735 1002 2813 1074 Τῇ
2832 1003 2962 1072 γοῦν
2989 1003 3251 1074 ἐπαύριον
3279 1004 3657 1074 συγκροτήσας

2083 1096 2321 1168 πόλεμον
2369 1098 2464 1151 καὶ
2494 1097 2750 1168 ἡττηθεὶς
2799 1097 3018 1150 ἐνέδυσε
3069 1097 3170 1165 μὲν
3219 1096 3317 1167 τὴν
3365 1095 3658 1167 ἁλουργίδα

2081 1187 2204 1239 τινὰ
2251 1187 2361 1241 τῶν
2404 1188 2622 1242 οἰκείων
2668 1176 2857 1254 αὑτοῦ,
2905 1187 3064 1252 αὐτὸς
3113 1187 3171 1240 δέ
3207 1186 3384 1258 λάθρα
3436 1187 3662 1256 ἔφυγεν.

2095 1276 2218 1330 Ἐπ’
2245 1278 2441 1349 ἐκείνῳ
2467 1280 2654 1333 λοιπὸν
2685 1279 2951 1348 σφαγέντι
2979 1279 3120 1333 κατά
3155 1278 3247 1332 τὸν
3280 1278 3521 1348 πόλεμον
3565 1293 3662 1330 πε-

2083 1368 2392 1440 πλήρωται·
2434 1372 2704 1436 «Μείζονα
2732 1372 2936 1439 ταύτης
2963 1371 3181 1440 ἀγάπην
3208 1368 3384 1432 οὐδεὶς
3410 1369 3544 1440 ἔχει,
3572 1368 3664 1424 ἵνα.

2081 1476 2166 1523 τις
2203 1461 2302 1530 τὴν
2327 1461 2505 1532 ψυχὴν
2535 1461 2703 1516 αὑτοῦ
2733 1461 2880 1535 θήσῃ
2914 1461 3055 1532 ὑπὲρ
3098 1459 3193 1516 τοῦ
3222 1459 3377 1528 φίλου
3408 1458 3595 1513 αὑτοῦ.
3637 1477 3657 1511 ι

2095 1548 2156 1604 '0
2180 1549 2235 1602 δέ
2273 1550 2534 1615 Κώνστας
2585 1552 2854 1622 κατῆλθεν
2899 1553 2980 1615 είς
3033 1549 3303 1617 Σικελίαν,
3339 1548 3662 1620 βουλόμενος

406 1662 564 1700 suam
591 1644 714 1715 quis
748 1643 910 1696 amici
940 1657 1105 1697 causa
1151 1649 1316 1710 ponat
1354 1641 1396 1694 ¹.
1441 1659 1459 1691 ι
1508 1641 1822 1696 Secundum
1865 1643 1984 1698 hac

2094 1643 2144 1695 ἐν
2179 1642 2366 1714 Ῥώμῃ
2401 1647 2742 1715 καταστῆσαι
2770 1643 2832 1696 τὸ
2867 1643 3166 1714 βασίλειον⁸
3198 1641 3402 1712 σφόδρα
3422 1642 3531 1719 γὰρ
3555 1640 3664 1694 ὑπὸ

405 1735 678 1790 Constans
711 1731 764 1786 in
798 1732 1043 1786 Siciliam
1076 1743 1196 1784 sese
1227 1727 1484 1795 contulit,
1528 1729 1748 1800 imperii
1791 1729 1980 1784 sedem

2094 1729 2197 1783 τῶν
2223 1729 2533 1793 Βυζαντίων
2563 1732 2829 1800 ἐμισεῖτο,
2850 1731 2933 1784 ὅτι
2962 1747 3018 1783 τε
3059 1731 3338 1800 Μαρτῖνον
3361 1728 3454 1782 τὸν
3477 1727 3664 1782 πάπαν

405 1827 635 1882 ROmam
705 1821 1008 1877 transferre
1071 1822 1338 1890 cogitans.
1397 1820 1767 1876 Vehementer
1829 1821 1981 1876 enim

2097 1819 2318 1890 Ῥώμης
2390 1820 2617 1890 ἀγαγὼν
2686 1821 2900 1891 ἀτίμως
2961 1822 3020 1875 ἐν
3059 1821 3652 1884 Κωνσταντινουπὸλει,

401 1917 680 1990 Byzantiis
724 1915 934 1969 invisus
973 1922 1114 1978 erat,
1147 1912 1295 1982 quod
1326 1911 1620 1967 Martinum
1663 1913 1851 1968 Romae
1883 1928 1980 1982 pa-

2094 1907 2346 1980 ἐξώρισεν
2375 1913 2454 1975 είς
2481 1912 2766 1981 Χερσῶνα,
2811 1914 3000 1983 χεῖράς
3032 1928 3092 1966 τε
3139 1912 3233 1966 καὶ
3271 1911 3518 1980 γλῶτταν
3569 1911 3666 1964 τοῦ

395 2026 526 2080 pain
571 2008 970 2064 contumeliose
1011 2005 1226 2076 Cpolim
1265 2005 1595 2076 perductum
1643 2005 1981 2061 Chersonem

2094 2001 2333 2071 μεγάλου
2381 2003 2638 2074 Μαξίμου
2695 2004 2942 2073 ἀπέτεμε
2989 2005 3064 2073 μὴ
3118 2002 3505 2074 συντιθεμένου
3551 2003 3667 2064 τοῖς

396 2102 458 2154 in
479 2099 740 2155 exsilium
768 2098 993 2168 egisset,
1021 2112 1086 2151 ac
1112 2096 1317 2151 eximio
1349 2096 1474 2151 viro
1507 2096 1740 2150 Maximo
1765 2111 1989 2151 manum

400 2204 526 2246 cum
560 2191 752 2260 lingua
806 2186 1173 2258 praecidisset,
1221 2201 1385 2240 unam
1437 2186 1508 2241 ob
1553 2201 1798 2249 causam,
1833 2187 1984 2259 quod

401 2283 902 2340 Monotheletarum
935 2287 1146 2334 sectam
1183 2293 1290 2332 non
1328 2277 1606 2348 probaret.
1635 2278 1772 2334 Cum
1801 2289 1986 2336 autem

401 2393 497 2432 sex
544 2389 722 2430 annos
768 2373 822 2427 in
877 2371 1065 2427 Sicilia
1106 2369 1358 2434 vixisset,
1396 2369 1584 2439 ibique
1619 2369 1823 2426 liberos
1856 2387 1990 2429 suos

401 2467 557 2537 Cpoli
603 2475 870 2521 venturos
923 2469 1337 2532 exspectasset,
1391 2462 1614 2516 tandem
1670 2464 1724 2517 in
1782 2463 1986 2520 balneo

402 2561 636 2607 necatus
685 2563 792 2606 est.
841 2550 1066 2606 Exstitit
1102 2550 1174 2606 iis
1219 2550 1382 2605 annis
1427 2550 1847 2620 Constantinus,
1890 2555 1985 2624 qui

401 2653 457 2698 et
507 2643 728 2714 Sylvani
785 2657 988 2696 nomen
1024 2640 1242 2706 habuit,
1277 2641 1433 2696 Pauli
1464 2641 1808 2699 Samosateni
1856 2660 1984 2699 suc-

2087 2093 2521 2164 Μονοθελήταις.
2551 2094 2651 2160 Ἐξ
2683 2093 2778 2148 οὖν
2806 2096 3036 2166 ποιήσας
3070 2093 3165 2163 ἐτη
3193 2094 3251 2146 ἐν
3275 2091 3496 2164 Σικελίᾳ
3523 2093 3670 2162 (ἀνέ-

2089 2203 2220 2257 μενε
2254 2186 2364 2260 γὰρ
2398 2187 2527 2250 τοὺς
2551 2186 2720 2240 αὐτοῦ
2749 2187 2946 2250 παῖδας
2981 2186 3156 2240 ἐλθεῖν
3180 2185 3288 2239 ἀπὸ
3317 2186 3665 2238 Κωνσταντι-

2088 2278 2419 2347 νουπόλεως)
2472 2279 2714 2351 ἀνῃρέθη
2765 2280 2823 2332 ἐν
2867 2277 3168 2349 βαλανείῳ.
3202 2277 3340 2332 Κατ’
3374 2277 3552 2332 ἐκεῖνο
3603 2276 3663 2328 δὲ

2087 2371 2284 2442 καιροῦ
2315 2371 2491 2441 ἐφάνη
2521 2371 2934 2434 Κωνσταντῖνος
2983 2371 3012 2423 ὁ
3063 2370 3161 2424 καὶ⁸
3191 2369 3480 2431 Σιλουανος
3504 2366 3665 2435 λεγόν

2089 2479 2274 2532 μενος,
2303 2463 2332 2516 ὀ
2360 2461 2578 2515 Παύλου
2603 2460 2696 2515 τοῦ
2737 2461 3102 2531 Σαμοσατέως
3137 2461 3408 2529 διάδοχος,
3457 2459 3516 2522 ὃς
3554 2457 3666 2510 ἐδί-

2085 2555 2252 2609 δασκε
2286 2554 2471 2625 μόνοις
2509 2556 2624 2618 τοῖς
2649 2553 3063 2623 εὐαγγελισταῖς
3101 2553 3198 2606 καὶ
3227 2551 3306 2622 τῷ
3349 2549 3668 2619 ’Δποστόλῳ

2087 2647 2400 2718 προσέχειν,
2427 2648 2523 2701 καὶ
2548 2645 2765 2710 τούτοις
2799 2644 3281 2715 διεστραμμένως.

403 2754 611 2794 cessor.
647 2737 844 2794 Docuit
873 2738 967 2793 ille
1000 2737 1135 2793 solis
1202 2737 1538 2809 evangelicae
1599 2738 1851 2796 historiae
1913 2743 2284 2815 scriptoribus
2356 2755 2413 2801 et
2463 2745 2558 2800 uni
2604 2743 2869 2817 Apostolo
2911 2744 3073 2799 fidem
3125 2740 3458 2806 habendam,
3501 2739 3670 2810 idque

403 2833 618 2886 ratione
649 2845 874 2900 prorsus
908 2844 1186 2900 perversa.

467 2924 597 2979 Post
626 2921 987 2980 Constantem
1018 2922 1257 2992 imperio
1297 2922 1512 2994 potitus
1557 2932 1642 2980 est
1669 2924 1982 2981 Constanti-

403 3033 509 3071 nus
539 3017 710 3086 ipsius
748 3015 916 3079 ﬁlius,
953 3024 1322 3085 cognomento
1353 3016 1673 3087 Pogonatus
1700 3018 1818 3073 sive
1846 3017 1986 3071 Bar-

401 3111 776 3172 batus,aunos
810 3108 898 3162 l7.
930 3107 982 3163 Is
1009 3107 1229 3162 Barbati
1257 3107 1684 3178 appellationem
1714 3124 1781 3164 ex
1813 3125 1980 3164 causa

402 3199 640 3270 quadam
685 3195 1004 3267 huiusmodi
1050 3197 1285 3267 accepit.
1321 3197 1458 3253 Cum
1503 3199 1560 3253 in
1609 3198 1798 3256 Sicilia
1833 3199 1982 3256 Con-

405 3301 648 3345 stantem
685 3301 898 3360 patrem
932 3297 1215 3344 mortuum
1247 3289 1653 3360 accepisset,eo
1700 3291 1984 3361 profectus

399 3393 526 3438 est:
561 3381 689 3436 inde
731 3395 989 3435 reversus
1020 3379 1289 3436 Barbatus
1320 3392 1610 3452 propterea
1641 3381 1750 3437 dici
1786 3380 1981 3451 etrapit,

399 3471 552 3546 quod
595 3487 796 3542 expers
849 3473 1030 3527 barbae
1075 3471 1229 3541 prius
1283 3473 1339 3526 in
1383 3473 1563 3527 reditu
1613 3473 1841 3528 barbam
1894 3472 1984 3525 in-

408 3578 621 3636 tegram
649 3563 926 3633 iustaeque
950 3562 1346 3632 magnitudinis
1379 3562 1630 3618 haberet.
1658 3562 1737 3616 Ex
1770 3561 1990 3615 intesti-

411 3677 612 3718 norum
641 3660 838 3715 dolore
867 3659 1037 3713 vitam
1067 3664 1192 3714 cum
1221 3670 1400 3714 morte
1440 3658 1824 3714 commutavit.

482 3753 849 3812 Constantino
884 3757 1108 3805 mortuo
1129 3748 1482 3805 Justinianus
1512 3748 1676 3804 annis
1705 3747 1773 3804 l6
1801 3763 1987 3804 rerum

406 3847 619 3918 potitus
646 3855 753 3912 est,
781 3859 811 3899 a
839 3845 1071 3900 naribus
1099 3842 1329 3900 resectis
1359 3841 1525 3911 279
1563 3840 1826 3910 deinceps
1852 3841 1991 3897 Rhi-

406 3939 639 3992 notmeti
671 3949 872 3990 nomen
904 3931 1378 3990 consecutus.Hic
1407 3931 1707 3999 imperator
1725 3932 1988 3988 universo

403 4028 616 4101 pepulo
650 4041 818 4097 supra
849 4025 1076 4081 modum
1110 4023 1324 4080 invisus
1355 4030 1496 4084 erat,
1527 4022 1698 4078 homo
1724 4023 1898 4078 durus
1925 4039 1992 4080 ac

404 4121 599 4184 ferox,
629 4118 865 4172 aliorum
917 4125 1294 4185 contemptor,
1339 4112 1636 4184 omniaque
1675 4128 1737 4168 se
1784 4113 1991 4170 habere

411 4211 630 4282 cognita
676 4217 898 4279 putans.
933 4207 1052 4275 Qua
1077 4207 1144 4260 de
1173 4220 1342 4262 causa
1376 4194 1583 4262 factum
1617 4212 1679 4258 ut
1726 4204 1992 4261 Leontius

412 4305 701 4374 patricius,
731 4301 1008 4357 seditione
1054 4300 1333 4355 concitata
1371 4307 1537 4353 noctu
1588 4313 1619 4353 a
1651 4298 1991 4354 Venetorum

413 4397 677 4460 factione,
708 4395 1014 4463 imperator
1038 4391 1476 4447 renuntiaretur.
1498 4389 1554 4444 ls
1591 4391 1680 4445 ubi
1715 4390 1836 4446 dies
1871 4389 1998 4448 illu-

410 4490 584 4544 xisset
629 4486 1006 4544 Iustinianum
1074 4483 1222 4553 cepit
1290 4496 1529 4552 eumque
1581 4483 1813 4552 praeciso
1864 4497 1996 4537 uaso

2168 2925 2327 2981 Μετά
2355 2925 2414 2980 δὲ
2461 2923 2788 2979 Κώνσταντα
2829 2924 3241 2987 Κωνσταντῖνος
3286 2925 3316 2979 ὁ
3363 2925 3480 2990 υἱὸς
3503 2927 3669 2980 αὐτοῦ

2095 3019 2123 3072 ὁ
2158 3019 2500 3088 Πωγωνᾶτος
2541 3018 2636 3088 ἔτη
2671 3017 2758 3082 ιζ’.
2796 3019 3135 3086 Πωγωνᾶτος
3165 3017 3220 3072 δὲ
3247 3017 3466 3084 ἐλέγετο
3494 3019 3563 3073 δι’
3587 3022 3674 3075 al-

2098 3109 2222 3166 τίαν
2263 3110 2546 3179 τοιαύτην.
2579 3108 2686 3164 Τὸν
2735 3111 2792 3164 ἐν
2832 3109 3054 3180 Σικελίᾳ
3087 3110 3276 3180 μαθὼν
3317 3110 3548 3164 θάνατον
3572 3111 3672 3164 τοῦ

2092 3203 2302 3274 πατρὸς
2357 3200 2526 3256 αὐτοῦ
2583 3202 2939 3266 Κώνσταντος
2971 3203 3149 3256 ἐκεῖσε
3201 3203 3457 3273 κατάγει.
3502 3203 3671 3260 Πάλιν

2090 3291 2184 3349 οὖν
2240 3294 2554 3365 ἀνέρχεται.
2602 3293 2719 3364 Ἐφ’
2771 3288 2816 3363 ᾧ
2856 3295 2954 3348 καὶ
3010 3295 3351 3364 Πωγωνᾶτος
3407 3297 3668 3360 λέγεται·

2089 3387 2337 3455 ἀγένειος
2387 3387 2496 3456 γάρ
2549 3387 2728 3440 ἐκεῖσε
2782 3385 3060 3442 κατελθὼν
3117 3387 3496 3456 τελειοπὼγων
3539 3388 3674 3442 ὑπέ-

2095 3481 2320 3551 στρεψε.
2355 3479 2598 3553 Τελευτᾷ
2635 3480 2692 3534 δὲ
2719 3479 2808 3534 τὸν
2839 3479 2954 3549 βίον
2979 3479 3384 3550 δυσεντερικός.

2164 3743 2279 3798 Καὶ
2301 3741 2496 3815 κρατεῖ
2516 3741 2652 3814 μετὰ
2670 3739 2858 3796 τοῦτον
2872 3740 3246 3805 Ἵουστινιανὸς
3270 3743 3297 3796 ὁ
3324 3740 3677 3815 Ῥινότμητος

2096 3837 2192 3907 ἐτη
2227 3833 2331 3901 ις’,
2362 3827 2534 3899 Οὗτος
2563 3837 2592 3888 ὁ
2631 3833 2886 3904 βασιλεὺς
2929 3833 3054 3887 καθ’
3080 3833 3392 3904 ὑπερϐολὴν
3419 3836 3668 3905 ἐμισεῖτο

2095 3927 2248 3998 παρὰ
2265 3925 2468 3989 παντὸς
2483 3924 2635 3992 λαοῦ,
2650 3923 2884 3995 σκληρὸς
2910 3922 2985 3979 ὢν
3007 3924 3100 3979 καὶ
3122 3926 3438 3998 ὑπερόπτης
3459 3926 3551 3980 καὶ
3569 3929 3675 3982 πᾶ-

2095 4035 2197 4072 σαν
2214 4021 2315 4090 τὴν
2330 4019 2533 4088 γνῶσιν
2557 4018 2701 4088 ἔχειν
2723 4015 3088 4072 δοκῶν.”Ὀθεν
3113 4017 3364 4081 Λεόντιος
3384 4017 3672 4089 πατρίκιος

2099 4109 2396 4174 στασιάσας
2419 4108 2814 4180 ἀναγορεύεται
2839 4108 3030 4174 νυκτὺς
3055 4108 3160 4162 ὑπὸ
3183 4108 3353 4181 δήμου
3385 4109 3492 4164 τῶν
3519 4109 3675 4163 Βενε-

2096 4217 2206 4256 των
2245 4202 2499 4273 βασιλεὺς
2523 4242 2538 4267 ,
2565 4202 2782 4274 ἡμέρας
2802 4202 2860 4256 δέ
2885 4205 3184 4275 γενομένης
3212 4205 3408 4274 κρατεῖ
3435 4205 3526 4256 τὸν
3545 4201 3676 4257 ’1ου-

2098 4294 2390 4358 στινιανδν,
2415 4294 2509 4346 καὶ
2550 4294 2914 4365 ρινοτομήσας
2943 4295 3107 4349 αὑτὸν
3131 4297 3210 4359 είς
3248 4295 3516 4365 Χερσῶνά
3541 4295 3674 4358 ἐξώ-

2100 4399 2240 4456 ρισε.
2270 4386 2481 4454 Κρατεῖ
2500 4383 2684 4438 λοιπὸν
2710 4387 2737 4438 ὁ
2759 4384 3011 4446 Λεόντιος
3039 4384 3133 4455 ἐτη
3166 4385 3317 4455 τρία,
3350 4386 3450 4438 καὶ
3472 4385 3674 4454 πάσχει

2093 4476 2398 4548 τηνικαῦτα
2429 4475 2495 4529 τὰ
2525 4478 2618 4531 ῐσα
2659 4475 2739 4546 τῷ
2781 4475 3144 4547 Ἰουστινιανῷ
3167 4492 3183 4509 ο
3217 4478 3246 4530 ὁ
3281 4477 3390 4548 γάρ
3413 4475 3547 4544 παρ’
3577 4477 3677 4529 αὑ-

410 4581 754 4635 Chersonem
810 4577 1069 4632 exsulare
1111 4573 1298 4644 jussit.
1350 4571 1464 4627 [loc
1523 4573 1688 4626 modo
1732 4571 1990 4626 Leontius

2095 4568 2193 4621 τοῦ
2234 4569 2374 4620 κατά
2418 4568 2671 4639 ’Λράσων
2721 4567 2938 4633 σταλεὶς
2970 4570 3302 4641 μυρίανδρος
3351 4569 3539 4634 στόλος
3578 4569 3675 4624 καὶ

412 4670 719 4725 triennium
768 4667 1038 4740 regnavit,
1085 4681 1196 4734 quo
1249 4674 1445 4719 exacto
1487 4663 1630 4718 idem
1688 4663 1790 4732 ipsi
1847 4663 1995 4732 quod

413 4764 731 4820 Justiniano
775 4759 1002 4814 accidit.
1050 4757 1185 4811 Nam
1220 4756 1422 4811 missus
1456 4754 1525 4808 ab
1561 4755 1680 4825 ipso
1731 4753 1997 4809 adversus

416 4856 628 4912 Arabas
651 4855 929 4909 exercitus
970 4866 1102 4906 sane
1137 4850 1429 4912 maximus,
1464 4864 1590 4903 cum
1623 4849 1789 4902 semel
1831 4857 1997 4918 atque

421 4951 620 5001 iterum
669 4945 952 5000 sinistram
999 4944 1278 4996 fortunam
1328 4939 1519 5009 iniquo
1564 4938 1735 4994 ferret
1787 4940 1993 5006 animo,

421 5039 709 5108 Apsimaro
763 5037 1002 5105 quodam
1035 5033 1141 5089 sibi
1194 5031 1454 5101 praefecto
1491 5028 1808 5100 Byzantium
1844 5040 1994 5085 recta

420 5128 728 5183 contendit.
776 5125 1125 5194 Quapropter
1159 5123 1505 5192 Apsimarus,
1549 5136 1711 5190 quem
1757 5121 1865 5175 alio
1900 5137 1996 5175 no-

423 5220 574 5274 mine
601 5217 891 5272 Tiberium
920 5216 1202 5275 dixerunt,
1227 5211 1457 5266 Leontio
1489 5226 1644 5265 suam
1674 5212 1728 5265 in
1760 5221 1998 5282 potesta-

427 5323 536 5364 tem
568 5310 793 5363 redacto
825 5322 987 5360 nares
1019 5303 1291 5375 praecidit,
1327 5302 1719 5371 hominemque
1756 5302 1998 5357 carceri-

428 5402 530 5455 bus
583 5397 833 5454 inclusit.
863 5397 985 5466 Ipsc
1040 5410 1210 5464 regno
1257 5394 1323 5450 ad
1365 5409 1424 5448 se
1474 5394 1738 5449 translato
1789 5405 1999 5464 septem

428 5497 588 5549 armis
635 5491 876 5562 prwfuit.
945 5491 1234 5547 Leontium
1298 5491 1533 5546 mirifice
1604 5490 2004 5561 perturbabant

430 5587 648 5641 illorum
675 5585 1066 5654 praedictiones
1088 5586 1178 5655 qui
1212 5600 1276 5640 ex
1312 5586 1474 5640 astris
1506 5583 1691 5640 futura
1716 5599 1774 5641 se
1802 5583 2006 5639 habere

505 5767 518 5796 ¹
556 5765 713 5820 Joan.
751 5780 840 5830 xv,
882 5762 966 5816 l5.

2103 4663 2252 4727 ἅπαξ
2274 4667 2370 4717 καὶ
2396 4664 2478 4728 δις
2502 4665 2577 4735 μὴ
2603 4664 2864 4735 φέροντες
2883 4663 2982 4734 τὴν
2998 4661 3250 4718 ἐντεῦθεν
3277 4665 3672 4731 κακοπάθειαν,

2112 4756 2416 4828 ’Λψίμαρόν
2437 4775 2560 4811 τινα
2581 4755 2915 4826 προῖστῶσιν
2936 4757 3149 4813 ἐαυτῶν
3169 4759 3262 4811 καὶ
3288 4758 3428 4811 κατὰ
3449 4761 3545 4829 τῆς
3570 4760 3675 4812 Βυ-

2101 4848 2344 4912 ζαντίδνς
2376 4849 2986 4922 χωρεῠσιν.⁹Δψίμαρος
3006 4847 3098 4906 οὖν
3123 4855 3150 4906 ὁ
3181 4853 3275 4904 καὶ
3295 4850 3544 4920 Τιϐέριος
3577 4869 3675 4920 με-

2100 4940 2455 5008 τονομασθεὶς
2479 4945 2671 5010 κρατεῖ
2690 4942 2943 4995 Λεόντιον
2962 4944 3056 4996 καὶ
3079 4944 3356 5013 ῥινοτομεῖ
3383 4943 3546 4995 αὐτὸν
3581 4947 3676 4996 καὶ

2106 5034 2320 5104 φρουρᾷ
2344 5033 2720 5105 καθείργνυσι.
2741 5035 2953 5106 Κρατεῖ
2982 5033 3397 5108 οὖν’Λψίμαχος
3431 5036 3551 5106 μετ’
3577 5039 3674 5090 αξ-

2105 5126 2197 5176 τόν
2213 5123 2306 5195 ἔτη
2323 5122 2500 5187 ζ¹.Τδν
2521 5123 2702 5193 μέντοι
2716 5127 2968 5180 Λεόντιον
2985 5126 3161 5179 αἰτῶν
3174 5117 3668 5198 ἀστρολεσχοὺντων

2107 5216 2446 5285 προρρήσεις
2476 5215 2792 5285 ἐτάραττον.
2821 5216 2985 5270 Ὅθεν
3002 5217 3095 5271 καὶ
3125 5220 3304 5270 πᾶσαν
3329 5221 3494 5271 ἐκίνει
3529 5217 3666 5268 κατὰ

2117 5306 2495 5360 Ἰουστινιανοῦ
2547 5309 2814 5379 μηχανήν.
2843 5309 3048 5379 Γράφει
3083 5311 3189 5380 γάρ
3207 5310 3444 5382 Χαγάνῳ
3467 5311 3542 5379 τῷ
3567 5309 3672 5362 τῶν

2107 5396 2376 5467 Χαζάρων
2413 5398 2652 5469 ἄρχοντι,
2694 5402 2952 5471 χρήματα
2988 5400 3328 5472 ὑπισχνεῖται
3357 5406 3404 5455 εί
3436 5405 3524 5455 τὸν
3547 5403 3678 5454 Ίυυ-

2109 5493 2376 5542 στινιανὸν
2423 5492 2699 5563 κρατήσας
2730 5495 2761 5562 ἢ
2798 5493 2872 5557 ὡς
2910 5493 3189 5563 τρίδουλον
3231 5495 3606 5567 ἀπεμπολήσει
3647 5495 3678 5565 ἢ

2106 5583 2205 5652 τὴν
2237 5583 2481 5654 κεφαλὴν
2515 5584 2738 5655 ἐκκόψει
2770 5585 2953 5641 αὑτοῦ.
3003 5585 3282 5643 Μανθάνει
3332 5588 3504 5641 ταῦτα
3549 5586 3683 5638 ἰου-
3740 5660 3742 5662 ν
