4054 6418
330 395 428 460 521

1563 385 1968 452 ANNALIUM
2006 383 2203 454 PARS
2245 392 2349 452 IV.

3474 386 3582 450 522

332 505 624 570 στινιανὸς,
661 503 986 574 δραπετεύει
1016 503 1250 568 ἐκεῖθεν,
1278 504 1391 566 τοῖς
1422 501 1754 572 Βουλγάροις
1776 519 1910 572 προ-

2030 505 2226 574 mgnita
2284 503 2496 576 garrire
2551 512 2980 560 consueverunt.
3031 502 3220 572 Itaque
3282 498 3421 553 nihil
3473 514 3581 553 non

335 602 612 671 σέρχεται,
671 599 866 669 ἁδραῖς
926 597 1126 661 αὐτοὺς
1170 595 1501 666 ὑποσχέσεσι
1544 597 1900 666 καταδεσμεῖ.

334 689 500 743 Ὅθεν
540 687 636 742 καλ⁹
673 689 813 757 μετὰ
851 687 1092 757 πλήθους
1120 687 1350 758 ἀπείρου
1401 686 1539 757 πρὸς
1577 689 1677 754 τὴν
1700 688 1907 754 Βυζαν-

333 779 452 833 τίδα
487 777 734 848 ἔρχεται,
773 776 873 830 καὶ
914 775 1004 831 διὰ
1045 775 1286 845 σωλῆνος
1334 775 1635 847 ὑδροφόρου
1684 777 1910 832 κλέπτει

333 869 432 938 τὴν
457 868 685 934 εἴσοδον,
709 869 808 920 καὶ
825 865 969 920 οὕτω
993 866 1094 936 τῆς
1111 865 1390 936 βασιλείας
1410 865 1477 920 αὖ
1499 867 1909 938 ἑπιδράσσεται,

338 958 431 1013 τοῦ
461 959 774 1030 Ἀψιμάρου
806 959 888 1022 είς
919 958 1287 1012 Ἀπολλωνίδα
1322 959 1606 1028 φυγόντος.
1642 960 1778 1028 Ἐτη
1817 959 1909 1014 οῦν

343 1050 482 1105 ἑπτὰ
513 1053 798 1120 κρατήσας
843 1049 936 1104 τὸν
971 1049 1072 1119 μὲν
1123 1047 1430 1120 Ἀψίμαρον
1487 1049 1634 1124 μέσῃ
1661 1051 1728 1121 τῇ
1759 1050 1913 1104 πόλει

345 1137 722 1210 Θριαμϐεύσας
746 1137 979 1206 ἀνεῖλεν,
1003 1135 1270 1201 ὡσαύτως
1293 1137 1391 1193 καὶ
1417 1138 1671 1192 Λεόντιον
1689 1155 1704 1169 ο
1729 1139 1821 1192 τὸν
1855 1140 1913 1193 δὲ

345 1228 696 1299 πατριάρχην
727 1227 1077 1293 Καλλίνικον,
1105 1228 1407 1299 ἐπειδήπερ
1446 1228 1678 1300 ἀντέστη
1711 1227 1915 1300 προλα-

341 1318 450 1372 σὼν
486 1317 637 1389 αὐτῷ
668 1321 992 1389 πειρωμένῳ
1032 1317 1359 1389 Ἐκκλησίαν
1411 1319 1668 1389 χαλάσαι,
1698 1319 1917 1389 τυφλώ-

343 1427 444 1474 σας
475 1408 734 1482 ὲξὼριζεν
759 1412 819 1463 ὲν
854 1410 1071 1484 Ῥώμη,
1103 1411 1199 1463 καὶ
1232 1409 1348 1464 ἀντ’
1394 1409 1562 1466 αὐτοῦ
1609 1411 1916 1483 προϐάλλε-

343 1521 434 1558 ται
461 1505 742 1575 Κυριακὺν
766 1504 858 1558 τὸν
886 1506 946 1558 ὲν
975 1507 1039 1575 τῇ
1071 1505 1220 1576 νήσῳ
1241 1504 1564 1576 Ἀμάστριδι
1589 1505 1909 1573 ἐγκλειστον

343 1599 508 1652 ὄνταο
548 1597 930 1670 προηγόρευσε
987 1597 1096 1670 γὰρ
1136 1597 1286 1669 αὐτῷ
1336 1598 1436 1668 τὴν
1489 1599 1591 1668 τῆς
1627 1599 1916 1670 βασιλείας

346 1691 814 1746 ἀποκατάστασιν.
855 1690 963 1743 Καὶ
1001 1690 1190 1755 ἁπλῶς
1247 1690 1446 1756 εἰπεῖν,
1499 1690 1658 1762 δίκην
1714 1692 1917 1762 βοσκη-

349 1779 538 1849 μάτων
565 1780 774 1845 πάντας
807 1781 1097 1835 ἀπέκτεινε
1120 1797 1136 1813 ο
1165 1782 1492 1852 μαινόμενος
1514 1783 1623 1856 γὰρ
1651 1779 1919 1856 ἦν.Ὀθεν

347 1871 442 1924 καὶ
472 1870 562 1924 διὰ
604 1871 808 1940 μικροῦ
851 1872 1096 1942 σκάφους
1135 1871 1244 1927 ἀπὸ
1292 1871 1586 1942 Χερσῶνος
1618 1873 1924 1944 ἐπανερχόμ-

347 1977 510 2026 μενος
555 1959 652 2015 καὶ
699 1960 931 2016 κλύδωνι
995 1961 1308 2033 περιπεσὼν
1361 1963 1461 2034 τὴν
1521 1963 1925 2035 ινδομυχοῦσαν

347 2049 499 2122 αὐτῷ
539 2051 739 2106 κακίαν
774 2052 943 2124 δήλην
990 2053 1338 2125 καθίστησιν.
1380 2054 1608 2127 Ἐπειδὴ
1643 2055 1759 2128 γὰρ
1813 2057 1925 2110 τῶν

347 2143 563 2198 οἰκείων
599 2161 686 2208 τις
727 2144 877 2217 αύτῷ
920 2145 1112 2214 ἔλεγεν
1136 2163 1152 2180 ο
1186 2147 1360 2201 «Ἰδοὺ
1400 2147 1796 2218 ἀποθνήσκεις,
1841 2148 1927 2202 δέ-

350 2253 552 2306 σποτα,
587 2237 682 2291 καὶ
711 2237 949 2308 ὑπόσχου
981 2237 1062 2310 τῷ
1087 2237 1229 2310 Θεῷ,
1261 2239 1358 2295 ἐάν
1389 2257 1474 2294 σοι
1510 2238 1661 2314 δὼσῃ
1691 2240 1792 2312 τὴν
1829 2239 1928 2309 βα-

353 2329 824 2402 σιλείανκμηδένα
853 2330 961 2384 τῶν
1007 2329 1218 2401 ἐχθρῶν
1265 2348 1358 2386 σου
1397 2330 1675 2402 λυπῆσαν
1709 2350 1729 2384 ι
1781 2331 1926 2404 ἔφη’

360 2439 380 2472 ι
425 2420 694 2476 Ἑνταῦθά
726 2439 794 2492 με
815 2423 1274 2478 καταποντισάτω
1303 2423 1529 2494 Κύριος.
1566 2424 1618 2478 εί
1663 2424 1930 2494 φείσομαί

358 2523 499 2569 τινος
528 2508 588 2574 ἐξ
615 2509 816 2565 αὐτῶν.
860 2527 880 2562 t
913 2510 1060 2581 Πρὸς
1083 2511 1300 2576 τούτοις
1339 2512 1398 2566 δὲ
1425 2514 1523 2567 καὶ
1551 2499 1737 2582 βαλὼν
1765 2516 1794 2568 6
1830 2514 1930 2568 τύ-

369 2615 550 2665 ραννος
587 2592 740 2664 οὗτος
773 2601 914 2656 κατὰ
934 2601 1059 2656 νοῦν
1081 2603 1184 2656 ὅσα
1213 2605 1265 2659 οι
1302 2605 1646 2673 Χερσωντται
1685 2606 1808 2662 κατ’
1830 2609 1930 2662 αύ-

364 2688 453 2743 τοῦ
499 2690 776 2760 ἐμελέτων
829 2693 908 2763 τῷ
942 2693 1239 2767 Ἀψιμάριρ
1282 2697 1660 2768 χαριζόμενοι,
1719 2701 1930 2769 πέμπει

365 2781 592 2852 στρατὸν
621 2783 746 2838 κατ’
800 2786 1002 2841 αὐτῶν.
1034 2789 1144 2842 Καὶ
1173 2783 1242 2858 ἦν
1280 2790 1410 2845 ίδεῐν
1455 2791 1636 2861 θέαμα
1671 2793 1930 2850 ἐλεεινόν.

364 2871 550 2926 [πᾶσαν
581 2873 799 2944 ἡλικίαν
839 2876 1128 2933 ἐκέλευσεν
1178 2880 1420 2949 ἀνηλεῶς
1458 2882 1931 2951 ἀποσφάττεσθαι.

359 2965 470 3018 Καὶ
485 2966 548 3036 δὴ
579 2968 673 3021 καὶ
701 2969 1142 3039 ἀποσφάττονται
1175 2972 1452 3042 γέροντες,
1487 2976 1625 3041 νέοι,
1650 2978 1932 3045 γυναῖκες,

363 3055 548 3120 παῖδες
586 3057 681 3110 καὶ
711 3059 912 3122 πάντες
955 3062 1163 3128 ἁπλῶς.
1208 3061 1344 3120 Εῐτά
1385 3083 1439 3120 τι
1471 3068 1659 3138 μαθὼν
1707 3069 1936 3125 ’1ουστιο

2010 598 2278 651 adversus
2337 595 2710 652 Justinianutn
2777 593 3162 649 moliebatur:
3221 590 3437 645 litteras
3513 589 3583 650 ad

2009 685 2354 757 Chaganum,
2393 687 2767 744 Cbazarorum
2803 683 3366 758 principem,dabat;
3402 680 3585 736 eidem

2011 793 2238 848 magnas
2264 780 2528 850 pecunias
2559 780 2946 851 pollicebatur,
2974 777 3022 833 si
3063 785 3287 848 captum
3315 773 3586 829 Justinia-

2012 881 2145 920 num
2196 868 2284 922 vel
2331 867 2506 923 instar
2557 867 2818 939 mancipii
2872 867 3129 922 vilissimi
3182 865 3452 922 venderet
3501 863 3589 918 vel

2012 958 2194 1028 capite
2223 961 2511 1029 plecteret.
2542 961 2613 1018 lis
2648 962 2889 1032 cognitis
2915 959 3268 1016 Justinianus
3307 960 3362 1014 in
3403 958 3588 1027 fugam

2013 1063 2076 1103 se
2108 1049 2355 1119 conjicit,
2401 1050 2469 1105 ad
2520 1051 2788 1122 Bulgaros
2824 1050 3222 1122 proficiscitur,
3272 1049 3594 1120 ingentibus

2016 1156 2115 1196 eos
2144 1141 2436 1210 promissis
2474 1143 2578 1199 sibi
2613 1144 2882 1200 devincit.
2915 1143 3034 1210 Quo
3067 1143 3212 1198 facto
3238 1151 3453 1197 tantum
3483 1158 3593 1195 non

2017 1231 2248 1286 infinitis
2309 1247 2435 1287 cum
2495 1232 2672 1303 cepiis
2739 1233 3062 1304 Byzantium
3119 1232 3450 1296 contendit,
3500 1246 3598 1300 per

2015 1323 2399 1392 aquaeductum
2450 1325 2506 1379 in
2565 1327 2758 1382 urbem
2805 1325 3139 1396 ingreditur,
3189 1323 3598 1395 imperiumque

2015 1425 2333 1485 recuperat.
2383 1416 2524 1472 Hinc
2556 1416 2906 1486 Apsimar'um
2960 1431 3060 1486 per
3103 1414 3340 1470 mediam
3403 1414 3596 1467 urbem

2017 1508 2170 1562 velut
2199 1507 2256 1562 in
2308 1507 2592 1578 triumpho
2635 1518 2693 1563 et
2737 1524 2936 1578 pompa
2984 1506 3438 1563 circumductum
3486 1519 3596 1558 una

2018 1613 2144 1654 cum
2195 1598 2428 1654 Leontio
2473 1599 2778 1666 interficit;
2817 1599 3192 1670 patriarcbam
3244 1596 3598 1658 Callinicum,

2019 1690 2169 1760 quod
2213 1689 2342 1746 olim
2381 1691 2486 1760 ipsi
2539 1700 2735 1747 contra
2768 1691 3072 1747 Ecclesiam
3099 1689 3310 1760 aliquid
3348 1687 3600 1744 molienti

2021 1783 2354 1839 adversatus
2409 1783 2629 1848 fuisset,
2682 1783 2862 1840 oculis
2913 1784 3214 1852 spoliatum
3269 1782 3501 1836 Romam
3546 1781 3602 1834 in

2023 1873 2281 1931 exsilium
2315 1875 2528 1941 mittit;
2555 1875 2677 1945 ejus
2726 1875 2853 1931 loco
2900 1875 3194 1947 Cyriacum
3228 1873 3600 1944 patriarcbatn

2023 1965 2178 2032 facit,
2217 1965 2312 2036 qui
2368 1965 2424 2020 in
2473 1965 2792 2022 Amastride
2841 1953 3025 2022 insula
3081 1965 3390 2022 solitariam
3432 1965 3603 2018 vitam

2023 2058 2277 2114 inclusus
2325 2057 2564 2128 agebat:
2601 2072 2727 2112 nam
2772 2056 2820 2112 is
2860 2056 3176 2113 Iustiniano
3223 2055 3606 2125 recuperatio-

2025 2165 2153 2205 nem
2201 2149 2420 2219 imperii
2451 2147 2806 2218 praedixerat.
2839 2147 2913 2204 Ut
2938 2147 3208 2203 brevibus
3238 2147 3421 2203 omnia
3449 2147 3608 2202 deni—

2024 2255 2134 2310 que
2163 2240 2526 2310 complectar,
2546 2239 2776 2309 quosvis
2802 2238 3082 2311 pecudum
3114 2239 3290 2294 instar
3318 2236 3610 2307 jugulabat

2028 2335 2194 2390 homo
2221 2337 2385 2406 plane
2414 2335 2633 2393 furens.
2664 2335 2846 2405 Atque
2873 2335 3016 2392 bane
3043 2335 3100 2390 in
3124 2335 3250 2392 imis
3281 2335 3451 2389 animi
3489 2335 3616 2388 lati-

2027 2435 2240 2482 tantem
2287 2426 2508 2498 angulis
2555 2425 2980 2497 improbitatem
3024 2427 3137 2497 jam
3187 2435 3349 2480 antea
3391 2439 3615 2494 quoque
3695 2475 3700 2481 .

2028 2517 2392 2589 patefecerat,
2429 2533 2556 2574 cum
2588 2518 2790 2590 exigua
2825 2518 3080 2573 navicula
3104 2517 3388 2573 Chersone
3429 2531 3618 2571 rever-

2031 2617 2247 2666 teretur
2296 2619 2356 2666 et
2401 2618 2731 2681 tempestate
2774 2610 3014 2680 quadam
3066 2609 3437 2679 exciperetur.
3477 2608 3614 2663 Nam

2030 2717 2157 2757 cum
2183 2701 2236 2758 ei
2270 2701 2628 2756 familiarium
2665 2701 2872 2772 aliquis
2901 2701 3154 2756 diceret:
3193 2719 3211 2752 ι
3244 2700 3319 2754 Εη
3357 2699 3616 2758 moreris.

2031 2792 2278 2858 domine,
2328 2791 2689 2863 quamobrem
2730 2793 2842 2846 Deo
2890 2791 3172 2860 promitte,
3225 2791 3269 2845 si
3297 2788 3611 2844 restituerit

2034 2884 2328 2955 imperium
2362 2884 2488 2948 tibi.
2520 2884 2802 2939 neminem
2832 2891 2885 2939 te
2921 2883 3163 2937 hostium
3196 2893 3420 2936 tuorum
3449 2881 3617 2934 laesu-

2034 2991 2160 3032 rum
2198 2993 2213 3031 :
2259 2995 2278 3029 ι
2321 2994 2341 3028 ι
2377 2977 2494 3032 lmo
2528 2991 2682 3040 vero,
2712 2975 2819 3041 ait,
2877 2975 2984 3030 hoc
3027 2976 3146 3044 ipso
3180 2973 3234 3027 in
3270 2972 3394 3026 loco
3430 2969 3613 3024 flucti-

2035 3069 2142 3124 bus
2165 3083 2253 3124 me
2283 3067 2555 3125 Dominus
2583 3067 2808 3134 obruat,
2825 3066 2872 3122 si
2912 3080 3106 3122 eorum
3132 3065 3227 3118 ulli
3256 3053 3554 3135 pepercere
3590 3081 3608 3112 ι

363 3145 545 3208 νιανδς
570 3148 654 3201 ὅτι
680 3148 790 3202 τῶν
825 3167 1065 3218 νεογνων
1089 3141 1270 3225 πάντη
1315 3154 1534 3226 βρεφῶν
1563 3159 1613 3211 οί
1643 3159 1931 3224 σταλέντες

2036 3159 2312 3215 Praeterea
2343 3175 2471 3216 cum
2521 3159 2590 3214 ad
2642 3158 2891 3214 animum
2941 3165 3258 3213 revocasset
3305 3155 3396 3209 hic
3428 3164 3618 3225 tyran-

367 3236 564 3289 ἐκεῖνοι
589 3237 878 3305 ἐφείδοντο,
914 3241 1178 3312 καχλάζει
1224 3245 1316 3297 επὶ
1347 3244 1510 3300 πλέον
1543 3246 1621 3318 τῷ
1654 3248 1812 3320 θυμῷ
1839 3249 1935 3303 καὶ

372 3325 558 3379 στόλον
579 3326 760 3400 ἕτερον
783 3331 1087 3401 ἐκπέμπει,
1111 3334 1186 3397 ὠς
1207 3336 1540 3406 κολασθῆναι
1565 3339 1666 3408 μὲν
1687 3340 1785 3394 καὶ
1807 3339 1935 3402 τοὺς

373 3420 906 3488 προαποσταλέντας,
933 3425 1291 3496 ἀναιρεθῆναι
1322 3427 1378 3482 δὲ
1406 3429 1501 3482 καὶ
1535 3431 1719 3484 πᾶσαν
1742 3430 1936 3500 βρεφι-

366 3511 472 3578 κὴν
511 3511 746 3580 ἠλικίαν.
787 3515 1094 3588 Καθίστησι
1127 3517 1185 3572 δὲ
1219 3519 1311 3572 τοῦ
1346 3521 1536 3574 στόλου
1567 3523 1814 3592 ἡγεμόνα
1841 3525 1936 3577 Φι-

367 3602 629 3658 λιππικὸν
674 3605 768 3659 τὸν
824 3609 918 3660 καὶ
970 3609 1250 3680 Βαρδάνην
1300 3610 1616 3680 λεγόμενον.
1664 3614 1937 3685 ’Δπῆλθον
1979 3680 1996 3691 ο

368 3697 546 3748 ἐκεῖσε
577 3695 788 3766 λοιπὸν,
821 3700 915 3754 καὶ
941 3699 1038 3773 τὴν
1069 3701 1166 3756 τοῦ
1195 3705 1528 3775 κρατοῦντος
1564 3708 1935 3778 μυσαχθέντες

371 3791 545 3846 άπανο
556 3794 790 3863 ρωπίαν,
817 3795 912 3850 καὶ
935 3796 1011 3868 μὴ
1045 3798 1304 3868 φέροντες
1334 3799 1564 3868 αἰμασιν
1604 3801 1813 3865 ἀδίκοις
1837 3820 1938 3856 κα-

370 3883 766 3953 ταχρανθῆναι,
817 3887 900 3950 είς
942 3887 1131 3942 στάσιν
1165 3878 1462 3960 χωροῦσιν,
1502 3890 1714 3944 άνακτα
1752 3891 1810 3947 δὲ
1841 3894 1940 3948 καὶ

372 3972 618 4044 κράτορα
656 3974 984 4030 Φιλιππικὸν
1027 3977 1266 4034 ποιοῦσι.
1310 3980 1518 4052 Καιρδς
1570 3981 1788 4052 διῆλθεν
1842 3983 1938 4038 ἐπὶ

372 4059 584 4125 τούτοις
619 4063 824 4126 ἱκανός.
851 4063 1102 4136 Θροεῖται
1133 4068 1160 4120 6
1187 4066 1466 4136 βασιλεὺς,
1498 4069 1762 4137 μανθάνει
1793 4074 1940 4125 έκεῖ-

375 4151 466 4205 Θεν
493 4155 666 4222 οὐδὲν,
705 4155 986 4227 ἐξέρχεται
1039 4159 1268 4228 στρατὸν
1317 4159 1418 4213 οὐκ
1465 4160 1644 4228 ὀλίγον
1682 4163 1941 4236 ἐπισυρό-

377 4263 554 4315 μενος.
586 4248 782 4301 Φθάνει
809 4249 912 4312 ἕως
934 4249 1182 4321 Σινώπης
1211 4251 1404 4321 αὐτῆς,
1427 4254 1531 4325 ὁρᾷ
1555 4253 1642 4308 διὰ
1669 4255 1941 4328 θαλάττης

373 4339 645 4407 ἐρχόμενα
691 4338 873 4396 πλοῖα.
913 4341 1090 4406 Εὐθὺς
1141 4342 1582 4413 ἀνθυποστρέφει
1625 4346 1720 4399 καὶ
1754 4346 1940 4412 αὑτός.

388 4429 550 4482 Ἀλλὰ
583 4429 798 4499 πρῶτος
837 4429 866 4483 6
909 4430 1240 4494 Φιλιππικδς
1283 4433 1350 4485 τὰ
1384 4432 1633 4502 βασίλεια
1659 4435 1942 4502 καταλαμ-

2035 3266 2143 3307 nus
2170 3265 2295 3321 qua:
2330 3251 2510 3306 moliti
2559 3251 2799 3306 fuissent
2849 3248 3116 3306 adversus
3147 3249 3328 3319 ipsum
3369 3247 3422 3300 in
3459 3245 3619 3314 Apsi-

2036 3339 2176 3394 mari
2223 3338 2460 3410 gratiam
2511 3337 2894 3402 Chersonitaz,
2925 3337 3116 3407 copias
3163 3336 3217 3390 in
3246 3351 3344 3391 eos
3380 3334 3616 3388 militu-u

2035 3430 2334 3501 ablegavit.
2378 3430 2513 3486 Erat
2563 3429 2658 3486 hic
2689 3429 2883 3486 videre
2917 3429 3297 3499 spectaculum
3351 3441 3618 3495 perquam

2036 3520 2382 3576 miserabile.
2414 3520 2666 3576 Jusserat
2705 3529 2924 3576 aetatem
2961 3518 3218 3589 quamvis
3269 3517 3479 3586 absque
3512 3517 3622 3570 ulla

2037 3611 2208 3682 280
2247 3611 2732 3666 commiseratione
2781 3611 3090 3673 trucidari;
3136 3624 3249 3679 quo
3299 3607 3504 3663 factum
3561 3617 3624 3659 ut

2032 3702 2425 3775 iugularentur
2455 3716 2641 3767 senes,
2672 3702 2924 3773 juvenes,
2963 3700 3202 3764 feminae,
3234 3699 3414 3769 pueri,
3451 3698 3622 3752 adeo-

2037 3808 2146 3863 que
2177 3807 2373 3848 omnes
2401 3793 2738 3864 promiscue.
2771 3793 2914 3860 Quin
2949 3794 3118 3848 etiam
3154 3807 3279 3847 cum
3310 3792 3620 3860 accepisset

2037 3881 2389 3939 Justinianus
2442 3883 2590 3954 quod
2649 3882 2887 3952 ablegati
2939 3882 3146 3937 milites
3196 3881 3453 3934 mandatu
3517 3894 3621 3932 suo

2041 3976 2424 4047 pepercissent
2445 3975 2676 4030 omnino
2695 3975 3027 4038 infantibus,
3045 3976 3406 4031 vehementer
3422 3989 3623 4028 excan-

2041 4065 2184 4132 duit,
2226 4066 2504 4136 aliamquc
2551 4067 2789 4121 classem
2841 4065 3147 4130 instruxit,
3196 4078 3295 4134 per
3349 4079 3515 4133 quam
3568 4073 3626 4118 et

2040 4158 2195 4230 prius
2224 4158 2422 4215 missos
2456 4173 2524 4213 co
2565 4159 2791 4213 nomine
2842 4157 3070 4228 puniret
3107 4167 3162 4212 et
3208 4171 3403 4211 omnes
3443 4157 3622 4212 Cher-

2041 4248 2349 4304 sonitarum
2386 4248 2631 4303 infantes
2679 4257 2926 4302 necaret.
2959 4246 3018 4300 Ei
3057 4245 3216 4302 classi
3250 4245 3447 4300 ducem
3479 4259 3622 4314 prae-

2041 4338 2174 4396 fecit
2201 4340 2574 4410 Pbilippicum
2605 4347 2976 4410 cognomento
3008 4335 3460 4402 Bardanem.Qui
3493 4351 3620 4389 cum

2043 4434 2150 4487 iter
2176 4432 2512 4487 Chersonem
2541 4431 2891 4494 instituisset.
2928 4430 3130 4484 milites
3162 4426 3622 4482 inbumanitatem

376 4519 550 4574 δάνει.
581 4519 747 4572 Ὀθεν
789 4521 887 4574 καὶ
913 4521 1226 4593 ὑστερήσας
1251 4524 1280 4576 6
1317 4523 1698 4589 Ἰουστινιανδς
1731 4528 1792 4580 ἐν
1823 4530 1931 4594 τοῖς

2045 4540 2111 4583 ac
2130 4525 2408 4579 diritatem
2445 4523 2796 4594 imperatoris
2827 4521 3122 4584 exsecrati,
3150 4534 3276 4574 cum
3301 4533 3361 4574 se
3392 4518 3620 4571 innoxia

374 4610 470 4664 τοῦ
493 4611 812 4683 Δαμάτρυος
841 4612 995 4684 ὄρεσι
1027 4615 1125 4668 σὺν
1153 4613 1303 4687 αύτῷ
1332 4617 1626 4685 συνάγεται
1669 4617 1746 4689 τῷ
1777 4636 1946 4693 στρα-

373 4702 476 4773 τῷ.
511 4704 862 4759 Ἀποστέλλει
895 4706 1031 4777 πρὸς
1080 4707 1242 4761 αὑτὸν
1284 4710 1312 4762 6
1340 4708 1669 4774 Φιλιππικδς
1714 4711 1945 4766 ἀντιπα-

376 4794 623 4865 ράταξιν.
655 4795 934 4851 ῐιλανῶσιν
973 4797 1156 4864 αὐτὸν,
1189 4797 1473 4869 κρατοῦσι,
1509 4800 1604 4853 καὶ
1646 4799 1746 4871 τὴν
1775 4803 1945 4858 αὐτοῦ

373 4887 616 4958 κεφαλὴν
643 4888 1036 4959 ἀποτέμνουσι.
1071 4889 1283 4960 Κρατεϊ
1325 4889 1514 4944 λοιπὸν
1543 4891 1571 4944 6
1617 4889 1944 4958 Φιλιππικὺς

373 4978 470 5048 ιτη
491 4979 603 5036 δύο.
635 4979 802 5035 Ἀλλά
845 4981 939 5035 καὶ
971 4979 1165 5035 τοῦτον
1219 4980 1386 5036 πάλιν
1426 4981 1760 5049 εἰσελθόντες
1796 4984 1944 5050 τινὲς

372 5071 480 5125 ἀπὸ
505 5071 724 5144 Θρᾴκης
756 5074 1103 5144 ἐκτυφλοῦσι.
1189 5121 1192 5124 .

2045 4616 2319 4686 sanguine
2355 4614 2526 4686 pollui
2594 4615 2831 4679 nollent,
2878 4611 3208 4668 seditionem
3254 4609 3520 4670 excitant,
3565 4616 3624 4661 ct

2045 4707 2418 4778 Philippicum
2445 4720 2628 4776 regem
2662 4705 3082 4773 principemque
3113 4716 3273 4755 suum
3307 4698 3619 4768 designant.

2054 4801 2266 4855 Interea
2312 4815 2424 4856 non
2492 4814 2687 4870 parum
2739 4796 3005 4867 temporis
3069 4791 3406 4855 intercedit;
3455 4790 3624 4842 rebus

2052 4892 2168 4947 suis
2191 4891 2490 4960 imperator
2513 4889 2710 4947 metuit
2730 4906 2746 4956 ;
2765 4889 2906 4945 nihil
2935 4886 3063 4942 inde
3092 4886 3336 4940 locorum
3368 4881 3445 4937 rei
3471 4896 3625 4935 novre

2052 4983 2282 5054 percipit
2307 5000 2322 5049 ;
2362 4997 2473 5038 non
2515 4982 2733 5052 exiguis
2763 4979 3064 5037 contractis
3093 4977 3270 5046 copiis
3293 4975 3622 5046 egreditur;

2051 5074 2312 5145 Sinopem
2343 5089 2516 5144 usque
2541 5075 2833 5144 pervenit;
2871 5072 3109 5126 classem
3138 5068 3439 5124 adventare
3485 5064 3622 5119 mari

372 5165 589 5232 cernit;
632 5181 700 5221 eo
747 5181 877 5221 mox
928 5165 1319 5222 animadverso
1346 5165 1564 5237 Cpolim
1613 5165 1933 5222 revertitur.
1975 5165 2181 5221 Verum
2245 5165 2585 5236 Philippicus
2649 5163 2912 5234 princeps
2936 5162 3146 5233 regiam
3177 5167 3433 5228 occupat.
3467 5157 3623 5211 ideo-

374 5275 482 5331 que
550 5259 762 5316 tardius
810 5258 1115 5318 adveniens
1184 5261 1532 5318 Justinianus
1577 5261 1634 5318 in
1686 5262 2012 5332 Damatryos
2051 5271 2268 5318 montes
2299 5277 2400 5317 suo
2429 5276 2489 5317 se
2522 5275 2647 5315 cum
2679 5259 2929 5314 exercitu
2977 5257 3199 5329 recipit.
3239 5255 3321 5311 Eo
3356 5255 3625 5324 Philipp"-

375 5367 470 5408 cus
504 5352 764 5407 adversas
791 5353 978 5423 copias
1001 5352 1710 5424 ablegat,qu:eiustiniauo
1741 5352 1937 5409 fraude
1977 5353 2359 5408 circumvento
2422 5352 2655 5408 victoria
2711 5351 3000 5422 potiuntur
3031 5352 3194 5420 eique
3227 5356 3394 5418 caput
3429 5343 3624 5416 ιιι-αιιεὶ-

375 5451 530 5504 dunt.
571 5451 684 5506 Hoc
714 5452 858 5507 facto
894 5451 1178 5508 biennium
1205 5449 1548 5521 Pbilippicus
1579 5450 1853 5519 imperat;
1917 5463 1982 5508 ac
2019 5449 2265 5507 vicissim
2329 5464 2360 5504 a
2393 5447 2722 5520 quibusdam
2746 5488 2761 5515 ,
2809 5462 2840 5504 e
2904 5447 3140 5503 Thracia
3188 5443 3284 5514 qui
3333 5451 3620 5500 venerant,

375 5543 548 5597 oculis
577 5543 863 5615 spoliatur.
1974 5593 1976 5595 ,

447 5635 557 5688 Καὶ
604 5634 879 5705 βασιλεύει
912 5632 1199 5707 Ἀρτέμιος
1241 5635 1269 5689 6
1319 5637 1415 5689 καὶ
1453 5634 1808 5697 Ἀναστάσιος
1853 5634 1950 5704 ἔτη

374 5725 487 5789 δύο,
518 5726 612 5779 καὶ
639 5726 779 5796 μετὰ
807 5725 997 5782 τοῦτον
1039 5727 1321 5792 Θεοδόσιος
1364 5725 1474 5782 τῶν
1505 5727 1654 5784 κάτω
1694 5725 1791 5796 ἐτη
1833 5725 1950 5780 δύο.

380 5821 548 5882 ουτος
585 5817 680 5871 καὶ
718 5819 866 5873 ἄκων
895 5818 1089 5891 ἐξέστη
1113 5820 1209 5892 τῆς
1232 5818 1513 5892 βασιλείας
1550 5818 1641 5872 καὶ
1670 5818 1792 5873 ἀντὶ
1817 5833 1953 5890 πορθ

2124 5628 2404 5685 Successit
2449 5628 2750 5696 Artemius,
2784 5636 3154 5699 cognomento
3185 5627 3532 5690 Anastasius,
3566 5639 3624 5683 et

2049 5721 2268 5778 duobus
2290 5721 2451 5776 annis
2473 5721 2782 5795 imperavit.
2808 5721 2947 5777 Eum
2978 5721 3309 5776 subsecutus
3333 5730 3416 5774 est
3445 5719 3622 5776 Theo-

2051 5813 2265 5880 dosius,
2300 5814 2466 5870 homo
2497 5813 2771 5884 plebeius,
2808 5813 2902 5884 qui
2935 5820 2991 5869 ct
3021 5812 3135 5882 ipse
3181 5810 3463 5866 biennium
3494 5825 3620 5866 cum
