4070 6432
415 320 523 384 525
1658 322 2025 399 ANNALIU:

2122 338 2297 399 PARS
2335 339 2430 402 1v.
3570 329 3673 390 εἓὸ

418 436 513 535 καὶ
533 435 661 535 τοὺς
687 436 929 507 βασιλεῖς
958 440 1125 513 μηδέν
1154 461 1207 498 τι
1228 447 1490 516 πράττειν
1521 449 1651 503 ἄνευ
1688 450 1894 504 αὐτῶν.
1934 450 1994 503 Ὁ

2122 453 2304 523 ὼεηιιο
2332 451 2585 509 mercede
2609 469 2673 506 ac
2702 453 2926 521 prtulilio
2957 449 3267 519 disciplinis
3295 447 3520 517 optimis
3545 462 3672 500 cru-

374 613 379 618 .
418 527 553 595 γοῦν
597 529 863 594 κάκιστος
894 534 1172 591 κοινοῦται
1207 539 1304 591 καὶ
1338 541 1549 603 τούτοις
1602 540 1670 593 τὰ
1698 541 1795 610 τῆς
1827 542 1991 594 ἀθέου

2122 545 2349 600 Iiebant.
2378 548 2556 615 Atque
2587 546 2782 600 horum
2814 544 2885 599 ob
2906 543 3166 599 virtutem
3198 549 3345 595 tanta
3378 537 3671 593 celebritas

419 619 646 690 γνώμης
677 623 871 690 αὑτοῦ,
898 627 997 680 καὶ
1028 628 1106 699 μὴ
1134 629 1276 699 ἔχων
1305 633 1659 695 καταπειθεῖς
1690 633 1874 701 εὑρεῖν
1900 637 1997 687 αύ-

2122 644 2246 699 :rat,
2286 644 2345 688 ut
2387 651 2455 689 ne
2498 634 2600 702 ipsi
2649 633 2872 705 quidem
2928 632 3294 701 imperatores
3347 628 3554 697 aliquid
3606 626 3674 680 iis

419 712 547 774 τοὺς
574 710 710 784 ὕλην
744 719 1116 790 περισωρεύει
1160 723 1460 799 εύέξαπτον
1490 725 1678 795 κύκλῳ
1714 725 1809 779 τοῦ
1845 725 1989 781 θείου

2122 741 2210 781 non
2238 728 2508 782 consultis
2536 712 2784 797 agerent.
2807 725 2945 779 Cum
2983 725 3070 779 his
3098 740 3232 794 ergo
3264 723 3345 776 vir
3374 720 3676 789 improbis-

420 803 578 868 ναοῦ,
620 805 856 878 καὶπῦρ
892 809 1130 880 dedas-et
1181 813 1430 886 λιπαρδν,
1483 817 1579 871 καὶ
1625 818 1806 872 πάντα
1852 818 1992 886 ὁμοῦ

2122 819 2274 872 .imus
2306 818 2634 873 sententiam
2661 833 2818 873 suam
2846 817 3069 887 impiam
3105 814 3497 874 eonuuunie..t.
3526 827 3678 865 (ιιηιι-

424 895 788 964 κατίαφλέγει,
811 898 942 964 τούς
969 918 1031 955 τε
1048 900 1241 968 ’θείους
1267 905 1512 970 ἐκείνους
1538 906 1740 978 ἄνδρας
1768 910 1863 961 καὶ
1895 911 1994 963 σὺν

2122 925 2210 979 [ne
2256 923 2447 979 parum
2486 925 2584 964 eos
2644 909 2764 963 suis
2816 908 3129 963 rationibus
3185 907 3431 962 tribuere
3480 909 3678 976 depre-

424 987 610 1049 αὺτοϊς
635 989 736 1050 τὰς
768 990 1008 1060 βῑσλους.
1857 1044 1863 1049 .

2122 999 2414 1063 tenderet.
2447 999 2695 1069 undique
2741 998 2985 1055 divinam
3035 999 3180 1053 hanc
3222 1000 3395 1053 aedem
3449 998 3677 1051 macria

428 1090 745 1136 coacervata
804 1082 997 1154 cingit,
1039 1100 1164 1156 quae
1236 1089 1417 1160 ignem
1465 1090 1624 1147 facile
1687 1091 2028 1161 conciperet.
2107 1091 2239 1148 lude
2286 1091 2518 1163 pingues
2585 1092 2636 1146 ei
2682 1089 2832 1147 faces
2877 1089 3122 1161 subiicit,
3171 1088 3467 1158 onmiaque
3514 1085 3680 1139 simul

427 1169 628 1234 exurit,
670 1174 780 1226 tam
810 1174 1031 1257 divinos
1054 1179 1194 1236 istos
1222 1179 1476 1238 homines
1501 1199 1665 1253 quam
1694 1184 1888 1239 libros:

500 1290 638 1343 Κατ’
663 1293 925 1378 ἐπεῐνοδὲ
959 1297 1154 1368 καιροῦ
1189 1301 1283 1354 καὶ
1334 1301 1591 1368 πλούσιός
1633 1323 1716 1369 τις
1748 1300 1816 1376 ἦν
1844 1304 2000 1375 ἐλεηο

2172 1301 2399 1359 Exstitit
2427 1299 2622 1357 iisdem
2655 1297 3332 1370 Iemporibusvirquidam
3361 1297 3680 1367 opulentus,

436 1384 695 1455 μοσύναις
710 1387 844 1456 ὁμοῦ
871 1387 967 1443 καὶ
996 1394 1283 1463 πορνείαις
1316 1397 1519 1463 συζῶν,
1546 1401 1644 1455 καὶ
1673 1397 2007 1465 οὕτωικατα-

2122 1396 2200 1465 lui
2223 1403 2279 1449 et
2305 1382 2730 1449 beneficentiam
2760 1392 2816 1446 in
2844 1388 3367 1461 pauperes-largiter
3393 1390 3685 1444 exercebat

432 1476 684 1546 γηράσας
716 1479 978 1537 ἀπέθανε.
1013 1483 1230 1539 Γίνεται
1261 1482 1357 1541 οὖν
1382 1489 1578 1554 στάσις
1615 1491 1868 1561 περὶτοῦ
1900 1490 2006 1544 ποῦ

2122 1497 2162 1543 :t
2215 1487 2339 1554 plus
2389 1500 2550 1554 aequo
2610 1484 2831 1539 deditus
2885 1493 3008 1538 erat
3073 1482 3534 1538 scortatiOnibus.
3584 1482 3684 1538 Ubi

429 1570 473 1655 cf
516 1564 756 1655 τοιοῦτος
782 1564 1084 1630 τέτακταιο
1137 1580 1187 1631 οἱ
1251 1579 1352 1650 μὲν
1380 1581 1488 1654 γὰρ
1535 1580 1722 1651 ἔλεγον
1775 1578 2011 1655 ἄμωμον

2122 1577 2512 1642 :onsenuisset,
2558 1576 2780 1632 tandem
2831 1584 3045 1630 natura:
3093 1574 3344 1630 debitum
3395 1573 3684 1643 persolvit.

433 1654 575 1713 εἶναι
594 1652 1235 1741 δεῖτὴνέλεημοσύνην,
1258 1672 1321 1725 ὀἱ
1352 1671 1407 1726 δὲ
1431 1652 1607 1745 ταύτῃ
1637 1652 2001 1746 καθαίρεσθαι

2122 1674 2186 1727 lbi
2227 1672 2297 1728 de
2336 1672 2442 1727 hoc
2489 1671 2626 1727 oriri
2683 1669 3056 1726 dissensiones
3086 1679 3400 1739 coeperunt,
3444 1683 3687 1738 quonam

432 1750 501 1804 τὰ
532 1752 912 1853 ἁμαρτήματα
963 1758 1384 1833 διισχυρίςοντο.
1432 1768 1748 1838 Δεηθέντων
1782 1769 1875 1823 οὖν
1909 1771 2005 1824 τοῦ

2122 1764 2437 1831 referendus
2463 1773 2635 1820 esset.
2672 1762 2886 1833 Quippe
2917 1763 3170 1818 nonnulli
3214 1762 3440 1817 aiebant
3480 1763 3687 1817 benefi-

432 1843 774 1915 πατριάρχου
798 1866 858 1901 τε
898 1849 1181 1921 Ῥωμανοῦ
1214 1856 1310 1910 καὶ
1341 1857 1451 1912 τῶν
1489 1858 1753 1929 θεοφιλῶν
1782 1862 2006 1917 ἐπισκό-

2122 1857 2350 1912 centiam
2386 1855 2552 1926 232
2599 1855 2653 1909 in
2692 1869 2971 1925 pauperes
3022 1864 3304 1923 expertem
3360 1854 3502 1908 labis
3549 1862 3608 1908 et
3658 1870 3687 1906 a

436 1934 676 1990 πωντοῦ
704 1930 851 1993 ³8εοῦ
886 1945 1021 2014 περ)⁸
1068 1945 1283 2013 τούτου,
1337 1952 1708 2025 ἀπεκαλύφθη
1762 1955 1870 2008 τινί
1917 1940 2010 2021 ἑγ-

433 2028 689 2101 κλεῖστῳ.
708 2028 888 2105 Ἐὡρα
918 2036 1029 2107 γὰρ
1060 2039 1313 2094 ἐντεῦθεν
1349 2041 1450 2112 μὲν
1480 2045 1840 2113 παράδεισον,
1868 2048 2011 2102 €er-

428 2117 528 2172 ’θεν
557 2121 612 2175 δὲ
651 2123 826 2193 φλόγα
868 2129 1045 2199 πυρὸς
1081 2132 1370 2202 μεγίστην,
1407 2134 1573 2202 μέσον
1595 2137 1652 2190 δὲ
1689 2138 1781 2191 τὸν
1817 2139 2009 2197 τελευ-

434 2213 683 2282 τήσαντα
735 2217 951 2275 ἑστῶτα
1008 2224 1104 2276 καὶ
1159 2224 1306 2294 μέγα
1363 2229 1731 2293 στενάζοντα·
1762 2229 1904 2299 πρὸς
1952 2232 2012 2286 ὃν
2076 2214 2085 2224 ⁵

435 2304 668 2372 ἄγγελος
703 2308 876 2365 ἐλθὼν
905 2310 1061 2367 εἷπε·
1105 2334 1124 2368 ι
1161 2316 1228 2371 Ti
1262 2318 1408 2388 μέγα
1443 2319 1728 2386 στενάζεις
1750 2340 1766 2387 ;
1792 2325 1825 2394 ἡ
1854 2323 2013 2395 ἐλεη-

400 2484 413 2489 ῃ
443 2398 648 2491 μοσύνη
694 2420 786 2456 σου
822 2406 1092 2487 ὲρῤύσατό
1119 2429 1177 2465 σε
1210 2414 1309 2482 τῆς
1334 2400 1554 2484 φλογός.
1599 2436 1617 2470 ι
1648 2418 2012 2491 Μανθάνομεν

439 2488 531 2545 οὖν
561 2494 812 2550 ἐντεῦθεν
838 2499 921 2553 ὅτι
951 2502 1013 2555 ού
1045 2503 1304 2558 τοσοῦτον
1329 2507 1607 2577 ὠφελήσει
1642 2509 1701 2563 τὸ
1743 2488 2014 2580 ἀργύριον

438 2586 507 2641 ἐκ
537 2589 794 2662 ρυπαρᾶς
839 2594 1023 2665 χειρὸς
1050 2596 1352 2667 διδόμενον.
1390 2600 1554 2656 Ἀλλά
1611 2601 1708 2655 καὶ
1750 2586 1940 2672 Ζήνων
1983 2602 2013 2655 ὁ

445 2676 715 2748 βασιλεὺς,
747 2684 823 2749 ὥς
849 2687 953 2741 πού
991 2706 1181 2759 φησιν,
1209 2691 1378 2761 ἐμίγη
1403 2694 1630 2760 γυναικὶ
1662 2693 1916 2766 παρθένῳ
1943 2688 2013 2766 ἧς

440 2774 473 2843 ἠ
534 2776 718 2848 μήτηρ
770 2778 844 2849 μὴ
893 2779 1139 2851 φέρουσα
1186 2782 1247 2836 τὸ
1281 2785 1500 2852 συμϐάν
1553 2786 1652 2857 τὴν
1708 2785 2013 2856 ἀειπάρθε-

438 2881 530 2918 νον
579 2866 791 2924 ἱκέτευε
832 2873 1094 2928 θεοτόκον
1118 2876 1359 2940 ἐκτενῶς
1386 2876 1529 2931 ὥστε
1578 2877 1765 2931 λαϐεῖν
1797 2879 2016 2950 ἐκδίκη-

2109 1950 2260 2005 vitiis
2300 1949 2604 2003 immunem
2636 1946 2758 2003 csse
2804 1947 3032 2002 debere.
3080 1946 3189 2002 Alii
3238 1954 3431 2001 contra
3464 1949 3686 2015 purgari

2078 2052 2166 2113 ‘et
2194 2043 2408 2113 expiari
2452 2040 2655 2097 delicta
2682 2055 2780 2110 per
2810 2040 2955 2117 hanc
2999 2039 3423 2095 beneﬁcentiam
3471 2053 3691 2094 assue-

2110 2135 2263 2190 bant.
2283 2132 2466 2202 Quare
2488 2148 2613 2187 cum
2637 2132 2782 2186 hanc
2800 2133 2872 2187 ob
2899 2146 3119 2187 causam
3149 2131 3432 2185 Romanus
3457 2129 3691 2200 patriar-

2111 2225 2211 2279 cha
2235 2232 2293 2278 et
2323 2211 2566 2293 religiosi
2603 2222 2881 2277 antistites
2928 2222 3101 2276 Deum
3157 2230 3437 2291 rogarent,
3470 2208 3689 2275 tandem

2114 2306 2410 2387 patefactio
2442 2315 2691 2384 quaedam
2715 2314 2836 2370 viro
2866 2314 2921 2369 in
2953 2313 3309 2370 solitudinem
3346 2312 3534 2375 abdito
3562 2328 3695 2368 con-

2112 2409 2254 2480 tigit.
2293 2407 2508 2464 Etenim
2542 2406 2765 2462 videbat
2800 2408 2870 2462 ab
2902 2421 3012 2460 una
3059 2414 3214 2476 parte
3256 2404 3593 2474 paradisum,
3624 2404 3693 2458 ab

2115 2503 2289 2555 altera
2319 2499 2592 2555 ﬂammam
2623 2499 2767 2572 ignis
2796 2499 3113 2563 maximam,
3143 2498 3198 2553 in
3241 2497 3424 2553 medio
3455 2506 3694 2552 stantem

2115 2607 2180 2647 ac
2209 2591 2370 2647 valde
2400 2592 2849 2662 ingemiscentem
2876 2608 3002 2647 eum
3037 2592 3132 2661 qui
3163 2592 3332 2645 vitam
3369 2589 3694 2659 rcliquera'.

2118 2685 2261 2741 Hinc
2287 2668 2545 2755 angelum
2580 2683 2963 2747 accedentem,
2996 2685 3093 2753 qui
3125 2683 3325 2755 talibus
3356 2682 3535 2749 ipsum
3572 2696 3698 2735 ver.

2110 2776 2202 2835 bis
2251 2778 2682 2847 alloqueretur:
2739 2794 2758 2828 ι
2816 2776 2929 2832 Cur
2979 2783 3271 2840 tantopere
3333 2772 3701 2845 ingemiscis?

2112 2862 2480 2927 beneficentia
2514 2869 2568 2923 in
2599 2883 2872 2940 pauperes
2898 2876 2990 2923 tua
3021 2876 3071 2923 te
3099 2866 3340 2921 ﬂammis
3368 2867 3521 2921 hisce
3554 2865 3667 2919 libe

440 2972 545 3011 σιν.
571 2959 684 3014 Καὶ
711 2961 912 3033 ἤκουσε
946 2950 1099 3028 θείας
1121 2965 1334 3021 ἐκεῖθεν
1360 2969 1547 3039 φωνῆς
1576 2968 1726 3023 οὕτω
1746 2969 2016 3041 λεγούσης

2122 2963 2282 3017 ravit.
2319 2983 2339 3016 ι
2384 2961 2462 3017 De
2490 2977 2601 3033 quo
2630 2961 2886 3033 exemplo
2913 2960 3183 3019 discimus
3210 2959 3501 3028 pecuniam
3530 2972 3695 3012 manu

444 3050 579 3119 πρὸς
613 3052 784 3124 αὐτήν
804 3072 820 3087 ο
852 3075 870 3108 t
905 3056 1145 3128 Θέλομεν
1171 3049 1459 3130 ἐκδικῆσαι
1485 3079 1568 3126 σε,
1595 3056 1640 3117 ὦ
1666 3056 1828 3132 γύναι
1855 3081 1871 3096 ⁸
1900 3066 2015 3120 ἀλλ’

2123 3054 2413 3126 inquinata
2454 3055 2832 3125 sordenteque
2871 3052 3128 3108 donatam
3180 3067 3290 3106 non
3348 3065 3525 3120 usque
3559 3051 3699 3104 adeo

440 3143 475 3210 ὴ
513 3142 661 3208 δεξιὰ
687 3146 897 3201 ἐκείνου
926 3150 1150 3219 ποιῆσαί
1186 3168 1254 3222 με
1285 3152 1461 3216 οὕτως
1503 3155 1605 3207 οὐκ
1648 3154 1868 3226 ἀφίησι.
1899 3176 1917 3209 ι
1955 3156 2018 3211 '0

2122 3147 2486 3219 largientibus
2539 3145 2912 3217 profuturam,
2945 3156 3006 3199 ut
3058 3142 3312 3198 nonnulli
3352 3141 3694 3197 existimant.

441 3232 499 3284 δὲ
541 3233 800 3303 Θεολόγος
842 3237 1148 3310 Γρηγόριος
1195 3240 1334 3311 πρὸς
1362 3242 1656 3313 ἀκρῑύειαν
1704 3243 2015 3315 νομοθετῶν

2122 3242 2317 3298 Itidem
2362 3231 2680 3311 accepimus
2723 3239 3003 3295 Zenonem
3066 3237 3456 3308 imperatorem
3496 3235 3697 3321 virgini

445 3322 619 3385 οὕτως
647 3324 872 3398 εὓρηται
900 3329 1074 3399 λέγων
1094 3345 1108 3362 ο
1157 3348 1178 3382 ι
1216 3330 1492 3402 Μίσθωμα
1520 3333 1724 3405 πόρνης
1751 3335 1923 3404 άγνὺς
1951 3336 2016 3391 οὐ

2122 3335 2343 3403 cuidam
2381 3333 2578 3390 vitium
2610 3332 2920 3398 obtulisse;
2953 3332 3112 3403 cujus
3159 3339 3336 3385 mater
3379 3329 3573 3400 iniquo
3608 3343 3701 3381 ra-

450 3414 749 3484 μερίζεται.
784 3438 804 3471 ι

2122 3442 2244 3482 sum
2288 3426 2436 3482 hunc
2474 3425 2660 3480 animo
2705 3422 2908 3489 ferens,
2956 3423 3378 3480 continentibus
3422 3430 3701 3492 perpetua:

414 3507 519 3562 ‘illi
559 3509 907 3582 Deiparmque
933 3512 1145 3597 Yirgini
1183 3515 1444 3585 precibus
1476 3518 1895 3588 supplicaverit,
1950 3527 2012 3574 ut
2046 3518 2260 3574 facinus
2292 3519 2436 3574 istuc
2493 3516 2830 3587 impunitum
2870 3533 2977 3571 non
3046 3516 3412 3585 relinqueret.
3451 3514 3700 3569 Tandem

442 3601 512 3658 ab
534 3618 600 3658 ea
639 3604 880 3662 divinam
908 3609 1203 3680 quamdam
1234 3626 1453 3682 vocem,
1519 3613 1842 3685 huiusmodi
1908 3613 2078 3675 verba
2117 3614 2512 3686 proferentem,
2538 3612 2783 3668 auditam
2806 3627 2928 3669 esse
2957 3627 2971 3664 :
3007 3631 3027 3664 ο
3057 3612 3325 3684 Cupimus
3348 3627 3450 3666 nos
3475 3611 3699 3682 quidem

445 3696 702 3767 iniuriam
771 3701 884 3756 tibi'
909 3701 1109 3758 factam
1172 3704 1389 3768 ulcisci,
1450 3705 1674 3772 mulier,
1711 3720 1906 3760 verum
1936 3704 2178 3769 Zenonis
2209 3705 2404 3761 dextra
2444 3720 2548 3761 nos
2578 3704 2631 3760 id
2674 3704 2891 3779 .facere
2921 3719 3269 3774 nequaquam
3320 3704 3474 3758 sinit.
3508 3722 3527 3755 ι
3562 3703 3700 3761 Gre-

445 3792 629 3861 gorius
674 3802 880 3856 autem,
922 3805 1289 3866 cognomento
1345 3796 1695 3868 Theologus,
1751 3807 2039 3854 accuratas
2079 3786 2300 3868 pietatis
2366 3798 2516 3869 leges
2552 3797 2766 3862 ferens,
2796 3796 3003 3854 alicubi
3033 3798 3250 3853 locutus
3283 3796 3338 3853 in
3379 3797 3498 3869 haec
3530 3799 3701 3853 verba

447 3884 757 3955 reperitur:
793 3903 813 3939 ι
849 3886 1019 3955 Deus,
1043 3886 1140 3960 qui
1172 3904 1346 3959 purus
1382 3898 1503 3956 est,
1540 3905 1650 3947 non
1690 3891 1811 3947 vult
1841 3892 2011 3948 scorti
2054 3892 2330 3948 mercedis
2354 3891 2637 3964 particeps
2669 3906 2814 3949 esse.
2853 3910 2872 3945 ι

527 4019 779 4089 Ἐγένετο
818 4020 878 4075 δὲ
910 4021 1007 4075 καὶ
1049 4006 1109 4077 ιν
1136 4023 1203 4095 τῇ
1237 4021 1424 4097 Ῥώμῃ
1455 4022 1704 4081 τοιοῦτόν
1731 4043 1807 4080 τι.
1835 4026 2020 4081 Μονα-

2190 4025 2493 4082 Perhibent
2512 4027 2677 4082 etiam
2700 4026 2891 4083 Romae
2918 4026 3182 4098 quiddam
3217 4026 3533 4100 huiusmodi
3557 4030 3705 4086 acci-

448 4112 542 4182 χός
583 4130 669 4177 τις
712 4113 1034 4185 άφορισθεὶς
1082 4114 1188 4171 ύπδ
1239 4114 1546 4189 Γρηγορίου
1603 4118 1700 4172 τοῦ
1749 4118 1909 4172 πάπα
1942 4118 2021 4184 ὡς

2122 4116 2290 4173 ᾶὶεεο.
2328 4117 2562 4184 Quidam
2604 4117 2873 4173 solitariae
2904 4118 3031 4174 vita;
3071 4126 3316 4175 sectator
3374 4133 3404 4173 a
3435 4118 3705 4190 Gregorio

451 4206 602 4274 παρὰ
650 4206 880 4277 γνώμην
916 4205 1013 4260 τοῦ
1052 4206 1360 4279 ἡγουμένου
1389 4208 1558 4263 αὐτοῦ
1607 4210 1704 4264 καὶ
1747 4209 1903 4281 παρὰ
1931 4211 2025 4265 τὸν

2122 4223 2263 4280 papa
2297 4210 2834 4274 excommunicatus.
2868 4218 2931 4266 ut
2958 4211 3052 4283 qui
3109 4221 3303 4268 contra
3358 4213 3704 4270 voluntatem

450 4296 650 4368 θεσμὸν
672 4296 769 4353 τοῦ
801 4299 1170 4369 μοναστηριου
1200 4298 1295 4354 τοῦ
1330 4298 1497 4355 αὑτοῦ
1528 4301 1836 4373 Γρηγορίου
1864 4303 2025 4373 ποιή-

2125 4302 2377 4371 praesidis
2403 4311 2460 4357 et
2478 4303 2840 4372 praescriptas
2875 4304 3215 4360 monasterio
3243 4306 3392 4376 leges
3425 4321 3456 4361 a
3492 4306 3707 4377 Grego-

399 4422 411 4431 -
453 4408 549 4456 σας
575 4411 652 4455 τι,
686 4391 807 4463 μετ’
850 4392 1038 4463 ὀλίγας
1084 4394 1444 4464 ἐτελεύτησεν
1477 4396 1712 4467 ἡμέρας.
1743 4396 1923 4467 Ὅπερ
1963 4398 2025 4452 ά-

2126 4389 2213 4446 rio
2246 4393 2503 4448 nonnihil
2533 4392 2884 4464 deliquisset.
2921 4394 3117 4464 paucis
3148 4394 3348 4450 diebus
3396 4395 3710 4466 interiectis

452 4483 655 4546 καύσας
684 4486 714 4538 ό
740 4485 927 4549 πάπας
958 4484 1214 4555 μεγάλως
1236 4485 1506 4557 ἐλυπήθη,
1551 4486 1686 4540 διότι
1719 4486 1964 4555 ἀπῆλθεν
1994 4488 2024 4540 ό

2130 4480 2297 4535 vitam
2348 4494 2474 4537 cum
2525 4493 2703 4538 morte
2753 4477 3137 4538 commutavit.
3200 4483 3278 4538 Ea
3334 4498 3393 4539 re
3453 4486 3707 4540 nuntiata

452 4577 677 4646 ἀδελφὸς
742 4578 1004 4647 ιξαιφνης
1041 4577 1328 4648 δεδεμένος
1366 4577 1466 4632 ὢν.
1521 4576 1636 4632 Καὶ
1696 4577 1918 4648 γράψας
1967 4579 2028 4631 ἐν

452 4671 630 4744 χάρτῃ
680 4670 846 4741 εὐχὴν
877 4669 1115 4724 λύουσαν
1165 4669 1277 4725 τῶν
1333 4671 1552 4739 δεσμῶν
1605 4670 1697 4724 τὸν
1752 4670 2029 4725 τεθνεῶτα

454 4762 618 4817 ἔδωκέ
642 4781 747 4817 τινι
772 4763 1007 4836 διακόνῳ
1030 4763 1205 4817 εἰπών
1227 4779 1244 4796 ο
1281 4783 1301 4816 ι
1344 4763 1584 4817 ’Δπελθε
1606 4761 1703 4816 ἐπὶ
1730 4761 1824 4817 τὸν
1854 4763 2030 4832 τάφον

452 4853 549 4909 τοῦ
579 4853 833 4924 ἀδελφοῦ,
891 4853 1007 4911 Καὶ
1040 4853 1327 4922 ἀνάγνωθι
1368 4854 1562 4924 αὐτήν.
1612 4870 1632 4906 ι
1662 4853 1775 4933 Καὶ
1825 4851 2024 4906 τούτου

453 4947 749 5018 γενομένου
781 4947 983 5019 θεωρεῖ
1005 4949 1033 5002 ό
1069 4946 1376 5017 ἡγούμενος
1418 4947 1541 5001 κατ’
1585 4945 1723 5016 ὖναρ
1751 4946 1845 4999 τὸν
1876 4945 2031 5000 άδελ-

455 5039 578 5108 φὺν,
614 5039 711 5094 καὶ
733 5039 885 5107 λέγει
912 5037 1062 5108 αὐτῷ
1084 5054 1101 5073 ο
1138 5057 1158 5092 ι
1191 5038 1385 5108 Λύπην
1408 5038 1626 5109 ἔχομεν,
1655 5036 1873 5105 ἀδελφὲ,
1901 5039 2032 5109 περὶ

459 5131 577 5199 σοῦ,
613 5132 696 5186 ὅτι
725 5132 1009 5202 δεδεμένος
1033 5132 1429 5203 ἐτελεύτησαςο
1467 5130 1591 5185 εἰπὲ
1612 5129 1705 5184 οὖν
1735 5131 1870 5200 ἡμῖν
1914 5130 2028 5193 πῶς

454 5222 572 5292 εχει
604 5223 672 5279 τὰ
693 5224 837 5279 κατά
860 5240 955 5292 ac;
1004 5226 1102 5278 καὶ
1125 5223 1193 5287 ὃς
1211 5222 1534 5294 ἀποκριθεὶς
1562 5219 1721 5277 εἶπεν
1742 5239 1756 5255 ·
1788 5222 1889 5275 ’ον
1900 5238 2029 5286 τως,

456 5315 657 5388 πάτερ,
714 5318 798 5379 εἱς
831 5315 1082 5387 φυλακὴν
1134 5317 1282 5388 ἥμην
1332 5316 1442 5379 ἕως
1488 5314 1645 5385 χθές·
1700 5316 1941 5386 σήμερον
1973 5316 2032 5370 δὲ

457 5408 820 5478 ἁπολέλυμαι.
857 5428 874 5462 ι
907 5411 1021 5466 Καὶ
1044 5409 1298 5479 ἐγνώσθη
1327 5411 1496 5464 πᾶσιν
1520 5410 1604 5463 ὅτι
1634 5409 1759 5464 καθ’
1784 5409 1852 5479 ἠν
1880 5411 2032 5480 ὥραν

458 5499 671 5569 ἀνέγνω
700 5502 729 5555 ό
766 5501 1015 5567 διάκονος
1042 5501 1142 5573 τὴν
1194 5502 1361 5572 εὐχὴν
1411 5501 1504 5555 ἐπὶ
1543 5502 1639 5555 τοῦ
1691 5503 1889 5569 τάφου,
1933 5502 2030 5555 τοῦ

458 5590 658 5662 δεσμοῦ
715 5593 1039 5662 παραδόξως
1069 5597 1097 5648 ὁ
1146 5593 1374 5662 ἀδελφὸς
1405 5593 1769 5664 ἠλευθέρωτο.
1800 5595 1942 5647 Ὀσα
1974 5593 2033 5647 δὲ

459 5668 682 5748 δύνᾲται
711 5684 739 5736 δ
773 5686 925 5754 παρὰ
952 5685 1061 5738 τῶν
1096 5686 1289 5758 ἱερέων
1313 5685 1657 5755 ἐπαγόμενος
1687 5683 1909 5755 δεσμὸς,
1939 5684 2036 5755 δῆ-

461 5770 551 5827 λον
588 5773 862 5832 ἐντεῦθεν.
907 5775 996 5831 Ἐν
1030 5779 1093 5853 τῇ
1119 5777 1559 5848 ἐκκλησιαστικῇ
1593 5777 1830 5849 Ἰςτορῖᾳ
1861 5776 2031 5841 Φίλω-

2130 4582 2465 4646 magno'pere
2495 4576 2793 4648 Gregorius
2821 4575 3327 4641 ind’oluit,fratrem
3352 4577 3505 4631 illum
3538 4592 3569 4632 ο
3595 4578 3705 4633 vita

2129 4666 2314 4724 subito
2340 4668 2610 4739 migrasse
2638 4669 2814 4726 sacris
2843 4664 3027 4724 adhuc
3047 4668 3288 4724 vinculis
3319 4670 3704 4729 constrictum.

2129 4757 2321 4829 Itaque
2354 4759 2617 4829 scriptam
2658 4759 2716 4815 in
2748 4759 2938 4815 charta
2970 4758 3371 4829 precationem,
3403 4774 3511 4828 qua
3560 4776 3712 4814 mor-

2132 4859 2288 4905 tuum
2322 4849 2560 4907 vinculis
2584 4850 2704 4906 istis
2731 4850 3020 4917 eximeret,
3048 4851 3305 4906 ministro
3332 4850 3551 4906 cuidam
3580 4867 3707 4908 cum

2133 4941 2287 4996 hisce
2318 4942 2506 4997 verbis
2553 4940 2816 4997 tradidit:
2866 4957 2886 4992 ι
2916 4940 3019 4996 Abi
3050 4939 3119 4995 ad
3153 4941 3467 5011 sepulcrum
3522 4942 3710 4998 fratris

2133 5034 2304 5098 illius,
2343 5045 2400 5088 et
2452 5033 2827 5103 precationem
2873 5032 3018 5088 hanc
3067 5030 3304 5103 pellege.
3340 5051 3360 5085 ι
3414 5032 3570 5098 Quod
3615 5035 3713 5090 ubi

2134 5128 2338 5184 factum
2393 5127 2624 5191 fuisset,
2689 5125 3014 5181 monasterii
3059 5138 3266 5195 praeses
3315 5140 3416 5196 per
3467 5126 3710 5197 quietem

2134 5218 2361 5278 fratrem
2409 5218 2564 5274 hunc
2623 5217 2915 5287 conspicit.
2959 5216 3084 5273 Mox
3136 5229 3265 5272 eum
3320 5217 3662 5288 compellans
3693 5259 3708 5279 ,

2140 5332 2158 5363 ι
2192 5313 2309 5367 Tua
2348 5325 2515 5367 causa
2571 5311 2754 5392 mresti
2807 5325 3031 5377 sumus,
3065 5327 3098 5368 ο
3150 5311 3342 5373 frater.
3406 5311 3505 5374 ait,
3561 5311 3717 5379 quod

2134 5404 2373 5461 vinculis
2417 5405 2592 5461 sacris
2640 5404 2844 5475 ligatus
2895 5403 3126 5459 obieris.
3173 5405 3538 5469 Quamobrem
3589 5402 3711 5463 dic,

2133 5494 2570 5558 obsecrornobis
2595 5508 2836 5566 quonam
2867 5495 2923 5550 in
2959 5503 3106 5550 statu
3130 5502 3188 5549 et
3214 5493 3541 5549 conditione
3576 5490 3669 5545 sis.
3688 5509 3706 5540 ι

2135 5586 2275 5642 Tum
2324 5588 2415 5643 ille
2449 5590 2826 5656 respondens,
2871 5606 2888 5640 ι
2931 5586 3163 5651 Revera,
3215 5583 3415 5654 inquit,
3465 5596 3498 5637 ο
3532 5589 3711 5649 pater.

2135 5680 2204 5734 ad
2235 5679 2555 5734 heSternum
2590 5694 2763 5750 usque
2791 5679 2937 5734 diem
2966 5692 3190 5733 carcere
3221 5676 3460 5746 quodam
3488 5674 3712 5728 clausus

2138 5773 2256 5835 fui:
2298 5788 2489 5831 verum
2530 5773 2690 5828 hodie
2726 5773 2943 5829 solutus
2996 5788 3059 5827 ac
3109 5771 3251 5825 liber
3287 5770 3466 5828 fictus
3497 5781 3637 5827 sum.
3680 5785 3699 5823 ι
