4070 6456
448 353 453 360 .
489 295 591 359 521

1729 311 1778 368 Μ
1797 311 2149 371 lCIlAELlS
2184 316 2443 376 GLYCE

3620 314 3726 382 528

483 409 600 464 Hoc
629 408 791 465 modo
818 412 1032 467 cunctis
1065 412 1326 485 innotuit,
1355 420 1546 474 eadem
1581 420 1713 475 hora
1738 440 1842 492 qua
1867 425 2040 479 diaco-

2154 447 2241 492 νος
2272 431 2366 484 τοῦ
2395 431 2686 499 φιλοσόφου
2716 431 2947 503 εὕρηται
2975 429 3088 504 (85)
3120 431 3203 487 ὅτι
3233 430 3290 485 ἐν
3313 430 3390 502 τῷ
3414 432 3590 503 καιρῷ
3615 435 3725 488 τῶν

483 515 590 554 ιιυε
638 501 1011 569 precationem
1057 505 1204 560 illam
1247 524 1416 578 supra
1456 513 1771 581 sepulcrum
1823 516 2046 585 legerat,

483 606 622 645 nova
651 599 706 645 et
751 593 1060 648 admirabili
1095 601 1309 655 ratione
1355 600 1584 658 fratrem
1619 604 1782 660 istum
1823 623 1852 658 a
1895 621 2053 661 sacro

481 680 704 733 vinculo
762 683 932 739 fuisse
983 685 1298 745 liberatum.
1349 693 1425 745 De
1482 693 1586 749 hoc
1642 711 1864 765 quoque
1919 696 2051 752 satis

481 771 785 828 existimari
821 787 1002 844 potest.
1059 791 1260 858 quanta
1307 782 1387 838 vis
1422 786 1494 839 sit
1534 787 1654 856 ejus
1698 787 1903 844 vinculi
1937 802 2050 858 quo

481 865 742 918 mortales
768 882 797 920 a
825 857 1208 926 sacerdotibus
1236 873 1569 944 liganturJn
1606 877 1844 933 Historia
1875 857 2053 934 eccle-

446 999 451 1003 .
479 955 700 1011 siastiea
735 956 979 1015 Philonis
1009 962 1326 1034 philosophi
1381 968 1679 1037 reperitur,
1711 971 1874 1042 283
1913 987 2052 1042 quo-

477 1045 602 1098 dam
663 1051 1112 1116 persecutionum
1167 1056 1472 1123 priscarum
1531 1068 1779 1130 tempore
1839 1065 2048 1123 seniori

475 1137 857 1195 ecclesiastico
881 1143 950 1196 ab
980 1144 1226 1202 antistite
1257 1149 1428 1204 sacris
1461 1151 1825 1208 interdictum
1853 1154 2046 1212 fuisse.

473 1227 610 1281 Cum
643 1241 828 1285 autem
860 1233 1048 1288 senior
1071 1235 1162 1291 ille
1191 1240 1482 1308 quamdam
1505 1242 1578 1298 ob
1607 1258 1828 1299 causam
1857 1261 2051 1302 neces-

473 1320 675 1376 sariam
705 1322 892 1392 aliquo
920 1326 1217 1394 profectus
1258 1342 1428 1400 esset,
1457 1334 1661 1389 accidit
1687 1345 1747 1391 ut
1771 1337 1840 1392 ab
1865 1337 2049 1393 ethni-

474 1411 556 1465 cis
589 1415 1022 1483 comprehensus
1053 1420 1373 1478 testimonio
1413 1439 1516 1481 suo
1558 1427 1851 1482 veritatem
1899 1429 2050 1484 obsi-

474 1511 688 1570 gnaret.
731 1505 872 1561 Hine
923 1511 1188 1580 templum
1221 1529 1288 1570 eo
1337 1516 1458 1572 loco
1495 1521 1754 1574 conditur
1785 1531 1841 1576 et
1884 1515 2048 1579 renoé

473 1593 616 1648 valia
690 1610 1072 1668 peraguntur;
1129 1619 1367 1676 cumque
1420 1613 1650 1666 antistes
1709 1613 1825 1668 haec
1880 1616 2048 1672 verba

475 1694 861 1754 pronuntiaret
903 1711 923 1745 ι
957 1694 1067 1749 Pax
1103 1697 1400 1765 universis,
1437 1722 1456 1755 ι
1510 1704 1792 1775 sandapila
1845 1709 2047 1778 templo

2153 520 2410 590 διωγμῶν
2453 521 2754 586 ἐπίσκοπός
2797 539 2884 586 τις
2931 522 3181 592 ἀφώρισε
3227 522 3622 594 πρεσϐύτερον,
3665 525 3727 588 δς

2154 611 2407 666 ἀπελθών
2436 629 2537 665 που
2557 613 2646 666 διά
2674 630 2796 669 τινα
2816 612 3006 684 χρείαν
3022 615 3308 684 κρατεῖται
3333 612 3727 684 ὑπδἙλλήνων

2153 702 2248 755 καὶ
2275 720 2348 770 μα
2359 703 2565 773 ρτυρεῖ.
2598 703 2743 768 Ναδς
2771 704 2950 759 ἐκεῖσε
2982 702 3132 774 αὐτῷ
3159 703 3454 775 ἐγείρεται,
3486 703 3725 757 τελεῖται

2151 795 2221 847 τὰ
2257 795 2532 861 ὲγκαίνια.
2604 795 2714 849 Καὶ
2771 794 2889 866 ἃμα
2923 796 3003 867 τῷ
3033 795 3126 849 τδν
3176 794 3478 849 ἐπίσκοπον
3508 796 3725 849 είπείνο

2159 906 2178 939 ι
2208 887 2411 958 Εἰρήνη
2437 889 2591 953 πᾶσι,
2641 907 2661 940 ι
2703 888 3007 954 τηνικαῦτα
3037 889 3071 958 ἠ
3104 887 3309 957 λάρναξ
3333 886 3428 940 τοῦ
3454 885 3586 940 ναοῦ
3608 884 3727 951 ἔξι-

2152 979 2439 1048 πορεύετο.
2463 980 2680 1034 Γίνεται
2711 980 2871 1035 τοῦτο
2899 982 2979 1044 δὶς
3007 981 3103 1034 καὶ
3135 980 3424 1043 πολλάκις.
3461 979 3728 1033 Ὀπτάνε-

2151 1087 2241 1123 ται
2266 1071 2294 1122 6
2327 1070 2544 1138 μάρτυρ
2574 1069 2654 1140 τῷ
2683 1071 2988 1142 ὲπισκόπῳ,
3027 1071 3202 1137 λέγων
3227 1086 3241 1101 ·
3282 1087 3302 1122 ι
3343 1069 3606 1135 Ἀπελθε,
3632 1070 3727 1122 καὶ⁵

2153 1165 2344 1216 πεῖσον
2381 1165 2474 1217 τὸν
2531 1162 2832 1220 ἐπίσκοπόν
2881 1181 2983 1233 μου
3038 1163 3217 1217 ἐλθεῖν
3267 1163 3368 1216 καὶ
3417 1161 3577 1216 λῦσαί
3630 1179 3719 1232 με.

2165 1254 2438 1327 ’Δφὼρισέ
2468 1272 2536 1324 με
2567 1256 2678 1326 γὰρ
2712 1256 2813 1326 τῆς
2851 1253 3218 1326 λειτουργίας,
3245 1254 3341 1306 καὶ
3386 1253 3726 1322 συλλειτουρ-

2150 1347 2321 1419 γῆσαι
2365 1347 2496 1418 ὑμίν
2537 1348 2599 1401 οὐ
2642 1348 2900 1417 δύναμαι.
2936 1347 3051 1403 Kal.
3090 1347 3182 1402 τὸν
3207 1347 3306 1416 μὲν
3340 1347 3604 1415 στέφανον
3630 1344 3725 1399 τοῦ

2153 1439 2460 1511 μαρτυρίου
2514 1439 2732 1506 ἔλαϐον,
2758 1439 2822 1493 τὸ
2870 1439 2929 1494 δὲ
2984 1439 3282 1510 πρόσωπον
3317 1438 3411 1498 τοῦ
3458 1436 3592 1492 Θεοῦ
3622 1437 3726 1492 οὐκ

2149 1531 2495 1604 ἐθεασάμην.
2527 1532 2638 1586 Καὶ
2672 1532 2721 1585 εί
2761 1532 2839 1602 μὴ
2870 1533 2898 1586 ὁ
2927 1531 3094 1603 δήσας
3121 1532 3277 1585 λύσει
3317 1548 3409 1601 με,
3434 1529 3598 1584 λῦσαι
3628 1530 3728 1584 ἄλο

2148 1625 2241 1687 λος
2273 1624 2334 1677 οὑ
2361 1623 2606 1678 δύναται.
2648 1643 2666 1676 ι
2707 1623 2923 1678 Γίνεται
2968 1622 3165 1692 ταῦτα,
3197 1623 3294 1678 καὶ
3322 1624 3357 1692 ή
3397 1620 3607 1692 λάρναξ
3638 1621 3731 1675 οὐ-

2149 1711 2269 1767 κέτι
2293 1712 2390 1767 τοῦ
2427 1713 2558 1768 ναοῦ
2585 1711 2893 1785 ἐξέρχεται.
2925 1713 3094 1769 Ὅθεν
3135 1715 3232 1770 καὶ
3273 1712 3478 1776 πάντες
3503 1712 3584 1784 τῷ
3610 1709 3733 1782 Θεῷ

471 1782 737 1847 excessit,
787 1784 954 1855 idque
1005 1804 1112 1844 non
1151 1792 1322 1847 semel
1358 1795 1453 1848 sed
1496 1796 1581 1851 bis
1623 1808 1776 1853 terve
1812 1798 2036 1854 factum.

2144 1807 2301 1872 δόξαν
2348 1782 2948 1878 δεδώκασινδιδόντι
2998 1807 3262 1881 τοιαύτην
3312 1782 3566 1875 ἔξουσίαν
3603 1807 3721 1870 τοῖς

470 1869 610 1972 llinc
641 1889 742 1942 per
761 1878 1002 1948 quietem
1032 1882 1268 1939 antistiti
1304 1887 1490 1942 senior
1526 1889 1776 1946 oblatus:
1809 1909 1827 1942 ι
1851 1891 2039 1957 Abito,

2144 1869 2352 1962 δουλοις
2385 1897 2574 1953 αὑτοῦ.
2613 1869 2772 1955 Ἀλλὰ
2797 1899 2894 1952 καὶ
2935 1898 2966 1952 δ
2993 1869 3412 1970 Χρυσορρήμων
3446 1893 3592 1950 οὕτω
3625 1869 3733 1964 φηλ-

469 1968 678 2035 inquit,
711 1976 768 2023 et
819 1971 1080 2042 episcopo
1110 1991 1234 2032 meo
1269 1978 1348 2033 sis
1387 1991 1580 2035 auctor
1614 1991 1675 2037 ut
1722 1982 1831 2038 huc
1859 1985 2040 2042 veniat

2149 1989 2272 2042 σίνο
2328 2006 2347 2042 ι
2389 1988 2582 2059 Ἡμεῖς
2629 1988 2731 2059 μὲν
2784 1985 2878 2043 οὖν
2935 1989 3080 2042 κατά
3132 1968 3230 2042 τον
3267 1968 3729 2056 ἐκκλησιαστικὸν

467 2071 667 2126 meque
701 2060 942 2118 vinculis
971 2066 1246 2123 exSolvat.
1273 2068 1408 2124 Nam
1435 2069 1612 2127 cilicio
1635 2089 1720 2128 me
1757 2089 1912 2130 sacro
1943 2090 2040 2131 ex-

2146 2074 2354 2145 θεσμδν
2383 2075 2452 2128 τὰ
2502 2074 2678 2146 δεσμὰ
2715 2075 3145 2147 περιϐάλλομεν.
3184 2073 3247 2128 Et
3281 2072 3340 2127 δέ
3384 2089 3469 2136 τις
3515 2069 3724 2124 τούτων

464 2150 651 2216 elusit,
685 2153 918 2224 ideoque
962 2157 1136 2214 sacris
1187 2159 1455 2219 interesse
1486 2164 1771 2220 vobiscum
1804 2182 2040 2237 nequeo.

2146 2170 2508 2240 καταφρονεῖ,
2573 2169 2934 2238 ἐπιστήσεται
2994 2170 3023 2224 6
3079 2168 3174 2222 τοῦ
3206 2166 3440 2222 Θανάτου
3493 2163 3730 2232 καὶτῆς

465 2241 786 2300 Testimonii
821 2247 1044 2315 quidem
1081 2265 1342 2308 coronam
1385 2267 1717 2312 consecutus
1767 2274 1912 2326 sum,
1944 2259 2040 2315 sed

2144 2261 2383 2332 κρίσεως
2404 2261 2618 2333 καιρὸς,
2651 2261 2922 2315 διδάσκων
2951 2259 3116 2314 αὐτὸν
3137 2260 3214 2324 ὡς
3245 2256 3484 2328 ἀψευδὴς
3515 2259 3544 2310 ὁ
3562 2255 3724 2321 λόγος

464 2333 557 2386 Dei
586 2335 781 2392 faciem
811 2339 1046 2396 necdum
1086 2347 1370 2415 conspexi.
1401 2345 1609 2414 Quodsi
1645 2366 1731 2404 me
1766 2352 1883 2421 ipse
1913 2368 2040 2422 pro-

2144 2355 2238 2408 τοῦ
2273 2353 2479 2424 Κυρίου
2507 2355 2600 2407 καὶ
2631 2355 2660 2407 6
2688 2355 2849 2424 νόμος
2873 2353 2974 2422 τῆς
3014 2353 3343 2422 Ἐκκλησίας
3375 2347 3564 2403 αὐτοῦ.
3601 2364 3621 2399 ι

462 2423 640 2481 fectus
672 2429 778 2484 huc
808 2447 916 2486 non
951 2435 1269 2497 exsolverit,
1305 2437 1446 2494 alius
1485 2441 1769 2496 exsolvere
1813 2457 1977 2498 nemo
2043 2445 2266 2514 poterit.
2305 2463 2324 2496 ι
2367 2423 2518 2499 Cum
2573 2423 2761 2515 igitur,
2786 2444 2875 2499 his
2907 2443 3351 2514 obtemperatum
3383 2449 3552 2506 esset,
3597 2454 3726 2494 san-

461 2517 644 2588 dapila
700 2525 902 2592 templo
951 2528 1222 2584 excedere
1268 2529 1451 2586 desiit.
1503 2533 1681 2602 Atque
1748 2533 1888 2589 hanc
1965 2535 2037 2590 ob
2105 2551 2328 2592 causam
2365 2537 2478 2592 Deo
2537 2536 2724 2591 cuncti
2762 2535 2990 2606 gloriam
3032 2535 3372 2600 tribuebant,
3402 2533 3498 2602 qui
3540 2531 3715 2589 servis

461 2614 579 2668 suis
632 2617 904 2686 ejusmodi
958 2631 1291 2690 potestatem
1349 2626 1738 2682 concessisset.
1796 2626 2037 2685 Joannes
2073 2631 2297 2701 quidem
2365 2637 2556 2685 orator
2587 2629 2679 2684 ille
2711 2643 2916 2684 aureus
2946 2628 3049 2684 hac
3115 2629 3183 2684 de
3223 2642 3281 2683 re
3307 2626 3490 2682 verbis
3525 2624 3723 2689 hujus-

463 2706 610 2762 modi
645 2708 914 2768 disserit:
962 2732 980 2766 ι
1011 2715 1124 2771 Nos
1155 2717 1463 2772 secundum
1527 2720 1702 2790 legem
1765 2729 1932 2791 atque
1996 2726 2384 2794 praescriptum
2409 2722 2857 2779 ecclesiasticum
2893 2722 3113 2777 vincula
3155 2720 3488 2790 quibusdam
3541 2716 3720 2788 injici-

459 2817 606 2856 ntus.
643 2803 722 2859 Ea
756 2807 802 2861 si
831 2809 958 2878 quis
997 2809 1381 2880 ﬂoccipendit,
1412 2815 1458 2870 is
1489 2814 1632 2876 sciat
1683 2819 1883 2878 mortis
1947 2827 2112 2889 atque
2147 2820 2340 2891 judicii
2388 2828 2608 2888 tempus
2651 2816 3062 2886 appetiturum,
3095 2813 3244 2884 quod
3295 2810 3474 2882 ipsum
3522 2807 3720 2864 doceat

440 2893 556 2980 _Dei
595 2913 910 2954 sermonem
931 2910 988 2956 et
1019 2903 1139 2971 ejus
1162 2904 1420 2960 Ecclesiae
1452 2906 1602 2976 leges
1627 2909 1855 2965 minime
1878 2912 2047 2968 falsas
2084 2927 2148 2967 ac
2181 2911 2521 2967 mendaciter
2557 2907 2893 2978 excogitatas
2929 2921 3072 2961 esse.
3127 2923 3148 2958 ο

529 2993 654 3049 Post
708 2993 948 3051 Leonem
1006 2996 1152 3052 illius
1205 2999 1325 3070 ejus
1374 3000 1806 3072 Constantinus,
1841 3020 2040 3078 cogno-

2217 3007 2377 3061 Μετὰ
2407 3005 2464 3058 δὲ
2493 3005 2700 3059 Λέοντα
2733 3002 3091 3057 ἐϐασίλευσεν
3133 3000 3162 3053 6
3211 3000 3326 3063 υίὸς
3366 2995 3532 3053 αὐτοῦ
3569 2996 3721 3048 Κων-

459 3095 648 3142 mento
681 3086 1092 3157 Copronyrnus,
1117 3091 1394 3163 {mannos
1419 3093 1712 3165 imperium
1746 3100 1947 3166 tenuit,
1973 3115 2041 3155 ex

428 3178 766 3234 saevissimo
796 3181 956 3235 leone
989 3189 1211 3237 versuta
1240 3184 1504 3252 pardalis.
1546 3187 1696 3242 Nihil
1729 3203 1839 3243 non
1866 3191 2041 3250 scele-

459 3287 583 3324 rum
615 3271 670 3325 in
705 3286 782 3325 eo
803 3271 931 3326 fuit.
967 3273 1206 3329 Sanctos
1235 3275 1342 3332 hoc
1372 3278 1597 3335 nomine
1628 3282 1893 3350 appellari
1921 3283 2041 3352 lege

457 3365 568 3418 lata
623 3364 840 3429 vetuit;
891 3365 1157 3438 reliquias
1211 3385 1406 3424 eorum
1456 3377 1688 3442 conSpui
1729 3374 1934 3442 jussit;
1972 3389 2041 3430 ne

459 3456 586 3524 quis
623 3469 820 3509 eorum
859 3456 1314 3516 intercessionem
1349 3463 1624 3534 imploret,
1650 3465 1865 3532 edixit;
1901 3466 2041 3520 nihil

455 3558 555 3598 eos
587 3543 847 3602 videlicet
875 3556 1144 3616 praestare
1173 3565 1338 3620 posse
1364 3571 1380 3620 ;
1413 3555 1559 3625 quod
1595 3557 1746 3612 omni
1798 3557 2039 3629 denique

461 3637 798 3707 blasphemia
836 3643 1013 3712 majus
1049 3652 1169 3710 est,.
1187 3645 1379 3700 eadem
1410 3647 1478 3703 de
1511 3647 1683 3704 Matre
1707 3650 1804 3705 Dei
1831 3651 2039 3710 senties

461 3728 576 3783 bat.
604 3729 740 3783 Nam
773 3730 841 3786 de
870 3732 973 3788 hac
1018 3732 1224 3799 aiebat,
1289 3737 1536 3806 quandiu
1575 3737 1859 3796 Christum
1894 3741 2037 3797 intra

458 3837 518 3877 se
549 3820 867 3894 gestaverit,
903 3828 1283 3886 honorandam
1315 3847 1379 3886 ac
1405 3833 1781 3890 venerabilem
1815 3834 1989 3891 fuisse
2017 3852 2034 3894 :

459 3931 650 3970 verum
682 3931 750 3972 ex
778 3933 888 3987 quo
921 3919 1074 3974 illum
1103 3923 1381 3992 pepererit
1410 3924 1569 3995 (proh
1593 3935 1800 3996 quanta
1832 3937 1921 3981 tua
1942 3942 2038 3998 pa-

431 4081 434 4083 ,
461 4008 653 4064 tientia
685 4017 793 4071 est,
821 4009 1042 4066 Christe
1062 4011 1100 4081 ι)
1138 4013 1276 4068 nihil
1307 4029 1430 4069 eam
1477 4016 1689 4072 caneris
1721 4033 1751 4072 a
1784 4017 2033 4076 mulieri-

2146 3095 2424 3154 σταντῖνος
2452 3093 2479 3144 ὁ
2511 3083 2888 3161 Κοπρὼνυμος
2915 3090 3007 3156 ἐτη
3024 3086 3120 3156 λδ’,
3143 3091 3208 3143 ὲκ
3229 3089 3543 3142 δεινοτάτου
3567 3087 3720 3141 λέον-

2142 3204 2234 3250 τος
2287 3185 2704 3254 ποικιλότροπος
2751 3183 3042 3254 πάρδαλις.
3075 3182 3246 3244 Οὗτος
3289 3183 3473 3236 πᾶσαν
3512 3180 3716 3236 κακίαν

2145 3279 2472 3348 μετήρχετο,
2536 3279 2665 3340 τοὺς
2727 3276 2924 3345 ἁγίους
3005 3291 3064 3328 τε
3144 3275 3220 3344 μὴ
3275 3273 3458 3341 λέγειν
3521 3273 3716 3342 ἁγίους

2142 3369 2420 3435 ἐθέσπιζε,
2457 3369 2527 3421 τὰ
2576 3368 2806 3438 λείψανα
2859 3366 3147 3421 διαπτύειν
3178 3366 3380 3430 αὐτῶν,
3412 3365 3506 3418 καὶ
3547 3381 3720 3434 πρεσ-

2141 3464 2294 3516 ϐείαν
2342 3460 2554 3515 ὲκεῖοεν
2604 3461 2680 3530 μὴ
2724 3455 3120 3512 ἐκκαλεῖσθαι·
3177 3455 3238 3510 οὐ
3293 3455 3551 3510 δύνανται
3581 3456 3715 3524 γάρ.

2139 3556 2253 3610 Καὶ
2293 3555 2352 3608 τὸ
2383 3554 2562 3620 πάσης
2602 3552 2958 3623 βλασφημίας
3001 3548 3211 3620 μεῖζον,
3237 3549 3321 3602 ὅτι
3362 3546 3587 3601 τοιαῦτα
3619 3548 3716 3601 καὶ

2141 3648 2273 3716 περὶ
2318 3646 2420 3715 τῆς
2453 3646 2800 3716 Θεομήτορος
2846 3642 3098 3714 ἐφρόνει·
3136 3641 3290 3709 ἔλεγε
3324 3639 3436 3712 γὰρ
3474 3641 3555 3694 ὃτι
3611 3639 3717 3702 ἕως

2137 3741 2198 3794 οὗ
2282 3736 2432 3810 εῖχεν
2504 3739 2564 3792 ὲν
2631 3739 2803 3807 ἑαυτῇ
2884 3737 2976 3789 τὸν
3043 3733 3305 3806 Χριστὸν,
3367 3731 3715 3802 τετιμημένη

2135 3831 2422 3902 ὲτύγχανε,
2456 3831 2552 3899 ἀφ’
2580 3823 2640 3882 οὗ
2674 3829 2732 3882 δὲ
2762 3827 2953 3881 τοῦτον
2989 3825 3284 3887 ἀπέτεκεν,
3316 3823 3362 3877 ὣ
3383 3825 3480 3894 τῆς
3509 3823 3712 3892 ἀνοχῆς

2137 3940 2252 3988 σου,
2293 3921 2494 3991 Χριστέ
2522 3922 2534 3974 l
2567 3920 2716 3972 οὐδὲν
2754 3919 2863 3971 τῶν
2897 3917 3096 3970 λοιπῶν
3117 3915 3390 3986 γυναικῶν
3415 3915 3714 3985 διενήνοχε,

2110 4015 2274 4072 ⁴κατὰ
2299 4015 2398 4084 τὴν
2435 4013 2621 4066 εἰκόνα
2654 4010 2818 4082 δῆθεν
2843 4009 2936 4064 τοῦ
2971 4009 3256 4080 βαλαντίου
3281 4022 3297 4038 ·
3356 4009 3559 4079 πλῆρες
3613 4007 3714 4077 μὲν

461 4103 563 4154 bus
595 4100 842 4158 dill'erre.
882 4101 1054 4174 Cujus
1084 4105 1163 4159 rei
1191 4104 1549 4162 simulacrum
1584 4115 1642 4162 et
1690 4107 1870 4177 imago
1916 4106 2030 4176 peti

2144 4104 2485 4174 νομισμάτων
2509 4101 2568 4154 ὃν
2597 4101 2686 4155 διὰ
2737 4099 2901 4170 τιμῆς
2947 4100 3090 4164 ἐστι,
3120 4097 3361 4152 κενωθὲν
3397 4097 3454 4151 δὲ
3499 4095 3709 4160 οὐδενὸς

459 4193 528 4248 de
562 4193 841 4263 marsupio
894 4206 1107 4262 potest;
1140 4210 1266 4251 cum
1313 4198 1499 4254 aureis
1528 4199 1810 4268 oppletum
1837 4207 1941 4262 est,
1975 4199 2032 4253 in

2144 4196 2405 4263 λογίζεται
2435 4190 2608 4258 ἄξιον.
2653 4190 2816 4245 Ἀλλὰ
2864 4191 2962 4245 καὶ
2992 4191 3121 4254 τοὺς
3156 4191 3336 4260 ἱεροὺς
3363 4190 3524 4251 ναοὺς
3559 4187 3711 4242 ἀνιέ-

460 4283 638 4351 pretio
677 4283 818 4338 solet
848 4283 1061 4352 haberi,
1094 4301 1220 4344 cum
1253 4300 1608 4354 evacuatum,
1639 4289 1798 4344 nihili
1833 4289 2029 4360 pendi-

2134 4305 2259 4358 ρους
2317 4286 2545 4339 ἔσπευδε
2605 4285 2818 4338 ποιεῖν·
2861 4285 2962 4346 τὰς
3021 4285 3131 4352 γὰρ
3187 4284 3337 4352 ίερὰς
3399 4284 3711 4352 μορφώσεις

427 4445 432 4450 .
460 4386 570 4432 tur.
601 4375 871 4435 Praeterea
901 4392 1091 4432 sacras
1122 4380 1278 4457 aedes
1298 4396 1494 4451 magno
1529 4381 1713 4436 studio
1738 4380 2031 4448 profanare

2144 4380 2464 4450 ἀπείληφεν,
2495 4379 2835 4446 ίππηλασίας
2865 4378 2921 4431 δὲ
2951 4378 3068 4430 ἀντ’
3099 4376 3280 4432 αὐτῶν
3313 4375 3708 4444 ὑπεζωγράφει

460 4467 934 4525 conabatur.Nam
968 4471 1250 4541 religiosas
1271 4472 1476 4539 eﬂigies
1507 4473 1764 4528 inductas
1789 4473 2028 4540 delebat,

460 4573 762 4629 earumque
805 4561 928 4617 loco
957 4562 1218 4616 ludorum
1265 4565 1599 4620 circensium
1638 4565 2030 4624 venationum-

459 4668 566 4720 que
611 4654 858 4722 picturas
909 4656 1303 4714 substituebat.
1351 4657 1543 4728 Neque
1583 4666 1796 4714 tantum
1875 4657 2187 4728 huiusmodi
2240 4654 2488 4709 facinora
2535 4651 2876 4722 designabat,
2943 4665 3136 4706 verum
3210 4651 3377 4706 etiam

2144 4474 2238 4528 κα)⁵
2287 4472 2606 4542 κυνηγέσια.
2657 4471 2768 4524 Kal.
2791 4470 2854 4523 οὐ
2894 4468 3051 4523 τοῦτο
3081 4471 3264 4536 μόνον,
3294 4466 3430 4523 ἀλλὰ
3458 4467 3554 4520 καὶ
3585 4465 3712 4528 τοὺς

2138 4562 2404 4634 μοναχοὺς
2427 4562 2616 4614 ἐδίωκε
2641 4561 2734 4615 καὶ
2762 4559 2836 4622 ὡς
2867 4561 3034 4631 ἄρνας
3066 4560 3430 4629 κατέσφαττε.

3455 4647 3713 4704 solitaria:

461 4749 584 4802 vitae
630 4757 936 4806 seetatores
983 4752 1422 4823 persequebatur
1451 4758 1506 4804 et
1553 4760 1812 4820 tanquam
1857 4763 2028 4820 agnos
2059 4747 2362 4819 jugulabat.

440 4880 449 4885 -
530 4845 663 4911 Qua:
695 4862 818 4900 eum
848 4847 1186 4906 Artabasdus
1217 4846 1263 4902 is
1307 4847 1466 4915 cujus
1496 4847 1829 4901 mentionem
1862 4861 2032 4916 supra
2113 4887 2138 4910 ._

460 4939 692 4992 frciu'rus
719 4948 992 5004 cerneret,
1013 4938 1216 4992 bellum
1245 4937 1607 4993 Constantino
1631 4938 1838 5002 intttlit,
1855 4951 2035 5007 eoque

357 5048 359 5050 ·
461 5029 676 5097 dejecto
713 5012 830 5096 ipse
864 5028 1217 5083 renuntiatus
1245 5038 1331 5083 est
1368 5029 1693 5097 imperator.
1727 5027 1868 5081 Tum
1900 5041 2033 5081 vero

465 5120 641 5183 pietas
687 5118 1071 5183 reﬂorescere,
1107 5120 1509 5190 pristinamque
1545 5129 1723 5178 status
1766 5121 2034 5176 ecclesia-

2211 4842 2396 4895 Ταῦτα
2467 4841 2525 4904 δὲ
2589 4840 2802 4911 βλέπων
2855 4843 2884 4894 6
2953 4839 3290 4912 προρῥηθεὶς
3347 4838 3711 4910 ’Δρτὰδασδος

2143 4935 2402 4989 συνάπτει
2430 4934 2670 5003 πόλεμον
2701 4933 2870 5002 αὐτῷ,
2915 4933 3011 4986 καὶ
3059 4934 3159 5001 τῆς
3189 4931 3467 5001 βασιλείας
3500 4930 3708 4995 ὲξὼσας

2144 5026 2365 5096 κράτωρ
2389 5025 2550 5089 αὐτὸς
2603 5023 3020 5095 ἀναγορεύεται.
3063 5022 3349 5076 Ἐντεῦθεν
3375 5021 3614 5077 ἀνθείται
3643 5022 3712 5078 τὰ

2138 5118 2237 5188 τῆς
2285 5117 2584 5180 εὐσεϐείας,
2629 5117 2724 5170 καὶ
2775 5116 2845 5169 τὰ
2890 5115 2998 5168 τῶν
3045 5115 3351 5185 ἐκκλησιῶν
3401 5114 3462 5165 τὸ
3517 5113 3712 5183 πρώην

465 5225 583 5262 rum
614 5208 1084 5278 pulchritudinem
1114 5200 1680 5280 recuperare.Verunt
1717 5213 1832 5266 haec
1855 5210 2036 5266 Beliar

2144 5211 2331 5273 καλλος
2376 5210 2700 5280 ἐλάμϐανον.
2746 5207 2888 5262 Ἀλλ’
2917 5210 2946 5260 6
2989 5207 3188 5270 Βελίαρ
3227 5207 3322 5261 ἐπὶ
3367 5205 3578 5267 τούτοις
3613 5206 3712 5260 οὐκ

461 5297 630 5372 284
681 5298 772 5354 ille
818 5301 930 5381 pati
983 5315 1095 5356 non
1153 5309 1387 5370 poterat;
1436 5301 1574 5356 Nam
1642 5300 2038 5356 Constantinus

2144 5301 2351 5373 ἔφερεν.
2423 5301 2750 5372 ’Υπέρχεται
2819 5299 2880 5352 τὸ
2946 5298 3356 5368 στρατιωτικὸν,
3404 5295 3711 5355 κολακείαις

461 5392 801 5446 exercitibus
843 5400 1020 5448 semet
1072 5393 1335 5457 insinuat,
1365 5391 1774 5450 adulationibus
1819 5405 1916 5444 eos
1947 5389 2037 5443 in-

2144 5392 2439 5463 Βερμαίνει.
2466 5391 2738 5463 Ἀθροίζει
2763 5390 3015 5459 δύναμιν,
3047 5389 3125 5459 τῷ
3158 5386 3512 5457 Ἀρταϐἀσδῳ
3550 5385 3711 5438 συνά-

461 5485 727 5549 tlantmat,
743 5484 934 5554 copias
962 5484 1227 5540 militares
1249 5485 1416 5556 cogit.
1450 5485 1708 5541 Praelium
1733 5498 1857 5540 cum
1880 5483 2040 5542 Artae

537 5645 923 5722 (83)_‘Qu:ero‘
955 5648 1046 5702 ubi
1068 5649 1172 5722 _sit
1221 5649 1470 5722 Philonis
1502 5651 1651 5706 illius
1683 5651 2022 5721 philosophi,

474 5733 600 5778 uani
643 5716 840 5791 Glyeas
879 5718 1028 5792 citat,
1068 5720 1305 5778 Historia
1340 5716 1717 5782 ecClesiastica
1752 5741 1762 5776 :
1794 5723 1861 5776 de
1905 5716 2004 5781 au-

2141 5501 2264 5538 πτει
2299 5484 2553 5553 πόλεμον,
2587 5482 2713 5552 νικᾷ
2767 5481 2908 5539 κατὰ
2956 5481 3177 5551 κράτος.
3210 5479 3502 5550 Χειροῦται
3549 5476 3710 5529 αὑτίν

2135 5661 2285 5728 ctore
2340 5651 2592 5728 nonnihil
2653 5650 2896 5728 diximus
2956 5663 3095 5728 pag.
3158 5649 3227 5706 49
3308 5638 3706 5704 Delineatiouis

2120 5722 2432 5798 Apparatus
2466 5705 2725 5782 lltstorire.
2749 5705 3059 5791 Byzantinaﬁ
