4070 6414
1942 230 1982 251 Ὦ

459 341 570 408 529

1719 344 2138 407 ANNAL'UM.
2163 346 2246 405 ΡΛ
2259 349 2351 408 RS
2393 349 2484 414 ιν.

3602 337 3708 401 530

457 453 636 518 ζῶντα
671 454 768 507 καὶ
795 453 1104 524 ὀφθαλμοὺς
1141 454 1442 527 ὲξορύττει,
1473 455 1572 511 καὶ
1603 457 1830 528 κράτωρ
1868 451 2025 521 αὖθις

2141 459 2301 513 basdo
2349 457 2613 522 conserit,
2663 456 2894 511 victoria
2954 455 3008 514 vi
3061 454 3290 526 potitur,
3341 452 3708 508 Artabasdum

457 543 887 600 ἀποκαθίσταται
939 547 968 598 6
1023 545 1273 618 δεύτερος
1326 545 1495 609 ὅντως
1550 545 1842 610 Ἰουλιανός
1868 565 1883 580 ο
1936 549 2031 602 ἀνι

459 633 710 706 θρώπους
753 638 848 690 καὶ
886 633 996 705 γὰρ
1027 635 1152 689 ἔθυε
1175 639 1241 708 τῇ
1279 635 1594 710 ’Δφροδίτῃ.
1626 637 1794 691 Ὅθεν
1831 639 1926 692 καὶ
1972 640 2031 692 ἐν

456 723 574 782 ταῖς
603 721 840 792 ἡμέραις
887 722 1054 776 αὑτοῦ
1096 726 1382 795 νοσήματα
1408 725 1623 794 χαλεπά
1655 726 1798 780 κατά
1827 726 2032 796 θεομη-

457 815 576 866 νίαν
623 812 956 878 συνέϐαινον,
986 814 1282 868 κάντεῦθεν
1332 814 1626 869 θανατικδν
1675 813 1899 883 γέγονεν
1933 815 2033 888 ἀρ·

459 907 642 975 ρητον.
673 904 852 976 Φθορά
898 905 1007 976 γὰρ
1059 907 1361 977 ἀνθρώπων
1411 904 1714 977 τηνικαῦτα
1761 906 2033 962 ἐπέπεσεν

457 997 617 1052 ὁποία
665 997 730 1068 δὴ
780 999 874 1051 καὶ
917 999 975 1050 ἐν
1020 1000 1139 1062 ταῖς
1171 998 1407 1069 ἡμέραις
1455 999 1840 1053 ἰουστινιανοῢ
1868 1015 1883 1032 ο
1915 998 2034 1052 ὀλό-

459 1085 648 1155 κληροι
696 1085 807 1156 γὰρ
857 1086 1217 1156 ἐκλείσθησαν
1263 1083 1423 1143 οἶκοι.
1459 1087 1622 1142 Ἀλλά
1673 1090 1768 1142 καὶ
1799 1088 2033 1158 δείματα

460 1177 667 1249 φοϐερὰ
695 1177 884 1247 ἐώρων
907 1179 957 1231 oi
992 1177 1270 1247 ἅνθρωποι
1287 1195 1302 1210 ·
1327 1181 1417 1243 ὡς’
1437 1182 1494 1234 ὲν
1521 1181 1778 1234 ἐκστάσει
1799 1179 1895 1234 καὶ
1923 1179 2033 1250 γὰρ

458 1269 731 1337 γινόμενοι
776 1270 994 1325 ἐδόκουν
1045 1271 1404 1342 ἐντυγχάνειν
1453 1272 1682 1344 ἀνδράσι
1714 1273 1828 1326 τισὶ
1873 1273 2035 1342 βρια-

461 1364 592 1430 ροῖς.
635 1361 770 1415 Τότε
819 1365 916 1416 καὶ
961 1362 1135 1434 ψῦχος
1187 1363 1402 1432 γίνεται
1459 1362 1604 1433 μέγα
1660 1364 1756 1417 καὶ
1814 1365 2032 1432 πικρὸν,

459 1455 598 1510 ὥστε
650 1459 746 1512 καί⁸
789 1456 888 1528 τὴν
933 1457 1190 1529 ἀρκτῴαν
1232 1457 1330 1511 τοῦ
1379 1457 1584 1510 Πόντου
1623 1453 1896 1526 παράλιον
1940 1453 2035 1508 ἐπὶ

465 1548 616 1618 μίλια
661 1555 709 1619 ρ’
753 1549 1161 1622 ἀπολιθωθῆναι
1201 1549 1264 1604 τδ
1303 1547 1541 1617 πέλαγος
1587 1548 1652 1602 ἐκ
1680 1546 1776 1601 τοῦ
1807 1545 2031 1618 κρύους,
2064 1613 2072 1621 ι

462 1640 542 1700 είς
597 1639 655 1693 δέ
706 1638 872 1710 βάθος
926 1639 1020 1693 ἐπὶ
1070 1639 1274 1710 πήχεσι
1323 1637 1391 1705 λ’,
1421 1637 1452 1692 ὃ
1502 1635 1600 1690 καὶ
1661 1633 2030 1706 ἐπιχιονισθέν

463 1729 672 1802 ηὐξήθη
726 1732 922 1802 πήχεις
971 1729 1194 1801 ἑτέρους
1253 1727 1325 1787 κ’.
1371 1729 1530 1784 Κατά
1584 1727 1642 1782 δέ
1702 1721 1855 1798 ’μῆνα
1899 1723 2035 1779 Φεϐ-

467 1797 717 1895 ρουάριον
877 1797 1110 1893 διάφορα
1163 1823 1434 1894 τμήματα
1478 1817 1752 1890 διαιρεθὲν
1796 1816 1892 1872 ἐπὶ
1938 1816 2038 1888 τὴν
2067 1797 2113 1854 Β

462 1914 618 1969 πόλιν
644 1913 818 1986 αὐτὴν
847 1915 945 1969 καὶ
975 1913 1136 1986 μέχρι
1155 1913 1258 1985 τῆς
1299 1912 1527 1969 ’Δὸύδου
1566 1909 1863 1982 κατῆλθεν,
1912 1908 2038 1980 ἔχον

462 2012 521 2062 ἐν
553 2005 729 2078 ἑαυτῷ
781 2009 876 2061 καὶ⁵
921 2007 1039 2072 ζῶα
1095 2005 1394 2072 πάμπολλα
1441 2002 1799 2075 πεπηγμένα.
1841 2001 1976 2055 Τότε
2009 1999 2038 2053 6

463 2098 638 2153 θέλων
689 2099 1064 2170 πεζοπορῆσαι
1111 2099 1222 2152 ἀπὸ
1266 2096 1619 2168 ἀκροπόλεως
1655 2096 1738 2160 είς
1785 2092 2038 2165 Χρυσού-

464 2190 621 2244 πολιν
661 2188 764 2243 οὐκ
803 2188 1096 2244 ἐκωλύετο.
1130 2189 1266 2244 Τότε
1303 2189 1396 2244 ὑπ’
1427 2188 1610 2245 αὐτῶν
1639 2188 2039 2258 συντριϐόμενα

462 2280 532 2334 τά
570 2281 724 2352 τείχη
763 2281 1018 2352 μεγάλως
1055 2280 1408 2353 ἐδονήθησαν.
1442 2281 1577 2336 Τότε
1613 2279 1682 2352 ιβ’
1715 2279 2034 2350 νομίσματα

464 2373 681 2443 ἐπράθη
707 2374 736 2426 6
765 2373 948 2442 μόδιος
990 2375 1024 2442 ἡ
1075 2373 1267 2443 κριθή.
1301 2372 1436 2427 Τότε
1467 2373 1569 2442 τῆς
1604 2373 1748 2428 κατά
1776 2371 2036 2427 Μεσοποέ

464 2465 668 2533 ταμίαν
716 2463 821 2532 γῆς
861 2461 1174 2534 σχισθείσης
1223 2463 1450 2534 ἡμίονος
1495 2462 1721 2531 ἀνεδόθη
1762 2459 2042 2530 πολεμίων

465 2555 651 2624 ιφοδον
683 2554 1002 2626 ἀνθρωπίνη
1050 2556 1202 2626 φωνῇ
1256 2553 1729 2625 προσημαίνουσα.
1771 2553 1886 2606 Καὶ
1915 2551 2039 2605 τότε

467 2649 712 2719 Νικήτας
758 2664 842 2712 τις
879 2646 1154 2718 εὐνοῦχος,
1185 2646 1255 2700 τὰ
1299 2645 1495 2717 πρῶτα
1526 2647 1711 2716 φέρων
1754 2644 1908 2713 παρά
1959 2641 2040 2714 τῷ

468 2738 828 2810 Κοπρωνύμῳ
845 2777 862 2803 ,
885 2739 1052 2810 μηδεν
1078 2738 1207 2792 ἀλλο
1235 2739 1393 2800 εἰδὼς
1423 2737 1457 2808 ἡ
1487 2736 1690 2792 ἐσθίειν
1713 2736 1810 2792 καὶ
1837 2736 2036 2802 πίνειν,

466 2832 852 2902 χειροτονεῖται
897 2829 1265 2902 πατριάρχης.
1303 2823 1474 2894 Οὗτός
1520 2845 1652 2884 ποτε
1686 2828 1750 2883 τὸ
1787 2828 2040 2897 Εὐαγγέ-

468 2921 582 2977 λιον
635 2922 1026 2990 ἀναγινώσκων
1076 2926 1136 2977 ἐν
1182 2920 1263 2993 τῷ
1315 2921 1512 2992 κελλίῳ
1561 2921 1750 2987 αὐτοῦ,
1781 2922 1904 2975 ἀντὶ
1943 2918 2040 2974 τοῦ

469 3015 644 3068 εἰπεῖν
679 3014 744 3068 ἐκ
773 3013 868 3068 τοῦ
908 3015 1052 3070 κατὰ
1080 3014 1380 3081 Ματθαϊον,
1417 3030 1438 3066 ι
1470 3013 1570 3068 Ἐκ
1593 3011 1687 3067 τοῦ
1717 3011 1863 3068 κατά
1889 3011 2044 3065 Mat-

2134 551 2319 605 vivum
2383 552 2554 621 capit,
2608 549 2801 603 oculos
2853 548 3034 603 eidem
3095 547 3263 610 eruit,
3314 560 3494 614 eoque
3547 551 3710 612 pacto

2133 657 2332 710 reapse
2354 641 2610 696 Julianus
2640 640 2778 693 alter
2811 637 3101 707 imperium
3135 643 3452 706 recuperat.
3486 634 3712 689 Solebat

2131 735 2280 788 enim
2308 741 2364 788 et
2393 733 2512 801 ipse
2539 731 2735 788 Veneri
2767 731 3006 787 victimis
3036 730 3296 784 humanis
3346 729 3528 782 litare.
3565 726 3710 792 Qua-

2133 834 2359 895 propter
2408 838 2476 878 eo
2526 833 2790 894 regnante
2846 821 2954 876 diri
3007 821 3228 891 quidam
3283 817 3460 874 morbi
3509 833 3576 872 ex
3627 817 3710 870 ira

2134 918 2320 972 divina
2361 915 2565 986 passim
2596 914 2823 984 grassati
2863 923 3013 974 sunt.
3045 912 3295 981 adeoque
3325 910 3496 980 pestis
3520 907 3712 963 ineffa-

2133 1009 2274 1064 biles
2317 1008 2604 1062 hominum
2661 1005 2848 1076 copias
2908 1004 3152 1066 sustulit,
3204 1016 3554 1072 nequaquam
3619 999 3712 1053 illa

2134 1099 2318 1154 minor
2361 1114 2481 1170 quae
2535 1097 2830 1153 Iustiniani
2879 1095 3222 1164 temporibus
3289 1094 3534 1148 exstitit:
3584 1105 3710 1144 nam

2136 1191 2334 1246 domus
2391 1191 2619 1259 integra
2668 1204 2901 1259 prorsus
2939 1186 3396 1242 occludcbantur.
3443 1182 3713 1236 Praeterea

2135 1298 2195 1338 se
2245 1281 2700 1338 terriculamenta
2749 1278 2996 1350 quadam
3057 1275 3334 1332 horrenda
3388 1271 3713 1328 mortalibus

2138 1373 2470 1432 offerebant.
2520 1387 2644 1428 cum
2699 1372 2768 1428 de
2819 1379 3091 1442 potestate
3145 1368 3364 1425 scilicet
3408 1363 3616 1436 egressi
3659 1371 3716 1416 et

2136 1474 2289 1520 extra
2312 1479 2373 1520 se
2393 1465 2528 1534 rapti
2557 1473 2814 1534 putarent
2841 1464 2895 1518 in
2927 1463 3178 1518 homines
3204 1475 3264 1515 se
3290 1457 3524 1514 terribili
3559 1456 3715 1510 vultu

2137 1555 2396 1627 praeditos
2440 1555 2704 1611 incidere.
2745 1555 2903 1611 Tunc
2948 1555 3017 1610 'et
3079 1553 3276 1624 ingens
3341 1551 3718 1618 acerbumque

2135 1646 2277 1701 adeo
2306 1645 2479 1717 frigus
2505 1646 2808 1709 exstitit,ut
2834 1660 2866 1700 a
2898 1645 3052 1714 ponti
3100 1653 3256 1715 parte
3291 1638 3717 1712 septentrionali

2136 1753 2250 1809 prae
2285 1736 2491 1808 frigore
2522 1738 2809 1809 glacieque
2838 1736 3066 1808 pelagus
3110 1735 3177 1790 ad
3205 1743 3428 1790 centum
3459 1749 3488 1787 a
3528 1731 3720 1786 littore

2141 1829 2400 1885 milliaria
2429 1829 2819 1900 lapidesceret,
2865 1830 3023 1900 cujus
3053 1826 3248 1897 glaciei
3295 1823 3572 1879 crassities
3617 1820 3720 1876 tri-

2139 1920 2288 1992 ginta
2319 1920 2538 1977 cubitos
2566 1919 2840 1990 aequabat.
2857 1919 3110 1988 Cumque
3147 1917 3299 1986 larga
3331 1913 3593 1980 deinceps
3623 1910 3720 1964 nix

2139 2029 2305 2084 supra
2333 2013 2562 2084 glaciem
2594 2012 2739 2068 hanc
2765 2011 2985 2081 delapsa
3015 2009 3232 2072 fuisset,
3259 2005 3326 2062 ad
3355 2005 3496 2060 alios
3521 2001 3721 2073 viginti

2141 2103 2362 2160 cubitos
2405 2116 2472 2157 ea
2503 2101 2782 2157 crassities
2811 2099 3078 2155 excrevit.
3128 2095 3375 2152 Tandem
3410 2089 3720 2148 Februario

2141 2209 2335 2250 mense
2370 2193 2575 2264 glacies
2604 2192 2823 2247 diversa
2878 2191 2936 2245 in
2985 2189 3257 2260 fragmina
3301 2186 3518 2242 divulsa
3545 2195 3723 2252 usque

2140 2289 2212 2344 ab
2243 2286 2436 2343 urbem
2463 2286 2636 2356 ipsam
2667 2293 2723 2339 et
2746 2283 3000 2354 Abydum
3037 2282 3216 2337 delata
3243 2288 3346 2336 est.
3380 2279 3441 2331 in
3472 2277 3540 2332 iis
3568 2276 3722 2344 frag-

2143 2381 2386 2438 minibus
2419 2387 2542 2458 _erat
2571 2377 2760 2434 videre
2795 2377 3112 2448 complures
3145 2373 3268 2444 gelu
3326 2372 3582 2427 astrictas
3632 2368 3726 2421 be-

2133 2475 2299 2531 ‘stias.
2318 2471 2526 2538 Quodsi
2559 2469 2685 2540 quis
2718 2469 2787 2524 ab
2814 2484 2941 2524 arce
2971 2465 3358 2538 Chrysopolim
3393 2475 3567 2531 usque
3596 2474 3727 2530 pro-

2143 2565 2311 2622 ficisci
2343 2563 2514 2634 pedes
2546 2561 2789 2624 volebat,
2819 2559 3048 2615 omnino
3083 2557 3136 2612 id
3169 2557 3348 2612 facere
3380 2553 3530 2608 nulla
3560 2546 3744 2620 impe-'

2141 2658 2292 2714 ditus
2345 2672 2405 2711 re
2453 2661 2685 2724 poterat.
2743 2653 2918 2721 Atque
2967 2651 3085 2705 haec
3147 2646 3416 2718 fragmina
3458 2645 3514 2699 in
3569 2642 3726 2697 urbis

2141 2763 2332 2806 muros
2364 2747 2602 2818 impacta
2640 2743 3000 2800 vehementer
3026 2756 3122 2796 eos
3155 2744 3569 2795 succusserunt.
3613 2734 3726 2788 E0-

2139 2841 2271 2897 ‘dem
2305 2838 2662 2909 Copronymo
2697 2835 3008 2905 imperante
3045 2831 3263 2886 modius
3297 2828 3490 2884 hordei
3528 2825 3595 2880 12
3622 2839 3727 2877 au-

2143 2933 2256 2989 reis
2277 2931 2474 2988 veniit.
2516 2928 2768 2998 Cumque
2800 2935 2946 2982 terra
2990 2923 3310 2980 dehisceret
3337 2921 3392 2975 in
3418 2919 3728 2988 MesOpota-

2144 3023 2278 3089 mia,
2315 3021 2498 3076 mulus
2523 3018 2693 3082 exiit,
2731 3017 3083 3083 humanaque
3139 3027 3275 3069 voce
3300 3019 3588 3067 secuturos
3632 3009 3730 3074 bo-

468 3101 642 3169 Oa't'iov,
683 3122 703 3156 ι
743 3103 1105 3174 ἐξεφώνησεν.
1142 3104 1261 3172 Ἐφ’
1301 3097 1345 3170 ᾧ
1393 3103 1488 3158 καί
1521 3119 1608 3165 τις
1637 3101 1747 3156 τῶν
1776 3117 2041 3173 παριστα-

2148 3113 2313 3170 stium
2344 3113 2602 3167 incursus
2621 3105 3155 3164 denuntiavit.’l‘une
3178 3113 3234 3160 et
3259 3103 3480 3159 Nicetas
3499 3101 3727 3171 quidam

475 3195 652 3265 μένων
681 3190 829 3249 εἷπε·
867 3213 886 3248 ι
915 3196 1008 3266 Μὴ
1037 3195 1238 3265 διαίρει
1282 3194 1385 3265 τὴν
1421 3211 1478 3249 αι
1525 3191 1864 3262 δίφθογγον.)
1897 3191 2040 3264 Πρὸς

2141 3204 2456 3267 eunuchus,
2505 3200 2756 3272 principe
2801 3196 2946 3268 apud
2980 3196 3392 3267 Copronymum
3441 3194 3585 3255 loco,
3628 3191 3726 3261 qui

473 3285 534 3338 ὃν
565 3287 764 3350 ἐκεῖνος
818 3286 921 3356 ἔφη
985 3286 1124 3358 μετά
1153 3286 1327 3355 θυμοῦ
1355 3300 1373 3316 °
1424 3303 1446 3337 ε
1481 3285 1744 3356 Φλυαρεῐς
1766 3301 1784 3318 ο
1814 3284 1885 3340 τά
1928 3283 2040 3354 γὰρ

2144 3297 2286 3353 nihil
2319 3295 2469 3350 aliud
2504 3295 2670 3350 sciret
2695 3305 2862 3364 quam
2891 3289 3056 3346 edere
3090 3297 3146 3345 et
3173 3287 3384 3353 bibere,
3415 3284 3729 3355 patriarcha

481 3377 741 3446 δίφθογγα
767 3379 864 3432 καὶ
894 3377 1203 3448 τρίφθογγα
1233 3377 1407 3433 πολλὰ
1437 3379 1587 3449 μισεῖ
1613 3378 1647 3449 ἡ
1681 3377 1828 3448 ψυχὴ
1863 3393 1988 3449 μου.
2013 3395 2034 3430 ε

484 3471 542 3525 '0
570 3471 626 3523 δὲ
654 3470 916 3542 τύραννος
969 3471 1077 3526 ἀπὸ
1130 3471 1492 3542 ἐκστρατείας
1541 3469 1904 3541 ὑποστρέφων
1943 3469 2043 3522 ἀν-

472 3561 766 3634 θρακοῦται
795 3561 864 3615 τὰ
897 3560 1086 3632 σκέλη.
1117 3561 1215 3615 καὶ⁸
1252 3561 1382 3632 περὶ
1421 3560 1484 3614 τδ
1551 3558 1886 3631 στρογγύλον
1915 3558 2044 3629 θνή-

471 3670 591 3708 σκει
641 3652 826 3723 λάϐρῳ
855 3652 1076 3723 πυρετῷ
1109 3651 1409 3721 συσχεθεὶς,
1435 3650 1595 3706 τοῦτο
1623 3651 1718 3707 καὶ
1752 3650 1913 3720 μόνον
1949 3651 2043 3716 ἐπὶ

470 3741 682 3805 τούτοις
733 3741 923 3808 είπὼν,
963 3743 1044 3794 ὄτι
1067 3741 1184 3795 Ζῶν
1218 3741 1466 3812 ἀσϐέστῳ
1499 3740 1634 3812 πυρὶ
1677 3741 2042 3812 παραδίδομαι

469 3834 560 3888 διὰ
610 3833 711 3901 τὴν
765 3832 1018 3902 Μαρίανο
1057 3832 1174 3885 ἀλλ’
1203 3831 1312 3885 ἀπὸ
1352 3829 1449 3884 τοῦ
1495 3831 1591 3884 νῦν
1643 3829 1916 3898 τιμάσθω.
1953 3829 2045 3883 l‘i-

471 3941 649 3981 νωσκε
675 3923 756 3991 δέ,
787 3924 1063 3994 ἀγαπητὴ
1095 3925 1180 3977 δτι
1232 3922 1406 3977 πολλά
1431 3922 1529 3977 καὶ
1567 3922 1832 3986 πολλάκις
1878 3921 2046 3992 ζητή-

473 4033 666 4080 σαντες
714 4015 836 4070 ὅθεν
883 4016 1087 4079 ἐκεῖνος
1144 4015 1350 4087 ἐκλήθη
1411 4013 1827 4087 Κοπρώνυμος,
1877 4012 2044 4066 ὀὐδὲν

472 4110 603 4166 ἀλλο
633 4109 666 4178 ἢ
701 4107 860 4162 τοῦτο
889 4107 1050 4179 μόνον
1075 4106 1331 4180 εὕρομεν.
1360 4107 1530 4180 Χώρα
1553 4107 1636 4170 τίς
1664 4109 1781 4162 ἐστι
1815 4107 2046 4162 Κάϐαλα

473 4201 616 4256 οὕτω
640 4201 930 4270 λεγομένη.
962 4200 1027 4254 Ol
1059 4194 1152 4253 οὗν
1197 4199 1414 4254 ἐκεῖθεν
1451 4199 1767 4271 ὁρμώμενοι
1801 4199 2046 4252 Κασαλῑ-

475 4312 556 4350 νοι
605 4295 821 4356 πάντως
860 4291 1127 4361 ἐλέγοντο.
1168 4291 1414 4346 Ἐκεῖθεν
1458 4291 1553 4347 οὖν
1597 4291 1694 4346 καὶ
1743 4292 1906 4355 αὐτὸς
1945 4291 2045 4362 τὴν

475 4387 729 4456 γέννησιν
773 4385 997 4458 ἔσχηκε,
1029 4384 1125 4440 καὶ
1167 4384 1357 4456 ἐπειδὴ
1388 4385 1534 4440 κατά
1581 4401 1706 4440 τινα
1753 4385 2046 4456 συνήθειαν

2141 3393 2360 3442 creatus
2399 3393 2504 3440 est.
2533 3383 2671 3439 Cum
2701 3379 3000 3452 aliquando
3029 3378 3387 3448 Evangelinm
3432 3376 3486 3429 in
3531 3373 3729 3431 cellula

2145 3483 2246 3534 "sua
2301 3479 2584 3542 recitaret,
2619 3491 2721 3545 pro
2754 3491 2821 3530 eo
2865 3473 3012 3543 quod
3053 3470 3350 3525 dicendum
3387 3476 3546 3524 erat:
3587 3485 3606 3518 ι
3652 3465 3730 3520 Es

2144 3569 2438 3638 Evangelio
2503 3565 2811 3622 secundum
2879 3563 3217 3621 Matthaaum,
3255 3579 3273 3611 ι
3309 3556 3726 3630 pronuntiavit:

2151 3679 2170 3715 ι
2189 3661 2269 3716 Ex
2292 3657 2587 3727 Evangelio
2622 3655 2926 3712 secundum
2952 3653 3344 3709 Matthaeum.)
3377 3649 3455 3703 ibi
3487 3648 3727 3717 quodam

2144 3768 2210 3808 ex
2253 3750 2562 3806 astantibus
2603 3746 2976 3817 subjiciente:
3010 3764 3029 3796 ι
3082 3743 3204 3799 Noli
3241 3758 3288 3797 ιε
3315 3741 3722 3811 diphthongum

2147 3841 2371 3912 (gemini
2420 3839 2540 3894 soni
2577 3839 2790 3907 vocem)
2820 3835 3088 3900 dividere,
3127 3852 3146 3886 ι
3193 3852 3211 3885 ι
3252 3831 3506 3902 Nugaris,
3539 3850 3558 3882 ι
3620 3828 3721 3890 ait.

2144 3933 2386 4004 quadam
2421 3947 2547 3988 cum
2597 3931 2928 3987 iracundia:
2965 3947 2984 3981 ι
3027 3942 3154 3982 nam
3207 3941 3331 3996 qua:
3377 3922 3628 3995 geminos
3657 3928 3716 3974 et

2146 4026 2321 4079 trinos
2343 4038 2508 4079 sonos
2544 4022 2970 4088 habent,anima
2996 4033 3116 4073 mea
3145 4013 3504 4073 vehementer
3539 4011 3716 4068 odit.»

2146 4113 2391 4168 Tandem
2431 4113 2522 4168 hic
2560 4122 2822 4183 tyrannus
2858 4111 2927 4164 ab
2961 4108 3312 4181 expeditione
3350 4104 3586 4177 quadam
3636 4117 3727 4156 re-

2149 4214 2376 4260 vertens
2408 4204 2734 4260 carbunculi
2769 4203 3022 4259 morbum
3075 4203 3131 4257 in
3182 4200 3418 4272 pedibus
3447 4196 3644 4254 sensit.
3673 4202 3731 4249 et

2147 4291 2462 4350 vehementi
2493 4293 2647 4350 febre
2682 4295 2829 4348 circa
2869 4290 3210 4362 strongylum
3238 4296 3526 4356 correptus
3558 4285 3728 4338 vitam

2149 4385 2326 4449 finiit,
2380 4400 2507 4440 cum
2563 4386 2742 4440 solum
2810 4384 2917 4438 hoc
2999 4382 3233 4437 verbum
3297 4377 3728 4449 pronuntiasset,

476 4479 759 4535 Καὸαλίνα
814 4480 850 4550 ἡ
906 4478 1114 4547 κοπρία
1156 4476 1654 4549 λέγεταιιδικαίως
1703 4477 1734 4529 6
1784 4476 2041 4541 κάκιστος

2158 4493 2177 4527 ι
2205 4476 2436 4545 Propter
2464 4475 2740 4531 insaniam
2771 4473 3132 4542 furoremque
3168 4485 3352 4526 meum
3379 4465 3538 4521 vivus
3573 4465 3730 4518 inex-

477 4571 683 4634 ἐκεῖνος
727 4567 1008 4640 ἐπεκλήθη
1043 4567 1444 4638 Κοπρὼνυμος,
1473 4567 1552 4632 ὡς
1601 4567 2048 4638 θνομακοπρίας

478 4663 536 4715 ἐν
561 4659 738 4730 ἐαυτῷ
761 4657 921 4730 δῆθεν
953 4657 1371 4728 ἐπιφερόμενος.

2161 4563 2368 4620 stincto
2403 4564 2518 4636 igni
2571 4562 2776 4619 trador.
2811 4562 3080 4632 Deinceps
3131 4575 3265 4615 vero
3317 4558 3454 4628 quin
3507 4571 3568 4610 ea
3605 4567 3728 4624 qua:

2159 4657 2419 4728 prohibui
2469 4669 2594 4712 cum
2657 4656 2886 4710 honoris
2943 4653 3220 4710 delatione
3277 4652 3445 4713 fiant,
3499 4646 3731 4700 minime

477 4766 625 4812 veto.
673 4774 694 4810 ι
729 4754 906 4812 Velim
936 4761 1121 4809 autem
1165 4751 1608 4808 animadvertere
1651 4757 1708 4806 te
1742 4750 1849 4807 hoc
1894 4750 2038 4817 loco,
2079 4749 2279 4807 dilecte
2329 4753 2443 4818 illi,
2490 4765 2591 4807 nos
2661 4751 2896 4806 multum
2938 4758 2994 4805 et
3043 4748 3246 4818 saepius
3293 4744 3587 4815 inquisitos
3629 4756 3731 4796 cur

480 4846 570 4902 hic
597 4848 899 4918 imperator
924 4843 1306 4915 Copronymus
1336 4849 1652 4907 vocaretur,
1719 4841 1826 4897 hoc
1895 4849 2111 4898 tantum
2151 4843 2426 4914 reperisse
2451 4884 2467 4909 ,
2498 4843 2782 4914 regionem
2814 4841 3110 4912 quamdam
3162 4848 3285 4894 esse
3337 4852 3461 4907 quae
3503 4829 3728 4902 Caballa

479 4942 726 5009 dicatur;
758 4956 824 4998 ex
855 4955 920 4996 ea
969 4946 1242 5009 quotquot
1280 4935 1506 4992 oriundi
1550 4935 1684 5002 sint,
1724 4934 2041 4993 Caballinos
2076 4935 2246 4992 fuisse
2267 4945 2513 4993 vocatos.
2573 4936 2738 5008 235
2797 4933 3165 5001 Quamobrem
3186 4946 3310 4988 cum
3333 4927 3732 4984 Constantinus

480 5034 571 5088 hic
609 5032 736 5087 inde
777 5029 1046 5100 originem
1082 5027 1334 5093 traxerit,
1379 5041 1446 5082 ac
1484 5040 1638 5081 more
1695 5026 1990 5084 inoleverit
2044 5037 2106 5083 ut
2142 5037 2358 5086 stercus
2397 5028 2730 5085 caballinum
2772 5026 3044 5088 dicamus,
3078 5038 3188 5078 non
3224 5023 3323 5079 abs
3351 5038 3411 5077 rc
3445 5023 3528 5076 vir
3558 5021 3736 5077 scele-

480 5125 788 5181 ratissimus
835 5138 867 5177 a
926 5129 1208 5177 stercoreo
1267 5111 1495 5175 nomine
1543 5117 1924 5192 Copronymus
1969 5129 2055 5176 est
2091 5133 2465 5196 nuncupatus,
2538 5129 2599 5178 ut
2635 5119 2730 5191 qui
2801 5127 3139 5174 stercoreum
3188 5116 3489 5188 nomenth
3539 5132 3598 5173 se
3628 5116 3736 5171 cir-
3835 5168 3842 5174 _

337 5213 366 5225 /
477 5217 800 5276 cumferret.

546 5313 704 5367 Μετά
743 5312 802 5366 δέ
851 5310 1042 5366 τοῦτον
1089 5311 1288 5382 κρατεῖ
1326 5311 1356 5365 6
1397 5311 1464 5366 ἐκ
1515 5310 1615 5381 τῆς
1644 5311 1906 5385 Χαζάρας
1939 5314 2054 5380 υίδς

477 5401 641 5460 αύτοΰ
680 5405 832 5460 Λέων
881 5403 980 5475 ἔτη
1032 5403 1094 5470 ε’,
1136 5402 1367 5474 εὐσεϐὴς
1420 5403 1523 5474 μέν
1574 5401 1651 5459 ὢν
1689 5405 1814 5460 κατ’
1849 5406 2051 5478 ἀρχάς·

2220 5315 2350 5372 Post
2382 5312 2792 5385 Copronymum
2824 5325 2946 5385 ejus
2971 5325 3037 5366 ex
3060 5315 3292 5384 conjuge
3321 5311 3562 5368 Chazara
3591 5310 3736 5364 tilius

2153 5408 2268 5466 Leo
2315 5406 2476 5462 annis
2502 5405 2750 5476 quinque
2799 5403 3119 5474 imperavit,
3175 5403 3468 5475 religiosus
3514 5415 3578 5455 ac.
3611 5401 3735 5470 pius

477 5499 673 5551 ἔπειτα
718 5496 776 5550 δέ
821 5496 883 5550 τδ
935 5497 1036 5568 τῆς
1067 5495 1413 5567 Ἐκκλησίας
1469 5495 1693 5568 στέμμα
1725 5499 1902 5567 φορεῖ,
1931 5497 2041 5553 ὅθει

2163 5498 2388 5575 quidem
2435 5496 2526 5553 ille
2568 5495 2638 5551 ab
2677 5494 2861 5560 initio,
2896 5509 3087 5550 verum
3125 5494 3219 5548 ubi
3251 5506 3509 5547 coronam
3537 5489 3732 5543 Eccle-

476 5586 934 5656 ἀπανθρακωθεὶς
985 5587 1177 5656 ὥσπερ
1229 5586 1334 5642 ὑπὸ
1393 5587 1600 5659 λαϐροῦ
1662 5588 1900 5661 πυρετοῦ
1965 5605 2041 5643 τε·

2161 5591 2254 5647 sia:
2285 5591 2542 5645 donatam
2583 5597 2873 5658 gestasset,
2901 5586 3223 5642 carbunculi
3259 5583 3450 5638 morbo
3484 5591 3751 5644 vexatuﬁ'

477 5679 665 5750 λευτᾷ.
695 5679 829 5732 Τότε
871 5679 969 5733 καὶ
997 5682 1026 5734 6
1069 5681 1218 5733 κύων
1250 5681 1454 5743 ἐκεῖνος
1483 5675 1552 5750 ἦν
1578 5679 1609 5732 6
1637 5683 1732 5736 τὸν
1766 5681 1932 5750 φονέα
1957 5680 2041 5736 τοῦ

2160 5681 2375 5738 ardenti
2413 5679 2565 5736 febre
2598 5679 2818 5734 tandem
2850 5677 3246 5746 exstinguitur.
3300 5673 3529 5728 Exstitit
3575 5671 3730 5728 hisce

483 5776 672 5848 κυρίου
729 5771 891 5833 αὐτοῦ
953 5771 1227 5846 γνωρίσας
1285 5775 1341 5832 ἐν
1401 5771 1686 5846 καπηλείῳ
1731 5771 2041 5829 εἰσελθόντα

2162 5771 2516 5844 ιιιιιροτὶιιιιε
2543 5769 2699 5828 canis
2750 5768 2840 5825 ille
2873 5769 2967 5838 qui
3016 5767 3134 5835 heri
3188 5765 3270 5820 sui
3320 5763 3728 5820 interfectorem
3787 5824 3790 5828 ,
