  <div class='ocr_page' id='page_1' title='image "/cluster/home/n/w/nwhite01/storage/ocr_20150623/158/coo.31924054870633/303.png"; bbox 0 0 4070 6428; ppageno 0'>
   <div class='ocr_carea' id='block_1_1' title="bbox 395 380 499 441">
    <p class='ocr_par' dir='ltr' id='par_1_1' title="bbox 395 380 499 441">
     <span class='ocr_line' id='line_1_1' title="bbox 395 380 499 441; baseline -0.019 0"><span class='ocrx_word' id='word_1_1' title='bbox 395 380 499 441; x_wconf 75' lang='grc'><strong>535</strong></span> 
     </span>
    </p>
   </div>
   <div class='ocr_carea' id='block_1_2' title="bbox 1660 384 2384 451">
    <p class='ocr_par' dir='ltr' id='par_1_2' title="bbox 1660 384 2384 451">
     <span class='ocr_line' id='line_1_2' title="bbox 1660 384 2384 451; baseline 0.007 -5"><span class='ocrx_word' id='word_1_2' title='bbox 1660 384 2085 446; x_wconf 71' lang='lat' dir='ltr'><strong>MICHAELIS</strong></span> <span class='ocrx_word' id='word_1_3' title='bbox 2124 384 2384 451; x_wconf 62' lang='lat' dir='ltr'><strong>GLYCIE</strong></span> 
     </span>
    </p>
   </div>
   <div class='ocr_carea' id='block_1_3' title="bbox 3530 389 3634 453">
    <p class='ocr_par' dir='ltr' id='par_1_3' title="bbox 3530 389 3634 453">
     <span class='ocr_line' id='line_1_3' title="bbox 3530 389 3634 453; baseline 0 -1"><span class='ocrx_word' id='word_1_4' title='bbox 3530 389 3634 453; x_wconf 81' lang='lat'><strong>536</strong></span> 
     </span>
    </p>
   </div>
   <div class='ocr_carea' id='block_1_4' title="bbox 395 496 1962 579">
    <p class='ocr_par' dir='ltr' id='par_1_4' title="bbox 395 496 1962 570">
     <span class='ocr_line' id='line_1_4' title="bbox 395 496 1962 570; baseline 0.008 -27"><span class='ocrx_word' id='word_1_5' title='bbox 395 496 602 548; x_wconf 75' lang='lat' dir='ltr'><strong>ascito:</strong></span> <span class='ocrx_word' id='word_1_6' title='bbox 630 511 753 549; x_wconf 88' lang='lat' dir='ltr'><strong>nam</strong></span> <span class='ocrx_word' id='word_1_7' title='bbox 771 512 866 566; x_wconf 84' lang='lat' dir='ltr'><strong>pro</strong></span> <span class='ocrx_word' id='word_1_8' title='bbox 884 497 1069 552; x_wconf 75' lang='lat' dir='ltr'><strong>Nieeta</strong></span> <span class='ocrx_word' id='word_1_9' title='bbox 1085 499 1326 570; x_wconf 88' lang='lat' dir='ltr'><strong>lgnatius</strong></span> <span class='ocrx_word' id='word_1_10' title='bbox 1342 500 1643 570; x_wconf 79' lang='lat' dir='ltr'><strong>appellatus</strong></span> <span class='ocrx_word' id='word_1_11' title='bbox 1654 500 1962 557; x_wconf 85' lang='lat' dir='ltr'><strong>est.Secun-</strong></span> 
     </span>
    </p>
   </div>
   <div class='ocr_carea' id='block_1_5' title="bbox 2063 496 3646 579">
    <p class='ocr_par' dir='ltr' id='par_1_5' title="bbox 2081 502 3646 577">
     <span class='ocr_line' id='line_1_5' title="bbox 2081 502 3646 577; baseline -0.002 -19"><span class='ocrx_word' id='word_1_12' title='bbox 2081 505 2232 570; x_wconf 82' lang='grc' dir='ltr'><strong>τικδς</strong></span> <span class='ocrx_word' id='word_1_13' title='bbox 2263 506 2473 570; x_wconf 74' lang='grc' dir='ltr'><strong>ἐκεῖνος</strong></span> <span class='ocrx_word' id='word_1_14' title='bbox 2516 504 2745 577; x_wconf 77' lang='grc' dir='ltr'><strong>τελευτᾷ</strong></span> <span class='ocrx_word' id='word_1_15' title='bbox 2784 503 3040 575; x_wconf 83' lang='grc' dir='ltr'><strong>μοναχός.</strong></span> <span class='ocrx_word' id='word_1_16' title='bbox 3073 502 3386 574; x_wconf 78' lang='grc' dir='ltr'><strong>Διαδέχεται</strong></span> <span class='ocrx_word' id='word_1_17' title='bbox 3420 502 3480 555; x_wconf 71' lang='grc' dir='ltr'><strong>τὸ</strong></span> <span class='ocrx_word' id='word_1_18' title='bbox 3520 502 3646 556; x_wconf 90' lang='grc' dir='ltr'><strong>κελ-</strong></span> 
     </span>
    </p>
   </div>
   <div class='ocr_carea' id='block_1_6' title="bbox 395 585 1962 663">
    <p class='ocr_par' dir='ltr' id='par_1_6' title="bbox 395 585 1962 663">
     <span class='ocr_line' id='line_1_6' title="bbox 395 585 1962 663; baseline 0.01 -29"><span class='ocrx_word' id='word_1_19' title='bbox 395 585 525 638; x_wconf 87' lang='lat' dir='ltr'><strong>dum</strong></span> <span class='ocrx_word' id='word_1_20' title='bbox 580 587 693 641; x_wconf 71' lang='lat' dir='ltr'><strong>haec</strong></span> <span class='ocrx_word' id='word_1_21' title='bbox 744 588 855 642; x_wconf 75' lang='lat' dir='ltr'><strong>Leo</strong></span> <span class='ocrx_word' id='word_1_22' title='bbox 898 604 958 644; x_wconf 91' lang='lat' dir='ltr'><strong>se</strong></span> <span class='ocrx_word' id='word_1_23' title='bbox 1004 598 1194 646; x_wconf 86' lang='lat' dir='ltr'><strong>contra</strong></span> <span class='ocrx_word' id='word_1_24' title='bbox 1244 608 1429 648; x_wconf 82' lang='lat' dir='ltr'><strong>sacras</strong></span> <span class='ocrx_word' id='word_1_25' title='bbox 1478 594 1742 663; x_wconf 76' lang='lat' dir='ltr'><strong>imagines</strong></span> <span class='ocrx_word' id='word_1_26' title='bbox 1785 603 1962 650; x_wconf 89' lang='lat' dir='ltr'><strong>armat</strong></span> 
     </span>
    </p>
   </div>
   <div class='ocr_carea' id='block_1_7' title="bbox 398 677 1962 756">
    <p class='ocr_par' dir='ltr' id='par_1_7' title="bbox 398 677 1962 756">
     <span class='ocr_line' id='line_1_7' title="bbox 398 677 1962 756; baseline 0.01 -30"><span class='ocrx_word' id='word_1_27' title='bbox 398 677 711 742; x_wconf 81' lang='lat' dir='ltr'><strong>huiusmodi</strong></span> <span class='ocrx_word' id='word_1_28' title='bbox 756 695 919 733; x_wconf 89' lang='lat' dir='ltr'><strong>causa</strong></span> <span class='ocrx_word' id='word_1_29' title='bbox 970 681 1261 750; x_wconf 86' lang='lat' dir='ltr'><strong>impulsus.</strong></span> <span class='ocrx_word' id='word_1_30' title='bbox 1296 684 1510 739; x_wconf 85' lang='lat' dir='ltr'><strong>Mortuo</strong></span> <span class='ocrx_word' id='word_1_31' title='bbox 1551 684 1821 741; x_wconf 82' lang='lat' dir='ltr'><strong>monacho</strong></span> <span class='ocrx_word' id='word_1_32' title='bbox 1867 686 1962 756; x_wconf 86' lang='lat' dir='ltr'><strong>qui</strong></span> 
     </span>
    </p>
   </div>
   <div class='ocr_carea' id='block_1_8' title="bbox 398 770 1962 845">
    <p class='ocr_par' dir='ltr' id='par_1_8' title="bbox 398 770 1962 845">
     <span class='ocr_line' id='line_1_8' title="bbox 398 770 1962 845; baseline 0.008 -26"><span class='ocrx_word' id='word_1_33' title='bbox 398 770 579 821; x_wconf 82' lang='lat' dir='ltr'><strong>futura</strong></span> <span class='ocrx_word' id='word_1_34' title='bbox 625 771 1038 838; x_wconf 73' lang='lat' dir='ltr'><strong>prospiciebat,</strong></span> <span class='ocrx_word' id='word_1_35' title='bbox 1084 774 1137 827; x_wconf 91' lang='lat' dir='ltr'><strong>in</strong></span> <span class='ocrx_word' id='word_1_36' title='bbox 1184 774 1305 844; x_wconf 88' lang='lat' dir='ltr'><strong>ejus</strong></span> <span class='ocrx_word' id='word_1_37' title='bbox 1348 775 1483 830; x_wconf 86' lang='lat' dir='ltr'><strong>cella</strong></span> <span class='ocrx_word' id='word_1_38' title='bbox 1537 776 1760 845; x_wconf 86' lang='lat' dir='ltr'><strong>quidam</strong></span> <span class='ocrx_word' id='word_1_39' title='bbox 1821 778 1962 832; x_wconf 90' lang='lat' dir='ltr'><strong>alius</strong></span> 
     </span>
    </p>
   </div>
   <div class='ocr_carea' id='block_1_9' title="bbox 398 860 1961 933">
    <p class='ocr_par' dir='ltr' id='par_1_9' title="bbox 398 860 1961 933">
     <span class='ocr_line' id='line_1_9' title="bbox 398 860 1961 933; baseline 0.01 -24"><span class='ocrx_word' id='word_1_40' title='bbox 398 860 701 913; x_wconf 74' lang='lat' dir='ltr'><strong>monachus</strong></span> <span class='ocrx_word' id='word_1_41' title='bbox 753 864 1042 927; x_wconf 87' lang='lat' dir='ltr'><strong>successit,</strong></span> <span class='ocrx_word' id='word_1_42' title='bbox 1086 863 1180 933; x_wconf 90' lang='lat' dir='ltr'><strong>qui</strong></span> <span class='ocrx_word' id='word_1_43' title='bbox 1220 864 1518 921; x_wconf 87' lang='lat' dir='ltr'><strong>Sabbatius</strong></span> <span class='ocrx_word' id='word_1_44' title='bbox 1560 866 1871 921; x_wconf 78' lang='lat' dir='ltr'><strong>dicebatur.</strong></span> <span class='ocrx_word' id='word_1_45' title='bbox 1910 868 1961 925; x_wconf 83' lang='lat' dir='ltr'><strong>Is</strong></span> 
     </span>
    </p>
   </div>
   <div class='ocr_carea' id='block_1_10' title="bbox 398 945 1965 1025">
    <p class='ocr_par' dir='ltr' id='par_1_10' title="bbox 398 945 1965 1025">
     <span class='ocr_line' id='line_1_10' title="bbox 398 945 1965 1025; baseline 0.01 -27"><span class='ocrx_word' id='word_1_46' title='bbox 398 945 565 1001; x_wconf 85' lang='lat' dir='ltr'><strong>Leoni</strong></span> <span class='ocrx_word' id='word_1_47' title='bbox 599 952 863 1016; x_wconf 81' lang='lat' dir='ltr'><strong>persuasit</strong></span> <span class='ocrx_word' id='word_1_48' title='bbox 900 961 957 1006; x_wconf 90' lang='lat' dir='ltr'><strong>ut</strong></span> <span class='ocrx_word' id='word_1_49' title='bbox 987 968 1173 1008; x_wconf 83' lang='lat' dir='ltr'><strong>sacras</strong></span> <span class='ocrx_word' id='word_1_50' title='bbox 1220 954 1486 1025; x_wconf 76' lang='lat' dir='ltr'><strong>imagines</strong></span> <span class='ocrx_word' id='word_1_51' title='bbox 1532 971 1563 1011; x_wconf 87' lang='lat' dir='ltr'><strong>e</strong></span> <span class='ocrx_word' id='word_1_52' title='bbox 1595 958 1778 1012; x_wconf 88' lang='lat' dir='ltr'><strong>medio</strong></span> <span class='ocrx_word' id='word_1_53' title='bbox 1808 959 1965 1013; x_wconf 86' lang='lat' dir='ltr'><strong>tolle-</strong></span> 
     </span>
    </p>
   </div>
   <div class='ocr_carea' id='block_1_11' title="bbox 398 1039 1963 1119">
    <p class='ocr_par' dir='ltr' id='par_1_11' title="bbox 398 1039 1963 1119">
     <span class='ocr_line' id='line_1_11' title="bbox 398 1039 1963 1119; baseline 0.01 -30"><span class='ocrx_word' id='word_1_54' title='bbox 398 1048 498 1092; x_wconf 93' lang='lat' dir='ltr'><strong>ret.</strong></span> <span class='ocrx_word' id='word_1_55' title='bbox 532 1039 745 1109; x_wconf 85' lang='lat' dir='ltr'><strong>Quippe</strong></span> <span class='ocrx_word' id='word_1_56' title='bbox 775 1041 887 1096; x_wconf 91' lang='lat' dir='ltr'><strong>Leo</strong></span> <span class='ocrx_word' id='word_1_57' title='bbox 915 1053 1250 1099; x_wconf 89' lang='lat' dir='ltr'><strong>consecutus</strong></span> <span class='ocrx_word' id='word_1_58' title='bbox 1281 1046 1599 1117; x_wconf 88' lang='lat' dir='ltr'><strong>imperium,</strong></span> <span class='ocrx_word' id='word_1_59' title='bbox 1636 1048 1731 1102; x_wconf 89' lang='lat' dir='ltr'><strong>ubi</strong></span> <span class='ocrx_word' id='word_1_60' title='bbox 1764 1049 1963 1119; x_wconf 64' lang='lat' dir='ltr'><strong>praedi-</strong></span> 
     </span>
    </p>
   </div>
   <div class='ocr_carea' id='block_1_12' title="bbox 395 1130 1959 1204">
    <p class='ocr_par' dir='ltr' id='par_1_12' title="bbox 395 1130 1959 1204">
     <span class='ocr_line' id='line_1_12' title="bbox 395 1130 1959 1204; baseline 0.009 -25"><span class='ocrx_word' id='word_1_61' title='bbox 395 1130 634 1181; x_wconf 87' lang='lat' dir='ltr'><strong>ctionem</strong></span> <span class='ocrx_word' id='word_1_62' title='bbox 694 1130 842 1185; x_wconf 87' lang='lat' dir='ltr'><strong>illius</strong></span> <span class='ocrx_word' id='word_1_63' title='bbox 897 1133 1150 1187; x_wconf 83' lang='lat' dir='ltr'><strong>monachi</strong></span> <span class='ocrx_word' id='word_1_64' title='bbox 1198 1135 1266 1188; x_wconf 90' lang='lat' dir='ltr'><strong>ad</strong></span> <span class='ocrx_word' id='word_1_65' title='bbox 1317 1137 1557 1190; x_wconf 89' lang='lat' dir='ltr'><strong>animum</strong></span> <span class='ocrx_word' id='word_1_66' title='bbox 1619 1148 1959 1204; x_wconf 84' lang='lat' dir='ltr'><strong>revocasset,</strong></span> 
     </span>
    </p>
   </div>
   <div class='ocr_carea' id='block_1_13' title="bbox 396 1219 1960 1284">
    <p class='ocr_par' dir='ltr' id='par_1_13' title="bbox 396 1219 1960 1284">
     <span class='ocr_line' id='line_1_13' title="bbox 396 1219 1960 1284; baseline 0.01 -17"><span class='ocrx_word' id='word_1_67' title='bbox 396 1219 646 1284; x_wconf 69' lang='lat' dir='ltr'><strong>quaedam</strong></span> <span class='ocrx_word' id='word_1_68' title='bbox 680 1219 747 1273; x_wconf 90' lang='lat' dir='ltr'><strong>ad</strong></span> <span class='ocrx_word' id='word_1_69' title='bbox 795 1220 947 1273; x_wconf 91' lang='lat' dir='ltr'><strong>illum</strong></span> <span class='ocrx_word' id='word_1_70' title='bbox 985 1236 1211 1275; x_wconf 88' lang='lat' dir='ltr'><strong>munera</strong></span> <span class='ocrx_word' id='word_1_71' title='bbox 1255 1224 1405 1278; x_wconf 86' lang='lat' dir='ltr'><strong>misit</strong></span> <span class='ocrx_word' id='word_1_72' title='bbox 1441 1224 1757 1280; x_wconf 85' lang='lat' dir='ltr'><strong>declarandi</strong></span> <span class='ocrx_word' id='word_1_73' title='bbox 1789 1228 1960 1282; x_wconf 89' lang='lat' dir='ltr'><strong>animi</strong></span> 
     </span>
    </p>
   </div>
   <div class='ocr_carea' id='block_1_14' title="bbox 397 1310 1962 1385">
    <p class='ocr_par' dir='ltr' id='par_1_14' title="bbox 397 1310 1962 1385">
     <span class='ocr_line' id='line_1_14' title="bbox 397 1310 1962 1385; baseline 0.01 -25"><span class='ocrx_word' id='word_1_74' title='bbox 397 1310 534 1376; x_wconf 76' lang='lat' dir='ltr'><strong>grati</strong></span> <span class='ocrx_word' id='word_1_75' title='bbox 578 1326 764 1365; x_wconf 89' lang='lat' dir='ltr'><strong>causa.</strong></span> <span class='ocrx_word' id='word_1_76' title='bbox 800 1311 937 1367; x_wconf 90' lang='lat' dir='ltr'><strong>Cum</strong></span> <span class='ocrx_word' id='word_1_77' title='bbox 969 1324 1152 1369; x_wconf 90' lang='lat' dir='ltr'><strong>autem</strong></span> <span class='ocrx_word' id='word_1_78' title='bbox 1190 1316 1363 1385; x_wconf 88' lang='lat' dir='ltr'><strong>ipsius</strong></span> <span class='ocrx_word' id='word_1_79' title='bbox 1393 1317 1517 1373; x_wconf 91' lang='lat' dir='ltr'><strong>loco</strong></span> <span class='ocrx_word' id='word_1_80' title='bbox 1554 1319 1845 1375; x_wconf 88' lang='lat' dir='ltr'><strong>Sahbatius</strong></span> <span class='ocrx_word' id='word_1_81' title='bbox 1877 1321 1962 1375; x_wconf 91' lang='lat' dir='ltr'><strong>in-</strong></span> 
     </span>
    </p>
   </div>
   <div class='ocr_carea' id='block_1_15' title="bbox 397 1406 1958 1481">
    <p class='ocr_par' dir='ltr' id='par_1_15' title="bbox 397 1406 1958 1481">
     <span class='ocr_line' id='line_1_15' title="bbox 397 1406 1958 1481; baseline 0.012 -31"><span class='ocrx_word' id='word_1_82' title='bbox 397 1411 594 1453; x_wconf 73' lang='lat' dir='ltr'><strong>ventus</strong></span> <span class='ocrx_word' id='word_1_83' title='bbox 643 1411 808 1466; x_wconf 86' lang='lat' dir='ltr'><strong>esset,</strong></span> <span class='ocrx_word' id='word_1_84' title='bbox 865 1406 1186 1475; x_wconf 84' lang='lat' dir='ltr'><strong>perscriptis</strong></span> <span class='ocrx_word' id='word_1_85' title='bbox 1237 1408 1326 1462; x_wconf 91' lang='lat' dir='ltr'><strong>ille</strong></span> <span class='ocrx_word' id='word_1_86' title='bbox 1372 1408 1576 1464; x_wconf 88' lang='lat' dir='ltr'><strong>litteris</strong></span> <span class='ocrx_word' id='word_1_87' title='bbox 1642 1410 1958 1481; x_wconf 86' lang='lat' dir='ltr'><strong>imperatori</strong></span> 
     </span>
    </p>
   </div>
   <div class='ocr_carea' id='block_1_16' title="bbox 398 1494 1957 1571">
    <p class='ocr_par' dir='ltr' id='par_1_16' title="bbox 398 1494 1957 1571">
     <span class='ocr_line' id='line_1_16' title="bbox 398 1494 1957 1571; baseline 0.01 -30"><span class='ocrx_word' id='word_1_88' title='bbox 398 1501 667 1544; x_wconf 87' lang='lat' dir='ltr'><strong>terrorem</strong></span> <span class='ocrx_word' id='word_1_89' title='bbox 702 1494 878 1563; x_wconf 88' lang='lat' dir='ltr'><strong>injicit</strong></span> <span class='ocrx_word' id='word_1_90' title='bbox 924 1506 977 1550; x_wconf 94' lang='lat' dir='ltr'><strong>et</strong></span> <span class='ocrx_word' id='word_1_91' title='bbox 1023 1499 1375 1553; x_wconf 87' lang='lat' dir='ltr'><strong>amissionem</strong></span> <span class='ocrx_word' id='word_1_92' title='bbox 1425 1499 1644 1569; x_wconf 85' lang='lat' dir='ltr'><strong>imperii</strong></span> <span class='ocrx_word' id='word_1_93' title='bbox 1695 1502 1957 1571; x_wconf 84' lang='lat' dir='ltr'><strong>minatur,</strong></span> 
     </span>
    </p>
   </div>
   <div class='ocr_carea' id='block_1_17' title="bbox 397 1582 1961 1655">
    <p class='ocr_par' dir='ltr' id='par_1_17' title="bbox 397 1582 1961 1655">
     <span class='ocr_line' id='line_1_17' title="bbox 397 1582 1961 1655; baseline 0.012 -24"><span class='ocrx_word' id='word_1_94' title='bbox 397 1582 451 1632; x_wconf 91' lang='lat' dir='ltr'><strong>ni</strong></span> <span class='ocrx_word' id='word_1_95' title='bbox 494 1596 679 1637; x_wconf 89' lang='lat' dir='ltr'><strong>sacras</strong></span> <span class='ocrx_word' id='word_1_96' title='bbox 713 1584 978 1655; x_wconf 73' lang='lat' dir='ltr'><strong>imagines</strong></span> <span class='ocrx_word' id='word_1_97' title='bbox 1006 1599 1303 1647; x_wconf 75' lang='lat' dir='ltr'><strong>everteret.</strong></span> <span class='ocrx_word' id='word_1_98' title='bbox 1333 1590 1471 1645; x_wconf 90' lang='lat' dir='ltr'><strong>Hinc</strong></span> <span class='ocrx_word' id='word_1_99' title='bbox 1514 1592 1605 1647; x_wconf 93' lang='lat' dir='ltr'><strong>illa</strong></span> <span class='ocrx_word' id='word_1_100' title='bbox 1638 1593 1961 1650; x_wconf 89' lang='lat' dir='ltr'><strong>simulacro-</strong></span> 
     </span>
    </p>
   </div>
   <div class='ocr_carea' id='block_1_18' title="bbox 397 1674 1957 1742">
    <p class='ocr_par' dir='ltr' id='par_1_18' title="bbox 397 1674 1957 1742">
     <span class='ocr_line' id='line_1_18' title="bbox 397 1674 1957 1742; baseline 0.014 -21"><span class='ocrx_word' id='word_1_101' title='bbox 397 1685 516 1724; x_wconf 90' lang='lat' dir='ltr'><strong>rum</strong></span> <span class='ocrx_word' id='word_1_102' title='bbox 542 1674 739 1729; x_wconf 79' lang='lat' dir='ltr'><strong>excidii</strong></span> <span class='ocrx_word' id='word_1_103' title='bbox 771 1675 986 1733; x_wconf 83' lang='lat' dir='ltr'><strong>flamma</strong></span> <span class='ocrx_word' id='word_1_104' title='bbox 1023 1679 1074 1733; x_wconf 93' lang='lat' dir='ltr'><strong>in</strong></span> <span class='ocrx_word' id='word_1_105' title='bbox 1126 1680 1306 1736; x_wconf 87' lang='lat' dir='ltr'><strong>Leone</strong></span> <span class='ocrx_word' id='word_1_106' title='bbox 1335 1697 1563 1738; x_wconf 88' lang='lat' dir='ltr'><strong>accensa</strong></span> <span class='ocrx_word' id='word_1_107' title='bbox 1614 1693 1717 1739; x_wconf 92' lang='lat' dir='ltr'><strong>est.</strong></span> <span class='ocrx_word' id='word_1_108' title='bbox 1751 1686 1957 1742; x_wconf 86' lang='lat' dir='ltr'><strong>Eodem</strong></span> 
     </span>
    </p>
   </div>
   <div class='ocr_carea' id='block_1_19' title="bbox 397 1765 1958 1844">
    <p class='ocr_par' dir='ltr' id='par_1_19' title="bbox 397 1765 1958 1844">
     <span class='ocr_line' id='line_1_19' title="bbox 397 1765 1958 1844; baseline 0.012 -31"><span class='ocrx_word' id='word_1_109' title='bbox 397 1772 643 1828; x_wconf 86' lang='lat' dir='ltr'><strong>tempore</strong></span> <span class='ocrx_word' id='word_1_110' title='bbox 660 1765 994 1823; x_wconf 83' lang='lat' dir='ltr'><strong>clarissimus</strong></span> <span class='ocrx_word' id='word_1_111' title='bbox 1014 1770 1104 1824; x_wconf 91' lang='lat' dir='ltr'><strong>ille</strong></span> <span class='ocrx_word' id='word_1_112' title='bbox 1124 1772 1434 1840; x_wconf 85' lang='lat' dir='ltr'><strong>patriarcha</strong></span> <span class='ocrx_word' id='word_1_113' title='bbox 1454 1774 1958 1844; x_wconf 82' lang='lat' dir='ltr'><strong>Nicephorus,cum</strong></span> 
     </span>
    </p>
   </div>
   <div class='ocr_carea' id='block_1_20' title="bbox 394 1842 2040 1936">
    <p class='ocr_par' dir='ltr' id='par_1_20' title="bbox 394 1842 2040 1936">
     <span class='ocr_line' id='line_1_20' title="bbox 394 1842 2040 1936; baseline 0.012 -31"><span class='ocrx_word' id='word_1_114' title='bbox 394 1853 593 1907; x_wconf 85' lang='lat' dir='ltr'><strong>adduci</strong></span> <span class='ocrx_word' id='word_1_115' title='bbox 640 1870 752 1910; x_wconf 90' lang='lat' dir='ltr'><strong>non</strong></span> <span class='ocrx_word' id='word_1_116' title='bbox 798 1870 985 1925; x_wconf 89' lang='lat' dir='ltr'><strong>posset</strong></span> <span class='ocrx_word' id='word_1_117' title='bbox 1039 1871 1097 1914; x_wconf 90' lang='lat' dir='ltr'><strong>ut</strong></span> <span class='ocrx_word' id='word_1_118' title='bbox 1132 1862 1452 1934; x_wconf 76' lang='lat' dir='ltr'><strong>imaginum</strong></span> <span class='ocrx_word' id='word_1_119' title='bbox 1491 1842 1961 1936; x_wconf 42' lang='lat' dir='ltr'><strong>Opp—ugtiationem</strong></span> <span class='ocrx_word' id='word_1_120' title='bbox 1991 1842 2040 1903; x_wconf 73' lang='grc' dir='ltr'><strong>Β</strong></span> 
     </span>
    </p>
   </div>
   <div class='ocr_carea' id='block_1_21' title="bbox 396 1943 1965 2021">
    <p class='ocr_par' dir='ltr' id='par_1_21' title="bbox 396 1943 1965 2021">
     <span class='ocr_line' id='line_1_21' title="bbox 396 1943 1965 2021; baseline 0.013 -28"><span class='ocrx_word' id='word_1_121' title='bbox 396 1943 675 2010; x_wconf 88' lang='lat' dir='ltr'><strong>probaret,</strong></span> <span class='ocrx_word' id='word_1_122' title='bbox 708 1946 887 2000; x_wconf 92' lang='lat' dir='ltr'><strong>solum</strong></span> <span class='ocrx_word' id='word_1_123' title='bbox 918 1958 1133 2005; x_wconf 87' lang='lat' dir='ltr'><strong>vertere</strong></span> <span class='ocrx_word' id='word_1_124' title='bbox 1154 1952 1340 2021; x_wconf 84' lang='lat' dir='ltr'><strong>jussus</strong></span> <span class='ocrx_word' id='word_1_125' title='bbox 1374 1964 1458 2009; x_wconf 88' lang='lat' dir='ltr'><strong>est</strong></span> <span class='ocrx_word' id='word_1_126' title='bbox 1483 1970 1548 2011; x_wconf 88' lang='lat' dir='ltr'><strong>ac</strong></span> <span class='ocrx_word' id='word_1_127' title='bbox 1576 1958 1628 2010; x_wconf 91' lang='lat' dir='ltr'><strong>in</strong></span> <span class='ocrx_word' id='word_1_128' title='bbox 1661 1958 1965 2014; x_wconf 72' lang='lat' dir='ltr'><strong>Praecone-</strong></span> 
     </span>
    </p>
   </div>
   <div class='ocr_carea' id='block_1_22' title="bbox 394 2032 1961 2109">
    <p class='ocr_par' dir='ltr' id='par_1_22' title="bbox 394 2032 1961 2109">
     <span class='ocr_line' id='line_1_22' title="bbox 394 2032 1961 2109; baseline 0.015 -26"><span class='ocrx_word' id='word_1_129' title='bbox 394 2047 515 2085; x_wconf 87' lang='lat' dir='ltr'><strong>sum</strong></span> <span class='ocrx_word' id='word_1_130' title='bbox 568 2032 913 2101; x_wconf 85' lang='lat' dir='ltr'><strong>deportatus,</strong></span> <span class='ocrx_word' id='word_1_131' title='bbox 948 2053 1072 2091; x_wconf 88' lang='lat' dir='ltr'><strong>cum</strong></span> <span class='ocrx_word' id='word_1_132' title='bbox 1109 2040 1333 2109; x_wconf 88' lang='lat' dir='ltr'><strong>quidem</strong></span> <span class='ocrx_word' id='word_1_133' title='bbox 1390 2042 1445 2098; x_wconf 90' lang='lat' dir='ltr'><strong>id</strong></span> <span class='ocrx_word' id='word_1_134' title='bbox 1479 2052 1807 2101; x_wconf 86' lang='lat' dir='ltr'><strong>eventurum</strong></span> <span class='ocrx_word' id='word_1_135' title='bbox 1855 2047 1961 2106; x_wconf 89' lang='lat' dir='ltr'><strong>sibi</strong></span> 
     </span>
    </p>
   </div>
   <div class='ocr_carea' id='block_1_23' title="bbox 395 2122 1969 2211">
    <p class='ocr_par' dir='ltr' id='par_1_23' title="bbox 395 2122 1969 2211">
     <span class='ocr_line' id='line_1_23' title="bbox 395 2122 1969 2211; baseline 0.014 -37"><span class='ocrx_word' id='word_1_136' title='bbox 395 2122 566 2177; x_wconf 90' lang='lat' dir='ltr'><strong>multo</strong></span> <span class='ocrx_word' id='word_1_137' title='bbox 590 2135 720 2179; x_wconf 87' lang='lat' dir='ltr'><strong>ante</strong></span> <span class='ocrx_word' id='word_1_138' title='bbox 752 2127 1122 2195; x_wconf 77' lang='lat' dir='ltr'><strong>cognovisset,</strong></span> <span class='ocrx_word' id='word_1_139' title='bbox 1156 2145 1220 2186; x_wconf 87' lang='lat' dir='ltr'><strong>ac</strong></span> <span class='ocrx_word' id='word_1_140' title='bbox 1242 2132 1479 2189; x_wconf 89' lang='lat' dir='ltr'><strong>Leonem</strong></span> <span class='ocrx_word' id='word_1_141' title='bbox 1511 2135 1815 2193; x_wconf 87' lang='lat' dir='ltr'><strong>Ecclesiam</strong></span> <span class='ocrx_word' id='word_1_142' title='bbox 1845 2155 1969 2211; x_wconf 81' lang='lat' dir='ltr'><strong>per-</strong></span> 
     </span>
    </p>
   </div>
   <div class='ocr_carea' id='block_1_24' title="bbox 394 2211 1966 2288">
    <p class='ocr_par' dir='ltr' id='par_1_24' title="bbox 394 2211 1966 2288">
     <span class='ocr_line' id='line_1_24' title="bbox 394 2211 1966 2288; baseline 0.016 -25"><span class='ocrx_word' id='word_1_143' title='bbox 394 2211 767 2268; x_wconf 89' lang='lat' dir='ltr'><strong>turbaturum.</strong></span> <span class='ocrx_word' id='word_1_144' title='bbox 812 2215 948 2270; x_wconf 86' lang='lat' dir='ltr'><strong>Nam</strong></span> <span class='ocrx_word' id='word_1_145' title='bbox 997 2233 1124 2273; x_wconf 88' lang='lat' dir='ltr'><strong>cum</strong></span> <span class='ocrx_word' id='word_1_146' title='bbox 1178 2220 1372 2279; x_wconf 89' lang='lat' dir='ltr'><strong>beatus</strong></span> <span class='ocrx_word' id='word_1_147' title='bbox 1438 2226 1667 2283; x_wconf 92' lang='lat' dir='ltr'><strong>antistes</strong></span> <span class='ocrx_word' id='word_1_148' title='bbox 1712 2229 1966 2288; x_wconf 86' lang='lat' dir='ltr'><strong>diadema</strong></span> 
     </span>
    </p>
   </div>
   <div class='ocr_carea' id='block_1_25' title="bbox 393 2302 1966 2391">
    <p class='ocr_par' dir='ltr' id='par_1_25' title="bbox 393 2302 1966 2391">
     <span class='ocr_line' id='line_1_25' title="bbox 393 2302 1966 2391; baseline 0.015 -37"><span class='ocrx_word' id='word_1_149' title='bbox 393 2303 561 2371; x_wconf 88' lang='lat' dir='ltr'><strong>capiti</strong></span> <span class='ocrx_word' id='word_1_150' title='bbox 614 2302 820 2360; x_wconf 87' lang='lat' dir='ltr'><strong>Leonis</strong></span> <span class='ocrx_word' id='word_1_151' title='bbox 864 2306 1192 2378; x_wconf 86' lang='lat' dir='ltr'><strong>imponeret,</strong></span> <span class='ocrx_word' id='word_1_152' title='bbox 1235 2312 1385 2369; x_wconf 88' lang='lat' dir='ltr'><strong>visus</strong></span> <span class='ocrx_word' id='word_1_153' title='bbox 1432 2316 1539 2370; x_wconf 88' lang='lat' dir='ltr'><strong>sibi</strong></span> <span class='ocrx_word' id='word_1_154' title='bbox 1579 2317 1760 2374; x_wconf 83' lang='lat' dir='ltr'><strong>fuerat</strong></span> <span class='ocrx_word' id='word_1_155' title='bbox 1790 2322 1966 2391; x_wconf 87' lang='lat' dir='ltr'><strong>spinis</strong></span> 
     </span>
    </p>
   </div>
   <div class='ocr_carea' id='block_1_26' title="bbox 392 2395 1966 2483">
    <p class='ocr_par' dir='ltr' id='par_1_26' title="bbox 392 2395 1966 2483">
     <span class='ocr_line' id='line_1_26' title="bbox 392 2395 1966 2483; baseline 0.015 -37"><span class='ocrx_word' id='word_1_156' title='bbox 392 2409 458 2446; x_wconf 89' lang='lat' dir='ltr'><strong>ac</strong></span> <span class='ocrx_word' id='word_1_157' title='bbox 501 2395 720 2450; x_wconf 90' lang='lat' dir='ltr'><strong>tribulis</strong></span> <span class='ocrx_word' id='word_1_158' title='bbox 768 2412 989 2452; x_wconf 91' lang='lat' dir='ltr'><strong>manum</strong></span> <span class='ocrx_word' id='word_1_159' title='bbox 1023 2405 1338 2474; x_wconf 85' lang='lat' dir='ltr'><strong>compungi.</strong></span> <span class='ocrx_word' id='word_1_160' title='bbox 1370 2404 1507 2461; x_wconf 91' lang='lat' dir='ltr'><strong>Cum</strong></span> <span class='ocrx_word' id='word_1_161' title='bbox 1534 2418 1716 2463; x_wconf 90' lang='lat' dir='ltr'><strong>autem</strong></span> <span class='ocrx_word' id='word_1_162' title='bbox 1749 2413 1966 2483; x_wconf 71' lang='lat' dir='ltr'><strong>navigio</strong></span> 
     </span>
    </p>
   </div>
   <div class='ocr_carea' id='block_1_27' title="bbox 394 2485 1965 2572">
    <p class='ocr_par' dir='ltr' id='par_1_27' title="bbox 394 2485 1965 2572">
     <span class='ocr_line' id='line_1_27' title="bbox 394 2485 1965 2572; baseline 0.014 -35"><span class='ocrx_word' id='word_1_163' title='bbox 394 2485 448 2538; x_wconf 91' lang='lat' dir='ltr'><strong>in</strong></span> <span class='ocrx_word' id='word_1_164' title='bbox 499 2488 754 2542; x_wconf 75' lang='lat' dir='ltr'><strong>exsilium</strong></span> <span class='ocrx_word' id='word_1_165' title='bbox 831 2491 1183 2561; x_wconf 87' lang='lat' dir='ltr'><strong>aveheretur,</strong></span> <span class='ocrx_word' id='word_1_166' title='bbox 1226 2495 1369 2552; x_wconf 88' lang='lat' dir='ltr'><strong>forte</strong></span> <span class='ocrx_word' id='word_1_167' title='bbox 1426 2508 1611 2554; x_wconf 88' lang='lat' dir='ltr'><strong>rectus</strong></span> <span class='ocrx_word' id='word_1_168' title='bbox 1668 2501 1965 2572; x_wconf 89' lang='lat' dir='ltr'><strong>aliquando</strong></span> 
     </span>
    </p>
   </div>
   <div class='ocr_carea' id='block_1_28' title="bbox 395 2573 1962 2662">
    <p class='ocr_par' dir='ltr' id='par_1_28' title="bbox 395 2573 1962 2662">
     <span class='ocr_line' id='line_1_28' title="bbox 395 2573 1962 2662; baseline 0.015 -36"><span class='ocrx_word' id='word_1_169' title='bbox 395 2573 579 2628; x_wconf 83' lang='lat' dir='ltr'><strong>stabat</strong></span> <span class='ocrx_word' id='word_1_170' title='bbox 628 2587 682 2632; x_wconf 89' lang='lat' dir='ltr'><strong>et</strong></span> <span class='ocrx_word' id='word_1_171' title='bbox 715 2580 1010 2646; x_wconf 72' lang='lat' dir='ltr'><strong>quemdam</strong></span> <span class='ocrx_word' id='word_1_172' title='bbox 1044 2582 1343 2642; x_wconf 85' lang='lat' dir='ltr'><strong>salutabat.</strong></span> <span class='ocrx_word' id='word_1_173' title='bbox 1384 2586 1761 2659; x_wconf 82' lang='lat' dir='ltr'><strong>Interrogatus</strong></span> <span class='ocrx_word' id='word_1_174' title='bbox 1800 2593 1962 2662; x_wconf 88' lang='lat' dir='ltr'><strong>quid-</strong></span> 
     </span>
    </p>
   </div>
   <div class='ocr_carea' id='block_1_29' title="bbox 393 2666 1965 2743">
    <p class='ocr_par' dir='ltr' id='par_1_29' title="bbox 393 2666 1965 2743">
     <span class='ocr_line' id='line_1_29' title="bbox 393 2666 1965 2743; baseline 0.016 -28"><span class='ocrx_word' id='word_1_175' title='bbox 393 2680 519 2717; x_wconf 87' lang='lat' dir='ltr'><strong>nam</strong></span> <span class='ocrx_word' id='word_1_176' title='bbox 567 2666 672 2722; x_wconf 91' lang='lat' dir='ltr'><strong>boc</strong></span> <span class='ocrx_word' id='word_1_177' title='bbox 716 2668 822 2723; x_wconf 80' lang='lat' dir='ltr'><strong>sibi</strong></span> <span class='ocrx_word' id='word_1_178' title='bbox 874 2671 1036 2727; x_wconf 88' lang='lat' dir='ltr'><strong>vellet</strong></span> <span class='ocrx_word' id='word_1_179' title='bbox 1076 2689 1311 2743; x_wconf 88' lang='lat' dir='ltr'><strong>quemve</strong></span> <span class='ocrx_word' id='word_1_180' title='bbox 1361 2678 1673 2735; x_wconf 85' lang='lat' dir='ltr'><strong>salutaret:</strong></span> <span class='ocrx_word' id='word_1_181' title='bbox 1716 2700 1735 2733; x_wconf 79' lang='grc' dir='ltr'><strong>ι</strong></span> <span class='ocrx_word' id='word_1_182' title='bbox 1782 2682 1965 2739; x_wconf 89' lang='lat' dir='ltr'><strong>Theo-</strong></span> 
     </span>
    </p>
   </div>
   <div class='ocr_carea' id='block_1_30' title="bbox 390 2755 1960 2843">
    <p class='ocr_par' dir='ltr' id='par_1_30' title="bbox 390 2755 1960 2843">
     <span class='ocr_line' id='line_1_30' title="bbox 390 2755 1960 2843; baseline 0.015 -36"><span class='ocrx_word' id='word_1_183' title='bbox 390 2755 650 2823; x_wconf 88' lang='lat' dir='ltr'><strong>phanem,</strong></span> <span class='ocrx_word' id='word_1_184' title='bbox 696 2758 898 2829; x_wconf 89' lang='lat' dir='ltr'><strong>inquit.</strong></span> <span class='ocrx_word' id='word_1_185' title='bbox 959 2763 1331 2821; x_wconf 80' lang='lat' dir='ltr'><strong>confessorem</strong></span> <span class='ocrx_word' id='word_1_186' title='bbox 1364 2778 1421 2822; x_wconf 91' lang='lat' dir='ltr'><strong>et</strong></span> <span class='ocrx_word' id='word_1_187' title='bbox 1456 2770 1583 2839; x_wconf 83' lang='lat' dir='ltr'><strong>Agri</strong></span> <span class='ocrx_word' id='word_1_188' title='bbox 1615 2772 1960 2843; x_wconf 74' lang='lat' dir='ltr'><strong>przefectum,</strong></span> 
     </span>
    </p>
   </div>
   <div class='ocr_carea' id='block_1_31' title="bbox 389 2849 1960 2929">
    <p class='ocr_par' dir='ltr' id='par_1_31' title="bbox 389 2849 1960 2929">
     <span class='ocr_line' id='line_1_31' title="bbox 389 2849 1960 2929; baseline 0.014 -29"><span class='ocrx_word' id='word_1_189' title='bbox 389 2849 484 2916; x_wconf 90' lang='lat' dir='ltr'><strong>qui</strong></span> <span class='ocrx_word' id='word_1_190' title='bbox 517 2851 693 2904; x_wconf 84' lang='lat' dir='ltr'><strong>cereis</strong></span> <span class='ocrx_word' id='word_1_191' title='bbox 719 2861 775 2906; x_wconf 91' lang='lat' dir='ltr'><strong>et</strong></span> <span class='ocrx_word' id='word_1_192' title='bbox 806 2852 989 2908; x_wconf 79' lang='lat' dir='ltr'><strong>sullitu</strong></span> <span class='ocrx_word' id='word_1_193' title='bbox 1022 2871 1122 2911; x_wconf 90' lang='lat' dir='ltr'><strong>nos</strong></span> <span class='ocrx_word' id='word_1_194' title='bbox 1150 2857 1379 2929; x_wconf 78' lang='lat' dir='ltr'><strong>excipit.</strong></span> <span class='ocrx_word' id='word_1_195' title='bbox 1418 2876 1439 2911; x_wconf 74' lang='grc' dir='ltr'><strong>ι</strong></span> <span class='ocrx_word' id='word_1_196' title='bbox 1465 2860 1604 2916; x_wconf 84' lang='lat' dir='ltr'><strong>Hinc</strong></span> <span class='ocrx_word' id='word_1_197' title='bbox 1630 2860 1740 2918; x_wconf 87' lang='lat' dir='ltr'><strong>Leo</strong></span> <span class='ocrx_word' id='word_1_198' title='bbox 1770 2879 1960 2922; x_wconf 88' lang='lat' dir='ltr'><strong>secum</strong></span> 
     </span>
    </p>
   </div>
   <div class='ocr_carea' id='block_1_32' title="bbox 387 2946 1959 3029">
    <p class='ocr_par' dir='ltr' id='par_1_32' title="bbox 387 2946 1959 3029">
     <span class='ocr_line' id='line_1_32' title="bbox 387 2946 1959 3029; baseline 0.012 -37"><span class='ocrx_word' id='word_1_199' title='bbox 387 2954 624 3010; x_wconf 83' lang='lat' dir='ltr'><strong>expensa</strong></span> <span class='ocrx_word' id='word_1_200' title='bbox 652 2946 906 3000; x_wconf 87' lang='lat' dir='ltr'><strong>monachi</strong></span> <span class='ocrx_word' id='word_1_201' title='bbox 940 2948 1316 3017; x_wconf 70' lang='lat' dir='ltr'><strong>prasdictione,</strong></span> <span class='ocrx_word' id='word_1_202' title='bbox 1333 2952 1665 3008; x_wconf 90' lang='lat' dir='ltr'><strong>Michaelum</strong></span> <span class='ocrx_word' id='word_1_203' title='bbox 1683 2954 1959 3029; x_wconf 83' lang='lat' dir='ltr'><strong>(Balbum)</strong></span> 
     </span>
    </p>
   </div>
   <div class='ocr_carea' id='block_1_33' title="bbox 391 3030 1957 3116">
    <p class='ocr_par' dir='ltr' id='par_1_33' title="bbox 391 3030 1957 3116">
     <span class='ocr_line' id='line_1_33' title="bbox 391 3030 1957 3116; baseline 0.014 -32"><span class='ocrx_word' id='word_1_204' title='bbox 391 3030 449 3085; x_wconf 90' lang='lat' dir='ltr'><strong>in</strong></span> <span class='ocrx_word' id='word_1_205' title='bbox 497 3033 737 3107; x_wconf 75' lang='lat' dir='ltr'><strong>vinculis</strong></span> <span class='ocrx_word' id='word_1_206' title='bbox 778 3036 1081 3095; x_wconf 88' lang='lat' dir='ltr'><strong>detinebat.</strong></span> <span class='ocrx_word' id='word_1_207' title='bbox 1118 3040 1216 3097; x_wconf 80' lang='lat' dir='ltr'><strong>Vel</strong></span> <span class='ocrx_word' id='word_1_208' title='bbox 1268 3044 1452 3112; x_wconf 90' lang='lat' dir='ltr'><strong>potius</strong></span> <span class='ocrx_word' id='word_1_209' title='bbox 1486 3044 1603 3114; x_wconf 88' lang='lat' dir='ltr'><strong>ipse</strong></span> <span class='ocrx_word' id='word_1_210' title='bbox 1631 3045 1957 3116; x_wconf 79' lang='lat' dir='ltr'><strong>Michaelus,</strong></span> 
     </span>
    </p>
   </div>
   <div class='ocr_carea' id='block_1_34' title="bbox 389 3124 2031 3234">
    <p class='ocr_par' dir='ltr' id='par_1_34' title="bbox 389 3124 2031 3234">
     <span class='ocr_line' id='line_1_34' title="bbox 389 3124 2031 3234; baseline 0.016 -59"><span class='ocrx_word' id='word_1_211' title='bbox 389 3124 689 3234; x_wconf 44' lang='lat' dir='ltr'><strong>quivhoiuo</strong></span> <span class='ocrx_word' id='word_1_212' title='bbox 721 3138 870 3229; x_wconf 71' lang='lat' dir='ltr'><strong>esset</strong></span> <span class='ocrx_word' id='word_1_213' title='bbox 897 3130 1076 3185; x_wconf 82' lang='lat' dir='ltr'><strong>audax</strong></span> <span class='ocrx_word' id='word_1_214' title='bbox 1106 3143 1159 3234; x_wconf 73' lang='lat' dir='ltr'><strong>et</strong></span> <span class='ocrx_word' id='word_1_215' title='bbox 1183 3133 1496 3234; x_wconf 79' lang='lat' dir='ltr'><strong>impudens,</strong></span> <span class='ocrx_word' id='word_1_216' title='bbox 1529 3136 1634 3193; x_wconf 90' lang='lat' dir='ltr'><strong>hoc</strong></span> <span class='ocrx_word' id='word_1_217' title='bbox 1660 3138 1764 3195; x_wconf 88' lang='lat' dir='ltr'><strong>sibi</strong></span> <span class='ocrx_word' id='word_1_218' title='bbox 1790 3141 1960 3212; x_wconf 78' lang='lat'><strong>288</strong></span> <span class='ocrx_word' id='word_1_219' title='bbox 1987 3174 2031 3234; x_wconf 68' lang='grc' dir='ltr'>α</span> 
     </span>
    </p>
   </div>
   <div class='ocr_carea' id='block_1_35' title="bbox 392 3216 1957 3295">
    <p class='ocr_par' dir='ltr' id='par_1_35' title="bbox 392 3216 1957 3295">
     <span class='ocr_line' id='line_1_35' title="bbox 392 3216 1957 3295; baseline 0.012 -24"><span class='ocrx_word' id='word_1_220' title='bbox 392 3216 527 3271; x_wconf 78' lang='lat' dir='ltr'><strong>lculi</strong></span> <span class='ocrx_word' id='word_1_221' title='bbox 570 3220 976 3288; x_wconf 89' lang='lat' dir='ltr'><strong>arcessiverat;</strong></span> <span class='ocrx_word' id='word_1_222' title='bbox 1024 3223 1354 3295; x_wconf 88' lang='lat' dir='ltr'><strong>tandemque</strong></span> <span class='ocrx_word' id='word_1_223' title='bbox 1403 3226 1685 3283; x_wconf 88' lang='lat' dir='ltr'><strong>decretum</strong></span> <span class='ocrx_word' id='word_1_224' title='bbox 1729 3242 1957 3289; x_wconf 89' lang='lat' dir='ltr'><strong>senatus</strong></span> 
     </span>
    </p>
   </div>
   <div class='ocr_carea' id='block_1_36' title="bbox 388 3305 1957 3389">
    <p class='ocr_par' dir='ltr' id='par_1_36' title="bbox 388 3305 1957 3389">
     <span class='ocr_line' id='line_1_36' title="bbox 388 3305 1957 3389; baseline 0.013 -32"><span class='ocrx_word' id='word_1_225' title='bbox 388 3305 729 3375; x_wconf 87' lang='lat' dir='ltr'><strong>publicatum</strong></span> <span class='ocrx_word' id='word_1_226' title='bbox 777 3309 900 3373; x_wconf 88' lang='lat' dir='ltr'><strong>fuit,</strong></span> <span class='ocrx_word' id='word_1_227' title='bbox 954 3327 1066 3381; x_wconf 91' lang='lat' dir='ltr'><strong>quo</strong></span> <span class='ocrx_word' id='word_1_228' title='bbox 1114 3313 1410 3371; x_wconf 70' lang='lat' dir='ltr'><strong>Michaelus</strong></span> <span class='ocrx_word' id='word_1_229' title='bbox 1458 3319 1567 3389; x_wconf 88' lang='lat' dir='ltr'><strong>igni</strong></span> <span class='ocrx_word' id='word_1_230' title='bbox 1619 3325 1957 3379; x_wconf 88' lang='lat' dir='ltr'><strong>concremari</strong></span> 
     </span>
    </p>
   </div>
   <div class='ocr_carea' id='block_1_37' title="bbox 382 3396 1959 3485">
    <p class='ocr_par' dir='ltr' id='par_1_37' title="bbox 382 3396 1959 3485">
     <span class='ocr_line' id='line_1_37' title="bbox 382 3396 1959 3485; baseline 0.015 -37"><span class='ocrx_word' id='word_1_231' title='bbox 382 3396 707 3465; x_wconf 79' lang='lat' dir='ltr'><strong>jubebatur.</strong></span> <span class='ocrx_word' id='word_1_232' title='bbox 739 3400 796 3455; x_wconf 92' lang='lat' dir='ltr'><strong>ld</strong></span> <span class='ocrx_word' id='word_1_233' title='bbox 833 3402 1060 3459; x_wconf 90' lang='lat' dir='ltr'><strong>omnino</strong></span> <span class='ocrx_word' id='word_1_234' title='bbox 1088 3406 1139 3461; x_wconf 92' lang='lat' dir='ltr'><strong>ei</strong></span> <span class='ocrx_word' id='word_1_235' title='bbox 1172 3409 1542 3476; x_wconf 83' lang='lat' dir='ltr'><strong>usuvenisset,</strong></span> <span class='ocrx_word' id='word_1_236' title='bbox 1571 3412 1617 3466; x_wconf 87' lang='lat' dir='ltr'><strong>si</strong></span> <span class='ocrx_word' id='word_1_237' title='bbox 1649 3428 1758 3468; x_wconf 92' lang='lat' dir='ltr'><strong>non</strong></span> <span class='ocrx_word' id='word_1_238' title='bbox 1784 3414 1959 3485; x_wconf 86' lang='lat' dir='ltr'><strong>impe-</strong></span> 
     </span>
    </p>
   </div>
   <div class='ocr_carea' id='block_1_38' title="bbox 386 3489 1958 3575">
    <p class='ocr_par' dir='ltr' id='par_1_38' title="bbox 386 3489 1958 3575">
     <span class='ocr_line' id='line_1_38' title="bbox 386 3489 1958 3575; baseline 0.013 -34"><span class='ocrx_word' id='word_1_239' title='bbox 386 3489 562 3542; x_wconf 76' lang='lat' dir='ltr'><strong>ratrix</strong></span> <span class='ocrx_word' id='word_1_240' title='bbox 626 3490 741 3560; x_wconf 87' lang='lat' dir='ltr'><strong>ipsa</strong></span> <span class='ocrx_word' id='word_1_241' title='bbox 804 3491 1024 3550; x_wconf 81' lang='lat' dir='ltr'><strong>facinus</strong></span> <span class='ocrx_word' id='word_1_242' title='bbox 1078 3497 1479 3568; x_wconf 89' lang='lat' dir='ltr'><strong>impedivisset.</strong></span> <span class='ocrx_word' id='word_1_243' title='bbox 1519 3503 1655 3557; x_wconf 88' lang='lat' dir='ltr'><strong>Nam</strong></span> <span class='ocrx_word' id='word_1_244' title='bbox 1709 3504 1799 3559; x_wconf 90' lang='lat' dir='ltr'><strong>illa</strong></span> <span class='ocrx_word' id='word_1_245' title='bbox 1854 3520 1958 3575; x_wconf 91' lang='lat' dir='ltr'><strong>pro</strong></span> 
     </span>
    </p>
   </div>
   <div class='ocr_carea' id='block_1_39' title="bbox 389 3578 1956 3661">
    <p class='ocr_par' dir='ltr' id='par_1_39' title="bbox 389 3578 1956 3661">
     <span class='ocr_line' id='line_1_39' title="bbox 389 3578 1956 3661; baseline 0.012 -28"><span class='ocrx_word' id='word_1_246' title='bbox 389 3578 657 3637; x_wconf 82' lang='lat' dir='ltr'><strong>Michaelo</strong></span> <span class='ocrx_word' id='word_1_247' title='bbox 676 3584 1140 3654; x_wconf 87' lang='lat' dir='ltr'><strong>deprecansinter</strong></span> <span class='ocrx_word' id='word_1_248' title='bbox 1164 3591 1269 3645; x_wconf 89' lang='lat' dir='ltr'><strong>alia</strong></span> <span class='ocrx_word' id='word_1_249' title='bbox 1296 3592 1612 3661; x_wconf 89' lang='lat' dir='ltr'><strong>proferebat</strong></span> <span class='ocrx_word' id='word_1_250' title='bbox 1634 3594 1689 3649; x_wconf 91' lang='lat' dir='ltr'><strong>in</strong></span> <span class='ocrx_word' id='word_1_251' title='bbox 1713 3597 1956 3652; x_wconf 89' lang='lat' dir='ltr'><strong>medium</strong></span> 
     </span>
    </p>
   </div>
   <div class='ocr_carea' id='block_1_40' title="bbox 388 3672 1953 3744">
    <p class='ocr_par' dir='ltr' id='par_1_40' title="bbox 388 3672 1953 3744">
     <span class='ocr_line' id='line_1_40' title="bbox 388 3672 1953 3744; baseline 0.012 -20"><span class='ocrx_word' id='word_1_252' title='bbox 388 3672 685 3729; x_wconf 88' lang='lat' dir='ltr'><strong>instantem</strong></span> <span class='ocrx_word' id='word_1_253' title='bbox 720 3690 1089 3736; x_wconf 65' lang='lat' dir='ltr'><strong>sacrosanctae</strong></span> <span class='ocrx_word' id='word_1_254' title='bbox 1142 3682 1349 3738; x_wconf 77' lang='lat' dir='ltr'><strong>Christi</strong></span> <span class='ocrx_word' id='word_1_255' title='bbox 1404 3685 1722 3744; x_wconf 80' lang='lat' dir='ltr'><strong>Nativitatis</strong></span> <span class='ocrx_word' id='word_1_256' title='bbox 1782 3688 1953 3744; x_wconf 88' lang='lat' dir='ltr'><strong>diem.</strong></span> 
     </span>
    </p>
   </div>
   <div class='ocr_carea' id='block_1_41' title="bbox 384 3762 1957 3850">
    <p class='ocr_par' dir='ltr' id='par_1_41' title="bbox 384 3762 1957 3850">
     <span class='ocr_line' id='line_1_41' title="bbox 384 3762 1957 3850; baseline 0.014 -35"><span class='ocrx_word' id='word_1_257' title='bbox 384 3762 759 3824; x_wconf 89' lang='lat' dir='ltr'><strong>Nihilominus</strong></span> <span class='ocrx_word' id='word_1_258' title='bbox 808 3768 921 3824; x_wconf 88' lang='lat' dir='ltr'><strong>Leo</strong></span> <span class='ocrx_word' id='word_1_259' title='bbox 965 3787 1064 3841; x_wconf 91' lang='lat' dir='ltr'><strong>per</strong></span> <span class='ocrx_word' id='word_1_260' title='bbox 1095 3772 1390 3841; x_wconf 89' lang='lat' dir='ltr'><strong>insomnia,</strong></span> <span class='ocrx_word' id='word_1_261' title='bbox 1428 3791 1528 3846; x_wconf 87' lang='lat' dir='ltr'><strong>per</strong></span> <span class='ocrx_word' id='word_1_262' title='bbox 1569 3779 1824 3845; x_wconf 85' lang='lat' dir='ltr'><strong>oracula,</strong></span> <span class='ocrx_word' id='word_1_263' title='bbox 1858 3795 1957 3850; x_wconf 84' lang='lat' dir='ltr'><strong>per</strong></span> 
     </span>
    </p>
   </div>
   <div class='ocr_carea' id='block_1_42' title="bbox 386 3852 1956 3935">
    <p class='ocr_par' dir='ltr' id='par_1_42' title="bbox 386 3852 1956 3935">
     <span class='ocr_line' id='line_1_42' title="bbox 386 3852 1956 3935; baseline 0.013 -31"><span class='ocrx_word' id='word_1_264' title='bbox 386 3852 494 3906; x_wconf 91' lang='lat' dir='ltr'><strong>alia</strong></span> <span class='ocrx_word' id='word_1_265' title='bbox 521 3856 770 3923; x_wconf 79' lang='lat' dir='ltr'><strong>quaedam</strong></span> <span class='ocrx_word' id='word_1_266' title='bbox 805 3860 1076 3929; x_wconf 89' lang='lat' dir='ltr'><strong>ejusmodi</strong></span> <span class='ocrx_word' id='word_1_267' title='bbox 1120 3864 1349 3919; x_wconf 91' lang='lat' dir='ltr'><strong>territus</strong></span> <span class='ocrx_word' id='word_1_268' title='bbox 1377 3864 1580 3919; x_wconf 58' lang='lat' dir='ltr'><strong>eadem</strong></span> <span class='ocrx_word' id='word_1_269' title='bbox 1620 3867 1743 3935; x_wconf 88' lang='lat' dir='ltr'><strong>ejus</strong></span> <span class='ocrx_word' id='word_1_270' title='bbox 1772 3879 1956 3925; x_wconf 89' lang='lat' dir='ltr'><strong>matu-</strong></span> 
     </span>
    </p>
   </div>
   <div class='ocr_carea' id='block_1_43' title="bbox 388 3942 1960 4030">
    <p class='ocr_par' dir='ltr' id='par_1_43' title="bbox 388 3942 1960 4030">
     <span class='ocr_line' id='line_1_43' title="bbox 388 3942 1960 4030; baseline 0.015 -35"><span class='ocrx_word' id='word_1_271' title='bbox 388 3942 566 3998; x_wconf 88' lang='lat' dir='ltr'><strong>rabat.</strong></span> <span class='ocrx_word' id='word_1_272' title='bbox 595 3945 677 4000; x_wconf 82' lang='lat' dir='ltr'><strong>Ad</strong></span> <span class='ocrx_word' id='word_1_273' title='bbox 704 3962 861 4002; x_wconf 90' lang='lat' dir='ltr'><strong>suam</strong></span> <span class='ocrx_word' id='word_1_274' title='bbox 890 3965 1111 4021; x_wconf 92' lang='lat' dir='ltr'><strong>quoque</strong></span> <span class='ocrx_word' id='word_1_275' title='bbox 1140 3955 1434 4025; x_wconf 88' lang='lat' dir='ltr'><strong>conjugem</strong></span> <span class='ocrx_word' id='word_1_276' title='bbox 1467 3957 1673 4014; x_wconf 81' lang='lat' dir='ltr'><strong>dixisse</strong></span> <span class='ocrx_word' id='word_1_277' title='bbox 1704 3962 1960 4030; x_wconf 88' lang='lat' dir='ltr'><strong>perhibe-</strong></span> 
     </span>
    </p>
   </div>
   <div class='ocr_carea' id='block_1_44' title="bbox 390 4035 1952 4119">
    <p class='ocr_par' dir='ltr' id='par_1_44' title="bbox 390 4035 1952 4119">
     <span class='ocr_line' id='line_1_44' title="bbox 390 4035 1952 4119; baseline 0.013 -32"><span class='ocrx_word' id='word_1_278' title='bbox 390 4044 509 4088; x_wconf 92' lang='lat' dir='ltr'><strong>tur:</strong></span> <span class='ocrx_word' id='word_1_279' title='bbox 533 4035 679 4091; x_wconf 69' lang='lat' dir='ltr'><strong>«Tua</strong></span> <span class='ocrx_word' id='word_1_280' title='bbox 710 4039 930 4107; x_wconf 88' lang='lat' dir='ltr'><strong>quidem</strong></span> <span class='ocrx_word' id='word_1_281' title='bbox 958 4056 1125 4111; x_wconf 84' lang='lat' dir='ltr'><strong>Opera</strong></span> <span class='ocrx_word' id='word_1_282' title='bbox 1155 4044 1453 4103; x_wconf 86' lang='lat' dir='ltr'><strong>Michaelus</strong></span> <span class='ocrx_word' id='word_1_283' title='bbox 1474 4049 1583 4119; x_wconf 88' lang='lat' dir='ltr'><strong>jam</strong></span> <span class='ocrx_word' id='word_1_284' title='bbox 1612 4049 1911 4107; x_wconf 89' lang='lat' dir='ltr'><strong>dimittitur</strong></span> <span class='ocrx_word' id='word_1_285' title='bbox 1938 4069 1952 4107; x_wconf 93' lang='lat'><strong>:</strong></span> 
     </span>
    </p>
   </div>
   <div class='ocr_carea' id='block_1_45' title="bbox 388 4130 1956 4216">
    <p class='ocr_par' dir='ltr' id='par_1_45' title="bbox 388 4130 1956 4216">
     <span class='ocr_line' id='line_1_45' title="bbox 388 4130 1956 4216; baseline 0.016 -39"><span class='ocrx_word' id='word_1_286' title='bbox 388 4141 580 4180; x_wconf 86' lang='lat' dir='ltr'><strong>verum</strong></span> <span class='ocrx_word' id='word_1_287' title='bbox 610 4130 742 4199; x_wconf 88' lang='lat' dir='ltr'><strong>quid</strong></span> <span class='ocrx_word' id='word_1_288' title='bbox 774 4142 1093 4188; x_wconf 89' lang='lat' dir='ltr'><strong>secuturum</strong></span> <span class='ocrx_word' id='word_1_289' title='bbox 1129 4138 1222 4203; x_wconf 92' lang='lat' dir='ltr'><strong>sit,</strong></span> <span class='ocrx_word' id='word_1_290' title='bbox 1266 4148 1322 4194; x_wconf 91' lang='lat' dir='ltr'><strong>tu</strong></span> <span class='ocrx_word' id='word_1_291' title='bbox 1368 4142 1557 4211; x_wconf 88' lang='lat' dir='ltr'><strong>tuique</strong></span> <span class='ocrx_word' id='word_1_292' title='bbox 1600 4143 1760 4200; x_wconf 85' lang='lat' dir='ltr'><strong>liberi</strong></span> <span class='ocrx_word' id='word_1_293' title='bbox 1792 4148 1956 4216; x_wconf 90' lang='lat' dir='ltr'><strong>paulo</strong></span> 
     </span>
    </p>
   </div>
   <div class='ocr_carea' id='block_1_46' title="bbox 387 4223 1956 4307">
    <p class='ocr_par' dir='ltr' id='par_1_46' title="bbox 387 4223 1956 4307">
     <span class='ocr_line' id='line_1_46' title="bbox 387 4223 1956 4307; baseline 0.017 -39"><span class='ocrx_word' id='word_1_294' title='bbox 387 4223 513 4283; x_wconf 90' lang='lat' dir='ltr'><strong>post</strong></span> <span class='ocrx_word' id='word_1_295' title='bbox 551 4224 914 4301; x_wconf 86' lang='lat' dir='ltr'><strong>cognoscetis.</strong></span> <span class='ocrx_word' id='word_1_296' title='bbox 950 4243 968 4276; x_wconf 77' lang='grc' dir='ltr'><strong>ι</strong></span> <span class='ocrx_word' id='word_1_297' title='bbox 1000 4226 1120 4281; x_wconf 87' lang='grc' dir='ltr'><strong>Νοιι</strong></span> <span class='ocrx_word' id='word_1_298' title='bbox 1154 4244 1351 4299; x_wconf 87' lang='lat' dir='ltr'><strong>magno</strong></span> <span class='ocrx_word' id='word_1_299' title='bbox 1378 4234 1641 4302; x_wconf 86' lang='lat' dir='ltr'><strong>temporis</strong></span> <span class='ocrx_word' id='word_1_300' title='bbox 1669 4235 1956 4307; x_wconf 88' lang='lat' dir='ltr'><strong>interjecto</strong></span> 
     </span>
    </p>
   </div>
   <div class='ocr_carea' id='block_1_47' title="bbox 387 4309 1957 4400">
    <p class='ocr_par' dir='ltr' id='par_1_47' title="bbox 387 4309 1957 4400">
     <span class='ocr_line' id='line_1_47' title="bbox 387 4309 1957 4400; baseline 0.015 -40"><span class='ocrx_word' id='word_1_301' title='bbox 387 4309 567 4377; x_wconf 89' lang='lat' dir='ltr'><strong>spatio</strong></span> <span class='ocrx_word' id='word_1_302' title='bbox 622 4310 921 4371; x_wconf 87' lang='lat' dir='ltr'><strong>Michaelus</strong></span> <span class='ocrx_word' id='word_1_303' title='bbox 949 4319 1177 4375; x_wconf 89' lang='lat' dir='ltr'><strong>oraculo</strong></span> <span class='ocrx_word' id='word_1_304' title='bbox 1239 4321 1419 4378; x_wconf 85' lang='lat' dir='ltr'><strong>fretus</strong></span> <span class='ocrx_word' id='word_1_305' title='bbox 1479 4327 1758 4393; x_wconf 89' lang='lat' dir='ltr'><strong>monachi,</strong></span> <span class='ocrx_word' id='word_1_306' title='bbox 1785 4330 1957 4400; x_wconf 73' lang='lat' dir='ltr'><strong>;cujus</strong></span> 
     </span>
    </p>
   </div>
   <div class='ocr_carea' id='block_1_48' title="bbox 385 4402 1951 4491">
    <p class='ocr_par' dir='ltr' id='par_1_48' title="bbox 385 4402 1951 4491">
     <span class='ocr_line' id='line_1_48' title="bbox 385 4402 1951 4491; baseline 0.015 -39"><span class='ocrx_word' id='word_1_307' title='bbox 385 4402 723 4458; x_wconf 89' lang='lat' dir='ltr'><strong>mentionem</strong></span> <span class='ocrx_word' id='word_1_308' title='bbox 752 4406 1043 4476; x_wconf 87' lang='lat' dir='ltr'><strong>aliquoties</strong></span> <span class='ocrx_word' id='word_1_309' title='bbox 1076 4410 1331 4478; x_wconf 89' lang='lat' dir='ltr'><strong>fecimus,</strong></span> <span class='ocrx_word' id='word_1_310' title='bbox 1357 4428 1454 4470; x_wconf 85' lang='lat' dir='ltr'><strong>eas</strong></span> <span class='ocrx_word' id='word_1_311' title='bbox 1500 4416 1646 4485; x_wconf 87' lang='lat' dir='ltr'><strong>ipsas</strong></span> <span class='ocrx_word' id='word_1_312' title='bbox 1699 4418 1951 4491; x_wconf 87' lang='lat' dir='ltr'><strong>insidias,</strong></span> 
     </span>
    </p>
   </div>
   <div class='ocr_carea' id='block_1_49' title="bbox 2069 594 3640 669">
    <p class='ocr_par' dir='ltr' id='par_1_49' title="bbox 2069 594 3640 669">
     <span class='ocr_line' id='line_1_49' title="bbox 2069 594 3640 669; baseline -0.003 -18"><span class='ocrx_word' id='word_1_313' title='bbox 2069 598 2183 653; x_wconf 80' lang='grc' dir='ltr'><strong>λίον</strong></span> <span class='ocrx_word' id='word_1_314' title='bbox 2226 599 2394 654; x_wconf 82' lang='grc' dir='ltr'><strong>αὑτοῦ</strong></span> <span class='ocrx_word' id='word_1_315' title='bbox 2443 600 2678 669; x_wconf 83' lang='grc' dir='ltr'><strong>μοναχδς</strong></span> <span class='ocrx_word' id='word_1_316' title='bbox 2726 598 2905 661; x_wconf 84' lang='grc' dir='ltr'><strong>ἀλλος,</strong></span> <span class='ocrx_word' id='word_1_317' title='bbox 2947 597 3245 660; x_wconf 77' lang='grc' dir='ltr'><strong>Σαδσάτιος</strong></span> <span class='ocrx_word' id='word_1_318' title='bbox 3291 594 3557 663; x_wconf 78' lang='grc' dir='ltr'><strong>τοῦνομα,</strong></span> <span class='ocrx_word' id='word_1_319' title='bbox 3581 594 3640 658; x_wconf 77' lang='grc' dir='ltr'><strong>ὃς</strong></span> 
     </span>
    </p>
   </div>
   <div class='ocr_carea' id='block_1_50' title="bbox 2068 690 3642 763">
    <p class='ocr_par' dir='ltr' id='par_1_50' title="bbox 2068 690 3642 763">
     <span class='ocr_line' id='line_1_50' title="bbox 2068 690 3642 763; baseline -0.004 -15"><span class='ocrx_word' id='word_1_320' title='bbox 2068 695 2163 748; x_wconf 78' lang='grc' dir='ltr'><strong>καὶ</strong></span> <span class='ocrx_word' id='word_1_321' title='bbox 2197 695 2374 748; x_wconf 80' lang='grc' dir='ltr'>πείθει</span> <span class='ocrx_word' id='word_1_322' title='bbox 2401 696 2495 748; x_wconf 79' lang='grc' dir='ltr'><strong>τὸν</strong></span> <span class='ocrx_word' id='word_1_323' title='bbox 2533 695 2739 749; x_wconf 78' lang='grc' dir='ltr'><strong>Λέοντα</strong></span> <span class='ocrx_word' id='word_1_324' title='bbox 2783 695 2848 747; x_wconf 78' lang='grc' dir='ltr'><strong>ἐκ</strong></span> <span class='ocrx_word' id='word_1_325' title='bbox 2882 692 3049 763; x_wconf 82' lang='grc' dir='ltr'><strong>μέσου</strong></span> <span class='ocrx_word' id='word_1_326' title='bbox 3080 692 3308 761; x_wconf 84' lang='grc' dir='ltr'><strong>ποιῆσαι</strong></span> <span class='ocrx_word' id='word_1_327' title='bbox 3336 691 3438 753; x_wconf 85' lang='grc' dir='ltr'><strong>τὰς</strong></span> <span class='ocrx_word' id='word_1_328' title='bbox 3479 690 3642 758; x_wconf 97' lang='grc' dir='ltr'><strong>ἁγίας</strong></span> 
     </span>
    </p>
   </div>
   <div class='ocr_carea' id='block_1_51' title="bbox 2068 781 3641 856">
    <p class='ocr_par' dir='ltr' id='par_1_51' title="bbox 2068 781 3641 856">
     <span class='ocr_line' id='line_1_51' title="bbox 2068 781 3641 856; baseline -0.001 -19"><span class='ocrx_word' id='word_1_329' title='bbox 2068 785 2307 849; x_wconf 76' lang='grc' dir='ltr'><strong>εἰκόνας.</strong></span> <span class='ocrx_word' id='word_1_330' title='bbox 2337 787 2399 840; x_wconf 89' lang='lat'><strong>&#39;0</strong></span> <span class='ocrx_word' id='word_1_331' title='bbox 2435 785 2545 855; x_wconf 81' lang='grc' dir='ltr'><strong>γὰρ</strong></span> <span class='ocrx_word' id='word_1_332' title='bbox 2578 785 2731 840; x_wconf 88' lang='grc' dir='ltr'><strong>Λέων</strong></span> <span class='ocrx_word' id='word_1_333' title='bbox 2759 785 2854 853; x_wconf 86' lang='grc' dir='ltr'><strong>τῆς</strong></span> <span class='ocrx_word' id='word_1_334' title='bbox 2899 784 3179 856; x_wconf 83' lang='grc' dir='ltr'><strong>βασιλείας</strong></span> <span class='ocrx_word' id='word_1_335' title='bbox 3202 783 3397 845; x_wconf 78' lang='grc' dir='ltr'><strong>έπισάς</strong></span> <span class='ocrx_word' id='word_1_336' title='bbox 3423 781 3641 851; x_wconf 78' lang='grc' dir='ltr'><strong>καὶτῆς</strong></span> 
     </span>
    </p>
   </div>
   <div class='ocr_carea' id='block_1_52' title="bbox 2068 875 3642 947">
    <p class='ocr_par' dir='ltr' id='par_1_52' title="bbox 2068 875 3642 947">
     <span class='ocr_line' id='line_1_52' title="bbox 2068 875 3642 947; baseline 0 -18"><span class='ocrx_word' id='word_1_337' title='bbox 2068 876 2164 929; x_wconf 84' lang='grc' dir='ltr'><strong>τοῦ</strong></span> <span class='ocrx_word' id='word_1_338' title='bbox 2201 875 2437 946; x_wconf 85' lang='grc' dir='ltr'><strong>μοναχοῦ</strong></span> <span class='ocrx_word' id='word_1_339' title='bbox 2465 876 2829 947; x_wconf 75' lang='grc' dir='ltr'><strong>προρρήσεως</strong></span> <span class='ocrx_word' id='word_1_340' title='bbox 2862 875 3228 946; x_wconf 70' lang='grc' dir='ltr'><strong>ἐπιμνησθεὶς</strong></span> <span class='ocrx_word' id='word_1_341' title='bbox 3258 875 3470 929; x_wconf 81' lang='grc' dir='ltr'><strong>στέλλει</strong></span> <span class='ocrx_word' id='word_1_342' title='bbox 3500 876 3642 945; x_wconf 81' lang='grc' dir='ltr'><strong>τάχα</strong></span> 
     </span>
    </p>
   </div>
   <div class='ocr_carea' id='block_1_53' title="bbox 2069 965 3642 1038">
    <p class='ocr_par' dir='ltr' id='par_1_53' title="bbox 2069 965 3642 1038">
     <span class='ocr_line' id='line_1_53' title="bbox 2069 965 3642 1038; baseline 0 -17"><span class='ocrx_word' id='word_1_343' title='bbox 2069 966 2207 1037; x_wconf 81' lang='grc' dir='ltr'><strong>πρὸς</strong></span> <span class='ocrx_word' id='word_1_344' title='bbox 2236 968 2443 1021; x_wconf 80' lang='grc' dir='ltr'><strong>ἐκεῖνόν</strong></span> <span class='ocrx_word' id='word_1_345' title='bbox 2472 984 2624 1030; x_wconf 86' lang='grc' dir='ltr'><strong>τινας</strong></span> <span class='ocrx_word' id='word_1_346' title='bbox 2663 966 2933 1038; x_wconf 76' lang='grc' dir='ltr'><strong>ἀμοιὸἀςο</strong></span> <span class='ocrx_word' id='word_1_347' title='bbox 2963 966 3210 1036; x_wconf 79' lang='grc' dir='ltr'><strong>εὑρεθεὶς</strong></span> <span class='ocrx_word' id='word_1_348' title='bbox 3250 967 3307 1020; x_wconf 76' lang='grc' dir='ltr'><strong>δὲ</strong></span> <span class='ocrx_word' id='word_1_349' title='bbox 3352 965 3380 1018; x_wconf 99' lang='lat'><strong>6</strong></span> <span class='ocrx_word' id='word_1_350' title='bbox 3429 966 3642 1021; x_wconf 78' lang='grc' dir='ltr'><strong>Σαόδά-</strong></span> 
     </span>
    </p>
   </div>
   <div class='ocr_carea' id='block_1_54' title="bbox 2068 1057 3641 1131">
    <p class='ocr_par' dir='ltr' id='par_1_54' title="bbox 2068 1057 3641 1131">
     <span class='ocr_line' id='line_1_54' title="bbox 2068 1057 3641 1131; baseline 0 -20"><span class='ocrx_word' id='word_1_351' title='bbox 2068 1075 2184 1122; x_wconf 90' lang='grc' dir='ltr'><strong>τιος</strong></span> <span class='ocrx_word' id='word_1_352' title='bbox 2210 1057 2367 1122; x_wconf 77' lang='grc' dir='ltr'><strong>οὗτος</strong></span> <span class='ocrx_word' id='word_1_353' title='bbox 2408 1060 2782 1131; x_wconf 81' lang='grc' dir='ltr'><strong>καταπλήττει</strong></span> <span class='ocrx_word' id='word_1_354' title='bbox 2825 1077 2885 1114; x_wconf 83' lang='grc' dir='ltr'><strong>τε</strong></span> <span class='ocrx_word' id='word_1_355' title='bbox 2917 1059 3008 1114; x_wconf 83' lang='grc' dir='ltr'><strong>διὰ</strong></span> <span class='ocrx_word' id='word_1_356' title='bbox 3028 1059 3271 1130; x_wconf 83' lang='grc' dir='ltr'><strong>γραφῆς,</strong></span> <span class='ocrx_word' id='word_1_357' title='bbox 3297 1060 3392 1114; x_wconf 80' lang='grc' dir='ltr'><strong>καὶ</strong></span> <span class='ocrx_word' id='word_1_358' title='bbox 3422 1058 3641 1113; x_wconf 80' lang='grc' dir='ltr'><strong>ἔκπτω-</strong></span> 
     </span>
    </p>
   </div>
   <div class='ocr_carea' id='block_1_55' title="bbox 2071 1149 3642 1221">
    <p class='ocr_par' dir='ltr' id='par_1_55' title="bbox 2071 1149 3642 1221">
     <span class='ocr_line' id='line_1_55' title="bbox 2071 1149 3642 1221; baseline 0.002 -21"><span class='ocrx_word' id='word_1_359' title='bbox 2071 1164 2159 1201; x_wconf 91' lang='grc' dir='ltr'><strong>σιν</strong></span> <span class='ocrx_word' id='word_1_360' title='bbox 2191 1149 2291 1216; x_wconf 83' lang='grc' dir='ltr'><strong>τῆς</strong></span> <span class='ocrx_word' id='word_1_361' title='bbox 2324 1150 2602 1219; x_wconf 79' lang='grc' dir='ltr'><strong>βασιλείας</strong></span> <span class='ocrx_word' id='word_1_362' title='bbox 2634 1150 2853 1205; x_wconf 81' lang='grc' dir='ltr'><strong>ἀπειλεῖ</strong></span> <span class='ocrx_word' id='word_1_363' title='bbox 2882 1151 2930 1204; x_wconf 87' lang='grc' dir='ltr'><strong>εί</strong></span> <span class='ocrx_word' id='word_1_364' title='bbox 2970 1149 3047 1221; x_wconf 78' lang='grc' dir='ltr'><strong>μὴ</strong></span> <span class='ocrx_word' id='word_1_365' title='bbox 3077 1151 3179 1214; x_wconf 81' lang='grc' dir='ltr'><strong>τὰς</strong></span> <span class='ocrx_word' id='word_1_366' title='bbox 3214 1151 3430 1213; x_wconf 80' lang='grc' dir='ltr'><strong>εἰκόνας</strong></span> <span class='ocrx_word' id='word_1_367' title='bbox 3469 1149 3642 1213; x_wconf 82' lang='grc' dir='ltr'><strong>αὐτάς</strong></span> 
     </span>
    </p>
   </div>
   <div class='ocr_carea' id='block_1_56' title="bbox 2068 1241 3641 1313">
    <p class='ocr_par' dir='ltr' id='par_1_56' title="bbox 2068 1241 3641 1313">
     <span class='ocr_line' id='line_1_56' title="bbox 2068 1241 3641 1313; baseline -0.001 -19"><span class='ocrx_word' id='word_1_368' title='bbox 2068 1241 2518 1311; x_wconf 79' lang='grc' dir='ltr'><strong>καταστρέψειεν.</strong></span> <span class='ocrx_word' id='word_1_369' title='bbox 2556 1242 2839 1297; x_wconf 83' lang='grc' dir='ltr'><strong>Ἐντεῦθεν</strong></span> <span class='ocrx_word' id='word_1_370' title='bbox 2873 1243 2907 1313; x_wconf 85' lang='grc' dir='ltr'><strong>ή</strong></span> <span class='ocrx_word' id='word_1_371' title='bbox 2943 1241 3045 1312; x_wconf 84' lang='grc' dir='ltr'><strong>τῆς</strong></span> <span class='ocrx_word' id='word_1_372' title='bbox 3074 1241 3464 1313; x_wconf 77' lang='grc' dir='ltr'><strong>είκονομαχίας</strong></span> <span class='ocrx_word' id='word_1_373' title='bbox 3498 1257 3641 1307; x_wconf 87' lang='grc' dir='ltr'><strong>πυρ-</strong></span> 
     </span>
    </p>
   </div>
   <div class='ocr_carea' id='block_1_57' title="bbox 2069 1329 3643 1402">
    <p class='ocr_par' dir='ltr' id='par_1_57' title="bbox 2069 1329 3643 1402">
     <span class='ocr_line' id='line_1_57' title="bbox 2069 1329 3643 1402; baseline -0.001 -17"><span class='ocrx_word' id='word_1_374' title='bbox 2069 1335 2203 1385; x_wconf 83' lang='grc' dir='ltr'><strong>καϊά</strong></span> <span class='ocrx_word' id='word_1_375' title='bbox 2245 1331 2322 1401; x_wconf 83' lang='grc' dir='ltr'><strong>τῷ</strong></span> <span class='ocrx_word' id='word_1_376' title='bbox 2378 1332 2589 1402; x_wconf 80' lang='grc' dir='ltr'><strong>βασιλεῖ</strong></span> <span class='ocrx_word' id='word_1_377' title='bbox 2644 1334 2837 1388; x_wconf 81' lang='grc' dir='ltr'><strong>Λέοντι</strong></span> <span class='ocrx_word' id='word_1_378' title='bbox 2886 1332 3283 1387; x_wconf 80' lang='grc' dir='ltr'><strong>ύπανάπτεται.</strong></span> <span class='ocrx_word' id='word_1_379' title='bbox 3325 1329 3643 1401; x_wconf 82' lang='grc' dir='ltr'><strong>Τηνικαῦτα</strong></span> 
     </span>
    </p>
   </div>
   <div class='ocr_carea' id='block_1_58' title="bbox 2072 1422 3647 1495">
    <p class='ocr_par' dir='ltr' id='par_1_58' title="bbox 2072 1422 3647 1495">
     <span class='ocr_line' id='line_1_58' title="bbox 2072 1422 3647 1495; baseline -0.001 -20"><span class='ocrx_word' id='word_1_380' title='bbox 2072 1422 2168 1475; x_wconf 76' lang='grc' dir='ltr'><strong>καὶ</strong></span> <span class='ocrx_word' id='word_1_381' title='bbox 2202 1425 2309 1477; x_wconf 84' lang='grc' dir='ltr'><strong>ὁὲν</strong></span> <span class='ocrx_word' id='word_1_382' title='bbox 2345 1424 2719 1495; x_wconf 78' lang='grc' dir='ltr'><strong>πατριάρχαις</strong></span> <span class='ocrx_word' id='word_1_383' title='bbox 2754 1423 2999 1493; x_wconf 81' lang='grc' dir='ltr'><strong>ἀοίδιμος</strong></span> <span class='ocrx_word' id='word_1_384' title='bbox 3036 1422 3351 1492; x_wconf 87' lang='grc' dir='ltr'><strong>Νικηφόρος</strong></span> <span class='ocrx_word' id='word_1_385' title='bbox 3401 1422 3477 1492; x_wconf 84' lang='grc' dir='ltr'><strong>μὴ</strong></span> <span class='ocrx_word' id='word_1_386' title='bbox 3526 1439 3647 1475; x_wconf 87' lang='grc' dir='ltr'><strong>πει-</strong></span> 
     </span>
    </p>
   </div>
   <div class='ocr_carea' id='block_1_59' title="bbox 2069 1507 3648 1582">
    <p class='ocr_par' dir='ltr' id='par_1_59' title="bbox 2069 1507 3648 1582">
     <span class='ocr_line' id='line_1_59' title="bbox 2069 1507 3648 1582; baseline 0 -19"><span class='ocrx_word' id='word_1_387' title='bbox 2069 1510 2218 1573; x_wconf 77' lang='grc' dir='ltr'><strong>σθεὶς</strong></span> <span class='ocrx_word' id='word_1_388' title='bbox 2251 1513 2317 1582; x_wconf 82' lang='grc' dir='ltr'><strong>τῇ</strong></span> <span class='ocrx_word' id='word_1_389' title='bbox 2351 1510 2711 1582; x_wconf 73' lang='grc' dir='ltr'><strong>είχονομαχία</strong></span> <span class='ocrx_word' id='word_1_390' title='bbox 2733 1510 3023 1565; x_wconf 84' lang='grc' dir='ltr'><strong>συνθέσθαι</strong></span> <span class='ocrx_word' id='word_1_391' title='bbox 3054 1507 3332 1577; x_wconf 81' lang='grc' dir='ltr'><strong>ὲξὸριστος</strong></span> <span class='ocrx_word' id='word_1_392' title='bbox 3362 1510 3442 1573; x_wconf 88' lang='grc' dir='ltr'><strong>είς</strong></span> <span class='ocrx_word' id='word_1_393' title='bbox 3484 1511 3648 1581; x_wconf 86' lang='grc' dir='ltr'><strong>Προι-</strong></span> 
     </span>
    </p>
   </div>
   <div class='ocr_carea' id='block_1_60' title="bbox 2067 1597 3646 1668">
    <p class='ocr_par' dir='ltr' id='par_1_60' title="bbox 2067 1597 3646 1668">
     <span class='ocr_line' id='line_1_60' title="bbox 2067 1597 3646 1668; baseline 0 -17"><span class='ocrx_word' id='word_1_394' title='bbox 2067 1599 2298 1668; x_wconf 82' lang='grc' dir='ltr'><strong>κόνησον</strong></span> <span class='ocrx_word' id='word_1_395' title='bbox 2336 1598 2568 1667; x_wconf 86' lang='grc' dir='ltr'><strong>γίνεται,</strong></span> <span class='ocrx_word' id='word_1_396' title='bbox 2606 1598 2704 1652; x_wconf 78' lang='grc' dir='ltr'><strong>καὶ</strong></span> <span class='ocrx_word' id='word_1_397' title='bbox 2755 1598 2862 1668; x_wconf 82' lang='grc' dir='ltr'><strong>πρὸ</strong></span> <span class='ocrx_word' id='word_1_398' title='bbox 2913 1597 3111 1651; x_wconf 83' lang='grc' dir='ltr'><strong>πολλοῦ</strong></span> <span class='ocrx_word' id='word_1_399' title='bbox 3142 1597 3303 1652; x_wconf 83' lang='grc' dir='ltr'><strong>τοῦτο</strong></span> <span class='ocrx_word' id='word_1_400' title='bbox 3340 1597 3517 1664; x_wconf 72' lang='grc' dir='ltr'><strong>εἰδὼς,</strong></span> <span class='ocrx_word' id='word_1_401' title='bbox 3549 1598 3646 1651; x_wconf 75' lang='grc' dir='ltr'><strong>καὶ</strong></span> 
     </span>
    </p>
   </div>
   <div class='ocr_carea' id='block_1_61' title="bbox 2066 1689 3645 1762">
    <p class='ocr_par' dir='ltr' id='par_1_61' title="bbox 2066 1689 3645 1762">
     <span class='ocr_line' id='line_1_61' title="bbox 2066 1689 3645 1762; baseline 0.001 -20"><span class='ocrx_word' id='word_1_402' title='bbox 2066 1690 2147 1742; x_wconf 83' lang='grc' dir='ltr'><strong>ὅτι</strong></span> <span class='ocrx_word' id='word_1_403' title='bbox 2183 1691 2409 1761; x_wconf 78' lang='grc' dir='ltr'><strong>ταράξει</strong></span> <span class='ocrx_word' id='word_1_404' title='bbox 2447 1692 2546 1762; x_wconf 77' lang='grc' dir='ltr'><strong>τήν</strong></span> <span class='ocrx_word' id='word_1_405' title='bbox 2566 1690 2899 1762; x_wconf 82' lang='grc' dir='ltr'><strong>Ἐκκλησίαν</strong></span> <span class='ocrx_word' id='word_1_406' title='bbox 2927 1692 2955 1744; x_wconf 92' lang='lat'><strong>6</strong></span> <span class='ocrx_word' id='word_1_407' title='bbox 2993 1690 3145 1745; x_wconf 89' lang='grc' dir='ltr'><strong>Λέων</strong></span> <span class='ocrx_word' id='word_1_408' title='bbox 3170 1706 3186 1723; x_wconf 77' lang='grc' dir='ltr'><strong>ο</strong></span> <span class='ocrx_word' id='word_1_409' title='bbox 3236 1690 3387 1756; x_wconf 70' lang='grc' dir='ltr'><strong>ἔδοξε</strong></span> <span class='ocrx_word' id='word_1_410' title='bbox 3421 1691 3529 1760; x_wconf 86' lang='grc' dir='ltr'><strong>γὰρ</strong></span> <span class='ocrx_word' id='word_1_411' title='bbox 3566 1689 3645 1760; x_wconf 82' lang='grc' dir='ltr'><strong>τῷ</strong></span> 
     </span>
    </p>
   </div>
   <div class='ocr_carea' id='block_1_62' title="bbox 2068 1781 3642 1854">
    <p class='ocr_par' dir='ltr' id='par_1_62' title="bbox 2068 1781 3642 1854">
     <span class='ocr_line' id='line_1_62' title="bbox 2068 1781 3642 1854; baseline 0.001 -20"><span class='ocrx_word' id='word_1_412' title='bbox 2068 1781 2370 1854; x_wconf 72' lang='grc' dir='ltr'><strong>μακαρίτῃ,</strong></span> <span class='ocrx_word' id='word_1_413' title='bbox 2424 1782 2664 1854; x_wconf 82' lang='grc' dir='ltr'><strong>ὁπηνίκα</strong></span> <span class='ocrx_word' id='word_1_414' title='bbox 2708 1782 2772 1836; x_wconf 80' lang='grc' dir='ltr'><strong>τὸ</strong></span> <span class='ocrx_word' id='word_1_415' title='bbox 2826 1782 3064 1854; x_wconf 78' lang='grc' dir='ltr'><strong>διάδημα</strong></span> <span class='ocrx_word' id='word_1_416' title='bbox 3127 1785 3194 1852; x_wconf 79' lang='grc' dir='ltr'><strong>τῇ</strong></span> <span class='ocrx_word' id='word_1_417' title='bbox 3258 1782 3356 1837; x_wconf 83' lang='grc' dir='ltr'><strong>τοῦ</strong></span> <span class='ocrx_word' id='word_1_418' title='bbox 3409 1782 3642 1847; x_wconf 86' lang='grc' dir='ltr'><strong>Λέοντος</strong></span> 
     </span>
    </p>
   </div>
   <div class='ocr_carea' id='block_1_63' title="bbox 2066 1872 3640 1946">
    <p class='ocr_par' dir='ltr' id='par_1_63' title="bbox 2066 1872 3640 1946">
     <span class='ocr_line' id='line_1_63' title="bbox 2066 1872 3640 1946; baseline 0.002 -20"><span class='ocrx_word' id='word_1_419' title='bbox 2066 1872 2239 1943; x_wconf 81' lang='grc' dir='ltr'><strong>ὲπέθη</strong></span> <span class='ocrx_word' id='word_1_420' title='bbox 2292 1874 2526 1945; x_wconf 76' lang='grc' dir='ltr'><strong>κεφαλῇ,</strong></span> <span class='ocrx_word' id='word_1_421' title='bbox 2569 1874 2837 1937; x_wconf 79' lang='grc' dir='ltr'><strong>ἀκάνθαις</strong></span> <span class='ocrx_word' id='word_1_422' title='bbox 2875 1876 2973 1930; x_wconf 76' lang='grc' dir='ltr'><strong>καὶ</strong></span> <span class='ocrx_word' id='word_1_423' title='bbox 3020 1874 3295 1944; x_wconf 80' lang='grc' dir='ltr'><strong>τριϐόλοις</strong></span> <span class='ocrx_word' id='word_1_424' title='bbox 3328 1875 3429 1945; x_wconf 84' lang='grc' dir='ltr'><strong>τὴν</strong></span> <span class='ocrx_word' id='word_1_425' title='bbox 3480 1877 3640 1946; x_wconf 86' lang='grc' dir='ltr'><strong>χεῖρα</strong></span> 
     </span>
    </p>
   </div>
   <div class='ocr_carea' id='block_1_64' title="bbox 2066 1961 3645 2037">
    <p class='ocr_par' dir='ltr' id='par_1_64' title="bbox 2066 1961 3645 2037">
     <span class='ocr_line' id='line_1_64' title="bbox 2066 1961 3645 2037; baseline 0.001 -18"><span class='ocrx_word' id='word_1_426' title='bbox 2066 1965 2468 2037; x_wconf 83' lang='grc' dir='ltr'><strong>περιπαρῆναι.</strong></span> <span class='ocrx_word' id='word_1_427' title='bbox 2496 1965 2668 2031; x_wconf 80' lang='grc' dir='ltr'><strong>Οὗτος</strong></span> <span class='ocrx_word' id='word_1_428' title='bbox 2710 1961 2806 2021; x_wconf 78' lang='grc' dir='ltr'><strong>οὖν</strong></span> <span class='ocrx_word' id='word_1_429' title='bbox 2844 1969 2871 2021; x_wconf 94' lang='lat'><strong>6</strong></span> <span class='ocrx_word' id='word_1_430' title='bbox 2920 1966 3195 2036; x_wconf 85' lang='grc' dir='ltr'><strong>μακάριος</strong></span> <span class='ocrx_word' id='word_1_431' title='bbox 3246 1966 3337 2019; x_wconf 82' lang='grc' dir='ltr'><strong>διὰ</strong></span> <span class='ocrx_word' id='word_1_432' title='bbox 3384 1965 3512 2035; x_wconf 82' lang='grc' dir='ltr'><strong>νηδς</strong></span> <span class='ocrx_word' id='word_1_433' title='bbox 3562 1967 3645 2031; x_wconf 75' lang='grc' dir='ltr'><strong>είς</strong></span> 
     </span>
    </p>
   </div>
   <div class='ocr_carea' id='block_1_65' title="bbox 2063 2053 3639 2127">
    <p class='ocr_par' dir='ltr' id='par_1_65' title="bbox 2063 2053 3639 2127">
     <span class='ocr_line' id='line_1_65' title="bbox 2063 2053 3639 2127; baseline -0.002 -18"><span class='ocrx_word' id='word_1_434' title='bbox 2063 2054 2161 2125; x_wconf 81' lang='grc' dir='ltr'><strong>τὴν</strong></span> <span class='ocrx_word' id='word_1_435' title='bbox 2194 2055 2494 2127; x_wconf 83' lang='grc' dir='ltr'><strong>ὑπερορίαν</strong></span> <span class='ocrx_word' id='word_1_436' title='bbox 2525 2054 2883 2125; x_wconf 86' lang='grc' dir='ltr'><strong>στελλόμενος</strong></span> <span class='ocrx_word' id='word_1_437' title='bbox 2920 2053 3103 2125; x_wconf 77' lang='grc' dir='ltr'><strong>ὄρθιος</strong></span> <span class='ocrx_word' id='word_1_438' title='bbox 3147 2054 3335 2109; x_wconf 78' lang='grc' dir='ltr'><strong>ῐστατο</strong></span> <span class='ocrx_word' id='word_1_439' title='bbox 3369 2053 3464 2109; x_wconf 74' lang='grc' dir='ltr'><strong>καὶ</strong></span> <span class='ocrx_word' id='word_1_440' title='bbox 3494 2055 3639 2122; x_wconf 86' lang='grc' dir='ltr'><strong>Πρός</strong></span> 
     </span>
    </p>
   </div>
   <div class='ocr_carea' id='block_1_66' title="bbox 2063 2146 3642 2217">
    <p class='ocr_par' dir='ltr' id='par_1_66' title="bbox 2063 2146 3642 2217">
     <span class='ocr_line' id='line_1_66' title="bbox 2063 2146 3642 2217; baseline 0 -18"><span class='ocrx_word' id='word_1_441' title='bbox 2063 2164 2189 2199; x_wconf 86' lang='grc' dir='ltr'><strong>τινα</strong></span> <span class='ocrx_word' id='word_1_442' title='bbox 2232 2146 2326 2200; x_wconf 73' lang='grc' dir='ltr'><strong>τὸν</strong></span> <span class='ocrx_word' id='word_1_443' title='bbox 2362 2146 2654 2217; x_wconf 79' lang='grc' dir='ltr'><strong>ἀσπασμὸν</strong></span> <span class='ocrx_word' id='word_1_444' title='bbox 2700 2148 2958 2201; x_wconf 73' lang='grc' dir='ltr'><strong>ἐποιεῖτο.</strong></span> <span class='ocrx_word' id='word_1_445' title='bbox 2990 2147 3102 2199; x_wconf 75' lang='grc' dir='ltr'><strong>Καὶ</strong></span> <span class='ocrx_word' id='word_1_446' title='bbox 3145 2146 3201 2198; x_wconf 93' lang='grc' dir='ltr'><strong>τί</strong></span> <span class='ocrx_word' id='word_1_447' title='bbox 3248 2146 3408 2199; x_wconf 80' lang='grc' dir='ltr'><strong>τοῦτο</strong></span> <span class='ocrx_word' id='word_1_448' title='bbox 3433 2146 3642 2216; x_wconf 77' lang='grc' dir='ltr'><strong>ἐρωτη-</strong></span> 
     </span>
    </p>
   </div>
   <div class='ocr_carea' id='block_1_67' title="bbox 2066 2237 3641 2310">
    <p class='ocr_par' dir='ltr' id='par_1_67' title="bbox 2066 2237 3641 2310">
     <span class='ocr_line' id='line_1_67' title="bbox 2066 2237 3641 2310; baseline -0.001 -18"><span class='ocrx_word' id='word_1_449' title='bbox 2066 2237 2200 2302; x_wconf 81' lang='grc' dir='ltr'><strong>θεὶς,</strong></span> <span class='ocrx_word' id='word_1_450' title='bbox 2236 2238 2331 2292; x_wconf 80' lang='grc' dir='ltr'><strong>καὶ</strong></span> <span class='ocrx_word' id='word_1_451' title='bbox 2382 2238 2520 2310; x_wconf 81' lang='grc' dir='ltr'><strong>πρὸς</strong></span> <span class='ocrx_word' id='word_1_452' title='bbox 2562 2240 2686 2293; x_wconf 89' lang='grc' dir='ltr'><strong>τίνα</strong></span> <span class='ocrx_word' id='word_1_453' title='bbox 2731 2241 2972 2293; x_wconf 76' lang='grc' dir='ltr'><strong>ποιεῖται</strong></span> <span class='ocrx_word' id='word_1_454' title='bbox 3018 2239 3112 2293; x_wconf 79' lang='grc' dir='ltr'><strong>τὸν</strong></span> <span class='ocrx_word' id='word_1_455' title='bbox 3158 2238 3473 2309; x_wconf 81' lang='grc' dir='ltr'><strong>ἀσπασμὸν,</strong></span> <span class='ocrx_word' id='word_1_456' title='bbox 3501 2237 3641 2305; x_wconf 77' lang='grc' dir='ltr'><strong>πρὸς</strong></span> 
     </span>
    </p>
   </div>
   <div class='ocr_carea' id='block_1_68' title="bbox 2063 2313 3644 2402">
    <p class='ocr_par' dir='ltr' id='par_1_68' title="bbox 2063 2313 3644 2402">
     <span class='ocr_line' id='line_1_68' title="bbox 2063 2313 3644 2402; baseline -0.001 -18"><span class='ocrx_word' id='word_1_457' title='bbox 2063 2330 2345 2400; x_wconf 78' lang='grc' dir='ltr'><strong>Θεοφάνην</strong></span> <span class='ocrx_word' id='word_1_458' title='bbox 2379 2313 2497 2384; x_wconf 58' lang='grc' dir='ltr'><strong>κέδν’</strong></span> <span class='ocrx_word' id='word_1_459' title='bbox 2525 2331 2898 2402; x_wconf 81' lang='grc' dir='ltr'><strong>ὁμολογητήν,</strong></span> <span class='ocrx_word' id='word_1_460' title='bbox 2920 2386 2923 2389; x_wconf 96' lang='lat'><em>_</em></span> <span class='ocrx_word' id='word_1_461' title='bbox 2947 2329 3122 2395; x_wconf 74' lang='grc' dir='ltr'><strong>ἔλεγε,</strong></span> <span class='ocrx_word' id='word_1_462' title='bbox 3175 2329 3266 2384; x_wconf 78' lang='grc' dir='ltr'><strong>τὸν</strong></span> <span class='ocrx_word' id='word_1_463' title='bbox 3302 2329 3399 2383; x_wconf 80' lang='grc' dir='ltr'><strong>τοῦ</strong></span> <span class='ocrx_word' id='word_1_464' title='bbox 3442 2328 3644 2398; x_wconf 82' lang='grc' dir='ltr'><strong>’Λγροῦ</strong></span> 
     </span>
    </p>
   </div>
   <div class='ocr_carea' id='block_1_69' title="bbox 2064 2421 3644 2493">
    <p class='ocr_par' dir='ltr' id='par_1_69' title="bbox 2064 2421 3644 2493">
     <span class='ocr_line' id='line_1_69' title="bbox 2064 2421 3644 2493; baseline -0.001 -17"><span class='ocrx_word' id='word_1_465' title='bbox 2064 2421 2406 2492; x_wconf 80' lang='grc' dir='ltr'><strong>καθηγητὴν,</strong></span> <span class='ocrx_word' id='word_1_466' title='bbox 2426 2422 2521 2476; x_wconf 83' lang='grc' dir='ltr'><strong>ἆτε</strong></span> <span class='ocrx_word' id='word_1_467' title='bbox 2550 2424 2740 2493; x_wconf 79' lang='grc' dir='ltr'><strong>κηροῖς</strong></span> <span class='ocrx_word' id='word_1_468' title='bbox 2760 2421 2855 2475; x_wconf 75' lang='grc' dir='ltr'><strong>καὶ</strong></span> <span class='ocrx_word' id='word_1_469' title='bbox 2878 2421 3217 2493; x_wconf 82' lang='grc' dir='ltr'><strong>θυμιάμασιν</strong></span> <span class='ocrx_word' id='word_1_470' title='bbox 3241 2422 3389 2492; x_wconf 81' lang='grc' dir='ltr'><strong>ήμᾶς</strong></span> <span class='ocrx_word' id='word_1_471' title='bbox 3434 2422 3488 2475; x_wconf 89' lang='grc' dir='ltr'><strong>δε</strong></span> <span class='ocrx_word' id='word_1_472' title='bbox 3500 2422 3644 2487; x_wconf 84' lang='grc' dir='ltr'><strong>ξιού-</strong></span> 
     </span>
    </p>
   </div>
   <div class='ocr_carea' id='block_1_70' title="bbox 2067 2511 3644 2585">
    <p class='ocr_par' dir='ltr' id='par_1_70' title="bbox 2067 2511 3644 2585">
     <span class='ocr_line' id='line_1_70' title="bbox 2067 2511 3644 2585; baseline -0.002 -18"><span class='ocrx_word' id='word_1_473' title='bbox 2067 2530 2252 2585; x_wconf 85' lang='grc' dir='ltr'><strong>μενον.</strong></span> <span class='ocrx_word' id='word_1_474' title='bbox 2282 2513 2407 2567; x_wconf 76' lang='grc' dir='ltr'><strong>Ἐπὶ</strong></span> <span class='ocrx_word' id='word_1_475' title='bbox 2446 2512 2660 2576; x_wconf 86' lang='grc' dir='ltr'><strong>τούτοις</strong></span> <span class='ocrx_word' id='word_1_476' title='bbox 2693 2516 2721 2567; x_wconf 95' lang='lat'><strong>6</strong></span> <span class='ocrx_word' id='word_1_477' title='bbox 2760 2515 2915 2568; x_wconf 88' lang='grc' dir='ltr'><strong>Λέων</strong></span> <span class='ocrx_word' id='word_1_478' title='bbox 2952 2512 3053 2583; x_wconf 79' lang='grc' dir='ltr'><strong>τὴν</strong></span> <span class='ocrx_word' id='word_1_479' title='bbox 3095 2511 3190 2565; x_wconf 79' lang='grc' dir='ltr'><strong>τοῦ</strong></span> <span class='ocrx_word' id='word_1_480' title='bbox 3235 2511 3472 2582; x_wconf 84' lang='grc' dir='ltr'><strong>μοναχοῦ</strong></span> <span class='ocrx_word' id='word_1_481' title='bbox 3516 2511 3644 2564; x_wconf 85' lang='grc' dir='ltr'><strong>καθ’</strong></span> 
     </span>
    </p>
   </div>
   <div class='ocr_carea' id='block_1_71' title="bbox 2063 2597 3644 2677">
    <p class='ocr_par' dir='ltr' id='par_1_71' title="bbox 2063 2597 3644 2677">
     <span class='ocr_line' id='line_1_71' title="bbox 2063 2597 3644 2677; baseline -0.001 -20"><span class='ocrx_word' id='word_1_482' title='bbox 2063 2604 2260 2658; x_wconf 77' lang='grc' dir='ltr'><strong>ἑαυτὸν</strong></span> <span class='ocrx_word' id='word_1_483' title='bbox 2311 2604 2558 2675; x_wconf 80' lang='grc' dir='ltr'><strong>στρέφων</strong></span> <span class='ocrx_word' id='word_1_484' title='bbox 2599 2605 2910 2677; x_wconf 74' lang='grc' dir='ltr'><strong>πρόρρησιν</strong></span> <span class='ocrx_word' id='word_1_485' title='bbox 2954 2603 3176 2674; x_wconf 84' lang='grc' dir='ltr'><strong>δέσμιον</strong></span> <span class='ocrx_word' id='word_1_486' title='bbox 3223 2597 3339 2673; x_wconf 75' lang='grc' dir='ltr'><strong>εἷχε</strong></span> <span class='ocrx_word' id='word_1_487' title='bbox 3395 2602 3488 2655; x_wconf 73' lang='grc' dir='ltr'><strong>τὸν</strong></span> <span class='ocrx_word' id='word_1_488' title='bbox 3535 2604 3644 2658; x_wconf 82' lang='grc' dir='ltr'><strong>Μι-</strong></span> 
     </span>
    </p>
   </div>
   <div class='ocr_carea' id='block_1_72' title="bbox 2062 2690 3643 2763">
    <p class='ocr_par' dir='ltr' id='par_1_72' title="bbox 2062 2690 3643 2763">
     <span class='ocr_line' id='line_1_72' title="bbox 2062 2690 3643 2763; baseline -0.001 -19"><span class='ocrx_word' id='word_1_489' title='bbox 2062 2690 2221 2763; x_wconf 79' lang='grc' dir='ltr'><strong>χαὴλ,</strong></span> <span class='ocrx_word' id='word_1_490' title='bbox 2253 2692 2369 2760; x_wconf 80' lang='grc' dir='ltr'><strong>είγε</strong></span> <span class='ocrx_word' id='word_1_491' title='bbox 2399 2692 2492 2746; x_wconf 78' lang='grc' dir='ltr'><strong>καὶ</strong></span> <span class='ocrx_word' id='word_1_492' title='bbox 2539 2692 2741 2761; x_wconf 76' lang='grc' dir='ltr'><strong>μᾶλλον</strong></span> <span class='ocrx_word' id='word_1_493' title='bbox 2770 2694 2798 2745; x_wconf 97' lang='lat'><strong>6</strong></span> <span class='ocrx_word' id='word_1_494' title='bbox 2821 2691 3065 2754; x_wconf 80' lang='grc' dir='ltr'><strong>τοιοῦτος</strong></span> <span class='ocrx_word' id='word_1_495' title='bbox 3098 2691 3310 2761; x_wconf 83' lang='grc' dir='ltr'><strong>θρασὺς</strong></span> <span class='ocrx_word' id='word_1_496' title='bbox 3342 2690 3439 2744; x_wconf 74' lang='grc' dir='ltr'><strong>καὶ</strong></span> <span class='ocrx_word' id='word_1_497' title='bbox 3487 2690 3643 2744; x_wconf 74' lang='grc' dir='ltr'><strong>ἀναίι-</strong></span> 
     </span>
    </p>
   </div>
   <div class='ocr_carea' id='block_1_73' title="bbox 2064 2774 3639 2853">
    <p class='ocr_par' dir='ltr' id='par_1_73' title="bbox 2064 2774 3639 2853">
     <span class='ocr_line' id='line_1_73' title="bbox 2064 2774 3639 2853; baseline 0.001 -20"><span class='ocrx_word' id='word_1_498' title='bbox 2064 2797 2291 2850; x_wconf 83' lang='grc' dir='ltr'><strong>σχυντος</strong></span> <span class='ocrx_word' id='word_1_499' title='bbox 2318 2775 2408 2851; x_wconf 81' lang='grc' dir='ltr'><strong>ἦν.</strong></span> <span class='ocrx_word' id='word_1_500' title='bbox 2446 2780 2564 2849; x_wconf 87' lang='grc' dir='ltr'><strong>Ἐφ’</strong></span> <span class='ocrx_word' id='word_1_501' title='bbox 2607 2774 2652 2849; x_wconf 79' lang='grc' dir='ltr'><strong>ᾧ</strong></span> <span class='ocrx_word' id='word_1_502' title='bbox 2681 2783 2777 2835; x_wconf 83' lang='grc' dir='ltr'><strong>καὶ</strong></span> <span class='ocrx_word' id='word_1_503' title='bbox 2815 2780 2967 2852; x_wconf 88' lang='grc' dir='ltr'><strong>παρὰ</strong></span> <span class='ocrx_word' id='word_1_504' title='bbox 3001 2784 3069 2852; x_wconf 77' lang='grc' dir='ltr'><strong>τῇ</strong></span> <span class='ocrx_word' id='word_1_505' title='bbox 3125 2781 3415 2853; x_wconf 82' lang='grc' dir='ltr'><strong>συγκλήτῳ</strong></span> <span class='ocrx_word' id='word_1_506' title='bbox 3456 2781 3639 2851; x_wconf 78' lang='grc' dir='ltr'><strong>ψῆφος</strong></span> 
     </span>
    </p>
   </div>
   <div class='ocr_carea' id='block_1_74' title="bbox 2060 2868 3634 2941">
    <p class='ocr_par' dir='ltr' id='par_1_74' title="bbox 2060 2868 3634 2941">
     <span class='ocr_line' id='line_1_74' title="bbox 2060 2868 3634 2941; baseline -0.001 -17"><span class='ocrx_word' id='word_1_507' title='bbox 2060 2871 2272 2940; x_wconf 86' lang='grc' dir='ltr'><strong>γίνεται</strong></span> <span class='ocrx_word' id='word_1_508' title='bbox 2300 2872 2472 2941; x_wconf 89' lang='grc' dir='ltr'><strong>πυρὸς</strong></span> <span class='ocrx_word' id='word_1_509' title='bbox 2515 2871 2775 2941; x_wconf 88' lang='grc' dir='ltr'><strong>γενέσθαι</strong></span> <span class='ocrx_word' id='word_1_510' title='bbox 2818 2871 2911 2924; x_wconf 83' lang='grc' dir='ltr'><strong>τὸν</strong></span> <span class='ocrx_word' id='word_1_511' title='bbox 2954 2869 3175 2941; x_wconf 77' lang='grc' dir='ltr'><strong>Μιχαὴλ</strong></span> <span class='ocrx_word' id='word_1_512' title='bbox 3224 2868 3634 2940; x_wconf 79' lang='grc' dir='ltr'><strong>παρανάλωμα.</strong></span> 
     </span>
    </p>
   </div>
   <div class='ocr_carea' id='block_1_75' title="bbox 2065 2959 3637 3032">
    <p class='ocr_par' dir='ltr' id='par_1_75' title="bbox 2065 2959 3637 3032">
     <span class='ocr_line' id='line_1_75' title="bbox 2065 2959 3637 3032; baseline -0.003 -15"><span class='ocrx_word' id='word_1_513' title='bbox 2065 2963 2132 3017; x_wconf 78' lang='grc' dir='ltr'>ὀ</span> <span class='ocrx_word' id='word_1_514' title='bbox 2156 2963 2251 3016; x_wconf 77' lang='grc' dir='ltr'><strong>καὶ</strong></span> <span class='ocrx_word' id='word_1_515' title='bbox 2289 2964 2543 3032; x_wconf 84' lang='grc' dir='ltr'><strong>γενέσθαι</strong></span> <span class='ocrx_word' id='word_1_516' title='bbox 2569 2962 2807 3031; x_wconf 72' lang='grc' dir='ltr'><strong>ἔφθασεν</strong></span> <span class='ocrx_word' id='word_1_517' title='bbox 2835 2962 2922 3027; x_wconf 82' lang='grc' dir='ltr'><strong>ἂν,</strong></span> <span class='ocrx_word' id='word_1_518' title='bbox 2954 2961 3003 3014; x_wconf 85' lang='grc' dir='ltr'><strong>εί</strong></span> <span class='ocrx_word' id='word_1_519' title='bbox 3041 2961 3117 3031; x_wconf 84' lang='grc' dir='ltr'><strong>μή</strong></span> <span class='ocrx_word' id='word_1_520' title='bbox 3150 2976 3268 3023; x_wconf 91' lang='grc' dir='ltr'><strong>πως</strong></span> <span class='ocrx_word' id='word_1_521' title='bbox 3299 2961 3332 3030; x_wconf 88' lang='grc' dir='ltr'><strong>ή</strong></span> <span class='ocrx_word' id='word_1_522' title='bbox 3375 2959 3637 3013; x_wconf 88' lang='grc' dir='ltr'><strong>δέσποινα</strong></span> 
     </span>
    </p>
   </div>
   <div class='ocr_carea' id='block_1_76' title="bbox 2059 3049 3636 3123">
    <p class='ocr_par' dir='ltr' id='par_1_76' title="bbox 2059 3049 3636 3123">
     <span class='ocr_line' id='line_1_76' title="bbox 2059 3049 3636 3123; baseline -0.004 -15"><span class='ocrx_word' id='word_1_523' title='bbox 2059 3053 2123 3108; x_wconf 80' lang='grc' dir='ltr'><strong>τὸ</strong></span> <span class='ocrx_word' id='word_1_524' title='bbox 2146 3052 2389 3121; x_wconf 76' lang='grc' dir='ltr'><strong>τοιοῦτον</strong></span> <span class='ocrx_word' id='word_1_525' title='bbox 2429 3053 2725 3119; x_wconf 70' lang='grc' dir='ltr'><strong>ἐκώλυσεν,</strong></span> <span class='ocrx_word' id='word_1_526' title='bbox 2766 3054 2848 3117; x_wconf 87' lang='grc' dir='ltr'><strong>είς</strong></span> <span class='ocrx_word' id='word_1_527' title='bbox 2889 3051 3171 3123; x_wconf 82' lang='grc' dir='ltr'><strong>μεσιτείαν</strong></span> <span class='ocrx_word' id='word_1_528' title='bbox 3210 3051 3353 3121; x_wconf 85' lang='grc' dir='ltr'><strong>τάχα</strong></span> <span class='ocrx_word' id='word_1_529' title='bbox 3396 3049 3636 3120; x_wconf 75' lang='grc' dir='ltr'><strong>προϐαλ-</strong></span> 
     </span>
    </p>
   </div>
   <div class='ocr_carea' id='block_1_77' title="bbox 2062 3140 3636 3218">
    <p class='ocr_par' dir='ltr' id='par_1_77' title="bbox 2062 3140 3636 3218">
     <span class='ocr_line' id='line_1_77' title="bbox 2062 3140 3636 3218; baseline -0.003 -19"><span class='ocrx_word' id='word_1_530' title='bbox 2062 3145 2266 3218; x_wconf 85' lang='grc' dir='ltr'><strong>λομένη</strong></span> <span class='ocrx_word' id='word_1_531' title='bbox 2317 3147 2416 3216; x_wconf 83' lang='grc' dir='ltr'><strong>τὴν</strong></span> <span class='ocrx_word' id='word_1_532' title='bbox 2467 3145 2777 3200; x_wconf 73' lang='grc' dir='ltr'><strong>ἐνεστῶσαν</strong></span> <span class='ocrx_word' id='word_1_533' title='bbox 2828 3144 2993 3212; x_wconf 83' lang='grc' dir='ltr'><strong>ἁγίαν</strong></span> <span class='ocrx_word' id='word_1_534' title='bbox 3037 3142 3342 3214; x_wconf 87' lang='grc' dir='ltr'><strong>τηνικαῦτα</strong></span> <span class='ocrx_word' id='word_1_535' title='bbox 3396 3140 3636 3211; x_wconf 80' lang='grc' dir='ltr'><strong>Χριστοῦ</strong></span> 
     </span>
    </p>
   </div>
   <div class='ocr_carea' id='block_1_78' title="bbox 2061 3232 3638 3310">
    <p class='ocr_par' dir='ltr' id='par_1_78' title="bbox 2061 3232 3638 3310">
     <span class='ocr_line' id='line_1_78' title="bbox 2061 3232 3638 3310; baseline -0.006 -17"><span class='ocrx_word' id='word_1_536' title='bbox 2061 3238 2339 3310; x_wconf 79' lang='grc' dir='ltr'><strong>γέννησιν.</strong></span> <span class='ocrx_word' id='word_1_537' title='bbox 2379 3237 2439 3292; x_wconf 86' lang='lat'><strong>&#39;0</strong></span> <span class='ocrx_word' id='word_1_538' title='bbox 2496 3238 2677 3308; x_wconf 90' lang='grc' dir='ltr'><strong>μέντοι</strong></span> <span class='ocrx_word' id='word_1_539' title='bbox 2730 3238 2882 3292; x_wconf 85' lang='grc' dir='ltr'><strong>Λέων</strong></span> <span class='ocrx_word' id='word_1_540' title='bbox 2918 3236 3027 3291; x_wconf 85' lang='grc' dir='ltr'><strong>ἀπό</strong></span> <span class='ocrx_word' id='word_1_541' title='bbox 3076 3238 3136 3288; x_wconf 84' lang='grc' dir='ltr'><strong>τε</strong></span> <span class='ocrx_word' id='word_1_542' title='bbox 3187 3232 3484 3301; x_wconf 86' lang='grc' dir='ltr'><strong>ὀνειράτων</strong></span> <span class='ocrx_word' id='word_1_543' title='bbox 3539 3233 3638 3284; x_wconf 73' lang='grc' dir='ltr'><strong>καὶ</strong></span> 
     </span>
    </p>
   </div>
   <div class='ocr_carea' id='block_1_79' title="bbox 2061 3321 3636 3400">
    <p class='ocr_par' dir='ltr' id='par_1_79' title="bbox 2061 3321 3636 3400">
     <span class='ocr_line' id='line_1_79' title="bbox 2061 3321 3636 3400; baseline -0.012 -11"><span class='ocrx_word' id='word_1_544' title='bbox 2061 3328 2557 3400; x_wconf 85' lang='grc' dir='ltr'><strong>χρησμῳδημάτων</strong></span> <span class='ocrx_word' id='word_1_545' title='bbox 2581 3326 2681 3383; x_wconf 73' lang='grc' dir='ltr'><strong>καὶ</strong></span> <span class='ocrx_word' id='word_1_546' title='bbox 2718 3327 2929 3397; x_wconf 78' lang='grc' dir='ltr'><strong>ἑτέρων</strong></span> <span class='ocrx_word' id='word_1_547' title='bbox 2953 3323 3216 3379; x_wconf 75' lang='grc' dir='ltr'><strong>τοιούτων</strong></span> <span class='ocrx_word' id='word_1_548' title='bbox 3244 3321 3409 3377; x_wconf 86' lang='grc' dir='ltr'><strong>τινῶν</strong></span> <span class='ocrx_word' id='word_1_549' title='bbox 3446 3321 3636 3391; x_wconf 77' lang='grc' dir='ltr'><strong>ἔντροο</strong></span> 
     </span>
    </p>
   </div>
   <div class='ocr_carea' id='block_1_80' title="bbox 2063 3404 3640 3491">
    <p class='ocr_par' dir='ltr' id='par_1_80' title="bbox 2063 3404 3640 3491">
     <span class='ocr_line' id='line_1_80' title="bbox 2063 3404 3640 3491; baseline -0.005 -18"><span class='ocrx_word' id='word_1_550' title='bbox 2063 3404 2165 3490; x_wconf 83' lang='grc' dir='ltr'><strong>μος</strong></span> <span class='ocrx_word' id='word_1_551' title='bbox 2210 3418 2285 3472; x_wconf 86' lang='grc' dir='ltr'><strong>ὣν</strong></span> <span class='ocrx_word' id='word_1_552' title='bbox 2341 3419 2442 3491; x_wconf 79' lang='grc' dir='ltr'><strong>τὴν</strong></span> <span class='ocrx_word' id='word_1_553' title='bbox 2484 3420 2770 3489; x_wconf 86' lang='grc' dir='ltr'><strong>ἀναίρεσιν</strong></span> <span class='ocrx_word' id='word_1_554' title='bbox 2799 3418 3012 3472; x_wconf 75' lang='grc' dir='ltr'><strong>ἐκείνου</strong></span> <span class='ocrx_word' id='word_1_555' title='bbox 3060 3416 3468 3471; x_wconf 75' lang='grc' dir='ltr'><strong>κατέσπευδενο</strong></span> <span class='ocrx_word' id='word_1_556' title='bbox 3500 3411 3640 3467; x_wconf 87' lang='grc' dir='ltr'><strong>ἀλλὰ</strong></span> 
     </span>
    </p>
   </div>
   <div class='ocr_carea' id='block_1_81' title="bbox 2059 3502 3636 3578">
    <p class='ocr_par' dir='ltr' id='par_1_81' title="bbox 2059 3502 3636 3578">
     <span class='ocr_line' id='line_1_81' title="bbox 2059 3502 3636 3578; baseline -0.004 -18"><span class='ocrx_word' id='word_1_557' title='bbox 2059 3507 2156 3561; x_wconf 74' lang='grc' dir='ltr'><strong>καὶ</strong></span> <span class='ocrx_word' id='word_1_558' title='bbox 2194 3507 2331 3576; x_wconf 76' lang='grc' dir='ltr'><strong>πρὸς</strong></span> <span class='ocrx_word' id='word_1_559' title='bbox 2367 3507 2467 3578; x_wconf 82' lang='grc' dir='ltr'><strong>τὴν</strong></span> <span class='ocrx_word' id='word_1_560' title='bbox 2497 3508 2765 3578; x_wconf 77' lang='grc' dir='ltr'><strong>ὀμόζυγον</strong></span> <span class='ocrx_word' id='word_1_561' title='bbox 2800 3505 2967 3560; x_wconf 81' lang='grc' dir='ltr'><strong>αὐτοῦ</strong></span> <span class='ocrx_word' id='word_1_562' title='bbox 3005 3504 3213 3572; x_wconf 75' lang='grc' dir='ltr'><strong>έλεγενο</strong></span> <span class='ocrx_word' id='word_1_563' title='bbox 3238 3521 3256 3555; x_wconf 82' lang='grc' dir='ltr'><strong>ι</strong></span> <span class='ocrx_word' id='word_1_564' title='bbox 3306 3502 3366 3556; x_wconf 84' lang='grc' dir='ltr'>Ὀ</span> <span class='ocrx_word' id='word_1_565' title='bbox 3393 3502 3489 3572; x_wconf 83' lang='grc' dir='ltr'><strong>μὲν</strong></span> <span class='ocrx_word' id='word_1_566' title='bbox 3526 3503 3636 3555; x_wconf 86' lang='grc' dir='ltr'><strong>Μι-</strong></span> 
     </span>
    </p>
   </div>
   <div class='ocr_carea' id='block_1_82' title="bbox 2057 3591 3636 3672">
    <p class='ocr_par' dir='ltr' id='par_1_82' title="bbox 2057 3591 3636 3672">
     <span class='ocr_line' id='line_1_82' title="bbox 2057 3591 3636 3672; baseline -0.006 -19"><span class='ocrx_word' id='word_1_567' title='bbox 2057 3598 2197 3672; x_wconf 76' lang='grc' dir='ltr'><strong>χαὴλ</strong></span> <span class='ocrx_word' id='word_1_568' title='bbox 2223 3599 2324 3671; x_wconf 72' lang='grc' dir='ltr'><strong>ἤδη</strong></span> <span class='ocrx_word' id='word_1_569' title='bbox 2362 3599 2587 3654; x_wconf 82' lang='grc' dir='ltr'><strong>ἀνύεται</strong></span> <span class='ocrx_word' id='word_1_570' title='bbox 2621 3598 2711 3653; x_wconf 82' lang='grc' dir='ltr'><strong>διὰ</strong></span> <span class='ocrx_word' id='word_1_571' title='bbox 2757 3597 2841 3664; x_wconf 82' lang='grc' dir='ltr'><strong>σὲ,</strong></span> <span class='ocrx_word' id='word_1_572' title='bbox 2877 3598 2943 3651; x_wconf 82' lang='grc' dir='ltr'><strong>σὺ</strong></span> <span class='ocrx_word' id='word_1_573' title='bbox 2991 3595 3048 3649; x_wconf 79' lang='grc' dir='ltr'><strong>δὲ</strong></span> <span class='ocrx_word' id='word_1_574' title='bbox 3084 3596 3178 3648; x_wconf 80' lang='grc' dir='ltr'><strong>καὶ</strong></span> <span class='ocrx_word' id='word_1_575' title='bbox 3208 3594 3259 3648; x_wconf 87' lang='grc' dir='ltr'><strong>οῑ</strong></span> <span class='ocrx_word' id='word_1_576' title='bbox 3289 3596 3353 3647; x_wconf 80' lang='grc' dir='ltr'><strong>ὲκ</strong></span> <span class='ocrx_word' id='word_1_577' title='bbox 3391 3592 3483 3646; x_wconf 77' lang='grc' dir='ltr'><strong>σού</strong></span> <span class='ocrx_word' id='word_1_578' title='bbox 3515 3591 3636 3662; x_wconf 82' lang='grc' dir='ltr'><strong>μετ’</strong></span> 
     </span>
    </p>
   </div>
   <div class='ocr_carea' id='block_1_83' title="bbox 2057 3681 3636 3760">
    <p class='ocr_par' dir='ltr' id='par_1_83' title="bbox 2057 3681 3636 3760">
     <span class='ocr_line' id='line_1_83' title="bbox 2057 3681 3636 3760; baseline -0.007 -16"><span class='ocrx_word' id='word_1_579' title='bbox 2057 3690 2240 3760; x_wconf 83' lang='grc' dir='ltr'><strong>ὀλίγον</strong></span> <span class='ocrx_word' id='word_1_580' title='bbox 2302 3689 2637 3760; x_wconf 84' lang='grc' dir='ltr'><strong>μαθήσεσθε.</strong></span> <span class='ocrx_word' id='word_1_581' title='bbox 2688 3706 2706 3740; x_wconf 76' lang='grc' dir='ltr'><strong>ι</strong></span> <span class='ocrx_word' id='word_1_582' title='bbox 2754 3687 2831 3741; x_wconf 85' lang='grc' dir='ltr'><strong>υύ</strong></span> <span class='ocrx_word' id='word_1_583' title='bbox 2878 3686 3015 3740; x_wconf 81' lang='grc' dir='ltr'><strong>πολὺ</strong></span> <span class='ocrx_word' id='word_1_584' title='bbox 3054 3686 3116 3738; x_wconf 86' lang='grc' dir='ltr'><strong>τδ</strong></span> <span class='ocrx_word' id='word_1_585' title='bbox 3163 3686 3222 3738; x_wconf 84' lang='grc' dir='ltr'><strong>ὲν</strong></span> <span class='ocrx_word' id='word_1_586' title='bbox 3269 3684 3441 3754; x_wconf 87' lang='grc' dir='ltr'><strong>μέσῳ,</strong></span> <span class='ocrx_word' id='word_1_587' title='bbox 3484 3681 3577 3734; x_wconf 76' lang='grc' dir='ltr'><strong>καὶ</strong></span> <span class='ocrx_word' id='word_1_588' title='bbox 3606 3682 3636 3734; x_wconf 92' lang='lat'><strong>6</strong></span> 
     </span>
    </p>
   </div>
   <div class='ocr_carea' id='block_1_84' title="bbox 2056 3774 3637 3852">
    <p class='ocr_par' dir='ltr' id='par_1_84' title="bbox 2056 3774 3637 3852">
     <span class='ocr_line' id='line_1_84' title="bbox 2056 3774 3637 3852; baseline -0.009 -15"><span class='ocrx_word' id='word_1_589' title='bbox 2056 3780 2280 3852; x_wconf 82' lang='grc' dir='ltr'><strong>Μιχαὴλ</strong></span> <span class='ocrx_word' id='word_1_590' title='bbox 2309 3784 2376 3851; x_wconf 73' lang='grc' dir='ltr'><strong>τῇ</strong></span> <span class='ocrx_word' id='word_1_591' title='bbox 2422 3780 2517 3834; x_wconf 84' lang='grc' dir='ltr'><strong>τοῦ</strong></span> <span class='ocrx_word' id='word_1_592' title='bbox 2576 3776 2987 3848; x_wconf 76' lang='grc' dir='ltr'><strong>προρῤηθέντος</strong></span> <span class='ocrx_word' id='word_1_593' title='bbox 3035 3774 3273 3845; x_wconf 84' lang='grc' dir='ltr'><strong>μοναχοῦ</strong></span> <span class='ocrx_word' id='word_1_594' title='bbox 3333 3774 3637 3844; x_wconf 74' lang='grc' dir='ltr'><strong>προρρήσει</strong></span> 
     </span>
    </p>
   </div>
   <div class='ocr_carea' id='block_1_85' title="bbox 2058 3862 3625 3943">
    <p class='ocr_par' dir='ltr' id='par_1_85' title="bbox 2058 3862 3625 3943">
     <span class='ocr_line' id='line_1_85' title="bbox 2058 3862 3625 3943; baseline -0.01 -17"><span class='ocrx_word' id='word_1_595' title='bbox 2058 3872 2277 3943; x_wconf 78' lang='grc' dir='ltr'><strong>θαρρῶν</strong></span> <span class='ocrx_word' id='word_1_596' title='bbox 2301 3869 2443 3924; x_wconf 85' lang='grc' dir='ltr'><strong>κατὰ</strong></span> <span class='ocrx_word' id='word_1_597' title='bbox 2468 3870 2698 3929; x_wconf 86' lang='grc' dir='ltr'><strong>Λέοντος</strong></span> <span class='ocrx_word' id='word_1_598' title='bbox 2723 3864 2924 3935; x_wconf 85' lang='grc' dir='ltr'><strong>μελετᾷ</strong></span> <span class='ocrx_word' id='word_1_599' title='bbox 2950 3865 3050 3935; x_wconf 80' lang='grc' dir='ltr'><strong>τὴν</strong></span> <span class='ocrx_word' id='word_1_600' title='bbox 3077 3863 3370 3933; x_wconf 81' lang='grc' dir='ltr'><strong>έπιόουλὴν</strong></span> <span class='ocrx_word' id='word_1_601' title='bbox 3396 3862 3625 3930; x_wconf 83' lang='grc' dir='ltr'><strong>ταύτην,</strong></span> 
     </span>
    </p>
   </div>
   <div class='ocr_carea' id='block_1_86' title="bbox 2058 3954 3630 4033">
    <p class='ocr_par' dir='ltr' id='par_1_86' title="bbox 2058 3954 3630 4033">
     <span class='ocr_line' id='line_1_86' title="bbox 2058 3954 3630 4033; baseline -0.01 -14"><span class='ocrx_word' id='word_1_602' title='bbox 2058 3966 2153 4019; x_wconf 81' lang='grc' dir='ltr'><strong>καὶ</strong></span> <span class='ocrx_word' id='word_1_603' title='bbox 2182 3962 2259 4033; x_wconf 85' lang='grc' dir='ltr'><strong>τῷ</strong></span> <span class='ocrx_word' id='word_1_604' title='bbox 2284 3962 2570 4030; x_wconf 78' lang='grc' dir='ltr'><strong>κατέχοντι</strong></span> <span class='ocrx_word' id='word_1_605' title='bbox 2598 3958 2761 4013; x_wconf 83' lang='grc' dir='ltr'><strong>αὑτὸν</strong></span> <span class='ocrx_word' id='word_1_606' title='bbox 2781 3956 3145 4026; x_wconf 78' lang='grc' dir='ltr'><strong>ἀποκαλύψας</strong></span> <span class='ocrx_word' id='word_1_607' title='bbox 3179 3954 3630 4027; x_wconf 66' lang='grc' dir='ltr'><strong>παππίᾳ.Ταύτῃ</strong></span> 
     </span>
    </p>
   </div>
   <div class='ocr_carea' id='block_1_87' title="bbox 2057 4046 3629 4118">
    <p class='ocr_par' dir='ltr' id='par_1_87' title="bbox 2057 4046 3629 4118">
     <span class='ocr_line' id='line_1_87' title="bbox 2057 4046 3629 4118; baseline -0.008 -9"><span class='ocrx_word' id='word_1_608' title='bbox 2057 4071 2142 4110; x_wconf 90' lang='grc' dir='ltr'><strong>τοι</strong></span> <span class='ocrx_word' id='word_1_609' title='bbox 2201 4053 2298 4109; x_wconf 81' lang='grc' dir='ltr'><strong>καὶ</strong></span> <span class='ocrx_word' id='word_1_610' title='bbox 2356 4051 2551 4114; x_wconf 78' lang='grc' dir='ltr'><strong>νυκτὸς</strong></span> <span class='ocrx_word' id='word_1_611' title='bbox 2609 4051 2890 4118; x_wconf 80' lang='grc' dir='ltr'><strong>εἰσάγεται</strong></span> <span class='ocrx_word' id='word_1_612' title='bbox 2959 4067 3058 4102; x_wconf 87' lang='grc' dir='ltr'><strong>συν</strong></span> <span class='ocrx_word' id='word_1_613' title='bbox 3114 4051 3228 4112; x_wconf 85' lang='grc' dir='ltr'><strong>τοῖς</strong></span> <span class='ocrx_word' id='word_1_614' title='bbox 3272 4046 3629 4118; x_wconf 77' lang='grc' dir='ltr'><strong>ψαλμῳδοῦσι</strong></span> 
     </span>
    </p>
   </div>
   <div class='ocr_carea' id='block_1_88' title="bbox 2057 4137 3628 4216">
    <p class='ocr_par' dir='ltr' id='par_1_88' title="bbox 2057 4137 3628 4216">
     <span class='ocr_line' id='line_1_88' title="bbox 2057 4137 3628 4216; baseline -0.008 -16"><span class='ocrx_word' id='word_1_615' title='bbox 2057 4144 2398 4216; x_wconf 72' lang='grc' dir='ltr'><strong>στρατιιὶιτας</strong></span> <span class='ocrx_word' id='word_1_616' title='bbox 2448 4142 2874 4205; x_wconf 55' lang='grc' dir='ltr'><strong>ἐνόπλουςεκω.</strong></span> <span class='ocrx_word' id='word_1_617' title='bbox 2914 4142 2943 4193; x_wconf 87' lang='lat'><strong>6</strong></span> <span class='ocrx_word' id='word_1_618' title='bbox 2990 4141 3089 4211; x_wconf 84' lang='grc' dir='ltr'><strong>μὲν</strong></span> <span class='ocrx_word' id='word_1_619' title='bbox 3142 4140 3363 4210; x_wconf 82' lang='grc' dir='ltr'><strong>Μιχαὴλ</strong></span> <span class='ocrx_word' id='word_1_620' title='bbox 3401 4142 3483 4198; x_wconf 85' lang='grc' dir='ltr'><strong>εἰς</strong></span> <span class='ocrx_word' id='word_1_621' title='bbox 3536 4137 3628 4189; x_wconf 83' lang='grc' dir='ltr'><strong>τὸν</strong></span> 
     </span>
    </p>
   </div>
   <div class='ocr_carea' id='block_1_89' title="bbox 2060 4227 3634 4308">
    <p class='ocr_par' dir='ltr' id='par_1_89' title="bbox 2060 4227 3634 4308">
     <span class='ocr_line' id='line_1_89' title="bbox 2060 4227 3634 4308; baseline -0.01 -18"><span class='ocrx_word' id='word_1_622' title='bbox 2060 4236 2337 4308; x_wconf 85' lang='grc' dir='ltr'><strong>βασιλικὸν</strong></span> <span class='ocrx_word' id='word_1_623' title='bbox 2379 4234 2641 4299; x_wconf 82' lang='grc' dir='ltr'><strong>ἀνάγεται</strong></span> <span class='ocrx_word' id='word_1_624' title='bbox 2680 4231 2893 4301; x_wconf 86' lang='grc' dir='ltr'><strong>θρόνον,</strong></span> <span class='ocrx_word' id='word_1_625' title='bbox 2925 4229 3111 4300; x_wconf 84' lang='grc' dir='ltr'><strong>δεσμῷ</strong></span> <span class='ocrx_word' id='word_1_626' title='bbox 3146 4229 3269 4292; x_wconf 83' lang='grc' dir='ltr'><strong>τοὺς</strong></span> <span class='ocrx_word' id='word_1_627' title='bbox 3318 4227 3487 4289; x_wconf 80' lang='grc' dir='ltr'><strong>πόδας</strong></span> <span class='ocrx_word' id='word_1_628' title='bbox 3532 4241 3634 4277; x_wconf 83' lang='grc' dir='ltr'><strong>κα-</strong></span> 
     </span>
    </p>
   </div>
   <div class='ocr_carea' id='block_1_90' title="bbox 2055 4322 3631 4398">
    <p class='ocr_par' dir='ltr' id='par_1_90' title="bbox 2055 4322 3631 4398">
     <span class='ocr_line' id='line_1_90' title="bbox 2055 4322 3631 4398; baseline -0.006 -18"><span class='ocrx_word' id='word_1_629' title='bbox 2055 4327 2349 4398; x_wconf 89' lang='grc' dir='ltr'><strong>τεχόμενος</strong></span> <span class='ocrx_word' id='word_1_630' title='bbox 2392 4323 2631 4395; x_wconf 80' lang='grc' dir='ltr'><strong>σιδηρῷ·</strong></span> <span class='ocrx_word' id='word_1_631' title='bbox 2666 4323 2760 4378; x_wconf 84' lang='grc' dir='ltr'><strong>τὸν</strong></span> <span class='ocrx_word' id='word_1_632' title='bbox 2803 4324 2862 4377; x_wconf 76' lang='grc' dir='ltr'><strong>δὲ</strong></span> <span class='ocrx_word' id='word_1_633' title='bbox 2915 4324 3120 4377; x_wconf 87' lang='grc' dir='ltr'><strong>Λέοντα</strong></span> <span class='ocrx_word' id='word_1_634' title='bbox 3167 4322 3261 4376; x_wconf 76' lang='grc' dir='ltr'><strong>καὶ</strong></span> <span class='ocrx_word' id='word_1_635' title='bbox 3309 4334 3631 4391; x_wconf 85' lang='grc' dir='ltr'><strong>προσπεφυ-</strong></span> 
     </span>
    </p>
   </div>
   <div class='ocr_carea' id='block_1_91' title="bbox 2055 4411 3521 4490">
    <p class='ocr_par' dir='ltr' id='par_1_91' title="bbox 2055 4411 3521 4490">
     <span class='ocr_line' id='line_1_91' title="bbox 2055 4411 3521 4490; baseline -0.008 -15"><span class='ocrx_word' id='word_1_636' title='bbox 2055 4422 2194 4490; x_wconf 85' lang='grc' dir='ltr'><strong>γότα</strong></span> <span class='ocrx_word' id='word_1_637' title='bbox 2219 4417 2297 4488; x_wconf 82' lang='grc' dir='ltr'><strong>τῷ</strong></span> <span class='ocrx_word' id='word_1_638' title='bbox 2328 4418 2457 4488; x_wconf 85' lang='grc' dir='ltr'><strong>θείῳ</strong></span> <span class='ocrx_word' id='word_1_639' title='bbox 2485 4416 2600 4489; x_wconf 85' lang='grc' dir='ltr'><strong>ναῷ</strong></span> <span class='ocrx_word' id='word_1_640' title='bbox 2625 4416 2868 4487; x_wconf 79' lang='grc' dir='ltr'><strong>ἀνηλεῶς</strong></span> <span class='ocrx_word' id='word_1_641' title='bbox 2898 4414 3150 4483; x_wconf 75' lang='grc' dir='ltr'><strong>ἐκτέμνει</strong></span> <span class='ocrx_word' id='word_1_642' title='bbox 3178 4414 3291 4475; x_wconf 81' lang='grc' dir='ltr'><strong>τοῖς</strong></span> <span class='ocrx_word' id='word_1_643' title='bbox 3317 4411 3521 4479; x_wconf 76' lang='grc' dir='ltr'><strong>ξίφεσι.</strong></span> 
     </span>
    </p>
   </div>
   <div class='ocr_carea' id='block_1_92' title="bbox 386 4495 3624 4581">
    <p class='ocr_par' dir='ltr' id='par_1_92' title="bbox 386 4495 3624 4581">
     <span class='ocr_line' id='line_1_92' title="bbox 386 4495 3624 4581; baseline 0.002 -37"><span class='ocrx_word' id='word_1_644' title='bbox 386 4495 452 4546; x_wconf 88' lang='lat' dir='ltr'><strong>de</strong></span> <span class='ocrx_word' id='word_1_645' title='bbox 480 4495 683 4563; x_wconf 90' lang='lat' dir='ltr'><strong>quibus</strong></span> <span class='ocrx_word' id='word_1_646' title='bbox 718 4498 885 4553; x_wconf 90' lang='lat' dir='ltr'><strong>locuti</strong></span> <span class='ocrx_word' id='word_1_647' title='bbox 933 4516 1148 4569; x_wconf 84' lang='lat' dir='ltr'><strong>sumus,</strong></span> <span class='ocrx_word' id='word_1_648' title='bbox 1197 4502 1367 4560; x_wconf 88' lang='lat' dir='ltr'><strong>Leoni</strong></span> <span class='ocrx_word' id='word_1_649' title='bbox 1408 4507 1652 4575; x_wconf 81' lang='lat' dir='ltr'><strong>struxit;</strong></span> <span class='ocrx_word' id='word_1_650' title='bbox 1698 4518 1980 4581; x_wconf 86' lang='lat' dir='ltr'><strong>totamque</strong></span> <span class='ocrx_word' id='word_1_651' title='bbox 2020 4527 2137 4569; x_wconf 89' lang='lat' dir='ltr'><strong>rem</strong></span> <span class='ocrx_word' id='word_1_652' title='bbox 2178 4509 2258 4565; x_wconf 87' lang='lat' dir='ltr'><strong>illi</strong></span> <span class='ocrx_word' id='word_1_653' title='bbox 2310 4507 2570 4579; x_wconf 83' lang='lat' dir='ltr'><strong>patefecit</strong></span> <span class='ocrx_word' id='word_1_654' title='bbox 2613 4505 2706 4576; x_wconf 91' lang='lat' dir='ltr'><strong>qui</strong></span> <span class='ocrx_word' id='word_1_655' title='bbox 2763 4520 2891 4560; x_wconf 90' lang='lat' dir='ltr'><strong>eum</strong></span> <span class='ocrx_word' id='word_1_656' title='bbox 2967 4503 3205 4558; x_wconf 88' lang='lat' dir='ltr'><strong>vinculis</strong></span> <span class='ocrx_word' id='word_1_657' title='bbox 3265 4499 3624 4555; x_wconf 84' lang='lat' dir='ltr'><strong>constrictum</strong></span> 
     </span>
    </p>
   </div>
   <div class='ocr_carea' id='block_1_93' title="bbox 387 4590 3629 4677">
    <p class='ocr_par' dir='ltr' id='par_1_93' title="bbox 387 4590 3629 4677">
     <span class='ocr_line' id='line_1_93' title="bbox 387 4590 3629 4677; baseline 0.001 -33"><span class='ocrx_word' id='word_1_658' title='bbox 387 4590 758 4648; x_wconf 90' lang='lat' dir='ltr'><strong>custodiebat.</strong></span> <span class='ocrx_word' id='word_1_659' title='bbox 812 4595 926 4651; x_wconf 88' lang='lat' dir='ltr'><strong>Hoc</strong></span> <span class='ocrx_word' id='word_1_660' title='bbox 968 4598 1131 4653; x_wconf 88' lang='lat' dir='ltr'><strong>modo</strong></span> <span class='ocrx_word' id='word_1_661' title='bbox 1173 4598 1375 4654; x_wconf 87' lang='lat' dir='ltr'><strong>factum</strong></span> <span class='ocrx_word' id='word_1_662' title='bbox 1442 4609 1501 4655; x_wconf 88' lang='lat' dir='ltr'><strong>ut</strong></span> <span class='ocrx_word' id='word_1_663' title='bbox 1564 4602 1865 4660; x_wconf 79' lang='lat' dir='ltr'><strong>Michaelus</strong></span> <span class='ocrx_word' id='word_1_664' title='bbox 1910 4604 2330 4677; x_wconf 83' lang='lat' dir='ltr'><strong>imperatorium</strong></span> <span class='ocrx_word' id='word_1_665' title='bbox 2388 4602 2443 4657; x_wconf 88' lang='lat' dir='ltr'><strong>in</strong></span> <span class='ocrx_word' id='word_1_666' title='bbox 2505 4601 2706 4657; x_wconf 88' lang='lat' dir='ltr'><strong>solium</strong></span> <span class='ocrx_word' id='word_1_667' title='bbox 2766 4600 3157 4662; x_wconf 86' lang='lat' dir='ltr'><strong>collocaretur,</strong></span> <span class='ocrx_word' id='word_1_668' title='bbox 3211 4611 3339 4651; x_wconf 91' lang='lat' dir='ltr'><strong>cum</strong></span> <span class='ocrx_word' id='word_1_669' title='bbox 3408 4592 3629 4664; x_wconf 88' lang='lat' dir='ltr'><strong>quidem</strong></span> 
     </span>
    </p>
   </div>
   <div class='ocr_carea' id='block_1_94' title="bbox 384 4681 3631 4769">
    <p class='ocr_par' dir='ltr' id='par_1_94' title="bbox 384 4681 3631 4769">
     <span class='ocr_line' id='line_1_94' title="bbox 384 4681 3631 4769; baseline 0.002 -35"><span class='ocrx_word' id='word_1_670' title='bbox 384 4681 567 4737; x_wconf 84' lang='lat' dir='ltr'><strong>adhuc</strong></span> <span class='ocrx_word' id='word_1_671' title='bbox 598 4688 894 4755; x_wconf 87' lang='lat' dir='ltr'><strong>compedes</strong></span> <span class='ocrx_word' id='word_1_672' title='bbox 921 4700 1183 4762; x_wconf 88' lang='lat' dir='ltr'><strong>gestaret,</strong></span> <span class='ocrx_word' id='word_1_673' title='bbox 1219 4691 1331 4748; x_wconf 87' lang='lat' dir='ltr'><strong>Leo</strong></span> <span class='ocrx_word' id='word_1_674' title='bbox 1368 4694 1485 4750; x_wconf 89' lang='lat' dir='ltr'><strong>sine</strong></span> <span class='ocrx_word' id='word_1_675' title='bbox 1515 4695 1626 4750; x_wconf 90' lang='lat' dir='ltr'><strong>ulla</strong></span> <span class='ocrx_word' id='word_1_676' title='bbox 1654 4699 2139 4757; x_wconf 85' lang='lat' dir='ltr'><strong>commiseratione</strong></span> <span class='ocrx_word' id='word_1_677' title='bbox 2206 4697 2403 4769; x_wconf 84' lang='lat' dir='ltr'><strong>gladiis</strong></span> <span class='ocrx_word' id='word_1_678' title='bbox 2471 4694 2861 4761; x_wconf 71' lang='lat' dir='ltr'><strong>conﬁgeretur,</strong></span> <span class='ocrx_word' id='word_1_679' title='bbox 2910 4694 2967 4748; x_wconf 92' lang='lat' dir='ltr'><strong>in</strong></span> <span class='ocrx_word' id='word_1_680' title='bbox 2997 4692 3115 4762; x_wconf 90' lang='lat' dir='ltr'><strong>ipsa</strong></span> <span class='ocrx_word' id='word_1_681' title='bbox 3167 4690 3353 4745; x_wconf 89' lang='lat' dir='ltr'><strong>divina</strong></span> <span class='ocrx_word' id='word_1_682' title='bbox 3379 4688 3494 4742; x_wconf 64' lang='lat' dir='ltr'><strong>aede</strong></span> <span class='ocrx_word' id='word_1_683' title='bbox 3522 4699 3631 4755; x_wconf 86' lang='lat' dir='ltr'><strong>quo</strong></span> 
     </span>
    </p>
   </div>
   <div class='ocr_carea' id='block_1_95' title="bbox 382 4791 777 4849">
    <p class='ocr_par' dir='ltr' id='par_1_95' title="bbox 382 4791 777 4849">
     <span class='ocr_line' id='line_1_95' title="bbox 382 4791 777 4849; baseline -0.003 -15"><span class='ocrx_word' id='word_1_684' title='bbox 382 4794 444 4834; x_wconf 87' lang='lat' dir='ltr'><strong>se</strong></span> <span class='ocrx_word' id='word_1_685' title='bbox 479 4791 777 4849; x_wconf 87' lang='lat' dir='ltr'><strong>receperat.</strong></span> 
     </span>
    </p>
   </div>
   <div class='ocr_carea' id='block_1_96' title="bbox 458 4862 1962 4953">
    <p class='ocr_par' dir='ltr' id='par_1_96' title="bbox 458 4862 1958 4953">
     <span class='ocr_line' id='line_1_96' title="bbox 458 4862 1958 4953; baseline 0.011 -28"><span class='ocrx_word' id='word_1_686' title='bbox 458 4871 637 4940; x_wconf 32' lang='lat' dir='ltr'><strong>Igitur.</strong></span> <span class='ocrx_word' id='word_1_687' title='bbox 649 4885 769 4942; x_wconf 86' lang='lat' dir='ltr'><strong>post</strong></span> <span class='ocrx_word' id='word_1_688' title='bbox 794 4874 1028 4932; x_wconf 87' lang='lat' dir='ltr'><strong>Leonem</strong></span> <span class='ocrx_word' id='word_1_689' title='bbox 1045 4875 1343 4935; x_wconf 81' lang='lat' dir='ltr'><strong>Michaelus</strong></span> <span class='ocrx_word' id='word_1_690' title='bbox 1358 4862 1721 4953; x_wconf 89' lang='lat' dir='ltr'><strong>cognomento</strong></span> <span class='ocrx_word' id='word_1_691' title='bbox 1736 4884 1958 4951; x_wconf 91' lang='lat' dir='ltr'><strong>Balbus,</strong></span> 
     </span>
    </p>
   </div>
   <div class='ocr_carea' id='block_1_97' title="bbox 2063 4862 3632 4953">
    <p class='ocr_par' dir='ltr' id='par_1_97' title="bbox 2134 4874 3632 4952">
     <span class='ocr_line' id='line_1_97' title="bbox 2134 4874 3632 4952; baseline -0.011 -17"><span class='ocrx_word' id='word_1_692' title='bbox 2134 4883 2343 4952; x_wconf 79' lang='grc' dir='ltr'><strong>Κρατετ</strong></span> <span class='ocrx_word' id='word_1_693' title='bbox 2382 4878 2563 4932; x_wconf 89' lang='grc' dir='ltr'><strong>τοίνυν</strong></span> <span class='ocrx_word' id='word_1_694' title='bbox 2596 4875 2735 4947; x_wconf 84' lang='grc' dir='ltr'><strong>μετά</strong></span> <span class='ocrx_word' id='word_1_695' title='bbox 2781 4874 2874 4928; x_wconf 78' lang='grc' dir='ltr'><strong>τὸν</strong></span> <span class='ocrx_word' id='word_1_696' title='bbox 2920 4874 3127 4928; x_wconf 84' lang='grc' dir='ltr'><strong>Λέοντα</strong></span> <span class='ocrx_word' id='word_1_697' title='bbox 3165 4876 3194 4928; x_wconf 92' lang='lat'><strong>6</strong></span> <span class='ocrx_word' id='word_1_698' title='bbox 3234 4874 3479 4944; x_wconf 83' lang='grc' dir='ltr'><strong>Τραυλὸς</strong></span> <span class='ocrx_word' id='word_1_699' title='bbox 3519 4876 3632 4932; x_wconf 80' lang='grc' dir='ltr'><strong>Μι-</strong></span> 
     </span>
    </p>
   </div>
   <div class='ocr_carea' id='block_1_98' title="bbox 381 4963 1956 5046">
    <p class='ocr_par' dir='ltr' id='par_1_98' title="bbox 381 4963 1956 5046">
     <span class='ocr_line' id='line_1_98' title="bbox 381 4963 1956 5046; baseline 0.01 -30"><span class='ocrx_word' id='word_1_700' title='bbox 381 4963 651 5021; x_wconf 90' lang='lat' dir='ltr'><strong>oriundus</strong></span> <span class='ocrx_word' id='word_1_701' title='bbox 676 4966 922 5035; x_wconf 87' lang='lat' dir='ltr'><strong>Amorio,</strong></span> <span class='ocrx_word' id='word_1_702' title='bbox 972 4970 1142 5025; x_wconf 87' lang='lat' dir='ltr'><strong>rebus</strong></span> <span class='ocrx_word' id='word_1_703' title='bbox 1183 4985 1359 5024; x_wconf 89' lang='lat' dir='ltr'><strong>annos</strong></span> <span class='ocrx_word' id='word_1_704' title='bbox 1388 4982 1515 5027; x_wconf 91' lang='lat' dir='ltr'><strong>octo</strong></span> <span class='ocrx_word' id='word_1_705' title='bbox 1553 4988 1679 5028; x_wconf 91' lang='lat' dir='ltr'><strong>cum</strong></span> <span class='ocrx_word' id='word_1_706' title='bbox 1721 4975 1956 5046; x_wconf 89' lang='lat' dir='ltr'><strong>imperio</strong></span> 
     </span>
    </p>
   </div>
   <div class='ocr_carea' id='block_1_99' title="bbox 384 5055 1954 5134">
    <p class='ocr_par' dir='ltr' id='par_1_99' title="bbox 384 5055 1954 5134">
     <span class='ocr_line' id='line_1_99' title="bbox 384 5055 1954 5134; baseline 0.011 -30"><span class='ocrx_word' id='word_1_707' title='bbox 384 5055 621 5119; x_wconf 71' lang='lat' dir='ltr'><strong>praefuit.</strong></span> <span class='ocrx_word' id='word_1_708' title='bbox 647 5056 779 5111; x_wconf 88' lang='lat' dir='ltr'><strong>Erat</strong></span> <span class='ocrx_word' id='word_1_709' title='bbox 829 5059 919 5113; x_wconf 88' lang='lat' dir='ltr'><strong>ille</strong></span> <span class='ocrx_word' id='word_1_710' title='bbox 958 5060 1185 5129; x_wconf 89' lang='lat' dir='ltr'><strong>quidem</strong></span> <span class='ocrx_word' id='word_1_711' title='bbox 1237 5061 1463 5117; x_wconf 88' lang='lat' dir='ltr'><strong>minime</strong></span> <span class='ocrx_word' id='word_1_712' title='bbox 1498 5063 1809 5134; x_wconf 85' lang='lat' dir='ltr'><strong>religiosus,</strong></span> <span class='ocrx_word' id='word_1_713' title='bbox 1842 5082 1954 5122; x_wconf 91' lang='lat' dir='ltr'><strong>non</strong></span> 
     </span>
    </p>
   </div>
   <div class='ocr_carea' id='block_1_100' title="bbox 383 5150 1955 5227">
    <p class='ocr_par' dir='ltr' id='par_1_100' title="bbox 383 5150 1955 5227">
     <span class='ocr_line' id='line_1_100' title="bbox 383 5150 1955 5227; baseline 0.008 -26"><span class='ocrx_word' id='word_1_714' title='bbox 383 5159 563 5204; x_wconf 87' lang='lat' dir='ltr'><strong>tamen</strong></span> <span class='ocrx_word' id='word_1_715' title='bbox 596 5150 847 5206; x_wconf 87' lang='lat' dir='ltr'><strong>homines</strong></span> <span class='ocrx_word' id='word_1_716' title='bbox 880 5153 1000 5221; x_wconf 84' lang='lat' dir='ltr'><strong>pios</strong></span> <span class='ocrx_word' id='word_1_717' title='bbox 1028 5153 1094 5206; x_wconf 90' lang='lat' dir='ltr'><strong>ad</strong></span> <span class='ocrx_word' id='word_1_718' title='bbox 1146 5153 1484 5223; x_wconf 89' lang='lat' dir='ltr'><strong>impietatem</strong></span> <span class='ocrx_word' id='word_1_719' title='bbox 1526 5157 1777 5227; x_wconf 88' lang='lat' dir='ltr'><strong>cogebat.</strong></span> <span class='ocrx_word' id='word_1_720' title='bbox 1805 5158 1955 5226; x_wconf 88' lang='lat' dir='ltr'><strong>Qua-</strong></span> 
     </span>
    </p>
   </div>
   <div class='ocr_carea' id='block_1_101' title="bbox 386 5242 1956 5311">
    <p class='ocr_par' dir='ltr' id='par_1_101' title="bbox 386 5242 1956 5311">
     <span class='ocr_line' id='line_1_101' title="bbox 386 5242 1956 5311; baseline 0.007 -17"><span class='ocrx_word' id='word_1_721' title='bbox 386 5252 608 5309; x_wconf 85' lang='lat' dir='ltr'><strong>propter</strong></span> <span class='ocrx_word' id='word_1_722' title='bbox 646 5242 699 5295; x_wconf 93' lang='lat' dir='ltr'><strong>id</strong></span> <span class='ocrx_word' id='word_1_723' title='bbox 738 5244 1003 5311; x_wconf 87' lang='lat' dir='ltr'><strong>temporis</strong></span> <span class='ocrx_word' id='word_1_724' title='bbox 1037 5244 1141 5298; x_wconf 82' lang='lat' dir='ltr'><strong>viri</strong></span> <span class='ocrx_word' id='word_1_725' title='bbox 1167 5246 1343 5300; x_wconf 87' lang='lat' dir='ltr'><strong>sancti</strong></span> <span class='ocrx_word' id='word_1_726' title='bbox 1378 5248 1693 5302; x_wconf 85' lang='lat' dir='ltr'><strong>carceribus</strong></span> <span class='ocrx_word' id='word_1_727' title='bbox 1736 5249 1956 5305; x_wconf 90' lang='lat' dir='ltr'><strong>liberati</strong></span> 
     </span>
    </p>
   </div>
   <div class='ocr_carea' id='block_1_102' title="bbox 384 5338 1957 5407">
    <p class='ocr_par' dir='ltr' id='par_1_102' title="bbox 384 5338 1957 5407">
     <span class='ocr_line' id='line_1_102' title="bbox 384 5338 1957 5407; baseline 0.005 -16"><span class='ocrx_word' id='word_1_728' title='bbox 384 5347 534 5399; x_wconf 87' lang='lat' dir='ltr'><strong>sunt,</strong></span> <span class='ocrx_word' id='word_1_729' title='bbox 562 5345 619 5392; x_wconf 87' lang='lat' dir='ltr'><strong>et</strong></span> <span class='ocrx_word' id='word_1_730' title='bbox 657 5354 887 5407; x_wconf 83' lang='lat' dir='ltr'><strong>magnus</strong></span> <span class='ocrx_word' id='word_1_731' title='bbox 921 5338 1011 5394; x_wconf 89' lang='lat' dir='ltr'><strong>ille</strong></span> <span class='ocrx_word' id='word_1_732' title='bbox 1042 5340 1365 5398; x_wconf 82' lang='lat' dir='ltr'><strong>Theodorus</strong></span> <span class='ocrx_word' id='word_1_733' title='bbox 1408 5343 1476 5397; x_wconf 91' lang='lat' dir='ltr'><strong>ab</strong></span> <span class='ocrx_word' id='word_1_734' title='bbox 1509 5343 1703 5399; x_wconf 84' lang='lat' dir='ltr'><strong>exsilio</strong></span> <span class='ocrx_word' id='word_1_735' title='bbox 1729 5361 1957 5400; x_wconf 79' lang='lat' dir='ltr'><strong>revoca-</strong></span> 
     </span>
    </p>
   </div>
   <div class='ocr_carea' id='block_1_103' title="bbox 383 5431 1955 5504">
    <p class='ocr_par' dir='ltr' id='par_1_103' title="bbox 383 5431 1955 5504">
     <span class='ocr_line' id='line_1_103' title="bbox 383 5431 1955 5504; baseline 0.006 -21"><span class='ocrx_word' id='word_1_736' title='bbox 383 5438 489 5493; x_wconf 89' lang='lat' dir='ltr'><strong>tus,</strong></span> <span class='ocrx_word' id='word_1_737' title='bbox 549 5444 713 5499; x_wconf 90' lang='lat' dir='ltr'><strong>quem</strong></span> <span class='ocrx_word' id='word_1_738' title='bbox 765 5444 949 5485; x_wconf 82' lang='lat' dir='ltr'><strong>sacras</strong></span> <span class='ocrx_word' id='word_1_739' title='bbox 1002 5431 1269 5504; x_wconf 91' lang='lat' dir='ltr'><strong>imagines</strong></span> <span class='ocrx_word' id='word_1_740' title='bbox 1320 5444 1758 5504; x_wconf 88' lang='lat' dir='ltr'><strong>propugnantem</strong></span> <span class='ocrx_word' id='word_1_741' title='bbox 1807 5437 1955 5491; x_wconf 92' lang='lat' dir='ltr'><strong>mul-</strong></span> 
     </span>
    </p>
   </div>
   <div class='ocr_carea' id='block_1_104' title="bbox 386 5524 1955 5592">
    <p class='ocr_par' dir='ltr' id='par_1_104' title="bbox 386 5524 1955 5592">
     <span class='ocr_line' id='line_1_104' title="bbox 386 5524 1955 5592; baseline 0.006 -16"><span class='ocrx_word' id='word_1_742' title='bbox 386 5530 551 5591; x_wconf 85' lang='lat' dir='ltr'><strong>taque</strong></span> <span class='ocrx_word' id='word_1_743' title='bbox 611 5538 928 5592; x_wconf 78' lang='lat' dir='ltr'><strong>perpessum</strong></span> <span class='ocrx_word' id='word_1_744' title='bbox 981 5524 1092 5581; x_wconf 91' lang='lat' dir='ltr'><strong>Leo</strong></span> <span class='ocrx_word' id='word_1_745' title='bbox 1148 5526 1446 5583; x_wconf 82' lang='lat' dir='ltr'><strong>Armenius</strong></span> <span class='ocrx_word' id='word_1_746' title='bbox 1500 5530 1679 5584; x_wconf 91' lang='lat' dir='ltr'><strong>solum</strong></span> <span class='ocrx_word' id='word_1_747' title='bbox 1736 5538 1955 5585; x_wconf 88' lang='lat' dir='ltr'><strong>vertere</strong></span> 
     </span>
    </p>
   </div>
   <div class='ocr_carea' id='block_1_105' title="bbox 384 5615 1955 5690">
    <p class='ocr_par' dir='ltr' id='par_1_105' title="bbox 384 5615 1955 5690">
     <span class='ocr_line' id='line_1_105' title="bbox 384 5615 1955 5690; baseline 0.005 -25"><span class='ocrx_word' id='word_1_748' title='bbox 384 5626 658 5683; x_wconf 79' lang='lat' dir='ltr'><strong>coegerat.</strong></span> <span class='ocrx_word' id='word_1_749' title='bbox 696 5615 809 5670; x_wconf 89' lang='lat' dir='ltr'><strong>Hoc</strong></span> <span class='ocrx_word' id='word_1_750' title='bbox 846 5615 1109 5671; x_wconf 84' lang='lat' dir='ltr'><strong>Michaelo</strong></span> <span class='ocrx_word' id='word_1_751' title='bbox 1139 5618 1446 5688; x_wconf 88' lang='lat' dir='ltr'><strong>imperante</strong></span> <span class='ocrx_word' id='word_1_752' title='bbox 1469 5619 1709 5675; x_wconf 85' lang='lat' dir='ltr'><strong>Thomas</strong></span> <span class='ocrx_word' id='word_1_753' title='bbox 1733 5619 1955 5690; x_wconf 89' lang='lat' dir='ltr'><strong>quidam</strong></span> 
     </span>
    </p>
   </div>
   <div class='ocr_carea' id='block_1_106' title="bbox 392 5705 1961 5780">
    <p class='ocr_par' dir='ltr' id='par_1_106' title="bbox 392 5705 1961 5780">
     <span class='ocr_line' id='line_1_106' title="bbox 392 5705 1961 5780; baseline 0.006 -24"><span class='ocrx_word' id='word_1_754' title='bbox 392 5705 644 5760; x_wconf 74' lang='lat' dir='ltr'><strong>luaxituis</strong></span> <span class='ocrx_word' id='word_1_755' title='bbox 692 5723 755 5762; x_wconf 78' lang='lat' dir='ltr'><strong>ex</strong></span> <span class='ocrx_word' id='word_1_756' title='bbox 786 5705 1016 5762; x_wconf 85' lang='lat' dir='ltr'><strong>Oriente</strong></span> <span class='ocrx_word' id='word_1_757' title='bbox 1068 5709 1312 5764; x_wconf 86' lang='lat' dir='ltr'><strong>collectis</strong></span> <span class='ocrx_word' id='word_1_758' title='bbox 1356 5710 1554 5780; x_wconf 89' lang='lat' dir='ltr'><strong>copiis,</strong></span> <span class='ocrx_word' id='word_1_759' title='bbox 1610 5725 1712 5764; x_wconf 90' lang='lat' dir='ltr'><strong>nec</strong></span> <span class='ocrx_word' id='word_1_760' title='bbox 1770 5712 1961 5779; x_wconf 86' lang='lat' dir='ltr'><strong>paucis</strong></span> 
     </span>
    </p>
   </div>
   <div class='ocr_carea' id='block_1_107' title="bbox 397 5797 1961 5873">
    <p class='ocr_par' dir='ltr' id='par_1_107' title="bbox 397 5797 1961 5873">
     <span class='ocr_line' id='line_1_107' title="bbox 397 5797 1961 5873; baseline 0.007 -25"><span class='ocrx_word' id='word_1_761' title='bbox 397 5797 714 5857; x_wconf 80' lang='lat' dir='ltr'><strong>triremibus</strong></span> <span class='ocrx_word' id='word_1_762' title='bbox 771 5800 1077 5872; x_wconf 75' lang='lat' dir='ltr'><strong>instructis,</strong></span> <span class='ocrx_word' id='word_1_763' title='bbox 1129 5802 1393 5860; x_wconf 79' lang='lat' dir='ltr'><strong>adversus</strong></span> <span class='ocrx_word' id='word_1_764' title='bbox 1448 5802 1691 5873; x_wconf 80' lang='lat' dir='ltr'><strong>reginam</strong></span> <span class='ocrx_word' id='word_1_765' title='bbox 1743 5802 1961 5859; x_wconf 84' lang='lat' dir='ltr'><strong>urbium</strong></span> 
     </span>
    </p>
   </div>
   <div class='ocr_carea' id='block_1_108' title="bbox 2059 4962 3634 5043">
    <p class='ocr_par' dir='ltr' id='par_1_108' title="bbox 2059 4962 3634 5043">
     <span class='ocr_line' id='line_1_108' title="bbox 2059 4962 3634 5043; baseline -0.007 -17"><span class='ocrx_word' id='word_1_766' title='bbox 2059 4971 2200 5043; x_wconf 80' lang='grc' dir='ltr'><strong>χαὴλ</strong></span> <span class='ocrx_word' id='word_1_767' title='bbox 2261 4971 2358 5041; x_wconf 78' lang='grc' dir='ltr'><strong>ἐτη</strong></span> <span class='ocrx_word' id='word_1_768' title='bbox 2401 4975 2474 5041; x_wconf 84' lang='grc' dir='ltr'><strong>η’,</strong></span> <span class='ocrx_word' id='word_1_769' title='bbox 2508 4969 2536 5021; x_wconf 91' lang='lat'><strong>6</strong></span> <span class='ocrx_word' id='word_1_770' title='bbox 2577 4968 2672 5020; x_wconf 76' lang='grc' dir='ltr'><strong>καὶ</strong></span> <span class='ocrx_word' id='word_1_771' title='bbox 2711 4963 2769 5030; x_wconf 80' lang='grc' dir='ltr'><strong>ἐξ</strong></span> <span class='ocrx_word' id='word_1_772' title='bbox 2823 4962 3084 5032; x_wconf 84' lang='grc' dir='ltr'><strong>’Λμορίου</strong></span> <span class='ocrx_word' id='word_1_773' title='bbox 3130 4962 3472 5032; x_wconf 86' lang='grc' dir='ltr'><strong>ὁρμώμενος,</strong></span> <span class='ocrx_word' id='word_1_774' title='bbox 3505 4964 3634 5017; x_wconf 83' lang='grc' dir='ltr'><strong>δυσ-</strong></span> 
     </span>
    </p>
   </div>
   <div class='ocr_carea' id='block_1_109' title="bbox 2061 5055 3633 5135">
    <p class='ocr_par' dir='ltr' id='par_1_109' title="bbox 2061 5055 3633 5135">
     <span class='ocr_line' id='line_1_109' title="bbox 2061 5055 3633 5135; baseline -0.004 -17"><span class='ocrx_word' id='word_1_775' title='bbox 2061 5064 2226 5135; x_wconf 78' lang='grc' dir='ltr'><strong>σεϐὴς</strong></span> <span class='ocrx_word' id='word_1_776' title='bbox 2281 5062 2381 5132; x_wconf 70' lang='grc' dir='ltr'><strong>μὲν</strong></span> <span class='ocrx_word' id='word_1_777' title='bbox 2408 5059 2506 5122; x_wconf 83' lang='grc' dir='ltr'><strong>ὣν,</strong></span> <span class='ocrx_word' id='word_1_778' title='bbox 2539 5059 2600 5112; x_wconf 85' lang='grc' dir='ltr'><strong>οὐ</strong></span> <span class='ocrx_word' id='word_1_779' title='bbox 2655 5056 2762 5129; x_wconf 82' lang='grc' dir='ltr'><strong>μὴν</strong></span> <span class='ocrx_word' id='word_1_780' title='bbox 2814 5056 2872 5110; x_wconf 83' lang='grc' dir='ltr'><strong>δὲ</strong></span> <span class='ocrx_word' id='word_1_781' title='bbox 2919 5055 3014 5108; x_wconf 72' lang='grc' dir='ltr'><strong>καὶ</strong></span> <span class='ocrx_word' id='word_1_782' title='bbox 3047 5055 3268 5108; x_wconf 72' lang='grc' dir='ltr'><strong>ἀσεϐεῖν</strong></span> <span class='ocrx_word' id='word_1_783' title='bbox 3299 5056 3633 5122; x_wconf 80' lang='grc' dir='ltr'><strong>ἀναγκάζων</strong></span> 
     </span>
    </p>
   </div>
   <div class='ocr_carea' id='block_1_110' title="bbox 2057 5142 3633 5218">
    <p class='ocr_par' dir='ltr' id='par_1_110' title="bbox 2057 5142 3633 5218">
     <span class='ocr_line' id='line_1_110' title="bbox 2057 5142 3633 5218; baseline -0.005 -10"><span class='ocrx_word' id='word_1_784' title='bbox 2057 5155 2186 5216; x_wconf 82' lang='grc' dir='ltr'><strong>τοὺς</strong></span> <span class='ocrx_word' id='word_1_785' title='bbox 2228 5152 2497 5214; x_wconf 75' lang='grc' dir='ltr'><strong>εὐσεϐεῖς.</strong></span> <span class='ocrx_word' id='word_1_786' title='bbox 2529 5148 2648 5218; x_wconf 86' lang='grc' dir='ltr'><strong>Ἐφ’</strong></span> <span class='ocrx_word' id='word_1_787' title='bbox 2687 5142 2732 5216; x_wconf 80' lang='grc' dir='ltr'><strong>ᾧ</strong></span> <span class='ocrx_word' id='word_1_788' title='bbox 2788 5146 2883 5200; x_wconf 80' lang='grc' dir='ltr'><strong>καὶ</strong></span> <span class='ocrx_word' id='word_1_789' title='bbox 2926 5148 3170 5200; x_wconf 82' lang='grc' dir='ltr'><strong>ἀνίενται</strong></span> <span class='ocrx_word' id='word_1_790' title='bbox 3225 5145 3531 5214; x_wconf 82' lang='grc' dir='ltr'><strong>τηνικαῦτα</strong></span> <span class='ocrx_word' id='word_1_791' title='bbox 3581 5147 3633 5200; x_wconf 79' lang='grc' dir='ltr'><strong>οἱ</strong></span> 
     </span>
    </p>
   </div>
   <div class='ocr_carea' id='block_1_111' title="bbox 2060 5237 3634 5313">
    <p class='ocr_par' dir='ltr' id='par_1_111' title="bbox 2060 5237 3634 5313">
     <span class='ocr_line' id='line_1_111' title="bbox 2060 5237 3634 5313; baseline -0.005 -15"><span class='ocrx_word' id='word_1_792' title='bbox 2060 5244 2233 5312; x_wconf 81' lang='grc' dir='ltr'><strong>ἀγιοι,</strong></span> <span class='ocrx_word' id='word_1_793' title='bbox 2263 5246 2292 5297; x_wconf 88' lang='lat'><strong>6</strong></span> <span class='ocrx_word' id='word_1_794' title='bbox 2350 5245 2522 5313; x_wconf 79' lang='grc' dir='ltr'><strong>μέγας</strong></span> <span class='ocrx_word' id='word_1_795' title='bbox 2578 5257 2643 5303; x_wconf 86' lang='grc' dir='ltr'><strong>τε</strong></span> <span class='ocrx_word' id='word_1_796' title='bbox 2703 5238 2983 5308; x_wconf 86' lang='grc' dir='ltr'><strong>Θεόδωρος</strong></span> <span class='ocrx_word' id='word_1_797' title='bbox 3018 5237 3143 5293; x_wconf 72' lang='grc' dir='ltr'><strong>’ἀπὸ</strong></span> <span class='ocrx_word' id='word_1_798' title='bbox 3191 5240 3290 5308; x_wconf 77' lang='grc' dir='ltr'><strong>τῆς</strong></span> <span class='ocrx_word' id='word_1_799' title='bbox 3332 5237 3634 5308; x_wconf 80' lang='grc' dir='ltr'><strong>ὑπερορίας</strong></span> 
     </span>
    </p>
   </div>
   <div class='ocr_carea' id='block_1_112' title="bbox 2058 5331 3637 5408">
    <p class='ocr_par' dir='ltr' id='par_1_112' title="bbox 2058 5331 3637 5408">
     <span class='ocr_line' id='line_1_112' title="bbox 2058 5331 3637 5408; baseline -0.006 -15"><span class='ocrx_word' id='word_1_800' title='bbox 2058 5339 2325 5406; x_wconf 77' lang='grc' dir='ltr'><strong>ἀνάγεται</strong></span> <span class='ocrx_word' id='word_1_801' title='bbox 2345 5353 2361 5370; x_wconf 76' lang='grc' dir='ltr'><strong>ο</strong></span> <span class='ocrx_word' id='word_1_802' title='bbox 2394 5335 2712 5408; x_wconf 84' lang='grc' dir='ltr'><strong>προέφθασε</strong></span> <span class='ocrx_word' id='word_1_803' title='bbox 2751 5334 2862 5404; x_wconf 83' lang='grc' dir='ltr'><strong>γὰρ</strong></span> <span class='ocrx_word' id='word_1_804' title='bbox 2907 5332 3070 5386; x_wconf 80' lang='grc' dir='ltr'><strong>αὐτὸν</strong></span> <span class='ocrx_word' id='word_1_805' title='bbox 3099 5331 3350 5401; x_wconf 67' lang='grc' dir='ltr'><strong>ἔξορίσας</strong></span> <span class='ocrx_word' id='word_1_806' title='bbox 3372 5334 3401 5385; x_wconf 92' lang='lat'><strong>6</strong></span> <span class='ocrx_word' id='word_1_807' title='bbox 3433 5332 3637 5402; x_wconf 84' lang='grc' dir='ltr'><strong>’Λρμέ-</strong></span> 
     </span>
    </p>
   </div>
   <div class='ocr_carea' id='block_1_113' title="bbox 2060 5421 3638 5495">
    <p class='ocr_par' dir='ltr' id='par_1_113' title="bbox 2060 5421 3638 5495">
     <span class='ocr_line' id='line_1_113' title="bbox 2060 5421 3638 5495; baseline -0.006 -10"><span class='ocrx_word' id='word_1_808' title='bbox 2060 5448 2173 5495; x_wconf 88' lang='grc' dir='ltr'><strong>νιος</strong></span> <span class='ocrx_word' id='word_1_809' title='bbox 2202 5430 2296 5483; x_wconf 75' lang='grc' dir='ltr'><strong>καὶ</strong></span> <span class='ocrx_word' id='word_1_810' title='bbox 2338 5428 2510 5483; x_wconf 88' lang='grc' dir='ltr'><strong>πολλὰ</strong></span> <span class='ocrx_word' id='word_1_811' title='bbox 2557 5428 2703 5481; x_wconf 82' lang='grc' dir='ltr'><strong>κακὰ</strong></span> <span class='ocrx_word' id='word_1_812' title='bbox 2738 5426 2975 5494; x_wconf 88' lang='grc' dir='ltr'><strong>ποιήσας</strong></span> <span class='ocrx_word' id='word_1_813' title='bbox 3022 5421 3119 5477; x_wconf 76' lang='grc' dir='ltr'><strong>ἀτε</strong></span> <span class='ocrx_word' id='word_1_814' title='bbox 3154 5423 3263 5476; x_wconf 86' lang='grc' dir='ltr'><strong>τῶν</strong></span> <span class='ocrx_word' id='word_1_815' title='bbox 3299 5423 3470 5490; x_wconf 87' lang='grc' dir='ltr'><strong>ἁγίων</strong></span> <span class='ocrx_word' id='word_1_816' title='bbox 3494 5423 3638 5475; x_wconf 77' lang='grc' dir='ltr'><strong>εἰκό-</strong></span> 
     </span>
    </p>
   </div>
   <div class='ocr_carea' id='block_1_114' title="bbox 2062 5513 3634 5591">
    <p class='ocr_par' dir='ltr' id='par_1_114' title="bbox 2062 5513 3634 5591">
     <span class='ocr_line' id='line_1_114' title="bbox 2062 5513 3634 5591; baseline -0.007 -14"><span class='ocrx_word' id='word_1_817' title='bbox 2062 5540 2170 5577; x_wconf 87' lang='grc' dir='ltr'><strong>νων</strong></span> <span class='ocrx_word' id='word_1_818' title='bbox 2234 5520 2714 5591; x_wconf 79' lang='grc' dir='ltr'><strong>ὑπερμαχόμενον.</strong></span> <span class='ocrx_word' id='word_1_819' title='bbox 2760 5516 2967 5570; x_wconf 88' lang='grc' dir='ltr'><strong>Τούτου</strong></span> <span class='ocrx_word' id='word_1_820' title='bbox 3029 5515 3209 5585; x_wconf 89' lang='grc' dir='ltr'><strong>μέντοι</strong></span> <span class='ocrx_word' id='word_1_821' title='bbox 3269 5513 3362 5567; x_wconf 83' lang='grc' dir='ltr'><strong>τοῦ</strong></span> <span class='ocrx_word' id='word_1_822' title='bbox 3411 5513 3634 5584; x_wconf 78' lang='grc' dir='ltr'><strong>Μιχαὴλ</strong></span> 
     </span>
    </p>
   </div>
   <div class='ocr_carea' id='block_1_115' title="bbox 2067 5602 3635 5686">
    <p class='ocr_par' dir='ltr' id='par_1_115' title="bbox 2067 5602 3635 5686">
     <span class='ocr_line' id='line_1_115' title="bbox 2067 5602 3635 5686; baseline -0.008 -18"><span class='ocrx_word' id='word_1_823' title='bbox 2067 5613 2445 5686; x_wconf 83' lang='grc' dir='ltr'><strong>βασιλεύοντος</strong></span> <span class='ocrx_word' id='word_1_824' title='bbox 2481 5611 2684 5680; x_wconf 78' lang='grc' dir='ltr'><strong>Θωμᾶς</strong></span> <span class='ocrx_word' id='word_1_825' title='bbox 2719 5624 2801 5671; x_wconf 91' lang='grc' dir='ltr'><strong>τις</strong></span> <span class='ocrx_word' id='word_1_826' title='bbox 2836 5609 2995 5678; x_wconf 84' lang='grc' dir='ltr'><strong>χεῖρα</strong></span> <span class='ocrx_word' id='word_1_827' title='bbox 3023 5606 3247 5676; x_wconf 81' lang='grc' dir='ltr'><strong>βαρεῖαν</strong></span> <span class='ocrx_word' id='word_1_828' title='bbox 3281 5604 3536 5670; x_wconf 77' lang='grc' dir='ltr'><strong>συλλέξας</strong></span> <span class='ocrx_word' id='word_1_829' title='bbox 3573 5602 3635 5669; x_wconf 75' lang='grc' dir='ltr'>ἐξ</span> 
     </span>
    </p>
   </div>
   <div class='ocr_carea' id='block_1_116' title="bbox 2068 5694 3633 5772">
    <p class='ocr_par' dir='ltr' id='par_1_116' title="bbox 2068 5694 3633 5772">
     <span class='ocr_line' id='line_1_116' title="bbox 2068 5694 3633 5772; baseline -0.009 -12"><span class='ocrx_word' id='word_1_830' title='bbox 2068 5704 2337 5772; x_wconf 77' lang='grc' dir='ltr'><strong>ἀνατολῆς</strong></span> <span class='ocrx_word' id='word_1_831' title='bbox 2388 5721 2448 5757; x_wconf 87' lang='grc' dir='ltr'><strong>τε</strong></span> <span class='ocrx_word' id='word_1_832' title='bbox 2503 5704 2595 5757; x_wconf 77' lang='grc' dir='ltr'><strong>καὶ</strong></span> <span class='ocrx_word' id='word_1_833' title='bbox 2647 5701 2876 5763; x_wconf 87' lang='grc' dir='ltr'><strong>δύσεως,</strong></span> <span class='ocrx_word' id='word_1_834' title='bbox 2913 5699 3161 5770; x_wconf 81' lang='grc' dir='ltr'><strong>τριήρεις</strong></span> <span class='ocrx_word' id='word_1_835' title='bbox 3207 5713 3267 5750; x_wconf 87' lang='grc' dir='ltr'><strong>τε</strong></span> <span class='ocrx_word' id='word_1_836' title='bbox 3318 5695 3417 5750; x_wconf 87' lang='grc' dir='ltr'><strong>οὐκ</strong></span> <span class='ocrx_word' id='word_1_837' title='bbox 3446 5694 3633 5762; x_wconf 74' lang='grc' dir='ltr'><strong>ὀλίγας</strong></span> 
     </span>
    </p>
   </div>
   <div class='ocr_carea' id='block_1_117' title="bbox 2072 5782 3633 5870">
    <p class='ocr_par' dir='ltr' id='par_1_117' title="bbox 2072 5782 3633 5870">
     <span class='ocr_line' id='line_1_117' title="bbox 2072 5782 3633 5870; baseline -0.01 -17"><span class='ocrx_word' id='word_1_838' title='bbox 2072 5802 2331 5870; x_wconf 81' lang='grc' dir='ltr'><strong>ποιήσας,</strong></span> <span class='ocrx_word' id='word_1_839' title='bbox 2367 5796 2507 5851; x_wconf 75' lang='grc' dir='ltr'><strong>κατὰ</strong></span> <span class='ocrx_word' id='word_1_840' title='bbox 2550 5797 2649 5866; x_wconf 73' lang='grc' dir='ltr'><strong>τῆς</strong></span> <span class='ocrx_word' id='word_1_841' title='bbox 2693 5791 2963 5865; x_wconf 84' lang='grc' dir='ltr'><strong>βασιλίδος</strong></span> <span class='ocrx_word' id='word_1_842' title='bbox 3002 5787 3356 5862; x_wconf 77' lang='grc' dir='ltr'><strong>ἐκστρατεύει</strong></span> <span class='ocrx_word' id='word_1_843' title='bbox 3384 5787 3492 5842; x_wconf 83' lang='grc' dir='ltr'><strong>τῶν</strong></span> <span class='ocrx_word' id='word_1_844' title='bbox 3536 5782 3633 5838; x_wconf 82' lang='grc' dir='ltr'><strong>πό-</strong></span> 
     </span>
    </p>
   </div>
  </div>
