4070 6410
385 312 486 377 53⁸1

1627 302 2035 368 ΑΝΝΛΙΛΠΜ
2074 301 2268 363 PARS
2313 303 2406 363 iV.

3525 293 3628 355 538

374 429 512 478 λεων
569 420 816 493 Τοσαύπ,
849 421 902 475 δὲ
931 419 1160 491 δύναμις
1186 414 1254 488 ἦν
1289 417 1430 471 ὥστε
1468 417 1560 471 καὶ
1593 417 1692 487 τὴν
1735 416 1946 469 ἀπαιω-

2057 410 2463 478 expeditionem
2501 408 2763 479 suscepit.
2798 407 3005 464 Tantas
3052 403 3428 461 autem'vires
3459 405 3633 459 habe-

378 516 636 587 ρηθεϊταν
663 516 721 567 ἐν
763 513 1057 583 ἀκροπόλει
1111 512 1304 566 ἅλυσιν
1353 508 1646 564 διακλάσαι
1687 509 1784 561 καὶ
1817 507 1954 574 πρὸς

380 601 687 676 Ιςλαχέρνας
729 604 1008 658 ἀπελθεῖν.
1038 603 1131 656 Ἐν
1175 603 1319 666 ὅλοις
1352 601 1542 654 λοιπὸν
1597 598 1782 670 τρισὶν
1806 597 1956 648 ἔτεσι

376 699 446 750 τὰ
477 693 570 748 τοῦ
596 695 834 762 πολέμου
862 693 1212 764 κεκρότηται.
1249 687 1383 746 Εἶτα
1405 693 1432 744 6
1461 689 1666 759 Θωμᾶς
1695 689 1955 760 ἡττᾶται,

378 786 590 854 φεύγει,
632 789 712 848 εἰς
752 783 1200 854 ’Δδριανούπολιν
1237 783 1484 854 ἔρχεται.
1527 780 1734 852 Καιρὸν
1769 778 1959 832 ἰκανὸν

377 877 559 929 ἐκεῖσε
593 875 746 946 παρὰ
794 874 889 928 τοῦ
923 875 1146 946 Μιχαὴλ
1171 875 1358 945 κύκλῳ
1396 872 1721 944 τετήρηται.
1758 867 1958 939 Προδί-

375 967 508 1020 δωσι
544 967 636 1019 καὶ
676 967 848 1032 ἄκων,
907 968 1218 1037 κρατεῖται,
1267 967 1461 1036 χεῖρας
1505 964 1602 1019 καὶ
1659 962 1827 1024 πόδας
1874 958 1962 1012 τέ-

389 1073 605 1125 μνεται,
637 1057 723 1108 ἐπ’
775 1056 898 1109 δνου
953 1056 1212 1124 κάθηται,
1258 1055 1417 1110 τοῦτο
1460 1057 1558 1110 καὶ
1589 1054 1753 1128 μόνον
1782 1051 1958 1120 λέγων

388 1166 407 1198 ι
442 1147 694 1219 Ἐλέησόν
722 1164 812 1218 με,
845 1147 1060 1220 ἀληθῶς
1093 1147 1336 1219 βασιλεῦ.
1363 1166 1383 1201 ι

449 1413 606 1468 Μετὰ
630 1413 685 1465 δὲ
707 1414 798 1467 τὸν
821 1412 1044 1485 Μιχαὴλ
1076 1412 1338 1482 Θεόφιλος
1357 1415 1386 1465 6
1411 1412 1528 1476 υἱὸς
1553 1413 1746 1478 αὑτοῦ,
1767 1411 1864 1483 ἔτη
1891 1412 1958 1483 ιβ’

381 1510 555 1577 μῆνας
589 1504 658 1574 γ’.
711 1505 822 1560 Καὶ
866 1505 1172 1577 τηνικαῦτα
1211 1503 1447 1574 ἐκλογὴν
1499 1506 1742 1558 ποιεῖται
1783 1521 1956 1574 κορα-

379 1599 533 1663 σίων,
566 1593 640 1652 ὧν
672 1597 770 1668 μία
808 1599 959 1669 καὶὴ
993 1597 1196 1660 Κασία,
1233 1598 1300 1668 ήν
1328 1597 1392 1668 δὴ
1425 1595 1520 1650 καὶ
1563 1596 1958 1666 ἀποπέμπεται

375 1689 466 1743 διὰ
504 1689 603 1760 τὴν
643 1690 826 1760 πλήρη
883 1689 1151 1753 συνέσεως
1202 1689 1501 1757 ἀπόκρισιν
1537 1688 1711 1757 αὐτῆς
1736 1705 1752 1720 ο
1787 1687 1957 1758 μῆλον

376 1782 486 1853 γὰρ
517 1781 855 1844 ἐπιδεδωκὼς
911 1780 1049 1850 αὐτῇ
1106 1780 1182 1844 ὡς
1233 1780 1491 1850 ἐρασθεὶς
1535 1777 1696 1849 δῆθεν
1740 1777 1834 1831 ἐπὶ
1881 1776 1959 1849 τῷ

375 1873 560 1928 κάλλει
599 1873 790 1941 αὐτῆς,
833 1873 927 1926 καὶ
956 1870 1130 1926 εἰπὼν
1181 1891 1198 1923 ι
1240 1873 1338 1927 Ἐκ
1375 1870 1635 1939 γυναικὸς
1682 1869 1856 1941 ἐρρύη
1891 1871 1962 1924 τὰ

375 1959 576 2027 φαῦλα,
609 1978 628 2011 ι
675 1961 909 2030 ήκουσεν
971 1959 1031 2024 ἐξ
1079 1960 1252 2030 αὐτῆς
1307 1960 1390 2013 ὅτι
1428 1960 1522 2012 καὶ
1556 1959 1666 2012 ἀπὸ
1691 1959 1957 2030 γυναικὸς

374 2051 614 2122 πήγάζει
649 2051 734 2104 ’τὰ
786 2053 1095 2123 κρείττονα.
1133 2053 1251 2122 Ἐφ’
1305 2045 1348 2120 ᾧ
1379 2052 1474 2106 καί
1504 2046 1602 2123 τὴν
1628 2052 1961 2122 Παφλαγόνα

373 2140 658 2211 θεοδὼραν
706 2141 970 2210 ἠγάγετο.
1001 2141 1173 2206 Οὗτος
1218 2140 1342 2194 καθ’
1373 2141 1614 2212 ἑκάστην
1683 2140 1961 2212 ἑϐδομάδα

372 2233 462 2287 διὰ
495 2234 597 2303 τῆς
627 2235 835 2304 ἀγορᾶς
862 2234 1103 2303 ἔφιππος
1136 2235 1215 2297 εἰς
1243 2235 1336 2288 τὸν
1366 2235 1425 2288 ἐν
1456 2233 1794 2304 Βλαχέρναις
1828 2234 1958 2288 ναὸν

375 2325 691 2396 ἁπήρχετο·
722 2327 770 2378 εἰ
805 2326 915 2397 γὰρ
965 2326 1061 2380 καὶ
1116 2325 1288 2398 τιμὴν
1342 2327 1466 2391 ταῖς
1503 2327 1694 2394 ἁγίαις
1752 2326 1960 2382 εἰκόσιν

374 2419 474 2469 οὑκ
503 2416 716 2486 ἔνεμεν,
750 2417 885 2472 ἀλλὰ
909 2418 986 2486 τῷ
1014 2419 1229 2490 Σωτῆρι
1256 2418 1352 2472 καὶ
1385 2419 1524 2488 αὐτῇ
1553 2421 1622 2489 τῇ
1653 2418 1958 2490 Θεομήτορι

377 2508 561 2561 πίστιν
595 2509 806 2578 ἐτήρει,
843 2508 920 2572 ὼς
953 2507 1162 2576 ἔλεγεν.
1195 2507 1365 2572 Οὗτος
1425 2509 1520 2562 καὶ
1587 2509 1716 2580 περὶ
1757 2509 1869 2563 τῶν
1902 2510 1959 2560 ὲν

375 2601 443 2670 τῇ
481 2599 660 2668 ἀγορᾷ
693 2597 1076 2667 προκειμένων
1111 2597 1292 2652 ὠνίων
1321 2596 1534 2668 ἠρώτα,
1558 2599 1654 2651 καὶ
1680 2600 1729 2651 εἰ
1752 2598 1954 2652 πολλοῦ

376 2691 803 2762 ἐπιπράσκοντο,
844 2690 987 2744 κατὰ
1019 2689 1115 2742 τοῦ
1155 2689 1403 2760 ἐπάρχου
1445 2689 1738 2760 ὠργίζετο.
1767 2691 1959 2762 Τούτῳ

377 2781 654 2854 προσῆλθέ
685 2799 772 2846 τις
800 2781 942 2852 γυνὴ
976 2783 1134 2853 παρὰ
1167 2782 1262 2837 τοῦ
1309 2783 1415 2853 τῆς
1460 2781 1792 2855 Αύγούστης
1828 2800 1958 2853 συγ-

2063 498 2172 563 bat,
2211 509 2268 552 ιιι
2324 514 2644 568 suspensam
2695 515 2758 553 ex
2791 493 2919 552 arce
2967 508 3218 551 catenam
3270 495 3636 566 perfringeret

2060 604 2122 642 ac
2165 589 2494 642 Blachernas
2525 605 2697 658 usque
2731 589 3114 644 contenderet.
3158 587 3348 657 Itaque
3377 586 3640 658 deinceps

2063 681 2192 736 totis
2217 680 2396 734 tribus
2419 681 2580 735 annis
2618 681 2822 736 bellum
2863 681 3098 750 geritur,
3126 695 3239 750 quo
3270 688 3465 734 exacto
3495 676 3642 733 Tho-

2061 787 2179 827 mas
2219 774 2481 837 vincitur,
2521 774 2575 828 in
2609 773 2791 846 fugam
2838 789 2897 829 se
2931 774 3174 843 coniicit,
3222 771 3637 841 AdrianOpolim

2061 865 2334 936 pervenit,
2387 882 2497 920 non
2546 866 2746 936 exiguo
2803 875 3050 934 tempore
3101 865 3224 918 istic
3266 863 3556 918 obsidione
3609 878 3640 915 a

2061 956 2327 1012 Michaelo
2351 958 2612 1028 cingitur,
2664 957 2734 1012 ab
2784 957 2981 1012 incolis
3016 956 3203 1026 oppidi
3257 956 3500 1022 deditur,
3553 956 3638 1010 in-

2060 1047 2208 1102 vitus
2244 1048 2298 1101 in
2357 1047 2534 1104 hostis
2588 1047 2914 1117 potestatem
2972 1047 3144 1111 venit,
3180 1047 3435 1102 manibus
3475 1056 3641 1116 atquc

2061 1138 2296 1209 pedibus
2323 1147 2634 1205 truncatur,
2667 1141 2824 1194 asino
2880 1137 3226 1192 contumeliae
3273 1137 3642 1206 causaimpo-

2063 1229 2235 1297 nitur,
2285 1231 2400 1285 haec
2449 1238 2662 1284 tantum
2713 1229 2881 1284 verba
2935 1229 3224 1299 proferens
3273 1245 3342 1283 ιι
3384 1228 3642 1284 Miserere

2061 1320 2193 1383 mei.
2228 1322 2322 1391 qui
2355 1337 2547 1392 reapse
2575 1323 2875 1392 imperator
2904 1336 2984 1376 es.
3024 1340 3043 1373 ι

2131 1413 2262 1468 Post
2314 1413 2642 1468 Michaelum
2687 1413 3028 1483 Theotihilus
3073 1411 3219 1468 titius
3280 1415 3400 1485 ejus
3461 1428 3637 1468 annos

2060 1505 2353 1562 duodecim
2412 1521 2630 1561 menses
2681 1513 2790 1560 tres
2831 1505 3146 1573 imperavit.
3204 1506 3325 1560 Mox
3376 1507 3445 1560 ab
3504 1506 3644 1559 inito

2061 1596 2294 1668 imperio
2339 1597 2618 1651 delectum
2675 1597 2985 1667 puellarum
3043 1596 3236 1652 haberi
3287 1598 3467 1662 iussit,
3499 1599 3644 1651 inter

2061 1703 2201 1759 quas
2228 1688 2393 1742 etiam
2417 1687 2606 1744 Cassia
2633 1688 2964 1757 comparuit.
2997 1687 3129 1741 Eam
3157 1697 3384 1756 propter
3413 1704 3645 1758 restion-

2064 1796 2185 1836 sum
2219 1780 2527 1851 prudentiae
2555 1779 2777 1850 plenum
2810 1780 3029 1835 missam
3059 1779 3191 1834 fecit
3213 1795 3278 1835 ac
3307 1781 3643 1849 repudiavit.

2060 1874 2197 1930 Nam
2231 1889 2356 1929 cum
2412 1875 2464 1929 ei
2505 1873 2709 1928 malum
2757 1873 3100 1936 tradidisset,
3143 1873 3225 1927 uti
3280 1875 3374 1942 qui
3418 1883 3583 1943 pmpt
3618 1891 3642 1926 r

2062 1968 2336 2038 insignem
2377 1966 2552 2036 ipsius
2600 1964 3073 2034 pulchritudinem
3120 1979 3308 2018 amore
3351 1976 3644 2032 correptus

2061 2068 2228 2122 esset,
2260 2058 2539 2128 simulque
2583 2057 2816 2112 dixisset
2857 2071 2874 2112 :
2908 2076 2926 2110 ι
2960 2057 3005 2111 Α
3039 2058 3272 2111 muliere
3325 2059 3467 2111 mala
3517 2074 3645 2127 pro-

2063 2159 2378 2216 manarunt,
2413 2168 2431 2200 ι
2474 2148 2718 2204 vicissim
2757 2149 2848 2203 illa
2902 2149 3188 2218 respondit
3223 2164 3238 2202 :
3284 2167 3302 2199 ε
3335 2150 3377 2201 Δ
3413 2150 3644 2203 muliere

2061 2242 2206 2297 bona
2260 2253 2482 2310 quoque
2535 2240 2898 2308 proveniunt.
2935 2257 2954 2290 ι
3006 2239 3199 2308 Itaque
3245 2248 3457 2293 mutata
3511 2257 3642 2294 seu-

2063 2333 2238 2388 tentia
2267 2331 2618 2386 Theodoram
2651 2329 3079 2401 Paphlagoniam
3140 2331 3497 2385 matrimonio
3540 2332 3646 2385 sibi

2056 2425 2262 2496 iunxit.
2299 2423 2550 2478 Habebat
2584 2421 2638 2476 in
2676 2437 2828 2478 more
2855 2421 3021 2492 289
3046 2420 3407 2494 Theophilus.
3444 2436 3500 2476 nt
3534 2427 3649 2477 sin-

2058 2515 2202 2586 gulis
2232 2513 2554 2582 septimanae
2587 2512 2785 2567 diebus
2814 2527 2914 2582 per
2959 2513 3141 2568 forum
3192 2529 3362 2583 eques
3415 2514 3470 2568 in
3522 2515 3646 2569 Bia-

2059 2606 2349 2660 chernium
2406 2606 2673 2675 templum
2713 2603 2843 2658 iret.
2885 2603 3212 2673 Quanquam
3271 2605 3420 2659 enim
3475 2608 3650 2660 sacris

2061 2697 2400 2767 imaginibus
2446 2697 2713 2752 honorem
2745 2695 2961 2749 nullum
3012 2695 3320 2758 deferebat.
3375 2698 3413 2752 S
3450 2699 3646 2754 lvatori

2062 2799 2242 2844 tamen
2268 2804 2332 2844 ac
2358 2788 2604 2860 Deipara:
2633 2787 2797 2842 ﬁdem
2848 2787 3126 2851 servabat,
3165 2797 3225 2842 ut
3259 2787 3489 2855 ipsemet
3523 2807 3649 2860 pro-

375 2874 532 2942 γόνου
596 2873 860 2943 Πετρωνᾶ
915 2873 1280 2944 ἁδικουμένηο
1319 2872 1529 2944 οἴκημα
1592 2875 1685 2926 καὶ
1735 2875 1846 2946 γάρ
1901 2891 1954 2929 τι

2059 2879 2336 2935 ﬁtebatur.
2372 2880 2644 2936 Praeterea
2683 2880 2748 2934 de
2773 2895 2957 2934 rerum
3007 2880 3062 2934 in
3095 2879 3216 2934 foro
3251 2897 3451 2936 venum
3480 2898 3648 2952 expo-

377 2963 600 3032 ΰψὼσας
650 2962 890 3016 ἔϐλαπτε
930 2961 1282 3032 γειτονοῦσαν
1320 2963 1513 3035 αὑτήν.
1573 2964 1633 3018 '0
1665 2963 1798 3032 γοῦν
1848 2965 1954 3019 Πε-

2058 2973 2290 3029 sitarum
2332 2973 2526 3043 pretiis
2558 2973 2845 3042 inquirere
2877 2971 3116 3038 solebat,
3148 2981 3200 3027 et
3241 2973 3285 3027 si
3323 2989 3519 3044 magno
3552 2992 3647 3029 eas

374 3055 590 3124 τρωνᾶς
614 3055 944 3126 ἐπεφωνήθή
988 3057 1112 3124 μὲν,
1145 3056 1206 3109 ού
1263 3056 1612 3128 διωρθώσατο
1643 3057 1722 3112 δέ.
1760 3056 1878 3128 Ἐφ’
1910 3052 1954 3128 ᾧ

2059 3065 2224 3119 vendi
2267 3063 2733 3134 deprehenderet,
2784 3064 3046 3134 pra'fecto
3094 3067 3478 3122 succensebat.
3532 3071 3640 3122 Au-

377 3147 646 3211 αἰκίζεται
676 3147 884 3211 δεινῶς,
915 3147 1012 3200 καὶ
1057 3145 1153 3200 τοῦ
1210 3147 1512 3220 οἰκήματος
1542 3149 1954 3220 ἀνατραπέντος

379 3239 415 3307 ή
452 3237 554 3308 ὕλη
585 3237 732 3291 πᾶσα
761 3241 829 3310 τῇ
862 3239 1086 3307 γυναικὶ
1119 3238 1342 3294 δίδοται.
1375 3238 1571 3294 Ἦνίκα
1595 3240 1653 3294 δὲ
1683 3241 1776 3294 καὶ
1820 3259 1954 3312 προ·

383 3327 564 3398 κύψας
620 3329 680 3383 τὸ
730 3330 830 3400 τῆς
895 3331 1186 3400 δεσποίνης
1245 3326 1386 3385 οἶδεν
1441 3332 1683 3402 ἐγγομον
1743 3334 1952 3400 πλοῖον,

381 3420 742 3491 πυρίκαυστον
778 3423 992 3476 κελεύει
1028 3423 1306 3492 γενέσθαι,
1340 3425 1516 3493 λέγων
1554 3443 1572 3478 ε
1611 3427 1853 3482 Βασιλέα
1882 3445 1952 3500 με

373 3513 470 3568 τοῦ
523 3514 659 3568 Θεοῦ
714 3517 1118 3582 ἁναδείξαντος,
1185 3516 1250 3570 σὺ
1318 3516 1531 3588 βιάζεις
1592 3519 1822 3592 ποιῆσαί
1885 3537 1953 3591 με

372 3608 700 3678 ναύκληρον.
763 3611 973 3674 Ἄλλως
1041 3628 1103 3664 τε
1170 3613 1220 3665 εἰ
1281 3614 1424 3678 μετὰ
1491 3611 1596 3682 τῆς
1661 3613 1954 3684 βασιλικῆς

371 3702 662 3771 εὐετηρίας
710 3703 805 3756 καὶ
858 3705 923 3756 τὰ
974 3703 1032 3770 ἐξ
1067 3703 1339 3774 ἐμπορίας
1373 3705 1591 3768 ἑαυτοῖς
1635 3711 1952 3775 περιποιεῖ-

373 3792 499 3845 σοαι
533 3793 866 3863 σπεύδομεν,
910 3794 1076 3846 πόθεν
1109 3795 1177 3848 ἂν
1211 3797 1280 3847 τὰ
1337 3794 1473 3864 πρὸς
1528 3795 1674 3866 ζωὴν
1722 3799 1771 3850 οἰ
1809 3797 1955 3850 ἰδιῶ-

371 3901 460 3938 ται
492 3868 836 3955 πορίζοιντος
877 3903 897 3939 ι
933 3885 1207 3939 Τοσοῦτον
1235 3886 1292 3939 δὲ
1329 3887 1763 3959 μεγαλοπρεπὴς
1799 3889 1956 3960 βασι-υ

373 3976 495 4040 λείις
526 3979 557 4031 ό
591 3977 853 4047 Θεόφιλος
905 3975 974 4052 ἦν
1023 3978 1166 4032 ὥστε
1194 3979 1288 4032 καὶ
1320 3979 1616 4050 θαυμαστά
1640 3998 1764 4036 τινα
1796 3983 1954 4052 φιλο-

371 4067 740 4140 τεχνήσασθαι
795 4071 1030 4140 δργανα.
1064 4071 1294 4141 Πνεῦμα
1351 4072 1450 4126 καὶ
1502 4073 1614 4144 γὰρ
1653 4073 1866 4129 ἐκεῖθεν
1894 4078 1954 4130 ἐν

378 4165 595 4233 μηχανῇ
627 4178 734 4216 τινι
762 4163 1226 4234 ἀναπεμπόμενον
1248 4164 1518 4234 μελῳδίαν
1549 4165 1661 4228 ἀπή
1671 4183 1754 4238 χει
1782 4183 1952 4237 τερπο

373 4254 470 4323 νὴν
499 4255 595 4306 καὶ
639 4255 951 4311 εὐκέλαδον.
986 4255 1150 4309 Ἀλλὰ
1211 4257 1308 4310 καὶ
1352 4256 1532 4326 χρυσᾶ
1578 4259 1954 4314 κατεσκεύασε

371 4343 588 4414 δένδρα,
621 4345 676 4397 ἐν
705 4340 786 4408 οἷς
815 4345 1154 4400 παντοδαποί⁵
1204 4347 1459 4418 στρουθοὶ
1517 4347 1823 4420 καθήμενοι
1852 4367 1952 4421 με·-

2058 3153 2194 3208 cidit
2237 3152 2534 3222 aliquando
2593 3163 2652 3206 ut
2685 3152 2885 3206 femina
2927 3152 3176 3222 qun-dam
3223 3155 3403 3223 ipsum
3440 3171 3644 3211 convc-

2056 3243 2224 3306 niret,
2275 3244 2345 3298 ab
2404 3243 2664 3314 Augusta:
2721 3243 2894 3298 fratre
2948 3245 3186 3299 Petrona
3239 3260 3338 3314 per
3387 3247 3641 3316 iniuriam

2055 3337 2206 3391 laesa.
2236 3333 2372 3390 Nam
2407 3349 2532 3389 eum
2573 3335 2620 3389 is
2660 3334 2954 3389 aedilicium
3003 3335 3058 3388 in
3115 3337 3286 3389 altum
3333 3337 3636 3398 eduxisset.

2055 3428 2256 3484 domus
2295 3427 2511 3493 vicina,
2563 3442 2686 3496 qua:
2719 3427 2967 3482 mulieris
2999 3436 3140 3488 erat.
3190 3428 3494 3484 luminibus
3540 3432 3645 3485 ob.

2057 3527 2362 3574 struxerat.
2417 3517 2568 3572 lianc
2613 3519 2684 3572 ob
2735 3533 2960 3572 causam
3011 3519 3280 3574 Petronas
3314 3520 3642 3592 objurgatus

2057 3612 2232 3668 nihilo
2281 3612 2454 3681 magis
2518 3602 2590 3666 id'
2638 3611 2956 3680 corrigebat
3011 3610 3066 3664 in
3130 3625 3243 3680 quo
3308 3612 3642 3682 deliquerat.

2054 3705 2246 3775 Itaque
2303 3703 2453 3773 gravi
2511 3717 2638 3758 eum
2687 3701 3025 3756 contumelia
3079 3701 3383 3772 imperator
3431 3705 3640 3768 affecit,

2053 3798 2376 3864 aedibusque
2411 3794 2648 3865 deiectis
2696 3808 2918 3848 omnem
2963 3793 3252 3848 materiem
3299 3795 3518 3849 mulieri
3555 3807 3640 3849 at-

2055 3889 2272 3945 tribuit.
2299 3889 2490 3943 ltidem
2519 3902 2644 3942 cum
2677 3900 2708 3941 e
2767 3885 2973 3956 palatio
3007 3896 3371 3955 prospectans
3401 3887 3642 3942 domina:

2055 3981 2240 4038 navim
2304 3990 2528 4051 portum
2600 3977 2906 4049 ingressam
2972 3977 3243 4043 vidisset,
3301 3988 3362 4033 ut
3411 3978 3522 4051 igni
3577 3997 3642 4036 ea

2054 4078 2515 4130 concremaretur
2542 4068 2856 4138 mandavit,
2894 4068 3217 4140 huiusmodi
3252 4070 3418 4125 verha
3465 4071 3638 4142 subji-

2054 4166 2211 4220 ciens
2241 4183 2254 4220 :
2289 4182 2308 4217 ι
2336 4164 2416 4218 'l'u
2443 4177 2570 4219 cum
2603 4163 2998 4232 imperatorem
3032 4176 3119 4217 me
3145 4162 3287 4218 Deus
3314 4163 3639 4236 designarit,

2055 4257 2383 4312 nauclerum
2411 4269 2536 4309 esse
2567 4251 2772 4324 coges?
2799 4251 2959 4318 Quod
2985 4252 3166 4313 si.nos
3207 4263 3408 4322 praeter
3445 4254 3642 4308 uberes

2055 4347 2276 4418 imperii
2309 4350 2524 4402 fructus
2546 4345 2714 4399 etiam
2771 4351 3108 4398 mercatum
3139 4343 3514 4398 emolumenta
3549 4360 3643 4399 co-

371 4433 601 4506 lt'po'ntta
635 4437 884 4508 μελιτόεν
912 4437 1151 4509 ἐξέχεον.
1752 4481 1756 4484 .

2057 4442 2313 4499 nahimur
2371 4439 2724 4506 intercipere,
2775 4421 3053 4492 undenam
3103 4437 3355 4511 privatas,
3396 4436 3637 4492 fortunm

373 4530 626 4588 homines
676 4533 746 4588 ad
796 4534 965 4589 vitam
1022 4534 1406 4590 sustinendam
1460 4533 1566 4591 sibi
1619 4539 1930 4592 necessaria
1968 4534 2409 4608 comparabunt?
2447 4553 2465 4585 ι
2537 4531 2756 4587 Praeter
2792 4531 2909 4586 btec
2981 4539 3090 4584 tam
3152 4530 3475 4600 magniﬁcus
3517 4543 3636 4586 erat

373 4619 674 4694 imperator
746 4625 838 4683 hic
875 4625 1238 4698 Theophilus,
1302 4638 1363 4685 ut
1411 4631 1576 4686 etiam
1665 4631 2017 4687 admirabilia
2056 4630 2308 4702 quasdam
2361 4630 2730 4684 instrumenta
2803 4623 3053 4680 studiose
3128 4625 3503 4693 excogitaret,
3543 4625 3635 4676 de

371 4722 576 4794 quibus
647 4723 902 4778 machina
981 4725 1220 4795 quadam
1292 4725 1530 4782 emissus
1576 4726 1811 4798 spiritus
1859 4727 2163 4799 jucundam
2237 4726 2596 4796 suaviterque
2671 4733 3023 4778 resonantem
3105 4721 3400 4776 ntelodiam
3447 4721 3634 4774 t'iiicit.

373 4816 567 4872 Itidem
623 4816 853 4870 arbores
900 4829 1099 4872 aureas
1151 4818 1401 4887 parabat,
1442 4818 1498 4872 in
1561 4818 1766 4888 quibus
1831 4817 2022 4876 omnis
2060 4817 2283 4890 generis
2337 4817 2567 4872 avicula:
2625 4815 2981 4871 considentes
3033 4813 3291 4868 melleum
3340 4815 3636 4885 quemdam

369 4919 592 4964 cantum
621 4909 1000 4965 eﬂ'undebcnt.

453 5002 790 5072 ’Δνθρὼπιόν
859 5019 913 5056 τι
964 5005 1022 5056 ἐν
1096 5003 1423 5074 ἀνακτόροις
1497 5008 1950 5078 περιεστρέφετο,

369 5097 704 5166 παρακοπὴν
764 5099 978 5167 φρενῶν
1036 5097 1182 5170 ἔχον,
1253 5099 1511 5170 Δένδερις
1585 5099 1946 5170 καλούμενον.

370 5187 505 5240 [loss
531 5187 662 5258 γοῦν
697 5189 726 5238 ό
766 5187 1024 5257 βασιλεὺς
1066 5190 1352 5260 ἐρωτήσας
1385 5191 1519 5244 αὐτὸ
1577 5190 1744 5243 πόθεν
1796 5191 1945 5262 ήκει,

369 5281 520 5351 παρὰ
575 5283 643 5352 τῇ
703 5283 899 5352 Μάννᾳ
964 5281 1304 5352 πορευθῆναι
1369 5284 1602 5352 ἔλεγεν·
1637 5283 1782 5338 οὕτω
1839 5285 1947 5353 γὰρ

369 5374 550 5426 ἐκάλει
578 5374 679 5443 τὴν
711 5374 1022 5428 δέσποιναν.
1069 5374 1227 5428 Ἀλλά
1280 5375 1373 5428 καὶ
1426 5377 1570 5429 νινία
1597 5377 1739 5431 καλὰ
1774 5377 1950 5429 διεδε-

370 5463 589 5517 δαιοῡτο
623 5465 766 5536 ἐχειν
807 5464 1001 5535 αὐτήν.
1035 5463 1268 5528 Εἰκόνας
1320 5461 1414 5519 οὖν
1442 5467 1470 5518 ό
1521 5465 1779 5535 βασιλεὺς
1811 5454 1944 5519 ὺποὲ

365 5559 612 5622 τοπάσας
670 5556 810 5612 εἶναι
845 5559 913 5612 τὰ
953 5558 1096 5612 νινία
1129 5559 1274 5612 κατά
1306 5557 1407 5627 τῆς
1463 5558 1730 5628 βασιλίδος
1773 5560 1944 5630 ἐξώρ-

368 5667 544 5718 γιστο.
619 5651 684 5704 Ἡ
744 5652 802 5706 δὲ
872 5651 1054 5720 σοφῶς
1118 5651 1211 5706 τὸν
1271 5651 1446 5722 ἄνδρα
1503 5655 1946 5722 κατεσοφίσατο·

348 5743 576 5822 ίεΟὑδὲ
611 5743 721 5816 γὰρ
779 5745 995 5808 εἰκόνας
1057 5738 1198 5797 εἶδεν
1250 5746 1277 5796 ὁ
1332 5743 1605 5814 Δένδερις,
1656 5763 1673 5795 ι
1737 5743 1949 5812 ἔλεγεν,

2123 5004 2395 5062 Caeterum
2437 5004 2490 5058 in
2529 5002 2652 5058 aula
2695 5001 2918 5072 quidam
2963 5000 3292 5056 vers:tbatur
3335 4999 3639 5055 homuncio

2051 5113 2248 5168 parum
2277 5098 2478 5151 mentis
2513 5109 2760 5165 compos.
2799 5095 2934 5147 Eum
2971 5109 3097 5148 cum
3135 5093 3432 5163 aliquando
3470 5095 3641 5151 inter-

2051 5200 2302 5260 rogasset
2337 5191 2640 5259 imperator
2671 5188 2819 5242 unde
2856 5188 3108 5254 veniret,
3147 5202 3175 5252 ιι
3215 5188 3410 5241 Manna
3456 5203 3516 5241 se
3554 5190 3638 5241 di-

2058 5297 2306 5353 gressum
2355 5281 2681 5350 re3p0ndit:
2729 5281 2836 5335 hoc
2884 5281 3029 5334 enim
3077 5281 3305 5336 nomine
3353 5281 3634 5334 dominam

2055 5372 2386 5441 appellabat.
2421 5370 2624 5426 Deinde
2655 5369 2945 5426 alilrmavtt
2975 5371 3118 5426 illam
3151 5371 3427 5441 perbeilus
3458 5387 3634 5440 pupns

2053 5465 2282 5522 habere.
2335 5464 2452 5531 Qua
2509 5479 2642 5519 voce
2701 5465 3004 5534 imperator
3043 5465 3274 5530 audita,
3315 5466 3628 5530 suspicams

2051 5573 2226 5629 pupas
2257 5573 2378 5612 esse
2411 5557 2680 5628 imagines
2701 5598 2716 5623 ,
2753 5567 2947 5613 contra
2983 5557 3387 5627 imperalricem
3421 5567 3627 5607 excan-

2049 5653 2192 5707 duit.
2250 5651 2348 5706 llla
2403 5666 2534 5706 vero
2578 5652 2836 5706 maritum
2880 5652 3118 5706 solerter
3157 5647 3392 5717 deet‘pit.
3441 5663 3460 5697 ι
3511 5643 3630 5697 Non

2053 5745 2247 5811 enim,
2325 5745 2442 5812 ait,
2496 5744 2763 5814 imagines
2820 5741 3086 5796 Denderis
3151 5741 3288 5794 vidit
3345 5737 3492 5807 (hoc
3549 5736 3629 5790 illi
