4070 6426
381 284 501 408 at.

1620 330 2057 418 ANNALIUM.
2082 356 2278 418 rans
2320 358 2421 420 ιν.

3549 332 3654 425 ωε

377 461 486 530 ἄρα
530 460 625 514 καὶ
658 461 689 532 ἡ
728 462 865 534 πρὸς
914 463 1051 521 Θεὸν
1091 465 1287 535 γέγονε
1338 461 1548 536 δέησις.
1592 466 1790 529 Ἠνίκα
1833 468 1967 536 γοῦν

2074 470 2252 540 iugem
2297 485 2459 525 suum
2501 470 2556 524 in
2602 469 2915 539 paradisum
2961 469 3294 526 introduxit.
3355 470 3428 524 Εει
3478 472 3546 527 de
3595 489 3655 525 re

377 553 724 624 ἐφιλοφρόνει
747 556 968 622 αὐτοὺς,
1000 558 1306 630 συμπαρῆν
1354 561 1449 613 καὶ
1479 561 1507 612 6
1542 561 1788 630 γραπτὺς
1832 561 1963 613 Θεο-

376 644 557 716 φάνης
610 646 865 712 Νικαίας.
911 650 1130 721 Ταύτης
1191 649 1288 705 οὖν
1344 650 1764 721 ἐνατενιζούσης
1812 650 1965 721 αὐτῷ

375 742 472 792 καὶ
497 738 567 791 τὰ
590 740 867 811 στίγματα
892 741 1281 815 θαυμαζούσης
1311 742 1493 811 ἔλεγε·
1524 743 1621 796 «Τί
1649 761 1717 811 με
1754 744 1969 814 συχνῶς

374 830 544 901 ὀρᾷ;;
603 830 738 886 Τότε
798 833 1189 906 διαδικάσομαι
1250 834 1382 906 περὶ
1425 836 1621 888 τούτου
1671 834 1748 907 τῷ
1807 836 1964 906 ἀνδρί

380 937 500 974 σου.
541 940 562 972 ι
633 920 736 977 Ἦν
794 922 860 994 δὴ
914 924 1007 981 καὶ
1069 924 1263 987 ’πολλὰ¹
1298 925 1715 997 δυσχεράνασαν
1767 926 1965 980 τούτου

377 1008 562 1063 ἕνεκεν
595 1012 624 1065 6
657 1013 1413 1086 πατριάρχηςπαρεμυθείτο
1445 1013 1738 1077 Μεθόδιος.

2071 576 2196 615 cum
2244 562 2463 615 certior
2498 561 2641 616 facta
2685 562 2918 629 fuisset,
2950 564 3188 636 benigne
3220 571 3446 619 sanctos
3486 560 3656 619 hosce

2076 648 2270 703 Patres
2318 651 2530 719 excepit
2558 691 2570 712 ,
2622 650 2715 720 qui
2763 652 2931 706 etiam
2980 668 3084 722 pro
3119 652 3437 723 Theophilo
3477 652 3656 707 Deum

2076 741 2285 810 precati
2334 752 2483 796 sunt.
2522 741 2681 798 Cum.
2706 755 2890 798 autem
2944 745 3071 801 illos
3103 743 3422 815 exciperet,
3458 745 3657 800 aderat

2072 830 2218 886 inter
2270 832 2409 887 alios
2451 831 2821 902 Theophanes
2861 832 3118 890 Niczrnus'
3160 834 3451 905 pontifex,
3496 836 3658 904 cujus

2070 920 2233 978 faciei
2268 933 2413 978 notae
2445 924 2728 993 impressae
2760 934 2938 979 erant.
2975 926 3027 980 ls
3058 927 3418 997 imperatrice
3452 926 3655 983 deﬁxis

2074 1014 2254 1070 oculis
2272 1031 2337 1070 se
2368 1016 2641 1079 intuente,
2678 1031 2741 1070 ac
2772 1024 2931 1071 notas
2967 1016 3263 1088 impressas
3291 1019 3607 1073 admirante
3637 1038 3650 1072 :

390 1125 409 1159 ι
441 1105 574 1171 Cur,
623 1104 838 1176 inquit,
874 1116 986 1163 tam
1026 1108 1225 1163 crebro
1270 1122 1359 1163 me
1423 1108 1668 1179 aspicis?
1702 1107 1758 1163 in
1804 1106 1979 1163 altera
2054 1108 2167 1163 vita
2222 1123 2349 1162 cum
2405 1108 2610 1185 marito
2674 1116 2768 1162 tuo
2818 1107 3228 1180 disceptaturas
3279 1125 3421 1165 sum.
3466 1128 3483 1160 ι
3535 1109 3655 1164 Hoc

384 1202 615 1257 verbum
647 1200 1057 1271 imperatricem
1084 1201 1328 1273 graviter
1355 1201 1661 1258 admodum
1689 1200 1946 1272 pupugit,
1986 1216 2152 1272 quam
2204 1208 2385 1256 tamen
2428 1199 2643 1255 deinde
2700 1199 3014 1256 Methodius
3082 1200 3398 1272 patriarcha
3457 1217 3659 1256 censo-

380 1297 526 1353 latus
558 1304 667 1353 est.

453 1394 698 1448 Γίνωσκε
728 1394 809 1459 δὲ.
844 1396 1120 1468 ἁγαπητὲ,
1154 1398 1239 1452 ὅτι
1290 1399 1385 1453 ἐπὶ
1427 1401 1531 1470 τῆς
1562 1398 1658 1454 τοῦ
1698 1398 1965 1470 Θεοφίλου
2037 1452 2044 1460 ,

360 1484 662 1556 βασιλείας
695 1487 853 1543 Λέων
893 1490 924 1543 6
967 1489 1262 1560 φιλόσοφος
1299 1485 1394 1563 ἦν,
1432 1492 1826 1564 κεκρυμμένος
1863 1491 1964 1563 μὲν

376 1576 475 1631 τοῦ
508 1576 729 1647 πρώτου
770 1579 867 1635 καὶ
890 1579 1073 1651 πάντη
1109 1581 1393 1650 ἄγνωστος
1436 1580 1537 1646 ὢν,
1562 1581 1741 1653 τούτῳ
1778 1582 1835 1636 δὲ
1864 1598 1961 1652 γε·

2148 1392 2315 1465 291
2360 1390 2514 1447 Scito
2554 1402 2739 1447 autem
2762 1432 2778 1458 ,
2825 1388 3024 1445 dilecte
3055 1388 3131 1444 illi
3155 1429 3170 1452 ,
3203 1388 3514 1460 Theophilo
3549 1390 3659 1444 im-

2069 1495 2302 1559 perante
2331 1486 2574 1541 Leonem
2605 1484 2998 1554 phi1030phuni
3027 1482 3332 1547 exstitisse,
3365 1483 3461 1553 qui
3492 1498 3658 1553 prore

2068 1594 2165 1635 sus
2200 1588 2364 1633 antea
2395 1577 2654 1632 latitabat
2683 1586 2740 1633 et
2771 1576 2997 1646 ignotus
3025 1584 3143 1631 erat
3174 1593 3187 1631 :
3221 1575 3318 1631 sed
3351 1576 3459 1631 hoc
3491 1579 3656 1632 modo

379 1667 553 1736 γοιοὼς
577 1668 875 1741 τῷ-τρόπῳ
903 1670 1227 1742 κατάδηλος.
1256 1672 1498 1736 Νεανίας
1530 1689 1616 1738 τις
1652 1681 1976 1745 γεωμετριο“

2074 1681 2275 1722 nomen
2330 1665 2555 1736 aliquod
2608 1674 2696 1720 est
2750 1673 3115 1720 consecutus.
3175 1663 3410 1731 Quidam
3467 1666 3656 1721 adole-

377 1761 482 1829 κῆς
526 1761 842 1832 ἐπιστήμης
895 1761 1163 1835 ἔμπειρος
1212 1763 1290 1819 ὢν
1336 1764 1691 1835 αἰχμάλωτος
1740 1766 1956 1835 ἄγεται.

374 1843 510 1901 Είτα
541 1849 818 1919 παραιτοῦ
853 1849 1180 1920 κατέχοντος
1218 1851 1387 1907 αὐτὸν
1425 1853 1833 1924 Ἀρμεμούμνη
1864 1851 1965 1924 ζή-

373 1955 535 2010 τησις
575 1939 791 2007 γίνεται
821 1942 1218 2014 γεωμετρικῶν
1245 1942 1648 2016 θεωρημάτων.
1678 1944 1959 2015 Παρίστα-

377 2047 471 2086 ται
498 2030 636 2087 καὶρ
651 2032 894 2099 νεανίας,
917 2034 1018 2104 τὴν
1043 2032 1211 2088 αὐτοῦ
1236 2034 1431 2104 σοφίαν
1456 2035 1722 2102 δείκνυσι,
1750 2036 1965 2108 θαυμά-

374 2123 550 2189 ζεται.
591 2123 898 2195 Ἐρωτῶςαι
937 2126 986 2178 εί
1016 2125 1113 2180 καί
1147 2143 1293 2191 τινες
1320 2128 1500 2198 ἕτεροι
1535 2129 1770 2182 τοιοῦτοι
1809 2129 1987 2201 παρα

373 2219 444 2289 τῇ
492 2215 857 2292 βασιλευούσῃ
898 2219 1272 2289 εὑρίσκονται.
1312 2220 1423 2274 Καὶ
1470 2222 1498 2273 ὁ
1532 2218 1981 2297 Ἀρμεμοῦμνηςῆ

378 2307 567 2379 μαθὼν
596 2309 845 2379 περὶ.τοῦ
866 2310 1054 2379 -σοφοῦ
1086 2311 1337 2378 Λέοντος,
1374 2311 1555 2378 τίς-τε
1584 2308 1654 2386 ἦν
1689 2313 1784 2367 καὶ
1813 2315 1987 2378 ὅπως,

373 2403 454 2462 είς
491 2400 664 2472 ἄκρον
695 2401 953 2471 ὲληλάκει
995 2404 1180 2477 πάσης
1220 2403 1414 2474 σοφίας
1474 2405 1571 2458 καὶ
1626 2407 1977 2477 ὲπιστήμης,,

372 2491 578 2563 γράφει
609 2493 744 2563 πρὸς
774 2495 869 2548 τὸν
899 2494 1126 2565 βασιλέα
1156 2496 1420 2564 Θεόφιλον
1446 2496 1523 2560 ὡς
1546 2497 1615 2551 ἂν
1657 2498 1960 2552 ἀποστελοῖ
1984 2484 1991 2495 ’

373 2583 465 2635 τὸν
516 2582 808 2653 φιλόσοφον
860 2585 997 2655 πρὸς
1047 2584 1255 2640 αὐτόν·
1304 2587 1429 2642 ἀντὶ
1461 2587 1520 2641 δὲ
1570 2591 1763 2642 τούτου
1797 2589 1956 2660 600i)-

378 2691 531 2730 σεται
561 2676 724 2748 χάρις
770 2678 1000 2748 χρυσίου
1051 2679 1385 2753 κεντηνάρια
1423 2686 1469 2751 ρ’
1497 2681 1592 2735 καὶ
1629 2683 1784 2752 φιλία
1836 2681 1966 2736 αἰώ-

376 2785 509 2830 νεος.
538 2769 645 2821 Καὶ
690 2770 719 2823 6
775 2769 1035 2837 Θεόφιλος
1093 2770 1299 2825 ἄτοπον
1351 2774 1547 2843 κρίνας
1598 2776 1647 2828 εί
1704 2775 1806 2843 τὴν
1849 2775 1959 2829 τῶν

377 2854 548 2910 ὄντων
582 2857 807 2926 γνῶσιν,
846 2858 916 2912 δι’
958 2861 1026 2930 ἢν
1053 2860 1113 2912 τὸ
1150 2861 1263 2915 τῶν
1302 2861 1593 2932 Ῥωμαίων
1635 2865 1791 2932 γένος
1837 2864 1964 2918 θαυο

383 2943 634 3011 μάζεται,
665 2946 885 3001 ἔκδοτον
914 2949 1131 3021 ποήσει
1166 2952 1278 3014 τοῖς
1307 2952 1511 3020 ἔθνεσι,
1541 2954 1675 3024 πρὸς
1704 2956 1772 3008 τὰ
1806 2958 1963 3026 αἰτη-

380 3032 542 3089 θέντα
570 3035 671 3088 ούκ
717 3037 1003 3092 ἐπένευσε.
1040 3039 1378 3110 Γνωρίζεται
1424 3041 1520 3095 οὖν
1562 3043 1811 3097 ἐντεῦθεν
1837 3046 1866 3097 6
1896 3046 1964 3098 τὰ
1995 3074 2036 3130 c

377 3126 557 3180 πάντα
589 3130 903 3197 σοφώτατος
946 3130 1120 3197 Λέων,
1145 3128 1476 3198 διδάσκαλος
1521 3136 1960 3207 προχειρίζεται,

379 3219 686 3277 τελευταῖον
713 3223 793 3286 είς
828 3226 921 3277 τὸν
964 3227 1065 3294 τῆς
1109 3226 1512 3299 Θεσσαλονίκης
1543 3227 1735 3297 θρόνον
1766 3232 1965 3301 ἀνάγε-

385 3325 479 3362 ται
520 3311 666 3380 παρὰ
713 3313 1059 3384 πατριάρχου
1097 3313 1342 3371 Ἰωάννου
1401 3317 1498 3370 τοῦ
1549 3320 1814 3389 μεγάλου,
1843 3323 1997 3376 Τῶν·

384 3400 765 3474 Εἱκονομάχων
814 3405 1123 3475 τηνικαῦτα
1190 3407 1634 3479 καθαιρεθέντων
1690 3416 1970 3487 συγκαθη-

381 3495 512 3566 ρέῦη
552 3498 647 3548 καὶ
693 3497 876 3561 αὐτός.
911 3499 1197 3569 Μεγίστην
1250 3499 1310 3553 δὲ
1349 3501 1517 3573 τιμὴν
1566 3506 1718 3574 παρά
1752 3522 1817 3574 γε
1852 3490 1996 3571 τοῖς⁴’

381 3586 872 3670 Θεσσαλονικεύσιν
927 3590 1091 3662 ἔφερε
1145 3592 1240 3646 καὶ
1292 3593 1362 3646 δι’
1411 3594 1549 3650 ἄλλα
1610 3598 1713 3667 μὲν
1770 3599 1964 3666 πολλὰ,

384 3679 624 3749 μάλιστα
672 3681 728 3734 δὲ
773 3683 842 3736 δι’
887 3684 954 3755 ἢν
1005 3685 1280 3754 ἐπήνεγκε
1313 3686 1410 3739 τοῦ
1450 3687 1614 3758 λιμοῦ
1659 3688 1835 3754 λύσιν,
1868 3692 1966 3762 τὴν

375 3772 488 3827 τῶν
540 3774 786 3846 ἀστέρων
839 3777 1096 3849 ἐπιτολὴν
1167 3781 1606 3851 διασκεψάμενος
1673 3784 1964 3848 κάκείνους

376 3865 776 3929 ἀναπείσαςτὰ
815 3873 1112 3942 σπέρματα
1134 3872 1458 3943 τηνικαῦτα
1497 3875 1852 3930 καταϐαλεῖν.

2073 1774 2237 1815 seens
2266 1756 2621 1830 geometrica:
2652 1756 2904 1813 scientia:
2936 1756 3150 1826 peritus
3185 1757 3238 1811 in
3273 1757 3518 1812 hostium
3553 1775 3657 1828 po-

2075 1860 2333 1907 testatem
2364 1859 2617 1907 venerat.
2648 1850 2868 1906 Accidit
2900 1859 3085 1904 autem
3120 1860 3180 1906 ut
3208 1853 3660 1918 Armemumnes,

2070 1943 2164 2013 qui
2198 1957 2324 1997 eum
2355 1943 2633 2011 captivum
2669 1939 2947 2005 habebat,
2983 1939 3288 2009 aliquando
3321 1940 3390 1996 de
3429 1957 3656 2013 geome-

2073 2037 2230 2091 tricis
2261 2032 2623 2090 theorematis
2653 2033 2985 2104 disputaret.
3017 2032 3092 2088 lbl
3121 2034 3349 2105 juvenis
3381 2034 3473 2089 ille
3512 2050 3656 2104 prae-

2070 2143 2201 2184 sens
2229 2125 2467 2182 dotrina:
2495 2141 2612 2182 suae
2641 2126 2924 2195 specimen
2955 2125 3071 2180 edit
3090 2166 3105 2192 ,
3136 2135 3192 2179 et
3221 2125 3365 2195 apud
3398 2127 3661 2179 homines

2070 2219 2499 2276 admirationem
2532 2218 2619 2274 sui
2668 2219 2942 2274 concitat.
2987 2218 3359 2285 Quamobrem
3407 2217 3643 2273 interro—

2071 2319 2237 2383 gatur
2262 2326 2332 2366 an
2363 2309 2456 2365 alii
2489 2324 2714 2380 quoque
2748 2310 2910 2380 Cpoli
2941 2311 3295 2380 reperiantur
3323 2310 3421 2379 qui
3468 2320 3652 2366 artem

2073 2403 2215 2457 hanc
2255 2409 2497 2457 teneant.
2533 2400 2671 2456 Cum
2710 2401 3090 2470 respondente
3122 2401 3328 2470 juvene
3361 2402 3659 2472 cognovis-

2071 2503 2156 2549 set
2182 2496 2606 2548 Armemumne‘s
2632 2492 2702 2547 de
2733 2493 2921 2548 Leone
2951 2494 3071 2547 viro
3104 2493 3343 2563 sapit-nti
3375 2508 3439 2548 ac
3468 2494 3660 2557 doctu,

2072 2581 2328 2651 quisnam
2365 2581 2547 2648 foret,
2582 2590 2638 2636 et
2668 2582 2819 2651 quod
2855 2570 3130 2636 summam
3166 2583 3349 2639 omnis
3383 2584 3658 2639 doctrinae

2080 2681 2460 2751 scientiaeque:
2514 2681 2770 2751 peritiam
2832 2693 3165 2737 consecutus
3221 2694 3401 2744 esset,
3455 2682 3662 2736 litteris

2072 2771 2138 2825 ad
2178 2771 2572 2839 imperatorem
2609 2768 2984 2839 Theophilum
3015 2770 3160 2824 datis
3204 2771 3343 2840 petit
3389 2780 3448 2824 ιιι
3493 2772 3559 2825 ad
3594 2787 3654 2825 se

2071 2862 2314 2919 Leonem
2364 2866 2587 2928 mittat,
2634 2880 2734 2934 pro
2780 2879 2892 2933 quo
2943 2863 3269 2927 declarandi
3316 2864 3487 2919 animi
3521 2865 3663 2935 grati

2072 2970 2243 3011 causa
2277 2956 2515 3011 vicissim
2545 2957 2597 3011 ei
2627 2955 2862 3010 daturus
2889 2956 2964 3010 sit
2991 2964 3214 3011 centum
3245 2956 3368 3010 auri
3398 2968 3665 3012 centena-

2071 3047 2185 3104 rios
2221 3058 2600 3119 aeternamque
2640 3063 2835 3119 pacem
2879 3063 3274 3105 concessurus.
3319 3049 3665 3118 Theophilus

2073 3151 2296 3206 autem,
2328 3141 2427 3212 qui
2461 3142 2760 3197 absurdum
2796 3140 3061 3211 quiddam
3095 3157 3152 3197 se
3183 3143 3460 3199 facturum
3494 3145 3668 3198 duce-

2074 3241 2198 3299 ret,
2241 3231 2291 3288 si
2336 3248 2527 3288 rerum
2569 3234 2981 3304 cognitionem,
3023 3243 3252 3304 propter
3288 3250 3454 3304 quam
3506 3222 3685 3289 natio'

2078 3325 2457 3380 Romanorum
2506 3324 2560 3378 iu
2605 3325 2978 3381 admiratione
3025 3325 3129 3393 sit,
3178 3327 3397 3397 populis
3445 3331 3666 3382 exteris

2079 3416 2378 3485 proderet,
2406 3416 2702 3486 postulatis
2728 3421 3139 3472 Armemumna'
3182 3418 3439 3473 assentiri
3470 3419 3669 3473 nuluit.

2079 3507 2158 3561 Ex
2186 3520 2253 3561 eo
2286 3513 2535 3576 tempore
2566 3505 2680 3562 Leo
2706 3509 3070 3565 doctissimus
3100 3511 3156 3564 in
3187 3510 3465 3565 universis
3491 3510 3661 3565 disci-

2079 3599 2253 3670 plinis
2298 3599 2613 3655 clarescere
2657 3602 2845 3671 erepit.
2899 3601 3150 3671 Cumque
3192 3600 3436 3656 doctoris
3464 3618 3670 3655 munus

2076 3690 2397 3761 aliquandiu
2426 3692 2475 3746 ei
2511 3693 2832 3747 mandatum
2861 3691 3075 3755 fuisset,
3105 3693 3327 3753 tandem
3353 3709 3522 3763 opera
3551 3709 3666 3747 ma.

2075 3785 2168 3854 gui
2199 3784 2527 3854 patriarcha:
2565 3784 2794 3840 Joannis
2823 3785 2892 3840 ad
2927 3785 3423 3841 Thessalonicensc
3462 3787 3605 3841 soliu
3636 3807 3665 3838 ..ι

2077 3886 2310 3934 evectus
2361 3888 2466 3933 est.
2527 3878 2662 3934 lude
2714 3895 2840 3934 cum
2892 3888 3303 3950 oppugnatores
3355 3880 3660 3948 imagnmu

379 3953 503 4009 luco
553 3969 930 4028 moverentur,
1014 3962 1184 4017 etiam
1231 3964 1351 4035 ipse
1418 3966 1561 4022 solio
1608 3983 1710 4023 suo
1758 3969 2009 4041 dejectus
2085 3980 2189 4026 est.
2241 3972 2401 4042 Apud
2453 3971 2979 4027 Thessalonicenscs
3037 3973 3092 4026 in
3150 3972 3361 4026 honore
3417 3972 3664 4025 maxime

380 4049 487 4106 fuit
535 4070 666 4111 eum
719 4056 857 4111 alias
902 4057 1094 4128 plures
1141 4059 1214 4115 ob
1267 4077 1509 4131 causas,
1556 4074 1671 4118 tum
1721 4066 1960 4121 maxime
2000 4070 2296 4137 propterea
2340 4067 2490 4137 quod
2527 4082 2624 4123 eos
2692 4083 2927 4122 annonae
2998 4067 3232 4137 penuria
3286 4067 3660 4141 sublevasset.

377 4147 624 4202 siderum
664 4152 1034 4220 quorumdam
1078 4159 1206 4209 ortu
1256 4157 1649 4214 considerato:
1695 4168 2052 4229 persuaserat
2090 4162 2241 4216 enim
2310 4160 2448 4231 ipsis
2515 4170 2575 4217 ut
2616 4159 2862 4216 indicato
2900 4163 2969 4214 ab
3010 4175 3069 4215 se
3144 4169 3392 4231 tempore
3449 4160 3667 4217 sentina

379 4248 541 4297 terrae
573 4242 886 4300 crederent.

462 4337 523 4390 '0
559 4339 747 4409 μέντοι
797 4341 1059 4410 Θεόφιλος
1112 4344 1366 4415 γαμϐρὸν
1409 4341 1559 4416 εῖχεν
1616 4346 1885 4414 Ἀλέξιον,
1915 4346 1978 4402 οὗ

379 4432 616 4503 Μωσηλδ
658 4435 721 4488 τὸ
773 4437 1106 4506 ἐπώνυμον·
1145 4440 1243 4492 καὶ
1284 4441 1548 4512 Μανουήλ
1583 4461 1667 4506 τις
1719 4447 1778 4497 ἐν
1825 4444 1977 4513 αὐτῷ

2123 4345 2236 4400 'Ad
2272 4322 2647 4415 TheOphiluin
2689 4357 2747 4399 ut
2781 4344 3109 4408 redeamus,
3150 4343 3391 4400 habebat
3422 4347 3468 4401 is
3500 4363 3669 4416 gene-

2079 4454 2202 4493 rum
2261 4424 2556 4503 Alesiutn,
2614 4448 2985 4507 cognomento
3041 4437 3320 4492 Mosclem.
3382 4439 3664 4494 Prtrteren

379 4527 881 4595 παραδυναστεύων
910 4525 1002 4602 ἦν.
1046 4531 1283 4600 Ὁμοίως
1315 4534 1412 4587 καὶ
1443 4534 1719 4603 Θεόφοὸὀς
1769 4552 1874 4598 τις,
1905 4535 1966 4590 ὃν

2074 4529 2366 4584 Manuelus
2402 4529 2629 4600 quidam
2677 4528 2822 4598 apud
2859 4528 3039 4598 ipsum
3080 4530 3377 4598 potestatis
3423 4532 3661 4602 impera-

379 4618 446 4689 δὴ
490 4623 585 4676 καὶ
628 4621 847 4694 θανάτῳ
902 4624 1397 4698 καθυποὸληθῆναι
1446 4628 1689 4696 κελεύει,
1726 4630 1802 4701 μή
1836 4646 1968 4683 ποτε

380 4711 648 4785 νεώτερόν
682 4732 737 4768 τι
772 4717 1124 4789 είργάσηται.
1160 4720 1512 4792 Ἀφαιρεῖται
1540 4721 1636 4775 οὖν
1681 4724 1714 4793 η
1755 4722 1970 4779 ἐκείνου

377 4805 593 4877 κεφαλὴ
624 4806 720 4859 καὶ
749 4807 828 4878 τῷ
857 4808 1107 4878 Θεοφίλῳ
1149 4813 1516 4882 προσάγεται.
1558 4813 1682 4868 Τῶν
1716 4811 1814 4869 οὖν
1844 4833 1969 4886 τρι-

376 4897 489 4968 χῶν
514 4899 688 4970 αὐτῆς
705 4900 984 4972 ἁψάμενος
1012 4901 1143 4975 ἔφη’
1175 4923 1194 4956 ι
1222 4902 1484 4983 Οὔτξέγὼ
1514 4904 1800 4977 Θεόφιλος,
1843 4907 1970 4963 οὔτε

381 4992 450 5046 σὺ
495 4991 790 5062 Θεόφοϐοςι
850 5012 870 5047 ι
905 4993 1033 5049 Ἐπὶ
1086 4996 1301 5062 τούτοις
1358 4997 1452 5053 οὖν
1506 4996 1840 5071 ἐξηρεύξατο
1868 5002 1993 5073 τῆν’

380 5080 561 5152 ψυχὴν
589 5082 911 5155 δυσεντερίξι
933 5085 1204 5159 πρότερον
1236 5086 1523 5159 συσχεθείς
1542 5101 1559 5119 ⁶
1588 5088 1649 5143 τὸ
1675 5089 1734 5144 δὲ
1758 5092 1968 5163 ταύτης

381 5175 557 5230 αῐτιον
591 5175 958 5249 ψυχροποσία.

449 5353 608 5408 Μετὰ
639 5354 695 5408 δὲ
725 5354 919 5410 τοῦτον
951 5357 1153 5428 κρατεῖ
1185 5357 1410 5431 Μιχαὴλ
1456 5361 1484 5415 ό
1540 5360 1819 5435 μεθυστὴς
1868 5363 1967 5417 σὺν

376 5449 446 5518 τῇ
476 5451 648 5519 μητρὶ
681 5449 852 5503 αὐτοῦ
881 5450 1138 5524 Θεοδώρᾳ
1163 5452 1262 5524 ἔτη
1295 5450 1358 5507 ιδ’
1365 5493 1380 5518 ,
1404 5455 1501 5509 καὶ
1536 5454 1702 5524 μόνος
1735 5455 1831 5526 ἐτη
1870 5457 1963 5513 ια’,

375 5539 626 5609 Κατάγει
664 5541 723 5596 δὲ
752 5544 925 5616 αὐτὴν
952 5547 1047 5600 καὶ
1079 5545 1366 5618 ἀποκείρει
1389 5562 1405 5578 ’
1465 5546 1628 5617 μόνος
1663 5546 1783 5621 γὰρ’
1805 5550 1965 5621 ἡθελε
2010 5566 2017 5574 ’

377 5631 641 5701 σκῆπτρα
691 5634 760 5689 τὰ
827 5636 1119 5708 Ῥωμαίων
1180 5638 1406 5703 ἰθύνειν,
1439 5641 1490 5693 εί
1546 5645 1642 5693 καὶ⁹
1700 5643 1775 5713 μὴ
1827 5644 1966 5714 πρὸς
2010 5657 2015 5663 ’

376 5717 545 5773 καλὸν
578 5720 857 5776 ἀπέϐλεπε
883 5725 952 5777 τὰ
985 5724 1222 5782 ἐκείνου.
1256 5727 1321 5780 Τί
1372 5728 1483 5798 γὰρ
1517 5728 1619 5782 οὐκ
1669 5730 1826 5800 ἔλεγε
1855 5751 1869 5798 ;
1899 5734 1966 5787 Τί

375 5807 899 5901 ὀύκηέπραττη
936 5815 1208 5883 Πολλάκις
1256 5820 1350 5874 καὶ
1387 5820 1524 5892 μηδέ
1564 5837 1712 5885 τινος
1770 5824 1965 5893 χρείας
2002 5830 2010 5849 ’

2075 4621 2234 4677 toria:
2271 4623 2554 4692 particeps
2583 4631 2703 4676 erat
2724 4660 2739 4684 ,
2771 4623 3015 4691 itemque
3039 4620 3419 4692 Theophubus
3444 4664 3458 4689 ,
3485 4641 3650 4693 quem

2075 4723 2254 4770 morte
2283 4698 2661 4786 alﬁci'jussit,
2698 4732 2766 4769 tte
2808 4713 3040 4783 quando
3085 4730 3173 4769 res
3220 4730 3391 4770 novas
3437 4717 3660 4770 mulir.-

2074 4815 2166 4861 tur
2194 4822 2210 4871 ;
2242 4817 2438 4877 estque
2465 4815 2630 4873 caput
2662 4800 2712 4861 ei
2751 4798 3047 4877 praecisum
3085 4818 3140 4862 et
3177 4808 3241 4861 ad
3275 4808 3652 4878 Theophilum

2073 4898 2327 4954 allatum.
2362 4899 2534 4971 Cujus
2568 4900 2656 4954 ille
2693 4899 2945 4954 crinibus
2977 4902 3290 4954 attrectatis
3321 4919 3332 4953 :
3364 4920 3381 4951 ι
3410 4902 3522 4958 Nec
3553 4923 3663 4975 ego

2071 4993 2193 5045 sum
2241 4991 2614 5062 TheOphilus,
2664 4992 2880 5063 inquit,
2941 5007 3044 5047 nec
3100 5000 3157 5046 tu
3204 4992 3597 5062 TlteOpIiobus.
3638 5018 3658 5049 ι

2070 5082 2228 5138 Haud
2260 5083 2435 5139 multo
2462 5093 2590 5154 post
2619 5086 2861 5139 animam
2889 5084 3200 5151 exhalavit,
3231 5102 3355 5140 cum
3390 5089 3547 5158 prius
3576 5093 3675 5144 in.,

2072 5175 2410 5231 testinorum
2462 5177 2658 5231 morbo
2710 5177 3057 5244 laborasset,
3110 5192 3276 5248 quem
3333 5197 3402 5235 ex
3458 5183 3660 5239 haustu

2069 5267 2289 5338 frigida:
2320 5283 2474 5339 aqua:
2506 5269 2611 5324 sibi
2645 5271 3031 5350 arcessiverat.
3136 5280 3145 5287 '

2141 5359 2453 5431 Theophila
2486 5363 2796 5429 exstincto,
2834 5363 3139 5423 Michaelus
3174 5382 3301 5423 cum
3362 5364 3655 5420 TllCOthl'n

2069 5466 2246 5511 matre
2280 5454 2343 5509 14
2377 5455 2540 5511 annis
2570 5455 2894 5527 imperavit,
2933 5473 3169 5531 eamque
3198 5459 3423 5515 tandem
3455 5457 3525 5512 ab
3556 5458 3660 5510 im-

2070 5546 2210 5617 perii
2259 5543 2651 5616 gubernaculis
2698 5550 2936 5606 removit
2973 5560 3028 5608 et
3075 5552 3249 5619 rasit,
3295 5551 3444 5622 quod
3493 5553 3649 5605 solus

2074 5639 2375 5695 Romanam
2413 5657 2527 5696 rem
2562 5641 2839 5712 publicam
2871 5643 3265 5698 administrare
3302 5643 3490 5697 vellet.
3529 5644 3651 5697 Νιιη

2073 5742 2252 5788 tamen
2285 5735 2351 5788 ad
2385 5734 2676 5790 utilitatem
2714 5735 2991 5805 publicam
3024 5751 3087 5789 ea
3117 5752 3239 5805 qua:
3268 5734 3497 5806 gerebat
3528 5751 3656 5804 Spe-

2071 5827 2316 5883 ctabaut.
2360 5827 2503 5894 Quid
2536 5830 2684 5884 enim
2718 5844 2829 5883 non
2860 5829 2951 5888 ille
2986 5829 3171 5885 dicere
3193 5869 3208 5897 ,
3240 5827 3373 5897 quid
3408 5844 3519 5882 non
3552 5848 3654 5880 au-
