4070 6418
394 317 499 382 543

1669 328 2093 392 MICIIAELIS
2130 333 2389 398 (ἳιῖοῶ

3533 346 3637 413 544

387 450 485 490 sus
509 442 596 489 est
626 432 851 490 facere?
883 435 1273 504 Srpenumcro
1303 433 1450 489 nulla
1486 445 1718 507 urgente
1759 453 1948 494 neces-

2060 446 2522 516 κατεπειγούσης,
2563 445 2732 518 χωρὶς
2768 447 3026 520 φυλάκων
3068 454 3162 509 καὶ
3211 459 3488 530 φρουρᾶς,
3517 463 3649 517 ἄτερ

388 526 554 581 sitate
615 527 826 595 absque
888 526 1243 594 custodibus,
1293 525 1590 594 praesidio,
1653 528 1955 582 satellitum

386 616 683 680 comitatu,
721 617 777 670 in
810 616 973 686 292
1008 616 1126 686 ipsa
1153 630 1213 671 se
1241 617 1406 671 trivia
1432 617 1776 672 conferebat.
1814 619 1960 684 Quid

383 707 556 762 multa
585 706 817 775 proferri
853 708 989 772 opu's
1023 705 1146 761 est?
1173 705 1310 760 Cum
1339 706 1590 776 quotidie
1621 706 1959 763 deteriorem

381 795 448 849 ad
485 794 653 849 vitam
685 794 1093 864 prolaberetur,
1125 795 1344 850 tandem
1378 795 1463 849 vir
1491 795 1960 853 sceleratissimus

382 889 646 942 adversus
679 887 795 957 ipsa
827 901 1049 958 quoque
1086 886 1351 957 mysteria
1383 885 1592 942 furiose
1624 887 1958 944 debacchari

379 981 569 1048 erepit.
605 979 741 1034 Nam
777 979 832 1034 in
863 991 1132 1033 craterem
1165 979 1340 1034 indito
1378 979 1557 1051 sinapi
1597 981 1960 1040 acerbissimo

383 1073 675 1144 mysticum
706 1071 836 1126 inde
867 1085 1082 1125 sacrum
1113 1073 1408 1141 peragebat
1429 1111 1444 1135 ,
1477 1071 1675 1127 ludens
1709 1073 1878 1128 miser
1905 1074 1958 1128 in

383 1165 454 1220 iis
489 1179 614 1234 quae
649 1163 812 1218 ludos
851 1162 1035 1216 nullos
1073 1164 1410 1229 admittunt,
1453 1173 1510 1219 et
1549 1165 1734 1219 ridens
1777 1165 1962 1220 infelix

381 1259 437 1311 in
465 1255 692 1310 minime
722 1254 994 1308 ridiculis.
1021 1253 1350 1310 Tradiderat
1373 1255 1424 1310 ei
1459 1255 1750 1312 Theodora
1785 1266 1962 1311 mater

377 1348 500 1402 auri
533 1362 640 1402 Ixc
667 1345 1048 1409 centenarios,
1079 1345 1292 1415 argenti
1320 1345 1385 1400 ad
1424 1346 1526 1400 tria
1557 1346 1749 1401 millia.
1781 1346 1857 1400 Ex
1893 1346 1960 1401 iis

378 1440 677 1496 Michaclus
711 1437 952 1492 moriens
993 1437 1099 1491 tria
1153 1445 1364 1490 tantum
1416 1436 1672 1507 reliquit,
1727 1437 1960 1507 imperio

375 1547 501 1602 post
524 1531 916 1586 discessionem
943 1544 1008 1582 ex
1035 1528 1157 1582 aula
1180 1527 1482 1582 Theodorae
1511 1529 1672 1582 annis
1700 1527 1959 1582 undecim

277 1677 280 1680 .
374 1624 602 1690 potitus.
638 1621 782 1677 Solis
811 1621 1313 1690 compotationibus
1345 1631 1402 1676 ct
1435 1619 1778 1674 circensibus
1813 1617 1958 1674 ludis

373 1730 600 1784 operam
657 1713 858 1778 dabat,
910 1712 1113 1781 quibus
1161 1727 1293 1766 sane
1343 1710 1672 1780 spectaculis
1706 1719 1814 1763 tam
1854 1709 1959 1763 im-

2063 532 2538 604 δορυφορούντων,
2579 541 2674 594 ἐπὶ
2722 543 2905 611 μέσων
2951 547 3160 610 ἐκεῖνος
3189 550 3420 620 τριόδων
3459 557 3645 622 παρώ-

2063 622 2206 679 δευε.
2247 625 2357 680 Καὶ
2388 627 2442 680 τί
2484 630 2590 702 χρὴ
2631 631 2804 687 πολλὰ
2833 634 3054 702 λέγεινς
3103 638 3198 690 ἐπὶ
3252 640 3476 708 χείρονα
3520 643 3646 695 καθ’

2065 709 2302 800 ἑκάστην
2337 716 2665 783 προκόπτων
2696 715 2862 790 ζωὴν,
2893 722 2988 774 καὶ
3011 723 3134 776 κατ’
3166 725 3351 780 αὐτῶν
3381 727 3644 800 ιλύττησε

2061 799 2171 854 τῶν
2220 806 2539 875 μυστηρίων
2588 810 2618 861 6
2670 808 2953 893 κάκιστος.
2996 813 3183 868 Βαλὼν
3229 817 3338 888 γάρ
3385 820 3467 882 είς
3504 799 3644 892 κρα-

2063 895 2205 964 τῆρα
2263 896 2596 966 δριμύτατον
2664 901 2857 972 σίνηπι
2917 903 3019 975 τὴν
3073 908 3367 975 ἀγιστείαν
3425 912 3646 967 ἐκεῖθεν

2065 988 2240 1042 ἐτέλει
2265 990 2363 1059 τὴν
2397 993 2690 1064 μυστικὴν,
2715 997 2928 1062 παίζων
2953 1002 2982 1053 6
3011 1001 3178 1066 τάλας
3201 1004 3258 1056 ὲν
3283 1006 3346 1059 ού
3389 1011 3646 1074 παικτοτς

2064 1079 2162 1133 καὶ
2197 1079 2372 1148 γελῶν
2434 1082 2492 1136 ἐν
2545 1084 2874 1151 ἀγελάστοις
2925 1089 2954 1142 6
3008 1089 3267 1154 δείλαιος.
3336 1093 3402 1147 Ἦ
3458 1096 3646 1166 μέντοι

2064 1171 2317 1244 Θεοδὼρα
2355 1177 2695 1246 παραδίδωσι
2740 1179 2877 1247 πρὸς
2932 1181 3100 1236 αὐτὸν
3148 1187 3354 1254 χρυσοῦ
3385 1191 3647 1258 κεντηνά-

2067 1275 2160 1328 ρια
2189 1266 2244 1325 ς’
2285 1261 2379 1314 καὶ
2404 1263 2675 1334 ἀργυρίου
2728 1264 2860 1320 ὡσεὶ
2890 1273 2976 1340 ιγ’.
3014 1268 3156 1323 Ἀλλ’
3186 1274 3216 1325 6
3247 1272 3474 1346 Μιχαὴλ
3519 1277 3646 1347 τρία

2063 1351 2160 1405 καὶ
2195 1352 2333 1422 μόνα
2377 1355 2649 1410 τελευτῶν
2691 1359 2894 1429 ἀφῆκε,
2932 1363 3216 1433 κρατήσας
3258 1365 3352 1435 ἔτη
3403 1373 3473 1420 ια’
3503 1372 3644 1436 μετά

2060 1439 2162 1510 τὴν
2191 1440 2476 1512 Θεοδώρας
2509 1444 2822 1510 διάζευξινο
2859 1448 3005 1518 περι
3036 1451 3148 1518 γὰρ
3188 1451 3357 1520 μέθας
3402 1456 3499 1509 καὶ
3539 1456 3644 1508 ιπ-

2062 1533 2366 1604 ποδρομίας
2424 1537 2718 1606 κατήγετο.
2776 1538 3046 1593 Τοσοῦτον
3113 1542 3170 1594 δὲ
3223 1544 3330 1598 τῶν
3383 1546 3644 1600 τοιούτων

2063 1617 2305 1689 ιξείχετο
2340 1620 2586 1690 θεάτρων
2617 1625 2694 1688 ὡς
2745 1626 2913 1690 αύτὺς
2959 1628 3060 1698 μὲν
3101 1633 3291 1702 φορεῖν
3320 1631 3381 1687 τδ
3411 1633 3637 1690 Βὲνετον

2063 1713 2157 1764 καὶ
2195 1713 2546 1784 ἱππηλατεῖν,
2579 1719 2607 1770 6
2637 1717 2694 1770 δὲ
2746 1719 3040 1792 λογοθέτης
3090 1722 3152 1776 τὸ
3201 1726 3496 1794 Πράσινον.
3531 1728 3641 1783 Καί

375 1820 541 1873 pense
566 1802 946 1856 delectabatur
973 1810 1031 1854 ut
1059 1802 1290 1870 ipsemet
1316 1801 1660 1856 extrinsecus
1692 1799 1951 1853 amictum

2064 1821 2195 1858 ποτε
2251 1806 2385 1875 γοῦν
2436 1808 2531 1861 τοῦ
2573 1784 2832 1863 ἱππικοῦ⁷
2858 1784 3152 1878 ἐνστάντος
3203 1784 3418 1885 ἀγῶνος
3466 1820 3496 1871 6
3537 1821 3635 1873 τοῦ

377 1895 647 1950 Venetam
685 1903 908 1962 gestans
941 1909 1117 1964 equos
1158 1893 1426 1963 agitaret,
1487 1891 1767 1962 logotheta
1817 1893 1952 1946 Pra-

371 1989 494 2043 sino
526 1986 714 2040 habitu
753 1984 970 2040 induto.
1009 1984 1226 2040 Accidit
1265 1983 1565 2054 aliquando
1608 1991 1669 2037 ut
1703 1982 1955 2052 equestri

371 2081 676 2136 certamine
737 2079 850 2148 jam
915 2077 1241 2133 imminente
1301 2075 1716 2146 proton0tarius
1775 2075 1956 2131 dromi

372 2172 648 2228 accedens
679 2172 891 2225 diceret
921 2170 977 2224 in
1010 2167 1328 2238 Mclangeis,
1351 2183 1472 2237 qua:
1499 2167 1765 2236 Mclagina
1795 2168 1957 2237 vulgo

371 2271 787 2334 nuncupantur,
835 2259 1143 2316 Saracenos
1179 2259 1394 2312 adesse.
1431 2256 1572 2311 Tum
1614 2258 1954 2325 imperator:

377 2375 397 2409 ι
423 2355 572 2411 Tene
607 2342 763 2418 vero,
815 2352 1033 2422 inquit,
1086 2350 1367 2404 hominem
1399 2347 1819 2405 stolidissimum
1853 2363 1957 2402 au-

362 2447 506 2504 dere
535 2445 670 2500 mihi
703 2444 794 2499 tali
821 2451 1091 2513 occupato
1117 2442 1444 2508 certamine,
1475 2457 1544 2496 ac
1570 2442 1622 2496 in
1651 2441 1758 2496 hoc
1783 2456 1955 2495 unum

372 2537 718 2594 incnmbcnti
752 2546 813 2591 ut
845 2536 900 2590 in
937 2536 1129 2590 laevam
1161 2544 1372 2606 partem
1402 2535 1645 2589 medium
1674 2543 1915 2589 avertam
1936 2572 1951 2597 ,

372 2633 442 2688 de
471 2631 874 2687 Saracenorum
908 2630 1138 2684 incursu
1170 2628 1425 2684 nuntium
1452 2627 1694 2684 afferre?
1721 2647 1740 2681 ι
1769 2627 1955 2682 Rebus

373 2722 542 2794 igitur
591 2719 910 2792 hujusmodi
953 2718 1252 2775 Michaelus
1298 2727 1604 2788 occupatus
1653 2718 1954 2789 imperato-

372 2815 527 2882 rios,
581 2827 684 2868 ceu
719 2811 998 2877 diximus,
1046 2811 1338 2867 thesauros
1376 2810 1760 2867 exhauriebat.
1813 2808 1953 2864 Nam

2061 1890 2267 1962 δρόμου
2302 1896 2744 1967 πρωτονοτάριος
2786 1899 3076 1968 ἐφίσταται
3119 1902 3296 1972 λέγων
3328 1905 3410 1959 δτι
3441 1909 3499 1961 ὲν
3526 1910 3640 1972 τοῖς

2061 1977 2457 2048 Μελαγγείοις,
2497 1981 2658 2036 ἅτινα
2703 1985 2998 2055 Μελάγυνα
3044 1991 3330 2059 ἰδιωτικῶς
3365 1994 3636 2064 λέγονται,

2058 2069 2369 2141 Σαρακηνοὶ
2391 2075 2756 2144 προσέϐαλον·
2781 2078 2875 2132 καὶ
2899 2083 2927 2134 6
2952 2080 3232 2151 βασιλεὺς,
3255 2105 3273 2137 ι
3296 2087 3387 2140 Ἐν
3411 2088 3638 2160 τοιούτῳ

2063 2177 2176 2249 μοι,
2213 2179 2232 2213 ι
2262 2163 2388 2234 ἔφη,
2438 2167 2667 2235 «ἀγῶνι,
2703 2170 2799 2224 καὶ
2831 2169 2923 2225 τὸν
2970 2173 3137 2242 μέσον
3167 2176 3450 2249 εὐώνυμον
3473 2196 3640 2233 κατα-

2063 2247 2264 2319 στῆσαι
2313 2251 2624 2320 σπεύδοντι,
2657 2257 2843 2323 αὐτὸς,
2873 2261 3094 2329 μάταιε,
3129 2265 3260 2334 περὶ
3301 2247 3638 2340 Σαρακηνῶν

2061 2341 2367 2413 ἐπιδρομῆς
2422 2344 2687 2413 ἀγγελίαν
2737 2349 2963 2416 ἐπάγεις
3015 2369 3136 2422 μοις
3178 2373 3196 2406 ι
3235 2357 3512 2424 Τοιούτοις
3543 2356 3638 2415 οὖν

2059 2435 2089 2486 6
2115 2433 2336 2505 Μιχαὴλ
2368 2435 2825 2509 ὲνασχολούμενος
2846 2442 2974 2506 τοὺς
3002 2445 3317 2515 βασιλικοὺς
3343 2449 3638 2520 ἐκένωσεν,

2055 2525 2132 2590 ὡς
2159 2528 2400 2598 εἴρηται,
2438 2528 2752 2603 θησαυρούς
2777 2549 2791 2564 ·
2827 2534 2922 2589 καὶ
2948 2537 3150 2603 αὐτοὺς
3183 2539 3292 2610 γὰρ
3329 2541 3455 2605 τοὺς
3489 2543 3637 2614 ἡνιό-

2057 2640 2170 2694 χων
2224 2623 2424 2687 παῖδας
2475 2624 2542 2677 ὲκ
2591 2626 2692 2696 τῆς
2747 2627 2902 2698 ἱερᾶς
2959 2629 3352 2702 κολυμϐήθρας
3397 2633 3639 2704 ἀναλαμ-

2057 2715 2353 2787 ϐανόμενος
2402 2717 2574 2772 ἐδίδου
2623 2719 2844 2790 ἑκάστῳ
2885 2722 3069 2777 αὐτῶν
3109 2725 3214 2779 ἀνὰ
3267 2727 3492 2798 χρυσίου
3550 2727 3634 2782 λί-

2058 2825 2196 2880 τρας
2233 2811 2300 2879 ρ’.
2716 2816 2722 2819 ’

369 2911 593 2978 quoﬁes
647 2908 896 2980 ipsorum
936 2905 1105 2963 etiam
1144 2906 1465 2978 aurigarum
1508 2904 1652 2961 ﬁlios
1685 2920 1752 2960 ex
1791 2919 1951 2960 sacro
1991 2902 2144 2960 fonte
2213 2903 2592 2976 suscipiebat,
2628 2904 2863 2978 singulis
2925 2909 3046 2966 auri
3084 2911 3252 2969 libras
3289 2925 3508 2972 centum
3539 2916 3639 2975 doc

375 3005 565 3059 nabat.
583 3020 591 3027 ”

441 3097 598 3154 Licet
643 3098 774 3151 hinc
811 3095 1012 3164 etiam,
1047 3103 1109 3149 ut
1141 3093 1465 3176 omittamus
1510 3093 1653 3160 alia,
1702 3092 1951 3148 Michacli

2131 3090 2280 3162 Πρὸς
2332 3091 2447 3156 τοῖς
2499 3091 2685 3158 ἄλλοις
2738 3095 2835 3150 καὶ
2889 3095 3051 3152 τοῦτο
3103 3097 3205 3171 τὴν
3264 3097 3360 3155 τοῦ
3418 3102 3637 3176 Μιχαὴλ

365 3189 683 3248 vecordiam
717 3203 1037 3256 agnoscere.
1071 3187 1116 3242 A
1151 3173 1325 3242 Tarso
1374 3184 1444 3242 ad
1478 3185 1742 3256 palatium
1779 3202 1951 3258 usque

366 3285 540 3339 certis
581 3284 636 3336 in
671 3281 809 3336 lci-is
848 3281 1006 3351 ignes
1046 3277 1310 3334 succendi
1349 3287 1792 3341 consueverant,
1828 3279 1954 3348 qui-

367 3380 474 3431 bus
504 3374 629 3428 aliis
653 3373 794 3427 alios
821 3369 1230 3441 excipientibus
1256 3367 1655 3424 Saracenorum
1686 3367 1950 3422 incursus

364 3461 868 3517 denuntiabantur.
896 3459 1034 3514 Cum
1065 3459 1230 3528 igitur
1257 3457 1558 3528 aliquando
1585 3473 1786 3514 currus
1819 3473 1951 3528 age-

369 3565 564 3610 rentur
603 3554 672 3608 ad
712 3552 899 3608 eximii
939 3553 1198 3622 martyris
1237 3551 1528 3606 Mamantis
1565 3549 1740 3606 aedem
1767 3589 1782 3615 ,
1824 3566 1950 3618 qua:

366 3650 422 3703 in
481 3647 652 3704 Steno
705 3655 826 3712 est,
889 3643 1194 3714 habituque
1227 3643 1436 3698 Veneto
1485 3641 1786 3712 imperator
1834 3639 1950 3710 ipse

363 3751 595 3796 ornatus
633 3746 824 3800 esset,
867 3737 1086 3806 signum
1135 3733 1411 3788 adventus
1470 3731 1686 3787 hostilis
1734 3729 1950 3786 editum

363 3841 453 3888 cst
489 3846 587 3904 per
619 3830 799 3900 ignem
832 3827 899 3882 de
933 3827 1133 3882 Pharo.
1168 3828 1298 3892 Quae
1337 3839 1425 3879 res
1454 3821 1790 3894 pcrmolcsta
1819 3837 1946 3877 cum

367 3920 690 3992 imperatori
729 3918 1044 3980 accideret,
1085 3917 1240 3987 ignes
1277 3916 1400 3971 illos
1450 3913 1761 3970 admirabili
1810 3929 1947 3969 con-

269 3991 280 4001 .
369 3991 502 4069 silio
550 4012 893 4082 excogitatos
946 4009 1207 4073 sustulit,
1257 4023 1325 4062 ne
1379 4007 1644 4076 deinceps
1697 4011 1940 4075 unquam

367 4121 468 4178 per
525 4101 801 4174 ejusmodi
864 4101 1090 4155 nuntios
1148 4101 1349 4154 animis
1413 4109 1626 4154 terrore
1680 4086 1951 4169 perculsis

366 4199 646 4254 theatrum
687 4203 1030 4266 spectatores
1061 4194 1404 4250 desererent.

440 4291 586 4346 Idem
625 4289 929 4345 Michaelus
976 4301 1103 4342 cum
1152 4286 1296 4341 forte
1347 4282 1600 4355 pecuniis
1639 4281 1947 4354 indigeret,

365 4384 533 4440 etiam
569 4381 824 4454 platanos
856 4381 978 4437 illas
1006 4395 1206 4435 aureas
1227 4420 1241 4445 ,
1275 4378 1448 4433 factas
1476 4393 1506 4430 a
1547 4377 1730 4432 Leone
1763 4375 1945 4446 philo-

361 4479 567 4547 sopho,
602 4475 669 4530 de
697 4489 809 4544 quo
835 4488 1002 4543 supra
1034 4470 1204 4526 locuti
1232 4484 1426 4524 sumus
1449 4506 1465 4532 ,
1496 4467 1551 4520 in
1583 4465 1790 4536 quibus
1823 4463 1946 4517 avi-

365 4573 504 4626 Culze
539 4571 798 4625 sedentes
834 4582 933 4638 per
984 4565 1300 4620 machinam
1353 4559 1647 4631 quamdam
1696 4556 1950 4613 cantilla-

365 4660 533 4725 baut,
586 4660 829 4728 itemque
879 4657 1069 4710 leones
1113 4668 1351 4715 aureos,
1401 4651 1496 4720 qui
1548 4660 1602 4705 et
1659 4649 1764 4718 ipsi
1809 4663 1940 4702 cum

366 4754 650 4808 hominum
681 4749 1051 4805 admiratione
1087 4747 1325 4800 maxima
1362 4755 1760 4811 nonnunquam
1793 4741 1947 4822 rugi-

365 4855 479 4900 tum
529 4845 799 4908 edebant,
847 4857 1013 4911 opera
1056 4849 1207 4895 certe
1249 4836 1513 4907 praeclara
1555 4846 1612 4889 et
1661 4849 1827 4888 unam
1869 4834 1943 4888 ob

2055 3182 2390 3254 ἀϐελτηρίαν
2446 3185 2805 3256 παρίστησιν.
2855 3187 2990 3242 ’Δπὸ
3045 3191 3263 3266 Ταρσοῦ
3315 3197 3480 3268 μέχρι
3540 3201 3638 3254 καὶ

2054 3277 2219 3332 αὑτοῦ
2280 3275 2374 3330 τοῦ
2428 3275 2698 3331 παλατίου
2748 3279 2990 3351 φρυκτοὶ
3037 3282 3181 3336 κατά
3231 3301 3385 3350 τινας
3434 3289 3635 3354 τόπους

2054 3370 2420 3438 ἀνεφλέγοντο
2481 3371 2626 3425 κατά
2679 3371 2925 3428 διάδοσιν
2978 3374 3080 3439 τὰς
3137 3376 3245 3430 τῶν
3298 3379 3634 3452 Σαρακηνὼν

2055 3457 2361 3529 ἐπιδρομὰς
2421 3455 2858 3529 προμηνύοντες.
2932 3461 3240 3536 Ἦνιοχείας
3298 3465 3392 3520 οὖν
3451 3468 3638 3523 telae-

2057 3549 2228 3619 μένης
2259 3550 2403 3606 κατά
2436 3567 2500 3618 γε
2522 3550 2618 3604 τὸν
2646 3553 2706 3606 ιν
2737 3551 2815 3624 τῷ
2847 3554 3019 3625 στενῷ
3064 3557 3157 3610 τού
3204 3560 3634 3636 μεγαλομάρτυ-

2057 3659 2151 3712 ρος
2175 3642 2303 3696 ναὸν
2327 3643 2650 3713 Μάμαντος,
2674 3647 2770 3697 καὶ
2797 3648 2857 3700 τὸ
2890 3647 3118 3701 Βὲνετον
3147 3649 3502 3722 ἐνδεδυμένον
3533 3653 3630 3707 τοῦ

2055 3733 2324 3804 βασιλέως
2349 3734 2540 3802 αύτοῦ,
2579 3737 2810 3806 ἀγγελία
2845 3739 3073 3809 γέγονεν
3100 3740 3210 3795 ἀπό
3253 3759 3317 3810 ,γε
3351 3743 3446 3797 τοῦ
3487 3747 3630 3799 κατὰ

2051 3823 2144 3876 τὸν
2176 3823 2357 3895 Φάρον
2407 3824 2675 3894 φρυκτοῦ.
2712 3823 2867 3897 Ἀνίᾳ
2909 3825 3045 3895 γοῦν
3084 3828 3178 3881 ἐπὶ
3218 3829 3395 3902 τούτῳ
3443 3848 3636 3902 coaxa-

2053 3914 2226 3979 θεὶςὸ
2262 3917 2518 3987 βασιλεὺς
2569 3919 2635 3972 ὲκ
2694 3918 2864 3987 μέσου
2913 3921 3062 3973 ποιεῖ
3106 3921 3231 3984 τοὺς
3284 3922 3633 3992 θαυμαστοκ

2051 4008 2294 4073 ἐκείνους
2325 4011 2630 4079 φρυκτοὺς,
2663 4011 2740 4072 ὡς
2792 4014 2992 4082 μηκέτι
3025 4015 3304 4079 τοιαύταις
3345 4015 3630 4084 ἀγγελίαις

2052 4101 2102 4154 οἱ
2130 4099 2322 4156 ϐιαταὶ
2345 4102 2741 4174 διιλαινόμενοι
2766 4105 3085 4181 τδοέατρον
3110 4108 3479 4166 καταλύωσιν.

2125 4283 2298 4348 Οὗτος
2350 4287 2377 4338 6
2427 4285 2649 4359 Μιχαὴλ
2694 4289 2995 4360 χρημάτων
3051 4290 3340 4361 ἀπορήσας
3389 4295 3484 4348 καὶ
3533 4295 3630 4358 τὰς

2053 4377 2264 4447 χρυσᾶς
2314 4377 2527 4439 ὲκείνας
2592 4379 2915 4446 πλατάνους,
2967 4381 3037 4446 ἃς
3099 4383 3127 4434 6
3185 4387 3478 4454 φιλόσοφος
3533 4404 3632 4440 κα-

2053 4469 2357 4521 τεσκεύασε
2387 4470 2558 4536 Λέων,
2593 4470 2669 4533 ὡς
2701 4471 2909 4526 ἄνωθεν
2959 4473 3192 4544 ἔφημεν,
3220 4479 3278 4528 ὲν
3314 4471 3404 4540 αἷς
3433 4495 3628 4548 στρουο

2057 4559 2140 4611 eo“.
2168 4557 2472 4630 καθήμενοι
2523 4561 2610 4615 διὰ
2657 4563 2912 4633 μηχανῆς
2945 4564 3254 4629 ἐκελάδουν,
3281 4567 3544 4633 ὡσαύτως
3575 4569 3629 4621 δὲ

2055 4653 2149 4702 καὶ
2182 4654 2307 4715 τοὺς
2336 4652 2628 4720 λέοντας,ἆ
2653 4660 2791 4724 πρὸς
2818 4655 3085 4725 ἔκπληξιν
3114 4659 3222 4710 τῶν
3251 4659 3423 4711 ἐονῶν
3448 4677 3624 4731 μεμη-

2055 4743 2286 4812 χάνηται
2316 4747 2432 4813 (καὶ
2459 4743 2607 4799 οὗτοι
2637 4748 2746 4818 γὰρ
2792 4749 2942 4799 ἐστιν
2975 4749 3066 4801 ὅτε
3097 4750 3443 4820 βρυχώμενοι
3474 4750 3606 4802 ιθαυ

2056 4837 2337 4906 μαζοντο),
2376 4839 2696 4906 κατακόψας
2726 4841 3031 4894 ἀνάλωσεν.

361 4953 581 4992 causam
623 4937 801 4999 facta,
844 4943 906 4989 ut
943 4942 1146 4988 extera:
1210 4926 1468 4982 nationes
1538 4924 1609 4984 ad
1669 4939 1862 4979 eorum
1932 4938 2291 4998 conspectum
2368 4930 2865 5000 obstupescerent,
2905 4931 3147 4988 minutas
3185 4933 3240 4988 in
3284 4941 3466 5004 partes
3503 4949 3605 4988 con

363 5030 501 5084 cidit
533 5038 588 5083 et
620 5043 818 5082 aurum
847 5023 1132 5094 expendit.

432 5127 579 5190 Quas
611 5121 682 5176 ob
718 5136 807 5174 res
836 5116 1131 5172 Theodora
1164 5111 1485 5168 Michaelum
1523 5111 1736 5167 crebris
1763 5111 1954 5166 admo-

365 5216 674 5272 nitionibus
720 5211 996 5280 castigans
1041 5218 1091 5262 et
1143 5207 1406 5262 erudiens
1457 5221 1489 5260 e
1529 5207 1676 5276 regia
1727 5205 1948 5261 tandem

367 5309 682 5380 expellitur.
722 5305 936 5359 Etenim
967 5301 1220 5357 Michaeli
1251 5300 1559 5354 avunculus
1581 5340 1596 5364 ,
1628 5301 1718 5354 cui
1757 5300 1946 5354 Barda:

365 5417 567 5459 nomen
603 5406 721 5454 erat
745 5439 760 5461 ,
795 5396 943 5450 nulla
976 5412 1086 5448 non
1123 5392 1535 5447 machinatione
1574 5409 1707 5447 usus
1739 5401 1793 5446 et
1827 5408 1946 5445 om-

364 5495 530 5548 nibus
575 5490 855 5544 hominem
910 5485 1088 5540 modis
1138 5498 1466 5554 aggressus,
1516 5495 1574 5539 ut
1618 5483 1938 5553 impcratrix

361 5586 587 5657 quidem
635 5584 796 5654 longe
838 5597 867 5635 a
915 5581 1062 5650 regia
1105 5579 1531 5633 submoveretur
1559 5577 1746 5631 effecit
1773 5616 1788 5640 ,
1825 5577 1942 5645 ipse

365 5695 500 5731 vero
528 5677 711 5730 Caesar
742 5677 811 5730 ab
845 5675 1182 5742 imperatore
1214 5671 1622 5742 designarctur.
1657 5673 1846 5739 Itaque
1874 5669 1943 5722 ab

365 5771 457 5826 illo
501 5781 750 5840 tempore
791 5777 991 5826 cuncta
1028 5766 1107 5822 sic
1135 5781 1333 5838 agere,
1368 5764 1526 5837 quasi
1563 5762 1726 5834 293
1759 5765 1803 5816 si
1840 5761 1941 5815 im-

2135 5111 2260 5168 Ἐπὶ
2309 5114 2522 5180 τούτοις
2559 5115 2653 5170 οὖν
2701 5118 2733 5190 ἡ
2776 5118 3033 5188 Θεοδὼρα
3087 5119 3258 5174 πολλὰ
3290 5121 3622 5191 παραινοῦστ

2048 5201 2140 5255 τὶν
2169 5202 2389 5275 Μιχαὴλ
2418 5205 2529 5257 τῶν
2555 5205 2851 5276 βασιλείων
2885 5195 3166 5273 ἕκπτωτος
3191 5210 3404 5279 γίνεται
3426 5227 3440 5241 ⁶
3473 5215 3501 5268 6
3524 5214 3628 5283 γὰρ

2053 5295 2118 5349 ὲκ
2155 5298 2362 5368 μητρὸς
2393 5299 2540 5369 αύτῴ
2573 5301 2738 5364 Θεῑος,
2773 5294 2816 5368 ᾧ
2844 5301 3058 5372 Βάρδας
3088 5303 3288 5372 ὄνομα.
3321 5308 3502 5360 πάντα
3536 5311 3632 5358 κα-

2052 5387 2162 5440 λων
2196 5392 2428 5460 κινήσας
2463 5394 2556 5444 καὶ
2609 5395 2872 5459 παντοίως
2905 5395 3154 5448 ὑπελθὼν
3185 5396 3371 5462 αὑτὸν,
3403 5403 3504 5466 τὴν
3530 5407 3632 5467 μεν

2054 5482 2380 5552 βασίλισσαν
2429 5487 2617 5556 πέρρω
2670 5487 2926 5554 γενέσθαι
2959 5488 3065 5540 τῶν
3097 5487 3392 5558 βασιλείων
3423 5490 3630 5541 οἷκονο-

2057 5576 2171 5644 μεί,
2221 5575 2415 5629 ἑαυτὸν
2464 5579 2518 5630 δὲ
2576 5581 3027 5650 προχειρισοῆναι
3086 5582 3360 5650 Καίσαρα.
3399 5580 3629 5635 "Extare

2052 5662 2147 5721 οὖν
2177 5668 2356 5718 πάντα
2389 5667 2557 5719 ποιῶν
2591 5667 2665 5730 ὡς
2708 5669 2945 5734 ἁντάναξ
2977 5670 3037 5722 ού
3074 5669 3301 5727 διέλιπε.
3340 5673 3480 5742 Πρᾶς
3508 5672 3632 5722 τού-

2053 5778 2166 5826 τοις
2219 5761 2277 5814 δὲ
2333 5762 2427 5814 καὶ
2488 5762 2839 5831 παρανομίαν
2873 5764 3094 5834 scf/pot,
3125 5764 3240 5815 υἱοῦ
3272 5766 3497 5834 γνησίου
3530 5779 3632 5832 γα-
