4070 6450
520 394 623 465 δι’]

1776 394 2196 463 MICHAELIS
2223 399 2480 464 GLYCAi

3629 397 3737 463 δίῖ

511 512 813 569 mandabat
852 516 914 566 ut
962 509 1024 568 in
1064 509 1308 583 speciem
1341 509 1568 581 quidem
1614 510 1882 568 adversus
1940 512 2114 568 feram
2154 513 2322 570 telum
2393 519 2694 582 emitteret,
2760 527 2952 586 reapse
3004 527 3133 569 vero
3184 508 3444 569 Basiliam
3498 519 3735 582 petetet.

511 609 636 674 Qua
668 605 989 662 reBasilius
1009 604 1392 661 animadversa
1431 605 1485 660 in
1538 606 1714 676 ipsmn
1756 604 2082 663 ilicbaelum
2125 606 2179 662 id
2214 609 2545 679 patrandum
2606 622 2728 666 esse
2766 608 2961 666 statuit
3009 606 3155 679 quod
3206 604 3496 663 imminere
3534 604 3642 662 sibi
3665 605 3738 661 ab

504 717 586 756 ea
614 699 849 755 videbat.
867 698 1066 768 itaque
1093 696 1374 753 hominem
1399 694 1469 752 ad
1494 696 1561 752 ι).
1593 695 1881 752 latitantis
1907 697 2190 756 interticit.

550 832 556 842 .
592 795 706 853 Hoc
735 795 901 851 modo
919 800 1053 866 post
1077 791 1402 849 Michaelum
1431 790 1761 863 cognomine
1790 790 2070 847 Temulen-

2252 796 2460 868 Κρατεῖ
2483 790 2579 852 οὖν
2608 797 2749 867 μετὰ
2787 795 3007 866 Μιχαὴλ
3028 793 3120 848 τδν
3144 789 3431 866 Μεθυστὴν
3460 790 3738 858 Βασίλειος

451 898 467 945 I
506 904 633 946 tum
657 888 892 946 Basilius
918 886 1145 943 Macedo
1173 884 1246 941 20
1269 883 1433 941 annis
1464 883 1765 955 imperium
1813 882 2076 941 obtinuit.

517 983 570 1039 is
595 996 720 1038 cum
740 980 922 1037 adhuc
949 977 1131 1034 infans
1155 973 1453 1032 admodum
1478 981 1673 1042 genset,
1724 973 1807 1028 uti
1838 972 2081 1031 Zonaras

458 1072 467 1077 ’
519 1082 939 1137 commemorat,
967 1072 1110 1127 forte
1141 1069 1243 1127 soli
1272 1067 1558 1139 expositus
1584 1068 1641 1123 in
1673 1078 1813 1124 testu
1838 1058 2075 1140 iacebat,

516 1183 701 1225 messe
731 1165 1020 1238 occupatis
1060 1163 1402 1236 parentibus,
1460 1161 1555 1233 qui
1603 1159 1764 1218 valde
1798 1174 2080 1232 pauperes

522 1269 701 1318 erant.
729 1254 873 1315 Tum
899 1272 1031 1314 vero
1058 1255 1246 1327 aquila
1290 1254 1360 1312 de
1384 1253 1610 1311 sublimi
1667 1252 1934 1309 advolans
1978 1266 2079 1308 ex-

522 1348 710 1428 pansis
736 1353 838 1409 alis
863 1351 1112 1408 umbram
1139 1349 1192 1406 ei
1218 1347 1515 1419 prabebat.
1536 1346 1674 1404 Cum
1695 1353 1879 1402 autem
1903 1353 2079 1401 mater

522 1448 811 1521 aliquoties
838 1446 1077 1516 aquilam
1106 1443 1328 1515 abigere
1352 1450 1548 1498 conata
1586 1440 1726 1495 nihil
1765 1437 1984 1495 emcere
2019 1452 2080 1495 se

520 1540 755 1603 videret,
781 1536 999 1593 tandem
1024 1534 1166 1590 hanc
1196 1547 1314 1588 rem
1351 1531 1479 1587 boni
1510 1529 1727 1601 augurii
1753 1528 1878 1585 loco
1897 1527 2073 1584 duxit.

520 1632 792 1689 Prmterca
820 1628 1056 1686 Basilius
1101 1626 1200 1683 hic
1250 1642 1282 1682 e
1312 1639 1453 1697 pago
1494 1622 1738 1695 quodam
1796 1621 2073 1693 originem

522 1725 737 1791 habuit,
768 1722 861 1794 qui
894 1735 1103 1793 magna:
1134 1717 1261 1775 urbi
1300 1715 1657 1788 Adrianopoli
1686 1714 1903 1771 vicinus
1933 1721 2074 1770 erat.

519 1819 701 1875 Etiam
722 1814 1018 1887 aliquando
1045 1827 1149 1869 ceu
1179 1809 1514 1881 mancipium
1537 1824 1565 1864 a
1583 1806 1833 1879 Bulgaria
1852 1815 2078 1863 avectus

519 1914 641 1968 fuit.
674 1910 830 1967 Unde
857 1922 984 1965 cum
1024 1905 1312 1971 evasisset,
1333 1901 1654 1976 Byzantium
1675 1914 1796 1957 sese
1820 1900 2074 1968 contulit,

518 2023 579 2061 ac
610 2004 833 2077 prapius
865 2001 932 2058 ad
962 2001 1136 2056 sancti
1166 1998 1444 2055 Diomedis
1472 1998 1643 2053 aedem
1677 1992 1941 2051 accedens
1969 1991 2076 2047 ibi-

517 2101 639 2153 dem
666 2099 718 2153 in
740 2094 987 2152 latericio
1008 2094 1320 2164 pavimento
1339 2090 1519 2146 fessus
1532 2085 1964 2145 obdormivit.Ea
1981 2099 2077 2139 no-

513 2201 604 2246 cte
639 2188 826 2260 templi
851 2188 972 2259 ejus
999 2147 1234 2241 aedituus
1275 2182 1345 2239 ab
1376 2181 1569 2252 angelo
1595 2190 1680 2237 ter
1698 2178 1970 2235 excitatus
1989 2187 2073 2232 est
2104 2147 2150 2207 Β

514 2299 581 2340 ac
615 2283 1001 2353 imperatorem
1039 2276 1621 2346 introducerejussus.
1652 2271 1815 2327 Paret
1835 2269 2076 2324 aedituus

514 2379 729 2449 angelo,
749 2391 812 2431 ac
822 2372 1080 2429 Basiliam
1103 2371 1257 2428 velut
1274 2370 1665 2439 imperatorem
1678 2362 2074 2420 humanissime

515 2473 711 2522 tractat
733 2472 900 2535 atque
925 2460 1118 2516 reiicit.
1137 2458 1278 2527 Quid
1299 2473 1365 2514 ex
1394 2471 1461 2514 eo
1488 2465 1729 2526 tempore
1757 2454 1827 2509 de
1855 2453 1974 2524 ipsa
1996 2451 2074 2507 fa~

513 2557 704 2612 ctum?
732 2560 956 2627 propter
988 2550 1256 2620 insignem
1281 2547 1446 2603 animi
1486 2545 1861 2603 fortitudinem
1897 2544 1954 2599 in
1976 2543 2076 2598 Mi-

508 2649 685 2704 cbaeli
714 2645 960 2702 notitiam
996 2641 1284 2714 pervenit:
1316 2640 1552 2711 primum
1574 2652 1840 2709 equorum
1870 2636 1921 2691 ei
1942 2649 2074 2691 cura

510 2738 892 2802 committitur,
918 2734 1118 2791 deinde
1144 2734 1204 2790 iit
1223 2731 1620 2797 cubicularius,
1643 2728 1863 2785 tandem
1896 2728 2073 2798 impe-

509 2841 660 2885 rator
698 2828 1069 2894 renuntiatur,
1102 2840 1227 2882 cum
1267 2825 1490 2897 quidem
1514 2820 1835 2891 huiusmodi
1879 2828 2073 2897 eventa

507 2920 655 2976 Deus
689 2918 859 2973 multo
886 2926 1013 2971 ante
1052 2895 1442 2985 signiﬁcasset.
1474 2909 1608 2965 Nam
1639 2909 1786 2977 vide,
1814 2895 2070 2975 obsecra,

505 3010 640 3080 quid
682 3006 976 3077 aliquando
1009 3007 1113 3076 ipsi
1160 3003 1444 3060 acciderit.
1505 3002 1666 3058 Forte
1693 3016 1818 3058 cum
1848 3000 1984 3057 hero
2016 3000 2073 3056 id

508 3113 544 3157 t.
566 3099 775 3171 mporis
805 3113 906 3155 suo
921 3097 1299 3167 TheOphiiitze
1319 3095 1611 3166 quemdam
1642 3094 1709 3149 ad
1733 3094 1914 3150 locum
1944 3106 2074 3164 pro-

505 3193 684 3250 fectus
701 3191 898 3248 fuerat.
924 3187 990 3244 Et
1013 3189 1068 3244 in
1095 3188 1215 3244 loco
1238 3185 1494 3244 solitariae
1518 3186 1641 3242 vitae
1661 3196 1900 3242 sectator
1914 3185 2076 3255 dege-

507 3288 626 3351 bat,
678 3287 844 3340 homo
874 3284 1060 3338 futura
1100 3281 1468 3353 prospiciendi
1496 3280 1756 3336 facultate
1785 3279 2070 3349 praeditus.

502 3376 821 3449 Negligebat
850 3374 943 3430 ille
965 3370 1423 3445 TheOpbilitzem,
1456 3387 1580 3429 cum
1612 3386 1871 3443 magnum
1898 3372 2071 3427 hono-

2179 888 2209 942 ό
2236 886 2502 945 Μακεδὼν
2533 887 2628 957 ἔτη
2656 885 2729 941 κ’.
2760 879 2930 951 Οὗτος
2961 883 3285 957 βρεφύλλιον
3310 882 3408 948 ὢν,
3437 883 3581 940 καθά
3602 899 3740 954 φησι

2179 981 2463 1052 Ζωναρᾶς,
2499 979 2679 1034 ἔκειτο
2713 978 2794 1051 τῷ
2823 977 2961 1051 ἡλίῳ
3008 977 3349 1050 θαλπόμενος
3389 976 3487 1032 ira
3512 977 3578 1048 δὴ
3629 976 3739 1030 nini

2178 1073 2347 1128 αὐτοῦ
2380 1073 2586 1143 γονέων
2632 1073 2765 1145 περὶ
2791 1072 2856 1126 τὸ
2888 1070 3048 1143 θέρος
3103 1070 3525 1143 ἀσχολουμόνων
3545 1086 3562 1102 ο
3595 1071 3739 1126 πάνυ

2178 1166 2407 1236 καὶγὰρ
2445 1161 2588 1239 ἦσαν
2617 1162 2845 1234 πτωχοί.
2909 1162 3100 1227 Ἀετὸς
3128 1162 3186 1217 δὲ
3235 1162 3540 1233 τηνικαῦτα
3577 1179 3744 1217 κατα-

2177 1260 2319 1325 πτὰς
2347 1260 2600 1325 ισκίαζεν
2624 1258 2788 1313 αὐτὸν
2815 1258 2937 1322 ταῖς
2976 1256 3254 1328 πτέρυξιν.
3288 1254 3353 1310 Ἦ
3394 1254 3525 1327 γοῦν
3558 1255 3743 1327 μήτηρ

2179 1352 2346 1409 αὐτοῦ
2376 1350 2476 1408 καὶ
2496 1350 2760 1415 πολλάκις
2786 1349 3133 1419 ἀποσοϐῆσαι
3176 1349 3588 1420 ἐπιχειρήσασα
3615 1346 3741 1400 τοῦ-

2178 1464 2292 1509 τον,
2318 1447 2417 1500 καὶ
2452 1444 2527 1516 μὴ
2548 1443 2863 1516 δυνηθεῖσα.
2919 1443 3124 1511 ἀγαθὸν
3164 1440 3435 1511 οἰώνισμα
3464 1440 3526 1495 τὸ
3564 1440 3741 1493 τοιοῦ-

2177 1556 2273 1595 τον
2294 1539 2481 1612 ἔκρινε
2511 1538 2721 1610 δρᾶμα.
2773 1536 2934 1591 ’Δλλά
2983 1537 3081 1591 καὶ
3110 1534 3218 1590 ἀπὸ
3261 1532 3456 1606 κώμης
3482 1533 3512 1589 ό
3572 1531 3739 1587 Βασί-

2176 1628 2323 1698 λειος
2353 1629 2509 1697 οὗτος
2563 1629 2792 1703 ὥρμητο
2840 1629 3192 1699 γειτονούσης
3252 1631 3319 1699 τῇ
3366 1626 3738 1698 ιμεγαλοπόλει

2192 1725 2476 1794 ’Δδριανου
2484 1723 2712 1790 πόλεως,
2736 1722 2834 1776 καὶ
2859 1721 3193 1792 ἀνδράποδον
3234 1720 3291 1774 δὲ
3348 1721 3461 1784 τοῖς
3500 1718 3737 1788 Βουλγά-

2182 1832 2295 1887 ροις
2322 1813 2651 1885 συναπήχθη
2685 1813 2839 1868 ποτέ.
2880 1810 3072 1881 ουγὼν
3101 1811 3197 1866 οὖν
3223 1811 3435 1865 ἐκεῖθεν
3478 1809 3615 1881 πρὸς
3636 1810 3735 1882 τὴν

2177 1906 2487 1973 Βυζαντίδα
2530 1906 2776 1978 ἔρχεται,
2815 1903 3016 1978 καὶτῷ
3070 1905 3165 1960 τοῦ
3223 1904 3376 1974 ἁγίου
3437 1903 3736 1975 Διομήδους

2178 1998 2552 2070 προσπελάζει
2610 1996 2747 2069 ναῷ,
2792 1998 3025 2052 κάκεῖσε
3052 1996 3326 2052 cavam;
3373 1998 3432 2051 ὲν
3463 1998 3623 2069 κλίνῃ
3650 1996 3737 2051 λι-
3777 2056 3790 2075 ,_

2179 2091 2514 2163 θοπλινθίνῃ.
2555 2074 2891 2164 Τηνικαῦταί
2936 2094 2966 2145 ό
3006 2093 3186 2147 ἐκεῖσε
3237 2092 3505 2164 νεωκόρος
3549 2091 3735 2163 τρίτον

2175 2182 2540 2251 ἀφυπνίζεται
2566 2182 2634 2236 δι’
2656 2183 2894 2252 ἀγγέλου
2922 2180 3174 2252 λέγοντος
3203 2200 3218 2216 ο
3272 2202 3291 2237 ι
3329 2184 3479 2237 Ἐσω
3504 2184 3597 2237 τὸν
3631 2183 3732 2254 βα-

2176 2278 2329 2331 σιλέα
2366 2278 2652 2346 εἰσάγαγε.
2693 2295 2712 2330 ι
2748 2275 3006 2330 Πείθεται
3044 2278 3072 2331 ό
3105 2276 3394 2348 νεωκόρος,
3433 2275 3736 2348 θεραπείας

2173 2368 2317 2436 ἀξιοῖ
2342 2370 2434 2423 τὸν
2463 2370 2710 2440 βασιλέα.
2749 2365 2882 2424 Εἶτα
2898 2367 2956 2423 τί
2984 2385 3000 2435 ;
3040 2366 3128 2422 διὰ
3156 2368 3262 2437 τὴν
3296 2369 3460 2424 αὐτοῦ
3506 2368 3734 2438 ἀνδρίαν

2173 2462 2252 2532 τῷ
2304 2462 2525 2533 Μιχαὴλ
2572 2461 2926 2534 γνωρίζεται,
2999 2459 3108 2517 τῶν
3169 2461 3354 2516 ἵππων
3406 2462 3735 2534 φροντιστὴς

2171 2554 2521 2618 καθίσταται,
2566 2555 2708 2624 μετά
2726 2551 2902 2608 ταῦτα
2925 2554 3258 2625 παράκοιτος
3287 2556 3378 2607 καὶ
3412 2554 3732 2608 τελευταῖον

2153 2647 2397 2720 ’κράτωρ
2436 2645 2856 2717 ἀναγορεύεται.
2906 2644 3000 2700 τοῦ
3043 2645 3179 2700 Θεοῦ
3236 2647 3304 2700 τὰ
3350 2645 3574 2701 τοιαῦτα
3636 2649 3735 2702 καὶ

2174 2737 2282 2809 πρὸ
2318 2736 2514 2792 πολλοῦ
2544 2738 2762 2800 πάντως
2802 2734 3162 2807 δεικνύοντος.
3187 2736 3331 2804 Ὅρα
3379 2737 3489 2807 γὰρ
3515 2738 3596 2791 ὅτι
3634 2740 3733 2791 καί

2174 2845 2308 2882 ποτε
2340 2827 2479 2898 μετά
2504 2826 2600 2881 τοῦ
2631 2827 2828 2898 κυρίου
2867 2825 3036 2880 αὑτοῦ
3071 2826 3166 2878 τοῦ
3200 2826 3522 2896 Θεοφιλίτζη
3545 2826 3602 2882 ἐν
3623 2845 3732 2882 τινι

2172 2920 2323 2991 τόπῳ
2370 2917 2614 2990 ἀπῆλθεν
2645 2918 2778 2973 ἔνθα
2811 2918 3121 2991 διορατικός
3158 2935 3243 2982 τις
3273 2918 3537 2990 ἐτύγχανε
3565 2935 3733 2991 μοναο

2173 3012 2288 3084 χδς,
2314 3011 2373 3076 ὃς
2395 3011 2489 3064 τὸν
2518 3012 2617 3082 μὶν
2646 3010 3008 3083 Θεοφιλίτζῖην
3060 3010 3350 3083 παρεώρα,
3382 3012 3485 3065 τὸν
3532 3011 3588 3066 δὲ
3622 3011 3735 3066 Βα-

2160 3104 2374 3159 σίλειον
2403 3102 2489 3158 διά
2509 3106 2677 3176 τιμῆς
2710 3104 2954 3159 εποιεῖτο
2981 3102 3205 3173 πολλῆς,
3258 3102 3355 3158 καὶ
3408 3103 3508 3174 τὴν
3544 3099 3731 3158 αἰτίαν

2171 3196 2470 3268 ἐρωτηθεὶς
2532 3197 2641 3251 ὑπό
2689 3212 2835 3261 τινος
2881 3194 3038 3266 ἔλεγε
3093 3194 3321 3265 βασιλέα
3352 3194 3520 3250 ’ίδεῖν
3568 3194 3730 3250 αὐτὸν

2173 3289 2452 3361 ἄντικρυς.
2487 3290 2698 3360 Κρατεῖ
2738 3286 2851 3355 οὖν,
2895 3287 2972 3348 ὡς
3002 3287 3244 3360 εἴρηται,
3289 3287 3429 3359 μετά
3476 3287 3570 3341 τὸν
3624 3286 3731 3342 Mt—

2171 3381 2308 3453 χαὴλ
2340 3372 2370 3436 ό
2403 3381 2708 3445 Βασίλειος.
2755 3381 2867 3434 Καὶ
2891 3378 2994 3449 τῆς
3024 3377 3355 3451 Ἐκκλησίας
3401 3378 3603 3443 εὐθέως
3637 3379 3734 3433 τδν

505 3485 622 3524 rem
643 3467 845 3523 Basilio
871 3465 1133 3521 deferret.
1170 3465 1529 3533 Qumsitusab
1562 3465 1749 3535 aliquo
1781 3479 1880 3520 cur
1902 3467 1955 3520 id
1986 3465 2067 3549 [ετ

2169 3472 2377 3526 Φὼτιον
2433 3469 2649 3538 ἐξωθεῖ.
2709 3469 2805 3523 καὶ
2854 3468 3021 3524 πάλιν
3080 3466 3332 3538 Ἰγνατίῳ
3397 3466 3491 3519 τὸν
3536 3464 3733 3536 θρόνον

503 3565 692 3628 cisset,
724 3562 1108 3631 imperatorem
1144 3561 1283 3616 ineo
1305 3574 1363 3616 se
1394 3561 1571 3636 palam
1590 3559 1941 3630 conspexisse
1976 3575 2062 3615 re.

502 3658 742 3729 Spondit.
774 3652 885 3709 Hac
916 3655 1083 3725 igitur
1120 3653 1333 3710 ratione
1362 3653 1597 3709 Basilius
1664 3652 1918 3724 imperio,
1953 3667 2053 3707 ceu

499 3753 759 3815 diximus,
815 3758 940 3820 post
992 3747 1320 3803 Michaelum
1380 3746 1590 3817 potitus
1652 3754 1770 3807 est;
1823 3762 2059 3815 moxque

497 3845 753 3901 Photinm
785 3857 849 3897 ex
886 3842 1131 3896 Ecclesia
1161 3840 1370 3911 pepulit
1397 3853 1462 3894 ac
1510 3838 1705 3895 solium
1737 3838 1944 3910 lgnatio
1974 3854 2061 3896 re-

440 3974 445 3977 -
498 3937 699 3992 stituit.
737 3934 1009 3988 Praeterea
1031 3932 1134 3988 sub
1163 3932 1382 3986 initium
1413 3929 1635 3999 imperii
1657 3930 1907 4001 patribus
1926 3944 2061 3986 con-

499 4029 724 4095 scriptis
747 4025 814 4081 ad
847 4042 906 4082 se
936 4027 1127 4082 venire
1144 4024 1314 4096 jussis
1346 4024 1636 4079 thesauros
1667 4022 2061 4095 imperatorias

499 4122 738 4190 aperuit,
772 4131 832 4173 ut
865 4119 1132 4184 chlitacs
1152 4125 1566 4180 commemorat,
1604 4117 1785 4187 deque
1813 4114 2063 4186 pecuniis

498 4212 679 4268 aerarii
708 4212 984 4276 maximis,
1014 4221 1213 4281 praeter
1236 4210 1356 4265 auri
1385 4220 1495 4265 tres
1520 4208 1895 4274 centenarias,
1923 4207 2059 4262 nihil

493 4304 718 4358 omnino
754 4304 982 4374 reperit.
1016 4301 1136 4368 Quo
1165 4310 1350 4356 autem
1382 4301 1491 4355 illae
1517 4299 1698 4355 modis
1734 4298 2058 4355 ac'raticni-

2166 3561 2509 3617 ἀποδίδωσιν.
2559 3559 2724 3615 Ἀλλά
2778 3559 2875 3613 καὶ
2932 3559 3035 3628 τὴν
3087 3559 3382 3629 γερουσίαν
3419 3554 3733 3629 τηνικαῦτα

2170 3653 2685 3724 μετακαλεσάμενος
2709 3653 2838 3714 τοὺς
2863 3650 3181 3721 βασιλικοὺς
3208 3647 3495 3717 ὕπανοίγει
3519 3647 3736 3719 θησαυ-

2169 3750 2318 3817 ρνὺς,
2368 3747 2443 3811 ὣς
2479 3763 2644 3816 φησιν
2666 3746 2694 3798 ὁ
2720 3742 3024 3815 Σκυλίτζης
3045 3757 3059 3772 °
3084 3744 3181 3796 καὶ
3237 3742 3346 3798 ἀπό
3381 3758 3445 3812 γε
3496 3742 3607 3796 τῶν
3638 3759 3731 3795 το-

2167 3838 2372 3894 σούτων
2408 3841 2711 3910 χρημάτων
2758 3836 2912 3913 οὐδὲν
2967 3836 3098 3892 ἀλλο
3156 3833 3388 3905 εὕρηται
3432 3832 3467 3905 ἢ
3518 3829 3722 3904 χρυσοῦ

2162 3933 2523 4005 καιντηνάρια
2572 3931 2722 4003 τρία.
2771 3930 2880 3983 Ποῦ
2935 3929 2992 3983 δὲ
3033 3926 3205 3983 ταῦτα
3253 3926 3723 3997 καινοτομηθῆναι

2122 4023 2128 4029 ’
2165 4023 2367 4093 ἔφθασε
2399 4023 2588 4094 μαθὼν
2602 4023 2881 4088 Βασίλειος
2900 4023 3175 4093 οἰκονομεῖ
3192 4023 3288 4076 καὶ
3308 4021 3470 4076 πάλιν
3486 4022 3620 4091 πρὸς
3632 4018 3725 4072 τὸν

2166 4117 2429 4195 δημόσιον
2456 4117 2920 4188 ἀντιστραφῆναι.
2960 4118 3042 4170 Τά
3071 4116 3247 4188 ἡμίση
3287 4114 3476 4170 λοιπὸν
3518 4112 3612 4182 ἀφ’
3647 4107 3724 4166 ὧν

2162 4209 2362 4263 ¹ἐλαϐεν
2379 4210 2488 4264 ἀπὸ
2505 4208 2598 4263 τοῦ
2622 4209 2863 4282 ’Μιχαὴλ
2901 4209 3131 4272 ἕκαστος
3165 4205 3572 4277 ἀφαιρούμενος
3597 4205 3721 4257 ἔπι-

2171 4300 2396 4370 συνάγει
2422 4301 2627 4372 χρυσοῦ
2653 4299 2985 4374 κεντηνάρια
3009 4306 3075 4354 τ’.

495 4403 598 4457 bus
636 4401 791 4457 novis
846 4399 1232 4468 inusitatisque
1282 4400 1434 4468 prius
1482 4395 1860 4462 devenissent,
1916 4395 2082 4468 295
2117 4390 2213 4452 ubi
2263 4398 2468 4453 certior
2498 4399 2672 4455 factus
2730 4397 2855 4466 fuit,
2890 4398 3032 4468 apud
3075 4406 3329 4454 senatum
3376 4394 3615 4451 obtinuit
3661 4403 3723 4447 ut

488 4493 777 4570 publicum
837 4490 892 4544 in
947 4490 1202 4564 agrarium
1262 4493 1622 4546 referrentur.
1684 4488 1805 4560 ipse
1840 4496 2019 4544 tamen
2060 4487 2253 4545 mitius
2277 4505 2463 4562 agens,
2505 4499 2561 4546 et
2608 4490 2837 4547 cuilibet
2886 4491 3103 4548 illorum
3135 4490 3230 4562 qui
3292 4487 3497 4560 aliquid
3533 4502 3580 4541 .a
3627 4485 3725 4541 lii-

491 4586 684 4640 cbaclo
745 4592 1092 4655 acceperant,
1122 4592 1335 4652 partem
1369 4580 1651 4636 dimidiam
1713 4581 1989 4649 auferens,
2027 4582 2146 4638 auri
2175 4583 2281 4639 500
2312 4583 2536 4639 omnino
2564 4584 2913 4640 centenarias
2941 4583 3204 4640 confecit.

563 4681 695 4736 Tam
735 4681 998 4751 praeclare
1025 4695 1156 4735 vero
1184 4680 1414 4734 Basilius
1471 4678 1764 4749 imperium
1814 4678 2068 4746 adminiy

2229 4680 2500 4756 Τοσοῦτον
2543 4681 2601 4735 δι
2632 4680 2814 4746 καλῶς
2852 4683 2882 4736 ό
2912 4681 3195 4746 Βασίλειος
3226 4675 3366 4754 ἦρχε
3397 4678 3495 4734 καὶ
3535 4677 3728 4733 τοσοὸ-

490 4776 719 4839 slrabat,
757 4782 978 4843 tamque
1009 4772 1310 4827 observans
1343 4781 1461 4827 erat
1488 4772 1735 4842 justitia,
1793 4780 1852 4827 ut
1915 4774 2059 4843 ipse-

2167 4787 2254 4827 τον
2274 4773 2616 4836 δικαιότατος
2645 4768 2734 4845 ἦν,
2762 4773 2838 4836 ὡς
2872 4774 2965 4826 καὶ
2988 4773 3249 4837 δικαστὰς
3296 4770 3459 4838 τάξαι
3498 4771 3596 4824 καὶ
3623 4771 3727 4836 τὰς

491 4878 602 4921 mel.
631 4868 844 4935 judices
872 4865 1176 4928 ordinaret,
1229 4879 1438 4932 easque
1481 4880 1679 4920 causas
1712 4879 2058 4935 cognoscere

480 4960 702 5028 juberet
756 4965 983 5021 attente,
1030 4963 1137 5009 tam
1191 4957 1245 5009 in
1306 4954 1598 5026 Magnaura
1646 4972 1746 5027 pro
1798 4956 2057 5012 tribunali

486 5049 741 5105 sedentes
764 5064 928 5118 quam
957 5048 1011 5102 in
1043 5046 1228 5110 Circo.
1265 5046 1478 5101 Edictis
1501 5063 1722 5118 quoque
1754 5040 2057 5119 prepositis

485 5141 724 5195 instituit
750 5151 809 5194 ut
841 5140 894 5194 hi
924 5138 1140 5210 judices
1170 5138 1489 5209 accipereut
1519 5154 1549 5195 e
1579 5124 1800 5210 publico
1831 5140 2050 5207 salaria,

482 5249 554 5288 ne
584 5232 814 5301 agitatas
866 5246 968 5301 pro
1033 5229 1297 5285 tribunali
1334 5246 1532 5287 causas
1593 5232 1747 5301 parvi
1805 5232 2054 5288 facerent

484 5322 772 5387 obiterque
805 5326 1132 5373 tractarent.
1196 5317 1389 5372 Itidem
1442 5319 1872 5389 pauperioribus
1927 5323 2055 5390 jure

482 5416 747 5465 aivcrsus
791 5412 930 5465 alios
985 5411 1406 5480 experiuntibus
1466 5412 1724 5466 alimenta
1783 5413 2051 5477 decrevit,

482 5518 550 5557 ne
579 5503 721 5557 fame
752 5503 1211 5559 contabescentes
1241 5505 1433 5561 litibus
1460 5504 1862 5561 renuntiarent.
1909 5506 2053 5560 Prac-

482 5604 628 5648 terea
662 5595 937 5665 proditum
968 5597 1246 5652 memoriae
1278 5598 1506 5665 scimus,
1547 5599 1934 5669 imperatorem
1980 5598 2047 5652 ad

479 5686 596 5740 haec
633 5691 749 5742 loca
780 5689 1016 5758 quadam
1064 5697 1309 5761 tempore
1363 5690 1430 5745 de
1476 5692 1622 5762 regia
1673 5705 2045 5760 progressum,

474 5790 599 5831 cum
644 5781 921 5834 nemine‘m
980 5783 1277 5852 reperisset
1334 5784 1402 5837 de
1441 5782 1549 5837 aiio
1590 5793 2039 5852 conquerentem,

477 5862 715 5943 ideoque
769 5871 1082 5944 suspicatus
1133 5884 1279 5932 esset
1336 5875 1480 5943 ibrte
1528 5874 1787 5938 homines
1826 5874 2043 5947 injuriis

2166 4863 2450 4931 ὑποθέσεις
2482 4868 2657 4921 ποιεῖν
2697 4866 2756 4920 ἐν
2803 4883 2863 4920 τε
2900 4869 2971 4939 τῇ
3006 4867 3313 4938 Μανναύρᾳ
3375 4864 3727 4935 καθημένους

2162 4958 2259 5012 καὶ
2309 4958 2387 5029 τῷ
2434 4959 2777 5030 ἱπποδρόμῳ.
2835 4960 3122 5014 Ἐτύπωσε
3178 4960 3236 5012 δὲ
3292 4960 3386 5014 καὶ
3436 4958 3721 5025 σιτηρέσια

2161 5048 2461 5119 λαμϐάνειν
2495 5051 2717 5117 αὐτοὺς,
2752 5050 2894 5105 ὥστε
2930 5048 3006 5122 μὴ
3056 5049 3165 5103 τῶν
3199 5048 3513 5102 ὑποθέσεων
3544 5060 3714 5100 -κατα-

2160 5146 2401 5212 φρονεῖν.
2443 5143 2643 5208 Ἐταξε
2690 5144 2748 5196 δὲ
2806 5144 2901 5197 καὶ
2959 5141 3167 5214 τροφὴν
3210 5143 3321 5205 τοῖς
3377 5139 3708 5205 πενεστέροτς

2156 5234 2264 5287 τῶν
2287 5235 2384 5299 τὰς
2414 5233 2569 5299 δίκας
2592 5235 2846 5307 ἐχόντων,
2874 5233 2950 5299 ὡς
2977 5238 3052 5305 μὴ
3100 5232 3178 5304 τῷ
3233 5230 3379 5303 λιμῷ
3428 5228 3713 5300 τηκόμενοι

2150 5326 2248 5388 τὰς
2271 5326 2425 5390 δίκας
2452 5327 2872 5411 ἀπαγρρεύοιεν.
2907 5328 3142 5397 Λέγεται
3174 5324 3231 5378 δὲ
3255 5324 3341 5385 ὅτι
3369 5322 3465 5376 καὶ
3508 5314 3717 5411 κατιίμν

2151 5415 2384 5469 ἐνταῦθά
2432 5430 2564 5467 ποτε
2603 5402 2650 5466 ’ὁ
2707 5413 2961 5484 βασιλεὺς
3020 5412 3116 5466 καὶ
3164 5409 3300 5482 μηδέ
3361 5425 3482 5463 τινα
3542 5402 3718 5475 εὑρὼν

2150 5507 2506 5575 ἐγκαλοῦντα,
2539 5508 2635 5561 καὶ
2679 5505 3028 5569 ὑποπτεύσας
3063 5504 3141 5574 μή
3176 5518 3292 5563 πως
3339 5496 3718 5570 ἐμποδίζονται

2149 5599 2243 5653 τοῦ
2275 5600 2410 5671 πρὸς
2436 5602 2602 5656 αὑτὸν
2638 5598 2985 5670 εἰσέρχεσθαι
3028 5597 3077 5650 oi
3138 5594 3509 5662 ἀδικούμενοι,
3556 5588 3719 5657 δορισ-

2150 5691 2349 5761 φόρους
2402 5692 2507 5746 ἀνὰ
2551 5694 2730 5747 πᾶσαν
2788 5689 2885 5761 τὴν
2935 5686 3262 5758 οἰκουμένην
3322 5679 3589 5753 επεμψεν,
3639 5671 3718 5737 ὧν

2147 5782 2214 5855 δὴ
2251 5786 2345 5836 καὶ
2407 5782 2890 5854 ὑποστρεψάντων,
2953 5783 3048 5833 καὶ
3102 5777 3237 5850 μηδι
3287 5791 3410 5828 τινα
3469 5769 3714 5826 τοιοῦτον

2146 5877 2415 5949 nam
2457 5878 2660 5950 εὑρεῖν,
2716 5875 2833 5947 μεθ’
2877 5873 3076 5948 ἡδονῆς
3143 5866 3417 5933 anima
3472 5864 3711 5934 δάκρυα·
