4070 6416
366 397 476 462 ἳέί9
1597 398 1916 462 ᾹΝΝΑΙᾸῘ

2039 400 2230 462 PARS
2262 400 2359 462 IV.
3469 407 3571 470 550

373 519 468 572 καὶ
487 514 564 587 τῷ
592 514 712 586 Θεῷ
743 517 972 587 χάριτας
1003 518 1296 590 ὡμολόγει,
1322 518 1438 589 εῐγε
1459 517 1601 572 κατὰ
1615 517 1715 588 τὴν
1757 500 1916 572 αὐτοῦ

2025 517 2250 574 allectos
2278 518 2460 589 aliquo
2481 518 2646 575 modo
2676 519 2930 592 impediri
2962 537 3072 594 quo
3097 523 3372 580 minus-sd
3393 526 3573 595 ipsum

371 605 650 679 βασιλείαν
684 605 958 667 οὗκ.ἐστιν
991 610 1019 662 6
1053 607 1426 680 ἀδικούμενος.

2029 608 2372 676 accederent,
2397 610 2658 672 satellites
2684 625 2780 680 per
2811 611 2999 667 orbem
3026 613 3322 682 dimisisse,
3357 619 3449 688 qui
3481 619 3575 672 ubi

368 699 577 756 reversi
630 701 894 768 fuissent,
953 717 1133 773 neque
1182 717 1241 758 se
1299 717 1632 774 quemquam
1674 700 1950 758 invenisse
1984 697 2231 757 dicerent
2257 702 2350 772 qui
2401 703 2753 773 querelarum
2785 702 2991 776 aliquid
3028 706 3279 774 haberet,
3312 723 3422 779 prae
3446 726 3578 780 gau-

368 796 748 868 diolacrymas
770 797 1000 866 fudisse,
1029 800 1251 872 Deoque
1284 799 1488 872 gratias
1540 799 1719 872 egisse
1763 796 1910 870 quod
1947 812 2008 854 se
2044 799 2346 869 imperante
2409 798 2699 856 accidisset
2734 810 2796 856 ut
2857 815 3104 860 nemose
3147 804 3350 876 injuste.
3376 814 3578 863 tractu-

369 901 480 946 tum
508 903 939 961 oppressumque
969 892 1200 948 diceret.

450 981 509 1034 '0
538 983 621 1043 είς
647 980 864 1046 ἀδοξίαν
906 981 1014 1036 ἀπὸ
1052 981 1210 1055 δόξης
1271 983 1588 1055 περιπεσὼν
1650 999 1916 1058 παραμυ-

2093 975 2362 1032 ϐαιιετυιη
2396 976 2591 1047 siquis
2637 987 2725 1034 est
2772 981 2865 1051 qui
2911 997 2979 1038 ex
3014 983 3218 1055 ingenti
3266 988 3438 1058 gloria
3476 1006 3576 1063 per

374 1073 491 1137 θίας
518 1071 866 1135 άπολαυὲτω,
900 1071 1000 1144 τὴν
1031 1072 1146 1127 άνω
1209 1074 1304 1128 xui.
1366 1075 1519 1130 κάτω
1573 1072 1751 1144 φοράν
1806 1072 1921 1128 τῶν

371 1164 464 1234 τῆς
491 1164 706 1234 ἀμάξης
743 1164 956 1234 τροχῶν
1023 1169 1340 1238 συστρέφων
1389 1168 1513 1223 καθ’
1551 1169 1745 1223 ἑαυτόν
1772 1181 1786 1197 °
1817 1165 1922 1238 τῆς

369 1256 478 1328 γάρ
536 1259 772 1311 ἀστάτου
835 1274 944 1310 των
999 1257 1300 1328 ἀνθρώπων
1352 1259 1700 1330 εὐδαιμονίας
1756 1259 1921 1313 είκὼν

368 1346 506 1419 αὕτη
541 1347 660 1402 ὶστὶ
721 1351 1029 1420 προφανής.
1072 1351 1286 1407 ’0ποῖον
1326 1351 1391 1424 δὴ
1434 1353 1600 1408 πάλαι
1648 1351 1919 1424 πεποίηκε

368 1441 462 1493 καὶ
505 1440 533 1492 6
568 1440 851 1506 σουλδάνος
906 1446 1114 1507 ἐκεῖνος
1165 1444 1194 1498 6
1251 1444 1547 1517 βάρϐαρος.
1598 1438 1767 1510 Οὗτος
1809 1447 1920 1521 γάρ

366 1532 474 1585 ὑπὸ
503 1531 598 1585 τοῦ
631 1532 734 1602 τῆς
777 1535 1061 1606 Φραγγίας
1115 1537 1374 1607 ἄρχοντος
1425 1539 1781 1608 κατασχεθεὶς
1824 1539 1921 1592 καὶ

365 1625 565 1677 διετίαν
614 1627 670 1678 ἐν
725 1629 788 1695 τῇ
822 1629 1036 1700 φρουρᾷ
1083 1630 1313 1700 ποιήσας
1365 1631 1462 1685 οὐκ
1497 1627 1652 1701 ὤφθη
1685 1630 1923 1697 γελάσας

369 1719 519 1772 ποτέ.
574 1716 722 1772 Μετᾶ
766 1717 823 1788 δὲ
878 1719 1050 1773 ταῦτα
1097 1721 1323 1790 γελάσαι
1377 1721 1565 1775 τοῦτον
1597 1723 1626 1777 6
1672 1723 1924 1794 Φράγγος

368 1805 705 1875 μεμαθηκὼς
748 1806 926 1878 ἐρωτᾷ
955 1807 1054 1880 τὴν
1084 1809 1282 1863 αἰτίαν.
1324 1811 1432 1864 Καὶ
1449 1811 1508 1874 ὃς
1550 1811 1700 1880 ἔλεγε
1729 1812 1923 1883 τροχὸν

372 1897 501 1948 ἰδεῖν
531 1897 746 1966 ἁμάξης
776 1901 904 1952 ποτὲ
937 1901 1048 1953 ἄνω
1113 1903 1247 1954 ποτὲ
1282 1901 1339 1955 δὲ
1396 1905 1547 1958 κάτω
1600 1905 1922 1976 φερόμενον,

365 1986 458 2039 καὶ
481 1986 655 2057 τούτῳ
672 1988 739 2039 τὰ
756 1988 873 2041 κατ’
895 1988 1056 2042 αὑτὸν
1077 1990 1415 2061 παρεικάσας
1435 1991 1494 2046 τὸ
1511 1992 1602 2046 τοῦ
1627 1993 1742 2063 βίου
1761 1993 1925 2063 γελά-

367 2093 454 2129 σαι
491 2077 798 2147 ἀνώμαλον.
829 2078 919 2148 Τῷ
942 2080 1178 2152 Φράγγῳ
1207 2081 1394 2135 λοιπδν
1435 2082 1678 2154 ᾠκείωτο
1716 2084 1922 2153 ἔκτοτε,

367 2168 462 2221 καὶ
503 2166 807 2238 σύμϐουλος
861 2164 929 2240 ἧν
977 2170 1174 2239 ἐκείνῳ
1221 2171 1311 2224 διὰ
1358 2171 1458 2242 τὴν
1495 2172 1660 2244 αὐτοῦ
1689 2173 1924 2233 σῦνεσιν.

2019 1081 2206 1123 casum
2235 1068 2471 1139 aliquem
2519 1069 2809 1127 adversum
2855 1073 2927 1128 ad
2959 1077 3331 1134 conditionem
3372 1084 3574 1139 obscu-

2018 1174 2134 1214 ram
2163 1160 2690 1233 ignominiosamque
2719 1166 2995 1233 pervenit,
3023 1167 3070 1222 is
3095 1183 3220 1222 cum
3250 1173 3432 1227 animo
3476 1191 3578 1229 suo

2018 1251 2364 1323 perpendens
2386 1267 2496 1322 quo
2525 1263 2684 1322 pacto
2718 1266 2852 1310 rota:
2903 1257 3126 1314 curules
3168 1274 3385 1316 sursum
3417 1263 3580 1318 deor-

2017 1359 2251 1415 sumque
2285 1343 2553 1410 ferantur,
2601 1358 2662 1400 se
2706 1345 2884 1414 ipsum
2933 1349 3271 1404 consoletur.
3325 1351 3460 1406 Nam
3513 1369 3580 1409 ea

2017 1438 2284 1494 volutatio
2318 1451 2580 1508 perquam
2609 1437 2810 1492 illustri
2847 1437 3089 1494 declarat
3124 1441 3359 1513 imagine
3411 1461 3578 1515 quam

2022 1529 2295 1586 instabilis
2327 1528 2399 1584 sit
2423 1528 2663 1606 humana
2695 1528 2950 1585 felicitas.
3008 1530 3122 1586 Tali
3157 1542 3304 1588 certe
3325 1540 3581 1606 superio-

2018 1625 2173 1680 ribus
2199 1623 2351 1678 bisce
2385 1603 2724 1689 temporibus
2755 1622 3009 1692 exemplo
3040 1623 3308 1681 barbarus
3343 1603 3434 1684 ille
3459 1632 3578 1686 sul-

2019 1718 2196 1773 danus
2223 1712 2518 1784 aliquando
2539 1721 2624 1768 est
2645 1729 2805 1769 usus.
2852 1713 2990 1769 Nam
3016 1731 3141 1772 cum
3174 1733 3202 1772 a
3234 1719 3578 1777 Francorum

2021 1808 2271 1879 principe
2301 1805 2551 1876 captivus
2583 1805 2942 1868 detineretur,
2977 1815 3266 1878 totumque
3290 1810 3580 1869 biennium

2021 1901 2078 1956 in
2113 1898 2347 1955 vinculis
2373 1897 2669 1968 exegisset,
2695 1913 2978 1966 nunquam
3006 1913 3135 1953 eum
3160 1901 3432 1957 ridentem
3478 1905 3581 1959 ali-

2023 1992 2148 2064 quis
2179 1992 2489 2062 conspexit.
2519 1989 2759 2046 Tandem
2792 1991 3036 2046 Francus
3071 1992 3352 2050 inteliecto
3399 1998 3583 2052 sulda-

2023 2100 2154 2142 num
2192 2084 2409 2147 risisse,
2436 2083 2507 2138 de
2533 2083 2770 2152 ipsumet
2811 2083 2959 2137 risus
2997 2084 3144 2140 illius
3174 2099 3395 2142 causam
3428 2104 3583 2159 quaa-

2025 2178 2116 2233 rit.
2146 2175 2286 2231 Tum
2310 2174 2402 2230 ille
2426 2188 2483 2229 se
2510 2173 2737 2244 plaustri
2769 2183 2941 2229 rotam
2965 2175 3226 2230 intuitum
3262 2180 3581 2247 reSpondet.

361 2273 481 2327 qua:
509 2259 670 2314 modo
695 2275 912 2316 sursum
946 2260 1106 2318 modo
1131 2261 1384 2318 deorsum
1410 2263 1666 2322 ferretur.
1694 2265 1758 2322 Ei
1787 2282 1848 2325 se
1879 2285 2037 2326 casus
2060 2284 2189 2326 suos
2213 2265 2738 2331 accommodantem,
2771 2281 2878 2320 non
2911 2268 3152 2336 potuisse
3182 2285 3291 2326 non
3327 2271 3581 2342 inaequa-

363 2347 499 2406 biles
532 2368 714 2408 rerum
775 2354 1136 2409 humanarum
1171 2354 1320 2412 vices
1340 2355 1544 2413 ridere.
1583 2357 1705 2424 Quo
1732 2359 1903 2414 verbo
1934 2369 2114 2418 motus
2141 2360 2384 2416 Francus
2409 2357 2696 2413 suldanum
2727 2357 2796 2413 ab
2833 2373 2900 2414 eo
2933 2367 3179 2430 tempore
3218 2378 3372 2417 suam
3409 2367 3464 2420 in
3497 2367 3583 2420 fa-

367 2446 731 2502 miliaritatem
761 2446 1001 2512 admisit,
1034 2447 1382 2520 hominisque
1404 2451 1746 2520 prudentiam
1766 2453 2066 2510 admiratus
2099 2469 2225 2510 eum
2251 2455 2307 2508 in
2331 2451 2768 2507 consiliariorum
2794 2466 3016 2507 suorum
3056 2468 3343 2510 numerum
3375 2459 3585 2528 retulit,

443 2537 499 2591 '0
520 2538 799 2602 όασίλειος
821 2537 878 2590 δὲ
911 2540 1051 2610 μετά
1089 2540 1150 2593 τὸ
1208 2541 1480 2613 κρατῆσαι
1510 2542 1654 2597 κατά
1713 2545 1914 2616 Συρίας

2089 2546 2226 2601 Cum
2256 2545 2495 2615 primum
2537 2552 2718 2598 autem
2746 2543 2984 2600 Basilius
3011 2544 3306 2614 imperium
3334 2552 3584 2618 occepis.

370 2629 624 2700 ὥρμησεο
669 2631 764 2685 καὶ
820 2632 1282 2703 Γερμανικόπολιν
1331 2634 1388 2687 δέ
1441 2652 1565 2690 τινα
1613 2635 1916 2708 λεγομένην

373 2721 572 2776 Ἀδατα
600 2720 925 2794 πολιορκῶν,
961 2727 1054 2778 καὶ
1091 2725 1298 2794 ταύτην
1338 2725 1481 2794 όρῶν
1549 2727 1651 2797 τῆς
1699 2729 1917 2800 πολιορ-

367 2813 489 2876 κίας
552 2814 924 2884 ὀλιγωροῦσαν
974 2816 1077 2887 ἔφη
1108 2834 1123 2848 ο
1171 2834 1192 2869 t
1248 2817 1364 2886 Ἐφ’
1435 2819 1541 2888 ὅτῳ
1596 2819 1917 2883 πεποιθότες

368 2906 685 2976 ἀμερίμνως
710 2906 886 2971 οὕτως
922 2908 1140 2979 ἐχουσις
1195 2927 1214 2962 ι
1276 2910 1460 2980 Γέρων
1491 2910 1548 2964 δέ
1592 2929 1676 2974 τις
1708 2912 1918 2966 ἐκεῖθεν

369 3000 695 3070 ἁπεκρίνατο
722 3017 739 3035 ο
785 3019 804 3053 ι
840 3002 914 3055 Οὐ
937 3002 1091 3072 παρὰ
1129 3001 1245 3071 σοῦ,
1287 2995 1332 3056 ὦ
1377 3002 1623 3073 βασιλεῦ,
1674 3006 1709 3075 ἢ
1767 3005 1920 3068 πόλις

366 3089 521 3160 ἡμῶν
547 3090 750 3144 ἁλῶναι
780 3092 897 3143 νυνὶ
933 3092 1241 3162 πέπρωται,
1277 3092 1430 3162 παρὰ
1458 3092 1515 3145 δέ
1547 3109 1642 3146 του
1671 3094 1780 3145 τῶν
1811 3093 1921 3147 σῶν

365 3172 409 3246 ᾧ
441 3181 842 3244 Κωνσταντῖνος
868 3181 1058 3250 ὄνομα.
1096 3200 1114 3233 ι
1153 3183 1259 3236 Καὶ
1289 3181 1347 3245 ὃς
1379 3182 1660 3245 ὑποδείξας
1681 3182 1772 3236 τὸν
1809 3182 1924 3234 υίὸν

370 3270 540 3322 αὐτοῦ
599 3271 1023 3338 Κωνσταντίνον,
1062 3273 1295 3343 ἡκουσεν
1347 3273 1422 3336 ὡς
1478 3274 1591 3326 Οὐκ
1645 3273 1791 3328 ἐστιν
1827 3273 1923 3327 αὑ-

371 3360 483 3425 τὸς,
515 3360 630 3413 ἀλλ’
667 3363 844 3431 ἕτερός
893 3381 977 3425 τις
1035 3363 1175 3434 μετὰ
1224 3364 1414 3434 χρόνον
1460 3365 1652 3435 συχνὸν
1699 3367 1763 3419 ὲκ
1816 3365 1910 3418 σοῦ

371 3453 602 3522 ἁναφῦς.
649 3455 752 3507 Καὶ
791 3459 819 3508 6
869 3455 1146 3518 Βασίλειος
1198 3456 1286 3510 ἵνα
1314 3457 1411 3526 τὴν
1465 3457 1768 3528 πρόρρησιν
1801 3457 1917 3526 διη-

369 3533 724 3614 μαρτημένην
760 3546 976 3618 ἐλέγξῃ,
1027 3547 1120 3600 ἐπὶ
1169 3547 1330 3600 πλέον
1349 3549 1417 3618 τῇ
1449 3547 1734 3618 πολιορκίᾳ
1756 3563 1920 3616 προσ-ο

366 3637 564 3692 ἑκειτο.
633 3638 796 3692 Ἀλλὰ
851 3640 1018 3709 μηδὲν
1067 3639 1270 3702 ἀνύσας
1332 3638 1486 3702 κενὸς
1533 3639 1740 3693 ἐκεῖθεν
1789 3640 1918 3694 ὑπέ-

367 3731 616 3796 στρεψεν.

2014 2647 2120 2703 set,
2179 2638 2233 2692 in
2285 2636 2497 2707 Syriam
2542 2635 2950 2705 expeditionem
2999 2637 3283 2706 suscepit;
3343 2655 3583 2710 cumque

2013 2725 2275 2796 Oppidum
2302 2723 2576 2794 quoddam
2609 2721 3127 2792 Germanicopolim,
3155 2725 3301 2795 quod
3337 2728 3448 2781 alio
3484 2744 3586 2784 no-

2013 2819 2162 2872 mine
2204 2817 2374 2870 Adata
2408 2823 2844 2884 nuncuparetur,
2878 2815 3162 2871 obsidione
3200 2817 3472 2889 cingeret,
3519 2835 3583 2873 ac

2015 2909 2267 2964 homines
2311 2907 2566 2963 obsessos
2619 2906 2969 2976 imperatoris
3037 2916 3293 2963 conatum
3345 2908 3586 2966 ﬂoccil'a-

2019 3017 2142 3058 cere
2171 3001 2400 3064 videret,
2430 3001 2600 3069 quaeri
2636 3000 2802 3069 jussit
2845 3015 3082 3070 quonam
3145 3001 3398 3070 praesidio
3449 3003 3582 3057 freti

2029 3105 2138 3148 tam
2167 3107 2359 3148 secure
2386 3093 2668 3162 degerent.
2711 3091 2850 3146 Tum
2898 3092 3122 3162 quidam
3179 3109 3242 3148 ex
3287 3093 3583 3164 oppidanis

2021 3198 2210 3250 senex,
2239 3181 2636 3253 «Nequaquam,
2654 3201 2672 3235 ι
2695 3182 2792 3247 ait,
2818 3184 2900 3236 «in
2918 3183 3162 3248 fatiscat,
3185 3183 3500 3254 imperator,
3523 3195 3585 3240 ut

2021 3277 2119 3330 abs
2151 3282 2204 3330 te
2228 3284 2474 3330 nostrum
2510 3274 2618 3330 huc
2666 3273 2929 3345 oppidum
2957 3274 3120 3346 296
3151 3275 3440 3344 capiatur:
3474 3276 3574 3330 sed

2023 3365 2079 3419 in
2107 3366 2336 3438 alicujus
2363 3375 2605 3430 tuorum,
2663 3367 2756 3436 qui
2789 3367 3132 3422 Corismntini
3181 3383 3377 3422 nomen
3412 3368 3586 3422 liabe-

2021 3456 2122 3522 bit,
2155 3466 2482 3527 potestatem
2517 3459 2815 3528 aliquando
2847 3461 3088 3514 veniet.»
3127 3461 3199 3515 lis
3243 3461 3453 3515 auditis
3486 3461 3588 3514 ini-

2018 3560 2270 3619 peratore
2301 3549 2470 3604 illium
2496 3564 2656 3604 suum
2679 3550 3101 3606 Constantinum
3135 3553 3268 3622 ipsis
3300 3567 3586 3607 commou-

2016 3649 2224 3694 strante
2259 3655 2582 3711 responsum
2626 3650 2842 3696 estnon
2875 3643 3020 3697 hunc
3067 3644 3492 3698 Constantinum
3522 3644 3584 3697 il-

2012 3730 2125 3784 lum
2159 3746 2302 3798 esse,
2335 3733 2428 3787 sed
2460 3733 2624 3788 alium
2675 3735 2966 3797 quemdam
3024 3750 3091 3790 ex
3150 3737 3323 3805 ipsius
3347 3736 3584 3804 posteris

370 3821 468 3876 hoc
493 3824 736 3888 nomine,
772 3825 958 3881 multis
1000 3827 1158 3882 annis
1209 3825 1702 3890 intercedentibus,
1739 3826 2094 3881 exstiturum.
2153 3827 2270 3882 Hoc
2334 3827 2653 3882 vaticinium
2714 3827 2946 3883 Basilius
2975 3838 3033 3882 ut
3084 3828 3281 3884 falsum
3336 3827 3582 3882 irritum-

364 3930 466 3982 que
495 3917 815 3984 declararet,
857 3920 1058 3988 majore
1118 3919 1303 3974 studio
1337 3935 1499 3989 quam
1559 3920 1714 3990 prius
1768 3919 2015 3975 intentus
2047 3919 2442 3990 oppugnationi
2502 3927 2640 3974 erat.
2708 3919 2903 3975 Verum
2966 3921 3168 3976 iniecta
3243 3935 3303 3976 re
3370 3935 3582 3989 suaque

363 4027 457 4080 spe
483 4013 777 4069 frustratus
811 4009 1147 4070 obsidionem
1171 4015 1355 4070 solvit.

428 4104 596 4170 Οὗτος
643 4108 671 4159 6
699 4107 994 4173 Βασίλειος,
1031 4111 1113 4164 ὅτι
1135 4109 1356 4179 Μιχαὴλ
1385 4108 1558 4163 ἀνεῖλε
1606 4109 1696 4162 τδν
1731 4109 1915 4164 Μεθυ-

2087 4103 2355 4171 Quoniam
2398 4117 2527 4158 vero
2556 4101 2786 4158 Basilius
2829 4101 3154 4158 Michaelum
3201 4103 3352 4158 illum
3382 4105 3584 4163 Temu-

365 4201 516 4265 στὴν,
549 4195 660 4253 οἷον
718 4201 1132 4271 ἐξιλασκόμενος
1163 4201 1254 4255 τον
1299 4201 1453 4265 Θεὸν,
1503 4200 1770 4271 πολλαχοῦ
1813 4200 1912 4270 τῆς

364 4292 569 4355 πόλεως
593 4293 673 4363 τῷ
706 4295 1130 4366 άρχιστρατήγῳ
1179 4294 1400 4364 Μιχαὴλ
1447 4293 1613 4358 ναοὺς
1660 4293 1914 4363 ἐδείματο

362 4387 427 4436 ἐκ
452 4384 666 4454 καινῆς,
700 4380 774 4438 ὧν
800 4380 879 4448 εἷς
930 4387 1027 4438 καὶ
1073 4388 1106 4457 ή
1152 4387 1211 4438 ὲν
1247 4387 1325 4456 τῷ
1354 4385 1602 4455 παλατίῳ
1645 4385 1912 4454 λεγομένη

360 4475 495 4530 Νέα.
519 4476 802 4546 Ἐδείματο
849 4478 905 4531 δὲ
940 4480 1042 4532 κάν
1076 4477 1152 4548 τῷ
1202 4478 1351 4550 φόρῳ
1395 4477 1521 4530 ναὸν
1572 4476 1658 4528 ἐπ’
1690 4476 1913 4544 ὀνόματι

358 4570 456 4637 τῆς
485 4569 770 4636 Θεοτόκου,
811 4570 886 4632 ὡς
937 4569 1002 4623 ἂν
1047 4567 1220 4640 ἔχοιεν
1271 4569 1322 4621 οί
1394 4567 1911 4638 πραγματευόμενοι

361 4654 513 4713 οἶκον
555 4663 884 4732 προσευχῆς.
925 4660 1098 4716 Πολλὰ
1125 4661 1222 4730 μὲν
1242 4658 1336 4714 οὖν
1361 4663 1458 4712 καὶ
1492 4660 1630 4714 ἄλλα
1662 4674 1915 4725 καινουρο

363 4748 541 4818 γήσας
575 4749 602 4799 6
626 4748 902 4810 Βασίλειος
925 4748 1022 4800 καὶ
1055 4745 1377 4817 κινστέρναν
1407 4746 1731 4816 άπεκάθηρέ
1767 4759 1908 4810 τινα,

360 4838 428 4903 ἣν
455 4835 484 4886 6
527 4834 782 4904 βασιλεὺς
819 4837 1136 4904 Ἡράκλειος
1201 4836 1474 4906 ἀπέχωσε,
1526 4834 1703 4899 κῆπον
1740 4834 1912 4902 αὐτὴν

360 4927 596 4996 ποιήσας
653 4926 917 4998 λαχάνων.
977 4925 1146 4980 Τοῦτο
1177 4926 1234 4979 δὲ
1289 4925 1511 4996 ἐποίησε
1565 4926 1662 4977 καὶ
1707 4927 1765 4978 ἐν
1793 4925 1909 4987 ταῖς

359 5017 552 5081 οὔσαις
581 5019 734 5083 ἐντὸς
762 5020 858 5073 τοῦ
889 5018 1174 5082 παλατίου,
1208 5020 1276 5088 τῇ
1329 5033 1386 5069 τε
1424 5019 1562 5087 πρὸς
1585 5017 1708 5087 γτῆς
1758 5017 1911 5070 Μαν-

361 5109 568 5179 ναύρας
591 5108 684 5162 καὶ
716 5113 780 5180 τῇ
819 5110 1020 5180 μεταξὺ
1085 5107 1466 5163 Ἰουστινιανοῦ
1499 5108 1594 5160 καὶ
1635 5105 1731 5159 τοῦ
1763 5108 1911 5160 Λαυ-

363 5200 559 5257 σακοῦ.
629 5201 688 5253 ’0
714 5203 824 5272 γάρ
892 5203 1216 5271 Ἡράκλειος
1281 5201 1434 5271 παρὰ
1488 5199 1761 5268 Στεφάνου
1815 5197 1910 5250 τοῦ

362 5293 648 5362 φιλοσόφου
699 5295 796 5364 τὴν
852 5295 1064 5361 γένεσιν
1119 5293 1284 5346 αὑτοῦ
1344 5292 1912 5364 πολυπραγμονήσαν-

358 5402 448 5450 τος
479 5386 667 5456 μαθὼν
687 5387 760 5452 ὡς
781 5386 841 5452 ἐξ
871 5386 1061 5450 ὓδατος
1083 5386 1246 5440 αὐτὸν
1268 5387 1480 5457 ἀνάγκη
1507 5385 1786 5454 τελευτᾷν,
1809 5383 1909 5444 τὰς

2016 4197 2224 4253 lentum
2267 4197 2642 4259 interiecerat,
2669 4195 2920 4265 placandi
2954 4194 3049 4249 Dei
3081 4210 3248 4250 causa
3277 4197 3462 4252 multis
3483 4215 3582 4270 per

2015 4287 2205 4341 urbem
2236 4285 2373 4340 locis
2410 4299 2580 4339 novas
2628 4285 2773 4339 (cdes
2821 4284 3090 4340 Michaelo
3121 4286 3358 4356 principi
3389 4290 3581 4358 copia-

2017 4393 2137 4431 rum
2171 4378 2476 4432 coslestium
2505 4376 2630 4430 duci
2665 4377 2954 4430 exstruxit.
3019 4376 3098 4430 Ex
3147 4379 3216 4432 iis
3248 4393 3355 4432 una
3405 4390 3490 4433 est
3521 4381 3578 4433 in

2015 4468 2238 4536 palatio,
2297 4482 2461 4538 quam
2513 4466 2719 4521 Novam
2776 4466 3073 4536 appellant.
3127 4468 3320 4524 Itidem
3358 4472 3413 4525 in
3453 4472 3577 4526 fore

2017 4559 2280 4628 templum
2344 4560 2551 4614 nomini
2583 4559 2828 4628 Deiparm
2878 4559 3120 4614 dicatum
3195 4562 3466 4626 condidit,
3517 4573 3580 4618 ut

2012 4652 2157 4704 aedes
2186 4651 2312 4708 istic
2335 4653 2516 4722 aliqua
2541 4651 2682 4705 foret
2707 4652 2760 4705 in
2783 4666 2889 4720 qua
2923 4663 3257 4714 mercatores
3282 4667 3576 4722 precaren-

2016 4741 2126 4796 tur‘.
2159 4741 2430 4798 Praeterea
2469 4745 2737 4814 reparatis
2771 4744 3198 4814 instauratisque
3234 4745 3421 4798 multis
3447 4761 3578 4815 ope-

2016 4831 2174 4887 ribus
2198 4833 2362 4888 etiam
2390 4834 2684 4902 quamdam
2721 4835 3015 4889 cisternam
3041 4836 3384 4906 expurgavit,
3412 4851 3577 4906 quam

2015 4920 2299 4979 Heraclius
2338 4925 2635 4996 imperator
2654 4927 2820 4980 humo
2851 4928 3061 4995 ingesta
3085 4927 3406 4997 cppleverat
3430 4929 3578 4999 ejus—

2013 5027 2122 5080 que
2145 5013 2267 5069 loco
2306 5015 2526 5070 hortum
2557 5016 2767 5071 olerum
2798 5017 3076 5071 eﬂ‘ecerat.
3135 5017 3284 5072 idem
3321 5020 3578 5088 pragstitit

2013 5103 2068 5156 in
2103 5103 2172 5159 iis
2206 5106 2458 5161 cisternis
2495 5125 2615 5177 quae
2641 5118 2770 5162 sunt
2800 5111 2942 5162 intra
2975 5103 3261 5178 palatium,
3321 5121 3377 5165 et
3425 5111 3478 5164 in
3514 5129 3577 5164 cu

2012 5211 2136 5262 qua:
2163 5207 2245 5252 est
2272 5198 2340 5252 ad
2373 5198 2706 5264 Marrnaram,
2739 5211 2793 5254 et
2825 5201 2878 5254 in
2913 5201 3019 5255 alia
3057 5218 3180 5271 qua:
3238 5206 3383 5257 inter
3409 5204 3580 5258 Justi-

2013 5284 2274 5340 nianeum
2307 5301 2371 5341 ac
2398 5287 2703 5344 Lausacum
2761 5290 2864 5343 sita
2896 5301 3001 5344 est.
3058 5290 3192 5344 Nam
3220 5305 3352 5344 cum
3404 5291 3576 5344 Ilera-

2012 5375 2157 5430 clius
2209 5392 2276 5432 ex
2335 5377 2620 5448 Stephano
2680 5380 3031 5449 philosopho,
3082 5381 3178 5451 qui
3233 5382 3574 5436 nativitatem

359 5476 468 5527 τῶν
513 5476 868 5546 κινστερνῶν,
897 5476 971 5539 ὡς
991 5476 1235 5545 είρηται,·
1260 5474 1602 5546 προσχώσεις
1627 5473 1906 5539 εποίησεν.

2017 5471 2136 5540 ejus
2172 5473 2392 5528 curiose
2420 5486 2797 5543 perscrutatus
2825 5478 3022 5540 iuerat,
3085 5492 3178 5545 per
3240 5489 3434 5544 aquam
3469 5473 3574 5526 sibi

355 5571 697 5626 moriendum
723 5586 843 5624 esse
868 5571 1232 5639 cegnovisset,
1261 5571 1552 5636 cisternas,
1576 5576 1636 5622 ut
1652 5566 1906 5630 diximus,
1933 5577 2138 5631 passm
2169 5565 2540 5623 obstruxerat.

439 5662 502 5715 ὐ
530 5664 712 5732 μέντοι
751 5663 844 5716 τοῦ
882 5663 1145 5734 βασιλέως
1185 5665 1301 5725 υίὸς
1355 5663 1766 5724 Κωνσταντῖνος
1818 5677 1911 5718 νο·

357 5757 530 5824 σήσας
563 5755 821 5810 ἀπέθανε.
855 5757 961 5809 Καὶ
992 5757 1021 5808 6
1075 5758 1434 5828 αὐτοκράτωρ
1466 5757 1561 5809 τὸν
1592 5753 1758 5808 αὑτοῦ
1813 5755 1908 5808 θά-

361 5859 521 5898 νατον
548 5843 608 5895 οὗ
631 5843 808 5913 ςέρων
842 5844 1020 5914 ἐζήτει
1053 5845 1230 5910 ζῶντα
1271 5846 1458 5900 τοῦτον
1508 5841 1915 5913 ἐμφανισθῆναι

2079 5659 2395 5716 secundum
2426 5663 2541 5717 haec
2568 5663 2754 5718 evenit
2802 5673 2863 5718 ut
2894 5664 3290 5721 Constantinus
3343 5668 3577 5734 impera-

2007 5754 2142 5806 toris
2177 5753 2361 5808 Basilii
2395 5754 2540 5811 iliius
2565 5758 2757 5814 morbo
2785 5770 3074 5826 correptus
3125 5759 3344 5812 tandem
3395 5773 3577 5811 more-

2027 5854 2201 5901 retur.
2237 5846 2365 5903 Eam
2399 5847 2494 5903 illii
2527 5857 2756 5906 mortem
2795 5864 2917 5906 cum
2951 5853 3248 5920 imperator
3283 5848 3576 5906 admodum
