  <div class='ocr_page' id='page_1' title='image "/cluster/home/n/w/nwhite01/storage/ocr_20150623/158/coo.31924054870633/311.png"; bbox 0 0 4070 6436; ppageno 0'>
   <div class='ocr_carea' id='block_1_1' title="bbox 528 371 634 442">
    <p class='ocr_par' dir='ltr' id='par_1_1' title="bbox 528 371 634 442">
     <span class='ocr_line' id='line_1_1' title="bbox 528 371 634 442; baseline 0.066 -6"><span class='ocrx_word' id='word_1_1' title='bbox 528 371 634 442; x_wconf 64' lang='lat'><strong>5.2-1</strong></span> 
     </span>
    </p>
   </div>
   <div class='ocr_carea' id='block_1_2' title="bbox 1787 377 2490 439">
    <p class='ocr_par' dir='ltr' id='par_1_2' title="bbox 1787 377 2490 439">
     <span class='ocr_line' id='line_1_2' title="bbox 1787 377 2490 439; baseline 0.004 -4"><span class='ocrx_word' id='word_1_2' title='bbox 1787 377 2200 438; x_wconf 61' lang='lat' dir='ltr'><strong>MiCl-lAELlS‘:</strong></span> <span class='ocrx_word' id='word_1_3' title='bbox 2238 379 2490 439; x_wconf 62' lang='lat' dir='ltr'><strong>GLYCE</strong></span> 
     </span>
    </p>
   </div>
   <div class='ocr_carea' id='block_1_3' title="bbox 3654 370 3756 432">
    <p class='ocr_par' dir='ltr' id='par_1_3' title="bbox 3654 370 3756 432">
     <span class='ocr_line' id='line_1_3' title="bbox 3654 370 3756 432; baseline 0 -1"><span class='ocrx_word' id='word_1_4' title='bbox 3654 370 3756 432; x_wconf 68' lang='lat'><strong>559</strong></span> 
     </span>
    </p>
   </div>
   <div class='ocr_carea' id='block_1_4' title="bbox 538 475 2098 563">
    <p class='ocr_par' dir='ltr' id='par_1_4' title="bbox 538 490 2095 563">
     <span class='ocr_line' id='line_1_4' title="bbox 538 490 2095 563; baseline -0.004 -16"><span class='ocrx_word' id='word_1_5' title='bbox 538 509 683 563; x_wconf 76' lang='lat' dir='ltr'><strong>a-gro</strong></span> <span class='ocrx_word' id='word_1_6' title='bbox 747 492 1061 563; x_wconf 84' lang='lat' dir='ltr'><strong>dolentique</strong></span> <span class='ocrx_word' id='word_1_7' title='bbox 1115 492 1278 547; x_wconf 84' lang='lat' dir='ltr'><strong>ferret</strong></span> <span class='ocrx_word' id='word_1_8' title='bbox 1325 491 1528 554; x_wconf 83' lang='lat' dir='ltr'><strong>animo,</strong></span> <span class='ocrx_word' id='word_1_9' title='bbox 1592 490 2095 559; x_wconf 51' lang='lat' dir='ltr'><strong>percupirhsteum</strong></span> 
     </span>
    </p>
   </div>
   <div class='ocr_carea' id='block_1_5' title="bbox 2199 475 3755 563">
    <p class='ocr_par' dir='ltr' id='par_1_5' title="bbox 2203 475 3755 560">
     <span class='ocr_line' id='line_1_5' title="bbox 2203 475 3755 560; baseline -0.008 -16"><span class='ocrx_word' id='word_1_10' title='bbox 2203 491 2371 560; x_wconf 76' lang='grc' dir='ltr'>αὐτῷ.</span> <span class='ocrx_word' id='word_1_11' title='bbox 2398 488 2644 559; x_wconf 73' lang='grc' dir='ltr'>Μονσχδς</span> <span class='ocrx_word' id='word_1_12' title='bbox 2686 488 2741 541; x_wconf 84' lang='grc' dir='ltr'><strong>δέ</strong></span> <span class='ocrx_word' id='word_1_13' title='bbox 2773 505 2854 550; x_wconf 88' lang='grc' dir='ltr'><strong>τις</strong></span> <span class='ocrx_word' id='word_1_14' title='bbox 2899 485 3179 555; x_wconf 76' lang='grc' dir='ltr'>Εὑχαῐτῶν</span> <span class='ocrx_word' id='word_1_15' title='bbox 3217 483 3496 554; x_wconf 70' lang='grc' dir='ltr'>πρόεδρος,</span> <span class='ocrx_word' id='word_1_16' title='bbox 3531 475 3573 549; x_wconf 77' lang='grc' dir='ltr'>ᾧ</span> <span class='ocrx_word' id='word_1_17' title='bbox 3622 481 3755 532; x_wconf 76' lang='grc' dir='ltr'>Σαν-</span> 
     </span>
    </p>
   </div>
   <div class='ocr_carea' id='block_1_6' title="bbox 539 583 2096 654">
    <p class='ocr_par' dir='ltr' id='par_1_6' title="bbox 539 583 2096 654">
     <span class='ocr_line' id='line_1_6' title="bbox 539 583 2096 654; baseline -0.003 -13"><span class='ocrx_word' id='word_1_18' title='bbox 539 587 643 641; x_wconf 85' lang='lat' dir='ltr'><strong>sibi</strong></span> <span class='ocrx_word' id='word_1_19' title='bbox 678 587 796 640; x_wconf 81' lang='lat' dir='ltr'><strong>viva</strong></span> <span class='ocrx_word' id='word_1_20' title='bbox 829 588 1007 654; x_wconf 87' lang='lat' dir='ltr'><strong>specie</strong></span> <span class='ocrx_word' id='word_1_21' title='bbox 1036 585 1243 640; x_wconf 76' lang='lat' dir='ltr'><strong>offerri.</strong></span> <span class='ocrx_word' id='word_1_22' title='bbox 1281 584 1417 638; x_wconf 80' lang='lat' dir='ltr'><strong>Tum</strong></span> <span class='ocrx_word' id='word_1_23' title='bbox 1469 600 1600 638; x_wconf 88' lang='lat' dir='ltr'><strong>vero</strong></span> <span class='ocrx_word' id='word_1_24' title='bbox 1640 583 1942 638; x_wconf 84' lang='lat' dir='ltr'><strong>menachus</strong></span> <span class='ocrx_word' id='word_1_25' title='bbox 1976 584 2096 653; x_wconf 92' lang='lat' dir='ltr'><strong>qui-</strong></span> 
     </span>
    </p>
   </div>
   <div class='ocr_carea' id='block_1_7' title="bbox 520 675 2098 748">
    <p class='ocr_par' dir='ltr' id='par_1_7' title="bbox 520 675 2098 748">
     <span class='ocr_line' id='line_1_7' title="bbox 520 675 2098 748; baseline -0.003 -14"><span class='ocrx_word' id='word_1_26' title='bbox 520 680 686 738; x_wconf 84' lang='lat' dir='ltr'><strong>.dam,</strong></span> <span class='ocrx_word' id='word_1_27' title='bbox 722 679 1110 734; x_wconf 85' lang='lat' dir='ltr'><strong>Euc‘ha‘itarum</strong></span> <span class='ocrx_word' id='word_1_28' title='bbox 1158 691 1377 748; x_wconf 74' lang='lat' dir='ltr'><strong>praeses,</strong></span> <span class='ocrx_word' id='word_1_29' title='bbox 1420 677 1509 730; x_wconf 91' lang='lat' dir='ltr'><strong>cui</strong></span> <span class='ocrx_word' id='word_1_30' title='bbox 1549 691 1854 746; x_wconf 80' lang='lat' dir='ltr'><strong>cognomen</strong></span> <span class='ocrx_word' id='word_1_31' title='bbox 1905 675 2098 729; x_wconf 88' lang='lat' dir='ltr'><strong>Santa-</strong></span> 
     </span>
    </p>
   </div>
   <div class='ocr_carea' id='block_1_8' title="bbox 540 768 2095 841">
    <p class='ocr_par' dir='ltr' id='par_1_8' title="bbox 540 768 2095 841">
     <span class='ocr_line' id='line_1_8' title="bbox 540 768 2095 841; baseline -0.003 -13"><span class='ocrx_word' id='word_1_32' title='bbox 540 774 730 828; x_wconf 83' lang='lat' dir='ltr'><strong>bareni</strong></span> <span class='ocrx_word' id='word_1_33' title='bbox 766 783 903 839; x_wconf 88' lang='lat' dir='ltr'><strong>erat,</strong></span> <span class='ocrx_word' id='word_1_34' title='bbox 965 771 1283 841; x_wconf 73' lang='lat' dir='ltr'><strong>imperatori</strong></span> <span class='ocrx_word' id='word_1_35' title='bbox 1352 771 1522 826; x_wconf 84' lang='lat' dir='ltr'><strong>filium</strong></span> <span class='ocrx_word' id='word_1_36' title='bbox 1572 770 1680 824; x_wconf 80' lang='lat' dir='ltr'><strong>vita</strong></span> <span class='ocrx_word' id='word_1_37' title='bbox 1727 768 1969 823; x_wconf 89' lang='lat' dir='ltr'><strong>functum</strong></span> <span class='ocrx_word' id='word_1_38' title='bbox 2024 769 2095 823; x_wconf 86' lang='lat' dir='ltr'><strong>ita</strong></span> 
     </span>
    </p>
   </div>
   <div class='ocr_carea' id='block_1_9' title="bbox 539 860 2094 930">
    <p class='ocr_par' dir='ltr' id='par_1_9' title="bbox 539 860 2094 930">
     <span class='ocr_line' id='line_1_9' title="bbox 539 860 2094 930; baseline -0.003 -10"><span class='ocrx_word' id='word_1_39' title='bbox 539 875 995 920; x_wconf 73' lang='lat' dir='ltr'><strong>conimonstrasse</strong></span> <span class='ocrx_word' id='word_1_40' title='bbox 1019 866 1197 918; x_wconf 89' lang='lat' dir='ltr'><strong>fertur</strong></span> <span class='ocrx_word' id='word_1_41' title='bbox 1231 879 1291 917; x_wconf 91' lang='lat' dir='ltr'><strong>ac</strong></span> <span class='ocrx_word' id='word_1_42' title='bbox 1343 863 1385 915; x_wconf 92' lang='lat' dir='ltr'><strong>si</strong></span> <span class='ocrx_word' id='word_1_43' title='bbox 1440 862 1596 914; x_wconf 87' lang='lat' dir='ltr'><strong>vivus</strong></span> <span class='ocrx_word' id='word_1_44' title='bbox 1626 861 1893 930; x_wconf 78' lang='lat' dir='ltr'><strong>quiSpiam</strong></span> <span class='ocrx_word' id='word_1_45' title='bbox 1935 860 2094 915; x_wconf 89' lang='lat' dir='ltr'><strong>foret.</strong></span> 
     </span>
    </p>
   </div>
   <div class='ocr_carea' id='block_1_10' title="bbox 540 952 2097 1023">
    <p class='ocr_par' dir='ltr' id='par_1_10' title="bbox 540 952 2097 1023">
     <span class='ocr_line' id='line_1_10' title="bbox 540 952 2097 1023; baseline -0.003 -12"><span class='ocrx_word' id='word_1_46' title='bbox 540 957 738 1011; x_wconf 70' lang='lat' dir='ltr'><strong>l&#39;lll‘vcit</strong></span> <span class='ocrx_word' id='word_1_47' title='bbox 770 955 914 1010; x_wconf 87' lang='lat' dir='ltr'><strong>enim</strong></span> <span class='ocrx_word' id='word_1_48' title='bbox 982 965 1040 1010; x_wconf 92' lang='lat' dir='ltr'><strong>nt</strong></span> <span class='ocrx_word' id='word_1_49' title='bbox 1087 955 1271 1023; x_wconf 77' lang='lat' dir='ltr'><strong>specie</strong></span> <span class='ocrx_word' id='word_1_50' title='bbox 1335 953 1656 1023; x_wconf 80' lang='lat' dir='ltr'><strong>imaginaria</strong></span> <span class='ocrx_word' id='word_1_51' title='bbox 1704 952 2097 1006; x_wconf 87' lang='lat' dir='ltr'><strong>Constantinus</strong></span> 
     </span>
    </p>
   </div>
   <div class='ocr_carea' id='block_1_11' title="bbox 539 1043 2094 1115">
    <p class='ocr_par' dir='ltr' id='par_1_11' title="bbox 539 1043 2094 1115">
     <span class='ocr_line' id='line_1_11' title="bbox 539 1043 2094 1115; baseline -0.002 -17"><span class='ocrx_word' id='word_1_52' title='bbox 539 1063 710 1115; x_wconf 83' lang='lat' dir='ltr'><strong>eques</strong></span> <span class='ocrx_word' id='word_1_53' title='bbox 740 1049 874 1115; x_wconf 88' lang='lat' dir='ltr'><strong>patri</strong></span> <span class='ocrx_word' id='word_1_54' title='bbox 899 1045 1135 1114; x_wconf 80' lang='lat' dir='ltr'><strong>quadam</strong></span> <span class='ocrx_word' id='word_1_55' title='bbox 1173 1045 1228 1097; x_wconf 88' lang='lat' dir='ltr'><strong>in</strong></span> <span class='ocrx_word' id='word_1_56' title='bbox 1275 1043 1412 1097; x_wconf 81' lang='lat' dir='ltr'><strong>silva</strong></span> <span class='ocrx_word' id='word_1_57' title='bbox 1445 1043 1663 1097; x_wconf 84' lang='lat' dir='ltr'><strong>obviam</strong></span> <span class='ocrx_word' id='word_1_58' title='bbox 1717 1043 1905 1107; x_wconf 84' lang='lat' dir='ltr'><strong>ﬁeret;</strong></span> <span class='ocrx_word' id='word_1_59' title='bbox 1935 1057 2094 1111; x_wconf 88' lang='lat' dir='ltr'><strong>quem</strong></span> 
     </span>
    </p>
   </div>
   <div class='ocr_carea' id='block_1_12' title="bbox 541 1135 2097 1204">
    <p class='ocr_par' dir='ltr' id='par_1_12' title="bbox 541 1135 2097 1204">
     <span class='ocr_line' id='line_1_12' title="bbox 541 1135 2097 1204; baseline -0.003 -13"><span class='ocrx_word' id='word_1_60' title='bbox 541 1140 632 1193; x_wconf 89' lang='lat' dir='ltr'><strong>ubi</strong></span> <span class='ocrx_word' id='word_1_61' title='bbox 664 1139 815 1191; x_wconf 89' lang='lat' dir='ltr'><strong>visus</strong></span> <span class='ocrx_word' id='word_1_62' title='bbox 852 1137 955 1190; x_wconf 89' lang='lat' dir='ltr'><strong>sibi</strong></span> <span class='ocrx_word' id='word_1_63' title='bbox 987 1136 1182 1190; x_wconf 86' lang='lat' dir='ltr'><strong>fuisset</strong></span> <span class='ocrx_word' id='word_1_64' title='bbox 1217 1136 1515 1204; x_wconf 82' lang='lat' dir='ltr'><strong>imperator</strong></span> <span class='ocrx_word' id='word_1_65' title='bbox 1567 1145 1623 1189; x_wconf 88' lang='lat' dir='ltr'><strong>et</strong></span> <span class='ocrx_word' id='word_1_66' title='bbox 1679 1135 1996 1202; x_wconf 77' lang='lat' dir='ltr'><strong>complexus</strong></span> <span class='ocrx_word' id='word_1_67' title='bbox 2041 1141 2097 1188; x_wconf 90' lang='lat' dir='ltr'><strong>et</strong></span> 
     </span>
    </p>
   </div>
   <div class='ocr_carea' id='block_1_13' title="bbox 539 1223 2095 1292">
    <p class='ocr_par' dir='ltr' id='par_1_13' title="bbox 539 1223 2095 1292">
     <span class='ocr_line' id='line_1_13' title="bbox 539 1223 2095 1292; baseline -0.004 -9"><span class='ocrx_word' id='word_1_68' title='bbox 539 1231 818 1286; x_wconf 89' lang='lat' dir='ltr'><strong>osculatus</strong></span> <span class='ocrx_word' id='word_1_69' title='bbox 847 1237 1012 1292; x_wconf 83' lang='lat' dir='ltr'><strong>esset,</strong></span> <span class='ocrx_word' id='word_1_70' title='bbox 1045 1241 1167 1280; x_wconf 84' lang='lat' dir='ltr'><strong>mox</strong></span> <span class='ocrx_word' id='word_1_71' title='bbox 1209 1234 1635 1280; x_wconf 80' lang='lat' dir='ltr'><strong>evanescentem</strong></span> <span class='ocrx_word' id='word_1_72' title='bbox 1659 1241 1724 1278; x_wconf 82' lang='lat' dir='ltr'><strong>ex</strong></span> <span class='ocrx_word' id='word_1_73' title='bbox 1755 1225 1930 1278; x_wconf 90' lang='lat' dir='ltr'><strong>oculis</strong></span> <span class='ocrx_word' id='word_1_74' title='bbox 1958 1223 2095 1277; x_wconf 88' lang='lat' dir='ltr'><strong>ami-</strong></span> 
     </span>
    </p>
   </div>
   <div class='ocr_carea' id='block_1_14' title="bbox 538 1317 2095 1390">
    <p class='ocr_par' dir='ltr' id='par_1_14' title="bbox 538 1317 2095 1390">
     <span class='ocr_line' id='line_1_14' title="bbox 538 1317 2095 1390; baseline -0.006 -13"><span class='ocrx_word' id='word_1_75' title='bbox 538 1325 627 1377; x_wconf 87' lang='lat' dir='ltr'><strong>sit.</strong></span> <span class='ocrx_word' id='word_1_76' title='bbox 664 1322 797 1376; x_wconf 76' lang='lat' dir='ltr'><strong>llinc</strong></span> <span class='ocrx_word' id='word_1_77' title='bbox 827 1321 1124 1390; x_wconf 81' lang='lat' dir='ltr'><strong>imperator</strong></span> <span class='ocrx_word' id='word_1_78' title='bbox 1155 1333 1402 1388; x_wconf 79' lang='lat' dir='ltr'><strong>magnam</strong></span> <span class='ocrx_word' id='word_1_79' title='bbox 1434 1317 1501 1370; x_wconf 91' lang='lat' dir='ltr'><strong>de</strong></span> <span class='ocrx_word' id='word_1_80' title='bbox 1529 1317 1632 1370; x_wconf 92' lang='lat' dir='ltr'><strong>hoc</strong></span> <span class='ocrx_word' id='word_1_81' title='bbox 1667 1317 1931 1369; x_wconf 81' lang='lat' dir='ltr'><strong>monacho</strong></span> <span class='ocrx_word' id='word_1_82' title='bbox 1962 1330 2095 1368; x_wconf 92' lang='lat' dir='ltr'><strong>con-</strong></span> 
     </span>
    </p>
   </div>
   <div class='ocr_carea' id='block_1_15' title="bbox 541 1406 2097 1484">
    <p class='ocr_par' dir='ltr' id='par_1_15' title="bbox 541 1406 2097 1484">
     <span class='ocr_line' id='line_1_15' title="bbox 541 1406 2097 1484; baseline -0.006 -15"><span class='ocrx_word' id='word_1_83' title='bbox 541 1415 687 1484; x_wconf 89' lang='lat' dir='ltr'><strong>cepit</strong></span> <span class='ocrx_word' id='word_1_84' title='bbox 720 1413 1089 1483; x_wconf 85' lang='lat' dir='ltr'><strong>Opinnioncm,</strong></span> <span class='ocrx_word' id='word_1_85' title='bbox 1149 1426 1273 1465; x_wconf 91' lang='lat' dir='ltr'><strong>cum</strong></span> <span class='ocrx_word' id='word_1_86' title='bbox 1325 1409 1542 1464; x_wconf 84' lang='lat' dir='ltr'><strong>interim</strong></span> <span class='ocrx_word' id='word_1_87' title='bbox 1579 1409 1716 1463; x_wconf 80' lang='lat' dir='ltr'><strong>alter</strong></span> <span class='ocrx_word' id='word_1_88' title='bbox 1743 1408 1971 1462; x_wconf 75' lang='lat' dir='ltr'><strong>ﬁliorum</strong></span> <span class='ocrx_word' id='word_1_89' title='bbox 1988 1406 2097 1460; x_wconf 89' lang='lat' dir='ltr'><strong>Leo</strong></span> 
     </span>
    </p>
   </div>
   <div class='ocr_carea' id='block_1_16' title="bbox 540 1500 2098 1576">
    <p class='ocr_par' dir='ltr' id='par_1_16' title="bbox 540 1500 2098 1576">
     <span class='ocr_line' id='line_1_16' title="bbox 540 1500 2098 1576; baseline -0.005 -16"><span class='ocrx_word' id='word_1_90' title='bbox 540 1505 898 1576; x_wconf 90' lang='lat' dir='ltr'><strong>philosophus</strong></span> <span class='ocrx_word' id='word_1_91' title='bbox 919 1517 1045 1556; x_wconf 91' lang='lat' dir='ltr'><strong>eum</strong></span> <span class='ocrx_word' id='word_1_92' title='bbox 1083 1500 1386 1556; x_wconf 82' lang='lat' dir='ltr'><strong>veneficum</strong></span> <span class='ocrx_word' id='word_1_93' title='bbox 1417 1500 1720 1570; x_wconf 81' lang='lat' dir='ltr'><strong>appellaret</strong></span> <span class='ocrx_word' id='word_1_94' title='bbox 1741 1537 1757 1562; x_wconf 85' lang='lat'><strong>,</strong></span> <span class='ocrx_word' id='word_1_95' title='bbox 1807 1514 1836 1552; x_wconf 87' lang='lat' dir='ltr'><strong>a</strong></span> <span class='ocrx_word' id='word_1_96' title='bbox 1869 1515 1978 1568; x_wconf 84' lang='lat' dir='ltr'><strong>quo</strong></span> <span class='ocrx_word' id='word_1_97' title='bbox 2000 1514 2098 1566; x_wconf 90' lang='lat' dir='ltr'><strong>per</strong></span> 
     </span>
    </p>
   </div>
   <div class='ocr_carea' id='block_1_17' title="bbox 541 1590 2094 1668">
    <p class='ocr_par' dir='ltr' id='par_1_17' title="bbox 541 1590 2094 1668">
     <span class='ocr_line' id='line_1_17' title="bbox 541 1590 2094 1668; baseline -0.006 -17"><span class='ocrx_word' id='word_1_98' title='bbox 541 1599 871 1668; x_wconf 90' lang='lat' dir='ltr'><strong>imposturas</strong></span> <span class='ocrx_word' id='word_1_99' title='bbox 903 1594 1201 1664; x_wconf 88' lang='lat' dir='ltr'><strong>imperator</strong></span> <span class='ocrx_word' id='word_1_100' title='bbox 1239 1592 1607 1662; x_wconf 78' lang='lat' dir='ltr'><strong>deciperetur:</strong></span> <span class='ocrx_word' id='word_1_101' title='bbox 1657 1591 1733 1645; x_wconf 87' lang='lat' dir='ltr'><strong>Ea</strong></span> <span class='ocrx_word' id='word_1_102' title='bbox 1778 1590 1938 1644; x_wconf 87' lang='lat' dir='ltr'><strong>verba</strong></span> <span class='ocrx_word' id='word_1_103' title='bbox 1971 1605 2094 1643; x_wconf 89' lang='lat' dir='ltr'><strong>cum</strong></span> 
     </span>
    </p>
   </div>
   <div class='ocr_carea' id='block_1_18' title="bbox 538 1681 2095 1751">
    <p class='ocr_par' dir='ltr' id='par_1_18' title="bbox 538 1681 2095 1751">
     <span class='ocr_line' id='line_1_18' title="bbox 538 1681 2095 1751; baseline -0.006 -7"><span class='ocrx_word' id='word_1_104' title='bbox 538 1689 780 1744; x_wconf 90' lang='lat' dir='ltr'><strong>animum</strong></span> <span class='ocrx_word' id='word_1_105' title='bbox 856 1684 1212 1741; x_wconf 86' lang='lat' dir='ltr'><strong>Santabareni</strong></span> <span class='ocrx_word' id='word_1_106' title='bbox 1284 1684 1712 1747; x_wconf 88' lang='lat' dir='ltr'><strong>vulnerassent,</strong></span> <span class='ocrx_word' id='word_1_107' title='bbox 1781 1681 2095 1751; x_wconf 71' lang='lat' dir='ltr'><strong>huiusmodi</strong></span> 
     </span>
    </p>
   </div>
   <div class='ocr_carea' id='block_1_19' title="bbox 538 1773 2095 1851">
    <p class='ocr_par' dir='ltr' id='par_1_19' title="bbox 538 1773 2095 1851">
     <span class='ocr_line' id='line_1_19' title="bbox 538 1773 2095 1851; baseline -0.003 -17"><span class='ocrx_word' id='word_1_108' title='bbox 538 1781 794 1851; x_wconf 80' lang='lat' dir='ltr'><strong>quiddam</strong></span> <span class='ocrx_word' id='word_1_109' title='bbox 829 1778 1176 1848; x_wconf 80' lang='lat' dir='ltr'><strong>excogitavit.</strong></span> <span class='ocrx_word' id='word_1_110' title='bbox 1213 1776 1419 1832; x_wconf 84' lang='lat' dir='ltr'><strong>Auctor</strong></span> <span class='ocrx_word' id='word_1_111' title='bbox 1458 1775 1629 1830; x_wconf 91' lang='lat' dir='ltr'><strong>Leoni</strong></span> <span class='ocrx_word' id='word_1_112' title='bbox 1665 1773 1792 1839; x_wconf 88' lang='lat' dir='ltr'><strong>fuit,</strong></span> <span class='ocrx_word' id='word_1_113' title='bbox 1847 1775 2095 1844; x_wconf 86' lang='lat' dir='ltr'><strong>adeoque</strong></span> 
     </span>
    </p>
   </div>
   <div class='ocr_carea' id='block_1_20' title="bbox 2197 573 3759 651">
    <p class='ocr_par' dir='ltr' id='par_1_20' title="bbox 2197 573 3759 651">
     <span class='ocr_line' id='line_1_20' title="bbox 2197 573 3759 651; baseline -0.008 -17"><span class='ocrx_word' id='word_1_114' title='bbox 2197 581 2502 651; x_wconf 74' lang='grc' dir='ltr'>ταὸαρηνδς</span> <span class='ocrx_word' id='word_1_115' title='bbox 2528 581 2588 631; x_wconf 87' lang='grc' dir='ltr'>τὸ</span> <span class='ocrx_word' id='word_1_116' title='bbox 2625 579 2933 646; x_wconf 77' lang='grc' dir='ltr'>ἐπώνυμον,</span> <span class='ocrx_word' id='word_1_117' title='bbox 2976 579 3148 643; x_wconf 80' lang='grc' dir='ltr'>δεῖξαι</span> <span class='ocrx_word' id='word_1_118' title='bbox 3191 576 3407 642; x_wconf 84' lang='grc' dir='ltr'>λέγεται</span> <span class='ocrx_word' id='word_1_119' title='bbox 3448 574 3524 642; x_wconf 74' lang='grc' dir='ltr'><strong>’.ᾧ</strong></span> <span class='ocrx_word' id='word_1_120' title='bbox 3548 573 3759 642; x_wconf 84' lang='grc' dir='ltr'>βασιλεί</span> 
     </span>
    </p>
   </div>
   <div class='ocr_carea' id='block_1_21' title="bbox 2197 666 3757 740">
    <p class='ocr_par' dir='ltr' id='par_1_21' title="bbox 2197 666 3757 740">
     <span class='ocr_line' id='line_1_21' title="bbox 2197 666 3757 740; baseline -0.006 -16"><span class='ocrx_word' id='word_1_121' title='bbox 2197 671 2499 740; x_wconf 78' lang='grc' dir='ltr'><strong>τεθνηκότα</strong></span> <span class='ocrx_word' id='word_1_122' title='bbox 2541 670 2654 722; x_wconf 73' lang='grc' dir='ltr'>υἱὸν</span> <span class='ocrx_word' id='word_1_123' title='bbox 2684 667 2848 722; x_wconf 79' lang='grc' dir='ltr'>αὐτοῦ</span> <span class='ocrx_word' id='word_1_124' title='bbox 2901 667 3155 738; x_wconf 88' lang='grc' dir='ltr'>καθάπερ</span> <span class='ocrx_word' id='word_1_125' title='bbox 3181 666 3358 731; x_wconf 80' lang='grc' dir='ltr'>ζῶντά</span> <span class='ocrx_word' id='word_1_126' title='bbox 3404 680 3559 718; x_wconf 73' lang='grc' dir='ltr'>τινα*</span> <span class='ocrx_word' id='word_1_127' title='bbox 3616 666 3757 716; x_wconf 77' lang='grc' dir='ltr'>κατὰ</span> 
     </span>
    </p>
   </div>
   <div class='ocr_carea' id='block_1_22' title="bbox 2197 761 3759 836">
    <p class='ocr_par' dir='ltr' id='par_1_22' title="bbox 2197 761 3759 836">
     <span class='ocr_line' id='line_1_22' title="bbox 2197 761 3759 836; baseline -0.006 -18"><span class='ocrx_word' id='word_1_128' title='bbox 2197 768 2305 836; x_wconf 76' lang='grc' dir='ltr'>γάρ</span> <span class='ocrx_word' id='word_1_129' title='bbox 2331 765 2538 835; x_wconf 82' lang='grc' dir='ltr'>λόχμην</span> <span class='ocrx_word' id='word_1_130' title='bbox 2575 763 2700 817; x_wconf 80' lang='grc' dir='ltr'>τινὰ</span> <span class='ocrx_word' id='word_1_131' title='bbox 2730 763 2820 816; x_wconf 84' lang='grc' dir='ltr'><strong>τὸν</strong></span> <span class='ocrx_word' id='word_1_132' title='bbox 2858 763 3270 816; x_wconf 82' lang='grc' dir='ltr'>Κωνσταντίνον</span> <span class='ocrx_word' id='word_1_133' title='bbox 3301 761 3538 830; x_wconf 73' lang='grc' dir='ltr'>ἔφιππον</span> <span class='ocrx_word' id='word_1_134' title='bbox 3564 775 3759 812; x_wconf 69' lang='grc' dir='ltr'>συνανο</span> 
     </span>
    </p>
   </div>
   <div class='ocr_carea' id='block_1_23' title="bbox 2197 851 3758 926">
    <p class='ocr_par' dir='ltr' id='par_1_23' title="bbox 2197 851 3758 926">
     <span class='ocr_line' id='line_1_23' title="bbox 2197 851 3758 926; baseline -0.007 -16"><span class='ocrx_word' id='word_1_135' title='bbox 2197 856 2455 925; x_wconf 81' lang='grc' dir='ltr'>τῆσαιτῴ</span> <span class='ocrx_word' id='word_1_136' title='bbox 2491 856 2663 926; x_wconf 70' lang='grc' dir='ltr'>πατρὶ</span> <span class='ocrx_word' id='word_1_137' title='bbox 2712 854 2876 908; x_wconf 79' lang='grc' dir='ltr'>αὑτοῦ</span> <span class='ocrx_word' id='word_1_138' title='bbox 2913 855 3054 907; x_wconf 81' lang='grc' dir='ltr'>κατά</span> <span class='ocrx_word' id='word_1_139' title='bbox 3114 853 3416 923; x_wconf 75' lang='grc' dir='ltr'><strong>φαντασίαν</strong></span> <span class='ocrx_word' id='word_1_140' title='bbox 3480 851 3758 920; x_wconf 73' lang='grc' dir='ltr'>ἐποίησεν,</span> 
     </span>
    </p>
   </div>
   <div class='ocr_carea' id='block_1_24' title="bbox 2192 936 3757 1014">
    <p class='ocr_par' dir='ltr' id='par_1_24' title="bbox 2192 936 3757 1014">
     <span class='ocr_line' id='line_1_24' title="bbox 2192 936 3757 1014; baseline -0.005 -18"><span class='ocrx_word' id='word_1_141' title='bbox 2192 936 2241 1010; x_wconf 84' lang='grc' dir='ltr'><strong>ᾧ</strong></span> <span class='ocrx_word' id='word_1_142' title='bbox 2270 943 2333 1014; x_wconf 82' lang='grc' dir='ltr'>δὴ</span> <span class='ocrx_word' id='word_1_143' title='bbox 2367 945 2461 994; x_wconf 77' lang='grc' dir='ltr'>καὶ</span> <span class='ocrx_word' id='word_1_144' title='bbox 2493 941 2904 1012; x_wconf 68' lang='grc' dir='ltr'><strong>περιπλακῆναι</strong></span> <span class='ocrx_word' id='word_1_145' title='bbox 2927 941 3088 1004; x_wconf 76' lang='grc' dir='ltr'>δόξας</span> <span class='ocrx_word' id='word_1_146' title='bbox 3121 943 3146 992; x_wconf 99' lang='lat'><strong>6</strong></span> <span class='ocrx_word' id='word_1_147' title='bbox 3172 938 3430 1008; x_wconf 76' lang='grc' dir='ltr'>βασιλεὺς</span> <span class='ocrx_word' id='word_1_148' title='bbox 3461 939 3556 991; x_wconf 72' lang='grc' dir='ltr'><strong>καὶ</strong></span> <span class='ocrx_word' id='word_1_149' title='bbox 3586 953 3757 988; x_wconf 76' lang='grc' dir='ltr'>καταο</span> 
     </span>
    </p>
   </div>
   <div class='ocr_carea' id='block_1_25' title="bbox 2199 1025 3759 1104">
    <p class='ocr_par' dir='ltr' id='par_1_25' title="bbox 2199 1025 3759 1104">
     <span class='ocr_line' id='line_1_25' title="bbox 2199 1025 3759 1104; baseline -0.007 -18"><span class='ocrx_word' id='word_1_150' title='bbox 2199 1035 2432 1104; x_wconf 76' lang='grc' dir='ltr'><strong>φιλήσας</strong></span> <span class='ocrx_word' id='word_1_151' title='bbox 2464 1033 2649 1086; x_wconf 78' lang='grc' dir='ltr'>οὐκέτι</span> <span class='ocrx_word' id='word_1_152' title='bbox 2680 1032 2871 1086; x_wconf 82' lang='grc' dir='ltr'>τοῦτον</span> <span class='ocrx_word' id='word_1_153' title='bbox 2910 1033 3079 1100; x_wconf 78' lang='grc' dir='ltr'>ἐώρα.</span> <span class='ocrx_word' id='word_1_154' title='bbox 3129 1030 3237 1082; x_wconf 75' lang='grc' dir='ltr'><strong>Καὶ</strong></span> <span class='ocrx_word' id='word_1_155' title='bbox 3276 1031 3303 1082; x_wconf 88' lang='lat'><strong>6</strong></span> <span class='ocrx_word' id='word_1_156' title='bbox 3361 1027 3458 1098; x_wconf 81' lang='grc' dir='ltr'>μὲν</span> <span class='ocrx_word' id='word_1_157' title='bbox 3507 1025 3759 1095; x_wconf 70' lang='grc' dir='ltr'>βασιλεὺς</span> 
     </span>
    </p>
   </div>
   <div class='ocr_carea' id='block_1_26' title="bbox 2201 1119 3756 1199">
    <p class='ocr_par' dir='ltr' id='par_1_26' title="bbox 2201 1119 3756 1199">
     <span class='ocr_line' id='line_1_26' title="bbox 2201 1119 3756 1199; baseline -0.008 -19"><span class='ocrx_word' id='word_1_158' title='bbox 2201 1127 2452 1199; x_wconf 81' lang='grc' dir='ltr'><strong>μεγάλως</strong></span> <span class='ocrx_word' id='word_1_159' title='bbox 2489 1128 2620 1197; x_wconf 70' lang='grc' dir='ltr'>περὶ</span> <span class='ocrx_word' id='word_1_160' title='bbox 2649 1126 2742 1178; x_wconf 79' lang='grc' dir='ltr'><strong>τὸν</strong></span> <span class='ocrx_word' id='word_1_161' title='bbox 2777 1125 3013 1196; x_wconf 62' lang='grc' dir='ltr'>μοναχὴν</span> <span class='ocrx_word' id='word_1_162' title='bbox 3039 1123 3396 1192; x_wconf 78' lang='grc' dir='ltr'>ὲφαντάζετο,</span> <span class='ocrx_word' id='word_1_163' title='bbox 3428 1123 3454 1174; x_wconf 90' lang='lat'><strong>6</strong></span> <span class='ocrx_word' id='word_1_164' title='bbox 3485 1121 3540 1173; x_wconf 82' lang='grc' dir='ltr'><strong>δὲ</strong></span> <span class='ocrx_word' id='word_1_165' title='bbox 3570 1119 3756 1187; x_wconf 69' lang='grc' dir='ltr'>ἕτερος</span> 
     </span>
    </p>
   </div>
   <div class='ocr_carea' id='block_1_27' title="bbox 2199 1206 3754 1284">
    <p class='ocr_par' dir='ltr' id='par_1_27' title="bbox 2199 1206 3754 1284">
     <span class='ocr_line' id='line_1_27' title="bbox 2199 1206 3754 1284; baseline -0.012 -13"><span class='ocrx_word' id='word_1_166' title='bbox 2199 1221 2312 1281; x_wconf 72' lang='grc' dir='ltr'>υἱὸς</span> <span class='ocrx_word' id='word_1_167' title='bbox 2342 1217 2506 1270; x_wconf 76' lang='grc' dir='ltr'>αὑτοῦ</span> <span class='ocrx_word' id='word_1_168' title='bbox 2539 1216 2690 1271; x_wconf 85' lang='grc' dir='ltr'><strong>Λέων</strong></span> <span class='ocrx_word' id='word_1_169' title='bbox 2719 1219 2747 1269; x_wconf 89' lang='lat'><strong>6</strong></span> <span class='ocrx_word' id='word_1_170' title='bbox 2776 1217 3064 1284; x_wconf 83' lang='grc' dir='ltr'>φιλόσοφος</span> <span class='ocrx_word' id='word_1_171' title='bbox 3100 1213 3394 1284; x_wconf 79' lang='grc' dir='ltr'>φαρμακὸν</span> <span class='ocrx_word' id='word_1_172' title='bbox 3449 1210 3631 1263; x_wconf 83' lang='grc' dir='ltr'>ἐκάλει</span> <span class='ocrx_word' id='word_1_173' title='bbox 3661 1206 3754 1258; x_wconf 71' lang='grc' dir='ltr'>τὸν</span> 
     </span>
    </p>
   </div>
   <div class='ocr_carea' id='block_1_28' title="bbox 2201 1299 3756 1381">
    <p class='ocr_par' dir='ltr' id='par_1_28' title="bbox 2201 1299 3756 1381">
     <span class='ocr_line' id='line_1_28' title="bbox 2201 1299 3756 1381; baseline -0.003 -18"><span class='ocrx_word' id='word_1_174' title='bbox 2201 1311 2436 1381; x_wconf 82' lang='grc' dir='ltr'>μοναχὸν</span> <span class='ocrx_word' id='word_1_175' title='bbox 2466 1311 2559 1364; x_wconf 72' lang='grc' dir='ltr'><strong>καὶ</strong></span> <span class='ocrx_word' id='word_1_176' title='bbox 2598 1310 2894 1363; x_wconf 76' lang='grc' dir='ltr'><strong>ἀπατῶντα</strong></span> <span class='ocrx_word' id='word_1_177' title='bbox 2937 1309 3026 1361; x_wconf 81' lang='grc' dir='ltr'><strong>τὸν</strong></span> <span class='ocrx_word' id='word_1_178' title='bbox 3059 1306 3462 1377; x_wconf 77' lang='grc' dir='ltr'>αὐτοκράτορα.</span> <span class='ocrx_word' id='word_1_179' title='bbox 3523 1299 3756 1368; x_wconf 64' lang='grc' dir='ltr'>Πληγεὶς</span> 
     </span>
    </p>
   </div>
   <div class='ocr_carea' id='block_1_29' title="bbox 2189 1391 3755 1474">
    <p class='ocr_par' dir='ltr' id='par_1_29' title="bbox 2189 1391 3755 1474">
     <span class='ocr_line' id='line_1_29' title="bbox 2189 1391 3755 1474; baseline -0.01 -19"><span class='ocrx_word' id='word_1_180' title='bbox 2189 1401 2287 1456; x_wconf 72' lang='grc' dir='ltr'><strong>ὀὖν</strong></span> <span class='ocrx_word' id='word_1_181' title='bbox 2316 1406 2409 1455; x_wconf 73' lang='grc' dir='ltr'><strong>ἐπὶ</strong></span> <span class='ocrx_word' id='word_1_182' title='bbox 2442 1401 2652 1464; x_wconf 75' lang='grc' dir='ltr'>τούτοις</span> <span class='ocrx_word' id='word_1_183' title='bbox 2675 1402 2774 1471; x_wconf 77' lang='grc' dir='ltr'>τὴν</span> <span class='ocrx_word' id='word_1_184' title='bbox 2811 1400 2991 1469; x_wconf 75' lang='grc' dir='ltr'>ψυχὴν</span> <span class='ocrx_word' id='word_1_185' title='bbox 3017 1401 3046 1452; x_wconf 90' lang='lat'><strong>6</strong></span> <span class='ocrx_word' id='word_1_186' title='bbox 3078 1394 3496 1474; x_wconf 63' lang='grc' dir='ltr'>Σαντσραρηνδς</span> <span class='ocrx_word' id='word_1_187' title='bbox 3522 1391 3755 1444; x_wconf 73' lang='grc' dir='ltr'>τοιοῦτόν</span> 
     </span>
    </p>
   </div>
   <div class='ocr_carea' id='block_1_30' title="bbox 2197 1484 3756 1554">
    <p class='ocr_par' dir='ltr' id='par_1_30' title="bbox 2197 1484 3756 1554">
     <span class='ocr_line' id='line_1_30' title="bbox 2197 1484 3756 1554; baseline -0.009 -7"><span class='ocrx_word' id='word_1_188' title='bbox 2197 1512 2253 1548; x_wconf 88' lang='grc' dir='ltr'><strong>τι</strong></span> <span class='ocrx_word' id='word_1_189' title='bbox 2283 1496 2599 1548; x_wconf 79' lang='grc' dir='ltr'>ἐπινοεῖται.</span> <span class='ocrx_word' id='word_1_190' title='bbox 2631 1493 2817 1546; x_wconf 84' lang='grc' dir='ltr'>Πείθει</span> <span class='ocrx_word' id='word_1_191' title='bbox 2851 1493 2943 1545; x_wconf 75' lang='grc' dir='ltr'><strong>τὸν</strong></span> <span class='ocrx_word' id='word_1_192' title='bbox 2979 1491 3206 1552; x_wconf 88' lang='grc' dir='ltr'>Λέοντα,</span> <span class='ocrx_word' id='word_1_193' title='bbox 3263 1488 3358 1540; x_wconf 74' lang='grc' dir='ltr'><strong>καὶ</strong></span> <span class='ocrx_word' id='word_1_194' title='bbox 3397 1485 3624 1554; x_wconf 81' lang='grc' dir='ltr'>ξιφίδιον</span> <span class='ocrx_word' id='word_1_195' title='bbox 3673 1484 3756 1534; x_wconf 82' lang='grc' dir='ltr'><strong>ὲν-</strong></span> 
     </span>
    </p>
   </div>
   <div class='ocr_carea' id='block_1_31' title="bbox 2197 1575 3754 1656">
    <p class='ocr_par' dir='ltr' id='par_1_31' title="bbox 2197 1575 3754 1656">
     <span class='ocr_line' id='line_1_31' title="bbox 2197 1575 3754 1656; baseline -0.017 -6"><span class='ocrx_word' id='word_1_196' title='bbox 2197 1589 2286 1649; x_wconf 78' lang='grc' dir='ltr'><strong>τδς</strong></span> <span class='ocrx_word' id='word_1_197' title='bbox 2311 1589 2404 1640; x_wconf 65' lang='grc' dir='ltr'>τοῦ</span> <span class='ocrx_word' id='word_1_198' title='bbox 2438 1586 2785 1656; x_wconf 78' lang='grc' dir='ltr'>ὑποδήματος</span> <span class='ocrx_word' id='word_1_199' title='bbox 2825 1585 3013 1655; x_wconf 88' lang='grc' dir='ltr'>φέρειν</span> <span class='ocrx_word' id='word_1_200' title='bbox 3046 1580 3460 1650; x_wconf 75' lang='grc' dir='ltr'>παρασκευάζει</span> <span class='ocrx_word' id='word_1_201' title='bbox 3515 1575 3754 1643; x_wconf 75' lang='grc' dir='ltr'>ὁπηνίκα</span> 
     </span>
    </p>
   </div>
   <div class='ocr_carea' id='block_1_32' title="bbox 2201 1665 3755 1748">
    <p class='ocr_par' dir='ltr' id='par_1_32' title="bbox 2201 1665 3755 1748">
     <span class='ocr_line' id='line_1_32' title="bbox 2201 1665 3755 1748; baseline -0.01 -18"><span class='ocrx_word' id='word_1_202' title='bbox 2201 1678 2276 1748; x_wconf 79' lang='grc' dir='ltr'><strong>τῷ</strong></span> <span class='ocrx_word' id='word_1_203' title='bbox 2308 1679 2475 1747; x_wconf 81' lang='grc' dir='ltr'>πατρὶ</span> <span class='ocrx_word' id='word_1_204' title='bbox 2519 1675 2870 1745; x_wconf 84' lang='grc' dir='ltr'>συνθηρεύων</span> <span class='ocrx_word' id='word_1_205' title='bbox 2898 1671 2987 1744; x_wconf 78' lang='grc' dir='ltr'>ἧν.</span> <span class='ocrx_word' id='word_1_206' title='bbox 3023 1672 3159 1726; x_wconf 77' lang='grc' dir='ltr'><strong>Οὐδὲ</strong></span> <span class='ocrx_word' id='word_1_207' title='bbox 3190 1672 3299 1741; x_wconf 84' lang='grc' dir='ltr'><strong>γάρ</strong></span> <span class='ocrx_word' id='word_1_208' title='bbox 3331 1669 3424 1721; x_wconf 81' lang='grc' dir='ltr'>τὸν</span> <span class='ocrx_word' id='word_1_209' title='bbox 3453 1667 3602 1721; x_wconf 79' lang='grc' dir='ltr'>δόλον</span> <span class='ocrx_word' id='word_1_210' title='bbox 3638 1665 3755 1715; x_wconf 76' lang='grc' dir='ltr'>ἐνό-</span> 
     </span>
    </p>
   </div>
   <div class='ocr_carea' id='block_1_33' title="bbox 2199 1757 3754 1838">
    <p class='ocr_par' dir='ltr' id='par_1_33' title="bbox 2199 1757 3754 1838">
     <span class='ocr_line' id='line_1_33' title="bbox 2199 1757 3754 1838; baseline -0.008 -15"><span class='ocrx_word' id='word_1_211' title='bbox 2199 1787 2354 1838; x_wconf 87' lang='grc' dir='ltr'>ησεν.</span> <span class='ocrx_word' id='word_1_212' title='bbox 2394 1770 2512 1836; x_wconf 82' lang='grc' dir='ltr'>Ἐφ’</span> <span class='ocrx_word' id='word_1_213' title='bbox 2551 1761 2594 1836; x_wconf 83' lang='grc' dir='ltr'>ᾧ</span> <span class='ocrx_word' id='word_1_214' title='bbox 2623 1768 2718 1820; x_wconf 79' lang='grc' dir='ltr'>καὶ</span> <span class='ocrx_word' id='word_1_215' title='bbox 2772 1765 3058 1820; x_wconf 76' lang='grc' dir='ltr'>ἐπίϐουλον</span> <span class='ocrx_word' id='word_1_216' title='bbox 3120 1761 3520 1834; x_wconf 77' lang='grc' dir='ltr'>προσαγγέλλει</span> <span class='ocrx_word' id='word_1_217' title='bbox 3571 1757 3754 1811; x_wconf 74' lang='grc' dir='ltr'>αὐτόν.</span> 
     </span>
    </p>
   </div>
   <div class='ocr_carea' id='block_1_34' title="bbox 542 1852 2098 1943">
    <p class='ocr_par' dir='ltr' id='par_1_34' title="bbox 542 1867 2096 1943">
     <span class='ocr_line' id='line_1_34' title="bbox 542 1867 2096 1943; baseline -0.004 -17"><span class='ocrx_word' id='word_1_218' title='bbox 542 1872 833 1943; x_wconf 83' lang='lat' dir='ltr'><strong>persuasit,</strong></span> <span class='ocrx_word' id='word_1_219' title='bbox 864 1879 924 1924; x_wconf 94' lang='lat' dir='ltr'><strong>ut</strong></span> <span class='ocrx_word' id='word_1_220' title='bbox 947 1885 1073 1923; x_wconf 83' lang='lat' dir='ltr'><strong>cum</strong></span> <span class='ocrx_word' id='word_1_221' title='bbox 1108 1878 1264 1939; x_wconf 88' lang='lat' dir='ltr'><strong>patre</strong></span> <span class='ocrx_word' id='word_1_222' title='bbox 1323 1880 1624 1922; x_wconf 88' lang='lat' dir='ltr'><strong>venaturus</strong></span> <span class='ocrx_word' id='word_1_223' title='bbox 1674 1882 1858 1922; x_wconf 87' lang='lat' dir='ltr'><strong>secum</strong></span> <span class='ocrx_word' id='word_1_224' title='bbox 1889 1867 2096 1938; x_wconf 80' lang='lat' dir='ltr'><strong>gladio-</strong></span> 
     </span>
    </p>
   </div>
   <div class='ocr_carea' id='block_1_35' title="bbox 2199 1852 3752 1943">
    <p class='ocr_par' dir='ltr' id='par_1_35' title="bbox 2201 1852 3752 1930">
     <span class='ocr_line' id='line_1_35' title="bbox 2201 1852 3752 1930; baseline -0.01 -16"><span class='ocrx_word' id='word_1_225' title='bbox 2201 1863 2494 1930; x_wconf 81' lang='grc' dir='ltr'>Δεσμεϊται</span> <span class='ocrx_word' id='word_1_226' title='bbox 2542 1861 2754 1924; x_wconf 83' lang='grc' dir='ltr'>λοιπὸν,</span> <span class='ocrx_word' id='word_1_227' title='bbox 2805 1859 2897 1912; x_wconf 75' lang='grc' dir='ltr'><strong>καὶ</strong></span> <span class='ocrx_word' id='word_1_228' title='bbox 2938 1861 2995 1910; x_wconf 81' lang='grc' dir='ltr'><strong>έν</strong></span> <span class='ocrx_word' id='word_1_229' title='bbox 3035 1857 3118 1910; x_wconf 77' lang='grc' dir='ltr'><strong>ἐνὶ</strong></span> <span class='ocrx_word' id='word_1_230' title='bbox 3171 1857 3280 1908; x_wconf 83' lang='grc' dir='ltr'>τῶν</span> <span class='ocrx_word' id='word_1_231' title='bbox 3325 1852 3620 1924; x_wconf 76' lang='grc' dir='ltr'>βασιλικῶν</span> <span class='ocrx_word' id='word_1_232' title='bbox 3651 1867 3752 1900; x_wconf 76' lang='grc' dir='ltr'>κα-</span> 
     </span>
    </p>
   </div>
   <div class='ocr_carea' id='block_1_36' title="bbox 543 1959 2102 2032">
    <p class='ocr_par' dir='ltr' id='par_1_36' title="bbox 543 1959 2102 2032">
     <span class='ocr_line' id='line_1_36' title="bbox 543 1959 2102 2032; baseline -0.005 -13"><span class='ocrx_word' id='word_1_233' title='bbox 543 1967 652 2019; x_wconf 88' lang='lat' dir='ltr'><strong>lum</strong></span> <span class='ocrx_word' id='word_1_234' title='bbox 675 1964 776 2019; x_wconf 87' lang='lat' dir='ltr'><strong>sub</strong></span> <span class='ocrx_word' id='word_1_235' title='bbox 811 1971 960 2017; x_wconf 88' lang='lat' dir='ltr'><strong>veste</strong></span> <span class='ocrx_word' id='word_1_236' title='bbox 991 1969 1247 2032; x_wconf 81' lang='lat' dir='ltr'><strong>gestaret.</strong></span> <span class='ocrx_word' id='word_1_237' title='bbox 1282 1959 1416 2013; x_wconf 90' lang='lat' dir='ltr'><strong>Eum</strong></span> <span class='ocrx_word' id='word_1_238' title='bbox 1452 1959 1563 2015; x_wconf 87' lang='lat' dir='ltr'><strong>Leo</strong></span> <span class='ocrx_word' id='word_1_239' title='bbox 1613 1959 1797 2014; x_wconf 91' lang='lat' dir='ltr'><strong>dolum</strong></span> <span class='ocrx_word' id='word_1_240' title='bbox 1853 1975 1960 2013; x_wconf 90' lang='lat' dir='ltr'><strong>non</strong></span> <span class='ocrx_word' id='word_1_241' title='bbox 2017 1959 2102 2012; x_wconf 86' lang='lat' dir='ltr'><strong>in-</strong></span> 
     </span>
    </p>
   </div>
   <div class='ocr_carea' id='block_1_37' title="bbox 544 2051 2098 2126">
    <p class='ocr_par' dir='ltr' id='par_1_37' title="bbox 544 2051 2098 2126">
     <span class='ocr_line' id='line_1_37' title="bbox 544 2051 2098 2126; baseline -0.005 -15"><span class='ocrx_word' id='word_1_242' title='bbox 544 2057 842 2126; x_wconf 79' lang='lat' dir='ltr'><strong>telligebat.</strong></span> <span class='ocrx_word' id='word_1_243' title='bbox 886 2055 1254 2126; x_wconf 85' lang='lat' dir='ltr'><strong>Quapropter-</strong></span> <span class='ocrx_word' id='word_1_244' title='bbox 1284 2068 1314 2108; x_wconf 89' lang='lat' dir='ltr'><strong>a</strong></span> <span class='ocrx_word' id='word_1_245' title='bbox 1346 2053 1724 2107; x_wconf 88' lang='lat' dir='ltr'><strong>Santabareno</strong></span> <span class='ocrx_word' id='word_1_246' title='bbox 1770 2051 1840 2108; x_wconf 87' lang='lat' dir='ltr'><strong>ad</strong></span> <span class='ocrx_word' id='word_1_247' title='bbox 1889 2060 2098 2121; x_wconf 87' lang='lat' dir='ltr'><strong>patrem</strong></span> 
     </span>
    </p>
   </div>
   <div class='ocr_carea' id='block_1_38' title="bbox 543 2145 2100 2210">
    <p class='ocr_par' dir='ltr' id='par_1_38' title="bbox 543 2145 2100 2210">
     <span class='ocr_line' id='line_1_38' title="bbox 543 2145 2100 2210; baseline -0.003 -8"><span class='ocrx_word' id='word_1_248' title='bbox 543 2153 692 2206; x_wconf 79' lang='lat' dir='ltr'><strong>velut</strong></span> <span class='ocrx_word' id='word_1_249' title='bbox 721 2149 1004 2202; x_wconf 86' lang='lat' dir='ltr'><strong>insidiator</strong></span> <span class='ocrx_word' id='word_1_250' title='bbox 1031 2146 1295 2210; x_wconf 82' lang='lat' dir='ltr'><strong>defertur,</strong></span> <span class='ocrx_word' id='word_1_251' title='bbox 1347 2161 1472 2200; x_wconf 81' lang='lat' dir='ltr'><strong>mox</strong></span> <span class='ocrx_word' id='word_1_252' title='bbox 1529 2146 1767 2200; x_wconf 84' lang='lat' dir='ltr'><strong>vinculis</strong></span> <span class='ocrx_word' id='word_1_253' title='bbox 1825 2145 2100 2200; x_wconf 90' lang='lat' dir='ltr'><strong>constrin-</strong></span> 
     </span>
    </p>
   </div>
   <div class='ocr_carea' id='block_1_39' title="bbox 545 2232 2105 2308">
    <p class='ocr_par' dir='ltr' id='par_1_39' title="bbox 545 2232 2105 2308">
     <span class='ocr_line' id='line_1_39' title="bbox 545 2232 2105 2308; baseline -0.003 -17"><span class='ocrx_word' id='word_1_254' title='bbox 545 2240 713 2308; x_wconf 76' lang='lat' dir='ltr'><strong>gitur,</strong></span> <span class='ocrx_word' id='word_1_255' title='bbox 743 2237 979 2305; x_wconf 87' lang='lat' dir='ltr'><strong>quodam</strong></span> <span class='ocrx_word' id='word_1_256' title='bbox 1017 2236 1070 2288; x_wconf 91' lang='lat' dir='ltr'><strong>in</strong></span> <span class='ocrx_word' id='word_1_257' title='bbox 1113 2234 1355 2288; x_wconf 86' lang='lat' dir='ltr'><strong>thalamo</strong></span> <span class='ocrx_word' id='word_1_258' title='bbox 1389 2232 1536 2305; x_wconf 74' lang='lat' dir='ltr'><strong>regio</strong></span> <span class='ocrx_word' id='word_1_259' title='bbox 1567 2233 1947 2298; x_wconf 84' lang='lat' dir='ltr'><strong>concluditur;</strong></span> <span class='ocrx_word' id='word_1_260' title='bbox 2006 2232 2105 2286; x_wconf 87' lang='lat' dir='ltr'><strong>im-</strong></span> 
     </span>
    </p>
   </div>
   <div class='ocr_carea' id='block_1_40' title="bbox 541 2323 2100 2397">
    <p class='ocr_par' dir='ltr' id='par_1_40' title="bbox 541 2323 2100 2397">
     <span class='ocr_line' id='line_1_40' title="bbox 541 2323 2100 2397; baseline -0.003 -15"><span class='ocrx_word' id='word_1_261' title='bbox 541 2328 812 2397; x_wconf 82' lang='lat' dir='ltr'><strong>peratoria</strong></span> <span class='ocrx_word' id='word_1_262' title='bbox 870 2327 1025 2396; x_wconf 81' lang='lat' dir='ltr'><strong>signa</strong></span> <span class='ocrx_word' id='word_1_263' title='bbox 1091 2325 1140 2380; x_wconf 92' lang='lat' dir='ltr'><strong>ei</strong></span> <span class='ocrx_word' id='word_1_264' title='bbox 1199 2325 1539 2379; x_wconf 87' lang='lat' dir='ltr'><strong>adimuntur.</strong></span> <span class='ocrx_word' id='word_1_265' title='bbox 1601 2323 1913 2379; x_wconf 90' lang='lat' dir='ltr'><strong>Secundum</strong></span> <span class='ocrx_word' id='word_1_266' title='bbox 1986 2324 2100 2378; x_wconf 64' lang='lat' dir='ltr'><strong>haec</strong></span> 
     </span>
    </p>
   </div>
   <div class='ocr_carea' id='block_1_41' title="bbox 543 2415 2102 2485">
    <p class='ocr_par' dir='ltr' id='par_1_41' title="bbox 543 2415 2102 2485">
     <span class='ocr_line' id='line_1_41' title="bbox 543 2415 2102 2485; baseline -0.001 -15"><span class='ocrx_word' id='word_1_267' title='bbox 543 2426 798 2472; x_wconf 76' lang='lat' dir='ltr'><strong>usuvelut</strong></span> <span class='ocrx_word' id='word_1_268' title='bbox 841 2426 899 2471; x_wconf 90' lang='lat' dir='ltr'><strong>ut</strong></span> <span class='ocrx_word' id='word_1_269' title='bbox 953 2430 1052 2485; x_wconf 92' lang='lat' dir='ltr'><strong>pro</strong></span> <span class='ocrx_word' id='word_1_270' title='bbox 1104 2431 1253 2469; x_wconf 91' lang='lat' dir='ltr'><strong>more</strong></span> <span class='ocrx_word' id='word_1_271' title='bbox 1308 2416 1477 2469; x_wconf 90' lang='lat' dir='ltr'><strong>veteri</strong></span> <span class='ocrx_word' id='word_1_272' title='bbox 1507 2416 1816 2469; x_wconf 89' lang='lat' dir='ltr'><strong>convivium</strong></span> <span class='ocrx_word' id='word_1_273' title='bbox 1871 2415 2102 2485; x_wconf 88' lang='lat' dir='ltr'><strong>impera-</strong></span> 
     </span>
    </p>
   </div>
   <div class='ocr_carea' id='block_1_42' title="bbox 545 2506 2100 2578">
    <p class='ocr_par' dir='ltr' id='par_1_42' title="bbox 545 2506 2100 2578">
     <span class='ocr_line' id='line_1_42' title="bbox 545 2506 2100 2578; baseline -0.002 -13"><span class='ocrx_word' id='word_1_274' title='bbox 545 2524 629 2565; x_wconf 85' lang='lat' dir='ltr'><strong>tor</strong></span> <span class='ocrx_word' id='word_1_275' title='bbox 670 2525 791 2564; x_wconf 90' lang='lat' dir='ltr'><strong>cum</strong></span> <span class='ocrx_word' id='word_1_276' title='bbox 836 2508 1240 2578; x_wconf 81' lang='lat' dir='ltr'><strong>magistratibus</strong></span> <span class='ocrx_word' id='word_1_277' title='bbox 1291 2507 1615 2562; x_wconf 86' lang='lat' dir='ltr'><strong>celebraret.</strong></span> <span class='ocrx_word' id='word_1_278' title='bbox 1671 2506 1749 2561; x_wconf 91' lang='lat' dir='ltr'><strong>lbi</strong></span> <span class='ocrx_word' id='word_1_279' title='bbox 1803 2523 2100 2578; x_wconf 87' lang='lat' dir='ltr'><strong>suspensus</strong></span> 
     </span>
    </p>
   </div>
   <div class='ocr_carea' id='block_1_43' title="bbox 541 2597 2098 2673">
    <p class='ocr_par' dir='ltr' id='par_1_43' title="bbox 541 2597 2098 2673">
     <span class='ocr_line' id='line_1_43' title="bbox 541 2597 2098 2673; baseline 0 -18"><span class='ocrx_word' id='word_1_280' title='bbox 541 2604 762 2673; x_wconf 85' lang='lat' dir='ltr'><strong>quidam</strong></span> <span class='ocrx_word' id='word_1_281' title='bbox 789 2600 948 2670; x_wconf 80' lang='lat'><strong>297</strong></span> <span class='ocrx_word' id='word_1_282' title='bbox 987 2599 1270 2670; x_wconf 87' lang='lat' dir='ltr'><strong>psittacus,</strong></span> <span class='ocrx_word' id='word_1_283' title='bbox 1319 2597 1631 2668; x_wconf 87' lang='lat' dir='ltr'><strong>frequenter</strong></span> <span class='ocrx_word' id='word_1_284' title='bbox 1661 2597 1859 2654; x_wconf 89' lang='lat' dir='ltr'><strong>Leonis</strong></span> <span class='ocrx_word' id='word_1_285' title='bbox 1899 2615 2098 2655; x_wconf 90' lang='lat' dir='ltr'><strong>nomen</strong></span> 
     </span>
    </p>
   </div>
   <div class='ocr_carea' id='block_1_44' title="bbox 543 2689 2100 2763">
    <p class='ocr_par' dir='ltr' id='par_1_44' title="bbox 543 2689 2100 2763">
     <span class='ocr_line' id='line_1_44' title="bbox 543 2689 2100 2763; baseline -0.003 -15"><span class='ocrx_word' id='word_1_286' title='bbox 543 2696 832 2763; x_wconf 76' lang='lat' dir='ltr'><strong>repetitum</strong></span> <span class='ocrx_word' id='word_1_287' title='bbox 853 2692 1238 2762; x_wconf 85' lang='lat' dir='ltr'><strong>ingeminabat.</strong></span> <span class='ocrx_word' id='word_1_288' title='bbox 1283 2689 1493 2760; x_wconf 87' lang='lat' dir='ltr'><strong>Quippe</strong></span> <span class='ocrx_word' id='word_1_289' title='bbox 1514 2690 1900 2746; x_wconf 85' lang='lat' dir='ltr'><strong>eonsuefaetus</strong></span> <span class='ocrx_word' id='word_1_290' title='bbox 1923 2692 2100 2746; x_wconf 83' lang='lat' dir='ltr'><strong>fuerat</strong></span> 
     </span>
    </p>
   </div>
   <div class='ocr_carea' id='block_1_45' title="bbox 541 2783 2098 2856">
    <p class='ocr_par' dir='ltr' id='par_1_45' title="bbox 541 2783 2098 2856">
     <span class='ocr_line' id='line_1_45' title="bbox 541 2783 2098 2856; baseline -0.001 -16"><span class='ocrx_word' id='word_1_291' title='bbox 541 2798 601 2841; x_wconf 89' lang='lat' dir='ltr'><strong>ut</strong></span> <span class='ocrx_word' id='word_1_292' title='bbox 631 2802 817 2840; x_wconf 90' lang='lat' dir='ltr'><strong>vocem</strong></span> <span class='ocrx_word' id='word_1_293' title='bbox 853 2784 1132 2856; x_wconf 88' lang='lat' dir='ltr'><strong>cujusdam</strong></span> <span class='ocrx_word' id='word_1_294' title='bbox 1175 2783 1410 2838; x_wconf 89' lang='lat' dir='ltr'><strong>Leonem</strong></span> <span class='ocrx_word' id='word_1_295' title='bbox 1441 2783 1779 2852; x_wconf 88' lang='lat' dir='ltr'><strong>deplorantis</strong></span> <span class='ocrx_word' id='word_1_296' title='bbox 1831 2784 2098 2838; x_wconf 86' lang='lat' dir='ltr'><strong>imitando</strong></span> 
     </span>
    </p>
   </div>
   <div class='ocr_carea' id='block_1_46' title="bbox 537 2871 2099 2947">
    <p class='ocr_par' dir='ltr' id='par_1_46' title="bbox 537 2871 2099 2947">
     <span class='ocr_line' id='line_1_46' title="bbox 537 2871 2099 2947; baseline -0.003 -14"><span class='ocrx_word' id='word_1_297' title='bbox 537 2880 891 2947; x_wconf 85' lang='lat' dir='ltr'><strong>exprimeret.</strong></span> <span class='ocrx_word' id='word_1_298' title='bbox 952 2875 1062 2930; x_wconf 90' lang='lat' dir='ltr'><strong>llae</strong></span> <span class='ocrx_word' id='word_1_299' title='bbox 1121 2883 1306 2944; x_wconf 88' lang='lat' dir='ltr'><strong>patres</strong></span> <span class='ocrx_word' id='word_1_300' title='bbox 1356 2874 1653 2943; x_wconf 88' lang='lat' dir='ltr'><strong>conscripti</strong></span> <span class='ocrx_word' id='word_1_301' title='bbox 1695 2871 1985 2928; x_wconf 87' lang='lat' dir='ltr'><strong>occasione</strong></span> <span class='ocrx_word' id='word_1_302' title='bbox 2010 2890 2099 2928; x_wconf 86' lang='lat' dir='ltr'><strong>ar—</strong></span> 
     </span>
    </p>
   </div>
   <div class='ocr_carea' id='block_1_47' title="bbox 541 2950 2098 3040">
    <p class='ocr_par' dir='ltr' id='par_1_47' title="bbox 541 2950 2098 3040">
     <span class='ocr_line' id='line_1_47' title="bbox 541 2950 2098 3040; baseline -0.001 -18"><span class='ocrx_word' id='word_1_303' title='bbox 541 2987 690 3040; x_wconf 72' lang='lat' dir='ltr'><strong>repia</strong></span> <span class='ocrx_word' id='word_1_304' title='bbox 734 2985 830 3039; x_wconf 87' lang='lat' dir='ltr'><strong>pro</strong></span> <span class='ocrx_word' id='word_1_305' title='bbox 873 2967 1052 3022; x_wconf 90' lang='lat' dir='ltr'><strong>Leone</strong></span> <span class='ocrx_word' id='word_1_306' title='bbox 1096 2967 1237 3034; x_wconf 71' lang='lat' dir='ltr'><strong>apud</strong></span> <span class='ocrx_word' id='word_1_307' title='bbox 1295 2969 1680 3033; x_wconf 82' lang='lat' dir='ltr'><strong>imperatorem</strong></span> <span class='ocrx_word' id='word_1_308' title='bbox 1730 2950 2098 3035; x_wconf 83' lang='lat' dir='ltr'><strong>deprecantur</strong></span> 
     </span>
    </p>
   </div>
   <div class='ocr_carea' id='block_1_48' title="bbox 2206 1945 3758 2023">
    <p class='ocr_par' dir='ltr' id='par_1_48' title="bbox 2206 1945 3758 2023">
     <span class='ocr_line' id='line_1_48' title="bbox 2206 1945 3758 2023; baseline -0.01 -15"><span class='ocrx_word' id='word_1_309' title='bbox 2206 1955 2520 2008; x_wconf 86' lang='grc' dir='ltr'>τακλείεται</span> <span class='ocrx_word' id='word_1_310' title='bbox 2552 1954 2834 2023; x_wconf 83' lang='grc' dir='ltr'>θαλάμων,</span> <span class='ocrx_word' id='word_1_311' title='bbox 2867 1953 3060 2006; x_wconf 75' lang='grc' dir='ltr'>καὶτὰ</span> <span class='ocrx_word' id='word_1_312' title='bbox 3088 1951 3183 2005; x_wconf 82' lang='grc' dir='ltr'>τοῦ</span> <span class='ocrx_word' id='word_1_313' title='bbox 3214 1949 3450 2018; x_wconf 82' lang='grc' dir='ltr'>κράτους</span> <span class='ocrx_word' id='word_1_314' title='bbox 3507 1945 3758 2013; x_wconf 54' lang='grc' dir='ltr'>ἀφαιρεῖ-</span> 
     </span>
    </p>
   </div>
   <div class='ocr_carea' id='block_1_49' title="bbox 2198 2036 3753 2114">
    <p class='ocr_par' dir='ltr' id='par_1_49' title="bbox 2198 2036 3753 2114">
     <span class='ocr_line' id='line_1_49' title="bbox 2198 2036 3753 2114; baseline -0.008 -15"><span class='ocrx_word' id='word_1_315' title='bbox 2198 2063 2288 2099; x_wconf 89' lang='grc' dir='ltr'><strong>ται</strong></span> <span class='ocrx_word' id='word_1_316' title='bbox 2325 2046 2652 2114; x_wconf 85' lang='grc' dir='ltr'>παράσημα.</span> <span class='ocrx_word' id='word_1_317' title='bbox 2671 2045 2826 2098; x_wconf 83' lang='grc' dir='ltr'>Μετὰ</span> <span class='ocrx_word' id='word_1_318' title='bbox 2858 2045 2916 2097; x_wconf 75' lang='grc' dir='ltr'>δὲ</span> <span class='ocrx_word' id='word_1_319' title='bbox 2944 2044 3117 2097; x_wconf 83' lang='grc' dir='ltr'>ταῦτα</span> <span class='ocrx_word' id='word_1_320' title='bbox 3152 2041 3458 2113; x_wconf 83' lang='grc' dir='ltr'>συμπόσιον</span> <span class='ocrx_word' id='word_1_321' title='bbox 3489 2037 3626 2106; x_wconf 74' lang='grc' dir='ltr'>μετά</span> <span class='ocrx_word' id='word_1_322' title='bbox 3649 2036 3753 2087; x_wconf 81' lang='grc' dir='ltr'>τῶν</span> 
     </span>
    </p>
   </div>
   <div class='ocr_carea' id='block_1_50' title="bbox 2198 2132 3757 2208">
    <p class='ocr_par' dir='ltr' id='par_1_50' title="bbox 2198 2132 3757 2208">
     <span class='ocr_line' id='line_1_50' title="bbox 2198 2132 3757 2208; baseline -0.009 -15"><span class='ocrx_word' id='word_1_323' title='bbox 2198 2142 2256 2193; x_wconf 81' lang='grc' dir='ltr'><strong>ἐν</strong></span> <span class='ocrx_word' id='word_1_324' title='bbox 2285 2139 2430 2193; x_wconf 79' lang='grc' dir='ltr'>τέλει</span> <span class='ocrx_word' id='word_1_325' title='bbox 2482 2141 2718 2191; x_wconf 82' lang='grc' dir='ltr'>ποιεῖται</span> <span class='ocrx_word' id='word_1_326' title='bbox 2746 2140 2773 2191; x_wconf 91' lang='lat'><strong>6</strong></span> <span class='ocrx_word' id='word_1_327' title='bbox 2792 2137 3010 2208; x_wconf 84' lang='grc' dir='ltr'>κρατῶν</span> <span class='ocrx_word' id='word_1_328' title='bbox 3040 2137 3182 2190; x_wconf 82' lang='grc' dir='ltr'>κατὰ</span> <span class='ocrx_word' id='word_1_329' title='bbox 3233 2134 3330 2204; x_wconf 85' lang='grc' dir='ltr'><strong>τὴν</strong></span> <span class='ocrx_word' id='word_1_330' title='bbox 3358 2132 3598 2184; x_wconf 83' lang='grc' dir='ltr'>παλαιὰν</span> <span class='ocrx_word' id='word_1_331' title='bbox 3631 2147 3757 2181; x_wconf 85' lang='grc' dir='ltr'>συν-</span> 
     </span>
    </p>
   </div>
   <div class='ocr_carea' id='block_1_51' title="bbox 2200 2221 3756 2303">
    <p class='ocr_par' dir='ltr' id='par_1_51' title="bbox 2200 2221 3756 2303">
     <span class='ocr_line' id='line_1_51' title="bbox 2200 2221 3756 2303; baseline -0.008 -20"><span class='ocrx_word' id='word_1_332' title='bbox 2200 2232 2410 2303; x_wconf 85' lang='grc' dir='ltr'>ήθειαν.</span> <span class='ocrx_word' id='word_1_333' title='bbox 2437 2231 2713 2294; x_wconf 75' lang='grc' dir='ltr'>Ψιττακδς</span> <span class='ocrx_word' id='word_1_334' title='bbox 2759 2225 2849 2284; x_wconf 79' lang='grc' dir='ltr'>οὖν</span> <span class='ocrx_word' id='word_1_335' title='bbox 2896 2230 3075 2282; x_wconf 73' lang='grc' dir='ltr'>ἐκεῖσε</span> <span class='ocrx_word' id='word_1_336' title='bbox 3127 2225 3551 2300; x_wconf 81' lang='grc' dir='ltr'>άπῃωρημένος,</span> <span class='ocrx_word' id='word_1_337' title='bbox 3600 2221 3756 2284; x_wconf 75' lang='grc' dir='ltr'>Λέον,</span> 
     </span>
    </p>
   </div>
   <div class='ocr_carea' id='block_1_52' title="bbox 2207 2311 3759 2392">
    <p class='ocr_par' dir='ltr' id='par_1_52' title="bbox 2207 2311 3759 2392">
     <span class='ocr_line' id='line_1_52' title="bbox 2207 2311 3759 2392; baseline -0.011 -14"><span class='ocrx_word' id='word_1_338' title='bbox 2207 2324 2364 2389; x_wconf 84' lang='grc' dir='ltr'>Δέον,</span> <span class='ocrx_word' id='word_1_339' title='bbox 2398 2323 2525 2377; x_wconf 79' lang='grc' dir='ltr'>ὲὸόα</span> <span class='ocrx_word' id='word_1_340' title='bbox 2550 2323 2749 2376; x_wconf 85' lang='grc' dir='ltr'>πυκνά·</span> <span class='ocrx_word' id='word_1_341' title='bbox 2779 2320 3108 2392; x_wconf 78' lang='grc' dir='ltr'><strong>ὀδυρομένου</strong></span> <span class='ocrx_word' id='word_1_342' title='bbox 3171 2319 3266 2372; x_wconf 80' lang='grc' dir='ltr'>καὶ</span> <span class='ocrx_word' id='word_1_343' title='bbox 3316 2318 3422 2385; x_wconf 86' lang='grc' dir='ltr'>γάρ</span> <span class='ocrx_word' id='word_1_344' title='bbox 3475 2330 3616 2373; x_wconf 78' lang='grc' dir='ltr'>τινος</span> <span class='ocrx_word' id='word_1_345' title='bbox 3670 2311 3759 2362; x_wconf 69' lang='grc' dir='ltr'>τὸν</span> 
     </span>
    </p>
   </div>
   <div class='ocr_carea' id='block_1_53' title="bbox 2211 2399 3762 2483">
    <p class='ocr_par' dir='ltr' id='par_1_53' title="bbox 2211 2399 3762 2483">
     <span class='ocr_line' id='line_1_53' title="bbox 2211 2399 3762 2483; baseline -0.01 -15"><span class='ocrx_word' id='word_1_346' title='bbox 2211 2415 2420 2468; x_wconf 84' lang='grc' dir='ltr'>Λέοντα</span> <span class='ocrx_word' id='word_1_347' title='bbox 2455 2413 2553 2483; x_wconf 75' lang='grc' dir='ltr'><strong>τήν</strong></span> <span class='ocrx_word' id='word_1_348' title='bbox 2604 2412 2786 2482; x_wconf 83' lang='grc' dir='ltr'>φωνὴν</span> <span class='ocrx_word' id='word_1_349' title='bbox 2842 2413 3173 2481; x_wconf 74' lang='grc' dir='ltr'>ἐμιμήσατο.</span> <span class='ocrx_word' id='word_1_350' title='bbox 3228 2406 3508 2477; x_wconf 78' lang='grc' dir='ltr'>Ἀφορμῆς</span> <span class='ocrx_word' id='word_1_351' title='bbox 3557 2399 3649 2454; x_wconf 78' lang='grc' dir='ltr'>οὖν</span> <span class='ocrx_word' id='word_1_352' title='bbox 3677 2404 3762 2453; x_wconf 82' lang='grc' dir='ltr'><strong>ὲν-</strong></span> 
     </span>
    </p>
   </div>
   <div class='ocr_carea' id='block_1_54' title="bbox 2203 2496 3757 2578">
    <p class='ocr_par' dir='ltr' id='par_1_54' title="bbox 2203 2496 3757 2578">
     <span class='ocr_line' id='line_1_54' title="bbox 2203 2496 3757 2578; baseline -0.009 -17"><span class='ocrx_word' id='word_1_353' title='bbox 2203 2507 2392 2562; x_wconf 83' lang='grc' dir='ltr'>τεῦθεν</span> <span class='ocrx_word' id='word_1_354' title='bbox 2420 2508 2750 2578; x_wconf 76' lang='grc' dir='ltr'>δραξάμενοι</span> <span class='ocrx_word' id='word_1_355' title='bbox 2787 2506 2998 2559; x_wconf 80' lang='grc' dir='ltr'>δέονται</span> <span class='ocrx_word' id='word_1_356' title='bbox 3055 2503 3151 2568; x_wconf 81' lang='grc' dir='ltr'>τοῦ</span> <span class='ocrx_word' id='word_1_357' title='bbox 3201 2501 3462 2567; x_wconf 80' lang='grc' dir='ltr'>βασιλέως</span> <span class='ocrx_word' id='word_1_358' title='bbox 3497 2500 3627 2568; x_wconf 77' lang='grc' dir='ltr'>περὶ</span> <span class='ocrx_word' id='word_1_359' title='bbox 3659 2496 3757 2548; x_wconf 74' lang='grc' dir='ltr'><strong>τοῦ</strong></span> 
     </span>
    </p>
   </div>
   <div class='ocr_carea' id='block_1_55' title="bbox 2205 2592 3757 2666">
    <p class='ocr_par' dir='ltr' id='par_1_55' title="bbox 2205 2592 3757 2666">
     <span class='ocr_line' id='line_1_55' title="bbox 2205 2592 3757 2666; baseline -0.008 -13"><span class='ocrx_word' id='word_1_360' title='bbox 2205 2600 2458 2663; x_wconf 85' lang='grc' dir='ltr'>Λέοντος,</span> <span class='ocrx_word' id='word_1_361' title='bbox 2496 2600 2746 2666; x_wconf 81' lang='grc' dir='ltr'>λέγοντες</span> <span class='ocrx_word' id='word_1_362' title='bbox 2783 2597 2857 2660; x_wconf 85' lang='grc' dir='ltr'>ὡς</span> <span class='ocrx_word' id='word_1_363' title='bbox 2883 2600 2962 2660; x_wconf 83' lang='grc' dir='ltr'>εἰς</span> <span class='ocrx_word' id='word_1_364' title='bbox 2993 2595 3334 2664; x_wconf 81' lang='grc' dir='ltr'>κατηγορίαν</span> <span class='ocrx_word' id='word_1_365' title='bbox 3393 2592 3550 2662; x_wconf 81' lang='grc' dir='ltr'>ήμῶν</span> <span class='ocrx_word' id='word_1_366' title='bbox 3605 2593 3757 2642; x_wconf 80' lang='grc' dir='ltr'>ἔσται</span> 
     </span>
    </p>
   </div>
   <div class='ocr_carea' id='block_1_56' title="bbox 2197 2687 3759 2760">
    <p class='ocr_par' dir='ltr' id='par_1_56' title="bbox 2197 2687 3759 2760">
     <span class='ocr_line' id='line_1_56' title="bbox 2197 2687 3759 2760; baseline -0.006 -16"><span class='ocrx_word' id='word_1_367' title='bbox 2197 2693 2346 2745; x_wconf 67' lang='grc' dir='ltr'>τουτὶ</span> <span class='ocrx_word' id='word_1_368' title='bbox 2373 2692 2433 2744; x_wconf 84' lang='grc' dir='ltr'><strong>τὸ</strong></span> <span class='ocrx_word' id='word_1_369' title='bbox 2464 2691 2625 2756; x_wconf 76' lang='grc' dir='ltr'>ζῶον,</span> <span class='ocrx_word' id='word_1_370' title='bbox 2678 2690 2838 2760; x_wconf 71' lang='grc' dir='ltr'>εἴπερ</span> <span class='ocrx_word' id='word_1_371' title='bbox 2885 2689 3017 2743; x_wconf 75' lang='grc' dir='ltr'>αὐτὸ</span> <span class='ocrx_word' id='word_1_372' title='bbox 3067 2689 3168 2755; x_wconf 79' lang='grc' dir='ltr'>μὲν</span> <span class='ocrx_word' id='word_1_373' title='bbox 3211 2702 3301 2741; x_wconf 90' lang='grc' dir='ltr'><strong>τον</strong></span> <span class='ocrx_word' id='word_1_374' title='bbox 3331 2690 3530 2739; x_wconf 78' lang='grc' dir='ltr'>οἰκεῖον</span> <span class='ocrx_word' id='word_1_375' title='bbox 3562 2687 3759 2736; x_wconf 77' lang='grc' dir='ltr'>ἀνεκα-</span> 
     </span>
    </p>
   </div>
   <div class='ocr_carea' id='block_1_57' title="bbox 2196 2778 3759 2853">
    <p class='ocr_par' dir='ltr' id='par_1_57' title="bbox 2196 2778 3759 2853">
     <span class='ocr_line' id='line_1_57' title="bbox 2196 2778 3759 2853; baseline -0.006 -17"><span class='ocrx_word' id='word_1_376' title='bbox 2196 2783 2339 2836; x_wconf 83' lang='grc' dir='ltr'>λεῖτο</span> <span class='ocrx_word' id='word_1_377' title='bbox 2379 2785 2667 2853; x_wconf 83' lang='grc' dir='ltr'>δεσπότην,</span> <span class='ocrx_word' id='word_1_378' title='bbox 2731 2783 2894 2852; x_wconf 78' lang='grc' dir='ltr'>ἡμεῖς</span> <span class='ocrx_word' id='word_1_379' title='bbox 2949 2781 3006 2832; x_wconf 81' lang='grc' dir='ltr'>δὲ</span> <span class='ocrx_word' id='word_1_380' title='bbox 3056 2782 3278 2850; x_wconf 89' lang='grc' dir='ltr'>άμνημο</span> <span class='ocrx_word' id='word_1_381' title='bbox 3312 2778 3480 2849; x_wconf 80' lang='grc' dir='ltr'>οὖμεν</span> <span class='ocrx_word' id='word_1_382' title='bbox 3529 2778 3620 2829; x_wconf 74' lang='grc' dir='ltr'>ἐπὶ</span> <span class='ocrx_word' id='word_1_383' title='bbox 3672 2793 3759 2827; x_wconf 80' lang='grc' dir='ltr'>το-</span> 
     </span>
    </p>
   </div>
   <div class='ocr_carea' id='block_1_58' title="bbox 2205 2873 3757 2948">
    <p class='ocr_par' dir='ltr' id='par_1_58' title="bbox 2205 2873 3757 2948">
     <span class='ocr_line' id='line_1_58' title="bbox 2205 2873 3757 2948; baseline -0.005 -19"><span class='ocrx_word' id='word_1_384' title='bbox 2205 2877 2397 2930; x_wconf 81' lang='grc' dir='ltr'>σοῦτον</span> <span class='ocrx_word' id='word_1_385' title='bbox 2431 2876 2621 2930; x_wconf 79' lang='grc' dir='ltr'>αὑτοῦ.</span> <span class='ocrx_word' id='word_1_386' title='bbox 2653 2875 2840 2948; x_wconf 69' lang='grc' dir='ltr'><strong>Ταῦτῃ</strong></span> <span class='ocrx_word' id='word_1_387' title='bbox 2876 2891 2960 2928; x_wconf 92' lang='grc' dir='ltr'><strong>τοι</strong></span> <span class='ocrx_word' id='word_1_388' title='bbox 3024 2875 3121 2928; x_wconf 70' lang='grc' dir='ltr'><strong>καὶ</strong></span> <span class='ocrx_word' id='word_1_389' title='bbox 3169 2875 3271 2927; x_wconf 82' lang='grc' dir='ltr'><strong>οὐκ</strong></span> <span class='ocrx_word' id='word_1_390' title='bbox 3317 2873 3757 2940; x_wconf 71' lang='grc' dir='ltr'>ἀποτυγχάνουσι</span> 
     </span>
    </p>
   </div>
   <div class='ocr_carea' id='block_1_59' title="bbox 2195 2967 2540 3023">
    <p class='ocr_par' dir='ltr' id='par_1_59' title="bbox 2195 2967 2540 3023">
     <span class='ocr_line' id='line_1_59' title="bbox 2195 2967 2540 3023; baseline 0.003 -1"><span class='ocrx_word' id='word_1_391' title='bbox 2195 2968 2290 3022; x_wconf 82' lang='grc' dir='ltr'>τοῦ</span> <span class='ocrx_word' id='word_1_392' title='bbox 2315 2967 2540 3023; x_wconf 79' lang='grc' dir='ltr'>σκοποῦ.</span> 
     </span>
    </p>
   </div>
   <div class='ocr_carea' id='block_1_60' title="bbox 534 3053 3748 3129">
    <p class='ocr_par' dir='ltr' id='par_1_60' title="bbox 534 3053 3748 3129">
     <span class='ocr_line' id='line_1_60' title="bbox 534 3053 3748 3129; baseline -0.002 -14"><span class='ocrx_word' id='word_1_393' title='bbox 534 3075 590 3115; x_wconf 87' lang='lat' dir='ltr'><strong>et</strong></span> <span class='ocrx_word' id='word_1_394' title='bbox 621 3059 988 3114; x_wconf 72' lang='lat' dir='ltr'><strong>intercedunt.</strong></span> <span class='ocrx_word' id='word_1_395' title='bbox 1023 3055 1256 3111; x_wconf 81' lang='lat' dir='ltr'><strong>Aiebant</strong></span> <span class='ocrx_word' id='word_1_396' title='bbox 1303 3055 1448 3109; x_wconf 91' lang='lat' dir='ltr'><strong>enim</strong></span> <span class='ocrx_word' id='word_1_397' title='bbox 1499 3054 1602 3107; x_wconf 87' lang='lat' dir='ltr'><strong>hoc</strong></span> <span class='ocrx_word' id='word_1_398' title='bbox 1663 3053 1838 3122; x_wconf 90' lang='lat' dir='ltr'><strong>ipsum</strong></span> <span class='ocrx_word' id='word_1_399' title='bbox 1881 3055 2080 3108; x_wconf 85' lang='lat' dir='ltr'><strong>animal</strong></span> <span class='ocrx_word' id='word_1_400' title='bbox 2120 3059 2502 3128; x_wconf 80' lang='lat' dir='ltr'><strong>negligentiam</strong></span> <span class='ocrx_word' id='word_1_401' title='bbox 2553 3073 2706 3114; x_wconf 89' lang='lat' dir='ltr'><strong>suam</strong></span> <span class='ocrx_word' id='word_1_402' title='bbox 2744 3058 2921 3115; x_wconf 88' lang='lat' dir='ltr'><strong>videri</strong></span> <span class='ocrx_word' id='word_1_403' title='bbox 2975 3075 3254 3124; x_wconf 87' lang='lat' dir='ltr'><strong>accusare,</strong></span> <span class='ocrx_word' id='word_1_404' title='bbox 3306 3059 3453 3129; x_wconf 90' lang='lat' dir='ltr'><strong>quod</strong></span> <span class='ocrx_word' id='word_1_405' title='bbox 3499 3059 3615 3112; x_wconf 82' lang='lat' dir='ltr'><strong>heri</strong></span> <span class='ocrx_word' id='word_1_406' title='bbox 3666 3058 3748 3110; x_wconf 87' lang='lat' dir='ltr'><strong>sui</strong></span> 
     </span>
    </p>
   </div>
   <div class='ocr_carea' id='block_1_61' title="bbox 537 3146 3750 3222">
    <p class='ocr_par' dir='ltr' id='par_1_61' title="bbox 537 3146 3750 3222">
     <span class='ocr_line' id='line_1_61' title="bbox 537 3146 3750 3222; baseline 0 -20"><span class='ocrx_word' id='word_1_407' title='bbox 537 3167 738 3206; x_wconf 86' lang='lat' dir='ltr'><strong>nomen</strong></span> <span class='ocrx_word' id='word_1_408' title='bbox 771 3153 931 3206; x_wconf 90' lang='lat' dir='ltr'><strong>toties</strong></span> <span class='ocrx_word' id='word_1_409' title='bbox 957 3149 1296 3211; x_wconf 87' lang='lat' dir='ltr'><strong>inclamaret,</strong></span> <span class='ocrx_word' id='word_1_410' title='bbox 1327 3147 1486 3216; x_wconf 80' lang='lat' dir='ltr'><strong>cujus</strong></span> <span class='ocrx_word' id='word_1_411' title='bbox 1541 3146 1645 3217; x_wconf 90' lang='lat' dir='ltr'><strong>ipsi</strong></span> <span class='ocrx_word' id='word_1_412' title='bbox 1679 3156 1785 3200; x_wconf 92' lang='lat' dir='ltr'><strong>tam</strong></span> <span class='ocrx_word' id='word_1_413' title='bbox 1846 3147 2006 3219; x_wconf 81' lang='lat' dir='ltr'><strong>longo</strong></span> <span class='ocrx_word' id='word_1_414' title='bbox 2054 3149 2164 3220; x_wconf 86' lang='lat' dir='ltr'><strong>jam</strong></span> <span class='ocrx_word' id='word_1_415' title='bbox 2202 3159 2446 3222; x_wconf 89' lang='lat' dir='ltr'><strong>tempore</strong></span> <span class='ocrx_word' id='word_1_416' title='bbox 2486 3152 2820 3208; x_wconf 89' lang='lat' dir='ltr'><strong>mentionem</strong></span> <span class='ocrx_word' id='word_1_417' title='bbox 2850 3153 3054 3208; x_wconf 88' lang='lat' dir='ltr'><strong>nullam</strong></span> <span class='ocrx_word' id='word_1_418' title='bbox 3083 3153 3358 3210; x_wconf 88' lang='lat' dir='ltr'><strong>fecissent.</strong></span> <span class='ocrx_word' id='word_1_419' title='bbox 3381 3154 3553 3219; x_wconf 89' lang='lat' dir='ltr'><strong>Quam</strong></span> <span class='ocrx_word' id='word_1_420' title='bbox 3587 3152 3750 3206; x_wconf 85' lang='lat' dir='ltr'><strong>inter-</strong></span> 
     </span>
    </p>
   </div>
   <div class='ocr_carea' id='block_1_62' title="bbox 530 3240 2538 3315">
    <p class='ocr_par' dir='ltr' id='par_1_62' title="bbox 530 3240 2538 3315">
     <span class='ocr_line' id='line_1_62' title="bbox 530 3240 2538 3315; baseline 0.001 -16"><span class='ocrx_word' id='word_1_421' title='bbox 530 3249 840 3299; x_wconf 76' lang='lat' dir='ltr'><strong>cessionem</strong></span> <span class='ocrx_word' id='word_1_422' title='bbox 876 3243 1170 3312; x_wconf 90' lang='lat' dir='ltr'><strong>imperator</strong></span> <span class='ocrx_word' id='word_1_423' title='bbox 1195 3257 1316 3296; x_wconf 91' lang='lat' dir='ltr'><strong>cum</strong></span> <span class='ocrx_word' id='word_1_424' title='bbox 1348 3240 1667 3305; x_wconf 85' lang='lat' dir='ltr'><strong>audivisset,</strong></span> <span class='ocrx_word' id='word_1_425' title='bbox 1699 3240 1809 3294; x_wconf 84' lang='lat' dir='ltr'><strong>veli</strong></span> <span class='ocrx_word' id='word_1_426' title='bbox 1839 3256 1932 3296; x_wconf 93' lang='lat' dir='ltr'><strong>eos</strong></span> <span class='ocrx_word' id='word_1_427' title='bbox 1966 3242 2050 3296; x_wconf 92' lang='lat' dir='ltr'><strong>sui</strong></span> <span class='ocrx_word' id='word_1_428' title='bbox 2081 3253 2360 3315; x_wconf 84' lang='lat' dir='ltr'><strong>compotes</strong></span> <span class='ocrx_word' id='word_1_429' title='bbox 2389 3245 2538 3301; x_wconf 84' lang='lat' dir='ltr'><strong>fecit.</strong></span> 
     </span>
    </p>
   </div>
   <div class='ocr_carea' id='block_1_63' title="bbox 606 3323 2098 3408">
    <p class='ocr_par' dir='ltr' id='par_1_63' title="bbox 606 3331 2098 3396">
     <span class='ocr_line' id='line_1_63' title="bbox 606 3331 2098 3396; baseline -0.001 -6"><span class='ocrx_word' id='word_1_430' title='bbox 606 3338 874 3392; x_wconf 62' lang='lat' dir='ltr'><strong>Cit-terum</strong></span> <span class='ocrx_word' id='word_1_431' title='bbox 905 3335 1009 3388; x_wconf 89' lang='lat' dir='ltr'><strong>hoc</strong></span> <span class='ocrx_word' id='word_1_432' title='bbox 1047 3335 1167 3388; x_wconf 89' lang='lat' dir='ltr'><strong>loco</strong></span> <span class='ocrx_word' id='word_1_433' title='bbox 1218 3332 1382 3388; x_wconf 86' lang='lat' dir='ltr'><strong>velim</strong></span> <span class='ocrx_word' id='word_1_434' title='bbox 1435 3331 1857 3396; x_wconf 84' lang='lat' dir='ltr'><strong>animadvertas,</strong></span> <span class='ocrx_word' id='word_1_435' title='bbox 1899 3333 2098 3389; x_wconf 90' lang='lat' dir='ltr'><strong>dilecte</strong></span> 
     </span>
    </p>
   </div>
   <div class='ocr_carea' id='block_1_64' title="bbox 2199 3323 3753 3408">
    <p class='ocr_par' dir='ltr' id='par_1_64' title="bbox 2253 3323 3753 3408">
     <span class='ocr_line' id='line_1_64' title="bbox 2253 3323 3753 3408; baseline 0.001 -18"><span class='ocrx_word' id='word_1_436' title='bbox 2253 3323 2513 3408; x_wconf 80' lang='grc' dir='ltr'><strong>¹Πρόσεχε</strong></span> <span class='ocrx_word' id='word_1_437' title='bbox 2548 3338 2626 3402; x_wconf 74' lang='grc' dir='ltr'>δὲ,</span> <span class='ocrx_word' id='word_1_438' title='bbox 2670 3339 2946 3408; x_wconf 82' lang='grc' dir='ltr'>άγαπητὲ,</span> <span class='ocrx_word' id='word_1_439' title='bbox 2998 3339 3081 3393; x_wconf 85' lang='grc' dir='ltr'>ὅτι</span> <span class='ocrx_word' id='word_1_440' title='bbox 3128 3338 3493 3408; x_wconf 78' lang='grc' dir='ltr'>διαφωνοῦσιν</span> <span class='ocrx_word' id='word_1_441' title='bbox 3524 3337 3753 3391; x_wconf 69' lang='grc' dir='ltr'>ἐνταῦθα</span> 
     </span>
    </p>
   </div>
   <div class='ocr_carea' id='block_1_65' title="bbox 541 3423 2098 3496">
    <p class='ocr_par' dir='ltr' id='par_1_65' title="bbox 541 3423 2098 3496">
     <span class='ocr_line' id='line_1_65' title="bbox 541 3423 2098 3496; baseline -0.004 -13"><span class='ocrx_word' id='word_1_442' title='bbox 541 3431 636 3490; x_wconf 76' lang='lat' dir='ltr'><strong>(ili.</strong></span> <span class='ocrx_word' id='word_1_443' title='bbox 666 3428 960 3496; x_wconf 90' lang='lat' dir='ltr'><strong>scriptores</strong></span> <span class='ocrx_word' id='word_1_444' title='bbox 991 3424 1275 3479; x_wconf 83' lang='lat' dir='ltr'><strong>annalium</strong></span> <span class='ocrx_word' id='word_1_445' title='bbox 1319 3423 1459 3477; x_wconf 92' lang='lat' dir='ltr'><strong>inter</strong></span> <span class='ocrx_word' id='word_1_446' title='bbox 1487 3439 1546 3478; x_wconf 92' lang='lat' dir='ltr'><strong>se</strong></span> <span class='ocrx_word' id='word_1_447' title='bbox 1599 3423 1913 3480; x_wconf 86' lang='lat' dir='ltr'><strong>dissentire.</strong></span> <span class='ocrx_word' id='word_1_448' title='bbox 1963 3425 2098 3478; x_wconf 89' lang='lat' dir='ltr'><strong>Nam</strong></span> 
     </span>
    </p>
   </div>
   <div class='ocr_carea' id='block_1_66' title="bbox 539 3516 2102 3592">
    <p class='ocr_par' dir='ltr' id='par_1_66' title="bbox 539 3516 2102 3592">
     <span class='ocr_line' id='line_1_66' title="bbox 539 3516 2102 3592; baseline -0.004 -16"><span class='ocrx_word' id='word_1_449' title='bbox 539 3521 802 3592; x_wconf 74' lang='lat' dir='ltr'><strong>Seylitzes</strong></span> <span class='ocrx_word' id='word_1_450' title='bbox 828 3516 1337 3573; x_wconf 78' lang='lat' dir='ltr'><strong>traditMichaelum</strong></span> <span class='ocrx_word' id='word_1_451' title='bbox 1371 3516 1754 3586; x_wconf 87' lang='lat' dir='ltr'><strong>imperatorem</strong></span> <span class='ocrx_word' id='word_1_452' title='bbox 1789 3517 1977 3574; x_wconf 88' lang='lat' dir='ltr'><strong>sobole</strong></span> <span class='ocrx_word' id='word_1_453' title='bbox 2009 3531 2102 3570; x_wconf 89' lang='lat' dir='ltr'><strong>na-</strong></span> 
     </span>
    </p>
   </div>
   <div class='ocr_carea' id='block_1_67' title="bbox 538 3608 2100 3680">
    <p class='ocr_par' dir='ltr' id='par_1_67' title="bbox 538 3608 2100 3680">
     <span class='ocr_line' id='line_1_67' title="bbox 538 3608 2100 3680; baseline -0.003 -12"><span class='ocrx_word' id='word_1_454' title='bbox 538 3614 698 3668; x_wconf 80' lang='lat' dir='ltr'><strong>turali</strong></span> <span class='ocrx_word' id='word_1_455' title='bbox 725 3612 988 3668; x_wconf 85' lang='lat' dir='ltr'><strong>caruisse.</strong></span> <span class='ocrx_word' id='word_1_456' title='bbox 1019 3611 1120 3677; x_wconf 92' lang='lat' dir='ltr'><strong>Qui</strong></span> <span class='ocrx_word' id='word_1_457' title='bbox 1157 3612 1304 3664; x_wconf 90' lang='lat' dir='ltr'><strong>enim</strong></span> <span class='ocrx_word' id='word_1_458' title='bbox 1347 3609 1602 3665; x_wconf 88' lang='lat' dir='ltr'><strong>ebrietati</strong></span> <span class='ocrx_word' id='word_1_459' title='bbox 1632 3621 1899 3680; x_wconf 90' lang='lat' dir='ltr'><strong>perpetuo</strong></span> <span class='ocrx_word' id='word_1_460' title='bbox 1928 3608 2100 3664; x_wconf 89' lang='lat' dir='ltr'><strong>dediti</strong></span> 
     </span>
    </p>
   </div>
   <div class='ocr_carea' id='block_1_68' title="bbox 539 3701 2098 3774">
    <p class='ocr_par' dir='ltr' id='par_1_68' title="bbox 539 3701 2098 3774">
     <span class='ocr_line' id='line_1_68' title="bbox 539 3701 2098 3774; baseline -0.004 -14"><span class='ocrx_word' id='word_1_461' title='bbox 539 3715 689 3764; x_wconf 88' lang='lat' dir='ltr'><strong>sunt.</strong></span> <span class='ocrx_word' id='word_1_462' title='bbox 741 3704 1201 3774; x_wconf 84' lang='lat' dir='ltr'><strong>quemadmodum</strong></span> <span class='ocrx_word' id='word_1_463' title='bbox 1258 3703 1551 3772; x_wconf 87' lang='lat' dir='ltr'><strong>perhibent</strong></span> <span class='ocrx_word' id='word_1_464' title='bbox 1605 3701 1855 3756; x_wconf 89' lang='lat' dir='ltr'><strong>homines</strong></span> <span class='ocrx_word' id='word_1_465' title='bbox 1907 3701 2098 3758; x_wconf 87' lang='lat' dir='ltr'><strong>barum</strong></span> 
     </span>
    </p>
   </div>
   <div class='ocr_carea' id='block_1_69' title="bbox 539 3794 2100 3868">
    <p class='ocr_par' dir='ltr' id='par_1_69' title="bbox 539 3794 2100 3868">
     <span class='ocr_line' id='line_1_69' title="bbox 539 3794 2100 3868; baseline -0.004 -14"><span class='ocrx_word' id='word_1_466' title='bbox 539 3815 723 3855; x_wconf 89' lang='lat' dir='ltr'><strong>rerum</strong></span> <span class='ocrx_word' id='word_1_467' title='bbox 757 3797 940 3868; x_wconf 84' lang='lat' dir='ltr'><strong>periti,</strong></span> <span class='ocrx_word' id='word_1_468' title='bbox 976 3811 1320 3866; x_wconf 80' lang='lat' dir='ltr'><strong>nequaquam</strong></span> <span class='ocrx_word' id='word_1_469' title='bbox 1355 3809 1542 3850; x_wconf 89' lang='lat' dir='ltr'><strong>semen</strong></span> <span class='ocrx_word' id='word_1_470' title='bbox 1572 3794 1637 3849; x_wconf 87' lang='lat' dir='ltr'><strong>ad</strong></span> <span class='ocrx_word' id='word_1_471' title='bbox 1680 3809 1875 3849; x_wconf 84' lang='lat' dir='ltr'><strong>arcana</strong></span> <span class='ocrx_word' id='word_1_472' title='bbox 1922 3794 2100 3848; x_wconf 81' lang='lat' dir='ltr'><strong>Vene-</strong></span> 
     </span>
    </p>
   </div>
   <div class='ocr_carea' id='block_1_70' title="bbox 539 3887 2100 3955">
    <p class='ocr_par' dir='ltr' id='par_1_70' title="bbox 539 3887 2100 3955">
     <span class='ocr_line' id='line_1_70' title="bbox 539 3887 2100 3955; baseline -0.004 -9"><span class='ocrx_word' id='word_1_473' title='bbox 539 3895 614 3947; x_wconf 90' lang='lat' dir='ltr'><strong>ris</strong></span> <span class='ocrx_word' id='word_1_474' title='bbox 655 3893 909 3946; x_wconf 90' lang='lat' dir='ltr'><strong>idoneum</strong></span> <span class='ocrx_word' id='word_1_475' title='bbox 947 3890 1172 3942; x_wconf 87' lang='lat' dir='ltr'><strong>habent.</strong></span> <span class='ocrx_word' id='word_1_476' title='bbox 1232 3887 1344 3942; x_wconf 86' lang='lat' dir='ltr'><strong>Hoc</strong></span> <span class='ocrx_word' id='word_1_477' title='bbox 1400 3888 1442 3942; x_wconf 91' lang='lat' dir='ltr'><strong>si</strong></span> <span class='ocrx_word' id='word_1_478' title='bbox 1478 3902 1666 3941; x_wconf 89' lang='lat' dir='ltr'><strong>verum</strong></span> <span class='ocrx_word' id='word_1_479' title='bbox 1701 3894 1802 3945; x_wconf 86' lang='lat' dir='ltr'><strong>est.</strong></span> <span class='ocrx_word' id='word_1_480' title='bbox 1846 3887 1936 3955; x_wconf 88' lang='lat' dir='ltr'><strong>qui</strong></span> <span class='ocrx_word' id='word_1_481' title='bbox 1966 3901 2100 3940; x_wconf 90' lang='lat' dir='ltr'><strong>eon-</strong></span> 
     </span>
    </p>
   </div>
   <div class='ocr_carea' id='block_1_71' title="bbox 541 3977 2098 4049">
    <p class='ocr_par' dir='ltr' id='par_1_71' title="bbox 541 3977 2098 4049">
     <span class='ocr_line' id='line_1_71' title="bbox 541 3977 2098 4049; baseline -0.004 -13"><span class='ocrx_word' id='word_1_482' title='bbox 541 3994 862 4036; x_wconf 83' lang='lat' dir='ltr'><strong>sentaueum</strong></span> <span class='ocrx_word' id='word_1_483' title='bbox 889 3982 1218 4049; x_wconf 84' lang='lat' dir='ltr'><strong>putabimus,</strong></span> <span class='ocrx_word' id='word_1_484' title='bbox 1253 3979 1398 4048; x_wconf 89' lang='lat' dir='ltr'><strong>quod</strong></span> <span class='ocrx_word' id='word_1_485' title='bbox 1451 3980 1604 4032; x_wconf 87' lang='lat' dir='ltr'><strong>aiunt</strong></span> <span class='ocrx_word' id='word_1_486' title='bbox 1635 3977 1824 4046; x_wconf 85' lang='lat' dir='ltr'><strong>aliqui,</strong></span> <span class='ocrx_word' id='word_1_487' title='bbox 1863 3977 2098 4030; x_wconf 84' lang='lat' dir='ltr'><strong>Leonem</strong></span> 
     </span>
    </p>
   </div>
   <div class='ocr_carea' id='block_1_72' title="bbox 541 4069 2102 4137">
    <p class='ocr_par' dir='ltr' id='par_1_72' title="bbox 541 4069 2102 4137">
     <span class='ocr_line' id='line_1_72' title="bbox 541 4069 2102 4137; baseline -0.001 -12"><span class='ocrx_word' id='word_1_488' title='bbox 541 4072 790 4126; x_wconf 77' lang='lat' dir='ltr'><strong>Michaeii</strong></span> <span class='ocrx_word' id='word_1_489' title='bbox 828 4069 996 4126; x_wconf 65' lang='lat' dir='ltr'><strong>fuzsse</strong></span> <span class='ocrx_word' id='word_1_490' title='bbox 1019 4069 1230 4124; x_wconf 79' lang='lat' dir='ltr'><strong>filium?</strong></span> <span class='ocrx_word' id='word_1_491' title='bbox 1290 4069 1530 4123; x_wconf 85' lang='lat' dir='ltr'><strong>Zonaras</strong></span> <span class='ocrx_word' id='word_1_492' title='bbox 1563 4069 1784 4137; x_wconf 84' lang='lat' dir='ltr'><strong>quidem</strong></span> <span class='ocrx_word' id='word_1_493' title='bbox 1820 4070 2102 4124; x_wconf 75' lang='lat' dir='ltr'><strong>memoriae</strong></span> 
     </span>
    </p>
   </div>
   <div class='ocr_carea' id='block_1_73' title="bbox 542 4160 2099 4231">
    <p class='ocr_par' dir='ltr' id='par_1_73' title="bbox 542 4160 2099 4231">
     <span class='ocr_line' id='line_1_73' title="bbox 542 4160 2099 4231; baseline 0.001 -18"><span class='ocrx_word' id='word_1_494' title='bbox 542 4161 786 4230; x_wconf 87' lang='lat' dir='ltr'><strong>prodidit</strong></span> <span class='ocrx_word' id='word_1_495' title='bbox 832 4161 1070 4215; x_wconf 92' lang='lat' dir='ltr'><strong>Leonem</strong></span> <span class='ocrx_word' id='word_1_496' title='bbox 1130 4176 1321 4231; x_wconf 87' lang='lat' dir='ltr'><strong>reapse</strong></span> <span class='ocrx_word' id='word_1_497' title='bbox 1369 4160 1618 4215; x_wconf 85' lang='lat' dir='ltr'><strong>Michaeli</strong></span> <span class='ocrx_word' id='word_1_498' title='bbox 1677 4160 1846 4214; x_wconf 81' lang='lat' dir='ltr'><strong>ﬁlium</strong></span> <span class='ocrx_word' id='word_1_499' title='bbox 1911 4160 2099 4228; x_wconf 84' lang='lat' dir='ltr'><strong>fuisse,</strong></span> 
     </span>
    </p>
   </div>
   <div class='ocr_carea' id='block_1_74' title="bbox 541 4251 2102 4322">
    <p class='ocr_par' dir='ltr' id='par_1_74' title="bbox 541 4251 2102 4322">
     <span class='ocr_line' id='line_1_74' title="bbox 541 4251 2102 4322; baseline 0.002 -18"><span class='ocrx_word' id='word_1_500' title='bbox 541 4253 822 4305; x_wconf 91' lang='lat' dir='ltr'><strong>hominum</strong></span> <span class='ocrx_word' id='word_1_501' title='bbox 857 4261 1038 4305; x_wconf 91' lang='lat' dir='ltr'><strong>autem</strong></span> <span class='ocrx_word' id='word_1_502' title='bbox 1069 4252 1332 4322; x_wconf 90' lang='lat' dir='ltr'><strong>opinione</strong></span> <span class='ocrx_word' id='word_1_503' title='bbox 1388 4251 1598 4305; x_wconf 88' lang='lat' dir='ltr'><strong>Basilii.</strong></span> <span class='ocrx_word' id='word_1_504' title='bbox 1652 4251 1862 4320; x_wconf 84' lang='lat' dir='ltr'><strong>Quippe</strong></span> <span class='ocrx_word' id='word_1_505' title='bbox 1908 4253 2102 4307; x_wconf 79' lang='lat' dir='ltr'><strong>Leonis</strong></span> 
     </span>
    </p>
   </div>
   <div class='ocr_carea' id='block_1_75' title="bbox 539 4342 2098 4412">
    <p class='ocr_par' dir='ltr' id='par_1_75' title="bbox 539 4342 2098 4412">
     <span class='ocr_line' id='line_1_75' title="bbox 539 4342 2098 4412; baseline 0.001 -16"><span class='ocrx_word' id='word_1_506' title='bbox 539 4356 730 4408; x_wconf 88' lang='lat' dir='ltr'><strong>mater,</strong></span> <span class='ocrx_word' id='word_1_507' title='bbox 763 4344 849 4398; x_wconf 91' lang='lat' dir='ltr'><strong>cui</strong></span> <span class='ocrx_word' id='word_1_508' title='bbox 878 4358 1080 4399; x_wconf 90' lang='lat' dir='ltr'><strong>nomen</strong></span> <span class='ocrx_word' id='word_1_509' title='bbox 1119 4355 1240 4399; x_wconf 88' lang='lat' dir='ltr'><strong>erat</strong></span> <span class='ocrx_word' id='word_1_510' title='bbox 1263 4344 1529 4410; x_wconf 84' lang='lat' dir='ltr'><strong>Eudoeia,</strong></span> <span class='ocrx_word' id='word_1_511' title='bbox 1563 4342 1768 4412; x_wconf 79' lang='lat' dir='ltr'><strong>lngeris</strong></span> <span class='ocrx_word' id='word_1_512' title='bbox 1799 4343 1934 4401; x_wconf 83' lang='lat' dir='ltr'><strong>ﬁlia.</strong></span> <span class='ocrx_word' id='word_1_513' title='bbox 1975 4358 2098 4397; x_wconf 89' lang='lat' dir='ltr'><strong>cum</strong></span> 
     </span>
    </p>
   </div>
   <div class='ocr_carea' id='block_1_76' title="bbox 537 4433 2101 4506">
    <p class='ocr_par' dir='ltr' id='par_1_76' title="bbox 537 4433 2101 4506">
     <span class='ocr_line' id='line_1_76' title="bbox 537 4433 2101 4506; baseline 0.001 -20"><span class='ocrx_word' id='word_1_514' title='bbox 537 4435 691 4503; x_wconf 89' lang='lat' dir='ltr'><strong>prius</strong></span> <span class='ocrx_word' id='word_1_515' title='bbox 726 4449 924 4488; x_wconf 90' lang='lat' dir='ltr'><strong>arcano</strong></span> <span class='ocrx_word' id='word_1_516' title='bbox 957 4437 1252 4506; x_wconf 88' lang='lat' dir='ltr'><strong>concubitu</strong></span> <span class='ocrx_word' id='word_1_517' title='bbox 1299 4451 1424 4490; x_wconf 91' lang='lat' dir='ltr'><strong>cum</strong></span> <span class='ocrx_word' id='word_1_518' title='bbox 1474 4435 1804 4504; x_wconf 88' lang='lat' dir='ltr'><strong>imperatore</strong></span> <span class='ocrx_word' id='word_1_519' title='bbox 1839 4433 2101 4488; x_wconf 80' lang='lat' dir='ltr'><strong>Michaelo</strong></span> 
     </span>
    </p>
   </div>
   <div class='ocr_carea' id='block_1_77' title="bbox 537 4527 2098 4600">
    <p class='ocr_par' dir='ltr' id='par_1_77' title="bbox 537 4527 2098 4600">
     <span class='ocr_line' id='line_1_77' title="bbox 537 4527 2098 4600; baseline 0 -20"><span class='ocrx_word' id='word_1_520' title='bbox 537 4531 933 4593; x_wconf 62' lang='lat' dir='ltr'><strong>consuevisset,</strong></span> <span class='ocrx_word' id='word_1_521' title='bbox 965 4545 1251 4600; x_wconf 66' lang='lat' dir='ltr'><strong>praegnans</strong></span> <span class='ocrx_word' id='word_1_522' title='bbox 1281 4530 1480 4583; x_wconf 89' lang='lat' dir='ltr'><strong>Basilio</strong></span> <span class='ocrx_word' id='word_1_523' title='bbox 1536 4538 1767 4598; x_wconf 91' lang='lat' dir='ltr'><strong>nuptum</strong></span> <span class='ocrx_word' id='word_1_524' title='bbox 1812 4527 1938 4582; x_wconf 86' lang='lat' dir='ltr'><strong>data</strong></span> <span class='ocrx_word' id='word_1_525' title='bbox 1994 4535 2098 4593; x_wconf 88' lang='lat' dir='ltr'><strong>est,</strong></span> 
     </span>
    </p>
   </div>
   <div class='ocr_carea' id='block_1_78' title="bbox 536 4619 2100 4689">
    <p class='ocr_par' dir='ltr' id='par_1_78' title="bbox 536 4619 2100 4689">
     <span class='ocr_line' id='line_1_78' title="bbox 536 4619 2100 4689; baseline 0.002 -18"><span class='ocrx_word' id='word_1_526' title='bbox 536 4635 700 4689; x_wconf 77' lang='lat' dir='ltr'><strong>quem</strong></span> <span class='ocrx_word' id='word_1_527' title='bbox 731 4620 864 4674; x_wconf 87' lang='lat' dir='ltr'><strong>adeo</strong></span> <span class='ocrx_word' id='word_1_528' title='bbox 893 4620 996 4673; x_wconf 88' lang='lat' dir='ltr'><strong>sibi</strong></span> <span class='ocrx_word' id='word_1_529' title='bbox 1027 4621 1350 4673; x_wconf 81' lang='lat' dir='ltr'><strong>familiarem</strong></span> <span class='ocrx_word' id='word_1_530' title='bbox 1399 4620 1696 4674; x_wconf 84' lang='lat' dir='ltr'><strong>Michaelus</strong></span> <span class='ocrx_word' id='word_1_531' title='bbox 1750 4619 1976 4683; x_wconf 88' lang='lat' dir='ltr'><strong>fecerat,</strong></span> <span class='ocrx_word' id='word_1_532' title='bbox 2041 4629 2100 4674; x_wconf 92' lang='lat' dir='ltr'><strong>ut</strong></span> 
     </span>
    </p>
   </div>
   <div class='ocr_carea' id='block_1_79' title="bbox 2205 3428 3758 3501">
    <p class='ocr_par' dir='ltr' id='par_1_79' title="bbox 2205 3428 3758 3501">
     <span class='ocr_line' id='line_1_79' title="bbox 2205 3428 3758 3501; baseline 0.001 -21"><span class='ocrx_word' id='word_1_533' title='bbox 2205 3429 2339 3498; x_wconf 67' lang='lat' dir='ltr'><strong>ripe;</strong></span> <span class='ocrx_word' id='word_1_534' title='bbox 2378 3428 2640 3499; x_wconf 82' lang='grc' dir='ltr'>ἀλλήλους</span> <span class='ocrx_word' id='word_1_535' title='bbox 2674 3432 2723 3482; x_wconf 83' lang='lat' dir='ltr'><strong>oi</strong></span> <span class='ocrx_word' id='word_1_536' title='bbox 2761 3430 3146 3501; x_wconf 79' lang='grc' dir='ltr'>χρονογράφοι.</span> <span class='ocrx_word' id='word_1_537' title='bbox 3193 3429 3253 3483; x_wconf 88' lang='lat'><strong>&#39;0</strong></span> <span class='ocrx_word' id='word_1_538' title='bbox 3289 3430 3398 3500; x_wconf 79' lang='grc' dir='ltr'><strong>γὰρ</strong></span> <span class='ocrx_word' id='word_1_539' title='bbox 3454 3429 3758 3499; x_wconf 76' lang='grc' dir='ltr'>Σκυλίτζης</span> 
     </span>
    </p>
   </div>
   <div class='ocr_carea' id='block_1_80' title="bbox 2205 3520 3764 3594">
    <p class='ocr_par' dir='ltr' id='par_1_80' title="bbox 2205 3520 3764 3594">
     <span class='ocr_line' id='line_1_80' title="bbox 2205 3520 3764 3594; baseline 0.002 -22"><span class='ocrx_word' id='word_1_540' title='bbox 2205 3522 2369 3588; x_wconf 66' lang='grc' dir='ltr'>φησὶν</span> <span class='ocrx_word' id='word_1_541' title='bbox 2393 3520 2477 3574; x_wconf 82' lang='grc' dir='ltr'>ὅτι</span> <span class='ocrx_word' id='word_1_542' title='bbox 2514 3521 2679 3592; x_wconf 83' lang='grc' dir='ltr'>γονῆς</span> <span class='ocrx_word' id='word_1_543' title='bbox 2716 3522 2916 3594; x_wconf 75' lang='grc' dir='ltr'>ἠπόρει</span> <span class='ocrx_word' id='word_1_544' title='bbox 2941 3522 3180 3592; x_wconf 83' lang='grc' dir='ltr'>φυσικῆς</span> <span class='ocrx_word' id='word_1_545' title='bbox 3210 3525 3238 3575; x_wconf 89' lang='lat'><strong>6</strong></span> <span class='ocrx_word' id='word_1_546' title='bbox 3261 3523 3481 3594; x_wconf 81' lang='grc' dir='ltr'>Μιχαήλ</span> <span class='ocrx_word' id='word_1_547' title='bbox 3510 3535 3526 3552; x_wconf 85' lang='grc'><strong>·</strong></span> <span class='ocrx_word' id='word_1_548' title='bbox 3567 3524 3614 3577; x_wconf 83' lang='lat' dir='ltr'><strong>oi</strong></span> <span class='ocrx_word' id='word_1_549' title='bbox 3649 3524 3764 3593; x_wconf 83' lang='grc' dir='ltr'><strong>γὰρ</strong></span> 
     </span>
    </p>
   </div>
   <div class='ocr_carea' id='block_1_81' title="bbox 2205 3612 3761 3684">
    <p class='ocr_par' dir='ltr' id='par_1_81' title="bbox 2205 3612 3761 3684">
     <span class='ocr_line' id='line_1_81' title="bbox 2205 3612 3761 3684; baseline 0.004 -21"><span class='ocrx_word' id='word_1_550' title='bbox 2205 3612 2397 3680; x_wconf 81' lang='grc' dir='ltr'>μέθαις</span> <span class='ocrx_word' id='word_1_551' title='bbox 2429 3613 2518 3666; x_wconf 74' lang='grc' dir='ltr'><strong>ἀεὶ</strong></span> <span class='ocrx_word' id='word_1_552' title='bbox 2554 3615 3026 3684; x_wconf 81' lang='grc' dir='ltr'>ὲνασχολούμενοι,</span> <span class='ocrx_word' id='word_1_553' title='bbox 3065 3614 3210 3670; x_wconf 83' lang='grc' dir='ltr'>καθά</span> <span class='ocrx_word' id='word_1_554' title='bbox 3240 3630 3404 3683; x_wconf 56' lang='grc' dir='ltr'>φάτιν</span> <span class='ocrx_word' id='word_1_555' title='bbox 3431 3616 3481 3668; x_wconf 77' lang='lat' dir='ltr'><strong>oi</strong></span> <span class='ocrx_word' id='word_1_556' title='bbox 3529 3616 3657 3682; x_wconf 81' lang='grc' dir='ltr'>περὶ</span> <span class='ocrx_word' id='word_1_557' title='bbox 3688 3619 3761 3669; x_wconf 77' lang='grc' dir='ltr'><strong>τά</strong></span> 
     </span>
    </p>
   </div>
   <div class='ocr_carea' id='block_1_82' title="bbox 2198 3703 3756 3779">
    <p class='ocr_par' dir='ltr' id='par_1_82' title="bbox 2198 3703 3756 3779">
     <span class='ocr_line' id='line_1_82' title="bbox 2198 3703 3756 3779; baseline 0.003 -24"><span class='ocrx_word' id='word_1_558' title='bbox 2198 3703 2425 3757; x_wconf 86' lang='grc' dir='ltr'>τοιαῦτα</span> <span class='ocrx_word' id='word_1_559' title='bbox 2473 3704 2656 3770; x_wconf 75' lang='grc' dir='ltr'>δεινοὶ,</span> <span class='ocrx_word' id='word_1_560' title='bbox 2684 3707 2904 3775; x_wconf 87' lang='grc' dir='ltr'>γόνιμον</span> <span class='ocrx_word' id='word_1_561' title='bbox 2939 3706 3207 3778; x_wconf 78' lang='grc' dir='ltr'>οὖμενουν</span> <span class='ocrx_word' id='word_1_562' title='bbox 3241 3709 3423 3779; x_wconf 76' lang='grc' dir='ltr'>έχουσι</span> <span class='ocrx_word' id='word_1_563' title='bbox 3448 3707 3506 3760; x_wconf 78' lang='grc' dir='ltr'>τὸ</span> <span class='ocrx_word' id='word_1_564' title='bbox 3531 3708 3756 3776; x_wconf 76' lang='grc' dir='ltr'>σπέρμα</span> 
     </span>
    </p>
   </div>
   <div class='ocr_carea' id='block_1_83' title="bbox 2201 3796 3757 3872">
    <p class='ocr_par' dir='ltr' id='par_1_83' title="bbox 2201 3796 3757 3872">
     <span class='ocr_line' id='line_1_83' title="bbox 2201 3796 3757 3872; baseline 0.002 -24"><span class='ocrx_word' id='word_1_565' title='bbox 2201 3799 2338 3866; x_wconf 88' lang='grc' dir='ltr'>πρός</span> <span class='ocrx_word' id='word_1_566' title='bbox 2367 3813 2431 3864; x_wconf 86' lang='grc' dir='ltr'>γε</span> <span class='ocrx_word' id='word_1_567' title='bbox 2464 3796 2531 3849; x_wconf 83' lang='grc' dir='ltr'>τὰ</span> <span class='ocrx_word' id='word_1_568' title='bbox 2577 3800 2677 3867; x_wconf 83' lang='grc' dir='ltr'>τῆς</span> <span class='ocrx_word' id='word_1_569' title='bbox 2717 3797 3036 3872; x_wconf 87' lang='grc' dir='ltr'>Ἀφροδίτης</span> <span class='ocrx_word' id='word_1_570' title='bbox 3062 3801 3362 3870; x_wconf 88' lang='grc' dir='ltr'>μυστήρια.</span> <span class='ocrx_word' id='word_1_571' title='bbox 3412 3801 3472 3852; x_wconf 83' lang='grc' dir='ltr'><strong>Εἰ</strong></span> <span class='ocrx_word' id='word_1_572' title='bbox 3499 3800 3553 3854; x_wconf 79' lang='grc' dir='ltr'>δὲ</span> <span class='ocrx_word' id='word_1_573' title='bbox 3575 3799 3757 3861; x_wconf 79' lang='grc' dir='ltr'>τοῦτο,</span> 
     </span>
    </p>
   </div>
   <div class='ocr_carea' id='block_1_84' title="bbox 2201 3888 3756 3963">
    <p class='ocr_par' dir='ltr' id='par_1_84' title="bbox 2201 3888 3756 3963">
     <span class='ocr_line' id='line_1_84' title="bbox 2201 3888 3756 3963; baseline 0.003 -23"><span class='ocrx_word' id='word_1_574' title='bbox 2201 3889 2318 3952; x_wconf 82' lang='grc' dir='ltr'><strong>πῶς</strong></span> <span class='ocrx_word' id='word_1_575' title='bbox 2349 3888 2534 3942; x_wconf 83' lang='grc' dir='ltr'>λοιπὸν</span> <span class='ocrx_word' id='word_1_576' title='bbox 2559 3891 2587 3942; x_wconf 94' lang='lat'><strong>6</strong></span> <span class='ocrx_word' id='word_1_577' title='bbox 2621 3888 2774 3943; x_wconf 88' lang='grc' dir='ltr'>Λέων</span> <span class='ocrx_word' id='word_1_578' title='bbox 2840 3891 2953 3955; x_wconf 78' lang='grc' dir='ltr'>υίὸς</span> <span class='ocrx_word' id='word_1_579' title='bbox 3004 3891 3097 3944; x_wconf 75' lang='grc' dir='ltr'>τοῦ</span> <span class='ocrx_word' id='word_1_580' title='bbox 3153 3892 3412 3963; x_wconf 83' lang='grc' dir='ltr'>Μιχαήλ;</span> <span class='ocrx_word' id='word_1_581' title='bbox 3451 3891 3509 3945; x_wconf 87' lang='lat'><strong>&#39;0</strong></span> <span class='ocrx_word' id='word_1_582' title='bbox 3557 3892 3613 3945; x_wconf 86' lang='grc' dir='ltr'>δὲ</span> <span class='ocrx_word' id='word_1_583' title='bbox 3643 3894 3756 3945; x_wconf 89' lang='grc' dir='ltr'><strong>Ζω-</strong></span> 
     </span>
    </p>
   </div>
   <div class='ocr_carea' id='block_1_85' title="bbox 2201 3983 3754 4056">
    <p class='ocr_par' dir='ltr' id='par_1_85' title="bbox 2201 3983 3754 4056">
     <span class='ocr_line' id='line_1_85' title="bbox 2201 3983 3754 4056; baseline 0 -21"><span class='ocrx_word' id='word_1_584' title='bbox 2201 3984 2368 4052; x_wconf 78' lang='grc' dir='ltr'>ναρᾶς</span> <span class='ocrx_word' id='word_1_585' title='bbox 2403 4001 2568 4052; x_wconf 81' lang='grc' dir='ltr'>φησιν</span> <span class='ocrx_word' id='word_1_586' title='bbox 2596 3984 2678 4036; x_wconf 82' lang='grc' dir='ltr'>ὅτι</span> <span class='ocrx_word' id='word_1_587' title='bbox 2711 3985 2775 4053; x_wconf 80' lang='grc' dir='ltr'>τῇ</span> <span class='ocrx_word' id='word_1_588' title='bbox 2832 3984 2930 4054; x_wconf 82' lang='grc' dir='ltr'>μὲν</span> <span class='ocrx_word' id='word_1_589' title='bbox 2977 3983 3209 4056; x_wconf 77' lang='grc' dir='ltr'>ἀληθείᾳ</span> <span class='ocrx_word' id='word_1_590' title='bbox 3247 3986 3361 4042; x_wconf 76' lang='grc' dir='ltr'>υἱὸς</span> <span class='ocrx_word' id='word_1_591' title='bbox 3407 3983 3500 4038; x_wconf 83' lang='grc' dir='ltr'>τοῦ</span> <span class='ocrx_word' id='word_1_592' title='bbox 3535 3983 3754 4055; x_wconf 78' lang='grc' dir='ltr'>Μιχαὴλ</span> 
     </span>
    </p>
   </div>
   <div class='ocr_carea' id='block_1_86' title="bbox 2199 4068 3754 4147">
    <p class='ocr_par' dir='ltr' id='par_1_86' title="bbox 2199 4068 3754 4147">
     <span class='ocr_line' id='line_1_86' title="bbox 2199 4068 3754 4147; baseline -0.013 -21"><span class='ocrx_word' id='word_1_593' title='bbox 2199 4068 2286 4142; x_wconf 83' lang='grc' dir='ltr'>ἦν,</span> <span class='ocrx_word' id='word_1_594' title='bbox 2329 4073 2421 4126; x_wconf 82' lang='grc' dir='ltr'>τοῦ</span> <span class='ocrx_word' id='word_1_595' title='bbox 2461 4073 2744 4128; x_wconf 86' lang='grc' dir='ltr'>Βασιλείου</span> <span class='ocrx_word' id='word_1_596' title='bbox 2766 4075 2822 4127; x_wconf 87' lang='grc' dir='ltr'>δὲ</span> <span class='ocrx_word' id='word_1_597' title='bbox 2850 4073 2928 4145; x_wconf 87' lang='grc' dir='ltr'><strong>τῷ</strong></span> <span class='ocrx_word' id='word_1_598' title='bbox 2959 4076 3140 4129; x_wconf 80' lang='grc' dir='ltr'>δοκεῖν</span> <span class='ocrx_word' id='word_1_599' title='bbox 3165 4091 3180 4106; x_wconf 76' lang='grc' dir='ltr'><strong>ο</strong></span> <span class='ocrx_word' id='word_1_600' title='bbox 3210 4077 3242 4144; x_wconf 82' lang='grc' dir='ltr'>ἡ</span> <span class='ocrx_word' id='word_1_601' title='bbox 3278 4077 3388 4146; x_wconf 70' lang='grc' dir='ltr'><strong>γὰρ</strong></span> <span class='ocrx_word' id='word_1_602' title='bbox 3444 4077 3629 4147; x_wconf 77' lang='grc' dir='ltr'>μήτηρ</span> <span class='ocrx_word' id='word_1_603' title='bbox 3660 4076 3754 4128; x_wconf 70' lang='grc' dir='ltr'><strong>τοῦ</strong></span> 
     </span>
    </p>
   </div>
   <div class='ocr_carea' id='block_1_87' title="bbox 2201 4164 3759 4241">
    <p class='ocr_par' dir='ltr' id='par_1_87' title="bbox 2201 4164 3759 4241">
     <span class='ocr_line' id='line_1_87' title="bbox 2201 4164 3759 4241; baseline 0.001 -23"><span class='ocrx_word' id='word_1_604' title='bbox 2201 4167 2426 4228; x_wconf 79' lang='grc' dir='ltr'>Λέοντος</span> <span class='ocrx_word' id='word_1_605' title='bbox 2481 4167 2736 4236; x_wconf 78' lang='grc' dir='ltr'>(Εὑδοκία</span> <span class='ocrx_word' id='word_1_606' title='bbox 2766 4169 2821 4221; x_wconf 85' lang='grc' dir='ltr'>δὲ</span> <span class='ocrx_word' id='word_1_607' title='bbox 2855 4164 2922 4240; x_wconf 78' lang='grc' dir='ltr'><strong>ἦν</strong></span> <span class='ocrx_word' id='word_1_608' title='bbox 2967 4169 3128 4241; x_wconf 75' lang='grc' dir='ltr'>αὕτη,</span> <span class='ocrx_word' id='word_1_609' title='bbox 3178 4169 3270 4222; x_wconf 77' lang='grc' dir='ltr'><strong>τοῦ</strong></span> <span class='ocrx_word' id='word_1_610' title='bbox 3305 4170 3563 4241; x_wconf 85' lang='grc' dir='ltr'>Ἰγκηρος</span> <span class='ocrx_word' id='word_1_611' title='bbox 3599 4169 3759 4234; x_wconf 79' lang='grc' dir='ltr'>θυγά-</span> 
     </span>
    </p>
   </div>
   <div class='ocr_carea' id='block_1_88' title="bbox 2201 4257 3754 4332">
    <p class='ocr_par' dir='ltr' id='par_1_88' title="bbox 2201 4257 3754 4332">
     <span class='ocr_line' id='line_1_88' title="bbox 2201 4257 3754 4332; baseline 0.01 -25"><span class='ocrx_word' id='word_1_612' title='bbox 2201 4257 2325 4326; x_wconf 88' lang='grc' dir='ltr'>τηρ)</span> <span class='ocrx_word' id='word_1_613' title='bbox 2355 4258 2798 4330; x_wconf 76' lang='grc' dir='ltr'>συμφθειρομένη</span> <span class='ocrx_word' id='word_1_614' title='bbox 2831 4262 3098 4331; x_wconf 79' lang='grc' dir='ltr'>πρότερον</span> <span class='ocrx_word' id='word_1_615' title='bbox 3151 4261 3227 4331; x_wconf 84' lang='grc' dir='ltr'>τῷ</span> <span class='ocrx_word' id='word_1_616' title='bbox 3257 4263 3497 4332; x_wconf 79' lang='grc' dir='ltr'>Μιχαὴλ,</span> <span class='ocrx_word' id='word_1_617' title='bbox 3559 4262 3754 4329; x_wconf 80' lang='grc' dir='ltr'>ἔγκυος</span> 
     </span>
    </p>
   </div>
   <div class='ocr_carea' id='block_1_89' title="bbox 2203 4331 3754 4421">
    <p class='ocr_par' dir='ltr' id='par_1_89' title="bbox 2203 4331 3754 4421">
     <span class='ocr_line' id='line_1_89' title="bbox 2203 4331 3754 4421; baseline 0.003 -23"><span class='ocrx_word' id='word_1_618' title='bbox 2203 4347 2282 4418; x_wconf 88' lang='grc' dir='ltr'>τῷ</span> <span class='ocrx_word' id='word_1_619' title='bbox 2311 4347 2580 4418; x_wconf 76' lang='grc' dir='ltr'>Βασιλείῳ</span> <span class='ocrx_word' id='word_1_620' title='bbox 2627 4351 2760 4419; x_wconf 87' lang='grc' dir='ltr'>παρ’</span> <span class='ocrx_word' id='word_1_621' title='bbox 2836 4351 3002 4405; x_wconf 82' lang='grc' dir='ltr'>αὐτοῦ</span> <span class='ocrx_word' id='word_1_622' title='bbox 3066 4331 3482 4421; x_wconf 66' lang='grc' dir='ltr'>συνεζεῦγνυτο.</span> <span class='ocrx_word' id='word_1_623' title='bbox 3553 4351 3754 4404; x_wconf 80' lang='grc' dir='ltr'>Τοσοῦ-</span> 
     </span>
    </p>
   </div>
   <div class='ocr_carea' id='block_1_90' title="bbox 2201 4440 3756 4515">
    <p class='ocr_par' dir='ltr' id='par_1_90' title="bbox 2201 4440 3756 4515">
     <span class='ocr_line' id='line_1_90' title="bbox 2201 4440 3756 4515; baseline 0.005 -25"><span class='ocrx_word' id='word_1_624' title='bbox 2201 4455 2290 4492; x_wconf 86' lang='grc' dir='ltr'><strong>τον</strong></span> <span class='ocrx_word' id='word_1_625' title='bbox 2341 4442 2450 4510; x_wconf 71' lang='grc' dir='ltr'><strong>γὰρ</strong></span> <span class='ocrx_word' id='word_1_626' title='bbox 2515 4440 2679 4495; x_wconf 83' lang='grc' dir='ltr'>αὑτὸν</span> <span class='ocrx_word' id='word_1_627' title='bbox 2729 4445 2758 4495; x_wconf 92' lang='lat'><strong>6</strong></span> <span class='ocrx_word' id='word_1_628' title='bbox 2812 4443 3035 4512; x_wconf 83' lang='grc' dir='ltr'>Μιχαὴλ</span> <span class='ocrx_word' id='word_1_629' title='bbox 3090 4444 3409 4515; x_wconf 72' lang='grc' dir='ltr'>ᾠκειώσατο</span> <span class='ocrx_word' id='word_1_630' title='bbox 3465 4445 3606 4498; x_wconf 76' lang='grc' dir='ltr'>ὥστε</span> <span class='ocrx_word' id='word_1_631' title='bbox 3659 4447 3756 4497; x_wconf 80' lang='grc' dir='ltr'><strong>καὶ</strong></span> 
     </span>
    </p>
   </div>
   <div class='ocr_carea' id='block_1_91' title="bbox 2200 4529 3758 4608">
    <p class='ocr_par' dir='ltr' id='par_1_91' title="bbox 2200 4529 3758 4608">
     <span class='ocr_line' id='line_1_91' title="bbox 2200 4529 3758 4608; baseline 0.002 -24"><span class='ocrx_word' id='word_1_632' title='bbox 2200 4530 2436 4602; x_wconf 83' lang='grc' dir='ltr'>διάδημα</span> <span class='ocrx_word' id='word_1_633' title='bbox 2470 4532 2800 4603; x_wconf 80' lang='grc' dir='ltr'>περιθεῖναι,</span> <span class='ocrx_word' id='word_1_634' title='bbox 2839 4535 2942 4604; x_wconf 84' lang='grc' dir='ltr'>τὴν</span> <span class='ocrx_word' id='word_1_635' title='bbox 2972 4535 3232 4608; x_wconf 79' lang='grc' dir='ltr'>ἀφορμὴν</span> <span class='ocrx_word' id='word_1_636' title='bbox 3283 4539 3347 4590; x_wconf 82' lang='grc' dir='ltr'><strong>ἐκ</strong></span> <span class='ocrx_word' id='word_1_637' title='bbox 3378 4535 3474 4590; x_wconf 83' lang='grc' dir='ltr'>τοῦ</span> <span class='ocrx_word' id='word_1_638' title='bbox 3524 4529 3758 4604; x_wconf 75' lang='grc' dir='ltr'>θρασέος</span> 
     </span>
    </p>
   </div>
   <div class='ocr_carea' id='block_1_92' title="bbox 2207 4618 3761 4698">
    <p class='ocr_par' dir='ltr' id='par_1_92' title="bbox 2207 4618 3761 4698">
     <span class='ocr_line' id='line_1_92' title="bbox 2207 4618 3761 4698; baseline 0.001 -22"><span class='ocrx_word' id='word_1_639' title='bbox 2207 4623 2372 4676; x_wconf 57' lang='grc' dir='ltr'>ἵππου</span> <span class='ocrx_word' id='word_1_640' title='bbox 2422 4623 2622 4689; x_wconf 84' lang='grc' dir='ltr'>λαϐὼν,</span> <span class='ocrx_word' id='word_1_641' title='bbox 2674 4618 2718 4692; x_wconf 83' lang='grc' dir='ltr'><strong>ᾧ</strong></span> <span class='ocrx_word' id='word_1_642' title='bbox 2779 4625 2958 4690; x_wconf 74' lang='grc' dir='ltr'>οὐδεὶς</span> <span class='ocrx_word' id='word_1_643' title='bbox 3022 4629 3276 4698; x_wconf 72' lang='grc' dir='ltr'>ἐπιϐῆναι</span> <span class='ocrx_word' id='word_1_644' title='bbox 3333 4630 3554 4698; x_wconf 75' lang='grc' dir='ltr'>ἐτόλμα.</span> <span class='ocrx_word' id='word_1_645' title='bbox 3611 4628 3761 4679; x_wconf 82' lang='grc' dir='ltr'>Θαυ-</span> 
     </span>
    </p>
   </div>
   <div class='ocr_carea' id='block_1_93' title="bbox 537 4691 2098 4789">
    <p class='ocr_par' dir='ltr' id='par_1_93' title="bbox 537 4712 2093 4782">
     <span class='ocr_line' id='line_1_93' title="bbox 537 4712 2093 4782; baseline 0.001 -18"><span class='ocrx_word' id='word_1_646' title='bbox 537 4715 700 4764; x_wconf 86' lang='lat' dir='ltr'><strong>etiam</strong></span> <span class='ocrx_word' id='word_1_647' title='bbox 734 4713 898 4782; x_wconf 87' lang='lat' dir='ltr'><strong>capiti</strong></span> <span class='ocrx_word' id='word_1_648' title='bbox 921 4712 1041 4782; x_wconf 74' lang='lat' dir='ltr'><strong>ejus</strong></span> <span class='ocrx_word' id='word_1_649' title='bbox 1071 4713 1322 4766; x_wconf 87' lang='lat' dir='ltr'><strong>diadema</strong></span> <span class='ocrx_word' id='word_1_650' title='bbox 1355 4713 1664 4781; x_wconf 89' lang='lat' dir='ltr'><strong>imponeret</strong></span> <span class='ocrx_word' id='word_1_651' title='bbox 1701 4728 1802 4782; x_wconf 28' lang='lat' dir='ltr'><strong>per.</strong></span> <span class='ocrx_word' id='word_1_652' title='bbox 1848 4713 2093 4766; x_wconf 56' lang='lat' dir='ltr'><strong>occasio.</strong></span> 
     </span>
    </p>
   </div>
   <div class='ocr_carea' id='block_1_94' title="bbox 2199 4691 3762 4789">
    <p class='ocr_par' dir='ltr' id='par_1_94' title="bbox 2207 4691 3762 4789">
     <span class='ocr_line' id='line_1_94' title="bbox 2207 4691 3762 4789; baseline 0.002 -22"><span class='ocrx_word' id='word_1_653' title='bbox 2207 4716 2407 4784; x_wconf 81' lang='grc' dir='ltr'>μαστὸς</span> <span class='ocrx_word' id='word_1_654' title='bbox 2464 4715 2573 4787; x_wconf 85' lang='grc' dir='ltr'><strong>γὰρ</strong></span> <span class='ocrx_word' id='word_1_655' title='bbox 2621 4691 3005 4785; x_wconf 79' lang='grc' dir='ltr'>ἦνΒασίλειος</span> <span class='ocrx_word' id='word_1_656' title='bbox 3058 4691 3200 4774; x_wconf 81' lang='grc' dir='ltr'>κατά</span> <span class='ocrx_word' id='word_1_657' title='bbox 3233 4737 3297 4789; x_wconf 81' lang='grc' dir='ltr'>γε</span> <span class='ocrx_word' id='word_1_658' title='bbox 3348 4691 3482 4783; x_wconf 69' lang='grc' dir='ltr'>εἶδος</span> <span class='ocrx_word' id='word_1_659' title='bbox 3516 4721 3610 4772; x_wconf 76' lang='grc' dir='ltr'><strong>καὶ</strong></span> <span class='ocrx_word' id='word_1_660' title='bbox 3639 4720 3762 4771; x_wconf 80' lang='grc' dir='ltr'>τόλ-</span> 
     </span>
    </p>
   </div>
   <div class='ocr_carea' id='block_1_95' title="bbox 539 4803 2100 4874">
    <p class='ocr_par' dir='ltr' id='par_1_95' title="bbox 539 4803 2100 4874">
     <span class='ocr_line' id='line_1_95' title="bbox 539 4803 2100 4874; baseline 0 -18"><span class='ocrx_word' id='word_1_661' title='bbox 539 4820 662 4857; x_wconf 85' lang='lat' dir='ltr'><strong>uem</strong></span> <span class='ocrx_word' id='word_1_662' title='bbox 693 4805 817 4872; x_wconf 91' lang='lat' dir='ltr'><strong>equi</strong></span> <span class='ocrx_word' id='word_1_663' title='bbox 853 4803 1053 4856; x_wconf 85' lang='lat' dir='ltr'><strong>ferocis</strong></span> <span class='ocrx_word' id='word_1_664' title='bbox 1084 4819 1114 4856; x_wconf 86' lang='lat' dir='ltr'><strong>a</strong></span> <span class='ocrx_word' id='word_1_665' title='bbox 1155 4803 1356 4857; x_wconf 88' lang='lat' dir='ltr'><strong>Basilio</strong></span> <span class='ocrx_word' id='word_1_666' title='bbox 1405 4803 1622 4868; x_wconf 87' lang='lat' dir='ltr'><strong>domiti,</strong></span> <span class='ocrx_word' id='word_1_667' title='bbox 1647 4820 1810 4874; x_wconf 88' lang='lat' dir='ltr'><strong>quem</strong></span> <span class='ocrx_word' id='word_1_668' title='bbox 1839 4819 2100 4858; x_wconf 85' lang='lat' dir='ltr'><strong>conscen-</strong></span> 
     </span>
    </p>
   </div>
   <div class='ocr_carea' id='block_1_96' title="bbox 2206 4823 2336 4876">
    <p class='ocr_par' dir='ltr' id='par_1_96' title="bbox 2206 4823 2336 4876">
     <span class='ocr_line' id='line_1_96' title="bbox 2206 4823 2336 4876; baseline 0.023 -19"><span class='ocrx_word' id='word_1_669' title='bbox 2206 4823 2336 4876; x_wconf 89' lang='grc' dir='ltr'>μαν.</span> 
     </span>
    </p>
   </div>
   <div class='ocr_carea' id='block_1_97' title="bbox 535 4896 3758 4977">
    <p class='ocr_par' dir='ltr' id='par_1_97' title="bbox 535 4896 3758 4977">
     <span class='ocr_line' id='line_1_97' title="bbox 535 4896 3758 4977; baseline 0.003 -27"><span class='ocrx_word' id='word_1_670' title='bbox 535 4901 666 4952; x_wconf 81' lang='lat' dir='ltr'><strong>dere</strong></span> <span class='ocrx_word' id='word_1_671' title='bbox 703 4897 884 4951; x_wconf 91' lang='lat' dir='ltr'><strong>nullus</strong></span> <span class='ocrx_word' id='word_1_672' title='bbox 932 4896 1161 4949; x_wconf 87' lang='lat' dir='ltr'><strong>aliorum</strong></span> <span class='ocrx_word' id='word_1_673' title='bbox 1204 4897 1628 4951; x_wconf 82' lang='lat' dir='ltr'><strong>audebatzerat</strong></span> <span class='ocrx_word' id='word_1_674' title='bbox 1675 4896 1820 4950; x_wconf 90' lang='lat' dir='ltr'><strong>enim</strong></span> <span class='ocrx_word' id='word_1_675' title='bbox 1859 4897 2091 4952; x_wconf 83' lang='lat' dir='ltr'><strong>Basilius</strong></span> <span class='ocrx_word' id='word_1_676' title='bbox 2129 4899 2438 4963; x_wconf 86' lang='lat' dir='ltr'><strong>admirabili</strong></span> <span class='ocrx_word' id='word_1_677' title='bbox 2509 4902 2699 4958; x_wconf 71' lang='lat' dir='ltr'><strong>forma:</strong></span> <span class='ocrx_word' id='word_1_678' title='bbox 2739 4913 3037 4960; x_wconf 72' lang='lat' dir='ltr'><strong>venustate</strong></span> <span class='ocrx_word' id='word_1_679' title='bbox 3107 4907 3441 4977; x_wconf 86' lang='lat' dir='ltr'><strong>audaciaque</strong></span> <span class='ocrx_word' id='word_1_680' title='bbox 3496 4906 3758 4976; x_wconf 74' lang='lat' dir='ltr'><strong>singulari</strong></span> 
     </span>
    </p>
   </div>
   <div class='ocr_carea' id='block_1_98' title="bbox 536 4991 818 5060">
    <p class='ocr_par' dir='ltr' id='par_1_98' title="bbox 536 4991 818 5060">
     <span class='ocr_line' id='line_1_98' title="bbox 536 4991 818 5060; baseline -0.018 -15"><span class='ocrx_word' id='word_1_681' title='bbox 536 4991 818 5060; x_wconf 73' lang='lat' dir='ltr'><strong>praeditus.</strong></span> 
     </span>
    </p>
   </div>
   <div class='ocr_carea' id='block_1_99' title="bbox 606 5081 2100 5154">
    <p class='ocr_par' dir='ltr' id='par_1_99' title="bbox 606 5081 2100 5154">
     <span class='ocr_line' id='line_1_99' title="bbox 606 5081 2100 5154; baseline 0.001 -17"><span class='ocrx_word' id='word_1_682' title='bbox 606 5083 822 5137; x_wconf 84' lang='lat' dir='ltr'><strong>Accidit</strong></span> <span class='ocrx_word' id='word_1_683' title='bbox 853 5090 1036 5135; x_wconf 79' lang='lat' dir='ltr'><strong>autem</strong></span> <span class='ocrx_word' id='word_1_684' title='bbox 1065 5081 1362 5150; x_wconf 86' lang='lat' dir='ltr'><strong>aliquando</strong></span> <span class='ocrx_word' id='word_1_685' title='bbox 1428 5093 1485 5137; x_wconf 89' lang='lat' dir='ltr'><strong>ut</strong></span> <span class='ocrx_word' id='word_1_686' title='bbox 1513 5082 1601 5137; x_wconf 92' lang='lat' dir='ltr'><strong>hic</strong></span> <span class='ocrx_word' id='word_1_687' title='bbox 1641 5083 1755 5153; x_wconf 90' lang='lat' dir='ltr'><strong>ipse</strong></span> <span class='ocrx_word' id='word_1_688' title='bbox 1804 5084 2100 5154; x_wconf 88' lang='lat' dir='ltr'><strong>imperator</strong></span> 
     </span>
    </p>
   </div>
   <div class='ocr_carea' id='block_1_100' title="bbox 536 5172 2100 5241">
    <p class='ocr_par' dir='ltr' id='par_1_100' title="bbox 536 5172 2100 5241">
     <span class='ocr_line' id='line_1_100' title="bbox 536 5172 2100 5241; baseline 0.002 -15"><span class='ocrx_word' id='word_1_689' title='bbox 536 5174 772 5226; x_wconf 84' lang='lat' dir='ltr'><strong>Basilius</strong></span> <span class='ocrx_word' id='word_1_690' title='bbox 795 5175 849 5226; x_wconf 94' lang='lat' dir='ltr'><strong>in</strong></span> <span class='ocrx_word' id='word_1_691' title='bbox 880 5172 1167 5226; x_wconf 87' lang='lat' dir='ltr'><strong>venatione</strong></span> <span class='ocrx_word' id='word_1_692' title='bbox 1201 5174 1432 5241; x_wconf 87' lang='lat' dir='ltr'><strong>quadam</strong></span> <span class='ocrx_word' id='word_1_693' title='bbox 1465 5176 1682 5228; x_wconf 89' lang='lat' dir='ltr'><strong>obvium</strong></span> <span class='ocrx_word' id='word_1_694' title='bbox 1732 5177 1961 5230; x_wconf 89' lang='lat' dir='ltr'><strong>haberet</strong></span> <span class='ocrx_word' id='word_1_695' title='bbox 2018 5178 2100 5230; x_wconf 92' lang='lat' dir='ltr'><strong>in-</strong></span> 
     </span>
    </p>
   </div>
   <div class='ocr_carea' id='block_1_101' title="bbox 535 5263 2100 5333">
    <p class='ocr_par' dir='ltr' id='par_1_101' title="bbox 535 5263 2100 5333">
     <span class='ocr_line' id='line_1_101' title="bbox 535 5263 2100 5333; baseline 0.002 -16"><span class='ocrx_word' id='word_1_696' title='bbox 535 5266 673 5333; x_wconf 77' lang='lat' dir='ltr'><strong>signi</strong></span> <span class='ocrx_word' id='word_1_697' title='bbox 714 5263 1040 5331; x_wconf 90' lang='lat' dir='ltr'><strong>proceritate</strong></span> <span class='ocrx_word' id='word_1_698' title='bbox 1070 5280 1318 5318; x_wconf 86' lang='lat' dir='ltr'><strong>cervum.</strong></span> <span class='ocrx_word' id='word_1_699' title='bbox 1377 5265 1454 5319; x_wconf 90' lang='lat' dir='ltr'><strong>lbi</strong></span> <span class='ocrx_word' id='word_1_700' title='bbox 1487 5280 1611 5320; x_wconf 89' lang='lat' dir='ltr'><strong>cum</strong></span> <span class='ocrx_word' id='word_1_701' title='bbox 1653 5283 1871 5320; x_wconf 88' lang='lat' dir='ltr'><strong>manum</strong></span> <span class='ocrx_word' id='word_1_702' title='bbox 1921 5283 2100 5321; x_wconf 89' lang='lat' dir='ltr'><strong>arma-</strong></span> 
     </span>
    </p>
   </div>
   <div class='ocr_carea' id='block_1_102' title="bbox 539 5355 2096 5422">
    <p class='ocr_par' dir='ltr' id='par_1_102' title="bbox 539 5355 2096 5422">
     <span class='ocr_line' id='line_1_102' title="bbox 539 5355 2096 5422; baseline 0.004 -15"><span class='ocrx_word' id='word_1_703' title='bbox 539 5367 646 5407; x_wconf 86' lang='lat' dir='ltr'><strong>tam</strong></span> <span class='ocrx_word' id='word_1_704' title='bbox 679 5355 856 5422; x_wconf 81' lang='lat' dir='ltr'><strong>gladio</strong></span> <span class='ocrx_word' id='word_1_705' title='bbox 885 5367 1072 5410; x_wconf 85' lang='lat' dir='ltr'><strong>contra</strong></span> <span class='ocrx_word' id='word_1_706' title='bbox 1106 5357 1275 5410; x_wconf 83' lang='lat' dir='ltr'><strong>feram</strong></span> <span class='ocrx_word' id='word_1_707' title='bbox 1308 5360 1641 5422; x_wconf 84' lang='lat' dir='ltr'><strong>sustulisset,</strong></span> <span class='ocrx_word' id='word_1_708' title='bbox 1669 5375 1866 5413; x_wconf 89' lang='lat' dir='ltr'><strong>cervus</strong></span> <span class='ocrx_word' id='word_1_709' title='bbox 1894 5359 2096 5414; x_wconf 80' lang='lat' dir='ltr'><strong>reStitit</strong></span> 
     </span>
    </p>
   </div>
   <div class='ocr_carea' id='block_1_103' title="bbox 471 5448 2096 5519">
    <p class='ocr_par' dir='ltr' id='par_1_103' title="bbox 471 5448 2096 5519">
     <span class='ocr_line' id='line_1_103' title="bbox 471 5448 2096 5519; baseline 0.006 -23"><span class='ocrx_word' id='word_1_710' title='bbox 471 5477 473 5479; x_wconf 64' lang='grc' dir='ltr'><strong>ι</strong></span> <span class='ocrx_word' id='word_1_711' title='bbox 535 5456 590 5498; x_wconf 80' lang='lat' dir='ltr'><strong>et</strong></span> <span class='ocrx_word' id='word_1_712' title='bbox 626 5448 1004 5516; x_wconf 85' lang='lat' dir='ltr'><strong>insequentem</strong></span> <span class='ocrx_word' id='word_1_713' title='bbox 1056 5449 1375 5519; x_wconf 83' lang='lat' dir='ltr'><strong>propulsare</strong></span> <span class='ocrx_word' id='word_1_714' title='bbox 1414 5453 1678 5506; x_wconf 87' lang='lat' dir='ltr'><strong>cornibus</strong></span> <span class='ocrx_word' id='word_1_715' title='bbox 1727 5463 1960 5506; x_wconf 89' lang='lat' dir='ltr'><strong>conatus</strong></span> <span class='ocrx_word' id='word_1_716' title='bbox 1989 5461 2096 5506; x_wconf 91' lang='lat' dir='ltr'><strong>est.</strong></span> 
     </span>
    </p>
   </div>
   <div class='ocr_carea' id='block_1_104' title="bbox 540 5540 2094 5611">
    <p class='ocr_par' dir='ltr' id='par_1_104' title="bbox 540 5540 2094 5611">
     <span class='ocr_line' id='line_1_104' title="bbox 540 5540 2094 5611; baseline 0.004 -20"><span class='ocrx_word' id='word_1_717' title='bbox 540 5540 650 5592; x_wconf 86' lang='lat' dir='ltr'><strong>Hoc</strong></span> <span class='ocrx_word' id='word_1_718' title='bbox 681 5542 843 5594; x_wconf 87' lang='lat' dir='ltr'><strong>modo</strong></span> <span class='ocrx_word' id='word_1_719' title='bbox 874 5541 1076 5594; x_wconf 83' lang='lat' dir='ltr'><strong>factum</strong></span> <span class='ocrx_word' id='word_1_720' title='bbox 1134 5552 1193 5597; x_wconf 91' lang='lat' dir='ltr'><strong>ut</strong></span> <span class='ocrx_word' id='word_1_721' title='bbox 1237 5547 1470 5611; x_wconf 87' lang='lat' dir='ltr'><strong>quodam</strong></span> <span class='ocrx_word' id='word_1_722' title='bbox 1505 5559 1773 5599; x_wconf 85' lang='lat' dir='ltr'><strong>cornuum</strong></span> <span class='ocrx_word' id='word_1_723' title='bbox 1831 5559 1985 5596; x_wconf 84' lang='lat' dir='ltr'><strong>ramo</strong></span> <span class='ocrx_word' id='word_1_724' title='bbox 2039 5544 2094 5597; x_wconf 86' lang='lat' dir='ltr'><strong>in</strong></span> 
     </span>
    </p>
   </div>
   <div class='ocr_carea' id='block_1_105' title="bbox 536 5634 2094 5706">
    <p class='ocr_par' dir='ltr' id='par_1_105' title="bbox 536 5634 2094 5706">
     <span class='ocr_line' id='line_1_105' title="bbox 536 5634 2094 5706; baseline 0.005 -22"><span class='ocrx_word' id='word_1_725' title='bbox 536 5648 726 5684; x_wconf 78' lang='lat' dir='ltr'><strong>zonam</strong></span> <span class='ocrx_word' id='word_1_726' title='bbox 761 5634 1110 5700; x_wconf 76' lang='lat' dir='ltr'><strong>imperatoris</strong></span> <span class='ocrx_word' id='word_1_727' title='bbox 1149 5635 1348 5699; x_wconf 81' lang='lat' dir='ltr'><strong>defixo,</strong></span> <span class='ocrx_word' id='word_1_728' title='bbox 1379 5639 1491 5706; x_wconf 85' lang='lat' dir='ltr'><strong>ipse</strong></span> <span class='ocrx_word' id='word_1_729' title='bbox 1533 5639 1801 5691; x_wconf 85' lang='lat' dir='ltr'><strong>cornibus</strong></span> <span class='ocrx_word' id='word_1_730' title='bbox 1839 5637 2094 5692; x_wconf 88' lang='lat' dir='ltr'><strong>sublimis</strong></span> 
     </span>
    </p>
   </div>
   <div class='ocr_carea' id='block_1_106' title="bbox 536 5725 2094 5797">
    <p class='ocr_par' dir='ltr' id='par_1_106' title="bbox 536 5725 2094 5797">
     <span class='ocr_line' id='line_1_106' title="bbox 536 5725 2094 5797; baseline 0.004 -23"><span class='ocrx_word' id='word_1_731' title='bbox 536 5725 820 5778; x_wconf 68' lang='lat' dir='ltr'><strong>:ltlitﬂll&#39;tzlls</strong></span> <span class='ocrx_word' id='word_1_732' title='bbox 849 5742 877 5777; x_wconf 90' lang='lat' dir='ltr'><strong>a</strong></span> <span class='ocrx_word' id='word_1_733' title='bbox 903 5741 1065 5780; x_wconf 84' lang='lat' dir='ltr'><strong>cervo</strong></span> <span class='ocrx_word' id='word_1_734' title='bbox 1090 5730 1471 5797; x_wconf 85' lang='lat' dir='ltr'><strong>abriperetur;</strong></span> <span class='ocrx_word' id='word_1_735' title='bbox 1528 5733 1807 5796; x_wconf 74' lang='lat' dir='ltr'><strong>vitamque</strong></span> <span class='ocrx_word' id='word_1_736' title='bbox 1845 5728 2094 5782; x_wconf 81' lang='lat' dir='ltr'><strong>fortassis</strong></span> 
     </span>
    </p>
   </div>
   <div class='ocr_carea' id='block_1_107' title="bbox 536 5816 2093 5890">
    <p class='ocr_par' dir='ltr' id='par_1_107' title="bbox 536 5816 2093 5890">
     <span class='ocr_line' id='line_1_107' title="bbox 536 5816 2093 5890; baseline 0.003 -23"><span class='ocrx_word' id='word_1_737' title='bbox 536 5816 832 5880; x_wconf 75' lang='lat' dir='ltr'><strong>amisisset,</strong></span> <span class='ocrx_word' id='word_1_738' title='bbox 890 5818 940 5870; x_wconf 86' lang='lat' dir='ltr'><strong>ui</strong></span> <span class='ocrx_word' id='word_1_739' title='bbox 977 5821 1196 5888; x_wconf 80' lang='lat' dir='ltr'><strong>quidam</strong></span> <span class='ocrx_word' id='word_1_740' title='bbox 1255 5823 1430 5890; x_wconf 73' lang='lat' dir='ltr'><strong>ipsum</strong></span> <span class='ocrx_word' id='word_1_741' title='bbox 1482 5822 1715 5874; x_wconf 79' lang='lat' dir='ltr'><strong>dissecta</strong></span> <span class='ocrx_word' id='word_1_742' title='bbox 1752 5821 1932 5888; x_wconf 67' lang='lat' dir='ltr'><strong>gladio</strong></span> <span class='ocrx_word' id='word_1_743' title='bbox 1959 5837 2093 5872; x_wconf 81' lang='lat' dir='ltr'><strong>zona</strong></span> 
     </span>
    </p>
   </div>
   <div class='ocr_carea' id='block_1_108' title="bbox 2290 5085 3747 5159">
    <p class='ocr_par' dir='ltr' id='par_1_108' title="bbox 2290 5085 3747 5159">
     <span class='ocr_line' id='line_1_108' title="bbox 2290 5085 3747 5159; baseline -0.001 -19"><span class='ocrx_word' id='word_1_744' title='bbox 2290 5085 2348 5140; x_wconf 84' lang='lat'><strong>&#39;0</strong></span> <span class='ocrx_word' id='word_1_745' title='bbox 2413 5085 2667 5154; x_wconf 80' lang='grc' dir='ltr'>βασιλεὺς</span> <span class='ocrx_word' id='word_1_746' title='bbox 2720 5104 2874 5150; x_wconf 88' lang='grc' dir='ltr'>ουτος</span> <span class='ocrx_word' id='word_1_747' title='bbox 2935 5087 3215 5150; x_wconf 73' lang='grc' dir='ltr'>Βασίλειός</span> <span class='ocrx_word' id='word_1_748' title='bbox 3265 5106 3394 5142; x_wconf 82' lang='grc' dir='ltr'>ποτε</span> <span class='ocrx_word' id='word_1_749' title='bbox 3442 5090 3747 5159; x_wconf 75' lang='grc' dir='ltr'>κυνηγετῶν</span> 
     </span>
    </p>
   </div>
   <div class='ocr_carea' id='block_1_109' title="bbox 2205 5178 3751 5252">
    <p class='ocr_par' dir='ltr' id='par_1_109' title="bbox 2205 5178 3751 5252">
     <span class='ocr_line' id='line_1_109' title="bbox 2205 5178 3751 5252; baseline 0.002 -24"><span class='ocrx_word' id='word_1_750' title='bbox 2205 5178 2493 5246; x_wconf 76' lang='grc' dir='ltr'>εὐμεγέθει</span> <span class='ocrx_word' id='word_1_751' title='bbox 2545 5179 2864 5248; x_wconf 81' lang='grc' dir='ltr'>ἐντυγχάνει</span> <span class='ocrx_word' id='word_1_752' title='bbox 2913 5179 3117 5248; x_wconf 69' lang='grc' dir='ltr'>ἐλάφῳ.</span> <span class='ocrx_word' id='word_1_753' title='bbox 3181 5179 3372 5232; x_wconf 86' lang='grc' dir='ltr'>Ἠνίκα</span> <span class='ocrx_word' id='word_1_754' title='bbox 3413 5179 3545 5247; x_wconf 79' lang='grc' dir='ltr'><strong>γοῦν</strong></span> <span class='ocrx_word' id='word_1_755' title='bbox 3602 5181 3751 5252; x_wconf 76' lang='grc' dir='ltr'>χεῖρα</span> 
     </span>
    </p>
   </div>
   <div class='ocr_carea' id='block_1_110' title="bbox 2204 5267 3754 5342">
    <p class='ocr_par' dir='ltr' id='par_1_110' title="bbox 2204 5267 3754 5342">
     <span class='ocr_line' id='line_1_110' title="bbox 2204 5267 3754 5342; baseline 0.001 -19"><span class='ocrx_word' id='word_1_756' title='bbox 2204 5272 2409 5342; x_wconf 77' lang='grc' dir='ltr'>ξιφήρη</span> <span class='ocrx_word' id='word_1_757' title='bbox 2435 5274 2576 5325; x_wconf 72' lang='grc' dir='ltr'>κατὰ</span> <span class='ocrx_word' id='word_1_758' title='bbox 2605 5271 2702 5340; x_wconf 81' lang='grc' dir='ltr'><strong>τῆς</strong></span> <span class='ocrx_word' id='word_1_759' title='bbox 2725 5271 2924 5340; x_wconf 75' lang='grc' dir='ltr'>ἐλάφου</span> <span class='ocrx_word' id='word_1_760' title='bbox 2957 5267 3111 5342; x_wconf 84' lang='grc' dir='ltr'>ἦρεν,</span> <span class='ocrx_word' id='word_1_761' title='bbox 3144 5272 3376 5342; x_wconf 79' lang='grc' dir='ltr'>ἀντέστη</span> <span class='ocrx_word' id='word_1_762' title='bbox 3405 5274 3464 5325; x_wconf 83' lang='grc' dir='ltr'><strong>τὸ</strong></span> <span class='ocrx_word' id='word_1_763' title='bbox 3494 5271 3634 5336; x_wconf 76' lang='grc' dir='ltr'>ζῶον</span> <span class='ocrx_word' id='word_1_764' title='bbox 3660 5274 3754 5325; x_wconf 74' lang='grc' dir='ltr'><strong>καὶ</strong></span> 
     </span>
    </p>
   </div>
   <div class='ocr_carea' id='block_1_111' title="bbox 2199 5365 3762 5435">
    <p class='ocr_par' dir='ltr' id='par_1_111' title="bbox 2199 5365 3762 5435">
     <span class='ocr_line' id='line_1_111' title="bbox 2199 5365 3762 5435; baseline 0 -19"><span class='ocrx_word' id='word_1_765' title='bbox 2199 5366 2311 5427; x_wconf 82' lang='grc' dir='ltr'>τοῖς</span> <span class='ocrx_word' id='word_1_766' title='bbox 2342 5365 2576 5435; x_wconf 83' lang='grc' dir='ltr'>κέρασιν</span> <span class='ocrx_word' id='word_1_767' title='bbox 2607 5366 2854 5433; x_wconf 78' lang='grc' dir='ltr'>ἠμύνατο</span> <span class='ocrx_word' id='word_1_768' title='bbox 2899 5366 2989 5418; x_wconf 72' lang='grc' dir='ltr'>τὸν</span> <span class='ocrx_word' id='word_1_769' title='bbox 3027 5365 3312 5419; x_wconf 85' lang='grc' dir='ltr'>διώκοντα.</span> <span class='ocrx_word' id='word_1_770' title='bbox 3349 5368 3457 5419; x_wconf 76' lang='grc' dir='ltr'><strong>Καὶ</strong></span> <span class='ocrx_word' id='word_1_771' title='bbox 3511 5369 3578 5435; x_wconf 80' lang='grc' dir='ltr'>τῇ</span> <span class='ocrx_word' id='word_1_772' title='bbox 3610 5365 3762 5435; x_wconf 56' lang='lat' dir='ltr'><strong>{cum</strong></span> 
     </span>
    </p>
   </div>
   <div class='ocr_carea' id='block_1_112' title="bbox 2199 5451 3762 5523">
    <p class='ocr_par' dir='ltr' id='par_1_112' title="bbox 2199 5451 3762 5523">
     <span class='ocr_line' id='line_1_112' title="bbox 2199 5451 3762 5523; baseline 0.001 -20"><span class='ocrx_word' id='word_1_773' title='bbox 2199 5453 2254 5505; x_wconf 79' lang='grc' dir='ltr'><strong>δὲ</strong></span> <span class='ocrx_word' id='word_1_774' title='bbox 2288 5451 2381 5504; x_wconf 74' lang='grc' dir='ltr'>τοῦ</span> <span class='ocrx_word' id='word_1_775' title='bbox 2416 5452 2680 5522; x_wconf 86' lang='grc' dir='ltr'>βασιλέως</span> <span class='ocrx_word' id='word_1_776' title='bbox 2729 5454 3074 5522; x_wconf 75' lang='grc' dir='ltr'>ἐμπαρέντος</span> <span class='ocrx_word' id='word_1_777' title='bbox 3130 5453 3278 5517; x_wconf 75' lang='grc' dir='ltr'>τινὸς</span> <span class='ocrx_word' id='word_1_778' title='bbox 3332 5457 3437 5507; x_wconf 83' lang='grc' dir='ltr'>τῶν</span> <span class='ocrx_word' id='word_1_779' title='bbox 3470 5471 3762 5523; x_wconf 70' lang='grc' dir='ltr'>παραφυο-</span> 
     </span>
    </p>
   </div>
   <div class='ocr_carea' id='block_1_113' title="bbox 2157 5546 3757 5620">
    <p class='ocr_par' dir='ltr' id='par_1_113' title="bbox 2157 5546 3757 5620">
     <span class='ocr_line' id='line_1_113' title="bbox 2157 5546 3757 5620; baseline 0.003 -25"><span class='ocrx_word' id='word_1_780' title='bbox 2157 5546 2385 5620; x_wconf 29' lang='grc' dir='ltr'>,μένων</span> <span class='ocrx_word' id='word_1_781' title='bbox 2445 5547 2696 5614; x_wconf 79' lang='grc' dir='ltr'>κεράτων</span> <span class='ocrx_word' id='word_1_782' title='bbox 2760 5546 3035 5616; x_wconf 85' lang='grc' dir='ltr'>μετέωρος</span> <span class='ocrx_word' id='word_1_783' title='bbox 3095 5549 3304 5611; x_wconf 76' lang='grc' dir='ltr'>ἐκεῖνος</span> <span class='ocrx_word' id='word_1_784' title='bbox 3354 5552 3464 5610; x_wconf 79' lang='grc' dir='ltr'>τοῖς</span> <span class='ocrx_word' id='word_1_785' title='bbox 3524 5551 3757 5616; x_wconf 67' lang='grc' dir='ltr'>κέρασιν</span> 
     </span>
    </p>
   </div>
   <div class='ocr_carea' id='block_1_114' title="bbox 2202 5640 3761 5712">
    <p class='ocr_par' dir='ltr' id='par_1_114' title="bbox 2202 5640 3761 5712">
     <span class='ocr_line' id='line_1_114' title="bbox 2202 5640 3761 5712; baseline 0.002 -23"><span class='ocrx_word' id='word_1_786' title='bbox 2202 5640 2451 5707; x_wconf 79' lang='grc' dir='ltr'>ἐφέρετο’</span> <span class='ocrx_word' id='word_1_787' title='bbox 2486 5640 2580 5692; x_wconf 79' lang='grc' dir='ltr'>καὶ</span> <span class='ocrx_word' id='word_1_788' title='bbox 2619 5640 2756 5709; x_wconf 85' lang='grc' dir='ltr'>τάχα</span> <span class='ocrx_word' id='word_1_789' title='bbox 2778 5640 2840 5693; x_wconf 82' lang='grc' dir='ltr'>ἂν</span> <span class='ocrx_word' id='word_1_790' title='bbox 2864 5641 3129 5709; x_wconf 80' lang='grc' dir='ltr'>ἠνάλωτο,</span> <span class='ocrx_word' id='word_1_791' title='bbox 3162 5643 3210 5693; x_wconf 83' lang='grc' dir='ltr'>εἰ</span> <span class='ocrx_word' id='word_1_792' title='bbox 3254 5643 3326 5712; x_wconf 88' lang='grc' dir='ltr'><strong>μή</strong></span> <span class='ocrx_word' id='word_1_793' title='bbox 3360 5661 3443 5708; x_wconf 87' lang='grc' dir='ltr'><strong>τις</strong></span> <span class='ocrx_word' id='word_1_794' title='bbox 3491 5643 3637 5710; x_wconf 74' lang='grc' dir='ltr'>ξίφει</span> <span class='ocrx_word' id='word_1_795' title='bbox 3668 5659 3761 5693; x_wconf 87' lang='grc' dir='ltr'>τε-</span> 
     </span>
    </p>
   </div>
   <div class='ocr_carea' id='block_1_115' title="bbox 2205 5729 3760 5804">
    <p class='ocr_par' dir='ltr' id='par_1_115' title="bbox 2205 5729 3760 5804">
     <span class='ocr_line' id='line_1_115' title="bbox 2205 5729 3760 5804; baseline 0.002 -23"><span class='ocrx_word' id='word_1_796' title='bbox 2205 5730 2321 5798; x_wconf 85' lang='grc' dir='ltr'><strong>μὼν</strong></span> <span class='ocrx_word' id='word_1_797' title='bbox 2352 5731 2447 5800; x_wconf 79' lang='grc' dir='ltr'>τὴν</span> <span class='ocrx_word' id='word_1_798' title='bbox 2470 5731 2648 5800; x_wconf 79' lang='grc' dir='ltr'>ζώνην</span> <span class='ocrx_word' id='word_1_799' title='bbox 2675 5733 2833 5785; x_wconf 81' lang='grc' dir='ltr'>αὑτὸν</span> <span class='ocrx_word' id='word_1_800' title='bbox 2856 5732 3177 5786; x_wconf 84' lang='grc' dir='ltr'>διεσώσατο.</span> <span class='ocrx_word' id='word_1_801' title='bbox 3231 5729 3301 5804; x_wconf 76' lang='grc' dir='ltr'><strong>’ᾯ</strong></span> <span class='ocrx_word' id='word_1_802' title='bbox 3328 5734 3392 5804; x_wconf 86' lang='grc' dir='ltr'>δὴ</span> <span class='ocrx_word' id='word_1_803' title='bbox 3422 5737 3512 5788; x_wconf 69' lang='grc' dir='ltr'><strong>καὶ</strong></span> <span class='ocrx_word' id='word_1_804' title='bbox 3539 5737 3760 5800; x_wconf 72' lang='grc' dir='ltr'>σῶστρα</span> 
     </span>
    </p>
   </div>
   <div class='ocr_carea' id='block_1_116' title="bbox 2203 5822 3758 5891">
    <p class='ocr_par' dir='ltr' id='par_1_116' title="bbox 2203 5822 3758 5891">
     <span class='ocr_line' id='line_1_116' title="bbox 2203 5822 3758 5891; baseline 0.001 -17"><span class='ocrx_word' id='word_1_805' title='bbox 2203 5823 2341 5874; x_wconf 80' lang='grc' dir='ltr'>καλὰ</span> <span class='ocrx_word' id='word_1_806' title='bbox 2375 5823 2605 5875; x_wconf 76' lang='grc' dir='ltr'>δέδωκεν</span> <span class='ocrx_word' id='word_1_807' title='bbox 2635 5823 2661 5874; x_wconf 90' lang='lat'><strong>6</strong></span> <span class='ocrx_word' id='word_1_808' title='bbox 2697 5822 2788 5874; x_wconf 81' lang='grc' dir='ltr'>ὑπ’</span> <span class='ocrx_word' id='word_1_809' title='bbox 2848 5825 3057 5878; x_wconf 80' lang='grc' dir='ltr'>ἐκείνου</span> <span class='ocrx_word' id='word_1_810' title='bbox 3087 5826 3299 5888; x_wconf 65' lang='grc' dir='ltr'>σωθεὶς,</span> <span class='ocrx_word' id='word_1_811' title='bbox 3337 5829 3435 5882; x_wconf 70' lang='grc' dir='ltr'><strong>τὴν</strong></span> <span class='ocrx_word' id='word_1_812' title='bbox 3459 5827 3556 5890; x_wconf 73' lang='grc' dir='ltr'>τῆς</span> <span class='ocrx_word' id='word_1_813' title='bbox 3585 5842 3758 5891; x_wconf 52' lang='lat' dir='ltr'><strong>assa-</strong></span> 
     </span>
    </p>
   </div>
  </div>
