2035 3206
263 169 315 200 5ᾶῆ

888 184 1093 215 MICIIAELIS
1112 187 1240 218 GLYCE

1809 187 1861 225 5546

261 234 320 259 cus.
350 229 480 259 solitaria
495 233 557 261 vita:
589 240 719 268 sectator,
749 237 818 272 apud
844 237 1035 273 imperatorem

1090 243 1206 276 μεγάλου
1221 245 1329 278 Κοσμὶ,
1349 244 1431 270 πολλᾶι
1465 242 1617 278 κατεδεήοη
1648 241 1694 268 τοῦ
1712 241 1854 276 βασιλέως,

261 272 353 319 verbis
369 274 525 311 hujusmodi
540 278 734 314 deprecaretur
750 291 758 309 :
779 292 788 308 ‹
804 282 864 310 Noli
881 272 1034 319 taittopere.

262 318 419 353 imperator,
432 322 513 350 irasci
527 329 554 352 et
570 333 732 355 succensere
748 337 754 354 :
780 336 842 356 nam
860 329 911 356 hoc
926 318 1039 357 evetitu-

263 371 321 390 rum
340 366 388 393 tibi
402 373 478 396 vates
487 370 569 398 etiam
584 372 701 401 Davides
718 375 890 409 pnediserat.
907 384 969 404 cum
980 376 1037 404 ait:

263 410 363 442 «Quam
375 414 458 441 multa
474 414 559 444 hostis
575 418 699 453 improbe
710 420 863 456 designavit
874 422 900 449 in
915 427 1037 450 sanctum

262 459 346 482 Innm.
365 456 416 489 Qui
437 463 463 486 te
480 461 607 494 oderunt,
634 463 660 490 in
678 465 736 498 ipso
764 465 814 493 tibi
832 466 900 494 festo
926 467 1038 495 insulta—

261 507 333 528 runt.
350 503 533 541 Quapropter,
561 508 721 544 imperator.
752 512 815 541 aliis
829 514 918 542 adhuc
944 517 1036 542 decem

259 546 338 592 annis
352 548 467 583 imperio
484 556 509 579 te
529 553 611 589 299
624 557 707 590 potiri
722 563 854 592 oportet.)
875 558 931 587 Hoc
941 560 1036 588 vatici-

259 591 334 619 nium
350 594 441 622 exitus
456 605 550 626 verum
563 591 751 635 comprobavit
765 612 773 631 :
787 612 849 632 nam
865 610 927 640 post
943 606 1036 634 decem

260 645 346 665 annos
362 647 396 667 eo
412 641 471 676 ipso
494 649 619 672 mortuus
646 652 688 674 est
712 648 756 676 die
777 657 832 683 quo
844 650 947 686 plagam
969 651 1037 679 hanc

259 684 372 717 accepit.
390 685 490 716 Leonis
507 689 590 725 hujus
608 699 676 719 uxor
690 684 869 730 Theophano,
890 684 953 723 cum
968 697 1036 725 citra

258 729 458 760 aemulationem
477 742 604 769 perpessa
621 737 717 765 fuisset
733 729 893 767 utralteram
911 741 956 769 ille
972 749 1038 769 con-

256 774 349 809 jugem
365 777 488 810 duceret,
511 781 641 817 deinceps
666 789 814 813 consecuta
841 792 885 814 est
903 792 932 814 ut
949 788 1035 822 palam

258 822 380 857 prodigia
395 826 517 858 quaedam
534 827 638 856 ederet.
658 830 750 865 Neque
767 836 871 860 tantum
894 834 944 861 has
971 842 1037 862 uxo-

259 874 300 893 rcs
316 867 410 896 habuit
427 870 493 903 Leo,
508 873 555 899 sed
569 874 656 901 etiam
672 875 744 903 Zoen
759 877 972 914 Carbonopsiam
984 888 1037 907 nu-

257 919 332 939 mero
347 919 471 947 quartam
483 916 580 951 duxit;
607 927 669 954 qua:
697 921 757 949 sine
781 925 915 958 augustali
933 933 1033 953 corona
1052 910 1071 936 Β

255 957 320 985 satis
339 958 418 994 longo
431 963 562 997 temporis
583 966 671 999 spatio
692 974 752 994 cum
770 976 803 996 eo
821 957 897 997 vixit.
913 970 1034 999 Tandem

254 1009 287 1029 ex
302 1010 334 1030 ea
354 1010 434 1034 natus
450 1012 491 1035 est
505 1009 661 1044 imperatori
675 1012 756 1045 ﬁlius.
774 1014 801 1042 in
818 1016 896 1051 cujus
911 1021 972 1044 ortu
989 1025 1035 1045 co-

256 1053 341 1076 metes
352 1059 517 1087 conspectus
543 1061 595 1088 est,
621 1058 667 1092 qui
693 1059 785 1087 radios
804 1069 870 1089 suos
900 1063 1033 1091 orientem

254 1104 350 1123 versus
362 1098 523 1133 projiciebat
534 1106 561 1128 et
575 1104 608 1129 ad
625 1104 867 1140 quadragesimum
895 1107 968 1134 diem
989 1116 1034 1135 us-

252 1149 306 1175 que
321 1142 440 1171 lucebat.
459 1144 516 1173 Hoc
531 1146 587 1174 tilio
601 1154 665 1176 nato
680 1149 799 1178 Thomas
830 1152 941 1186 quidam
972 1162 1034 1181 mu-

255 1198 317 1216 nere
334 1192 450 1220 senioris
463 1193 579 1227 fungens
598 1196 681 1223 Leoni
698 1203 724 1224 et
738 1199 799 1225 Zoa:
808 1199 895 1228 fausta
909 1206 1034 1235 precatus

254 1241 294 1261 (‘st
313 1242 440 1271 tanquam
458 1241 628 1275 conjugibust
645 1244 733 1278 Atque
749 1245 770 1272 is
786 1247 879 1274 senior
895 1247 955 1275 loco
969 1249 1035 1276 sub—

255 1288 344 1309 motus
361 1284 489 1320 deinceps
517 1287 577 1314 fuit.
611 1289 681 1316 llinc
699 1291 833 1320 Santonus
862 1295 993 1327 patricius
1018 1303 1033 1323 a

254 1330 344 1358 Leone
365 1331 457 1363 officio.
470 1334 629 1362 Cubicularii
648 1343 774 1367 ornatur.
787 1338 859 1373 quod
878 1340 903 1367 ei
919 1340 952 1367 ad
975 1348 1035 1368 om-

253 1385 313 1404 nem
327 1379 528 1412 improbitatem
543 1383 737 1416 opitularetur.
752 1384 776 1410 ls
792 1390 888 1418 prteter
901 1385 953 1413 alia
969 1386 1035 1413 faci—

254 1431 317 1449 nora
331 1425 436 1452 curavit
446 1430 475 1451 ut
488 1426 642 1460 patriarcha
657 1427 746 1453 solum
761 1433 867 1456 vertere
879 1434 1032 1464 cogeretur,

251 1476 331 1501 quem
349 1470 454 1497 scilicet
467 1471 525 1505 ipse
537 1472 636 1499 solium
657 1473 707 1499 sibi
734 1473 874 1501 vindicare
889 1474 1030 1502 vetuisset.

251 1514 422 1542 Stlilslilllllls
439 1516 490 1543 fuit
506 1518 566 1551 ejus
581 1518 641 1545 loco
668 1519 708 1544 vir
725 1519 903 1546 admirandus
927 1520 1032 1554 Euthy-
1053 1541 1059 1547 .

1089 288 1187 321 λέγων·
1206 299 1215 315 ι
1238 290 1280 324 Μὴ
1301 290 1411 324 ὸργίζου
1431 290 1499 324 μηδὲ
1522 290 1680 324 χαλέπαινε,
1697 284 1718 314 ὦ
1736 287 1863 322 βασιλεῦ·

1088 334 1335 368 προγεγραμμένον
1353 335 1405 369 γὰρ
1420 333 1455 370 ἦν
1485 343 1526 361 σοι
1542 335 1639 361 παθεῖν
1665 335 1740 369 παρὰ
1755 333 1802 360 τοῦ
1817 332 1864 357 καὶ

1088 379 1178 410 Δαϐὶδ,
1188 379 1329 414 εἰρηκότος
1343 380 1430 407 «Ὅσα
1446 379 1648 415 ἑπονηρεύσατο
1656 381 1669 406 ὁ
1677 379 1723 414 ὲχθ
1729 379 1771 414 ρος
1786 380 1814 406 ὲν
1825 381 1864 415 τῷ

1088 425 1158 459 ἁγίῳ
1172 433 1230 457 σου,
1250 426 1297 452 καὶ
1322 425 1538 461 ένεκαυχήσαντο
1567 426 1592 452 οἱ
1617 424 1758 459 μισοῦντές
1782 433 1811 451 σε
1834 425 1865 450 ἐν

1089 472 1164 506 μέσῳ
1179 471 1228 506 τῆς
1253 472 1349 507 ἑορτῆς
1376 480 1432 498 σου.
1450 481 1460 498 ›
1475 473 1520 498 Δεϊ
1534 469 1580 498 οὗν
1602 479 1644 502 σε,
1667 470 1794 503 δέσποτα,
1819 470 1864 497 ἐπ’

1087 518 1156 545 ἄλλα
1173 522 1188 545 ι’
1198 518 1246 553 ἔτη
1257 519 1368 554 κρατεῖν
1382 518 1432 553 τῆς
1456 518 1605 553 βασιλείας.
1624 528 1633 544 ι
1654 519 1688 545 '0
1705 518 1737 553 δὴ
1755 517 1800 544 καὶ
1818 518 1864 550 γέ-

1087 569 1184 594 γονεν’
1205 562 1324 590 ἀπέθανε
1337 561 1391 597 γάρ
1406 562 1474 595 μετὰ
1490 561 1557 589 δέκα
1582 562 1707 597 χρόνους,
1735 562 1796 589 κατ’
1813 563 1864 589 αὑ.

1086 607 1136 642 τὴν
1151 607 1201 642 τὴν
1218 607 1326 643 ἡμέραν
1341 607 1403 633 καθ’
1418 609 1452 643 ἦν
1469 608 1515 635 καὶ
1527 608 1643 643 ἐπλήγη.
1664 607 1696 635 Ἡ
1709 608 1800 642 μέντοι
1815 608 1862 635 τοῦ

1086 652 1202 683 Λέοντος
1226 652 1293 687 γυνὴ
1321 652 1449 687 Θεοφανὼ
1476 652 1513 687 μὴ
1529 652 1740 687 ζηλοτυπήσασα
1760 652 1801 679 ὃτι
1814 660 1863 686 γυ.

1087 698 1168 724 ναῖκα
1188 697 1284 732 ἑτέραν
1296 699 1311 725 ὁ
1324 698 1400 724 Λέων
1419 698 1548 733 ἠγάγετο,
1564 698 1769 733 θαυματουργδς
1786 697 1861 724 ὕστε-

1088 753 1134 779 ρον
1154 744 1355 771 ἀναδείκνυται.
1379 743 1512 778 Ἠγάγετο
1527 744 1555 771 δὲ
1586 744 1636 779 τὴν
1659 744 1795 779 τετάρτην
1814 752 1862 778 γυ-

1086 792 1166 818 ναῖκα
1182 791 1259 826 Ζωὴν
1284 791 1333 826 τὴν
1360 790 1570 826 Καρϐωνοψίαν,
1590 791 1651 826 ἥτις
1677 790 1743 817 ὲὸἰω
1768 790 1862 825 χρόνον

1087 837 1182 871 συχνὸν
1198 836 1257 872 μετ’
1266 836 1349 864 αὑτοῦ
1362 837 1492 871 ἁστεφής.
1525 836 1592 863 Ἀπδ
1610 835 1675 870 γοῦν
1688 835 1791 871 ταύτης
1801 835 1861 862 ἑτέ-

1086 884 1138 919 χθη
1157 884 1195 919 τῷ
1210 883 1316 918 βασιλεῖ
1331 883 1436 910 παιδίον
1454 884 1548 919 άίιρεν.
1568 882 1662 917 οὗπερ
1678 883 1708 909 ὲν
1736 883 1770 917 τῇ
1799 890 1859 915 γεν-

1087 931 1164 966 νήσει
1183 925 1306 966 κομήτης
1319 930 1417 965 ἐφάνη,
1444 930 1493 961 τὰς
1521 930 1633 961 ἀκτῖνας
1655 929 1702 956 ἀπ’
1728 928 1861 963 ἀνατολῆς

1085 978 1176 1012 ἀφιεὶς
1191 978 1239 1003 καὶ
1258 977 1374 1011 λάμπων
1402 976 1482 1011 ἄχρις
1505 975 1616 1011 ἡμερῶν
1647 977 1683 1010 μ’.
1705 974 1860 1009 Τηνικαῦτα

1085 1021 1112 1047 δὲ
1127 1022 1174 1047 καὶ
1192 1020 1270 1047 Λέων
1282 1020 1432 1053 εὐλογεῖται
1450 1021 1520 1054 μετὰ
1533 1019 1611 1053 Ζωῆς
1632 1017 1708 1054 παρὰ
1719 1018 1803 1053 Θωμᾶ
1814 1017 1860 1044 τοῦ

1085 1063 1371 1101 πρεσϐυτέρουτινὺς,
1394 1065 1424 1097 ὃς
1433 1065 1464 1100 δὴ
1476 1065 1522 1092 καὶ
1532 1064 1693 1099 καθαιρέσει
1710 1063 1859 1091 ΰπέπεσεν.

1090 1113 1119 1139 '0
1134 1112 1163 1139 δὲ
1177 1112 1321 1147 πατρίκιος
1334 1112 1468 1146 Σαμωνᾶς
1496 1111 1653 1146 προεϐλήθη
1682 1109 1861 1146 παρακοιμὼ-

1087 1167 1176 1194 μενος,
1203 1158 1333 1193 συνεργδς
1362 1158 1400 1184 ὣν
1430 1157 1543 1188 Λέοντος
1570 1157 1610 1188 εἰς
1640 1157 1731 1183 πᾶσαν
1751 1156 1859 1183 κακίαν.

1085 1205 1141 1232 Καὶ
1155 1204 1236 1231 αὑτὸν
1250 1204 1278 1230 δὲ
1306 1204 1351 1230 τὸν
1370 1202 1547 1238 πατριάρχην
1565 1202 1622 1237 (84)
1646 1202 1784 1236 οἰκονομεῖ
1801 1200 1860 1233 ἐξο-

1086 1248 1333 1286 ρισθῆναι,ἇτετῆς
1344 1247 1511 1282 Ἐκκλησιας
1527 1246 1679 1273 ὲπιῦαίνειν
1695 1245 1762 1280 παρ’
1776 1244 1860 1271 αὑτοῦ

1085 1295 1268 1329 κωλυόμενος.
1302 1293 1446 1327 Ἀνάγεται
1478 1292 1505 1319 δὲ
1522 1292 1581 1320 ἀντ’
1610 1291 1693 1318 αὐτοῦ
1723 1290 1862 1325 Εὑοῦμιος

1084 1340 1154 1374 ἀνὴρ
1168 1338 1334 1374 θαυμαστός.
1355 1337 1384 1364 '0
1402 1338 1492 1372 μέντοι
1524 1336 1650 1371 βασιλεὺς
1674 1335 1760 1362 πολλὰ,
1778 1343 1861 1361 σπον-

1084 1385 1167 1417 δάσας
1189 1385 1273 1419 νόμον
1287 1384 1399 1419 τεθῆναι
1419 1382 1489 1410 ὥστε
1509 1382 1554 1409 τὸν
1583 1382 1667 1417 ἄνδρα
1681 1381 1778 1416 τρίτην
1790 1380 1861 1415 λαμ-

1085 1429 1177 1456 ϐάνειν
1197 1428 1213 1464 ἢ
1229 1429 1276 1455 καὶ
1289 1428 1423 1463 τετάρτην
1438 1428 1555 1461 γυναῖκα
1585 1426 1615 1452 ea
1638 1425 1856 1459 σπουδαζόμενον

1084 1476 1183 1502 ἀνύσαι
1221 1475 1272 1502 οὐκ
1303 1474 1414 1509 ἴσχυσε,
1445 1473 1492 1500 τοῦ
1527 1474 1650 1499 τοιούτου
1689 1471 1859 1506 πατριάρχου

1083 1522 1164 1549 τοῦτο
1204 1520 1478 1556 παρεμποδὶζοντος·
1521 1519 1583 1545 ὃθεν
1620 1517 1667 1544 καὶ
1704 1516 1797 1547 στάσις
1830 1516 1859 1541 ὲν

252 1561 332 1587 mins.
354 1561 479 1596 Cumque
502 1564 618 1590 multum
642 1572 731 1598 operte
762 1565 939 1599 impendisset
966 1565 1032 1598 Leo,

1085 1568 1141 1597 τοῖς
1167 1564 1341 1600 ἀρχιερεῦσιν
1370 1564 1401 1590 οὐ
1429 1563 1515 1599 μικρὰ
1537 1563 1652 1597 γίνεται.
1680 1561 1711 1588 ΕΙ
1739 1560 1776 1596 μὴ
1804 1559 1856 1593 γὰρ

250 1614 305 1640 quo
320 1607 439 1634 efﬁceret
456 1615 485 1635 ut
498 1609 538 1635 lex
560 1611 790 1645 pmmulgaretur,
803 1610 881 1645 cujus
896 1611 1031 1645 permissu

1085 1612 1165 1639 τοῦτο
1190 1609 1235 1646 ἦν,
1251 1610 1301 1636 οὐκ
1327 1609 1391 1642 avi)
1411 1609 1475 1643 περὶ
1499 1608 1622 1639 ένὼσεως
1646 1606 1775 1641 ὲκγέγονε
1798 1605 1857 1632 σύν-

249 1653 294 1685 jus
306 1652 365 1678 viro
376 1653 446 1680 foret
463 1662 574 1681 uxorem
595 1656 701 1682 tertiam
719 1661 880 1690 quartamve
899 1656 1030 1690 ducendi,
1084 1658 1153 1689 οδος.

251 1703 410 1726 nontamen
444 1700 469 1727 id
485 1702 615 1736 consequi
647 1704 746 1737 potuit,
779 1703 851 1738 quod
883 1708 1024 1738 tantopere
1048 1704 1186 1739 cupiebat,
1203 1703 1253 1730 hoc
1269 1702 1328 1736 ipso
1358 1702 1512 1736 patriarcha
1538 1706 1667 1729 conatum
1687 1700 1862 1736 imperatoris

251 1746 426 1779 impediente.
445 1746 501 1779 Qua
515 1755 547 1774 ex
564 1757 645 1775 causa
659 1757 711 1775 non
742 1757 837 1784 parum
849 1749 954 1777 exstitit
984 1751 1057 1778 inter
1076 1750 1213 1778 antistites
1242 1748 1358 1780 dissidii,
1375 1749 1452 1783 cujus
1469 1749 1579 1776 nomine
1598 1752 1692 1783 postea
1720 1747 1754 1775 de
1778 1755 1865 1775 revo-.

250 1792 344 1818 caudis
361 1792 393 1819 ad
411 1792 537 1820 unionem
550 1798 577 1820 et
590 1794 765 1821 concordiam
788 1795 888 1822 animis
903 1797 1024 1831 synodus
1044 1796 1136 1824 habita
1154 1797 1214 1823 fuit.

284 1838 351 1865 Cum
381 1844 472 1865 autem
511 1840 722 1868 Constantinum
755 1841 904 1868 Andronici
943 1842 1029 1870 lilium

248 1884 393 1918 quamdam
406 1886 439 1912 ad
450 1887 650 1920 expeditionem
681 1888 830 1922 imperator
856 1896 918 1916 cum
944 1890 1030 1924 copiis

249 1931 396 1964 ablegaret,
419 1939 467 1964 per
484 1933 633 1959 triclinium
650 1932 786 1960 hominem
801 1935 932 1964 educens.
942 1935 1030 1963 oculis

250 1976 276 2002 in
293 1976 395 2003 Christi
411 1984 441 2004 ac
457 1977 578 2011 Deiparac
598 1977 732 2010 imagines
745 1979 853 2012 deﬁxis,
872 1987 933 2014 qua:
945 1988 1028 2014 supra

250 2027 356 2055 portam
373 2027 452 2050 erant
466 2024 615 2054 collocatae,
629 2024 671 2051 his
683 2025 774 2051 verbis
789 2033 854 2053 usus
872 2031 914 2053 est
929 2035 935 2052 ε
955 2035 963 2051 ι
980 2026 1031 2053 Ca-

249 2071 320 2098 veto,
345 2066 532 2100 Constantine,
551 2076 650 2096 nomen
676 2077 710 2097 ne
726 2070 775 2098 tibi
801 2076 876 2097 tuum
900 2072 1030 2105 imponat,

1119 1845 1323 1871 Κωνσταντῖνον
1344 1843 1390 1870 τὸν
1405 1842 1451 1869 τοῦ
1478 1841 1649 1876 Ἀνδρονίκου
1678 1839 1735 1866 υἱὸν
1751 1840 1790 1870 sl;
1814 1840 1863 1865 ὲκ-

1084 1890 1228 1925 στρατεεαν
1242 1892 1256 1918 ὁ
1271 1889 1397 1926 βασιλεὺς
1409 1888 1592 1919 ἀποστέλλων,
1617 1888 1664 1913 καὶ
1678 1886 1723 1913 διὰ
1743 1886 1789 1912 τοῦ
1802 1895 1863 1921 τρι-

1083 1935 1173 1963 κλίνου
1188 1936 1293 1969 ἐξάγων
1311 1935 1402 1967 atisz,
1416 1933 1536 1966 άτενίζει
1547 1932 1617 1968 πρὸς
1628 1932 1677 1963 τάς
1691 1932 1793 1959 ἄνωθεν
1808 1933 1862 1964 τῆς

1082 1981 1170 2017 πύλης
1186 1972 1377 2017 ὲστηλωμὲνας
1393 1980 1501 2011 εἰκόνας
1530 1978 1576 2005 τοῦ
1594 1978 1712 2013 Χριστοῦ
1740 1977 1787 2004 καὶ
1806 1978 1860 2012 τῆς

1080 2028 1263 2063 Θεομήτορος.
1279 2028 1335 2055 Καὶ
1348 2027 1474 2058 ἀτενίσας
1488 2025 1574 2057 οὕτως
1587 2025 1661 2059 ἔλεγε
1677 2025 1744 2060 προς
1756 2023 1837 2051 αὐτόν
1850 2032 1858 2039 ·

1081 2083 1092 2100 ι
1110 2074 1153 2108 Μή
1176 2082 1206 2100 σε
1225 2073 1365 2106 πλανάτω,
1379 2070 1401 2100 ὧ
1420 2073 1621 2105 Κωνσταντίνε,
1637 2072 1667 2097 τὸ
1681 2071 1776 2105 ὄνομα,
1792 2069 1860 2105 μηδὲ

249 2120 317 2139 neve
330 2113 417 2140 fretus
434 2114 478 2140 illo
495 2114 647 2148 potiturum
660 2119 686 2142 te
708 2116 896 2143 Romanorum
914 2117 1031 2151 imperio

1084 2120 1123 2146 Βιὰ
1137 2119 1215 2146 τοῦτο
1232 2120 1366 2154 κατάρξαι
1389 2119 1535 2154 Ῥωμαίων
1551 2118 1656 2154 νόμιζε.
1686 2118 1719 2146 Ἦ
1737 2118 1860 2153 βασιλεία

249 2164 337 2192 putes.
351 2159 418 2186 Nam
439 2168 500 2187 meo
518 2160 575 2187 lilio
585 2160 766 2189 Constantino
789 2162 923 2189 divinitus
945 2162 1030 2197 impe-

1084 2166 1134 2201 γὰρ
1149 2166 1187 2200 τῷ
1199 2166 1257 2201 ἐμῷ
1271 2166 1473 2201 Κωνσταντινῳ
1486 2165 1537 2201 υῐῷ
1544 2166 1620 2201 παρὰ
1633 2164 1702 2192 θεοῦ
1715 2165 1857 2200 τεταμιευ-

248 2205 318 2231 rium
336 2210 503 2232 reservatum
522 2210 575 2238 est,
602 2207 674 2241 quod
702 2208 830 2242 equidem
858 2213 1029 2242 perspectum

248 2250 347 2282 habeo,
364 2250 544 2284 significatum
559 2251 625 2278 mihi
645 2252 748 2279 divinis
760 2253 793 2280 ab
812 2253 975 2281 hominibus
988 2254 1031 2281 fu-

247 2300 307 2321 tura
324 2296 512 2330 prospiciendi
526 2296 552 2323 vi
568 2295 699 2331 praeditis.
714 2296 887 2334 Quapropter
896 2299 967 2327 scire
986 2300 1031 2326 de-

247 2341 294 2367 l'es
311 2346 475 2368 eventurum
496 2345 526 2368 ut
542 2341 587 2368 ubi
606 2342 780 2376 tyrannidem
808 2344 841 2370 ad
876 2349 902 2372 te
934 2353 1031 2380 rapere

246 2391 363 2414 conatus
377 2387 474 2418 fueris,
506 2390 588 2421 caput
612 2391 687 2414 tuum
710 2388 813 2423 absque
837 2396 953 2423 corpore
979 2398 1029 2425 per

247 2434 318 2459 hanc
331 2434 417 2468 ipsam
436 2438 542 2468 portam
568 2434 748 2468 ingrediatur.
767 2444 775 2459 ι
803 2435 873 2464 lluic
896 2436 1030 2465 vaticiuio

245 2480 378 2514 deinceps
394 2484 514 2507 eventus
530 2480 682 2514 respondit.
698 2479 766 2507 Nam
778 2485 841 2515 post
854 2480 955 2509 Leonis
967 2482 1028 2511 obi-

247 2532 303 2551 nnn
316 2525 513 2553 Constantinus
529 2525 699 2561 tyrannidem
710 2526 841 2554 allectans
858 2528 966 2556 occisus
974 2532 1027 2561 est,

246 2581 278 2597 :It:
294 2572 425 2605 deinceps
436 2576 497 2598 erat
517 2572 611 2599 videre
629 2577 773 2599 cruentum
800 2578 882 2608 caput
903 2575 962 2609 ejus
977 2582 1027 2610 per

246 2618 319 2644 illam
334 2622 440 2651 portam
455 2618 561 2645 inferri.
575 2618 711 2646 Nimirum
726 2619 852 2648 accidere
864 2620 927 2648 talia
937 2622 1027 2649 solent

247 2665 280 2689 i-s
297 2663 343 2696 qui
358 2663 428 2690 ultra
444 2670 521 2699 septa
537 2665 703 2692 transiliunt.

282 2709 389 2736 Accidit
414 2710 440 2737 id
471 2712 602 2746 temporis
630 2713 762 2740 maximus
795 2713 861 2741 solis
889 2714 1026 2748 defectus,

247 2758 325 2789 rujns
352 2766 434 2786 causa
462 2759 668 2787 Pantaleontem
703 2761 888 2796 Synadensem
915 2762 1027 2797 pontiﬁ-

247 2810 307 2830 cem
322 2803 355 2831 ad
371 2812 401 2833 se
428 2805 578 2841 imperator
597 2807 748 2840 arcessivit,
778 2808 917 2836 hominem
939 2812 1028 2836 astro-

1080 2220 1125 2238 ται
1138 2219 1145 2226 ·
1161 2212 1209 2238 καὶ
1221 2211 1302 2247 δῆλον
1326 2212 1374 2239 καὶ
1399 2211 1478 2239 τοῦτό
1494 2220 1540 2247 μοι
1565 2211 1680 2246 γέγονεν
1699 2211 1753 2238 ἀπὸ
1777 2210 1861 2238 Gaium

1080 2258 1196 2292 ἀνδρῶν,
1216 2258 1338 2294 προορᾲν
1360 2257 1548 2292 δεδυνημένων
1574 2257 1610 2284 τὰ
1631 2257 1796 2293 ἔμπροσθεν.
1812 2256 1857 2283 Γιρ

1080 2312 1168 2330 νωσκε
1185 2302 1234 2332 οὖν
1252 2304 1295 2330 ὅτι
1314 2302 1537 2339 τυραννήσαντός
1555 2311 1602 2329 σου
1620 2303 1636 2338 ἡ
1668 2302 1774 2337 κεφαλὴ
1793 2302 1860 2336 ἄτερ

1079 2349 1127 2376 τοῦ
1151 2348 1276 2384 σώματος
1289 2349 1335 2376 διὰ
1348 2349 1430 2384 τῆσδε
1453 2349 1503 2383 τῆς
1517 2349 1605 2385 πύλης
1627 2349 1822 2376 εἰσελεύσεται.
1847 2356 1859 2375 ι

1083 2393 1120 2419 Ὃν
1131 2392 1163 2427 δὴ
1175 2393 1221 2419 καὶ
1233 2393 1329 2427 γέγονε
1341 2400 1350 2409 ο
1367 2392 1436 2428 μετὰ
1451 2393 1567 2421 θάνανον
1587 2393 1642 2429 γὰρ
1669 2393 1718 2421 τοῦ
1743 2394 1860 2425 Λέοντος

1081 2438 1220 2473 τυραννίδι
1236 2438 1397 2473 ἐπιθέμενος
1413 2440 1427 2466 ό
1442 2439 1648 2471 Κωνσταντίνος
1667 2439 1861 2476 mmmam”)

1080 2483 1232 2518 τηνικαῦτα
1251 2484 1300 2520 τὴν
1317 2484 1399 2512 αὐτοῦ
1417 2485 1538 2521 κεφαλὴν
1553 2485 1597 2513 διὰ
1611 2485 1692 2520 τῆσδε
1707 2486 1757 2521 τῆς
1771 2485 1862 2522 πύλης

1081 2527 1115 2564 ἦν
1159 2530 1224 2556 ἰδεῖν
1260 2530 1443 2565 εἰσαγομένην
1481 2532 1699 2567 πιριρῤιομένην
1731 2531 1833 2567 αἵμασι
1852 2542 1860 2548 ·

1080 2574 1194 2601 τοιαῦτα
1208 2574 1256 2601 καὶ
1270 2575 1325 2610 γὰρ
1342 2576 1367 2604 ot
1394 2576 1464 2611 ὑπὲρ
1480 2576 1516 2604 τὰ
1533 2577 1696 2614 ισκαμμένα
1720 2577 1862 2613 πηδῶντες

1081 2629 1225 2655 Itaque“.

1119 2713 1187 2740 Κατ’
1203 2715 1308 2741 ἐκεῖνον
1323 2714 1357 2750 δὴ
1371 2715 1417 2742 τὸν
1433 2715 1532 2752 καιρὸν
1545 2715 1669 2751 εκλαιψις
1685 2716 1762 2752 ἡλίου
1779 2715 1860 2751 prfi-

1083 2768 1133 2793 στη
1156 2759 1270 2793 γέγονεν
1291 2769 1299 2775 ·
1318 2759 1349 2788 οὖ
1369 2761 1449 2796 χάριν
1470 2762 1485 2788 6
1514 2762 1639 2797 βασιλεὺς
1662 2762 1709 2790 τὸν
1733 2765 1860 2798 ἀρχιερέα

1083 2808 1209 2836 Συνάδωῖρ
1256 2809 1442 2837 Πανταλέοντα
1479 2811 1697 2847 μετεκαλέσατο,
1727 2811 1862 2847 εμπειρον

285 2897 340 2932 (δέ)
361 2896 378 2924 F
395 2897 535 2926 Nicolaum
561 2898 698 2933 appellat,
717 2899 796 2933 cujus
818 2906 917 2926 nomen
937 2899 984 2927 alii
998 2899 1089 2928 silent.
