4070 6418
400 380 499 439 56'!
1668 384 2083 445 MICHAELIS
2122 384 2380 446 GLYCE
3521 389 3631 451 εδδ

400 492 667 545 atltersus
682 490 976 547 Cretenses
995 492 1300 551 Saracenos
1328 512 1452 552 cum
1478 497 1651 567 copiis
1675 498 1967 569 ablegavit.

2194 497 2300 550 τῶν
2348 499 2407 551 ὲν
2466 499 2659 571 Κρήτῃ
2716 500 3049 570 Σαρακηνῶν
3101 497 3418 565 ἐκπέμπει⁸
3450 500 3542 552 καὶ
3577 502 3633 565 ὃς

398 582 740 641 Nicephorus
763 584 949 640 multis
972 586 1138 642 rebus
1162 588 1439 650 indicatis,
1464 588 1720 658 pluribus
1740 590 1968 645 consilio

2095 589 2241 644 πολλὰ
2279 590 2378 661 μὲν
2431 590 2603 644 εἰπὼν
2650 590 2822 646 πλείω
2877 592 2933 646 δὲ
2980 592 3367 662 οἰκονομήσας.
3415 592 3509 644 καὶ
3539 593 3635 664 τὴν

396 688 500 728 suo
528 674 945 738 administratis,
980 693 1104 733 cum
1153 690 1520 751 expugnatam
1569 682 1801 737 insulam
1848 691 1973 736 tan-

2095 684 2231 751 iam:
2280 684 2450 753 αὐτὴν
2485 683 2792 752 πολιορκῶν
2844 685 2940 737 καὶ
2996 685 3077 746 είς
3122 685 3309 754 χεῖρας
3350 680 3457 753 ἢδη
3500 685 3637 754 ἔχων

399 772 512 817 tum
559 780 668 819 non
720 767 835 821 suis
871 767 925 821 in
963 769 1218 825 manibus
1251 770 1503 837 haberet,
1544 773 1776 828 ulterius
1816 774 1868 828 in
1905 787 1970 829 ea

2103 775 2295 843 μελλεν
2328 774 2394 828 ἂν
2432 774 2526 828 ἐπὶ
2582 774 2745 829 πλέον
2770 776 2944 843 αὐτὴν
2972 773 3388 827 καταδουλῶσαι
3433 790 3494 826 τε
3542 775 3637 828 καὶ

397 855 696 923 subigenda
730 857 1120 930 domandaque
1153 877 1553 932 progressurus
1597 875 1738 921 erat.
1769 866 1971 922 Verum

395 948 540 1016 quod
576 948 856 1005 obtineret
888 951 1029 1005 fama
1072 952 1325 1009 futurum
1377 963 1438 1010 ut
1476 956 1640 1011 homo
1670 958 1999 1025 Romanus,’

395 1044 491 1111 qttl
523 1057 642 1096 eam
677 1054 1028 1115 occupasset,
1074 1048 1216 1103 haud
1256 1048 1429 1107 dubie
1466 1048 1838 1107 Romanorum
1872 1054 1972 1108 im-

397 1135 551 1200 perio
587 1136 879 1205 potiretur,
913 1140 1100 1193 statim
1128 1143 1489 1212 occupatione
1516 1145 1710 1200 insulae
1734 1148 1970 1217 cognita,

394 1225 636 1297 .losepbo
670 1240 927 1286 monente
964 1233 1112 1288 misit
1141 1234 1442 1304 imperator
1471 1238 1565 1307 qui
1605 1239 1975 1307 Nicephorum

400 1318 533 1372 inde
584 1332 933 1377 revocarent.
968 1324 1124 1380 Tunc
1168 1333 1227 1382 et
1272 1326 1385 1383 Leo
1413 1328 1648 1395 Phocas,
1682 1331 1978 1401 Nicephori

398 1406 594 1472 frater,
642 1404 712 1462 ah
753 1410 1091 1482 imperatore
1123 1429 1316 1470 versus
1366 1419 1638 1474 orientem
1694 1420 1980 1492 ablegatus

397 1506 502 1551 est.
542 1499 587 1555 ls
630 1508 781 1556 tanto
820 1518 943 1557 cum
984 1504 1188 1577 impetu
1217 1504 1519 1564 Saracenos
1554 1511 1754 1565 invasit
1779 1527 1843 1566 ac
1882 1527 1979 1567 ve-

399 1591 570 1655 xavit,
605 1602 826 1664 tamque
860 1597 1122 1664 praeclara
1156 1598 1210 1652 in
1236 1598 1388 1668 ipsus
1420 1600 1665 1656 facinora
1697 1603 1893 1667 edidit.
1923 1611 1984 1660 ut
2024 1646 2027 1649 -

404 1698 473 1737 ne
530 1685 711 1740 verbis
758 1687 981 1755 quidem
1016 1705 1081 1743 ea
1130 1691 1264 1746 Satis
1306 1694 1503 1762 exponi
1553 1693 1804 1763 possint;
1857 1713 1983 1751 nam

401 1774 670 1829 orientem
703 1791 875 1847 prope
918 1781 1236 1835 universum
1281 1781 1337 1835 in
1384 1793 1715 1852 potestatem
1750 1787 1979 1856 redegit.

404 1869 749 1938 Quapropter
781 1872 1085 1941 imperator
1124 1874 1403 1931 hominem
1441 1876 1702 1950 deinceps
1746 1881 1984 1936 redeun-

402 1971 509 2014 tem
551 1976 594 2031 s;
617 1962 837 2021 lendido
862 1980 986 2022 cum
1017 1967 1297 2038 triumpho
1321 1972 1556 2041 excepit.

444 2050 576 2109 'Per
602 2054 744 2111 idem
789 2065 1004 2129 tempus
1037 2061 1120 2114 vir
1150 2061 1370 2130 quidam
1414 2064 1628 2118 exstitit
1677 2064 1984 2122 Pbiloratus

400 2147 642 2213 nomine,
680 2152 913 2219 stipator
961 2153 1194 2209 Romani
1228 2154 1447 2211 Muselis
1490 2156 1756 2227 magistri,
1792 2173 1821 2213 a
1850 2159 1972 2212 Ras

404 2255 572 2294 mano
600 2241 823 2298 seniore
856 2245 1132 2315 prognati.
1167 2244 1218 2301 ls
1243 2256 1398 2302 veste
1432 2248 1673 2319 stragula
1700 2249 1752 2303 in
1777 2266 1980 2321 equum

403 2331 817 2388 velocissimum
848 2334 1048 2405 injecta
1080 2345 1267 2391 rectus
1308 2337 1361 2391 in
1388 2352 1452 2392 ea
1480 2338 1682 2403 stabat,
1718 2354 1862 2410 equo
1900 2341 1986 2396 in-

408 2425 569 2478 terim
632 2425 762 2479 totis
804 2427 1020 2482 viribus
1065 2417 1363 2492 currente,
1416 2438 1584 2500 atque
1638 2431 1711 2485 ita
1761 2430 1986 2487 Circum

405 2525 715 2586 equestrem
748 2533 965 2574 sursum
992 2519 1362 2592 deorsumque
1384 2523 1596 2578 obibat.
1627 2523 1783 2581 Tunc
1808 2534 1865 2580 et
1894 2541 1987 2595 pe-

404 2608 507 2663 stis
538 2608 628 2662 illa
661 2608 728 2665 de
765 2610 979 2681 integro
1014 2611 1207 2668 szevire
1264 2613 1433 2683 erepit
1462 2629 1528 2670 ac
1566 2614 1733 2672 boves
1775 2616 1988 2672 exstin-

404 2715 598 2769 gnere,
626 2717 749 2771 qua:
773 2700 949 2759 Craba
985 2714 1359 2775 nuncupatur.
1392 2706 1524 2761 Eam
1560 2706 1854 2777 perhibent
1882 2709 1990 2763 ini-

406 2791 546 2846 tium
592 2791 853 2850 habuisse
882 2795 985 2850 sub
1014 2796 1249 2852 Romani
1285 2798 1526 2854 senioris
1550 2799 1813 2870 imperio.
1848 2798 1987 2855 Cum

403 2883 556 2938 enim
610 2884 859 2953 proxime
901 2886 1037 2942 Boni
1081 2887 1377 2943 cisternam
1412 2888 1696 2945 Romanus
1723 2890 1986 2960 palatium

406 2976 691 3041 conderet,
731 2978 785 3032 in
818 2994 928 3049 quo
964 2994 1022 3034 se
1054 2979 1125 3036 ab
1154 2981 1352 3038 ardore
1379 2983 1513 3038 solis
1542 2984 1732 3037 aestivo
1766 2984 1989 3056 refrige-

412 3077 581 3131 raret,
612 3068 743 3125 dum
772 3069 1128 3127 fundamenta
1154 3074 1460 3145 iaciuntur,
1508 3075 1769 3131 ell‘ossum
1804 3076 1989 3133 ferunt

2070 866 2609 943 καταχειρὼσασϐαι.
2644 868 2840 937 Φήμης
2882 867 2940 920 δὲ
2986 865 3298 938 κρατούσης
3337 866 3419 919 ὅτι
3464 865 3495 921 6
3539 884 3638 920 κα-

2074 957 2296 1027 τασχὼν
2349 958 2518 1028 αὐτὴν
2567 958 2836 1029 Ῥωμαῖος
2897 960 2956 1025 ἐξ
3029 960 3279 1028 ἀνάγκης
3333 957 3639 1030 βασιλεύσει

2084 1048 2403 1120 Ῥωμαίων,
2446 1049 2564 1120 ἅμα
2594 1050 2672 1120 τῷ
2707 1050 3019 1121 γνωσθῆναι
3070 1050 3170 1120 τὴν
3208 1051 3306 1118 τῆς
3353 1052 3520 1121 νήσου
3546 1069 3643 1104 κα-

2073 1142 2354 1211 τάσχεσιν,
2397 1145 2519 1205 ταῖς
2562 1141 2659 1195 τοῦ
2697 1142 2895 1212 Ἰωσὴφ
2929 1141 3229 1211 ὑποθήκαις
3260 1142 3587 1206 ἀποστείλας
3615 1143 3643 1196 6

2088 1232 2364 1303 Ῥωμανδς
2431 1233 2522 1288 τδν
2574 1234 2890 1306 Νικηφόρον
2945 1233 3155 1286 ἐκεῖθεν
3224 1234 3641 1303 μετεκαλέσατο.

2078 1324 2394 1394 Τηνικαῦτα
2450 1328 2553 1381 καὶ
2608 1327 2814 1380 Λέοντα
2843 1328 3037 1380 Φωκᾶν
3067 1327 3159 1380 τὸν
3204 1326 3299 1379 τοῦ
3328 1326 3642 1396 Νικηφόρον

2079 1418 2308 1488 ἀδελφὸν
2352 1416 2736 1482 ἐξαπέστειλεν
2785 1418 2866 1480 είς
2908 1417 3198 1488 ἀνατολὴν,
3237 1418 3331 1470 καὶ
3359 1416 3420 1478 ὃς
3453 1414 3647 1470 τοσαύ-

2081 1526 2181 1580 την
2230 1509 2584 1581 καταδρομὴν
2648 1509 2947 1579 ἐποιήσατο
2999 1509 3109 1563 τῶν
3167 1508 3501 1579 Σαρακηνῶν
3553 1509 3648 1563 καὶ

2081 1602 2351 1665 τοσαύτας
2385 1602 2666 1673 ἀριστείας
2714 1601 2830 1654 κατ’
2862 1602 3084 1655 ἐκείνων
3122 1600 3352 1671 εστησεν
3391 1601 3466 1664 ὡς
3515 1599 3648 1670 μηδὲ

2084 1693 2227 1762 λόγῳ
2268 1693 2530 1749 δύνασθαι
2582 1694 2785 1757 ταύτας
2835 1692 3114 1748 διαλαϐεῖν
3138 1704 3155 1722 ⁸
3203 1694 3384 1747 πᾶσαν
3417 1692 3524 1763 γὰρ
3553 1686 3650 1763 τὴν

2088 1786 2353 1856 ἀνατολὴν
2382 1785 2570 1857 σχεδον
2594 1784 2948 1857 ἐχειρώσατο.
2978 1786 3095 1855 Ἐφ’
3117 1781 3162 1857 ᾧ
3179 1786 3272 1840 καὶ
3296 1785 3435 1856 μετὰ
3455 1785 3654 1857 θριάμο

2091 1876 2189 1930 6ου
2219 1877 2475 1949 λαμπροῦ
2504 1880 2532 1932 6
2566 1878 2823 1949 βασιλεὺς
2868 1879 3033 1933 αὑτὸν
3073 1877 3420 1949 ὑποδέχεται.

2160 2057 2316 2112 Κατὰ
2357 2057 2561 2120 ταύτας
2599 2058 2656 2111 δὲ
2708 2058 2811 2121 τὰς
2866 2057 3084 2129 ἡμέρας
3130 2057 3272 2128 ἀνήρ
3302 2073 3384 2121 τις
3413 2057 3653 2128 ἀνεςάνη

2085 2150 2385 2220 Φιλώραιος
2439 2151 2769 2220 καλούμενος
2795 2190 2812 2217 ,
2873 2149 3221 2222 ὑπασπιστὴς
3258 2149 3335 2204 ὢν
3376 2151 3654 2220 Ῥωμανοῦ

2091 2245 2392 2316 μαγίστρου
2427 2243 2520 2298 τοῦ
2552 2245 2788 2314 Μωσηλὲ
2842 2244 2937 2297 τοῦ
2974 2236 3221 2312 ἐγγόνου
3252 2242 3536 2313 Ῥωμαινοῦ
3565 2243 3656 2295 τοῦ

2088 2338 2375 2408 γέροντος.
2404 2331 2576 2400 Οὗτος
2623 2337 2832 2392 ἄνωθεν
2865 2338 3036 2390 ἵππου
3089 2336 3371 2391 ὠκυτάτου
3428 2337 3519 2388 ἐπὶ
3561 2336 3659 2401 τῆς

2087 2430 2401 2501 ὲερεστρίδος
2441 2431 2725 2500 ἱστάμενος
2766 2429 2977 2498 ὄρθιος,
3011 2428 3103 2482 τοῦ
3154 2429 3326 2482 ἵππου
3377 2428 3659 2498 τρέχοντος

2088 2522 2215 2575 ὅσον
2245 2520 2501 2592 ἠδύνατο,
2543 2521 2689 2574 κατὰ
2718 2521 2817 2590 τὴν
2861 2520 3228 2591 ἱπποδρομίαν
3253 2521 3364 2575 ἄνω
3393 2520 3487 2571 καὶ
3512 2519 3662 2572 κάτω

2088 2611 2334 2682 ἐφέρετο.
2368 2611 2504 2664 Τότε
2533 2610 2620 2681 δὴ,
2653 2612 2774 2664 τότε
2803 2612 2897 2665 καὶ
2929 2611 2989 2664 τὸ
3021 2610 3269 2679 λοιμικὸν
3293 2610 3526 2662 ἐπέδωκε
3561 2610 3663 2660 πά-

2089 2703 2203 2769 Οος,
2256 2704 2411 2757 ἐπιόν
2441 2720 2503 2756 τε
2556 2703 2715 2765 αὖθις
2767 2702 2862 2757 καὶ
2903 2702 3221 2771 διαφθεῖρον
3274 2701 3400 2765 τοίς
3455 2698 3604 2770 βόας·
3635 2701 3662 2753 ζ

2087 2795 2279 2868 Κράὸα
2303 2796 2754 2866 κατονομάζεται.
2787 2795 2923 2848 Φασὶ
2948 2794 3006 2847 δὲ
3035 2794 3133 2866 τὴν
3166 2795 3340 2865 ἀρχὴν
3364 2790 3524 2847 τοῦτο
3566 2793 3663 2847 λα-

2090 2890 2207 2942 δεῖν
2246 2888 2341 2941 ἐπὶ
2404 2887 2514 2941 τῶν
2578 2886 2808 2957 ἡμερῶν
2871 2887 3151 2956 Ῥωμανοῦ
3214 2885 3308 2938 τοῦ
3382 2885 3659 2955 γέροντος.

2094 2981 2364 3049 Ἔγγιστα
2381 2982 2491 3050 γὰρ
2522 2979 2623 3049 τῆς
2646 2978 2809 3032 Βόνου
2834 2978 3156 3048 κινστέρνης
3174 2976 3452 3048 ἀναψυχὴν
3478 2976 3660 3046 ἑαυτῷ

2092 3075 2189 3143 τῆς
2216 3071 2434 3144 θερινῆς
2469 3071 2679 3141 θέρμης
2708 3069 2973 3124 παλάτιον
3001 3068 3095 3122 τοῦ
3139 3067 3421 3139 Ῥωμανοΰ
3450 3067 3661 3137 ἀναγεῖ-

410 3159 569 3214 bovis
600 3164 895 3218 marmorei
924 3172 1108 3233 caput,
1131 3165 1279 3236 quod
1307 3166 1343 3220 ii
1366 3167 1461 3236 qui
1491 3176 1833 3237 repererant,
1861 3183 1993 3224 con-

2101 3182 2312 3236 ραντος,
2356 3166 2451 3217 καὶ
2496 3162 2614 3216 τῶν
2670 3161 2941 3232 Θεμελίων
2991 3161 3510 3230 καταϐαλλομένων,
3547 3162 3659 3233 βοξς

414 3251 651 3305 fraetum
681 3255 1042 3325 attritumque
1077 3257 1365 3312 calcariam
1407 3259 1463 3313 in
1494 3258 1774 3315 fornacem
1797 3260 1992 3331 conje-

412 3344 612 3399 cerint.
650 3344 725 3400 Ex
765 3361 832 3401 eo
862 3356 1106 3418 tempore
1142 3349 1196 3403 in
1248 3351 1397 3407 hunc
1446 3367 1620 3422 usque
1651 3353 1794 3408 diem
1826 3354 1996 3423 pestis

414 3450 660 3494 armenta
699 3441 864 3495 boum
898 3458 998 3512 per
1024 3444 1312 3500 universos
1344 3443 1559 3516 imperii
1591 3444 1826 3500 Romani
1858 3445 1996 3502 ﬁnes

418 3532 681 3590 infestare
715 3542 997 3607 nunquam
1027 3536 1213 3592 desiit.

482 3807 827 3879 Nicephorus
848 3819 1030 3865 autem
1064 3809 1300 3878 Phocas,
1333 3811 1414 3868 uti
1447 3812 1704 3881 diximus,
1733 3814 1815 3871 sic
1835 3815 1997 3871 Creta

408 3901 596 3973 jussus
633 3913 718 3958 est
754 3902 1042 3971 decedere,
1085 3912 1147 3959 ut
1177 3904 1306 3961 inde
1354 3907 1423 3983 ad
1456 3907 1868 3977 imperatoriam
1906 3924 1999 3963 ur-

414 4001 544 4052 bem
580 3995 848 4050 redeundi
881 4006 1124 4066 potestas
1146 3999 1196 4054 ei
1232 4016 1338 4056 non
1360 4001 1535 4066 ﬁeret,
1560 4003 1654 4058 sed
1678 4003 1995 4058 mandatum

413 4097 497 4138 est
528 4094 592 4139 ut
631 4078 758 4139 cum
791 4086 1052 4143 omnibus
1083 4089 1260 4159 copiis
1302 4090 1357 4145 in
1398 4091 1671 4147 orientem
1721 4093 2000 4163 trajiceret

414 4187 643 4248 propter
669 4177 1084 4249 Apoehaudam,
1130 4182 1225 4253 qui
1258 4195 1434 4239 semet
1477 4184 1546 4246 ab
1575 4194 1798 4255 accepta
1843 4182 2000 4241 elude

417 4270 592 4338 magis
618 4284 680 4324 ac
724 4270 896 4340 magis
936 4273 1306 4345 recolligebat.
1337 4272 1526 4346 Itaque
1555 4275 1770 4331 Pbocas
1796 4282 1999 4331 lterum

415 4360 577 4431 305
612 4361 823 4433 Syriam
860 4379 1057 4420 versus
1100 4365 1285 4434 ductis
1328 4368 1528 4438 eoi-iis,
1560 4367 1771 4437 ingenti
1819 4375 2000 4437 strage

2098 3275 2263 3327 φασιν
2289 3255 2584 3328 εὑρεθῆναι
2617 3254 2966 3326 μαρμαρίνου
3020 3254 3286 3323 κεφαλὴν,
3316 3253 3387 3325 ἠν
3418 3254 3661 3324 εὑρόντες

2098 3351 2196 3403 καὶ
2226 3347 2621 3417 συντρίψαντες
2651 3347 2732 3411 είς
2768 3346 2868 3417 τὴν
2896 3346 2992 3399 τοῦ
3027 3345 3243 3398 τιτάνου
3279 3345 3508 3414 κάμινον
3539 3344 3670 3414 βάλο

2097 3440 2300 3492 λουσιν.
2338 3436 2427 3504 Ἐξ
2473 3435 2686 3489 ἐκείνου
2718 3436 2776 3488 δὲ
2818 3436 2912 3490 καὶ
2953 3435 3120 3506 μέχρι
3149 3434 3260 3489 τῶν
3306 3434 3434 3505 τῇδε
3462 3433 3673 3504 χρόνων

2097 3531 2199 3585 οὐκ
2236 3529 2517 3583 ἐπαύσατο
2574 3526 2853 3598 πανταχοῦ
2909 3527 3008 3590 τῆς
3068 3525 3195 3596 γῆς,
3230 3525 3507 3597 ὁπόσηνὴ
3561 3526 3674 3577 τῶν

2110 3621 2397 3688 Ῥωμαίων
2428 3619 2676 3691 περιέχει
2698 3616 3010 3685 δυναστεία,
3035 3617 3107 3671 τὰ
3128 3618 3238 3671 τῶν
3264 3616 3403 3689 βοῶν
3428 3615 3679 3685 διαφθεῖ-

2102 3715 2291 3788 ρεσθαι
2333 3714 2488 3783 γένη.

2179 3806 2242 3862 Ὁ
2272 3807 2458 3877 μέντοι
2490 3806 2687 3866 Φῶκας
2737 3802 3054 3872 Νικηφόρος
3078 3841 3095 3866 ,
3125 3801 3202 3866 ὡς
3251 3801 3559 3872 ἔμπροσθεν
3588 3800 3674 3852 εἵ-

2104 3918 2292 3974 ρηται,
2330 3898 2700 3971 προσταχθεὶς
2721 3897 2831 3951 ἀπὸ
2859 3896 3085 3967 Κρήτης
3114 3895 3433 3948 ἐπανελθεῖν
3451 3895 3513 3949 ού
3543 3911 3639 3947 συν
3664 3925 3676 3933 -

2100 3993 2363 4067 εχωρήθη
2403 3993 2539 4061 πρός
2572 4006 2637 4059 γε
2670 3990 2770 4061 τὴν
2799 3987 3197 4060 βασιλεύουσαν
3237 3987 3527 4050 εἰσελθεῖν,
3557 3986 3676 4040 ἀλλ’

2084 4092 2158 4145 Ἐν
2183 4091 2250 4161 τῇ
2284 4086 2520 4156 ἀνατολῇ
2552 4083 2852 4156 ἐκελεύσθη
2895 4079 3309 4151 παραγενέσθαι
3346 4080 3489 4149 μετὰ
3536 4092 3676 4132 πανο

2100 4189 2191 4251 τὸς
2246 4184 2342 4240 τοῦ
2388 4183 2625 4255 στρατοῦ
2696 4182 2786 4236 διὰ
2826 4180 2917 4234 τὸν
2967 4177 3307 4248 ’Δποχανδᾶν
3355 4177 3453 4230 καὶ
3478 4175 3679 4246 μᾶλλον

2100 4278 2202 4348 τὴν
2256 4275 2453 4331 ἑαυτοῦ
2515 4271 2687 4348 ἧτταν
2716 4272 2922 4343 ’ὥσπερ
2980 4268 3449 4338 ἀνακαλούμενον.
3507 4266 3678 4322 Πάλιν

2102 4364 2198 4423 οὖν
2231 4367 2374 4422 κατὰ
2402 4366 2603 4437 Συρίας
2633 4363 2886 4435 ὁρμήσας
2915 4360 2944 4412 6
2972 4359 3166 4416 Φωκᾶς
3204 4358 3347 4411 κατὰ
3375 4357 3580 4428 κράτος
3614 4370 3677 4406 τε

415 4458 617 4509 allectu
644 4476 672 4508 ιι
704 4455 1098 4525 Apochaudam
1130 4463 1435 4530 superavit,
1474 4474 1839 4531 magnamque
1867 4474 1993 4529 pne-

2105 4461 2270 4517 αὐτὸν
2294 4461 2499 4533 ἡττησε
2519 4501 2533 4524 ,
2565 4458 2662 4513 καὶ⁸
2693 4458 2850 4510 λείαν
2904 4453 3109 4525 πολλὴν
3156 4452 3372 4506 ἐκεῖθεν
3404 4451 3678 4519 ἀφείλετο,

419 4547 545 4602 dam
579 4564 766 4603 secum
809 4549 940 4606 inde
971 4543 1222 4619 abstulit,
1251 4552 1506 4623 plurimis
1538 4553 1703 4608 etiam
1732 4551 2001 4608 Christia-

421 4641 531 4705 nis,
567 4643 661 4710 qui
690 4634 892 4712 captivi
929 4644 1338 4711 detinebantur,
1367 4644 1638 4701 liberatis.

490 4734 807 4790 Secundum
857 4735 973 4791 [uec
1019 4737 1302 4792 Romanus
1336 4738 1638 4807 imperator
1667 4746 1879 4793 natura
1909 4722 2005 4793 de-

420 4823 602 4878 bitum
631 4825 926 4895 persolvit,
967 4842 1144 4882 annos
1175 4828 1247 4883 24
1293 4837 1479 4884 natus.
1520 4826 1922 4883 Successerunt
1950 4826 2003 4882 in

420 4916 655 4985 imperio
683 4918 924 4975 Basilius
961 4927 1018 4973 et
1063 4918 1464 4983 Constantinus
1488 4918 1730 4978 Romani
1777 4918 1923 4984 lilii,
1951 4926 2009 4978 et

422 5023 549 5062 eum
612 5018 805 5066 matre.
841 5009 1267 5081 Theophanone
1306 5010 1556 5082 quinque
1612 5012 2006 5082 propemodum

427 5101 710 5157 mensibus
727 5118 795 5159 eo
830 5102 989 5173 potiti
1019 5110 1171 5156 sunt.
1197 5103 1410 5159 Pbocas
1436 5111 1623 5158 autem
1644 5105 2009 5175 imperatricis

426 5197 585 5266 jussu
610 5186 823 5267 cpolim
854 5197 960 5251 hoc
984 5205 1229 5264 tempore
1260 5195 1541 5265 ingressus
1559 5206 1662 5262 est,
1692 5212 2006 5268 quanquam

429 5287 724 5357 Josepbus,
769 5287 864 5358 qui
916 5286 1221 5356 principem
1270 5288 1413 5357 apud
1446 5288 1804 5356 imperatores
1829 5289 2008 5357 locum

435 5380 740 5444 obtinebat,
773 5378 931 5433 ne'id
970 5377 1129 5431 ﬂeret
1152 5377 1313 5434 enixe
1336 5381 1577 5435 vetabat.
1598 5380 1658 5436 In
1691 5377 1882 5437 urbem
1914 5380 2009 5437 ubi

428 5475 695 5536 venisset,
721 5471 788 5525 ad
816 5470 1121 5541 Josephum
1142 5486 1200 5527 se
1227 5471 1539 5529 clanculum
1570 5473 1810 5538 confert,
1843 5476 2009 5545 eique

435 5575 644 5620 vt-stcm
679 5581 745 5616 ex
792 5563 919 5633 pilis
966 5573 1306 5628 contextam,
1338 5581 1445 5636 qua
1499 5566 1736 5623 interius
1784 5567 2011 5624 indutus

432 5666 577 5719 erat,
603 5656 870 5723 ostendit;
904 5656 1181 5727 simulque
1213 5657 1378 5737 fidem
1402 5658 1454 5714 ei
1479 5667 1687 5715 certam
1711 5658 1841 5715 facit
1867 5660 2012 5731 jam-

441 5746 649 5802 dudum
682 5764 745 5805 se
780 5750 940 5805 fauces
979 5760 1034 5806 et
1070 5751 1401 5821 quisquilias
1434 5751 1599 5823 hujus
1626 5752 1754 5806 vitae
1786 5752 2011 5808 relictu-

448 5851 568 5889 rum
604 5837 770 5898 fuisse
807 5852 1031 5912 propter
1059 5857 1302 5896 amorem
1330 5843 1593 5899 solitariae
1628 5842 1774 5907 vitm,
1810 5842 1863 5895 ni
1896 5851 2013 5896 stu-

2025 4512 2080 4575 D

2104 4555 2199 4610 καὶ
2236 4553 2346 4608 τῶν
2392 4551 2755 4624 αἰχμαλώτων
2788 4540 3147 4621 ’ἠλευθέρωσε
3205 4544 3549 4617 Χριστιανῶν
3596 4543 3681 4597 ὅτι

2082 4642 2087 4647 ’
2106 4645 2357 4711 πολλούς.
2532 4636 2539 4643 ’
2938 4634 2941 4637 ’

2144 4746 2147 4747 ⁷
2187 4738 2314 4794 Ἐπὶ
2346 4736 2561 4801 τούτοις
2584 4736 2621 4791 ‘6
2652 4732 2907 4806 βασιλεὺς
2936 4731 3164 4801 τελευτᾷ
3207 4728 3515 4795 Ῥωμανδς,
3545 4724 3684 4778 ἐτῶν

2105 4830 2209 4898 κδ’,
2239 4829 2336 4884 καὶ
2362 4824 2705 4897 διαδέχονται
2738 4823 2839 4895 τὴν
2884 4821 3051 4877 αὐτοῦ
3085 4819 3368 4892 βασιλείαν
3402 4816 3685 4876 Βασίλειος

2076 4925 2203 4991 ,καὶ
2226 4922 2645 4987 Κωνσταντῖνος
2678 4918 2728 4972 oi
2761 4918 2950 4994 παῖδες
2983 4908 3148 4971 αὐτοῦ
3185 4911 3283 4969 σὺν
3317 4909 3587 4978 Θεοφανοῖ
3614 4909 3683 4977 τῇ

2109 5012 2283 5086 μητρὶ
2329 5010 2536 5076 αὐτῶν,
2569 5011 2668 5065 καὶ
2699 5007 3000 5078 κρατοῦσιν
3037 5005 3176 5061 ὡσεὶ
3210 5004 3389 5077 μῆνας
3413 5001 3476 5057 ε’.
3519 5000 3579 5054 ’0
3629 5000 3690 5054 δὲ

2107 5107 2305 5169 Φωκᾶς
2359 5104 2675 5175 εῖσέρχεται
2708 5105 2773 5156 ὲν
2822 5095 3394 5157 Κωνσταντινουπόλει
3439 5092 3692 5148 κελεύσει

2109 5197 2212 5267 τῆς
2242 5194 2594 5267 βασιλίσσης,
2630 5193 2681 5248 si
2710 5193 2804 5246 atat
2828 5193 2898 5246 τὰ
2934 5189 3162 5245 τοιαῦτα
3184 5186 3411 5242 κωλύων
3442 5181 3510 5257 ἦν
3549 5186 3577 5237 6
3619 5184 3694 5237 τὰ

2113 5288 2308 5361 πρῶτα
2338 5286 2646 5356 τηνικαῦτα
2691 5284 2846 5355 παρὰ
2874 5288 2989 5348 τοῖς
3032 5281 3299 5353 κρατοῦσι
3353 5281 3537 5350 φέρων
3583 5274 3695 5330 Ἰω-

2114 5377 2248 5444 σήφ.
2310 5372 2511 5437 Δεδιὼς
2565 5372 2677 5427 οῖιν⁵
2724 5373 2819 5426 ἐπὶ
2863 5371 3077 5433 τούτοις
3108 5371 3137 5423 6
3168 5369 3361 5432 Φωκίς
3385 5368 3691 5438 εἰσέρχεται

2112 5468 2290 5538 λάθρα
2342 5466 2481 5540 πρὸς
2530 5466 2624 5520 τὸν
2664 5464 2885 5537 Ἰωσὴφ,
2946 5462 3044 5529 καὶ
3088 5461 3328 5516 δεικνύει
3377 5460 3526 5550 αὐτῷ
3553 5458 3692 5526 ὅπερ

2096 5546 2267 5627 ~sint»;
2310 5562 2589 5616 ἐνεδέδυτο
2649 5559 2927 5639 τρίχινον,
2972 5556 3337 5632 πληροφορῶν
3377 5546 3563 5616 αὐτὸν,
3595 5551 3694 5605 καὶ

2113 5656 2294 5724 λέγων
2312 5655 2396 5717 ὡς
2434 5653 2604 5708 πάλαι
2633 5652 2702 5707 ἂν
2727 5652 2926 5719 ἐξέστη
2953 5651 3066 5704 τῶν
3096 5648 3369 5721 βιωτικῶν
3410 5644 3693 5714 συρφετῶν

2116 5749 2183 5803 δι’
2224 5750 2403 5821 ἔρωτα
2455 5746 2772 5818 μοναχικὶιν,
2800 5745 2851 5797 εί
2899 5746 2973 5817 μή
3006 5758 3069 5778 ν’
3095 5742 3156 5796 τὸ
3206 5741 3312 5796 τῶν
3344 5739 3687 5810 κρατούντων

2121 5841 2342 5912 φίλτρον
2397 5840 2723 5912 συνεκράτει
2765 5838 2926 5893 αὐτόν
2993 5837 3185 5891 ιοῦτον
3232 5831 3327 5889 οὖν
3373 5834 3400 5884 6
3435 5831 3683 5904 Βρύγγας

2388 6118 2419 6154 Ι
