4070 6414
395 335 497 394 ἷς69

1617 325 2014 386 ANNALIUM
2061 325 2252 383 PARS
2289 322 2395 384 ιν.

3521 321 3629 383 57έῖ

399 451 519 500 ἱὸὡν
580 445 763 516 Ima-i129
813 447 998 500 πίπτει
1046 445 1195 516 παρὰ
1235 443 1360 508 τοὺς
1391 443 1556 506 πόδας
1584 441 1752 496 αὑτοῦ
1786 443 1963 511 λέγων

2087 440 2215 496 lium
2239 454 2368 508 erga
2407 440 2771 510 imperatores
2805 438 2908 494 sibi
2944 437 3014 494 ab
3042 438 3147 494 hoc
3180 438 3433 494 instituto
3471 456 3634 494 revo-

392 538 466 600 ὼς
497 537 598 589 οὐκ
631 537 696 591 ἄν
730 538 855 591 ποτε
891 537 1202 592 πιστεύσειέ
1241 554 1348 590 τινι
1379 536 1500 590 κατ’
1530 535 1693 587 αὑτοῦ
1726 535 1957 603 λέγοντι.

401 629 644 696 ’ίίξεισιν
679 626 773 683 οὗν
817 633 1025 686 ἐκεῖθεν
1055 635 1082 687 6
1108 632 1327 696 Φωκᾶς.
1379 630 1491 683 Καὶ
1539 629 1843 697 τηνικαῦτα
1871 629 1964 682 τὸν

409 721 614 792 Ἰωσὴφ
649 725 953 793 μετάμελος
998 725 1253 794 ἔσχηκεν,
1295 724 1378 776 ὅτι
1425 711 1487 774 τδ
1538 721 1760 791 θήραμα
1813 722 1963 784 ἐντὸς

400 815 539 882 ἔχων
603 813 823 880 ἀρκύων
878 814 1149 869 ἀπώλεσε.
1194 815 1402 882 Γράφει
1458 813 1644 865 λοιπὸν
1701 814 1835 882 πρὸς
1872 812 1964 865 τὸν

402 906 708 974 Τζιελισχῆν
737 908 1008 975 Ἰωάννην,
1042 907 1344 976 στρατηγὸν
1375 905 1674 974 τηνικαῦτα
1705 906 1811 958 τῶν
1839 907 1966 958 ἀνα-

405 998 576 1066 τολῶν
631 999 980 1069 ὑπάρχοντα,
1030 1000 1199 1068 ἄνδρα
1254 998 1476 1068 θυμώδη
1505 999 1606 1068 καὶ
1641 998 1966 1068 δραστήριον

413 1093 503 1144 καὶ
534 1093 670 1160 μετὰ
697 1092 786 1144 τὸν
820 1094 1016 1145 Φωκᾶν
1066 1093 1124 1143 ὲν
1168 1093 1492 1160 στρατηγοῖς
1544 1091 1964 1159 ἐπισημότατον.

421 1182 648 1252 ὐμοίως
685 1183 738 1236 δὲ
773 1183 867 1236 καὶ
891 1186 1026 1252 πρὸς
1055 1182 1274 1252 ἐτέρους
1302 1179 1562 1252 ἔγραψεν,
1597 1180 1671 1241 ὡς
1705 1179 1822 1245 εἴγε
1853 1179 1968 1232 δια-

409 1277 708 1338 ναστάντες
765 1275 856 1326 τὸν
910 1275 1104 1326 Φωκᾶν
1161 1272 1560 1341 καθαιρήσουσι
1608 1271 1702 1345 καὶ
1740 1269 1968 1340 μοναχὸν

408 1366 783 1435 ἀποκείρουσι,
823 1364 915 1415 τὸν
949 1363 1048 1432 μὲν
1078 1364 1332 1430 Ἰωάννην
1361 1361 1678 1431 δομέστικον
1709 1360 1807 1428 τῆς
1835 1361 1970 1413 ἀναν

408 1457 592 1523 τολῆς,
648 1458 677 1509 6
729 1457 785 1508 δὲ
843 1452 1000 1518 αὖθίς
1045 1472 1164 1508 τινα
1215 1453 1574 1524 προῦαλεῖται
1613 1453 1712 1520 τῆς
1741 1450 1967 1513 δύσεως.

422 1549 582 1601 Ἀλλὰ
615 1550 816 1610 πάντες
847 1547 994 1601 οὗτοι
1024 1546 1286 1617 σχετικῶς
1332 1546 1546 1616 ἔχοντες
1587 1544 1722 1615 πρὸς
1755 1532 1971 1597 cev-Ni.-

410 1642 652 1710 κηφόρον
705 1640 1146 1694 ὑποδεικνύουσιν
1191 1637 1340 1708 αύτῷ
1390 1637 1460 1690 τὰ
1507 1639 1816 1706 γράμματα
1877 1635 1972 1689 καὶ

418 1732 763 1801 διεγερθῆναι
795 1733 930 1800 προς
963 1731 1137 1798 ἀλκὴν
1168 1727 1573 1781 ἀναπείθουσιν.
1613 1727 1837 1778 Ἔκτοτε
1865 1724 1973 1777 λοι-

2064 543 2189 588 cato
2218 533 2368 588 aliud
2408 533 2692 590 suasisset.
2733 533 2962 604 Bringas
2993 533 3121 602 (huc
3149 534 3392 603 Josepho
3427 549 3636 605 cogno-

2063 640 2189 680 men
2224 625 2362 696 erat)
2413 624 2510 680 ubi
2541 625 2912 694 Nicephorum
2944 625 3049 679 hoc
3078 625 3242 682 modo
3275 626 3529 684 indutum
3556 632 3636 685 vi-

2064 717 2256 783 disset,
2288 717 2353 771 ad
2381 717 2550 787 pedes
2577 717 2752 786 ipsius
2778 717 3101 786 provolutus
3131 732 3411 788 nunquam
3440 734 3496 775 se
3521 723 3643 776 cui-

2065 825 2230 879 quam
2258 809 2436 879 ipsum
2468 807 2761 864 accusandi
2794 809 2954 863 tidem
2990 809 3308 864 habiturum
3332 812 3487 866 dixit.
3527 813 3640 870 Hac

2068 899 2279 954 ratioae
2311 899 2494 954 salvus
2525 898 2652 952 inde
2695 896 2904 952 Phocas
2939 897 3220 967 digressus
3253 911 3373 964 est,
3404 917 3640 971 moxque

2066 991 2364 1060 Josephum
2393 990 2520 1044 facti
2556 992 2641 1044 sui
2689 990 2956 1058 pmnitere
2991 990 3181 1058 cepit,
3213 993 3360 1060 quod
3399 995 3638 1062 prmdam

2069 1081 2125 1136 in
2163 1082 2276 1152 ipsa
2308 1081 2542 1135 delatam
2597 1080 2736 1134 retia
2781 1089 2890 1134 tam
2942 1083 3284 1151 negligenter
3339 1084 3639 1139 amisisset.

2068 1171 2412 1242 Quapropter
2433 1171 2500 1226 ad
2527 1169 2794 1226 Joannem
2816 1170 3150 1227 Zimischem
3177 1173 3422 1229 Orientis
3445 1176 3641 1229 ducent

2071 1265 2124 1319 id
2159 1264 2442 1334 temporis,
2467 1263 2743 1318 hominem
2771 1263 3080 1318 animosum
3111 1279 3175 1319 ac
3197 1266 3366 1320 rebus
3387 1268 3643 1336 gerendis

2070 1359 2328 1414 idoneum
2356 1370 2588 1428 pOSIque
2612 1358 2850 1412 Phocam
2888 1358 3033 1411 inter
3065 1357 3234 1412 duces
3263 1371 3491 1413 caeteros
3521 1361 3645 1412 illu-

2071 1453 2400 1505 strissimum
2425 1489 2441 1514 ,
2475 1460 2531 1502 et
2578 1449 2644 1502 ad
2691 1448 2830 1503 alios
2876 1448 3062 1503 itidem
3101 1451 3420 1518 perscriptis
3449 1451 3649 1504 litteris

2071 1544 2316 1598 futurum
2348 1542 2550 1600 indicat
2579 1552 2637 1596 ut
2669 1542 2714 1596 si
2745 1541 3140 1597 discessiones
3166 1542 3477 1611 Nicephoro
3511 1543 3650 1597 facta

2074 1619 2196 1690 eum
2233 1637 2351 1691 loco
2398 1651 2498 1690 suo
2546 1635 2851 1703 dejicerent
2882 1633 3118 1704 vitaeque
3158 1635 3420 1688 solitaria:
3463 1651 3645 1688 rasum

2075 1728 2431 1792 addicerent,
2468 1727 2776 1782 Zimischcs
2810 1743 3009 1788 munus
3063 1728 3352 1782 domestici
3401 1727 3644 1783 Orientis

416 1825 515 1878 πον
548 1812 654 1876 ὑπὸ
689 1823 795 1876 τῶν
841 1825 938 1892 τῆς
968 1821 1232 1890 ἀνατολῆς
1264 1819 1692 1890 στρατευμάτων
1719 1818 1973 1871 ἁπάντων

2087 1819 2378 1888 acciperet,
2405 1834 2679 1888 quemque
2715 1818 2879 1874 vellet
2917 1818 3055 1887 ipse,
3087 1817 3448 1873 domesticum
3488 1818 3651 1874 Occi-

415 1917 946 1987 παρακεκινημένων
976 1915 1081 1970 ὑπὸ
1121 1913 1213 1968 τοῦ
1246 1912 1518 1983 Τζιμισχῆ
1563 1909 1818 1980 βασιλεὺς
1850 1913 1980 1978 ὰναέ

415 2010 703 2080 γορεύεται
746 2010 774 2061 6
800 2007 1016 2073 Φωκᾶς,
1050 2005 1228 2077 ἔρωτα
1263 2005 1327 2075 δὴ
1362 2005 1456 2058 καὶ
1499 2003 1666 2057 πάλαι
1697 2004 1794 2072 τῆς
1826 2001 1980 2067 βασι-

415 2103 565 2165 λείας
620 2101 760 2172 ἔχων
825 2100 1058 2171 μάλιστα
1112 2099 1209 2169 τῆς
1284 2096 1601 2168 βασιλίσσης
1651 2091 1978 2162 Θεοφανοῦς.

422 2195 679 2263 Ἔρχεται
709 2190 804 2244 οὖν
830 2189 1003 2253 οὕτως
1031 2189 1172 2260 ἔχων
1202 2189 1338 2258 πρὸς
1383 2186 1752 2258 Χρυσόπολιν,
1792 2185 1979 2236 κάκεῖ-

420 2283 514 2335 θεν
536 2280 955 2351 διαπεραιοῦται
987 2281 1122 2348 πρὸς
1153 2279 1213 2331 τὸ
1236 2277 1528 2346 Ἔϐδομον,
1553 2275 1646 2328 καὶ
1679 2276 1816 2344 μετὰ
1849 2289 1983 2326 παν-

418 2377 509 2438 τὸς
538 2374 630 2427 τοῦ
663 2373 791 2426 λαοῦ
823 2373 910 2425 διὰ
956 2372 1054 2440 τῆς
1085 2370 1312 2440 Χρυσῆς
1347 2372 1556 2440 πόρτης
1590 2367 1727 2436 πρὸς
1762 2365 1857 2435 τὴν
1887 2366 1980 2417 ὲκ-

421 2465 650 2535 κ).ησίαν
680 2465 1011 2533 εἰσέρλεται,
1050 2462 1144 2514 καὶ
1197 2461 1349 2531 παρὰ
1385 2458 1480 2512 τοῦ
1535 2457 1872 2535 Πολυεύκτου
1906 2455 1983 2527 τῷ

423 2531 713 2628 διαδήματι
750 2531 1026 2625 στέφεται,
1053 2555 1146 2606 καὶ
1179 2555 1370 2623 κρατεῖ
1404 2552 1500 2620 ἐτη
1547 2557 1622 2614 ς’.
1656 2531 1767 2619 Τἦν
1800 2551 1982 2620 μέντοι

422 2647 680 2717 Θεοξανὼ
706 2647 897 2716 πρῶτα
932 2647 1029 2712 μὲν
1062 2644 1171 2697 τῶν
1197 2643 1493 2714 βασιλικῶν
1537 2643 1769 2706 κατάγει
1813 2642 1841 2693 6
1871 2643 1985 2694 Φω-

423 2746 522 2806 κᾶς
577 2745 670 2794 καὶ
717 2739 989 2812 ἐξόριστον
1022 2740 1259 2807 τίθησιν,
1291 2736 1481 2805 ὥσπερ
1505 2735 1568 2800 δὴ
1599 2736 1698 2787 καὶ
1739 2735 1831 2788 τὸν
1873 2735 1982 2788 Ἰω-

427 2832 554 2900 σὴφ,
588 2836 682 2884 τον
708 2831 766 2883 δὲ
805 2830 1017 2898 πατέρα
1051 2827 1216 2881 αὐτοῦ
1255 2825 1655 2895 προχειρίζεται
1706 2825 1982 2895 Καίσαρα.

431 2924 582 2976 Μετὰ
609 2923 665 2975 δὲ
694 2923 867 2974 ταῦτα
904 2922 964 2973 τὸ
998 2921 1343 2989 προσωπεῖον
1367 2919 1461 2970 καὶ
1492 2917 1589 2986 τὴν
1618 2921 1822 2987 σκηνὴν
1849 2920 1988 2970 ἁπο-

433 3016 678 3083 θέμενοςι
714 3015 908 3080 ἄγεται
975 3014 1204 3079 νόμιμον
1264 3009 1498 3077 γυναῖκα
1553 3009 1652 3076 τὴν
1703 3009 1985 3077 Θεοφανώ.

430 3107 558 3156 Τότε
589 3108 650 3174 δὴ
678 3104 771 3156 καὶ
813 3100 992 3171 κρεῶν
1019 3099 1382 3166 ἀπεγεύσατο,
1419 3097 1680 3167 πρότερον
1713 3097 1985 3165 ἀπεχόμε-

432 3214 520 3258 νος
551 3197 905 3264 κρεωδαισίας
928 3232 943 3258 ,
976 3192 1035 3257 ἐξ
1075 3194 1198 3245 ὅτου
1242 3189 1441 3257 Βάρδος
1475 3191 1501 3242 6
1537 3190 1600 3242 ἐκ
1652 3189 1750 3258 τῆς
1792 3189 1991 3260 προτέ-

439 3302 534 3352 ρας
586 3282 742 3336 αὑτοῦ
798 3282 1041 3351 γαμετῆς
1073 3280 1390 3350 ἀποτεχθεὶς
1441 3279 1576 3341 υἱὸς,
1623 3277 1992 3348 ἱππαζόμενος

437 3379 495 3427 ἐν
532 3377 606 3446 τῲ
636 3377 729 3429 πεδ
752 3394 796 3444 ῳ
833 3375 928 3428 καὶ
963 3374 1040 3441 τῷ
1087 3371 1270 3442 οἰκείῳ
1303 3372 1656 3440 προσπαίζων
1686 3372 1888 3439 ανεψιῴ
1917 3373 1992 3440 τῷ

436 3469 647 3539 Iliaden
677 3508 692 3532 ,
729 3471 866 3538 μετὰ
919 3468 1138 3534 δόρατος
1174 3463 1390 3533 βληθεὶς
1438 3464 1706 3525 ἀκουσίως
1740 3466 1990 3532 τέθνηκε.

430 3563 534 3616 ’1ὀῦ
567 3567 743 3632 γάμου
792 3561 848 3612 δὲ
893 3559 1238 3620 τελεσθέντος
1267 3563 1325 3609 εν
1364 3560 1432 3626 τῇ
1466 3561 1608 3610 κατὰ
1649 3556 1706 3608 τὸ
1736 3557 1994 3609 παλατιον

427 3673 523 3725 νεα
556 3653 845 3724 ἐκκλησίᾳ,
895 3652 1128 3719 ἐπείπερ
1160 3649 1384 3718 ἔμελλεν
1415 3649 1616 3710 εἷσοδο,
1662 3652 1718 3700 ἐν
1772 3650 1848 3717 τῷ
1899 3649 1994 3700 θυ-

430 3751 734 3816 σιαστηρίῳ
763 3745 1040 3811 γενέσθαι,
1091 3742 1188 3810 τῆς
1242 3742 1422 3812 χειρὸς
1475 3743 1721 3810 κατέχων
1770 3741 1930 3792 αὑτὸν
1965 3743 1992 3791 6

432 3837 788 3898 Πολύευκτος.
840 3836 936 3887 καὶ⁵
1006 3839 1124 3895 ταῖς
1177 3834 1346 3904 ἱεραῖς
1398 3833 1672 3901 ἐγκύρσας
1721 3833 1994 3901 κιγκλισιν

429 3932 626 3983 εἴσεισι
684 3930 781 3997 μὲν
832 3929 1038 3987 ἐκεῖνος
1105 3927 1181 3986 είς
1235 3930 1302 3977 τὰ
1363 3925 1553 3989 ἄδυτα,
1595 3927 1683 3975 τὸν
1715 3924 1770 3975 δὲ
1801 3925 1994 3975 Φωκᾶν

431 4024 654 4076 ὄπισθεν
689 4021 880 4084 ἐξωθεί
916 4017 1159 4070 ἐπειπὼν
1196 4019 1278 4070 ὅτι
1324 4018 1436 4069 Ούκ
1479 4017 1651 4079 ὲξεστί
1700 4033 1780 4068 σοι
1821 4018 1996 4068 εἰσελ-

432 4115 565 4177 θεῖν,
593 4117 640 4166 εἰ
669 4114 744 4183 μὴ
776 4116 1028 4180 ἐπιτίμια
1071 4111 1201 4182 δέξῃ
1232 4109 1784 4180 δευτερογαμοῦντος.
1824 4109 1996 4162 Διεδί-

431 4207 548 4258 δοτο
579 4207 633 4258 δὲ
671 4207 762 4258 καὶ
794 4206 946 4272 λόγος
981 4202 1316 4273 ἁπανταχοῦ,
1351 4203 1406 4264 ὃς
1462 4206 1523 4254 οὐ
1575 4202 1787 4273 μικρῶς
1819 4195 2024 4258 διετᾶ-.

433 4299 581 4368 ραξει
613 4298 711 4367 τὴν
745 4297 1091 4364 Ἐκκλησίαν,
1125 4297 1320 4366 ὅτιπερ
1351 4297 1378 4348 6
1409 4295 1720 4364 Νικηφόρος
1772 4299 1877 4348 ἀπὸ
1900 4296 1995 4348 τοῦ

433 4393 586 4459 ἁγίου
619 4392 994 4461 βαπτίσματος
1029 4389 1285 4457 ἁνάδοχος
1337 4389 1558 4455 ἐγένετο
1592 4390 1698 4440 τῶν
1741 4390 1838 4458 τῆς
1868 4389 1996 4441 Θεο-

2084 1910 2265 1966 dentis
2291 1911 2670 1965 constitueret.
2705 1911 2898 1964 Verum
2930 1910 2982 1963 lti
3012 1925 3204 1964 omnes
3228 1925 3356 1980 erga
3381 1909 3653 1979 Nicepho-

2085 2016 2206 2056 rum
2233 2001 2498 2056 benevole
2541 2000 2724 2056 at'fecti
2759 2001 2970 2056 litteras
3000 2003 3050 2056 ei
3100 1999 3322 2072 Joseplti
3368 2017 3653 2056 common-

2087 2101 2265 2148 strant
2295 2131 2313 2157 ,
2347 2102 2516 2163 utque
2539 2108 2597 2148 se
2627 2093 2693 2147 ad
2727 2093 3102 2148 defensionem
3131 2095 3313 2148 animo
3348 2094 3473 2148 forti
3507 2111 3655 2150 cum-

2085 2195 2244 2257 paret
2266 2185 2577 2240 hortantur.
2612 2185 2727 2240 Hoc
2767 2186 2928 2241 modo
2953 2202 3050 2256 per
3099 2186 3339 2241 Orientis
3378 2188 3654 2242 exercitus

2088 2279 2301 2334 Phocas
2330 2279 2628 2348 imperator
2673 2279 3040 2344 renuntiatur,
3090 2280 3421 2350 jampridem
3463 2297 3654 2336 amore

2088 2377 2200 2424 tam
2253 2369 2468 2440 imperii
2495 2383 2658 2439 quam
2690 2369 3114 2439 Theophanonis
3160 2371 3524 2440 intperatricis
3557 2388 3653 2441 po-

2092 2461 2294 2517 tiunda:
2320 2462 2574 2532 ﬂagrans.
2603 2461 2810 2518 Deinde
2837 2477 2963 2518 cum
2992 2465 3170 2533 copiis
3193 2465 3572 2536 Chrysopolim
3597 2481 3655 2520 se

2091 2551 2339 2615 confert,
2384 2551 2710 2622 Cltrysopoli
2761 2567 2956 2608 versus
3027 2553 3365 2608 Hebdomum
3426 2555 3649 2623 trajicit,

2091 2653 2147 2698 et
2190 2642 2446 2698 universo
2484 2657 2609 2697 cum
2658 2643 2860 2713 p0pulo
2907 2659 3005 2713 per
3044 2644 3280 2699 Auream
3323 2655 3536 2714 portam
3583 2647 3656 2700 ad-

2090 2735 2377 2790 ecclesiam
2402 2735 2600 2805 pergit,
2624 2733 2810 2804 ibique
2843 2750 2874 2788 a
2895 2736 3189 2806 Polyeucto
3207 2737 3510 2792 diademate
3533 2737 3652 2792 cin—

2091 2829 2258 2899 gitur.
2303 2828 2540 2894 imperio
2580 2842 2676 2882 sex
2709 2828 2872 2884 annis
2900 2828 3139 2899 prteruit.
3172 2831 3334 2884 lnitio
3366 2831 3658 2902 Theopha-

2092 2935 2292 2976 nonem
2322 2921 2550 2991 ejectum
2575 2937 2606 2976 e
2636 2921 2780 2992 regia
2811 2922 2990 2976 solum
3017 2933 3232 2978 vertere
3249 2924 3434 2994 jussit,
3467 2926 3656 2980 eadem

2094 3029 2256 3084 poena
2303 3013 2543 3082 Josepho
2587 3014 2858 3078 multato;
2916 3013 3188 3084 simulque
3239 3025 3446 3084 patrem
3497 3033 3657 3070 suum

2094 3104 2359 3160 Cursarem
2397 3104 2625 3160 creavit.
2674 3105 2878 3160 Deinde
2906 3105 3054 3160 larva
3102 3121 3375 3176 sccnaque
3405 3110 3658 3178 deposita

2095 3197 2558 3268 TheOphanonem
2596 3197 2838 3268 legitimo
2881 3197 2986 3252 sibi
3018 3199 3370 3254 matrimonio
3417 3202 3660 3270 copulat,

2093 3297 2150 3345 et
2179 3290 2438 3346 carnibus
2467 3304 2684 3343 rursum
2711 3289 2970 3353 vescitur,
3007 3303 3036 3342 a
3062 3291 3266 3359 quibus
3297 3291 3660 3354 abstinuerat,

2093 3397 2158 3436 ex
2191 3397 2302 3452 quo
2334 3381 2534 3437 Bardas
2565 3382 2738 3452 ipsius
2767 3397 2834 3436 ex
2865 3381 3092 3452 conjuge
3121 3383 3302 3452 priore
3335 3383 3497 3448 (ilius,
3530 3401 3664 3454 quo-

2095 3473 2218 3526 dam
2258 3474 2313 3527 in
2365 3489 2558 3543 campo
2599 3474 2948 3545 equestribus
2989 3474 3236 3529 intentus
3271 3476 3552 3531 exercitiis
3606 3487 3660 3530 et

2095 3581 2218 3620 cum
2250 3581 2348 3620 suo
2383 3567 2714 3620 consobrino
2745 3568 2957 3632 Pleusa,
2987 3567 3203 3628 ludens,
3249 3568 3402 3622 hasta
3443 3550 3585 3622 ictus
3626 3587 3656 3624 α

2097 3657 2314 3711 nolente
2341 3658 2601 3726 perierat.
2639 3658 2878 3711 Peractis
2911 3659 3117 3726 nuptiis
3149 3659 3201 3710 in
3237 3674 3391 3711 novo.
3408 3660 3474 3712 ad
3508 3661 3662 3727 pali.

2097 3748 2232 3802 tium
2459 3748 2682 3817 templo,
2729 3763 2854 3803 cum
2899 3741 2954 3802 in
2998 3750 3373 3808 sanctuarium
3406 3763 3548 3806 esset
3578 3754 3661 3804 in-

2097 3841 2373 3901 trandum,
2418 3855 2583 3893 manu
2617 3839 2852 3894 Phocam
2883 3848 3074 3894 tenens
3113 3841 3458 3910 Polyeuctus.
3496 3851 3555 3896 ut
3593 3846 3660 3896 ad

2096 3946 2281 3986 sacros
2327 3932 2602 3986 cancellos
2653 3943 2982 4000 accesserat,
3030 3933 3146 4002 ipse
3194 3934 3249 3987 in
3303 3934 3523 4005 adytum
3577 3937 3662 3988 in-

2099 4024 2273 4087 troiit,
2313 4024 2638 4094 repulsoque
2670 4025 3000 4095 imperatore
3054 4026 3192 4080 dixit
3241 4041 3352 4081 non
3389 4028 3664 4082 intrantis-

2093 4129 2217 4170 sum
2253 4114 2321 4168 iri
2371 4117 2524 4184 prius
2559 4131 2725 4185 quam
2764 4131 2954 4184 pmnas
2987 4117 3434 4186 progredientum
3469 4118 3536 4172 ad
3581 4133 3668 4173 se-

2097 4205 2306 4260 cundas
2329 4207 2548 4276 nup‘tias
2581 4192 2798 4263 luisset.
2829 4208 3102 4263 Praeterea
3152 4209 3361 4264 diditus
3395 4219 3519 4277 erat
3545 4227 3669 4280 pas-

2100 4298 2203 4353 sim
2234 4313 2447 4364 rumor,
2481 4299 2578 4368 qui
2612 4315 2723 4354 non
2749 4294 2974 4369 exiguas
3000 4300 3053 4353 in
3081 4300 3326 4355 Ecclesia
3363 4303 3551 4355 turbas
3576 4301 3667 4355 de-

2100 4390 2218 4452 dit,
2252 4405 2421 4444 unum
2454 4389 2710 4448 videlicet
2735 4405 2801 4446 ex
2827 4391 3254 4460 Theophanonis
3281 4392 3470 4446 liberis
3502 4394 3667 4448 fuisse

433 4483 628 4551 φανοῦ;
677 4484 794 4546 ἐνὸς
848 4482 1084 4534 παιδίου.
1131 4479 1295 4533 Ταῦτ’
1325 4479 1431 4549 ἄρα
1462 4481 1556 4532 καὶ
1581 4481 1608 4532 6
1649 4482 1985 4551 πατριάρχης

2099 4500 2128 4539 a
2155 4483 2462 4553 Niccpltoro
2504 4483 2572 4538 de
2601 4498 2757 4538 sacro
2803 4482 3077 4552 baptismo
3119 4492 3460 4553 susceptum.
3489 4487 3669 4554 Atque

432 4578 524 4626 ἐπὶ
575 4575 738 4626 πλέον
790 4574 1088 4627 ἀνέτεινεν.
1141 4571 1263 4624 Ἔτι
1313 4571 1370 4624 δὲ
1429 4571 1864 4641 αναὸαὶλόμειον
1902 4574 1996 4625 τὸν

437 4668 771 4718 Πολύευκτον
812 4665 1143 4735 κοινωνῆσαι
1178 4663 1252 4734 τῷ
1287 4663 1498 4734 βασιλεί
1535 4667 1562 4716 6
1591 4663 1805 4735 Καῖσαρ
1830 4667 1998 4734 ἐπλη-

435 4761 756 4829 ροςόρησεν.
798 4759 958 4812 ’Δλλὰ
989 4760 1083 4810 καὶ
1125 4758 1412 4817 Στυλιανὸς
1441 4757 1468 4810 6
1501 4761 1872 4826 πρωτοπαπᾶς
1905 4760 1997 4813 τοῦ

437 4850 671 4915 μεγάλου
722 4848 1004 4910 παλατὶου,
1067 4845 1160 4913 ἀφ’
1212 4840 1272 4897 ού
1322 4846 1414 4897 καὶ
1457 4844 1658 4912 μᾶλλον
1776 4849 1997 4916 τοιαύτη

435 4947 588 5008 φήμη
625 4943 890 5010 κατέσχεν
933 4938 1195 5004 ἅπαντας,
1229 4938 1296 4990 δι’
1319 4939 1500 5009 ὅρκων
1543 4938 1860 4991 ἐϐεϐαιοῦτο
1894 4955 2000 5008 μηπ-

432 5031 518 5083 δεν
552 5050 602 5083 τι
641 5034 882 5086 τοιοῦτον
921 5032 1292 5098 ἐπισυμϐῆναι
1347 5031 1424 5100 τῷ
1458 5030 1656 5100 ,Φωκῄ
1715 5031 1773 5081 ὐ
1812 5033 1998 5100 μέντοι

435 5124 810 5187 Πολύευκτος,
850 5124 1056 5192 καίπερ
1111 5122 1364 5189 φανερῶς
1423 5121 1792 5194 ἐπιορκοῦντα
1845 5120 1998 5183 εἰδὼς

432 5217 521 5268 τὸν
570 5217 883 5280 Στυλιανὸν,
921 5219 982 5268 τὸ
1029 5215 1129 5284 τῆς
1169 5215 1486 5278 συντεκνίας
1519 5216 1766 5285 ἔγκλημα
1802 5231 2000 5278 συγκε-

432 5311 677 5381 χώρηκε,
712 5313 806 5363 καὶ
865 5311 892 5360 6
941 5309 1111 5361 παλαι
1156 5307 1508 5376 ἐνιστάμενος
1567 5308 1999 5377 δευτερογαμίας

434 5408 683 5474 ἐπιτίμια
716 5403 886 5456 θεῖναι
920 5403 1011 5455 καὶ
1055 5401 1116 5453 τδ
1151 5401 1292 5471 μέγα
1336 5398 1492 5451 τοῦτο
1541 5403 1787 5472 παρῆκεν
1823 5400 2001 5469 ἁμάρ-

434 5514 606 5570 τημα.

519 5677 578 5732 ’0
628 5681 808 5749 μέντοι
845 5681 1038 5742 (banti;
1102 5677 1198 5733 καὶ
1251 5657 1546 5747 βασιλεύων
1605 5677 1745 5728 κατὰ
1803 5675 1999 5745 Συρίας

434 5769 600 5842 ὁρμᾷ.
628 5776 720 5827 καὶ
765 5777 943 5838 πόλεις
980 5775 1179 5837 πολλὰς
1226 5771 1612 5840 καταστρέψας
1648 5771 1853 5822 ἐκεῖθεν
1898 5770 2000 5818 ὑπ·-

2097 4573 2214 4629 hazc
2239 4575 2356 4644 ipsa
2382 4589 2491 4629 non
2524 4572 2814 4628 dubitabat
2842 4572 3178 4642 ampliﬁcare
3201 4576 3536 4642 patriarcha.
3570 4577 3670 4630 Ve-

2099 4682 2218 4720 rum
2231 4665 2780 4734 Caesarl’olyeuctum
2805 4664 3262 4734 tergiversantem
3288 4674 3346 4719 et
3367 4681 3456 4720 res
3483 4682 3669 4721 sacras

2097 4775 2222 4813 cum
2263 4758 2595 4827 imperatore
2630 4770 2955 4811 communes
2980 4755 3185 4810 habere
3224 4767 3574 4811 recusantem
3600 4759 3669 4812 de

2100 4864 2159 4904 re
2181 4858 2296 4903 tota
2323 4847 2622 4902 certiorem
2650 4846 2914 4902 reddidit.
2943 4845 3224 4917 Stylianus
3249 4863 3468 4917 qunque
3495 4852 3669 4918 tnttgni

2098 4941 2284 5012 palatii
2324 4955 2460 5010 papa
2499 4939 2781 5010 princeps,
2811 4953 2843 4994 a
2883 4954 2995 5008 quo
3020 4953 3308 4994 emanasse
3338 4955 3530 4994 rumor
3567 4943 3672 4995 iste

2098 5032 2378 5088 ferebatur
2392 5033 2459 5086 ad
2486 5029 3076 5102 omnes,.jurejurando
3104 5031 3351 5098 ρεπειίιο
3379 5023 3697 5086 cuntirma-'

2097 5123 2192 5178 hat
2220 5123 2352 5183 nihil
2379 5124 2648 5193 ejusmodi
2669 5123 2906 5177 Phocum
2925 5121 3142 5178 fecisse.
3167 5122 3495 5194 Polyeuctus
3513 5139 3669 5194 ergo,

2099 5230 2414 5286 quanquam
2445 5216 2692 5286 pejerare
2733 5215 3042 5286 Stylianum
3075 5225 3230 5271 certo
3271 5231 3336 5270 ac
3381 5216 3672 5270 manifesto

2099 5308 2285 5371 sciret,
2323 5307 2798 5376 compaternitatis
2845 5309 3164 5377 imperatori
3209 5309 3426 5378 culpam
3459 5309 3667 5363 condo-

2100 5400 2282 5465 navit;
2317 5408 2376 5452 et
2413 5397 2510 5466 qui
2545 5399 2939 5475 antem-gebat
2967 5401 3125 5456 ut-oh
3150 5397 3670 5471 secundas‘nuptias

2100 5495 2150 5549 ei
2180 5507 2338 5562 paena
2369 5490 2729 5561 intligeretur,
2770 5492 3228 5566 etiammagnum
3277 5495 3669 5551 hocvdelictum

2102 5583 2432 5652 impunitum
2486 5584 2730 5651 reliquit.
2878 5635 2880 5638 .

2174 5675 2533 5742 Posteaquam
2577 5675 2642 5728 ad
2692 5676 2999 5745 imperium.
3032 5677 3242 5732 Phocus
3290 5677 3667 5745 pervenisset.

2103 5769 2507 5836 expeditionem
2538 5768 2592 5821 in
2641 5767 2852 5837 Syriam
2888 5770 3157 5832 instituit;
3195 5785 3427 5838 cumque
3468 5776 3663 5825 "illita."
