4070 6464
359 378 459 438 5η

1629 363 1682 424 Μ
1698 363 2046 430 [CHAELIS
2082 359 2343 424 GLYCIE

3475 347 3578 410 572

361 489 528 540 nrbes
557 482 874 545 evertisset,
907 477 1067 535 rediit
1099 476 1247 540 inde,
1279 487 1469 530 secum
1494 481 1552 528 et
1591 473 1818 530 laterem
1853 471 1930 528 il"

2047 469 2286 543 ίστρεφε,
2322 469 2503 541 φέρων
2543 466 2663 540 μεθ’
2696 462 2890 520 ἑαυτοῦ
2933 461 3030 518 καὶ
3071 460 3164 516 τδν
3184 459 3401 545 ,ἔχοντα
3439 466 3588 532 ἀχει-

359 580 472 634 lnm
525 590 745 633 sacrum
793 573 1054 633 all'erens.
1104 585 1219 640 quo
1251 565 1642 623 continebatur
1676 579 1933 636 expressa

361 671 550 725 fortnas
583 667 792 724 Christi
821 663 917 720 Dei
963 664 1134 718 nostri
1188 662 1430 732 pictura.
1454 657 1669 714 nullius
1693 656 1935 712 hominis

361 775 528 815 manu
566 758 848 814 elaborata
884 755 1033 824 (eum
1069 751 1345 822 Hierapoli
1373 756 1680 820 repererat,
1715 747 1771 802 i
1813 748 1936 820 ejus

362 851 517 905 urbis
549 846 907 918 direptione),
932 855 990 900 et
1033 843 1353 898 cincinnum
1400 839 1631 896 Joannis
1679 836 1936 908 Baptistae

361 943 630 1013 sanguine
679 938 1102 995 condonatum.
1125 934 1448 1004 Quanquam
1501 947 1636 988 vero
1689 932 1814 987 talis
1851 930 1938 984 vir

361 1043 509 1089 esset
531 1032 877 1102 Nlcephorus
903 1043 968 1084 ac
985 1035 1276 1097 tantopere
1299 1039 1416 1079 rem
1433 1024 1732 1079 Romanam
1751 1021 1935 1077 anxis.

361 1133 468 1186 set,
499 1121 783 1192 occupatis
820 1118 1063 1189 amplius
1107 1126 1330 1172 centum
1377 1114 1610 1170 urbibus
1663 1124 1720 1169 et
1755 1114 1928 1169 variis

361 1211 594 1274 Ciliciae,
618 1207 791 1280 Syria:
815 1205 1211 1274 Phonicesque
1239 1201 1502 1264 castellis,
1525 1215 1759 1272 quorum
1782 1209 1940 1256 erant

365 1302 600 1355 maxima
629 1309 688 1354 et
723 1296 939 1353 caete-ris
986 1294 1292 1350 illustriora
1348 1293 1654 1359 Anabarza,
1703 1293 1890 1349 Adana
1920 1331 1937 1358 ,

367 1391 638 1455 Numisia,
660 1399 720 1445 et
741 1403 864 1460 quae
891 1387 1067 1455 Mopsi
1100 1385 1260 1441 Vesta
1299 1395 1676 1455 nuncupatur.
1705 1384 1936 1454 Tarsus,

366 1485 560 1551 Pagra,
591 1481 954 1553 Synephium,
987 1479 1285 1547 Chalepus,
1320 1478 1627 1546 Laodicea;
1650 1477 1775 1534 licet
1809 1478 1940 1534 item

373 1572 690 1628 tributarias
722 1569 942 1626 fecisset
985 1569 1040 1624 in
1083 1567 1341 1624 Phoenice
1377 1567 1666 1640 Tripolim,
1697 1569 1754 1625 in
1786 1568 1942 1640 Syria

368 1666 719 1727 Damascum,
741 1661 1099 1716 nihilominus
1128 1660 1406 1716 universis
1434 1659 1760 1716 mortalibus
1798 1661 1944 1716 invi-

370 1772 468 1813 sus
495 1767 637 1823 erat,
663 1759 753 1827 qui
782 1755 1006 1828 quidem
1039 1754 1269 1810 exitium
1303 1754 1480 1824 ipsius
1525 1753 1744 1810 videndi
1781 1755 1942 1826 longe

2038 567 2328 638 ρότιυκτον
2360 560 2666 632 ικτῦπωμα
2717 557 2819 625 τῆ»
2862 553 3078 638 μορφῆς
3105 552 3202 610 τοῦ
3229 552 3469 624 Χριστοῦ
3497 555 3592 606 καὶ

2031 637 2169 710 Θεοῦ
2199 653 2356 726 ἡμῶν
2396 653 2552 722 ἅγιον
2583 651 2845 721 κέραμον,
2869 647 2932 701 δν
2967 637 3134 717 εὗρεν
3166 644 3226 696 ἐν
3262 641 3588 713 Ἱεραπόλει,

2033 752 2238 818 ταύτην
2269 745 2657 818 πεπορθηκὼς,
2687 743 2784 797 καὶ
2811 739 2922 795 τῶν
2945 737 3150 809 τριχῶν
3167 734 3266 790 τοῦ
3289 732 3590 789 Βαπτιστοῦ

2045 843 2291 899 Ἰωάννου
2329 839 2640 910 βόστρυχον
2685 831 3132 906 ιμπεπιλημένον
3164 826 3381 898 αἵματι.
3407 825 3592 880 Tomit-

2032 953 2124 998 τος
2150 935 2208 989 δὲ
2234 936 2264 988 6
2293 932 2614 1002 Νικηφόρος
2669 926 2748 982 ὢν
2800 927 2897 980 καὶ
2937 924 3032 978 in!
3078 921 3334 978 τοσοῦτον
3356 918 3426 974 τὰ
3462 919 3593 976 Ῥω·

2038 1027 2214 1100 μαίων
2258 1024 2505 1094 αὐξήσας
2559 1022 2866 1095 πράγματα
2923 1015 3204 1088 (κατέσχε
3252 1013 3363 1083 γὰρ
3412 1011 3594 1075 πόλεις

2037 1117 2202 1173 πλέον
2243 1115 2350 1170 τῶν
2378 1111 2422 1188 ρ’
2449 1113 2546 1169 καὶ
2579 1112 2816 1183 φρούρια
2843 1106 3097 1169 Κιλικίας
3125 1105 3326 1175 Συρίας
3352 1105 3451 1158 καὶ
3478 1105 3598 1156 Φοια

2037 1209 2219 1278 νίκης,
2251 1201 2332 1262 ὧν
2375 1205 2609 1277 μέγιστα
2664 1204 2762 1257 καὶ
2821 1199 3070 1269 ἐπίσημα
3107 1199 3142 1268 ή
3179 1193 3492 1264 Ἀνάσαρζα
3515 1237 3531 1260 ,
3559 1196 3594 1262 ἡ

2037 1299 2260 1363 Ἀδάνα,
2289 1297 2386 1352 καὶ
2414 1297 2483 1350 τὰ
2508 1294 2674 1350 λοιπὰ
2703 1296 2737 1366 ἡ
2759 1293 3022 1364 Μάμιστα
3061 1291 3096 1362 ἡ
3117 1291 3209 1344 καὶ
3231 1289 3422 1358 Μόψου
3446 1289 3598 1341 ὲστίκ

2038 1391 2333 1463 λεγομένη,
2367 1391 2402 1460 ἡ
2436 1387 2650 1461 Ταρσὸς
2677 1428 2695 1455 ,
2751 1387 2815 1440 τδ
2863 1385 3078 1454 Παγρα,
3107 1384 3169 1436 τὸ
3215 1381 3496 1450 Συνέφιον,
3539 1381 3598 1432 τὸ

2041 1485 2258 1548 Χάλεπ,
2288 1483 2322 1555 ἡ
2356 1481 2671 1548 Λαοδίκεια,
2733 1467 2889 1532 ιθιτό
2939 1493 3000 1530 τι
3059 1475 3364 1544 ὑποφόρους
3408 1472 3510 1541 τὴν
3542 1472 3598 1522 ὲν

2041 1574 2268 1646 Φοινίκῃ
2315 1590 2376 1626 τε
2411 1569 2675 1644 Τρίπολιν
2701 1569 2800 1623 καὶ
2835 1568 2936 1638 τὴν
2972 1562 3285 1638 Δαμασκὸν)
3315 1562 3432 1616 ἀλλ’
3452 1563 3600 1630 ὅμως

2044 1667 2281 1739 μισητδς
2326 1664 2490 1720 παντὶ
2535 1662 2812 1734 ἀνθρώπῳ
2858 1661 3072 1730 γέγονε,
3126 1659 3220 1713 καὶ
3268 1659 3468 1718 πάντες
3503 1655 3601 1722 τὴν

2041 1756 2210 1813 αὐτοῦ
2244 1753 2628 1828 καταστροφὴν
2663 1751 2864 1824 ιδίψων
2910 1752 3038 1805 ίδεϊν
3059 1768 3072 1782 ’
3103 1752 3151 1803 εί
3181 1749 3290 1820 γὰρ
3329 1747 3423 1803 καὶ
3451 1747 3599 1810 πλεῖ-

371 1849 714 1922 cupidissimi
773 1855 952 1904 erant.
1000 1845 1242 1902 Tametsi
1273 1849 1420 1902 enim
1468 1847 1706 1918 plurima
1769 1848 1824 1903 in
1869 1863 1938 1904 eo

2047 1867 2150 1905 στα
2178 1848 2497 1918 ἑπέλαμπον
2551 1842 2701 1914 αὐτῷ
2749 1844 2817 1898 τὰ
2869 1841 3152 1905 κάλλιστα,
3202 1837 3339 1893 ἀλλὰ
3385 1837 3602 1890 καὶδύο

368 1944 542 1997 multo
577 1940 994 2012 praeclarissima
1034 1939 1368 2003 elucebant,
1417 1939 1529 1996 duo
1563 1950 1743 1996 tamen
1781 1951 1940 1998 erant

367 2035 502 2089 vitia
526 2032 902 2104 potissimum,
929 2045 1053 2100 quae
1081 2031 1259 2100 ipsius
1281 2030 1439 2086 fama:
1468 2030 1648 2085 labem
1687 2047 1941 2104 asperge-

369 2136 496 2181 rent
517 2166 534 2188 .
573 2125 832 2180 nimirum
865 2123 1212 2178 consuetudo
1257 2122 1493 2178 nefanda
1528 2123 1739 2192 legibus
1772 2126 1940 2180 vetita

369 2233 493 2272 cum
518 2217 952 2287 TheOphanoue,
973 2229 1039 2269 ac
1070 2214 1261 2269 sordes
1279 2229 1409 2284 erga
1437 2216 1660 2285 quosvis
1687 2215 1941 2287 fmdaque

372 2311 655 2365 tenacitas.
684 2305 1231 2376 Acciditaliquando,
1262 2314 1412 2360 tanta
1447 2317 1507 2360 ut
1539 2308 1594 2360 in
1620 2309 1756 2363 urbe
1788 2309 1942 2365 foret

373 2417 609 2456 annona:
641 2401 869 2464 caritas,
903 2409 966 2452 ut
1002 2414 1172 2454 aureo
1199 2413 1427 2454 nummo
1453 2399 1762 2455 medimnus
1799 2416 1943 2457 unus

372 2493 607 2546 veniret.
643 2491 722 2546 Eo
753 2491 973 2561 cognito
1000 2492 1209 2545 Phoeas
1230 2490 1505 2545 miseriam
1534 2491 1805 2554 publicam
1841 2493 1943 2548 illi-

375 2583 549 2637 berali
581 2597 646 2637 ac
681 2582 905 2638 sordido
947 2583 1191 2652 remedio
1237 2582 1526 2636 sublevat:
1559 2585 1766 2653 apertis
1793 2585 1940 2639 enim

373 2672 611 2741 publicis
653 2671 870 2726 horreis
902 2671 1210 2732 medimnus
1245 2670 1387 2726 duos
1419 2685 1535 2724 uno
1577 2671 1735 2723 vendi
1774 2684 1944 2725 aureo

375 2777 602 2815 nummo
637 2761 828 2832 jussit;
861 2776 967 2830 qua
997 2759 1218 2830 quidem
1252 2761 1304 2814 in
1329 2775 1386 2814 re
1411 2759 1758 2816 Macedonem
1786 2761 1940 2816 illum

374 2853 631 2906 llasilimn
686 2867 797 2906 non
841 2857 925 2905 est
979 2851 1245 2914 imitatus.
1306 2849 1444 2905 Nam
1509 2865 1636 2905 cum
1683 2853 1728 2908 is
1785 2853 1938 2909 cives

374 2944 660 3013 Byzantios
689 2943 876 3013 lugere
899 2951 1181 3008 cerneret,
1203 2943 1479 3012 simulque
1503 2942 1787 2999 didicisset
1818 2947 1941 3017 ejus

375 3036 610 3091 tristitia
643 3050 862 3090 causam
894 3049 1020 3090 esse
1054 3035 1338 3104 penuriam
1373 3051 1626 3102 annonaz,
1651 3052 1761 3092 uno
1782 3039 1944 3095 vendi

2044 1941 2191 1996 κακὰ
2232 1938 2596 1994 κατεσπίλουν
2620 1935 2803 2002 αὐτὸν,
2841 1935 2877 2004 ἡ
2910 1951 2968 1988 τε
3015 1935 3113 2003 τῆς
3141 1930 3448 2002 θεοφανοῦς
3476 1929 3603 1982 60t-

2049 2050 2205 2107 μιτος
2235 2032 2386 2104 μίξις
2431 2034 2526 2085 καὶ
2564 2030 2627 2084 τὸ
2655 2029 2791 2098 πρὸς
2833 2027 3041 2088 πάντας
3083 2023 3245 2078 αὑτοῦ
3283 2021 3604 2094 μικρολόγον

2045 2128 2141 2182 καὶ
2180 2125 2521 2196 ἀφιλότιμον.
2578 2122 2751 2193 Λιμὸς
2782 2121 2876 2174 καὶ
2917 2119 3026 2190 γὰρ
3065 2120 3164 2188 τὴν
3194 2117 3346 2169 πόλιν
3373 2113 3603 2182 κατέσχε

2046 2218 2200 2284 ποτὲ,
2230 2203 2306 2282 ὥς
2325 2219 2424 2272 ἕνα
2449 2215 2703 2286 μέδιμνον
2733 2213 2948 2286 χρυσέῳ
2970 2209 3264 2264 πωλεῖσθαι
3288 2208 3604 2276 νομίσματι.

2045 2312 2328 2370 Μανθάνει
2360 2309 2758 2378 τοῦτοίιιιωκᾶς,
2792 2307 2886 2360 καὶ
2913 2309 3309 2378 μικροπρεπῶς
3345 2301 3406 2354 τὸ
3435 2300 3608 2355 πάθος

2050 2407 2219 2460 ἰᾶται⁸
2255 2404 2355 2468 τὰς
2380 2377 2645 2475 δημοσίας
2675 2400 2769 2456 καὶ
2806 2398 2915 2469 γὰρ
2947 2398 3236 2466 σιτοθήκας
3268 2391 3480 2459 ἀνοίξας
3516 2392 3607 2445 δύο

2053 2498 2348 2569 μεδίμνους
2384 2495 2463 2566 τῷ
2509 2495 2807 2563 νομίσματι
2855 2489 3158 2544 πωλεῖσθαι
3210 2486 3513 2547 ἐκέλευσεν,
3545 2485 3605 2563 οὐ

2045 2591 2138 2643 τὸν
2194 2589 2480 2642 Μακεδόνα
2526 2585 2812 2640 Βασίλειον
2864 2585 2921 2637 ὲν
2978 2581 3153 2653 τούτῳ
3202 2577 3602 2651 μιμησάμενος·

2050 2677 2206 2741 οὗτος
2238 2676 2348 2750 γὰρ
2405 2677 2532 2738 τοὺς
2579 2672 2908 2739 Βυζαντίους
2948 2669 3280 2730 πενθοῦντας
3334 2665 3478 2732 ἰδὼν,
3513 2669 3609 2717 καὶ

2053 2767 2242 2838 μαθὼν
2270 2766 2345 2828 ὡς
2376 2768 2405 2820 6
2451 2765 2608 2835 λιμὸς
2639 2764 2812 2827 αἴτιος
2841 2760 2936 2815 τοῦ
2984 2761 3200 2814 πενθεῖν
3244 2757 3440 2820 αὐτοὺς
3463 2796 3480 2821 ,
3509 2756 3610 2810 δώσ

2046 2861 2180 2913 δεκα
2233 2859 2527 2930 μεδίμνους
2583 2855 2794 2908 κελεύει
2828 2851 3124 2906 πωλεῖσθαι
3171 2850 3248 2920 τῷ
3295 2849 3606 2919 νομίσματι.

2062 2949 2223 3002 Ἀλλὰ
2260 2949 2356 3003 καὶ
2383 2947 2476 3000 τοῦ
2524 2945 2789 3016 βασιλέως
2819 2945 2982 2996 Φωκᾶ
3016 2942 3140 2996 κατ’
3169 2942 3345 2994 ἐκεῖνο
3393 2939 3457 3006 δὴ
3488 2957 3611 2991 και-

2053 3041 2150 3114 ροῦ
2195 3040 2503 3107 ἐξελθόντος
2547 3036 2690 3091 ὥστε
2739 3034 3014 3105 γυμνάσαι
3062 3035 3154 3087 τὸν
3206 3031 3453 3103 στρατὸν,
3491 3031 3610 3083 ὲπεί

374 3143 544 3183 aureo
602 3127 893 3190 duodecim
949 3127 1258 3183 medimnus
1308 3129 1585 3199 praecepit.
1625 3129 1942 3196 Quinetiam

2049 3154 2135 3200 τις
2167 3132 2297 3206 ἦλθε
2333 3131 2519 3194 πολιὸς
2539 3129 2637 3201 τὴν
2663 3129 2825 3200 τρίχα
2859 3128 2957 3180 καὶ
2986 3126 3243 3196 ἐπειρᾶτο
3275 3123 3606 3193 συναριθμη-

375 3219 559 3271 evenit
579 3226 637 3270 ut
665 3231 790 3271 cum
823 3231 890 3272 eo
922 3216 1041 3286 ipso
1069 3216 1229 3287 307
1261 3195 1502 3286 penuria;
1536 3195 1782 3288 tempore
1809 3219 1943 3273 Pho-

2051 3228 2213 3295 θῆναι
2260 3226 2370 3288 τοῖς
2412 3221 2797 3294 στρατιώταις,
2831 3221 2964 3289 φησὶ
2990 3219 3127 3290 πρὸς
3161 3217 3348 3270 αὐτόν*
3383 3235 3400 3267 ι
3433 3216 3504 3269 Σὺ
3532 3217 3604 3277 δὲ,

375 3325 469 3363 eas
524 3308 822 3377 imperator
871 3308 1167 3379 aliquando
1223 3310 1459 3364 militum
1518 3310 1950 3365 exercendorum

377 3415 539 3454 causa
573 3399 627 3453 in
661 3415 915 3468 campum
947 3415 1269 3472 progressus
1299 3411 1476 3466 esset,
1517 3417 1654 3457 cano
1690 3402 1947 3470 cuidam,

378 3491 471 3561 qui
497 3491 640 3545 inter
670 3493 870 3548 milites
899 3493 1102 3548 ascribi
1138 3510 1197 3549 se
1232 3494 1476 3565 petebat,
1507 3495 1721 3550 diceret
1745 3497 1943 3565 ecquid

378 3584 544 3640 homo
571 3601 745 3641 canus
777 3595 834 3642 et
864 3588 1019 3644 senio
1044 3588 1329 3644 confectus
1351 3590 1406 3644 in
1433 3589 1683 3643 militiam
1712 3600 1946 3662 cuperet

374 3679 557 3750 allegi.
596 3681 676 3736 Ad
701 3697 765 3736 ea
789 3697 954 3738 senex
995 3684 1084 3740 ille
1132 3684 1413 3755 aptissime
1447 3685 1747 3756 respondit.
1772 3686 1944 3742 multo

378 3788 435 3826 se
472 3790 618 3837 nunc
641 3777 964 3833 validiorem
995 3764 1117 3833 esse
1147 3794 1310 3848 quam
1338 3777 1652 3834 adulescens
1675 3787 1831 3836 aetate
1854 3797 1953 3836 ve-

378 3871 499 3931 geta
537 3865 752 3922 luisset.
787 3867 924 3921 Tum
961 3869 1287 3938 imperatore
1317 3879 1596 3936 quaerente
1626 3885 1863 3940 quonam
1895 3873 1948 3928 id

376 3966 536 4023 pacto
569 3973 758 4013 verum
798 3969 946 4014 esset
971 3977 985 4014 :
1015 3979 1032 4011 ι
1059 3960 1327 4027 Quoniam
1355 3961 1508 4026 olim,
1532 3961 1629 4027 ait,
1663 3963 1944 4020 frumento

2048 3315 2094 3376 ὢ
2125 3320 2399 3390 ἄνθρωπε,
2431 3319 2608 3386 γέρων
2658 3313 2732 3367 ὢν
2768 3313 2885 3375 πῶς
2924 3312 3039 3373 τοῖς
3073 3310 3224 3379 ἐμοῖς
3255 3305 3608 3379 στρατιώταις

2049 3415 2244 3485 ἐπείγῃ
2280 3407 2749 3484 συναριθμηθῆναι
2773 3423 2821 3472 ς»
2843 3405 2900 3457 '0
2931 3403 2977 3456 δ’
2999 3402 3274 3470 εὐστόχως
3304 3399 3605 3453 ὑπολαϐών⁸

2055 3527 2074 3559 ι
2114 3506 2302 3577 Πολλῷ
2332 3505 2705 3575 δυνατώτερός
2737 3507 2853 3572 ειμι
2876 3497 2969 3554 νῦν
2997 3515 3019 3552 9
3057 3496 3164 3566 ἔφη
3197 3514 3215 3544 ι
3255 3493 3288 3564 ἢ
3317 3495 3402 3546 ὅτε
3432 3493 3611 3563 ἧκμα⁴

2049 3601 2159 3667 ζον.
2205 3620 2224 3654 i
2262 3601 2322 3655 Ὀ
2368 3599 2529 3662 αὐτὸς
2568 3598 2647 3663 δὲ,
2694 3615 2711 3647 ι
2749 3597 2855 3649 Καὶ
2903 3595 3020 3655 πῶς
3064 3594 3289 3659 τοῦτον
3326 3588 3602 3663 Epig-svos,

2048 3694 2154 3763 ἔφη
2206 3694 2288 3746 ὅτι
2336 3691 2428 3745 τὸν
2473 3691 2567 3743 τοῦ
2623 3689 2956 3760 νομίσματος
2987 3689 3129 3740 σῖτον
3156 3687 3420 3756 πρότερον
3457 3683 3609 3736 δυσὶν

2047 3785 2296 3856 ἡμιόνοις
2323 3781 2696 3852 ὲπεφόρτιζον,
2727 3782 2818 3833 ἐπὶ
2867 3779 2921 3832 δὲ
2956 3781 3052 3850 τῆς
3087 3778 3186 3848 σῆς
3219 3776 3492 3848 βασιλείας
3517 3775 3612 3828 δύο

2049 3876 2408 3948 νομισμάτων
2437 3878 2581 3927 σῖτον
2613 3875 2705 3925 ἐπὶ
2753 3871 2860 3925 τῶν
2893 3870 3060 3940 ὤμων
3093 3871 3264 3939 φέρω.
3299 3869 3480 3931 iuvat;
3513 3864 3607 3920 οὖν

2048 3969 2147 4038 τὴν
2178 3967 2459 4038 εἰρωνείαν
2491 3963 2804 4035 ἀνεχώρησε
2826 4005 2842 4030 ,
2873 3963 3040 4034 μηδὲν
3087 3962 3397 4032 ταραχθείς.

378 4049 546 4104 unius
582 4051 734 4106 aurei
760 4054 938 4121 pretio
967 4063 1220 4123 coempto
1245 4052 1385 4108 duos
1411 4055 1598 4113 asinos
1624 4063 1921 4116 onerabam
1950 4078 1962 4113 :
2003 4070 2056 4116 te
2081 4069 2264 4115 autem
2304 4061 2630 4131 imperante,
2699 4069 2962 4129 quantum
2993 4058 3250 4124 frumenti
3279 4057 3492 4110 duobus
3517 4069 3611 4106 au-

378 4143 488 4196 reis
520 4143 744 4210 emitur,
786 4144 1031 4200 humeris
1065 4145 1181 4214 ipse
1243 4147 1380 4202 meis
1447 4157 1661 4218 gestare
1700 4166 1946 4223 possum.
1989 4172 2008 4208 ι
2052 4153 2110 4208 ld
2142 4153 2432 4209 dicterium
2475 4152 2607 4208 satis
2648 4151 2957 4222 intelligens
3001 4151 3296 4221 imperator
3329 4149 3462 4204 nihil
3496 4165 3608 4204 om-

378 4241 510 4294 nino
541 4246 722 4293 motus
747 4239 902 4294 abiit.

447 4330 585 4386 Cum
616 4346 712 4386 eas
740 4332 907 4387 urbes
935 4346 1074 4402 quas
1093 4347 1261 4402 supra
1301 4335 1679 4389 recensuimus
1709 4335 1762 4390 in
1793 4343 1950 4405 pote-

379 4432 576 4479 statem
625 4424 944 4494 redigeret.
979 4424 1326 4480 Antiochiam
1368 4427 1537 4481 solam
1593 4444 1716 4483 eum
1773 4430 1950 4499 copiis

2137 4333 2296 4387 Ἀλλά
2347 4333 2441 4387 καὶ
2485 4333 2582 4396 τὰς
2629 4333 3028 4404 άριθμηθείσας
3062 4332 3268 4388 ἄνωθεν
3303 4335 3488 4399 πόλεις
3517 4353 3607 4389 και

2055 4425 2247 4494 θελὼν,
2299 4426 2401 4496 τὴν
2461 4426 2792 4496 Ἀντιόχειαν
2833 4426 3001 4496 μόνην
3058 4427 3240 4496 ἀφῆκε
3307 4427 3610 4498 παρελθὼν,

382 4527 808 4586 ρταιιετατοεθυε
852 4519 1113 4572 intactam
1163 4519 1414 4588 reliquit,
1441 4535 1565 4576 cum
1614 4521 1837 4590 quidem
1888 4537 1943 4576 ea

2056 4518 2155 4572 καὶ
2181 4517 2354 4571 ταῦτα
2397 4518 2694 4588 δυνάμενος
2746 4518 2916 4588 αὐτὴν
2957 4519 3224 4574 καθελεῖν.
3270 4519 3610 4591 Ἐξεπίτηδες

381 4607 546 4676 potiri
571 4623 639 4661 ex
659 4605 830 4661 animi
855 4609 1124 4663 sententia
1147 4619 1358 4678 posset.
1379 4611 1576 4666 Verum
1603 4612 1706 4666 hoc
1727 4613 1952 4670 omnino

379 4697 505 4753 data
529 4697 662 4754 fecit
686 4712 874 4768 opera,
907 4713 1183 4757 rumorem
1211 4701 1428 4770 publice
1445 4701 1680 4757 diditum
1705 4704 1950 4759 veritus:

379 4787 661 4844 ferebatur
695 4788 845 4843 enim
888 4788 1138 4843 l'ntnruru
1180 4799 1240 4846 ut
1286 4791 1378 4845 illa
1411 4793 1546 4847 urbe
1577 4805 1734 4864 capta
1762 4833 1777 4859 ,
1828 4811 1952 4850 mox

383 4885 716 4952 imperatore
749 4879 887 4936 vivis
921 4881 1234 4936 excederet.
1259 4881 1604 4954 Quapmpter
1637 4887 1690 4940 in
1725 4887 1792 4942 iis
1814 4887 1950 4943 locis

380 4985 547 5044 atque
576 4973 890 5042 regionibus
915 4973 1182 5029 Hichaeio
1211 4974 1384 5031 Bursa
1429 4985 1486 5032 et
1519 4978 1680 5033 Petro
1708 4979 1947 5049 quodam

379 5065 638 5120 eunucho
657 5064 948 5132 copiarum.
962 5063 1104 5118 duce
1115 5065 1327 5121 relictis
1348 5081 1474 5122 eum
1497 5070 1754 5125 mandato
1782 5086 1951 5142 pecu-

381 5155 528 5218 liari,
565 5169 634 5208 ne
664 5153 777 5208 ullo
813 5164 972 5224 pacto
1011 5156 1356 5213 Antiochiam
1389 5158 1728 5228 invaderent,
1755 5163 1826 5217 ad
1859 5180 1952 5219 nr-

385 5245 948 5312 bemimperatoriam
973 5262 1241 5302 reversus
1270 5249 1663 5308 fuerat.~Burza
1689 5270 1819 5310 vero
1849 5271 1951 5311 no-

384 5348 508 5387 men
541 5333 764 5402 aliquod
795 5335 902 5389 sibi
935 5353 1130 5405 parare
1155 5340 1390 5410 cupiens
1412 5341 1763 5413 imperatoris
1783 5348 1950 5402 verba

380 5424 693 5485 tloccifecit.
710 5427 921 5482 eturhe
947 5429 1101 5482 .omni
1139 5439 1258 5484 arte
1285 5443 1597 5503 oppugnata
1622 5437 1840 5492 tandem
1867 5447 1952 5492 est

383 5515 608 5582 potitus.
638 5516 840 5577 Earum
869 5519 1008 5574 fama
1033 5535 1219 5576 rerum
1244 5523 1312 5577 ad
1337 5524 1574 5580 Phocum
1609 5528 1816 5596 perlata
1840 5545 1949 5584 non

382 5620 573 5673 parum
615 5609 706 5663 ille
742 5609 1036 5679 indignari,
1067 5611 1410 5684 Burzamque
1456 5626 1701 5672 notatum
1750 5629 1949 5674 contu-

381 5697 559 5752 meliis
586 5701 654 5755 ab
685 5691 862 5756 cilicio
899 5717 1199 5759 removere.
1233 5705 1369 5761 Hinc
1398 5708 1667 5763 concitata
1698 5720 1830 5765 sunt
1853 5712 1953 5766 ho-

385 5790 596 5846 minum
623 5793 676 5849 in
709 5795 944 5850 Phocum
973 5797 1119 5862 odia,
1153 5799 1354 5868 quibus
1378 5800 1673 5856 accedebat
1698 5811 1751 5859 et
1777 5804 1947 5869 aliud,

2053 4612 2112 4665 δὲ
2143 4612 2357 4674 πάντως
2386 4610 2592 4681 ἀφῆκε,
2644 4611 2834 4674 δεδιὼς
2885 4614 2979 4664 τὸν
3033 4612 3406 4682 φημιζόμενον
3437 4617 3610 4682 λόγον·

2053 4701 2276 4771 ἐλέγετο
2305 4702 2414 4771 γὰρ
2447 4705 2521 4765 ὼς
2553 4702 2669 4771 ἅμα
2697 4704 2764 4771 τῇ
2793 4700 2995 4768 άλώσει
3034 4701 3132 4772 τῆς
3164 4703 3373 4767 πόλεως
3413 4706 3583 4756 Ἀντιο

2051 4796 2204 4867 χείας
2247 4797 2342 4849 καὶ
2379 4797 2409 4849 6
2461 4795 2716 4866 βασιλεὺς
2753 4796 3090 4867 τεθνήξεται.
3127 4796 3291 4850 Ὅθεν
3344 4797 3436 4850 καὶ
3487 4799 3614 4867 περὶ

2052 4891 2125 4942 τὰ
2158 4890 2300 4960 μέρη
2328 4891 2512 4943 ἐκεῖνα
2541 4891 2632 4943 τὸν
2661 4889 2879 4960 Μιχαὴλ
2903 4890 3180 4961 Βούρτζην
3208 4893 3366 4961 ἀφεὶς
3398 4893 3614 4960 φύλακα

2053 4984 2149 5036 καὶ
2206 4983 2412 5053 Πέτρον
2461 4984 2588 5036 τινὰ
2647 4982 2900 5054 εὐνοῦχον
2966 4986 3465 5055 στρατοπεδάρχην,
3521 5003 3612 5037 και

2051 5073 2325 5145 δνσκήψας
2380 5075 2566 5138 αὐτοῖς
2617 5077 2867 5147 μηδαμοῦ
2911 5079 2979 5148 τῇ
3024 5076 3332 5148 ’Δντιοχείᾳ
3376 5079 3616 5145 προσόα-

2051 5164 2184 5225 λείν.
2238 5164 2376 5236 πρός
2427 5181 2491 5234 γε
2544 5165 2643 5236 τὴν
2699 5167 3090 5237 βασιλεύουσαν
3140 5169 3384 5238 ἔρχεται.
3408 5165 3551 5220 Ἀλλ’
3583 5171 3612 5222 ὁ

2053 5255 2326 5326 Βούρτζης
2371 5255 2544 5310 θέλων
2577 5257 2727 5328 αὑτῷ
2772 5259 3240 5328 περιποιήσασθαι
3283 5259 3456 5328 ὖνομα
3506 5257 3613 5311 τῶν

2055 5347 2157 5420 μὲν
2209 5349 2421 5402 ἐκείνου
2486 5349 2662 5417 λόγων
2722 5353 3074 5422 καταφρονεῖ,
3116 5352 3381 5414 παντοίως
3422 5351 3478 5404 ἃ
3515 5353 3612 5421 τὴν

2055 5441 2209 5493 πόλιν
2245 5441 2614 5512 πολιορκήσας
2637 5444 2900 5513 κατέσχεν
2933 5445 3124 5516 αὐτην.
3156 5443 3341 5496 Ταῦτα
3371 5445 3610 5512 πυθόμεο

2053 5547 2142 5593 νος
2177 5533 2205 5584 6
2245 5532 2460 5600 Φωκᾶς,
2498 5533 2592 5586 καὶ
2627 5533 2726 5587 οὐκ
2758 5534 2914 5600 ὀλίγα
2938 5533 3295 5605 δυσχεράνας,
3329 5533 3518 5605 ὓΰρεσί
3552 5551 3609 5585 τε

2053 5621 2244 5676 πλύνει
2268 5624 2360 5678 τὸν
2388 5625 2663 5697 Βούρτζην
2692 5628 2784 5679 καὶ
2827 5627 2923 5696 τῆς
2961 5626 3136 5697 ἀρχῆς
3173 5627 3463 5698 παραλύει.
3491 5626 3611 5680 Ἐν·

2054 5713 2244 5768 τεῦθεν
2275 5715 2366 5770 οὖν
2408 5719 2471 5771 τὸ
2511 5719 2632 5771 κατ’
2666 5717 2832 5773 αὑτοῦ
2894 5721 3048 5788 μῖσος
3099 5717 3365 5788 λαμὸἁνει
3416 5721 3606 5786 ἀρχὴν.

2057 5807 2198 5878 Πρὸς
2227 5807 2438 5875 τούτοις
2484 5811 2541 5865 δὲ
2592 5813 2685 5866 καὶ
2720 5812 2856 5873 ,τοὺς
2895 5814 3001 5867 ὑπὸ
3038 5814 3194 5884 χεῖρα
3239 5815 3350 5876 τοίς
3397 5810 3609 5882 συχνοῖς
