4070 6442
437 359 540 429 5ῖ3

1657 358 2057 422 ANNALIUM
2102 358 2295 422 PARS
2337 362 2434 425 IV.

3553 369 3658 433 574

433 478 633 532 ἐκάκου
673 474 984 542 ταξειδίοις,
1033 474 1173 527 κατὰ
1207 471 1377 544 μηδεν
1405 469 1601 531 αὐτοὺς
1635 470 1976 542 παραμυθού⁴

2092 470 2237 536 quod
2275 472 2533 528 nimirum
2561 475 2775 533 crebris
2811 477 3190 534 exactionibus
3218 479 3470 536 subditos
3502 497 3661 538 resa-

433 587 614 640 μενος.
647 568 810 622 Ἀλλά
849 567 946 622 καὶ
987 566 1054 621 τὰ
1086 565 1239 637 παρᾶ
1269 563 1535 635 βασιλέων
1560 562 1722 617 τινῶν
1747 563 1832 627 είς
1865 563 1990 615 εἰα-

427 660 736 731 γεῖςναοὺς
779 659 1098 712 τυπωθέντα
1147 657 1384 710 δίδοσθαι
1413 655 1597 709 τέλεον
1639 652 1825 723 ἔκοψε,
1860 669 1993 723 προ-

427 751 592 822 φάσει
614 750 708 803 τοῦ
731 750 794 802 τὸ
821 749 1078 818 δημόσιον
1123 745 1420 811 σπανίζειν.
1465 745 1647 815 Χωρὶς
1677 744 1844 798 αὑτοῦ
1871 743 1992 798 ἐπί-

430 857 632 903 σκοπος
657 841 760 894 οὐκ
789 838 1104 910 ἐψηφίζετο.
1133 837 1298 892 Ἀλλὰ
1326 838 1420 892 καὶ
1451 835 1722 890 θανόντων
1760 835 1988 889 ἐπισκό-

433 945 552 989 πων
582 932 863 1004 βασιλικὸς
907 931 1190 1002 ἄνθρωπος
1219 930 1396 984 tactio:
1427 927 1728 983 ἐστέλλετο.
1759 925 1990 981 Ἐσπού-

433 1025 558 1090 δαζε
589 1025 647 1080 δὲ
677 1024 774 1079 καὶ
810 1025 974 1093 νόμον
999 1023 1179 1087 θεῖναι
1201 1023 1326 1084 τοὺς
1345 1022 1404 1075 ὲν
1438 1020 1700 1090 πολέμοις
1725 1020 1989 1089 θνῆσκον.

435 1135 526 1183 τας
568 1116 831 1187 τιμᾶσθαι
867 1115 940 1178 ὡς
972 1114 1287 1186 μάρτυρας,
1307 1111 1418 1184 τὴν
1443 1110 1680 1182 ψυχικὴν
1713 1110 1987 1181 σωτηρίαν

429 1211 486 1263 ἐν
523 1210 669 1280 μόνῳ
725 1208 947 1279 πολέμῳ
982 1207 1206 1275 θέμενος
1263 1205 1358 1258 καὶ
1412 1203 1513 1258 οὐκ
1561 1203 1620 1255 ἐν
1667 1200 1812 1271 ἄλλῳ
1853 1199 1982 1257 τινί.

428 1303 568 1374 Πρὸς
615 1303 753 1373 ὅπερ
800 1301 835 1371 ή
884 1301 1101 1364 σύνοδος
1153 1299 1383 1368 ἀντέστη
1403 1336 1421 1361 .
1458 1297 1550 1352 τὸν
1594 1296 1688 1352 τοῦ
1741 1296 1982 1367 μεγάλου

425 1394 709 1449 Βασιλείου
758 1393 961 1447 κανόνα
995 1391 1286 1462 σύμμαχον
1333 1390 1536 1462 ἔχουσα
1568 1391 1660 1444 τὸν
1691 1389 1984 1445 ἐκτεθέντα

419 1487 509 1540 διά
550 1501 611 1554 γε
650 1486 778 1547 τοὺς
817 1487 874 1536 ὲν
907 1482 1127 1553 πολέμῳ
1171 1481 1528 1551 θνήσκοντας.
1563 1479 1742 1534 Πολλά
1784 1480 1839 1532 δὲ
1887 1481 1984 1536 καὶ

420 1581 518 1649 τὴν
552 1577 706 1630 πόλιν
736 1577 1001 1641 ὶκάκωσε,
1023 1576 1084 1628 τὸ
1111 1577 1285 1645 τεῖχο,
1318 1568 1519 1638 κτίζων
1538 1574 1647 1628 τῶν
1678 1574 1979 1628 παλατίων.

424 1671 595 1722 Τοῦτο
633 1669 688 1722 δὲ
745 1667 924 1720 ἐποίει
972 1664 1170 1720 ’δεδιὼς
1214 1668 1283 1720 τὰ.
1339 1662 1645 1735 τηνικαῦτα
1681 1665 1978 1735 λεγόμεναο

420 1762 514 1816 τοῦ
550 1763 810 1816 παλατίου
853 1759 948 1813 καὶ
996 1758 1106 1828 γὰρ
1140 1757 1290 1822 ἐντὸς
1321 1757 1505 1810 θανεῖν
1543 1757 1705 1811 αὑτὸν
1753 1774 1980 1827 προετε-

420 1857 704 1910 θέσπιστο.
737 1853 878 1907 ’Κατ’
905 1853 1082 1906 ἐκεῖνο
1122 1849 1180 1905 δὲ
1211 1850 1406 1922 καιροῦ
1433 1851 1541 1904 καὶ.
1557 1851 1706 1922 ἡλίου
1734 1849 1975 1920 ἔκλειψις

419 1952 610 2018 γέγονε
646 1949 776 2018 περὶ
819 1946 1010 2017 τρίτην
1057 1943 1210 2016 ὥραν
1262 1943 1362 2014 τῆς
1400 1945 1632 2014 ἡμέρας,
1691 1942 1831 1996 ὥστε
1882 1943 1977 1996 καὶ

419 2045 596 2112 ἄστρα
634 2041 886 2112 φανῆναι.
929 2039 997 2091 Ἦ
1041 2037 1222 2108 μέντοι
1250 2035 1507 2106 Θεοφανὼ
1551 2036 1648 2106 τὴν
1675 2035 1771 2089 τοῦ
1805 2037 1976 2106 Νικη-

421 2139 587 2207 φόρον
629 2133 922 2188 συνουσίαν
973 2132 1372 2202 ἀπεστρέφετο.
1433 2131 1588 2194 Τίνος
1637 2133 1858 2197 ἓιιεκεν;
1891 2133 1976 2186 an

422 2230 537 2298 βίον
569 2231 772 2291 ἐκεῖνος
812 2224 924 2294 εἶχε
973 2225 1249 2294 σώφρονα,
1288 2224 1570 2294 σαρκικῶν
1599 2223 1855 2293 ἀπείχετο
1889 2224 1976 2294 μί-

420 2323 574 2387 ξεων,
632 2324 952 2391 χαμευνίαις
999 2320 1242 2389 ἔχαιρεν.
1280 2317 1443 2372 Ὅθεν
1492 2319 1593 2371 οὐκ
1627 2319 1975 2389 άρεσκομένη

417 2417 622 2478 τούτοις
660 2416 693 2484 ἡ
753 2414 1011 2481 Θεοφανὼ
1058 2411 1151 2464 τὸν
1189 2409 1496 2480 Τζιμισχῆν
1531 2411 1972 2480 μεταπέμπεται,

419 2510 559 2564 κατά
589 2525 653 2575 γε
689 2508 786 2576 τὴν
813 2504 1010 2559 ἑαυτοῦ
1037 2503 1348 2574 καθήμενον
1371 2499 1540 2556 οἷκον
1570 2503 1768 2571 ἔφθασε
1803 2505 1911 2572 γὰρ
1948 2507 1975 2557 ό

417 2602 605 2662 Φωκᾶς
651 2599 740 2653 διά
769 2615 893 2651 τινα
937 2595 1175 2665 ὑποψίαν
1203 2593 1530 2663 παραλύσας
1559 2594 1720 2646 αὑτὸν
1753 2594 1851 2657 τῆς
1880 2594 1974 2648 τοῦ

419 2691 741 2764 δομεστίκου
775 2690 972 2762 ἀρχῆς.
1015 2687 1228 2750 Νυκτὸς
1257 2682 1351 2741 οὖν
1397 2684 1467 2739 ια’
1495 2684 1589 2739 τοῦ
1637 2687 1974 2756 Δεκεμϐρίου
2008 2745 2010 2748 ,

421 2787 615 2856 μηνὸς,
672 2784 832 2852 λόγου
892 2779 984 2850 ιγ’,
1029 2781 1143 2833 ἔτει
1203 2775 1376 2847 ,ςυοη⁹
1435 2778 1804 2832 ἀποστείλασα
1835 2779 1975 2846 ’ἄγει

418 2879 600 2934 τοῦτον
653 2878 789 2947 πρὸς
834 2877 925 2930 τὸν
974 2875 1365 2945 χειροποίητον
1395 2871 1640 2925 κάτωθεν
1672 2871 1769 2924 τοῦ
1799 2871 1975 2925 παλα-

423 2974 536 3024 τίου
571 2971 806 3040 λιμένα,
850 2968 1104 3021 κάκεῖθεν
1157 2966 1351 3034 ἀνάγει
1397 2982 1588 3018 τουτον
1627 2965 1714 3018 διὰ
1747 2966 1970 3035 κοφίνου

419 3069 514 3121 σὺν
570 3066 703 3120 πᾶσι
760 3066 872 3126 τοῖς
930 3061 1022 3117 ὑπ’
1054 3060 1242 3126 αὐτὸν,
1299 3059 1518 3131 Μιχαὴλ
1571 3059 1648 3129 τῷ
1700 3059 1969 3132 Βούρτζῃ,

2093 558 2185 614 bat
2212 577 2315 619 nec
2343 565 2452 619 ulla
2477 580 2574 621 cos
2605 583 2660 622 re
2691 569 3032 627 sublevabat.
3061 571 3330 628 Praeterea
3361 588 3496 643 quae.
3516 589 3624 628 non
3642 601 3660 616 ε

2092 653 2229 710 nulli
2274 655 2634 726 imperatores
2679 674 2777 730 per
2806 661 3170 718 Instrumenta
3213 665 3538 734 litterasque
3568 681 3660 720 sa-

2088 761 2214 804 cras
2264 749 2539 820 religiosis
2587 752 2806 822 tempiis
2851 754 3042 809 donari
3082 755 3380 826 iusserant,
3417 757 3521 811 sub
3549 757 3656 810 hoc

2089 847 2353 908 praetextu
2385 855 2611 910 prorsus
2634 840 2702 896 iis
2725 843 3159 914 pmcidit,.quod
3189 848 3442 902 marium
3474 846 3658 916 publi-

2085 946 2226 1008 cum
2246 930 2653 988 exhauriretur.
2682 934 2876 989 Nullus
2905 937 3135 993 antistes
3163 938 3304 992 citra
3344 939 3518 1008 ipsius
3545 955 3652 992 auo
3695 979 3699 987 .

2086 1020 2398 1078 ctoritatem
2449 1023 2880 1093 approbabatur.
2913 1026 3116 1093 Quodsi
3157 1029 3326 1085 etiam
3379 1030 3654 1086 antistites

2086 1113 2287 1170 alicubi
2320 1127 2692 1181 morerentur,
2722 1133 2789 1173 ex
2826 1120 2943 1174 suis
2971 1121 3209 1191 aliquem
3255 1139 3322 1176 eo
3371 1122 3648 1177 mittebat.

2085 1204 2283 1278 Legem
2318 1223 2514 1278 magno
2537 1208 2719 1264 studio
2747 1207 2894 1270 ferre
2931 1213 3264 1276 conabatur,
3296 1229 3404 1284 qua
3434 1224 3646 1270 statue-

2085 1308 2238 1355 retur
2265 1315 2454 1357 omnes
2484 1300 2536 1356 in
2566 1301 2769 1368 praeliis
2797 1303 3191 1360 accumbentes
3219 1319 3518 1378 martyrum
3547 1309 3652 1364 bo—

2083 1392 2318 1447 nuribus
2349 1393 2624 1448 ornandus
2652 1408 2772 1449 esse
2805 1410 2820 1450 :
2854 1395 3094 1464 ponebat
3141 1397 3288 1452 enim
3333 1397 3529 1454 animae
3567 1416 3656 1454 sa-

2085 1479 2252 1535 lutem
2287 1480 2344 1536 in
2377 1478 2498 1536 alia'
2529 1497 2586 1536 re
2631 1482 2780 1538 nulla
2808 1500 2972 1555 quam
3023 1486 3078 1540 in
3115 1487 3282 1543 bello.
3318 1486 3516 1543 Verum
3550 1489 3654 1545 liae

2086 1571 2141 1626 in
2175 1582 2330 1643 parte
2360 1573 2603 1644 synodus
2631 1575 2803 1646 ipsius
2828 1578 3090 1633 voluntati
3117 1587 3202 1634 est
3222 1581 3529 1646 adversata.
3555 1583 3652 1636 Bn-

2085 1663 2194 1719 silii
2227 1667 2409 1737 magni
2442 1681 2654 1722 canone
2688 1683 2790 1738 pro
2817 1684 2876 1724 se
2893 1670 3081 1735 citato,
3105 1671 3198 1742 qui
3230 1671 3297 1727 de
3320 1676 3655 1731 occumben-

2084 1755 2230 1811 tibus
2267 1757 2324 1812 in
2360 1759 2561 1828 praaliis
2581 1771 2664 1815 est
2686 1761 2854 1816 latus.
2882 1761 3030 1817 idem
3059 1762 3274 1820 Pbocas
3297 1765 3492 1822 urbem
3514 1783 3652 1836 quo-

2068 1863 2186 1918 que
2244 1850 2476 1906 miriﬁce
2527 1851 2838 1922 amigebat,
2890 1853 3020 1909 dum
3064 1857 3392 1926 palatiorum
3446 1863 3648 1914 muenia

2075 1943 2453 1999 snbstruebat.
2481 1944 2540 1997 id
2570 1953 2752 1999 autem
2785 1955 3069 2017 propterea
3108 1948 3363 2016 faciebat,
3402 1951 3550 2019 quod
3583 1968 3646 2005 ea

2074 2049 2196 2103 qua:
2218 2033 2379 2104 vulgo
2411 2033 2734 2088 ferebantur
2764 2046 3070 2103 metueret;
3101 2053 3224 2092 nam
3254 2040 3476 2094 oraculo
3507 2056 3648 2110 pro-

2075 2125 2250 2180 ditum
2272 2133 2391 2180 erat
2415 2122 2661 2179 futurum
2689 2136 2746 2180 ut
2775 2125 2830 2180 in
2854 2127 3054 2196 palatio
3079 2141 3404 2186 moreretur.
3430 2131 3649 2186 Accidit

2041 2267 2044 2270 .
2081 2225 2213 2272 tunc
2241 2215 2505 2285 temporis
2523 2215 2670 2270 circa
2703 2218 2917 2272 tertiam
2944 2219 3137 2276 horam
3159 2219 3266 2274 diei
3303 2229 3489 2276 tantus
3512 2223 3648 2276 solis

2072 2305 2342 2371 delectus,
2374 2317 2436 2362 ut
2461 2310 2579 2377 ipsa
2605 2306 2772 2362 etiam
2807 2307 2988 2363 sidera
3023 2312 3497 2380 conspicerentur.
3522 2311 3642 2367 iam

2075 2415 2207 2455 vero
2234 2400 2529 2470 Nicephori
2568 2400 3032 2458 consuetudinem
3063 2401 3402 2472 Tlieophano
3430 2417 3649 2457 aversa-

2076 2495 2256 2550 batur.
2301 2493 2678 2561 Quamobrem
2717 2495 2902 2550 istuc?
2933 2496 3078 2565 quod
3113 2503 3315 2552 castam
3349 2497 3438 2550 ille
3472 2496 3641 2551 vitam

2075 2597 2279 2657 ageret,
2331 2603 2361 2642 a
2407 2589 2688 2657 cortiorris
2719 2588 2885 2658 308
2903 2589 3265 2658 amplexibus
3296 2589 3596 2644 abstineret
3620 2629 3638 2656 ,

2075 2681 2228 2735 humi
2255 2680 2484 2739 cubaret
2513 2695 2686 2750 eaque
2715 2681 3051 2740 dormitione
3083 2683 3446 2738 delectaretur
3499 2682 3643 2749 Qua-

2074 2785 2297 2846 propter
2326 2775 2413 2830 ltis
2445 2773 2641 2829 marito
2675 2775 2918 2831 moribus
2949 2776 3024 2830 illi
3063 2776 3385 2845 displicente
3411 2816 3427 2841 ,
3468 2775 3640 2830 Zimi—

2075 2866 2260 2920 schem
2291 2864 2545 2929 arcessit,
2581 2865 2677 2934 qni
2707 2864 2855 2920 domi
2890 2881 3002 2922 suae
3033 2876 3142 2921 tum
3186 2868 3447 2937 temporis
3476 2867 3641 2938 dege-

2073 2955 2168 3010 bat
2195 2971 2212 3008 :
2251 2969 2376 3009 nam
2417 2955 2699 3025 aliquanto
2723 2966 2849 3010 ante
2877 2957 3093 3011 Pltocas
3120 2968 3344 3027 propter
3374 2958 3644 3026 suspicio-

2073 3061 2199 3100 nem
2225 3045 2516 3116 quamdam
2541 3046 2592 3102 ei
2626 3060 2828 3102 munus
2859 3048 3146 3103 domestici
3175 3050 3486 3105 scholarum
3516 3052 3618 3105 ade

425 3159 614 3212 Λέοντι
662 3155 931 3225 ταξιάρχῃ
970 3154 1048 3224 τῷ
1083 3151 1409 3222 Ἀϐαλάντῃ,
1452 3151 1528 3221 τῷ
1566 3149 1660 3203 τοῦ
1699 3147 1976 3220 Τζιμισχῆ

2081 3145 2276 3191 inerat.
2311 3137 2487 3192 Noctu
2522 3137 2685 3208 igitur
2730 3138 2797 3192 12
2833 3139 3170 3202 Decembris,
3213 3139 3514 3198 indictione
3549 3142 3638 3206 15.

418 3246 888 3317 ’Ᾱτζιποθεοδὼρῳ
913 3247 1008 3300 καὶ
1041 3246 1246 3314 ἑτέροις
1278 3243 1409 3296 τισί.
1445 3241 1978 3310 Καταλαμϐάνουσιν

424 3339 517 3395 οὖν
550 3340 706 3393 αὐτὸν
737 3339 823 3392 in’
857 3337 1086 3407 ἐδάφους
1125 3335 1493 3404 κοιμώμενον.
1522 3333 1748 3398 Ἐνυξεν
1777 3333 1806 3385 ό
1850 3333 1980 3396 Τζι-

424 3434 623 3505 μισχῆς
664 3432 752 3486 τὸν
791 3431 928 3486 πόδα
977 3427 1165 3492 αὑτοῦ,
1205 3427 1384 3496 καὶδὴ
1420 3427 1615 3498 μικρὸν
1662 3425 1974 3480 άνεκάθισε.

411 3528 516 3585 Καὶ
547 3527 846 3599 τηνικαῦτα
879 3524 1022 3578 κατὰ
1058 3521 1152 3577 τοῦ
1207 3521 1434 3594 κρανίου
1485 3519 1652 3574 αὐτοῦ
1689 3519 1918 3587 κατάγει
1945 3521 1973 3572 ό

410 3621 746 3690 Ἀϐαλάντης
792 3618 892 3690 τὴν
923 3615 1160 3685 σπάθην.
1199 3612 1330 3670 Εἶτα
1360 3613 1494 3684 πρὸς
1539 3612 1631 3666 τὸν
1668 3611 1975 3681 Τζιμισχῆν

415 3715 508 3769 ἐπὶ
533 3715 632 3782 τῆς
665 3709 950 3784 βασιλικῆς
979 3709 1168 3778 κλίνης
1199 3705 1498 3760 καθίσαντα
1525 3703 1781 3772 φέρουσιν
1805 3702 1968 3756 αὑτὸν

413 3803 873 3875 ὲμπαροινοῦντες
899 3802 993 3854 καὶ
1019 3795 1468 3870 βλασφημοῦντες
1515 3795 1595 3856 είς
1635 3791 1835 3857 αὐτόν,
1860 3809 1967 3863 μη-

414 3896 500 3948 δὲν
530 3894 656 3950 ἀλλο
683 3893 909 3960 λέγοντα
947 3892 1004 3962 ἣ.
1040 3907 1059 3940 ι
1094 3887 1290 3959 Κύριε.
1315 3884 1591 3956 ἐλέησον.»
1628 3883 1745 3948 καὶ,
1783 3899 1802 3935 ι
1836 3882 1966 3934 Θεο-

407 3990 559 4055 τόκε,
606 3985 898 4056 βοήθησον.
950 4000 969 4035 ι
999 3981 1154 4036 Ἐπεὶ
1205 3979 1265 4034 δὲ
1301 3977 1406 4030 ὑπὸ
1461 3975 1570 4029 τῶν
1613 3972 1965 4044 παρακοίτων

409 4083 512 4153 ἥδη
545 4077 1019 4148 κατεφωράθησαν
1051 4073 1148 4127 καὶ
1177 4070 1403 4134 πολλοὺς
1448 4069 1636 4138 ἑώρων
1667 4065 1973 4138 βοηθήσαν-

409 4191 530 4238 τας,
563 4173 662 4242 τὴν
687 4169 929 4239 κεφαλὴν
958 4165 1126 4220 αὑτοῦ
1153 4163 1525 4232 ἀποτέμνουσι
1563 4159 1660 4212 καὶ
1692 4157 1782 4213 διὰ
1817 4154 1972 4226 θυρί-

407 4261 494 4324 δος
541 4259 710 4329 αὐτὴν
740 4254 1206 4311 ὑποδεικνύουσιν.
1243 4253 1410 4308 Ὅθεν
1443 4250 1540 4305 καὶ
1586 4248 1739 4304 ἔνθεν
1770 4248 1966 4301 κάκεῖ-

409 4354 502 4406 θεν
525 4350 1002 4420 διεσκεδάσθησαν.

2079 3244 2226 3284 anno
2267 3230 2456 3284 mundi
2482 3229 2642 3293 6478,
2674 3229 2858 3286 missis
2889 3231 3230 3303 Theophane
3261 3234 3378 3290 suis
3401 3234 3642 3290 homini-

2076 3320 2180 3376 bus
2211 3320 2543 3376 Zimiscbem
2577 3320 2645 3377 ad
2685 3331 2903 3392 portum
2951 3339 3116 3380 manu
3162 3326 3494 3392 confectura,
3543 3329 3640 3398 qui

2071 3423 2156 3469 est
2181 3413 2319 3468 inl‘ra
2341 3413 2623 3483 palatium,
2648 3413 2847 3470 deduci
2870 3423 3050 3481 curat,
3069 3424 3125 3471 et
3147 3415 3464 3487 impositum
3485 3420 3639 3475 corbi

2071 3519 2197 3560 cum
2229 3503 2521 3572 universis,
2546 3519 2690 3574 quos
2720 3505 2824 3561 sibi
2856 3506 3125 3564 obnoxios
3163 3507 3425 3574 habebat,
3471 3511 3639 3567 nimi-

2071 3611 2192 3648 rum
2219 3593 2486 3651 Micbaelo
2514 3594 2688 3650 Burza
2708 3636 2724 3660 ,
2758 3595 2938 3651 Leone
2967 3596 3240 3654 Abaiante
3271 3599 3432 3664 duce,
3479 3602 3642 3656 fami-

2073 3688 2194 3744 liari
2225 3686 2522 3744 Zimischis
2537 3687 3050 3758 Azipotheodoroet
3072 3689 3200 3744 aliis
3215 3690 3551 3760 quibusdam
3584 3692 3641 3748 in

2072 3779 2332 3848 palatium
2362 3777 2605 3851 attrahit.
2639 3776 2704 3832 Hi
2733 3769 2973 3832 Phocatn
3003 3777 3156 3832 humi
3207 3779 3501 3834 cubantem
3551 3781 3638 3836 in-

2069 3870 2511 3940 veniunt._Ejus
2547 3867 2740 3939 pedem
2789 3870 2881 3925 ubi
2918 3869 3220 3926 limisches
3274 3873 3638 3943 pupugisset,

2070 3962 2296 4035 paulum
2341 3970 2562 4020 erectus
2605 3961 2893 4027 consedit;
2928 3976 3063 4018 mox
3119 3962 3417 4019 Abalantes
3451 3962 3640 4034 gladio

2065 4056 2318 4114 cranium
2337 4055 2460 4126 eius
2483 4052 2834 4125 transadigit.
2857 4053 2992 4110 Inde
3018 4054 3197 4124 ipsum
3216 4054 3284 4109 ad
3307 4053 3637 4112 Zimiscbem

2066 4149 2122 4206 in
2169 4146 2374 4204 lectulo
2404 4145 2762 4215 imperatorio
2789 4145 3122 4200 collocatum
3153 4144 3460 4214 adducunt,
3487 4147 3632 4214 tnui-

2065 4241 2248 4310 tisque
2274 4236 2628 4294 contumeliis
2671 4245 2726 4292 et
2763 4236 3032 4292 conviciis
3061 4237 3342 4308 exagitant
3363 4276 3380 4303 ,
3427 4236 3640 4295 nullum

2043 4331 2213 4388 aliud
2239 4331 2468 4387 verbum
2500 4328 2869 4400 proferentem
2921 4343 3087 4398 quam
3123 4344 3137 4382 :
3181 4346 3200 4382 ι
3232 4328 3488 4390 Domine.
3532 4329 3639 4382 nti-

409 4462 613 4512 screrc,
651 4463 668 4496 ι
714 4443 818 4510 vel,
857 4417 1211 4510 iOpitulare,
1246 4435 1496 4506 Deipara.
1525 4452 1545 4486 ι
1581 4431 1826 4489 Tandem
1879 4427 1973 4486 uhi
2015 4441 2103 4483 res
2129 4421 2485 4481 cubiculariis
2514 4420 2875 4483 innotuisset,
2943 4417 3164 4512 jamque
3201 4418 3402 4512 multos
3453 4432 3644 4512 aeaut.

409 4553 530 4596 rere
574 4509 864 4595 cernerent
907 4509 1074 4590 latum
1126 4546 1286 4600 opem
1368 4526 1716 4599 imperatori,
1771 4531 1936 4594 caput
1979 4519 2029 4577 ei
2065 4516 2394 4592 praecidunt,
2435 4514 2602 4584 idque
2632 4520 2906 4568 resectum
2938 4509 3328 4583 defensoribus
3361 4525 3461 4582 per
3488 4511 3639 4569 teneo

405 4646 571 4693 stram
599 4633 914 4691 ostendunt.
942 4631 1064 4697 Quo
1093 4629 1237 4684 facto
1267 4627 1398 4682 hinc
1427 4624 1555 4681 inde
1589 4622 1666 4678 illi
1713 4619 1966 4690 dissipati
2001 4615 2354 4688 aufugerunt.

478 4731 684 4800 Κρατεῑ
711 4721 804 4780 οὖν
830 4724 972 4796 μετὰ
993 4723 1084 4778 τὸν
1105 4722 1308 4775 »Φωκῶ
1348 4719 1378 4772 ό
1403 4715 1712 4788 Τζιμισχῆς
1751 4714 1846 4784 ἐτη
1876 4712 1956 4779 ἒξ,

2132 4709 2249 4764 Hoc
2282 4704 2446 4761 modo
2479 4712 2602 4774 post
2643 4700 2881 4757 Pboeam
2919 4699 3225 4756 Zimisches
3272 4699 3507 4770 imperio
3541 4715 3641 4757 sex

412 4819 912 4892 συμϐασιλεύοντας
957 4816 1098 4886 ἔχων
1146 4813 1296 4884 αὐτῷ
1328 4811 1454 4873 τοὺς
1489 4811 1639 4872 υἱοὺς
1680 4804 1963 4876 Ῥωμανοῦ

412 4910 688 4964 Βασίλειον
717 4906 812 4961 καὶ
837 4905 1265 4958 Κωνσταντῐνον.
1292 4895 1729 4968 Μεταπέμπεται
1761 4895 1820 4949 δὲ
1867 4894 1972 4947 Βα-

413 5004 610 5058 σίλειον
641 4997 1145 5072 παρακοιμώμενον
1191 4995 1284 5048 ᾶτε
1309 4992 1641 5062 δραστήριον
1673 4989 1801 5042 ὄντα
1839 5004 1973 5040 παν-

405 5098 612 5151 τάπασι
656 5094 750 5148 atati.
800 5091 1006 5153 ἱκανὸν,
1036 5087 1096 5140 ὃν
1135 5087 1198 5156 δὴ
1247 5088 1358 5150 ⁴καὶ
1399 5085 1429 5136 ό
1460 5083 1655 5145 ama;
1704 5080 1972 5152 πρόεδρον

409 5187 663 5258 ἐτίμησε.
719 5184 854 5238 Τότε
897 5181 962 5252 δὴ
1010 5182 1129 5232 τότε
1161 5176 1256 5231 τοῦ
1303 5166 1620 5244 ἀξιώματος
1647 5172 1776 5244 παρ’
1804 5169 1970 5226 αὑτοῦ

410 5280 745 5352 εὑρεθέντος,
795 5277 1016 5345 ἔρχεται
1051 5268 1356 5343 τηνικαῦτα
1391 5269 1528 5340 πρὸς
1582 5265 1682 5338 τὴν
1726 5265 1970 5335 μεγάλην

420 5369 767 5440 Ἐκκλησίαν.
797 5363 940 5420 Ἀλλ’
969 5362 1031 5416 οὐ
1065 5356 1424 5432 προσδέχεται
1447 5357 1610 5412 αὐτὸν
1652 5357 1687 5408 ό
1735 5354 1970 5410 Πολύευ-

409 5481 558 5527 κτος,
593 5463 768 5529 λέγων
787 5474 802 5488 '
841 5477 861 5510 ι
903 5456 965 5510 Et
1001 5453 1078 5526 μὴ
1105 5452 1230 5518 ἄξια
1259 5450 1506 5518 ποιήσεις
1527 5448 1840 5519 μετανοίας,
1869 5449 1972 5504 οὐκ

409 5557 650 5627 ὲττιὸήοῃ
690 5552 784 5607 τοῦ
838 5550 986 5604 θείου
1033 5545 1186 5602 ναοῦ.
1231 5563 1251 5600 ι
1299 5542 1491 5600 Ἔνθεν
1528 5558 1611 5596 τοι
1651 5542 1746 5596 καὶ
1794 5542 1973 5596 πάντα

409 5651 677 5720 ὑπέσχετο
709 5645 955 5715 ποιῆσαι.
1001 5637 1135 5695 Eius
1175 5638 1233 5695 δὲ
1287 5636 1364 5709 μὴ
1394 5635 1690 5704 αὐτόχειρα
1715 5635 1970 5702 γενέσθαι

405 5743 569 5796 αὐτὸν
594 5741 688 5796 τοῦ
721 5741 903 5803 ama,
941 5735 1276 5804 ’Δόαλάντην
1324 5730 1382 5786 δὲ
1416 5729 1510 5784 καὶ
1549 5726 1972 5792 Ἀτζιποθεόδω-

407 5851 499 5905 ρον
532 5833 780 5887 κελεύσει
807 5831 905 5903 τῆς
937 5828 1249 5898 δεσποίνης.
1282 5825 1386 5880 Ἦν
1407 5823 1471 5894 δὴ
1502 5819 1597 5876 καὶ
1623 5819 1968 5893 ἐξορισθῆναι

2065 4811 2242 4852 annos
2295 4795 2506 4866 potitus
2560 4802 2665 4860 est,
2727 4792 3018 4862 participes
3069 4793 3220 4862 regni
3273 4791 3533 4847 Basiliam
3583 4806 3640 4850 et

2065 4863 2485 4946 Constantinum
2514 4882 2745 4940 Romani
2794 4882 2935 4938 ﬁlios
2965 4883 3193 4939 habens.
3249 4882 3548 4938 Arcessivit
3585 4897 3640 4938 ct

2069 4973 2332 5037 Basiliam
2381 4977 2781 5035 cubicularium
2829 4987 3087 5046 tanquam
3147 4975 3427 5031 hominem
3479 4977 3644 5050 plane

2071 5069 2330 5142 gerendis
2363 5068 2529 5124 rebus
2571 5079 2758 5123 natum
2783 5077 2842 5135 et
2884 5067 3168 5134 idoneum,
3205 5083 3368 5137 quem
3403 5079 3460 5124 et
3497 5068 3638 5124 Phoo

2079 5179 2173 5218 cas
2207 5163 2419 5217 honore
2450 5162 2698 5233 praasidis
2725 5161 3040 5228 ornaverat,
3074 5162 3179 5216 hoc
3209 5162 3430 5218 nomine
3462 5162 3647 5232 digiti-

2079 5250 2208 5312 tatis
2233 5256 2302 5312 ab
2329 5270 2397 5311 eo
2421 5255 2658 5328 primum
2685 5254 2930 5309 invento.
2957 5253 3320 5324 Posteaquam
3356 5253 3646 5324 imperium

2077 5347 2403 5418 accepisset,
2435 5345 2502 5401 ad
2533 5346 2778 5418 Magnam
2813 5346 3102 5402 ecclesiam
3129 5362 3188 5401 se
3234 5344 3470 5401 contulit
3502 5362 3518 5400 :
3547 5343 3643 5398 sed

2075 5458 2106 5498 ει
2129 5435 2424 5511 Polyeucto
2444 5455 2552 5494 non
2574 5449 2659 5496 est
2675 5439 2969 5502 admissus,
2987 5439 3080 5510 qui
3106 5438 3316 5493 diceret
3331 5453 3390 5492 se
3418 5434 3644 5490 minime

2070 5548 2462 5591 concessurum
2497 5541 2558 5588 ut
2586 5531 2825 5587 divinam
2855 5531 3029 5586 adem
3063 5529 3465 5601 ingrederetur,
3498 5525 3552 5579 ui
3579 5541 3642 5576 ra

2067 5628 2222 5699 prius
2255 5627 2464 5683 faceret
2504 5640 2625 5696 qua:
2677 5624 3014 5695 paenitentiae
3043 5620 3424 5677 convenirent.
3471 5617 3644 5672 Ziml-

2067 5725 2229 5780 scbes
2275 5723 2365 5778 illa
2404 5733 2464 5778 se
2495 5721 2866 5792 praestiterunt
2906 5718 3089 5774 omnia
3121 5713 3434 5786 pollicetur.
3471 5700 3646 5766 Simul

2066 5817 2273 5875 indicat
2299 5817 2537 5872 Phocam
2568 5813 2637 5869 ab
2666 5827 2724 5869 se
2758 5811 2989 5868 minimc
3019 5807 3358 5863 trucidatum
3385 5819 3527 5872 esse,
3546 5803 3643 5858 sed
