4070 6464
360 417 362 419 ’
461 403 566 465 εἴη

1627 418 1630 420 ⁷
1719 394 2138 464 MICHAELIS
2175 401 2435 464 GLYCA!

3601 392 3704 462 580'

455 515 614 586 311
672 512 894 589 quidem
934 525 1002 566 ac
1056 509 1255 566 robore
1318 519 1524 580 patrem
1578 523 1881 580 superans,
1941 511 2036 566 sed

2143 511 2482 566 κτανθέντων
2511 503 2584 566 ὧν
2615 511 2669 564 δὲ
2703 512 2878 565 ἄλλων
2911 507 3308 580 χειρωθέντων,
3357 508 3452 562 καὶ
3504 508 3709 579 ἐτέρων

459 605 707 659 vicissim
767 604 1058 686 prudentia
1113 603 1420 672 mentisque
1484 603 1537 657 vi
1606 603 1792 658 multis
1856 603 2033 659 modis

459 701 661 769 impar.
713 699 786 753 Ita
827 697 1029 753 factum
1055 704 1113 752 ut
1160 697 1395 751 Basilius
1452 697 1750 768 imperator
1779 697 2038 766 Bulgaro-

461 807 580 846 rum
636 791 926 860 impcrium
989 791 1044 846 in
1099 789 1416 844 universum
1485 790 1732 856 tolleret,
1775 790 1897 844 aliis
1939 805 2038 867 eo-

444 902 578 939 rum
632 884 818 950 caesis,
868 884 992 938 aliis
1054 882 1109 937 in
1159 889 1484 954 potestatem
1551 881 1827 946 redactis,
1873 880 2034 945 aliis,

458 977 552 1047 qui
583 991 911 1047 quocunque
939 974 1158 1030 tandem
1201 973 1364 1028 modo
1403 973 1730 1043 superstites
1759 985 2038 1028 remanse-

459 1079 604 1134 rant,
647 1069 734 1123 vel
770 1067 940 1123 invite
969 1067 1072 1137 ipsi
1112 1081 1170 1121 se
1215 1064 1569 1120 dedentibus.
1598 1063 1742 1131 Quin
1789 1073 1845 1120 et
1881 1064 2037 1120 Acri-

460 1161 586 1218 dem
614 1161 815 1232 ipsam,
852 1175 963 1230 quo
996 1160 1052 1215 in
1084 1159 1290 1228 oppido
1326 1160 1472 1229 regia
1501 1159 1864 1230 Bulgarorum
1898 1169 2040 1226 erat,

461 1251 790 1322 occupavit;
813 1251 1052 1320 indeque
1081 1266 1309 1320 magnas
1333 1266 1485 1321 opes,
1509 1265 1751 1322 gemmas
1779 1250 2040 1304 nimirum

461 1353 519 1399 et
565 1345 801 1398 uniones
829 1344 1060 1412 aurique
1113 1342 1460 1397 centenarios
1516 1350 1737 1396 centum
1790 1339 2078 1396 abstulit.-

465 1432 778 1487 Secundum
828 1431 946 1485 haec
991 1430 1234 1485 Athenas
1283 1431 1582 1500 profectus,
1638 1444 1761 1484 cum
1809 1443 2041 1482 munera

465 1522 767 1593 gratiarum
815 1519 1050 1575 actionis
1108 1533 1239 1588 ergo
1291 1519 1538 1588 Deiparze
1591 1526 1718 1572 vota
1770 1516 2043 1571 reddidis-

463 1618 578 1678 set,
624 1625 689 1665 ac
740 1609 884 1664 illius
940 1608 1204 1678 templum
1251 1607 1438 1662 multis
1501 1605 1680 1677 iisque
1738 1604 2044 1675 splendidis

465 1713 522 1760 et
569 1703 876 1772 magnificis
928 1700 1169 1755 donariis
1203 1706 1476 1763 ornasset,
1525 1697 1741 1769 Cpolim
1785 1710 2043 1752 reversus

2141 603 2302 668 αὖθις
2330 604 2438 657 τῶν
2467 604 2826 674 ὁπωσδήποτε
2862 601 3324 674 καταληφθέντων
3353 601 3452 655 καὶ
3485 601 3557 670 μὴ
3587 600 3714 671 βου-

2137 697 2382 766 λομένων
2435 694 2586 766 αὐτῷ
2643 693 3073 764 προσελθόντων.
3124 695 3234 748 Καὶ
3298 693 3471 762 αὐτὴν
3517 691 3574 746 δὲ
3618 693 3715 763 τὴν

2151 781 2398 860 ’ἂκρίδω
2418 785 2542 840 καθ’
2578 788 2645 858 ἢν
2677 786 2746 840 τά
2782 785 3040 858 βασίλεια
3072 786 3180 841 τῶν
3207 785 3536 856 Βουλγάρων
3562 785 3718 847 ἐτύγέ

2139 897 2295 951 χανε,
2337 881 2598 950 κατέσχεν
2620 895 2632 908 ⁸
2667 879 2760 946 ἀφ’
2789 876 2858 951 ἦς
2887 880 2981 932 καὶ
3024 882 3280 950 χρήματα
3309 864 3501 945 πολλά,
3536 879 3716 942 λίθους

2137 971 2346 1043 δηλαδὴ
2379 972 2473 1024 καὶ
2531 977 2852 1042 μα’ργάρους
2896 972 2992 1026 καὶ
3025 972 3229 1043 χρυσοῦ
3286 972 3616 1043 κεντηνάρια
3648 975 3714 1040 ρ’,

2141 1064 2414 1132 ἀφείλετο.
2442 1064 2596 1118 Μετὰ
2622 1063 2798 1117 ταῦτα
2826 1063 2881 1116 δὲ
2908 1065 3088 1118 πάντα
3112 1066 3173 1118 ὲν
3206 1063 3460 1134 Ἀθήναις
3490 1063 3718 1132 γενόμε-

2139 1173 2252 1220 νος,
2285 1157 2380 1209 καὶ
2430 1158 2500 1209 τὰ
2553 1156 2652 1225 τῆς
2712 1156 2868 1224 νίκης
2908 1156 3312 1227 εὐχαριστήρια
3369 1158 3434 1226 τῇ
3469 1155 3718 1224 Θεοτόκῳ

2141 1247 2403 1314 ἀποδοὺς,
2433 1248 2528 1300 καὶ
2560 1247 2878 1318 ἀναθήμασι
2912 1248 3127 1311 πολλοῖς
3175 1246 3452 1319 λαμπροῖς
3482 1248 3578 1302 καὶ
3618 1263 3719 1298 πο-

2143 1339 2390 1392 λυτελέσι
2423 1340 2709 1411 κοσμήσας
2756 1340 2848 1392 τὸν
2883 1341 3032 1403 ναὶν,
3075 1339 3418 1410 ὑπέστρεψεν
3451 1342 3532 1403 είς
3567 1341 3720 1393 Κων-

2145 1431 2613 1496 σταντινούπολιν,
2646 1432 2738 1484 καὶ
2771 1434 2858 1485 διὰ
2883 1431 2990 1484 τῶν
3039 1433 3292 1498 μεγάλων
3325 1431 3511 1484 πυλῶν
3534 1429 3718 1500 χρυσῷ

2145 1521 2396 1588 στεφάνῳ
2422 1521 2586 1592 λόφον
2613 1522 2922 1592 ιφύπερθεν
2947 1522 3128 1593 ἔχοντι
3155 1520 3553 1593 ἐθριάμϐευσεν
3573 1523 3721 1573 ἑστε-

2149 1612 2493 1682 φανωμένος,
2549 1613 2973 1684 προηγουμένης
3017 1612 3239 1682 Μαρίας
3273 1614 3378 1682 τῆς
3408 1608 3501 1666 τοῦ
3531 1611 3722 1666 Βλθαδι-

2145 1703 2383 1758 σθλὰδου
2421 1704 2680 1773 γυναικὸς
2712 1705 2808 1758 καὶ
2843 1707 2953 1758 τῶν
2979 1706 3074 1759 τοῦ
3110 1704 3366 1776 Σαμουὴλ
3404 1703 3724 1775 θυγατέρων

467 1806 570 1860 cst,
623 1809 898 1864 aureaque
945 1808 1151 1848 corona
1203 1791 1517 1856 redimitus,
1555 1805 1676 1860 qua:
1707 1789 1929 1845 cristam
1985 1797 2040 1842 et

2149 1798 2386 1852 καὶτῶν
2426 1798 2635 1851 λοιπῶν
2680 1797 3032 1868 Βουλγάρων,
3065 1798 3162 1852 καὶ
3214 1797 3357 1852 οὕτω
3408 1797 3546 1868 μετά
3596 1813 3722 1866 τρο-

466 1893 681 1957 apicem
733 1860 997 1955 iniparte
1046 1883 1332 1954 superiore
1382 1881 1656 1945 habebat,
1713 1895 1813 1950 per
1857 1886 2040 1950 portas

2150 1880 2329 1943 τῖαίων
2357 1893 2414 1944 ὲν
2445 1893 2513 1961 τῇ
2570 1860 2842 1963 ἐκκλησία
2872 1860 3148 1961 εἰσῆλθεν.
3181 1895 3281 1945 Ὃν
3308 1891 3375 1962 δὴ
3408 1860 3514 1944 ’καὶ
3551 1860 3721 1944 πολλὰ

465 1993 689 2050 magnas
723 1977 1003 2047 ingressus
1036 1973 1376 2044 triumphum
1403 1973 1536 2043 egit,
1559 1974 1906 2041 praecedente
1929 1968 2040 2023 Ma-

2145 1981 2445 2052 τηνικαῦτα
2494 1982 2856 2057 κατελιπάρει
2899 1986 2928 2036 ὁ
2955 1985 3305 2054 πατριάρχης
3335 1983 3565 2054 Σέργιος
3597 1981 3722 2034 σϐέ-

464 2072 546 2126 ria
574 2069 862 2126 Vladislavi
897 2081 1068 2123 uxore
1103 2081 1228 2121 cum
1253 2064 1496 2120 Samueli
1532 2063 1754 2117 filiabus
1779 2062 2040 2131 reliquis-

2149 2092 2242 2128 σαι
2272 2077 2331 2128 τὸ
2380 2074 2784 2144 ἀλληλέγγυονον
2814 2071 2882 2148 ἦν
2926 2077 3037 2147 γὰρ
3075 2076 3451 2146 ὑποσχόμενος
3499 2074 3724 2142 ποιῆσαι

465 2177 572 2231 que
603 2160 876 2232 Bulgaria.
909 2158 1024 2214 Hoc
1055 2156 1220 2212 modo
1245 2171 1370 2211 cum
1400 2154 1647 2211 victoria:
1673 2154 1844 2224 signis
1871 2153 1927 2206 in
1956 2167 2040 2208 ec-

2145 2165 2330 2232 τοῦτο,
2358 2168 2408 2219 εί
2438 2168 2548 2219 τῶν
2591 2168 2922 2238 Βουλγάρων
2956 2166 3395 2238 ὑπερισχῦσειεν.
3446 2163 3587 2218 Ἀλλ’
3623 2165 3724 2218 οὐκ

466 2257 692 2312 clesiam
713 2253 956 2308 delatum
975 2251 1178 2306 obnixe
1202 2248 1516 2320 patriarcha
1546 2246 1769 2317 Sergius
1787 2246 2040 2301 obsecra-

2145 2259 2356 2315 επεισε.
2391 2259 2580 2314 Ταῦτα
2629 2259 2729 2329 μὲν
2767 2259 2860 2314 οὖν
2907 2261 3088 2315 πάντα
3119 2260 3344 2318 τελέσας
3382 2259 3412 2313 ὁ
3467 2257 3722 2329 βασιλεὺς

466 2349 582 2414 bat,
616 2357 676 2402 ut
710 2346 977 2400 tributum
1009 2342 1146 2398 illud
1176 2341 1322 2412 quod
1341 2342 1718 2413 Allelengyum
1751 2339 2040 2394 dicebatur

2150 2351 2249 2405 καὶ
2276 2353 2418 2405 κατά
2443 2353 2544 2421 τῆς
2567 2352 2820 2416 Σικελίας
2853 2351 3256 2422 ἐκστρατεῦσαι
3289 2353 3561 2406 ἐϐούλετο.
3583 2345 3730 2404 Ἀλλ’

464 2440 713 2496 aboleret
766 2455 782 2492 :
837 2451 963 2490 nam
1006 2435 1058 2489 id
1121 2451 1180 2489 se
1237 2435 1510 2489 facturum
1576 2432 1932 2502 promiserat,
1987 2432 2034 2487 si

2149 2443 2399 2514 ἐκωλύθη
2427 2459 2442 2475 ο
2498 2444 2637 2515 νόσῳ
2682 2444 2796 2515 γὰρ
2845 2445 3097 2515 αίφνιδίῳ
3149 2445 3435 2514 συσχεθεὶς
3486 2445 3719 2510 άπεϐίω,

469 2533 729 2602 Bulgaros
772 2536 1106 2597 superasset.
1139 2526 1342 2583 Verum
1389 2540 1452 2580 ea
1513 2539 1600 2580 res
1651 2525 1856 2581 frustra
1908 2525 2032 2588 fuit,

2153 2535 2250 2588 ttat
2283 2535 2549 2588 θάπτεται
2589 2537 2648 2588 ἐν
2673 2533 2752 2604 τῷ
2785 2535 2928 2589 κατὰ
2959 2536 3228 2604 Ἐσδομον
3257 2535 3369 2605 ναῷ
3405 2535 3500 2588 τοῦ
3528 2535 3722 2589 Θεολύ-

471 2623 804 2692 imperatore
821 2626 881 2673 ut
899 2616 950 2672 id
966 2616 1190 2682 faceret,
1221 2615 1537 2687 persuaderi
1556 2614 1660 2670 sibi
1684 2630 1794 2670 non
1813 2615 2040 2671 ferente.

2149 2642 2269 2694 γςυ,
2313 2625 2552 2689 ’Δλέξιον
2601 2625 2836 2696 μοναχδν
2860 2625 2971 2677 ἀπὸ
3007 2625 3176 2694 μονῆς
3201 2623 3298 2677 τοῦ
3331 2623 3582 2678 Στουδίου
3615 2637 3724 2674 πα-

469 2713 564 2770 llis
604 2712 772 2768 rebus
815 2712 987 2783 gestis
1013 2711 1180 2766 etiam
1215 2709 1494 2781 cogitabat
1524 2709 1578 2762 in
1606 2707 1857 2764 Siciliam
1889 2709 2040 2763 Basi-

2147 2719 2420 2791 τριάρχην
2468 2715 2844 2787 ἐνθρονιάσας.
2895 2717 3093 2786 Ἔτυχε
3128 2715 3237 2786 γὰρ
3296 2717 3374 2780 είς
3435 2713 3723 2783 ἱπίσκεψιν

465 2807 578 2866 lius
621 2805 1029 2878 expeditionem
1069 2804 1375 2876 suscipere,
1423 2818 1536 2873 quo
1603 2804 1659 2858 in
1695 2813 1893 2858 conatu
1943 2801 2040 2857 fuit

2143 2808 2311 2863 αὐτοῦ
2343 2805 2518 2861 ἐλθεῖν
2556 2807 2694 2878 μετὰ
2722 2809 2824 2876 τῆς
2857 2806 3047 2874 τιμίας
3077 2805 3321 2875 κεφαλῆς
3351 2803 3446 2859 τοῦ
3488 2803 3725 2874 1190895-

467 2900 786 2971 impeditus.
827 2899 1041 2970 Quippe
1079 2899 1372 2969 repentino
1407 2903 1699 2966 correptus
1729 2896 1926 2950 morbo
1966 2895 2040 2950 vi-

2147 2917 2252 2970 μου
2278 2915 2296 2932 ⁶
2337 2898 2530 2954 τοῦτον
2577 2897 2806 2970 καὶγὰρ
2837 2894 2956 2968 εἶχε
3010 2897 3315 2968 σύμϐουλον
3347 2897 3477 2970 πρὸς
3505 2897 3603 2965 τὴν
3629 2895 3720 2949 τοῦ

467 2994 629 3050 vendi
656 2993 815 3049 linem
841 2993 992 3059 fecit,
1018 2991 1074 3046 in
1097 2991 1303 3061 templo
1323 2988 1554 3047 Joannis
1585 2987 1874 3059 Theologi',
1895 2989 2040 3058 quod

2142 2991 2323 3046 κοινοῦ
2348 2990 2637 3060 διοίκησιν.

465 3091 726 3162 cstjuxta
756 3088 1123 3150 Hebdomum,
1155 3086 1426 3156 sepultus.
1493 3083 1743 3138 Mettium
1803 3085 2110 3140 solitarium
2146 3100 2180 3141 e
2225 3086 2513 3141 mansione
2565 3085 2830 3141 Studiana
2885 3084 3211 3139 translatum
3259 3086 3314 3140 in
3370 3087 3570 3142 solium
3624 3099 3718 3154 pa-
3821 3148 3832 3153 ι

469 3185 724 3242 triarcha:
753 3181 1041 3238 collocavit
1072 3196 1235 3234 :nam
1266 3179 1358 3234 ille
1385 3193 1512 3233 cum
1558 3177 1862 3234 venerabili
1922 3179 2102 3247 capite
2141 3178 2506 3234 Praecursoris
2546 3177 2938 3248 imperatorem
2975 3177 3396 3233 decumbentem
3435 3181 3717 3248 inviseret,

465 3282 560 3352 qui
581 3281 780 3337 eodem
833 3277 1152 3333 consiliario
1199 3275 1255 3330 in
1297 3274 1740 3329 administranda
1780 3289 1840 3330 re
1867 3273 2085 3344 publica
2122 3277 2198 3330 uti
2222 3283 2604 3330 consueverat.

535 3378 664 3431 Post
714 3369 900 3426 Basilii
947 3379 1180 3423 mortem
1225 3367 1483 3420 universa
1539 3364 1756 3434 imperii
1804 3373 2040 3435 potestas

2216 3365 2373 3420 Μετὰ
2430 3364 2486 3417 δὲ
2535 3363 2813 3417 Βασίλειον
2865 3367 2967 3435 τὴν
3026 3365 3249 3420 ἃπασαν
3297 3363 3392 3437 τῆς
3448 3366 3722 3436 βασιλείας

466 3469 536 3523 ad
596 3476 974 3520 successorem
1013 3469 1068 3514 et
1121 3459 1348 3513 fratrem
1401 3457 1574 3526 ipsius
1613 3455 2040 3511 Constantinum

467 3560 645 3615 delata
700 3555 823 3621 fuit,
872 3554 966 3624 qui
1023 3551 1309 3609 biennium
1355 3549 1524 3604 rebus
1567 3547 1806 3618 praefuit.
1855 3547 2041 3603 Basilii

467 3653 650 3708 fratris
666 3647 917 3717 exemplo
935 3659 1282 3716 nequaquam
1303 3642 1596 3712 imperium
1617 3640 1856 3698 ornavit.
1877 3639 2042 3693 homo

468 3741 824 3800 saltatriculis
859 3746 917 3794 et
963 3729 1287 3792 ludionibus
1321 3734 1563 3790 deditus.
1600 3733 1868 3789 Prwterea
1897 3731 2042 3785 ludis

467 3833 838 3906 equestribus,
875 3838 935 3885 ut
968 3828 1281 3883 mortalium
1328 3826 1468 3881 alius
1497 3841 1678 3889 nemo,
1710 3832 2040 3894 perpetuum

383 3937 390 3945 '
467 3934 790 3996 occupatus,
825 3935 1043 3977 omnem
1074 3918 1142 3973 de
1172 3933 1230 3973 re
1257 3917 1475 3988 publica
1510 3917 1932 3972 sollicitudinem
1959 3924 2044 3969 at-

466 4033 575 4089 que
613 4029 802 4071 curam
838 4009 1286 4080 ﬂoccipendehat.
1321 4009 1374 4064 Si
1403 4024 1542 4079 quos
1584 4009 1834 4063 homines
1870 4007 2043 4062 alicu-

460 4113 550 4180 jus
575 4107 736 4179 pretii
755 4103 1086 4174 reperiebat,
1113 4117 1207 4156 eos
1233 4110 1375 4157 statu
1398 4116 1500 4156 suo
1520 4100 1764 4170 deiectos
1791 4113 2036 4153 excaeca-

467 4206 579 4267 bat,
614 4201 943 4268 illorumque
969 4195 1092 4251 loco
1123 4195 1474 4267 magistratus
1502 4194 1625 4248 aliis
1642 4193 1800 4264 plane
1826 4191 2041 4248 stolidis

466 4292 828 4362 ridiculisque
883 4288 1195 4343 mandabat.
1257 4287 1447 4357 Neque
1508 4272 1814 4356 pauperum
1863 4271 2040 4337 "tuodo

469 4385 741 4450 fortunas,
771 4379 867 4435 sed
896 4380 1060 4434 etiam
1081 4377 1414 4447 locupletum
1445 4374 1673 4430 attrivit.
1705 4373 1842 4430 Nam
1878 4373 2045 4428 trien-

464 4479 581 4542 nio,
613 4489 724 4546 quo
755 4470 1201 4542 tcmpusimperii
1231 4469 1355 4540 eius
1374 4469 1710 4532 continetur,
1743 4465 2044 4536 Quinquies

465 4582 497 4622 a
530 4565 766 4623 subditis
795 4565 1110 4620 exactiones
1140 4561 1472 4632 postulavit;
1509 4575 1744 4630 quarum
1773 4559 1912 4612 duas
1931 4559 2043 4612 fra-

463 4669 552 4716 ter
575 4659 747 4732 ipsius
773 4666 932 4712 antea
967 4655 1231 4724 subjectis
1260 4653 1691 4709 condonaverat.
1719 4650 2038 4706 Secundum

465 4753 581 4809 lucc
645 4747 840 4806 morbo
874 4748 1056 4804 subito
1098 4755 1404 4814 correptus,
1459 4758 1620 4812 quem
1669 4755 2041 4796 successorem

467 4845 681 4916 imperii
727 4841 1086 4912 relinqueret,
1127 4849 1314 4912 secum
1347 4836 1464 4906 ipse
1491 4833 1794 4888 deliberare
1853 4831 2040 4902 capit.

462 4934 711 5006 Cumque
736 4937 803 4990 de
831 4930 1111 4989 nonnullis
1131 4928 1435 4999 accepisset
1457 4926 1684 4982 omnino
1709 4924 1950 4980 futurum
1981 4933 2042 4978 ut

463 5037 587 5100 post
631 5029 806 5098 ipsum
835 5025 1116 5078 Romanus
1160 5020 1392 5090 imperio
1423 5017 1728 5084 petiretur,
1769 5017 1860 5087 qui
1897 5024 2043 5071 esset

462 5119 671 5174 ordinis
707 5114 969 5172 senatorii
1019 5121 1077 5166 et
1108 5109 1438 5182 Argyropuli
1477 5115 1902 5178 cognomentum
1942 5107 2040 5161 ha-

461 5216 640 5275 beret,
672 5206 1002 5264 necessitate
1023 5204 1259 5273 quadam
1291 5209 1520 5272 urgente
1551 5200 1714 5271 312
1745 5200 1924 5254 virum
1954 5215 2040 5253 ar-

458 5303 600 5360 cessi
644 5301 824 5372 jubet,
878 5297 1271 5367 optionemque
1323 5295 1409 5349 vel
1459 5294 1633 5348 invito
1679 5292 1795 5357 dat,
1831 5300 1893 5346 ut
1941 5298 2040 5345 aut

459 5393 702 5465 legitima
732 5404 857 5446 cum
895 5401 1065 5444 uxore
1101 5387 1336 5441 divortio
1367 5385 1510 5441 facto
1540 5384 1704 5440 filiam
1741 5382 2040 5454 imperato-

459 5487 536 5542 ris
562 5482 914 5540 matrimonio
938 5481 1039 5536 sibi
1060 5480 1316 5552 iungeret
1341 5495 1406 5534 ac
1432 5479 1730 5550 imperator
1749 5480 1855 5535 hoc
1876 5487 2040 5549 pacto

458 5577 888 5637 renuntiaretur,
918 5581 1013 5628 aut
1034 5573 1224 5628 oculos
1253 5588 1351 5642 per
1371 5575 1794 5628 excaecationem
1818 5571 2037 5626 amitte-

457 5683 563 5728 ret.
593 5669 729 5724 Cum
756 5667 810 5722 in
851 5678 1141 5736 utramque
1173 5675 1383 5737 partem
1414 5667 1695 5722 Romanus
1725 5665 1894 5720 animi
1928 5666 2034 5718 du-

452 5763 580 5818 bius
609 5773 665 5816 ct
697 5760 896 5814 anxius
926 5758 1178 5823 haereret,
1212 5774 1351 5812 uxor
1389 5758 1561 5829 ipsius
1591 5759 1763 5812 verita
1793 5773 1860 5812 tte
1896 5755 2029 5825 quid

451 5854 675 5907 crudele
701 5853 821 5913 viro
851 5842 1148 5918 accideret,
1171 5860 1365 5922 sponte
1391 5867 1489 5906 sua
1523 5849 1832 5904 mundanus
1859 5847 2032 5915 capit-

2145 3457 2396 3527 ἐξουσίαν
2425 3460 2453 3512 ὁ
2491 3456 2718 3525 ἁδελφὸς
2753 3448 2926 3510 αὺτοῦ
2954 3458 3370 3518 Κωνσταντῖνος
3390 3458 3719 3528 διαδέχεται,

2146 3553 2429 3622 κρατήσας
2459 3551 2554 3620 ἐτη
2592 3556 2664 3619 γ’,
2721 3551 2770 3603 εί
2809 3549 2883 3620 μὴ
2919 3552 3016 3605 καὶ
3071 3553 3196 3604 κατ’
3252 3553 3462 3605 ἐκεῖνον
3515 3553 3724 3621 ταύτην

2145 3646 2441 3717 ἐκόσμησε,
2489 3644 2708 3713 γυναιξὶ
2759 3647 2968 3716 χαίρων
3019 3647 3382 3716 ὁρχηστρίαις
3433 3649 3529 3700 καὶ
3572 3647 3722 3714 φιλο-

2141 3737 2449 3807 παίγμοσιν
2471 3754 2487 3770 ·
2517 3737 2654 3792 ἀλλὰ
2690 3739 2787 3790 καὶ
2839 3739 2976 3810 πρὸς
3011 3739 3376 3808 ἱπποδρομίας
3420 3737 3495 3801 ὡς
3547 3737 3719 3801 οὐδεὶς

2143 3831 2334 3902 ἕτερος
2362 3830 2632 3902 κεχηνὼς,
2673 3832 2771 3902 τὴν
2807 3831 2902 3884 τοῦ
2937 3831 3120 3884 κοινοῦ
3152 3832 3412 3901 φροντίδα
3455 3833 3530 3896 ὡς
3568 3833 3720 3886 οὐδὲν

2147 3907 2450 3995 ἡγούμενος
2492 3922 2582 3996 ἦν.
2612 3927 2724 3979 Καὶ
2757 3925 2851 3988 οὒς
2899 3925 2999 3994 μὲν
3052 3919 3212 3995 εὗρεν
3268 3925 3467 3994 ἄνδρας
3513 3923 3716 3990 ἀξιολό-

2146 4034 2298 4086 γους,
2331 4017 2617 4086 κατήγαγε
2643 4019 2737 4069 καὶ
2766 4016 3150 4085 ἁπετύφλωσε,
3183 4016 3316 4087 πρὸς
3338 4016 3394 4068 δὲ
3427 4017 3525 4077 τὰς
3545 4014 3718 4086 ἀρχὰς

2133 4110 2369 4179 ¹ἐτέρους
2425 4108 2750 4172 ἀνεϐίϐαζεν
2807 4110 3035 4179 ἀφελεῖς
3099 4112 3198 4164 καὶ
3247 4111 3432 4176 ἀξίους
3464 4112 3718 4178 γέλωτος.

2145 4199 2445 4268 Συνέτριψε
2480 4198 2536 4251 δὲ
2567 4201 2628 4251 οὐ
2660 4200 2823 4269 μόνον
2849 4200 3090 4271 πένητας
3118 4200 3254 4254 ἀλλὰ
3283 4200 3377 4253 καὶ
3408 4201 3716 4262 πλουσίους.

2157 4289 2249 4344 Ἐν
2273 4291 2419 4360 τρισὶ
2452 4291 2560 4359 γὰρ
2586 4290 2878 4353 {team-tv
2913 4285 3004 4353 οἷς
3036 4290 3130 4343 καὶ
3165 4288 3230 4344 τὸ
3273 4292 3380 4344 πᾶν
3422 4293 3524 4360 τῆς
3552 4288 3714 4344 αὑτοῦ

2147 4380 2449 4452 βασιλείας,
2503 4381 2664 4434 πέντε
2713 4381 3090 4451 δασμοφορίας
3139 4382 3429 4453 ἀπῄτησεο
3477 4384 3571 4444 τὰς
3611 4383 3715 4451 γὰρ

2145 4474 2238 4526 δύο
2263 4473 2451 4541 ἔτυχεν
2489 4474 2648 4540 ἀφεὶς
2682 4475 2710 4526 ὁ
2752 4473 2985 4541 ἀδελφὸς
3027 4473 3217 4526 αὐτοῦ.
3260 4474 3422 4527 Μετὰ
3455 4473 3515 4526 δὲ
3547 4471 3716 4524 ταῦτα

2147 4565 2402 4634 αἰφνιδίῳ
2426 4567 2566 4633 νόσῳ
2603 4565 2891 4634 συσχεθεὶς
2924 4564 3224 4618 σκέπτεται
3254 4565 3376 4616 τίνα
3404 4563 3717 4631 καταλείψει

2146 4653 2413 4723 διάδοχον.
2455 4654 2599 4731 Πρός
2639 4671 2800 4707 τινων
2851 4651 2944 4706 οὖν
2984 4654 3322 4724 ὲκδιδαχθεὶς
3356 4654 3434 4719 ὡς
3467 4655 3546 4717 είς
3584 4651 3715 4706 Ῥω-

2149 4743 2320 4814 μανὺν
2372 4744 2434 4797 τὸ
2465 4745 2664 4815 κράτος
2718 4744 2836 4813 μετ’
2869 4746 3033 4799 αὑτὸν
3093 4747 3429 4818 φοιτήσειεν,
3484 4748 3578 4801 ἕνα
3621 4749 3718 4818 μὲν

2142 4831 2271 4884 ὂντα
2291 4832 2402 4886 τῶν
2431 4831 2536 4901 τῆς
2565 4832 2898 4904 συγκλήτου,
2924 4834 3226 4907 λεγόμενον
3254 4837 3309 4891 δὲ
3346 4838 3719 4907 ’Λργυρόπουι

2141 4923 2254 4988 λον,
2286 4924 2346 4990 ἐξ
2375 4926 2628 4996 ἀνάγκης
2655 4927 2746 4978 τὸν
2777 4928 3022 4980 τοιοῦτον
3067 4930 3520 5000 μεταπέμπεται,
3549 4925 3594 5000 ᾧ
3626 4933 3718 4985 καὶ

2139 5018 2357 5087 ἀνάγκη
2384 5018 2636 5071 ἐπέκειτο
2660 5017 2693 5088 ἢ
2722 5018 3050 5088 διαζυγῆναι
3073 5021 3172 5091 τῆς
3195 5023 3429 5093 νομίμου
3459 5027 3758 5092 γυναικδςχ

2141 5109 2238 5163 καὶ
2263 5110 2328 5179 τῇ
2347 5107 2458 5161 τοῦ
2494 5108 2766 5178 βασιλέως
2811 5110 3050 5181 θυγατρὶ
3079 5113 3424 5183 συναφθῆναι
3450 5115 3543 5167 καὶ
3572 5114 3720 5169 οὕτω

2141 5197 2399 5269 βασιλεὺς
2425 5198 2886 5270 ἀναγορευθῆναι,
2913 5199 2945 5272 ἢ
2979 5202 3306 5273 πηρωθῆναι
3350 5203 3480 5266 τοὺς
3522 5203 3720 5274 ὀφθαλ-

2142 5291 2305 5361 μούς.
2347 5290 2456 5345 Τοῦ
2501 5291 2558 5344 δὲ
2610 5292 2956 5360 ίλιγγιῶντος
2993 5295 3089 5347 καὶ
3148 5295 3522 5365 ἀναδυομένου
3581 5298 3716 5366 πρὸς

2140 5383 2325 5437 αὐτῶν
2358 5384 2646 5454 ἑκάτερον,
2692 5387 2725 5454 ὴ
2773 5386 3022 5449 σύνοικος
3063 5387 3291 5442 δείσασα
3323 5391 3578 5460 περὶτοῦ
3622 5394 3715 5441 άν-

2136 5475 2284 5545 δρδς,
2323 5480 2396 5547 μή
2423 5494 2478 5530 τι
2501 5479 2596 5532 καὶ
2624 5477 2772 5550 πάθῃ
2799 5478 2995 5547 δεινὸν,
3025 5480 3121 5555 τὴν
3153 5483 3426 5554 κοσμικὴν
3452 5484 3713 5545 ἑκουσίως

2136 5567 2376 5621 ἀπέθετο
2404 5568 2587 5639 τρίχα,
2628 5569 2724 5623 καὶ
2753 5569 2928 5634 οὕτως
2955 5573 3034 5642 τῷ
3067 5572 3286 5645 συζύγιρ
3317 5577 3454 5644 πρὸς
3493 5579 3558 5645 τῇ
3592 5575 3713 5644 δίψει

2135 5660 2236 5748 καὶ
2265 5659 2365 5732 τὴν
2399 5660 2686 5732 βασιλείαν
2724 5663 3037 5732 ἐχαρίσατο.
3068 5665 3252 5735 Τριῶν
3285 5667 3602 5738 θυγατέρων
3624 5669 3714 5720 οὐ-

2133 5752 2244 5806 σῶν
2272 5752 2352 5822 τῷ
2374 5753 2585 5822 βασιλεῖ
2619 5755 3036 5824 Κωνσταντίνῳ,
3078 5759 3110 5827 ή
3146 5757 3246 5826 μὲν
3271 5757 3464 5829 πρώτη
3494 5760 3717 5812 ἀπεκείο

2135 5861 2290 5914 ρατο,
2347 5849 2383 5916 η
2434 5847 2492 5900 δὲ
2529 5847 2688 5918 τρίτη
2743 5846 3084 5918 ἀπηνήνατο.
3120 5850 3464 5904 Συνάπτεται
3517 5866 3608 5903 ουν
3645 5853 3710 5920 τῇ
