4070 6414
613 471 720 531 58‘»
1878 454 2296 516 MICHAELIS
2337 453 2601 514 GLYCA!
3757 453 3869 517 εει

611 581 726 641 cit;
765 589 1002 645 cumque
1037 572 1151 644 jam
1189 571 1561 628 l’hilumilium
1597 585 1772 639 usque
1817 567 2189 647 pervenisset,

2315 566 2477 620 μαται.⁸
2515 563 2877 634 ’Υποστρέφει
2913 565 3048 634 πρὶς
3097 563 3453 634 ’Δντιόχειαη
3505 563 3600 616 τοῦ
3641 567 3872 634 πρατῶ

613 669 774 738 legati
803 666 1081 722 :Berrbtna
1114 663 1267 720 missi
1304 673 1680 728 accesserunt,
1711 661 1806 732 qui
1855 668 2105 730 peterent
2135 667 2194 714 ut

2315 658 2564 730 ιοιλιακῷ
2593 659 2947 730 συσχεθέντος
2979 659 3253 732 νοσήματι
3282 659 3377 714 καὶ⁸
3403 658 3480 727 τῷ
3513 657 3651 727 δίψει
3687 674 3877 710 κακω-

610 774 804 815 eurutn
842 759 1220 820 misereretur,
1255 765 1575 827 paratorum
1606 754 1676 810 ad
1698 752 2045 815 subeundam
2081 767 2198 808 ser-

2315 754 2502 818 Ιέντος.
2540 752 2909 810 Ἐπιτίθενται
2938 754 3033 808 καὶ
3053 749 3210 818 αὖθις
3241 754 3427 818 αὐτοῖς
3456 752 3506 806 οί
3540 750 3879 821 Σαρακηνοὶ,

611 855 840 906 vitutem
907 849 1196 920 pristinam
1265 847 1582 917 tribulaque
1633 843 1948 916 pendenda.
1989 843 2196 900 Verum

2315 847 2403 900 καὶ
2429 844 2692 901 τοσοῦτον
2718 847 2919 918 φθόρον
2946 847 3215 917 ἐποίησαν
3235 847 3373 898 ὥστε
3398 845 3496 900 καὶ
3525 845 3612 898 τὸν
3644 843 3880 914 βασιλέα

611 945 915 1009 Romanus,
949 941 1096 1012 quod
1129 940 1312 996 nobile
1345 939 1560 995 facinus
1592 937 1813 1009 aliquod
1845 937 1902 992 in
1926 936 2029 991 bac
2066 950 2198 991 con-

2315 937 2458 1007 μόλις
2489 936 2848 1007 διασωθῆναι.

613 1050 696 1095 tra
737 1038 953 1112 Syriam
998 1036 1348 1106 expeditione
1398 1036 1745 1108 superiorum
1790 1034 2186 1103 imperatorum
2225 1031 2480 1102 exemplo
2511 1031 2777 1102 cogitaret
2833 1031 3022 1098 edere,
3069 1047 3180 1086 non
3240 1030 3498 1086 admissis
3542 1029 3732 1100 legatis
3773 1028 3883 1083 ad-

611 1148 808 1187 versus
859 1147 956 1188 eos
986 1139 1131 1185 recta
1181 1130 1446 1200 perrexit,
1477 1144 1602 1185 cum
1632 1127 1856 1202 quidem
1918 1138 2104 1181 secum
2160 1138 2506 1196 nequaquam
2568 1125 2917 1196 expcndisset
2947 1141 3103 1196 aqua:
3137 1125 3247 1181 illis
3273 1125 3327 1179 in
3358 1123 3498 1179 locis
3547 1123 3838 1193 penuriam
3866 1164 3879 1184 ,

613 1223 872 1294 quodque
923 1221 1184 1277 Saraceni
1243 1221 1638 1293 propemodum
1691 1221 1882 1276 arstivo
1937 1225 2188 1288 tempore
2224 1216 2408 1274 minus
2449 1217 2690 1273 inhiberi
2735 1233 2795 1275 se
2842 1218 3140 1289 patiantur,
3171 1218 3503 1288 corporibus
3540 1222 3757 1271 utentes
3805 1214 3875 1266 ad

616 1319 972 1392 perferendos
997 1317 1205 1373 calores
1263 1318 1604 1374 assuefactis.
1642 1317 1830 1388 Itaque
1871 1329 2065 1371 manus
2133 1329 2260 1369 cum
2299 1313 2382 1370 eis
2429 1317 2691 1381 conserit,
2745 1323 3007 1384 tantaque
3061 1322 3242 1386 strage
3297 1313 3530 1370 caditur
3579 1313 3880 1384 imperator

615 1421 819 1483 quanta
865 1413 955 1466 vix
988 1411 1221 1484 dicendo
1257 1411 1428 1481 possit
1469 1411 1694 1481 exponi.
1736 1409 1972 1478 Accepta
2026 1405 2180 1463 clade
2215 1406 2564 1462 Antiochiam
2624 1409 2940 1472 revertitur,
2975 1405 3222 1464 exercitu
3255 1407 3500 1478 graviter
3525 1420 3596 1461 ex
3657 1404 3875 1460 intestio

617 1523 815 1562 norum
843 1507 1036 1561 morbo
1071 1506 1356 1560 laborante
1418 1518 1482 1558 ac
1550 1502 1641 1557 siti
1677 1501 1877 1557 misere
1912 1509 2128 1554 vexato.
2148 1497 2258 1553 Nec
2293 1497 2380 1552 his
2397 1500 2640 1555 contenti
2660 1500 2918 1556 Saraceni
2938 1499 3433 1555 Romanositerum
3458 1498 3877 1569 aggrediuntur,

619 1611 880 1671 tantaque
925 1601 1074 1655 caede
1112 1607 1426 1668 grassantur
1455 1599 1509 1650 in
1541 1611 1636 1651 eos
1679 1605 1739 1649 ut
1774 1596 2073 1664 imperator
2109 1595 2225 1664 ipse
2259 1598 2348 1652 vix
2379 1595 2562 1651 salvus
2591 1594 2871 1649 evaderet.

691 1696 1008 1752 Secundum
1079 1695 1200 1750 haec
1249 1695 1534 1749 Romanus
1576 1699 1818 1762 emptam
1882 1690 2206 1746 Triaconta-

2393 1694 2454 1746 ’0
2496 1693 2553 1746 δὲ
2581 1691 2835 1761 βασιλεὺς
2865 1690 2956 1744 τὸν
3012 1687 3169 1745 οἷκον
3219 1689 3314 1744 τοῦ
3365 1689 3880 1761 Τριακονταφύλλου

621 1785 791 1857 ιιὴγηὶ
823 1785 1047 1840 domum
1080 1784 1135 1838 in
1181 1781 1603 1846 monasterium,
1637 1779 1728 1836 cui
1759 1795 1790 1834 a
1835 1779 2068 1849 Deipara
2099 1793 2202 1834 no-

2315 1785 2724 1856 ἐξωνησάμενος
2782 1786 2862 1848 είς
2917 1772 3288 1854 μοναστήριον
3339 1779 3750 1856 μετεσκεύασεν
3787 1786 3882 1835 ἐπ’

620 1892 744 1932 men
772 1876 1034 1941 inditum,
1060 1873 1464 1938 commutavit;
1496 1879 1662 1942 atque
1687 1869 1792 1926 sub
1814 1870 1921 1926 hoc
1935 1877 2201 1940 pmtextu

2315 1878 2534 1948 ΰνόματι
2559 1876 2660 1946 τῆς
2682 1876 2973 1942 Θεοτὸκου,
3001 1875 3300 1946 συντρίψας
3317 1879 3384 1946 τῇ
3410 1877 3684 1946 προφάσει
3702 1877 3880 1945 ταύτῃ

618 1982 728 2022 ιιοη
756 1981 950 2037 parum
988 1966 1242 2022 subditos
1280 1963 1473 2019 atllixit
1499 1973 1558 2019 et
1593 1963 1810 2019 vexavit
1835 2002 1852 2028 ,
1906 1962 2196 2018 materiem

2315 1969 2366 2022 τὸ
2397 1969 2639 2038 ὑπήκοον
2676 1969 2770 2022 καὶ
2802 1965 3062 2030 κακώσας
3093 1967 3154 2020 ὲν
3182 1967 3304 2026 ταῖς
3341 1965 3449 2018 τῶν
3473 1965 3616 2018 ὑλῶν
3645 1982 3881 2034 μετακο-

617 2059 934 2116 convehere
975 2068 1222 2116 coaetos.
1275 2058 1547 2116 Prteterea
1578 2057 1965 2112 columnarum
1995 2054 2200 2126 Magnae

616 2152 866 2209 ecclesia
917 2167 983 2207 ac
1031 2151 1461 2206 Blacbernarum
1520 2147 1704 2219 capita
1754 2146 2045 2219 splendide
2106 2161 2200 2200 ιιι-ς

616 2252 785 2315 gente
812 2253 870 2300 et
899 2257 1041 2299 auro
1072 2243 1385 2298 exornavit.

691 2335 856 2392 Venit
912 2333 982 2389 ad
1040 2333 1435 2404 imperatorem
1471 2333 1781 2390 Romanum
1821 2331 2036 2403 magnis
2074 2345 2198 2386 cum

621 2423 952 2480 muneribus
1007 2422 1175 2479 etiam
1233 2423 1404 2480 Amer
1459 2423 1762 2493 Cbalepitaa
1795 2422 1976 2489 ﬁlius,
2009 2437 2199 2493 pacem

624 2515 880 2571 renovari
916 2523 1134 2586 petens,
1158 2514 1434 2585 simulque
1467 2515 1829 2587 pristinorum
1866 2513 2200 2570 tributorum

621 2607 1055 2678 persolutionem
1119 2607 1472 2676 promittens.
1539 2607 1673 2679 Ejus
1713 2607 1794 2662 rei
1838 2605 2202 2662 conﬁciundae

621 2712 786 2752 causa
801 2695 1247 2767 Theophylactus
1273 2697 1751 2768 protospatharius
1777 2707 1862 2752 est
1896 2696 2199 2766 ablegatus,

620 2787 980 2843 Atheniensis
1009 2788 1206 2858 patria,
1238 2789 1333 2859 qui
1382 2788 1564 2844 fmdus
1615 2789 1787 2844 ictum
1832 2788 2199 2844 confirmavit.

624 2873 831 2928 Eodem
902 2882 1155 2943 tempore
1212 2877 1360 2931 circa
1413 2877 1712 2932 secundam
1768 2878 1948 2932 noctis
2008 2877 2201 2932 horam

623 2966 874 3036 trajectio
905 2965 1134 3022 'sideris
1169 2982 1200 3022 a
1241 2967 1474 3022 meridie
1527 2983 1724 3024 versus
1776 2969 2204 3039 septemtriones

623 3057 848 3124 accidit,
875 3072 986 3128 quo
1013 3059 1179 3115 tellus
1216 3059 1474 3114 universa
1495 3059 1601 3116 fuit
1644 3059 1986 3116 collustrata.
2013 3061 2204 3131 Neque

628 3166 827 3221 magno
854 3151 1120 3220 temporis
1172 3151 1465 3222 interiecto
1525 3153 1724 3222 spatio,
1767 3169 1888 3223 qua:
1943 3154 2206 3210 Romanis

2310 2061 2514 2132 μιδαῖς.
2551 2057 3030 2128 Καταλαμπρύνει
3073 2056 3131 2110 δὲ
3172 2057 3270 2110 καὶ
3311 2056 3379 2109 τά
3411 2056 3747 2125 κιονάκρανα
3779 2061 3884 2125 τῆς

2309 2153 2554 2222 μεγάλης
2583 2148 2910 2220 Ἐκκλησίας
2937 2149 3030 2202 καὶ
3060 2148 3168 2202 τῶν
3194 2145 3513 2219 Βλαχερνῶν
3543 2146 3764 2218 ἀργύρῳ
3787 2151 3883 2200 καὶ

2307 2242 2514 2314 χρυσῷ.
3347 2273 3355 2281 -

2377 2335 2533 2389 Μετὰ
2574 2334 2631 2388 δὲ
2667 2333 2844 2388 ταῦτα
2879 2329 3011 2404 ἦλθε
3047 2331 3184 2404 πρὸς
3215 2333 3308 2388 τὸν
3350 2332 3574 2402 βασιλέα
3601 2330 3884 2401 Ῥωμανδν

2311 2426 2449 2494 μετὰ
2483 2424 2673 2496 δώρων
2711 2425 2924 2478 πολλῶν
2961 2425 2991 2477 6
3037 2424 3132 2478 τοῦ
3183 2425 3490 2478 Χαλεπίτου
3525 2423 3642 2486 υίὸς
3677 2424 3880 2491 Ἀμερ,

2308 2515 2538 2582 ἐξαιτῶν
2599 2515 2900 2568 ἀνανεὼσαι
2935 2513 3035 2585 τὴν
3065 2514 3295 2584 εἰρήνην
3328 2513 3424 2568 καὶ
3469 2515 3595 2576 τοὺς
3647 2513 3883 2584 πρόσθεν

2307 2606 2572 2677 παρέχειν
2606 2609 2829 2675 φόρους.
2883 2606 2992 2658 Καὶ
3045 2605 3111 2674 δὴ
3162 2605 3443 2659 στέλλεται
3501 2605 3882 2684 Θεοφύλακτος

2310 2698 2805 2770 πρωτοσπαθάριος
2825 2701 2852 2752 6
2875 2697 3191 2768 Ἀθηναῖος,
3225 2698 3320 2752 καὶ
3355 2698 3458 2770 τάς
3485 2698 3720 2759 σπονδὰς
3759 2699 3879 2750 ἐσε-

2310 2791 2536 2845 σαίωσε.
2575 2791 2920 2866 Κατέκεῖνο
2945 2791 3002 2843 δὲ
3031 2789 3228 2861 καιροῦ
3265 2792 3396 2860 περὶ
3426 2790 3690 2862 δευτέραν
3727 2790 3876 2860 ὥραν

2308 2885 2406 2953 τῆς
2439 2885 2634 2946 νυκτὸς
2663 2883 2824 2954 χύσις
2866 2882 3081 2950 ἐγένετο
3120 2881 3350 2953 ἀστέρος
3381 2882 3488 2936 ἀπὸ
3531 2883 3879 2953 μεσημϐρὴς

2314 2977 2452 3045 πρὸς
2486 2975 2691 3044 ἄρκτον
2720 2977 2901 3029 πᾶσαν
2930 2973 3029 3046 τὴν
3057 2975 3160 3044 γῆν
3187 2976 3716 3047 περιαστράψαντος.
3761 2977 3876 3044 Ἐφ’

2309 3061 2355 3136 ᾦ
2381 3068 2476 3120 καὶ
2511 3067 2649 3136 μετὰ
2685 3067 2880 3137 μικρὸν
2909 3066 3264 3135 ἀγγέλλονται
3293 3069 3359 3120 τὰ
3397 3070 3741 3139 κατασχόντα
3781 3069 3875 3138 τὴν

2323 3159 2613 3230 Ῥωμαίων
2655 3159 2827 3230 άτυχή
2838 3175 3002 3229 ματα,
3024 3149 3273 3230 ’Δραϐεξ
3299 3158 3614 3231 ληϊσάμενοι
3645 3160 3743 3230 τὴν
3765 3161 3876 3213 Με-

623 3241 976 3297 calamitates
1009 3241 1364 3310 adversaeque
1410 3257 1499 3298 res
1531 3244 1912 3315 contigissent,
1960 3245 2198 3316 impera-

2315 3251 2659 3322 σοποταμίαν
2719 3252 2848 3322 ἄχρι
2915 3249 3252 3320 Μελιτηνῖκ,
3305 3249 3648 3318 Πατζινάκαι
3685 3253 3741 3308 δὲ
3787 3255 3874 3309 τὸν

625 3330 734 3385 tori
787 3330 1102 3385 nuntiatum
1163 3330 1286 3386 fuit.
1323 3330 1530 3388 Arabes
1567 3334 1715 3388 enim
1753 3334 2204 3405 Mesopotamiam

623 3427 949 3505 depopulati
998 3436 1130 3482 sunt
1193 3427 1260 3482 ad
1311 3428 1483 3499 ipsam
1533 3443 1712 3500 usque
1770 3430 2116 3498 Melitenam;
2150 3439 2208 3487 et

627 3516 938 3572 Patsinacae
966 3517 1197 3588 trajeeto
1239 3517 1380 3574 lslro
1410 3519 1640 3590 Mysiam
1684 3519 2043 3573 inclementer
2083 3534 2206 3573 om-

633 3607 766 3662 nino
823 3614 1157 3662 tractarunt.
1205 3608 1379 3663 Allata
1433 3624 1655 3680 quoque
1692 3617 1824 3663 tunc
1869 3617 1954 3664 est
1988 3608 2206 3664 Domini

625 3695 808 3752 nostri
843 3695 973 3752 Jesu
1004 3694 1211 3754 Christi
1242 3698 1494 3768 epistola,
1530 3696 1694 3769 3“.
1723 3713 1888 3752 manu
1920 3698 2210 3769 ipsiusmet

623 3789 834 3860 scripta
881 3797 938 3844 et
982 3788 1050 3844 ad
1099 3789 1379 3861 Augarum
1425 3791 1534 3845 loci
1581 3789 1868 3860 cujusdam
1923 3791 2207 3848 dominum

631 3877 823 3934 missa.
849 3878 988 3934 Erat
1008 3888 1192 3935 autem
1221 3881 1524 3951 imperator
1549 3879 1640 3940 hic
1678 3879 1934 3949 inprimis
1962 3883 2207 3938 omnium

633 3969 905 4023 bonorum
938 3984 1178 4038 operum
1215 3969 1521 4025 studiosus.
1578 3967 1834 4024 IEditicia
1875 3972 2210 4042 pauperibus

631 4059 844 4114 alendis
875 4060 1174 4127 destinata,
1208 4066 1331 4131 quas
1351 4074 1382 4115 a
1415 4067 1577 4114 terrae
1617 4070 1769 4117 motu
1799 4077 2058 4118 succussa
2087 4077 2208 4134 gra-

634 4152 890 4222 viterque
939 4151 1074 4208 lmsa
1109 4153 1328 4208 fuerant
1352 4190 1368 4214 .
1399 4167 1630 4222 prorsus
1679 4153 2034 4211 instauravit.
2061 4154 2207 4210 Tan-

633 4242 761 4297 dem
813 4244 1010 4300 morbo
1040 4243 1195 4299 lento
1241 4241 1568 4314 corripitur,
1603 4258 1716 4315 quo
1752 4243 1991 4314 durante
2028 4244 2210 4316 capilli

561 4383 565 4386 .
629 4335 835 4405 capitis
865 4335 986 4407 ejus
1010 4343 1070 4390 et
1100 4333 1286 4390 barbas
1318 4333 1694 4402 deﬂuxerunt,
1717 4335 1946 4406 petitus,
1978 4337 2060 4392 uti
2091 4337 2216 4407 qui-

633 4428 764 4484 dem
785 4427 1092 4491 ferebatur,
1116 4440 1330 4482 veneno
1359 4427 1426 4481 ab
1458 4425 1692 4494 Joanne,
1720 4427 1816 4498 qui
1843 4438 1958 4483 tum
1977 4429 2216 4498 pupillo-

636 4535 759 4574 rum
793 4519 1002 4574 alumni
1029 4533 1260 4574 munere
1290 4517 1646 4586 fungebatur.
1676 4519 1812 4575 Nam
1842 4519 2084 4576 Joannes
2119 4522 2214 4577 ille

2315 3344 2534 3414 Ἴστρον
2573 3343 2858 3408 διαϐάντες
2898 3343 2993 3397 καὶ
3022 3342 3122 3415 τὴν
3152 3344 3370 3399 Μυσίαν
3414 3347 3602 3411 κακῶς
3629 3345 3877 3417 διαθέμε-

2309 3454 2414 3492 νοι.
2469 3435 2786 3506 Τηνικαῦτα
2816 3436 2875 3491 δὲ
2917 3438 3012 3491 καὶ
3056 3439 3089 3507 ἠ
3143 3438 3453 3509 ίδιόγραφος
3491 3440 3755 3511 ἐπιστολὴ
3787 3442 3876 3495 τοῦ

2316 3527 2593 3582 Δεσπότου
2635 3528 2794 3599 ἡμῶν
2838 3527 3013 3599 Ἰησοῦ
3056 3529 3316 3600 Χριστοῦ,
3361 3534 3393 3602 ή
3447 3534 3585 3601 πρὸς
3631 3530 3876 3605 Αΰγαρον

2311 3617 2624 3686 πεμφθεῖσα
2648 3616 2742 3668 τὸν
2768 3616 3077 3690 τοπάρχην,
3111 3617 3311 3689 ἐστάλη
3347 3618 3483 3689 πρὸς
3511 3618 3603 3673 τὸν
3635 3620 3877 3690 βασιλέα.

2308 3699 2478 3767 Οὗτος
2523 3704 2622 3776 μὲν
2666 3703 2760 3758 οῦν
2801 3706 2831 3758 6
2875 3689 3129 3774 βασιλεὺς
3160 3706 3378 3761 πάντων
3425 3689 3749 3777 ἐπεμελεῖτο
3774 3711 3880 3763 τῶν

2311 3796 2554 3864 ἀγαθῶν,
2584 3795 2654 3848 τὰ
2685 3795 2790 3848 ὑπὸ
2817 3795 3047 3868 σεισμοῦ
3077 3796 3264 3861 κακῶς
3306 3798 3544 3852 παθόντα
3574 3816 3884 3872 πτωχοτρο-

2311 3887 2441 3954 φεῖα
2475 3885 2832 3939 παντάπασιν
2883 3885 3307 3956 ἀνανεούμενος.
3341 3883 3476 3941 Εἶτα
3514 3887 3658 3958 νόσῳ
3693 3889 3882 3962 χρονίᾳ

2311 3978 2567 4050 βάλλεται
2617 3977 2712 4030 καὶ
2747 3979 3066 4049 τριχορῤυεῖ
3115 3978 3279 4047 γένυν
3321 3995 3380 4032 τε
3413 3979 3507 4033 καὶ
3552 3981 3650 4050 τὴν
3676 3980 3877 4051 κόμην,

2313 4069 2732 4142 κατεργασθεὶς,
2793 4070 2868 4135 ὥς
2912 4088 3100 4140 φασιν,
3138 4073 3242 4126 ὑπὸ
3283 4074 3531 4129 Ἰωάννου
3581 4074 3673 4130 τοῦ
3726 4093 3882 4146 τηνι-

2313 4163 2489 4221 καῦτα
2513 4165 2945 4236 ὀρφανοτρόφου.
2977 4161 3144 4230 Οὗτος
3181 4167 3290 4238 γὰρ
3311 4167 3605 4240 θ’ῐωὰννης
3643 4169 3738 4224 καὶ
3775 4171 3883 4238 πρὸ

2312 4257 2413 4325 τῆς
2439 4257 2717 4326 βασιλείας
2745 4258 3012 4328 ὑπηρέτει
3038 4260 3118 4330 τῷ
3148 4259 3439 4332 Ῥωμανῷ.
3462 4261 3648 4334 Ταύτῃ
3679 4277 3762 4313 τοι
3787 4264 3886 4314 καὶ

2312 4345 2408 4400 τοῦ
2467 4345 2703 4416 κράτους
2767 4346 3060 4409 ἐπιϐάντος
3123 4346 3290 4401 αὐτοῦ
3363 4349 3605 4418 μεγάλην
3658 4348 3891 4417 δύναμιν

2314 4436 2492 4506 ἔσχεν.
2524 4432 2708 4490 Ἦσαν
2744 4418 2803 4489 έὲ
2856 4437 2934 4506 τῷ
2982 4437 3205 4509 Ἰωάννῃ
3261 4440 3357 4493 καὶ
3405 4440 3585 4514 ἕτεροι
3638 4441 3888 4510 ἀδελφοὶ,

2315 4528 2556 4598 Μιχαὴλ,
2577 4529 2848 4598 Νικήτας,
2873 4529 3282 4594 Κωνσταντῖνος
3305 4535 3401 4585 καὶ
3431 4533 3724 4604 Γεώργιος.
3742 4533 3889 4586 Ἀλλ’

637 4612 768 4682 quia
788 4611 943 4682 prius
973 4610 1140 4666 etiam
1172 4625 1339 4681 quam
1378 4610 1660 4666 Romanus
1685 4611 1918 4682 imperio
1944 4613 2209 4681 potiretur

2318 4621 2346 4671 6
2383 4617 2482 4688 μὲν
2525 4620 2932 4682 Κωνσταντῖνος
2965 4619 3061 4673 καὶ
3089 4619 3367 4692 Γεώργιος
3396 4622 3495 4675 σὺν
3542 4622 3621 4694 τῷ
3662 4623 3888 4696 Ἰωάννῃ

527 4713 534 4717 ’
636 4705 892 4760 minister
934 4704 1112 4774 ipsius
1158 4702 1365 4766 fuerat,
1403 4717 1655 4772 magnam
1692 4703 1838 4774 apud
1865 4718 1992 4758 eum
2019 4715 2214 4775 poten-

636 4796 768 4849 tiam
798 4802 852 4848 et
890 4790 1281 4852 auctoritatem
1334 4789 1611 4855 habebat,
1653 4804 1722 4863 ex
1775 4803 1888 4859 quo
1938 4791 2213 4860 imperare

639 4893 914 4956 carperet.
970 4884 1140 4936 Erant
1190 4883 1268 4937 illi
1325 4881 1526 4936 fratres
1557 4881 1790 4950 aliquot,
1821 4881 2082 4938 nimirum
2118 4882 2216 4936 lli-

638 4976 887 5044 chaelus,
909 4975 1155 5039 Nicetas,
1185 4973 1581 5030 Constantinus
1625 4982 1682 5030 et
1710 4971 1998 5045 Georgius.
2040 4977 2113 5029 Ex
2149 4976 2217 5031 iis

639 5068 1044 5124 Constantinus
1103 5079 1169 5119 ac
1196 5063 1470 5136 Georgius
1511 5063 1729 5130 itidem,
1767 5072 1908 5120 utet
1934 5063 2172 5122 Joan'ues
2195 5104 2212 5128 ,

636 5157 863 5214 castrati
895 5155 1309 5212 circulatoriam
1333 5165 1511 5212 artem
1539 5155 1890 5212 exercebant.
1918 5155 2028 5212 Sed
2059 5155 2215 5210 dein-

638 5263 773 5319 ceps
807 5262 1006 5303 omnes
1063 5247 1119 5302 in
1167 5246 1600 5302 familiaritatem
1657 5247 2004 5318 imperatoris
2047 5262 2214 5317 opera

641 5339 875 5396 Joannis
931 5337 1119 5394 fratris
1169 5347 1569 5410 pervenerunt.
1607 5339 1744 5417 Cum
1776 5348 1962 5394 autem
1995 5339 2104 5393 Zue
2139 5339 2219 5392 vi-

641 5433 822 5502 deret.
842 5431 1155 5487 Romanum
1193 5445 1253 5486 se
1286 5445 1385 5500 pro
1420 5429 1642 5485 homine
1671 5439 1823 5485 casto
1843 5445 2065 5501 gerere,
2101 5444 2218 5483 mo-

641 5525 789 5579 leste
824 5521 1072 5578 studium
1095 5514 1216 5576 ‘hoc
1266 5519 1414 5575 illius
1457 5520 1883 5590 institutumque
1917 5519 2129 5586 ferens,
2161 5529 2221 5575 ut

641 5630 767 5685 qua:
791 5613 1012 5670 carneis
1045 5611 1356 5684 pruritibus
1385 5613 1766 5680 incalesceret,
1799 5613 1855 5668 in
1891 5613 2216 5668 Michaelum

641 5706 868 5762 Joannis
900 5705 1150 5770 fratrem,
1175 5703 1243 5758 de
1270 5718 1381 5774 quo
1409 5703 1671 5765 diximus.
1710 5719 1820 5758 non
1852 5706 1970 5759 sine
2013 5707 2219 5760 amoris

644 5797 939 5859 adfectione
984 5796 1177 5850 oculos
1232 5795 1509 5867 conjicere
1564 5797 1770 5864 cmpil,
1801 5797 1948 5864 quod
1997 5807 2144 5851 esset
2174 5799 2219 5852 is

645 5888 782 5941 facit:
844 5885 1231 5941 venustissima
1285 5884 1592 5956 praeditus;
1646 5898 1883 5954 cumque
1924 5887 2216 5942 clandesti-

2315 4709 2562 4778 εὐνοῦχοι
2591 4710 2747 4772 ὄντες
2768 4709 3075 4782 άγυρτικὴν
3101 4712 3376 4784 μετῄεσαν
3400 4713 3618 4786 τέχνην,
3642 4714 3778 4768 άλλὰ
3798 4715 3888 4770 διὰ

2315 4802 2409 4855 τοῦ
2436 4804 2685 4857 Ἰωάννου
2739 4803 2940 4865 πάντες
2969 4798 3117 4857 οὗτοι
3148 4803 3226 4874 τῷ
3269 4803 3481 4871 βασιλεῖ
3507 4805 3889 4876 ᾠκειώθησαε,

2327 4895 2392 4946 'll
2426 4893 2612 4964 μέντοι
2641 4893 2763 4964 Ζωὴ
2804 4893 2898 4947 τὸν
2933 4892 3219 4960 Ῥωμανὸν
3267 4893 3455 4962 ὁρῶσα
3489 4888 3626 4963 ’βίον
3659 4895 3887 4965 suam-
3918 4950 3926 4957 ,

2321 5002 2482 5054 μενον
2524 4985 2800 5053 σώφρονα,
2845 4983 2940 5038 καὶ
2989 4985 3425 5056 άπαρεσκομένη
3474 4987 3550 5057 τῷ
3601 4988 3879 5057 πράγματι

2320 5072 2657 5141 σφαδασμοῖς
2691 5071 2786 5126 ἆτε
2827 5073 3110 5140 σαρκικοῖς
3135 5074 3674 5144 ὑποθερμαινομένη,
3701 5080 3876 5147 ἐρωτι-

2319 5162 2414 5216 κὸν
2449 5163 2610 5233 ἐνορᾷ
2649 5163 2786 5232 πρὸς
2815 5161 2907 5216 τὸν
2943 5162 3310 5232 διαληφθέντα
3340 5165 3584 5235 Μιχαὴλ,
3623 5165 3884 5237 εὐπρεπέα

2320 5270 2516 5310 στατον
2537 5254 2634 5324 τὴν
2666 5253 2787 5322 ὄψιν
2811 5255 3148 5324 ὑπάρχοντα,
3179 5257 3275 5308 καὶ
3298 5255 3358 5308 οῦ
3371 5274 3442 5308 τω
3465 5259 3720 5328 κρυφίως
3745 5256 3889 5327 αὐτῷ

2323 5346 2681 5416 ὲπεμίγνυτο.
2723 5346 2840 5414 Ἐφ’
2872 5339 2917 5413 ᾧ
2965 5347 3060 5399 καὶ
3109 5350 3516 5416 κατεργάζεται
3562 5353 3590 5402 6
3642 5350 3891 5419 βασιλεζς

2321 5432 2416 5487 ἅτε
2449 5432 2547 5502 τῆς
2576 5431 2850 5501 βασιλίδος
2881 5437 2972 5486 τὸν
3010 5433 3222 5503 Μιχαὴλ
3247 5439 3326 5495 εἰς
3349 5435 3437 5486 τὸν
3468 5435 3746 5504 βασιλικὸν
3773 5436 3896 5506 θρζ-

2322 5543 2413 5580 νον
2455 5525 2792 5594 σπευδούσης
2839 5527 3157 5594 ἀναγαγεῖν.
3190 5527 3618 5596 Βραδυθκνάτοις
3643 5529 3698 5581 δὲ
3749 5546 3860 5598 φαρ

2326 5617 2521 5686 μάκοις
2563 5616 2981 5686 κατεργασθεὶς,
3026 5617 3120 5670 καὶ
3171 5618 3366 5687 χρόνον
3414 5619 3605 5687 συχνὸν
3645 5620 3895 5686 κείμενος

2323 5708 2667 5778 κλινοπετὴς,
2701 5709 2797 5779 ὅλῃ
2825 5709 2972 5780 ψυχῇ
3001 5709 3322 5762 ἐπεκαλεῖτο
3343 5711 3435 5762 τὸν
3467 5709 3717 5763 θάνατον.
3742 5711 3894 5760 Κατὰ

2321 5801 2376 5853 δέ
2419 5817 2480 5867 γε
2519 5801 2616 5870 τὴν
2657 5801 2903 5869 μεγάλην
2951 5801 3214 5870 πέμπτην
3264 5804 3362 5864 τὰς
3411 5802 3578 5870 ρὁας
3611 5800 3719 5854 τῶν
3766 5816 3866 5865 συγ

2325 5889 2597 5959 κλητικῶν
2634 5894 3026 5961 ποιησάμενος,
3077 5893 3172 5942 καὶ
3213 5891 3559 5961 ἐπιθυμήσας
3601 5889 3891 5942 λούσασθαι
