4070 6488
294 279 418 342 {8.1

1579 289 1983 350 ANNALIUM
2019 289 2209 348 PARS
2256 289 2354 349 ιν.

3450 284 3554 348 5-86

293 394 455 448 κατὰ
493 394 552 447 τὸ
579 395 638 448 ἐν
670 394 749 466 τῷ
782 395 1008 468 μεγάλῳ
1036 399 1284 470 παλατίῳ
1317 400 1619 471 βαλανεῖον,
1647 403 1740 456 καὶ
1771 405 1882 457 εἰσ-

1993 419 2114 458 nam
2143 418 2267 458 cum
2292 417 2360 458 eo
2385 399 2844 458 consuetudinem
2871 398 3177 466 habuisset,
3207 414 3429 470 operam
3462 401 3557 456 de—
3649 418 3654 422 τ

291 489 482 542 ελθὼν
529 490 764 560 οἰκτρῶς
797 492 1166 562 άποπνίγεται
1214 495 1318 548 ὑπὸ
1345 495 1454 549 τῶν
1487 497 1615 566 περὶ
1643 495 1735 549 τὸν
1774 497 1884 550 Μι-

296 580 454 650 χαὴλ
485 581 543 632 ἐν
567 585 630 651 τῇ
665 581 1028 655 κολυμϐήθρᾳ
1063 584 1158 637 τοῦ
1194 584 1441 654 λουτροῦ.
1493 585 1646 638 Κατὰ
1677 583 1884 655 ταύτην

303 669 417 741 μὲν
443 671 536 726 οῦν
560 671 656 742 τὴν
683 673 853 728 νύκτα
895 675 1166 746 μηνύεται
1211 679 1239 729 ὁ
1271 676 1614 746 πατριάρχης
1647 676 1886 741 Ἀλέξιος

297 761 421 815 om
444 760 540 814 τοῦ
573 761 838 831 βασιλέως
867 765 1029 835 δῆθεν
1057 767 1362 837 Ῥωμανοῦ.
1395 762 1537 820 Ἀλλ’
1559 769 1586 819 ὁ
1615 768 1886 837 πατριάρ-

298 872 412 923 χης
440 855 610 910 ἐλθὼν
634 857 802 910 αὐτὶν
843 856 944 926 μὲν
977 857 1222 926 εὑρίσκει
1257 858 1472 927 νεκρὸν,
1519 859 1551 927 ἡ
1589 858 1644 909 δὲ
1673 856 1886 926 βασιλὶς

297 948 430 1017 Ζωὴ
459 947 515 1000 ἐν
557 949 634 1017 τῷ
672 949 1132 1020 χρυσοτρικλινίῳ
1169 949 1550 1020 προκαθίσασα
1580 947 1763 1016 ἐξάγει
1795 949 1886 1002 τὶν

296 1039 545 1108 Μιχαὴλ,
577 1042 670 1094 καὶ
708 1040 1118 1108 καταναγκάζει
1151 1042 1241 1092 τὴν
1280 1041 1627 1111 πατριάρχην
1665 1038 1876 1110 ἱερολοο

302 1133 477 1200 γῆσαι
516 1130 704 1186 τοῦτον
732 1133 893 1204 αὐτῇ.
927 1133 985 1186 ’0
1011 1131 1068 1184 δὲ
1115 1133 1461 1203 πατριάρχης
1492 1133 1582 1186 ἐπὶ
1626 1133 1704 1202 τῷ
1736 1131 1880 1200 πρά-

301 1241 485 1291 γματι
517 1225 818 1293 ἐκπλαγεὶς
848 1226 944 1296 τὴν
978 1225 1303 1298 ἱερολογίαν,
1335 1226 1408 1288 ὠς
1441 1226 1610 1290 εἰκὸς,
1647 1225 1884 1278 ἐνεδοία-

300 1315 423 1379 ζεν.
454 1317 645 1368 Ἔνθεν
681 1335 766 1371 τοι
803 1319 898 1371 καὶ
932 1319 960 1371 ὀ
998 1317 1254 1389 Ἰωάννης
1287 1305 1386 1371 σὺν
1439 1319 1506 1388 τῇ
1549 1318 1668 1387 Ζιυῇ
1709 1315 1748 1368 ν’
1785 1315 1886 1384 μὲν

300 1407 514 1477 χρυσοῦ
536 1407 722 1478 λίτρας
743 1407 821 1479 τῷ
842 1409 1182 1482 πατριάρχῃ,
1211 1406 1254 1462 ν’
1280 1409 1337 1462 δὲ
1367 1409 1567 1478 ὁμοίως
1598 1407 1674 1476 τῷ
1696 1407 1886 1476 κλήρῳ

300 1498 528 1562 ἐπιδοὺς
574 1499 756 1553 ἔπεισε
797 1501 1101 1572 ίερολογίας
1153 1501 1385 1565 ἀξιῶσαι
1437 1502 1654 1564 αὐτούς.
1703 1501 1813 1552 Καὶ
1857 1501 1887 1553 ὁ

305 1591 412 1656 μὲν
452 1590 730 1662 Ῥωμανδς
763 1593 819 1648 ἐν
850 1595 917 1663 τῇ
947 1593 1040 1646 ὑπ’
1067 1593 1236 1647 αὐτοῦ
1267 1594 1662 1664 νεουργηθεῐσῃ
1689 1592 1887 1662 ἐκκλη-

303 1681 403 1750 σίᾳ
434 1681 702 1738 θάπτεται
725 1684 822 1751 τῆς
859 1683 1254 1753 περιδλέπτου.

1987 496 2070 552 dit
2091 505 2151 552 ut
2174 497 2472 566 imperator
2510 510 2539 551 e
2569 495 2753 550 medio
2799 494 3106 559 tolleretur,
3143 493 3198 548 in
3229 493 3334 549 hoc
3379 494 3557 550 solunt

1988 587 2221 652 intenta,
2252 594 2311 643 ut
2333 586 2658 648 Michaelum
2680 587 2747 641 ad
2782 585 3192 656 imperatoriam
3235 585 3579 655 dignitatem.

1986 680 2269 736 eveheret.
2307 679 2592 734 Romanus
2622 677 2850 734 venenis
2898 678 3110 733 lentum
3156 677 3384 734 exitium
3423 675 3559 735 affe-

1988 767 2242 825 rentibtts
2263 769 2569 837 confectus,
2595 769 2690 825 ubi
2709 770 2974 825 diuturno
3002 778 3250 840 tempore
3270 770 3325 824 in
3352 767 3558 828 lectulo

1987 859 2389 926 decubuisset,
2445 869 2560 916 toto
2591 870 2818 932 pectore
2871 861 3343 931 nihilexpetebat
3409 860 3577 921 aliud

1987 968 2152 1025 quam
2177 964 2238 1007 ut
2261 953 2367 1008 hac
2390 952 2505 1008 vita
2532 952 2875 1025 fungeretur.
2893 951 3141 1025 Denique
3157 969 3354 1026 magna
3365 952 3572 1025 quinta.

1988 1046 2126 1103 feria
2158 1045 2474 1102 distributis
2501 1045 2560 1100 in
2590 1054 2776 1116 patres
2806 1045 3148 1115 conscriptos
3197 1045 3522 1114 muneribus
3543 1083 3560 1110 ,

1987 1153 2125 1208 quas
2185 1152 2346 1208 rogas
2393 1146 2625 1201 vocant,
2659 1151 2784 1193 cum
2819 1138 3000 1209 magni
3049 1137 3241 1193 Palatii
3299 1138 3566 1194 balneum

1986 1229 2202 1284 lavandi
2242 1244 2408 1284 causa
2437 1229 2715 1301 ingressus
2766 1228 2996 1294 fuisset,
3039 1244 3070 1283 a
3101 1229 3351 1284 Michaeli
3395 1230 3563 1285 sociis

1988 1321 2043 1375 in
2076 1319 2259 1374 balnei
2315 1320 2473 1374 lahro
2527 1319 2922 1375 miserabiliter
2973 1319 3297 1374 suffocatur.
3359 1318 3562 1375 Eadem

1988 1419 2152 1466 nocte
2202 1411 2429 1466 Alexius
2456 1411 2769 1482 patriarcha
2807 1410 3040 1466 Romani
3077 1409 3424 1478 imperatoris
3465 1425 3563 1464 no-

1987 1506 2137 1561 mine
2181 1506 2236 1560 in
2269 1505 2474 1576 regiam
2514 1504 2836 1570 arcessitur,
2867 1520 3032 1574 quam
3082 1503 3364 1575 ingressus
3389 1502 3562 1572 impe-

1987 1606 2224 1651 ratorem
2256 1597 2586 1652 exstinctum
2623 1596 2868 1662 invenit;
2899 1595 3008 1651 Zoe
3057 1611 3191 1652 vero
3245 1591 3564 1664 imperatrix

1990 1687 2044 1741 in
2075 1701 2242 1742 aureo
2291 1686 2530 1743 triclinio
2583 1686 2780 1743 sedens
2828 1686 3154 1742 Michaelum
3188 1685 3474 1755 producit,
3509 1693 3568 1739 et

302 1773 680 1839 patriarcham
735 1775 907 1848 adigit
959 1785 1021 1830 ut
1071 1793 1197 1831 eum
1253 1777 1361 1834 sibi
1407 1779 1666 1833 maritum
1709 1778 1884 1834 sacris
1917 1779 2178 1850 precibus
2235 1779 2523 1852 conceptis
2555 1780 2832 1852 iungeret.
2905 1763 3222 1836 Patriarcha
3287 1777 3367 1834 rei
3406 1776 3562 1832 n0vi—

304 1877 418 1921 tate
455 1869 768 1937 perculsus,
800 1884 1060 1924 sacrasne
1090 1887 1286 1941 preces
1345 1872 1468 1927 illas
1520 1873 1603 1928 eis
1669 1872 2065 1944 impertiretur,
2094 1889 2204 1931 non
2245 1873 2345 1929 abs
2376 1887 2437 1928 re
2501 1870 2812 1928 dubitabat.
2857 1871 3203 1943 Quapropter
3233 1870 3475 1926 Joannes
3507 1876 3564 1921 et

302 1962 418 2015 Zoe
449 1962 851 2033 quinquaginta
883 1965 1044 2048 libris
1083 1965 1205 2019 auri
1259 1965 1586 2036 patriarchae
1657 1964 2000 2036 totidemque
2033 1965 2183 2022 clero
2245 1965 2465 2022 donatis
2535 1972 2932 2036 persuaserunt
2980 1963 3188 2019 homini
3245 1971 3306 2016 ut
3366 1962 3558 2016 matri-
3644 2000 3647 2004 .

306 2055 558 2111 monium
603 2056 848 2125 ipsorum
905 2070 1282 2116 consecraret.
1319 2060 1600 2115 Romanus
1633 2062 1689 2117 in
1727 2059 1978 2116 dedicata
2011 2060 2080 2116 ab
2101 2077 2158 2116 se
2182 2059 2597 2130 spectatissima
2625 2059 2859 2116 ecclesia
2883 2057 3174 2128 sepelitur.

378 2149 586 2218 Κρατεϊ
617 2148 676 2202 δὲ
701 2152 730 2203 ὁ
768 2151 991 2222 Μιχαὴλ
1023 2152 1120 2204 σὺν
1154 2154 1221 2220 τῇ
1253 2153 1372 2222 Ζωῇ
1411 2153 1506 2225 ἔτη
1557 2154 1623 2218 ζ’.
1664 2152 1807 2207 Ἀλλ’
1841 2153 1876 2222 ἡ

2055 2154 2189 2225 Ejus
2211 2152 2334 2208 loco
2364 2153 2661 2209 Michaelus
2699 2151 2971 2221 imperare
3000 2149 3306 2220 cmpitcum
3332 2149 3567 2221 conjuge

301 2240 430 2309 Ζωὴ
476 2240 614 2310 αῦτη
651 2240 949 2306 ἐλπίζουσα
1000 2241 1081 2312 τῷ
1125 2244 1347 2312 Μιχαὴλ
1393 2246 1515 2298 ἀντὶ
1562 2245 1752 2299 δούλου
1797 2263 1888 2299 κε-

304 2330 544 2400 χρῆσθαι
602 2331 823 2401 ἀστοχει
864 2333 975 2386 ,τοῦ
1036 2333 1267 2388 σκοποῦ.
1337 2331 1397 2389 Ὀ
1448 2333 1557 2403 γὰρ
1636 2334 1888 2404 Ἰωάννης

304 2421 640 2491 δραστήριος
670 2421 768 2488 ὢν,
800 2425 896 2478 καὶ
929 2424 1118 2487 δεδιὼς
1155 2427 1281 2495 περὶ
1307 2425 1398 2478 τοῦ
1423 2425 1656 2494 ἀδελφοῦ
1694 2425 1888 2492 αὐτοῦ,

310 2513 542 2575 πάνταςρ
583 2514 684 2582 μὲν
734 2515 865 2579 τοὺς
910 2518 1213 2586 προσόντας
1266 2518 1407 2588 αὐτῇ
1443 2517 1888 2589 θαλαμηπόλους,

312 2607 405 2669 val,
441 2604 548 2674 μὴν
579 2609 676 2660 καὶ
707 2607 806 2671 τάς
836 2609 1181 2672 οίκειοτάτας
1213 2608 1604 2677 θεραπαινίδας
1631 2609 1688 2676 ἐξ
1719 2609 1890 2680 αὐτῆς

312 2697 568 2766 ἀποσπᾷ,
598 2697 696 2750 καὶ¹
743 2698 864 2751 οὐδὲ
901 2699 962 2751 τὸ
993 2699 1156 2768 τυχὸν
1191 2700 1326 2771 παρ’
1371 2701 1540 2771 αὐτῆς
1583 2702 1890 2770 ἐνεργεῖται

316 2789 364 2839 εἰ
397 2789 470 2859 μή
507 2804 571 2857 γε
594 2790 736 2843 κατὰ
757 2787 997 2862 Ῠγνὼμην
1032 2792 1308 2846 Ἰωάννου.
1332 2785 1501 2856 Οὗτος
1534 2791 1635 2862 μὲν
1661 2787 1758 2844 οῦν
1795 2793 1892 2844 καὶ

315 2881 372 2931 τὸ
400 2880 640 2949 ὑπήκοον
671 2861 943 2952 ἐξῆμέρου
987 2884 1258 2945 παντοίως
1300 2884 1396 2937 καλ⁸
1428 2883 1606 2936 πάντα
1645 2901 1892 2954 μετεχει-

319 2971 517 3040 ρὶζετο.
555 2975 681 3027 Ὀτι
710 2974 766 3027 δὲ
792 2976 860 3026 τὰ
887 2976 1146 3043 γεγονότα
1176 2975 1279 3029 οὐκ
1304 2977 1510 3046 ἀρεστὰ
1537 2971 1606 3047 ἦν
1640 2977 1716 3046 τῷ
1750 2977 1890 3048 Θεῷ,

318 3064 586 3118 δέδεικται
628 3065 723 3118 καὶ
757 3066 820 3118 ἐκ
853 3067 1160 3137 προοιμίων
1191 3067 1374 3121 αὐτῶν
1395 3085 1410 3101 ο
1467 3069 1610 3130 κατὰ
1655 3070 1766 3141 γάρ
1794 3070 1893 3140 τὴν

321 3155 386 3209 ια’
407 3158 558 3228 ὤραν
585 3159 686 3229 τῆς
713 3159 876 3228 ἁγίας
903 3161 1148 3230 μεγάλης
1185 3163 1474 3233 Κυριακῆς
1503 3163 1715 3233 χάλαζα
1761 3181 1893 3218 κατι

319 3251 522 3320 ηνέχθη
567 3251 839 3322 ἀφόρητος
886 3255 982 3308 κα)⁸
1017 3252 1263 3321 γενναία,
1308 3255 1785 3327 ὡςεσυντριεῆναι
1818 3255 1895 3326 μὴ

328 3345 462 3412 μόνα
519 3347 584 3400 τὰ
613 3346 832 3416 δένδρα,
860 3346 931 3401 τά
981 3364 1043 3400 τε
1101 3347 1360 3419 κάρπιμα
1403 3348 1502 3402 καὶ
1543 3349 1613 3402 τὰ
1645 3351 1893 3420 ἄκαρπα.

1990 2244 2099 2298 Zoe
2129 2243 2290 2298 annis
2340 2249 2574 2312 septem‘,
2607 2257 2729 2312 qua:
2758 2257 2883 2297 cum
2917 2255 2976 2296 se
3010 2240 3277 2295 Micltaelo
3309 2242 3566 2310 mancipii

1990 2335 2115 2390 loco
2141 2345 2389 2404 speraret
2419 2349 2666 2398 usuram,
2701 2333 2952 2390 instituto
2981 2348 3044 2388 ac
3062 2348 3157 2402 spe
3182 2347 3281 2387 sua
3306 2332 3573 2392 frustrata.

1991 2427 2362 2482 est.Joanncs
2389 2426 2536 2480 enim
2576 2422 2824 2480 Michaeli
2845 2424 3035 2488 frater,
3067 2425 3150 2477 vir
3183 2423 3579 2482 industriuset

1993 2529 2180 2569 rerum
2209 2513 2574 2586 gerendarum
2598 2514 2830 2593 peritus,
2863 2513 2960 2584 qui
2987 2513 3172 2568 fratris
3196 2512 3582 2568 incolumitati.

1990 2607 2155 2679 315
2209 2615 2503 2671 metueret,
2532 2621 2724 2662 omnes
2745 2606 2870 2661 Zoa:
2899 2605 3270 2662 cubicularios
3305 2620 3410 2659 una
3441 2622 3567 2660 eum

1992 2700 2330 2770 ancillisipsi
2355 2699 2591 2755 maxime
2625 2697 2990 2754 familiaribus
3020 2697 3091 2754 ab
3118 2712 3184 2754 ea
3212 2699 3468 2764 removit,
3502 2715 3570 2753 ne

1993 2792 2286 2848 minimum
2319 2793 2543 2863 quidem
2579 2791 2787 2861 aliquid
2827 2791 2965 2846 citra
3013 2792 3350 2846 voluntatem
3386 2800 3445 2846 et
3482 2806 3572 2844 are

1992 2883 2223 2939 bitt-ium
2264 2896 2424 2937 suum
2456 2881 2524 2936 ab
2549 2897 2613 2936 ea
2645 2879 2758 2950 geri
2791 2879 3133 2950 permittens.
3172 2878 3320 2934 idem
3375 2880 3573 2934 subdi-

1997 2984 2178 3030 torum
2206 2973 2423 3028 animos
2451 2972 2623 3027 variis
2649 2971 2828 3027 modis
2871 2971 3067 3026 blande
3102 2971 3385 3027 tractando
3413 2971 3572 3026 fratri

1995 3065 2375 3133 conciliabat,
2425 3076 2482 3120 et
2524 3065 2770 3119 omnium
2827 3063 3363 3118 administrationem
3410 3063 3462 3116 in
3513 3079 3575 3118 se

1996 3156 2355 3226 suscipiebat.
2387 3156 2507 3210 Non
2543 3165 2722 3210 tamen
2751 3169 2815 3209 ea
2849 3169 2970 3223 qua:
3005 3153 3059 3207 in
3090 3154 3397 3210 Romanum
3424 3167 3578 3207 com-

1997 3246 2166 3302 missa
2206 3245 2447 3310 fuerant,
2481 3257 2632 3316 grata
2671 3245 2786 3299 Deo
2837 3243 3029 3308 fuisse,
3087 3243 3156 3298 de
3209 3243 3344 3313 ipsis
3398 3243 3614 3300 initiis-

1999 3337 2218 3408 imperii
2251 3337 2504 3392 Michaeli
2539 3337 2707 3392 certis
2734 3336 3070 3405 argumentis
3103 3334 3284 3405 colligi
3337 3344 3571 3406 poterat.

243 3471 246 3473 λ
323 3437 458 3491 ἀλλὰ
479 3438 544 3508 δὴ
567 3438 664 3502 καὶ
695 3440 879 3502 οἰκίας
907 3442 1243 3494 καταπεσεῖν
1273 3440 1364 3494 καὶ
1404 3439 1587 3504 ναούς.
1620 3440 1818 3510 Γέγονε
1837 3437 1893 3492 δὲ

2001 3430 2137 3485 Nam
2180 3428 2314 3483 hora
2357 3428 2649 3483 undecima
2688 3436 3051 3482 sacrosanctae
3099 3442 3307 3498 magna:
3334 3428 3577 3482 Domini-

323 3533 414 3584 καὶ
463 3531 620 3601 χύσις
666 3533 895 3602 ἀστέρος
957 3533 1101 3587 κατὰ
1134 3531 1236 3604 τὴν
1290 3534 1426 3603 μετὰ
1454 3533 1515 3586 τὸ
1556 3532 1746 3602 Πάσχα
1779 3533 1893 3589 Κυ-

2002 3534 2079 3574 cae
2105 3518 2376 3590 grandine
2407 3527 2517 3574 tam
2551 3516 2886 3572 intolerabili
2917 3517 3077 3586 pluit,
3111 3528 3173 3570 ut
3202 3531 3312 3574 non
3348 3517 3578 3573 arbores

323 3623 540 3694 ριακὴν,
577 3625 705 3694 περὶ
735 3623 887 3694 ὥραν
912 3625 1103 3696 τρίτην
1138 3624 1239 3695 τῆς
1262 3622 1476 3690 νυκτὸς,
1513 3626 1578 3694 τῇ
1610 3622 1889 3695 ὑπερϐολῇ

2002 3619 2213 3664 tantum
2250 3610 2530 3676 frugiferae
2576 3608 2903 3676 sterilesque
2949 3607 3452 3678 confringerentur,
3479 3607 3576 3662 scd

323 3717 416 3787 τῆς
442 3717 829 3788 λαμπρότητος
852 3719 980 3780 τοὺς
1013 3717 1251 3788 ἀστέρας
1279 3715 1486 3780 πάντας
1508 3715 1893 3785 ἀποκαλύψαν-

1999 3704 2198 3758 domus
2263 3703 2429 3756 etiam
2501 3715 2626 3756 cum
2685 3701 2906 3771 templis
2964 3700 3191 3770 deje'ctze
3229 3708 3576 3757 corruerent.

323 3825 408 3868 τος
440 3805 515 3868 ὡς
567 3807 663 3859 καὶ
698 3806 848 3877 ἥλιον
875 3805 1156 3860 ἀνατεῖλαι
1200 3805 1376 3867 δοκεῖν
1397 3822 1412 3842 ο
1446 3807 1474 3867 ὁ
1501 3795 1684 3876 μέντοι
1737 3801 1892 3872 βασι-

2001 3795 2274 3850 Prteterea
2307 3793 2506 3849 sideris
2525 3792 2796 3864 trajectio,
2832 3792 3115 3846 Dominica
3143 3799 3266 3862 post
3294 3792 3578 3846 Paschalis

321 3895 443 3959 λεὺς
476 3895 685 3966 ἐλήφθη
711 3897 996 3966 δαιμονίῳ,
1025 3897 1054 3952 δ
1083 3898 1180 3955 καὶ
1204 3895 1658 3968 σεμνολογοῦντες
1682 3894 1732 3948 οἱ
1764 3911 1828 3947 πε
1839 3893 1893 3963 pl

1999 3887 2226 3952 festum,
2261 3885 2394 3940 hora
2431 3885 2591 3940 tertia
2634 3884 2811 3939 noctis
2840 3882 3076 3949 accidit;
3110 3897 3235 3938 cum
3266 3881 3498 3952 quidem
3525 3883 3575 3935 id

323 3987 508 4040 τοῦτον
540 3987 770 4057 μανικὸν
814 3987 1128 4046 ἀπεκάλουν
1168 3988 1406 4059 νόσημα.
1444 3988 1555 4042 Καὶ
1593 3984 1893 4057 παρέμεινε

1995 3979 2148 4036 sidus
2175 3977 2542 4048 amplitudine
2593 3975 2822 4046 fulgoris
2865 3973 2951 4030 sui
2981 3972 3575 4030 cunctorumaliorum

324 4079 380 4130 τὸ
412 4078 658 4131 τοιοῦτον
684 4077 814 4148 ἄχρι
837 4079 1028 4142 τέλους
1055 4081 1152 4148 τῆς
1192 4078 1360 4132 αὑτοῦ
1385 4078 1594 4149 βιοτῆς.

1997 4072 2246 4129 siderum
2285 4068 2588 4126 luminibus
2616 4067 2864 4122 olliceret
2892 4081 2956 4122 ac
2989 4065 3071 4122 sol
3103 4065 3218 4136 ipse
3251 4063 3386 4120 oriri
3425 4062 3580 4119 vide-

324 4183 490 4228 retur.
527 4171 719 4226 ltidem
753 4172 1054 4241 imperator
1085 4173 1228 4226 malo
1257 4181 1547 4242 correptus
1612 4178 1698 4226 est
1738 4167 1923 4240 genio,
1964 4180 2130 4238 quam
2178 4179 2310 4245 rem.
2357 4160 2658 4218 familiares
2704 4158 2883 4229 ipsius
2954 4158 3270 4214 honestiore
3311 4157 3580 4215 vocabulo

327 4278 574 4340 tegentes
613 4271 882 4330 insaniam
916 4271 1230 4340 'quamdam
1267 4269 1436 4324 animi
1500 4266 1794 4324 vocabant.
1861 4263 2055 4336 Neque
2113 4262 2320 4318 malum
2358 4258 2467 4314 hoc
2529 4257 2708 4328 ipsum
2774 4262 2903 4316 ante
2953 4253 3118 4310 linem
3175 4252 3300 4310 vitae
3352 4251 3605 4307 missum.

321 4361 471 4416 [ιοοὶι.

391 4449 527 4503 Κατ’
557 4451 734 4508 έκεῖνο
776 4451 843 4520 δὴ
875 4449 1069 4522 καιροῦ
1117 4452 1212 4503 καὶ
1241 4449 1485 4504 τοιοῦτόν
1518 4468 1572 4504 τι
1611 4449 1810 4521 συνέϐη
1842 4449 1901 4502 ἐν
1969 4468 1972 4469 ν

325 4541 400 4611 τῷ
419 4541 618 4610 θέματι
642 4540 752 4596 τῶν
773 4541 1123 4612 Θρᾳκησίων.
1149 4540 1455 4610 Βαράγγων
1481 4539 1901 4613 διεσπαρμένων

327 4633 560 4701 γυναῖκά
587 4651 667 4695 τις
713 4633 988 4704 ἐγχωρίαν
1020 4633 1199 4702 εὑρὼν
1227 4633 1314 4685 ἐπ’
1345 4633 1585 4704 ἐρημίας
1634 4632 1902 4703 ἐπειρᾶτο

331 4725 429 4794 τῆς
469 4725 832 4796 σωφροσύνης
863 4725 1057 4794 αὐτῆς,
1099 4726 1172 4788 ὡς
1202 4725 1258 4777 δὲ
1285 4726 1387 4777 οὐκ
1417 4723 1624 4788 ἔπειθε,
1658 4723 1750 4781 καὶ
1776 4722 1902 4796 βίαν

327 4819 422 4963 τιδὲ
471 4818 699 4887 ἐπῆγεν.
735 4819 803 4870 Ἦ
854 4817 911 4870 δὲ
955 4818 1049 4870 τὸν
1103 4817 1376 4885 ἀκινάκην
1423 4817 1750 4885 σπασαμένη
1805 4812 1899 4867 τοῦ

328 4911 388 4962 ἀν
425 4913 516 4963 ob;
549 4911 702 4963 παίει
742 4913 890 4963 κατὰ
926 4909 1156 4963 καρδίαν
1197 4910 1290 4963 τὸν
1327 4911 1640 4963 Βάοαγγιν.
1689 4911 1781 4963 καὶ
1811 4907 1899 4961 εῦ-

328 4907 516 4978 ἀνδρδς
549 4911 702 4963 παίει
742 4913 890 4964 κατὰ
926 4909 1156 4982 καρδίαν
1197 4910 1290 4964 τὸν
1327 4911 1640 4982 Βάραγγιν,
1689 4911 1781 4968 καὶ
1811 4907 1901 4961 εῦ-

260 4987 264 4989 »
329 5003 424 5066 θὺς
453 5003 689 5074 ἀναιρεῖ.
723 5001 830 5056 Τοῦ
858 5002 914 5055 δὲ
945 5003 1111 5073 ἔργου
1155 5001 1494 5064 διαδοθέντος
1538 5004 1597 5055 ὲν
1635 5003 1701 5071 τῇ
1743 5017 1902 5070 περισ-

330 5096 510 5167 χώρῳ,
537 5094 1020 5165 συναθροισθέντες
1047 5097 1095 5150 oi
1126 5096 1408 5166 Βάραγγοι
1439 5096 1630 5166 τῆν’τε
1660 5097 1897 5164 γυναῖκα

332 5184 655 5255 στεφανοῦσι
699 5186 797 5239 καὶ
843 5185 943 5256 τὴν
988 5184 1211 5240 ἃπασαν
1259 5185 1456 5239 οὐσίαν
1510 5184 1607 5238 τοῦ
1679 5183 1902 5258 βιαστοῦ

331 5274 503 5348 ταύτῃ
525 5275 756 5342 διδόασι,
786 5275 1041 5330 κάκεῖνον
1070 5275 1280 5342 ἄταφον
1312 5276 1590 5348 ῥίπτουσι.

396 5453 534 5508 Τότε
567 5453 634 5526 δὴ
665 5455 765 5508 καὶ
798 5441 1027 5524 σεισμοῦ
1071 5453 1370 5525 γενομένου
1418 5453 1605 5517 κακῶς
1632 5452 1801 5508 ἔπαθε
1835 5453 1906 5508 τὰ

343 5547 710 5619 Ἰεροσόλυμα,
743 5547 1091 5618 τεθνηκότων
1122 5547 1427 5618 ἀνθρώπων
1455 5547 1668 5600 πολλῶν
1700 5548 1759 5600 ἐν
1790 5549 1908 5610 τοῖς

337 5639 443 5694 τῶν
471 5640 779 5710 ἐκκλησιῶν
813 5641 909 5694 καὶ
952 5640 1142 5694 οἰκιῶν
1176 5639 1580 5709 συμπτώμασι,
1616 5639 1908 5710 σειομένης

2079 4440 2295 4502 Accidit
2349 4455 2416 4497 eo
2468 4439 2772 4512 imperante
2819 4437 3217 4494 'l‘hracensium
3269 4439 3327 4494 in
3373 4437 3592 4493 finibus

2005 4533 2325 4607 huiusmodi
2360 4531 2652 4604 quiddam.
2695 4530 2971 4600 Dispersis
2999 4543 3099 4599 per
3120 4529 3267 4583 illam
3301 4527 3580 4598 regionem

2005 4629 2063 4689 in
2105 4627 2337 4683 hiberna
2368 4624 2653 4695 Barangis,
2685 4623 2827 4680 forte
2862 4621 3085 4692 quidam
3117 4619 3407 4674 mulierem
3437 4618 3585 4674 indi-

1936 4761 1981 4820 υ
2009 4733 2207 4790 genam
2235 4717 2290 4771 in
2324 4715 2628 4772 solitudine
2662 4721 2858 4768 nactus
2885 4711 2936 4767 ei
2966 4720 3218 4779 stuprum
3255 4708 3460 4764 inferre
3492 4724 3589 4764 co-

2010 4824 2173 4876 natus
2198 4820 2307 4867 est.
2353 4809 2430 4867 Ea
2466 4823 2600 4863 vero
2647 4805 2940 4876 ipsiusmet
2978 4804 3195 4860 acinace
3239 4810 3496 4871 correpto
3531 4801 3586 4856 in

2011 4920 2108 4966 cor
2135 4904 2444 4974 Barangum
2496 4899 2626 4954 ferit
2655 4912 2720 4954 ac
2745 4897 2931 4953 statim
2970 4893 3256 4950 interficit.
3313 4891 3470 4958 Quod
3511 4892 3590 4948 la-

2009 5004 2160 5052 etum
2195 4993 2290 5051 ubi
2318 5007 2414 5064 per
2441 4989 2701 5047 viciniam
2725 4986 3081 5052 innotuisset,
3103 4985 3325 5042 coivere
3353 4984 3587 5056 Barangi

2003 5087 2214 5152 caeteri,
2240 5085 2570 5154 mulierique
2592 5089 2870 5139 coronata:
2888 5079 3178 5136 facultates
3198 5079 3346 5134 illius
3368 5092 3582 5144 omnes,

2002 5181 2100 5254 qtti
2143 5177 2426 5252 pudicitiae
2480 5175 2655 5243 ipsius
2696 5173 2894 5229 afferre
2942 5171 3054 5226 vim
3086 5171 3378 5238 voluerat,
3414 5169 3588 5225 dona-

2004 5283 2162 5338 runt,
2213 5270 2484 5328 cadavere
2519 5268 2713 5324 militis
2767 5267 2909 5323 citra
2967 5265 3267 5336 sepulturas
3320 5264 3585 5347 honorem

2003 5366 2238 5438 abiecto.
3617 5357 3622 5362 ’

2081 5457 2240 5511 'l‘unc
2265 5464 2323 5510 et
2366 5450 2741 5524 Hierosolyma
2776 5459 2938 5506 terra:
2968 5458 3122 5512 motu
3154 5448 3352 5504 misere
3390 5447 3588 5501 amicta

2013 5548 2156 5612 fuit,
2189 5543 2336 5616 quod
2397 5544 2453 5598 in
2514 5542 2648 5614 ipsis
2685 5542 3013 5612 templorum
3048 5539 3363 5607 aediumque
3413 5537 3590 5591 ruinis

2017 5639 2211 5709 ingens
2265 5635 2552 5691 hominum
2612 5633 2909 5688 multitudo
2963 5629 3389 5701 opprimeretur,
3443 5636 3589 5680 terra

337 5735 429 5804 τῆς
463 5735 566 5804 γῆς
623 5734 783 5806 ἄχρις
817 5734 1039 5810 ἡμερῶν
1086 5741 1159 5808 μ’.
1219 5733 1310 5808 Τῷ
1355 5733 1410 5787 δέ
1448 5751 1508 5805 γε
1547 5734 1893 5814 Σεπτεμϐρίιέ

2015 5732 2161 5799 diem
2199 5729 2264 5786 ad
2325 5725 2806 5800 quadragesimum
2871 5736 3046 5806 usque
3103 5732 3384 5786 succussa.
3431 5717 3608 5786 Anno
