4070 6460
412 292 518 356 ΐ89

1651 300 2052 363 ANNALIUM
2092 293 2282 362 PARS
2327 304 2419 367 iV.

3559 305 3673 369 590.

409 406 588 478 Ζωήν.
629 374 779 478 Αύτη
804 407 862 462 δέ
910 407 1341 483 διαλογισαμένη
1381 413 1454 477 ὼς
1485 414 1583 467 ούκ
1614 397 1680 469 si,
1724 433 1857 468 ποτε
1915 416 1982 470 τὰ

2097 416 2271 471 rediit.
2306 417 2380 472 Ea
2420 432 2553 474 vero
2577 432 2700 474 eum
2720 419 3111 478 deliberatione
3137 433 3322 475 secum
3346 417 3530 473 habita
3555 434 3665 475 non

407 499 566 554 κοινὰ
598 499 874 568 διεξάγειν
930 502 1064 574 μόνη
1127 505 1368 568 δύναιτο,
1418 506 1511 560 τὸν
1569 507 1665 560 τοῦ
1713 507 1980 578 βασιλέως

409 590 630 660 Μιχαὴλ
669 589 964 664 ὁμώνυμον
999 593 1244 660 ἀνεψιὸν,
1281 598 1534 668 Καίσαρα
1557 597 1707 674 ὄντα,
1733 599 1870 668 πρὸς
1923 599 1980 652 δέ

412 682 506 736 καλ⁵
550 681 883 754 δραστήριον
933 681 1073 740 εἶναι
1107 688 1392 754 δοκοῦντα,
1445 691 1762 760 εἰσποιητὸν
1809 707 1982 762 προσο

414 773 684 845 λαμϐάνει
712 777 851 840 υἱὸν,
883 779 980 832 καὶ
1006 779 1229 847 βασιλέα
1259 781 1444 836 τοῦτον
1470 783 1818 852 ἀναγορεύει,
1847 801 1984 854 κρα-

408 867 654 936 τήσαντα
678 867 733 922 δὲ
758 867 892 922 ὡσεὶ
933 870 1112 940 μῆνας
1167 872 1230 937 δ’,
1262 872 1447 944 ὅρκοις
1494 875 1762 945 πρότερον
1815 877 1984 931 αὑτὸν

411 960 874 1031 καταδεσμήσασα
930 964 1006 1026 ὠς
1048 966 1251 1034 ,κυρίαν
1319 967 1464 1038 ἔχειν
1502 969 1672 1040 αὐτὴν
1725 971 1821 1024 καὶ
1877 989 1985 1043 μη-

412 1051 547 1121 τέρα
579 1051 673 1104 καὶ
723 1051 798 1122 μὴ
818 1043 1258 1122 παρεμποδίζειν
1298 1056 1386 1125 ἐφ’
1419 1050 1502 1121 οἷς
1559 1057 1626 1112 ἂν
1677 1059 1772 1113 καὶ
1835 1060 1986 1125 ὅπως

412 1140 844 1211 διαπράττεσθαι
905 1143 1173 1212 βούλοιτο.
1236 1147 1352 1201 Καὶ
1410 1147 1576 1202 αὐτὸν
1609 1149 1666 1204 δέ
1719 1149 1986 1221 πρότερον
2055 1144 2058 1146 ⁷

413 1234 818 1304 ὀρφανοτρόφον
849 1235 1093 1290 ἐκποδὼν
1127 1239 1446 1311 ἐποιήσατο,
1503 1242 1600 1295 καὶ
1633 1240 1986 1298 Κωνσταντῖο

416 1347 504 1381 νον
533 1330 796 1392 ὡσαύτως
839 1331 931 1383 τὸν
963 1332 1286 1400 δομέστικον
1309 1336 1420 1390 τῶν
1464 1336 1673 1406 σχολῶν
1693 1338 1792 1409 τῆς
1811 1339 1988 1411 ἀρχῆς

413 1421 782 1490 ἀπεστέρησε.
821 1423 958 1476 Κατ’
1000 1424 1170 1496 αὐτὴν
1203 1425 1304 1496 τὴν
1361 1426 1516 1498 ῶραν
1569 1429 1693 1482 καθ’
1746 1431 1813 1502 ἢν
1863 1434 1988 1485 άνε-

412 1511 557 1566 δεῖτο
604 1512 680 1582 τῷ
707 1514 1004 1585 δια“ήματι
1057 1519 1086 1571 ὁ
1131 1520 1375 1592 Μιχαὴλ,
1414 1520 1677 1577 σκοτώσει
1719 1525 1813 1577 καὶ
1847 1513 1988 1594 ’ίλίγς-

416 1620 500 1671 γῳ
535 1603 764 1673 ληφθεὶς
794 1606 965 1673 ἐγγὺς
997 1603 1128 1680 ἦλθέ
1157 1627 1262 1665 που
1314 1615 1524 1681 πεσεῖν,
1565 1615 1720 1691 μόλις
1764 1615 1822 1671 εέ
1856 1618 1989 1672 ἀναν

418 1695 666 1750 καλεῖται
739 1697 933 1767 μύροις
996 1702 1092 1755 καὶ
1151 1703 1440 1774 ἀρώμασι.
1497 1707 1610 1761 Καὶ
1673 1707 1734 1772 ὃς
1786 1711 1986 1767 αὐτίκα

417 1787 650 1853 δωρεαῖς
685 1795 1060 1860 περιποιεῖται
1112 1770 1213 1863 τὴν
1240 1770 1565 1867 σύγκλητον.
1617 1770 1992 1871 Μεταπέμπε-
2022 1770 2064 1827 Β

422 1897 512 1932 ται
539 1880 592 1934 δέ
618 1882 715 1950 τῆς
749 1883 970 1955 ἐξορίας
1000 1887 1097 1939 καὶ
1129 1888 1544 1945 Κωνσταντῖνον
1601 1893 1694 1948 τὸν
1739 1895 1991 1964 δομέστι-

421 1989 536 2038 κον,
607 1973 701 2027 καὶ
754 1975 895 2028 οὔτω
953 1976 1112 2044 δῆθεν
1166 1981 1224 2033 ἐν
1278 1977 1483 2054 βεϐαίῳ
1545 1983 1706 2049 δόξας
1767 1986 1991 2042 ἑστάναι

421 2063 706 2133 παρευθὺς
737 2067 946 2124 πίπτει.
977 2069 1279 2141 Γράμμασι
1319 2072 1430 2144 γὰρ
1459 2073 1554 2128 τοῦ
1579 2075 1991 2150 ὀρφανοτρόφου

421 2155 522 2209 καὶ
552 2156 770 2226 βουλαῖς
795 2158 888 2212 τοῦ
913 2159 1257 2228 δομεστίκου,
1297 2163 1565 2232 λεγόντων
1593 2168 1667 2236 μὴ
1709 2168 1993 2223 πιστεύειν

418 2251 486 2318 τῇ
516 2248 776 2318 βασιλίδι,
810 2251 886 2314 ὡς
915 2253 981 2312 ἂν
1016 2253 1091 2324 μὴ
1125 2256 1287 2311 πάθοι
1347 2258 1448 2312 ὅσα
1507 2260 1570 2330 δὴ
1625 2263 1722 2316 καὶ
1769 2262 1993 2336 Μιχαὴλ

421 2338 519 2394 καὶ
559 2337 840 2408 Ῥωμανὺς
870 2345 1147 2412 γοητείαις
1196 2347 1292 2400 ἅτε
1320 2350 1450 2416 παρ’
1489 2350 1667 2422 αὐτῆς
1714 2369 1991 2424 κατεργα-

423 2428 664 2512 σθέντες,
725 2431 1056 2503 διεγείρεται
1120 2439 1215 2490 καὶ
1270 2440 1563 2512 ἐπιϐουλὴν
1643 2445 1765 2497 κατ’
1821 2447 1992 2516 αὐτῆς

425 2509 649 2591 μελετᾷ.
685 2523 869 2576 Θέλων
902 2524 958 2577 δέ
986 2527 1083 2579 καὶ
1123 2527 1218 2582 τὸν
1245 2528 1374 2584 λαὸν
1421 2509 1570 2597 ίδεῖν,
1626 2535 1786 2606 εἴπερ
1818 2509 1993 2591 εύνοῖέ

424 2614 537 2677 κῶς
581 2614 720 2685 πρὸς
751 2616 914 2670 αὐτὸν
973 2618 1264 2688 διάκειται,
1299 2623 1393 2676 καὶ
1425 2624 1601 2689 οὕτως
1633 2627 1992 2699 ἐπιχειρῆσαι

423 2705 491 2774 τῇ
520 2705 808 2777 ἐπιϐουλῇ,
837 2708 1052 2764 κελεύει
1095 2712 1350 2778 γενέσθαι
1401 2716 1746 2784 προέλευσιν.
1800 2721 1915 2792 Ἐφ’

427 2795 525 2850 καὶ
589 2798 803 2862 πάντας
854 2799 978 2853 ἰδὼν
1029 2800 1106 2863 ὡς
1159 2804 1208 2856 εί
1254 2805 1482 2859 δυνατὸν
1528 2809 1625 2860 καὶ
1664 2809 1764 2872 τὰς
1815 2795 1996 2883 ψυχὰς

427 2888 678 2959 προϊέναι
737 2893 898 2962 χάριν
961 2895 1129 2963 τιμῆς
1186 2894 1351 2949 αὑτοῦ
1427 2897 1525 2952 καὶ
1585 2899 1992 2974 λαμπρότητος,

425 2979 658 3035 ἅπτεται
701 2982 800 3052 τῆς
839 2985 1154 3056 ἐπιϐουλῆς.
1205 2987 1420 3052 Νυκτὸς
1468 2989 1563 3046 οὖν
1609 2995 1872 3067 κατασπᾷ
1902 2996 1994 3051 τοῦ

426 3069 619 3142 θρόνου
637 3073 733 3127 καὶ
756 3075 997 3146 ἐξορίζει
1029 3078 1200 3150 αὐτὴν
1237 3079 1320 3144 είς
1354 3081 1680 3153 Πρίγκιπον,
1720 3086 1992 3153 κελεύσας

426 3163 539 3225 τοῖς
561 3163 964 3235 ἀποκομίζουσι
995 3170 1087 3222 καὶ
1118 3170 1219 3234 τὰς
1251 3171 1446 3244 τρίχας
1497 3175 1666 3247 αὐτῆς
1696 3178 1992 3250 ἀποκεῖραι

430 3255 527 3307 καὶ
551 3255 684 3326 πρὸς
717 3258 880 3312 αὐτὸν
915 3260 1088 3324 αὑτὰς
1117 3263 1370 3332 ἀγαγεῖν.
1408 3264 1625 3322 Γίνεται
1667 3269 1864 3336 ταῦτα,
1898 3273 1995 3327 καὶ

433 3346 679 3417 ἀναφορὰ
711 3347 800 3403 διὰ
831 3349 924 3403 τοῦ
980 3351 1222 3424 ἐπάρχου
1275 3354 1352 3426 τῷ
1407 3355 1522 3428 λαῷ
1558 3359 1994 3428 ἀναγινώσκεται

431 3438 491 3490 ἐν
550 3437 627 3508 τῷ
670 3438 764 3492 τοῦ
811 3441 1229 3498 Κωνσταντίνου
1277 3445 1453 3516 ιαόρῳ,
1527 3450 1862 3522 περιέχουσα
1912 3453 1996 3508 ὅτι

433 3526 767 3600 Κακόνουςή
798 3530 921 3602 Zur};
955 3533 1084 3603 περὶ
1127 3534 1228 3606 τὴν
1255 3534 1538 3606 βασιλείαν
1574 3557 1676 3610 μου
1700 3541 1997 3613 εὑρεθεῖσα

428 3619 730 3690 ἐξρρίζεται
781 3623 912 3694 παρ’
957 3625 1130 3693 ἐμοῦ·
1184 3627 1344 3696 ὑμεῖς
1389 3629 1449 3683 δὲ
1501 3629 1662 3700 εῐπερ
1737 3633 1997 3698 εὐνοϊκῶς

429 3711 706 3768 διάκεισθε
749 3717 886 3786 πρός
938 3734 1026 3786 με,
1061 3718 1267 3787 μᾶλλον
1319 3721 1590 3792 ἀξιωθῆτε
1639 3724 1837 3794 τιμῶν.
1885 3726 1998 3780 Καὶ

429 3806 775 3879 παραχρῆμα
860 3811 1016 3882 φωνὴ
1093 3810 1420 3876 ἐξακούεται
1500 3813 1644 3871 οὔτω
1715 3817 1993 3886 λέγουσα·

434 3918 453 3951 ι
507 3899 702 3968 Ἡμεῖς
737 3906 1129 3974 σταυροπάτην
1159 3905 1498 3976 Καλαφάτην
1533 3906 1764 3977 βασιλέα
1793 3909 1856 3963 ού
1911 3909 1998 3963 θέ-

428 3986 616 4059 λομεν,
674 3991 808 4046 ἀλλὰ
859 3993 959 4062 τὴν
1010 3993 1347 4065 κληρονόμον
1420 3997 1515 4049 καὶ
1570 3998 1784 4069 μητέρα
1841 4001 2000 4070 ἡμῶν

429 4079 609 4150 Ζωήν.
653 4097 673 4132 ι
723 4081 886 4135 Ἀλλὰ
919 4083 1012 4135 καὶ
1043 4081 1200 4136 τοῦτο
1234 4084 1372 4155 πρὸς
1399 4086 1514 4149 τοῖς
1561 4086 1742 4152 ἄλλοις
1787 4089 1997 4156 ἐϐόωνς

436 4187 455 4221 ι
502 4171 872 4242 Ἀνασκαφείη
905 4174 972 4226 τὰ
1007 4175 1143 4228 ὀστᾶ
1185 4175 1280 4229 τοῦ
1307 4177 1666 4246 Καλαφάτου.
1705 4198 1724 4232 ι
1759 4182 1869 4235 Καὶ
1902 4185 2000 4238 λα-

431 4259 615 4324 ϐόντες
667 4262 735 4315 τὰ
795 4265 1181 4333 παρατυχόντα
1218 4265 1352 4330 ξύλα
1399 4269 1550 4338 παρὰ
1600 4269 1696 4324 τοῦ
1749 4272 1997 4344 ἐπάρχου

2088 505 2251 578 posse
2271 523 2330 564 se
2354 510 2524 564 solam
2555 509 2940 564 administrare
2972 525 3084 565 rem
3118 510 3392 581 publicam
3415 510 3669 566 animad-

2088 606 2347 666 verteret,
2380 599 2723 668 imperatoris
2749 599 2992 656 Mieliaeli
3025 602 3402 672 cognominem
3433 609 3485 656 et
3517 615 3692 656 soro-

2091 691 2169 744 ris
2198 691 2370 745 lium
2398 731 2412 756 ,
2449 696 2542 762 qui
2580 693 2761 748 Cmsar
2783 694 3099 763 designatus
3124 703 3243 749 erat
3271 702 3328 749 et
3360 691 3695 750 industrius.

2088 797 2358 854 aptusque
2385 784 2546 840 rebus
2569 785 2824 857 gerendis
2862 802 2984 842 esse
3012 788 3319 854 videbatur,
3348 786 3667 856 adoptatum

2091 873 2196 928 sibi
2225 874 2494 945 adjungit,
2521 892 2584 931 ac
2626 875 2793 931 lilium
2825 879 3324 948 imperatoremque
3359 876 3668 933 renuntiari

2091 975 2266 1018 curat.
2297 959 2519 1020 Praefuit
2552 967 2715 1020 rebus
2733 980 2947 1022 menses
2969 968 3035 1022 ad
3064 977 3319 1038 quatuor.
3343 967 3666 1036 Priusquam

2092 1055 2326 1125 imperio
2351 1057 2647 1124 potiretur,
2671 1058 2781 1114 Zoe
2810 1061 3168 1116 sacramentis
3188 1075 3314 1115 eum
3350 1058 3690 1125 obstrinxit,

2091 1157 2152 1201 ut
2181 1146 2542 1218 polliceretur
2578 1162 2640 1204 se
2678 1149 2801 1203 loco
2828 1147 3160 1227 dominaaac
3191 1152 3379 1206 matris
3419 1165 3538 1204 eam
3571 1149 3672 1204 ha-

2092 1237 2489 1306 biturum,!nec
2529 1239 2636 1295 ulla
2673 1255 2732 1295 re
2788 1240 3035 1300 futurum
3083 1242 3480 1312 impedimento
3531 1257 3694 1312 quo,

2096 1330 2279 1386 minus
2321 1331 2415 1386 illa
2453 1347 2576 1402 qua:
2609 1331 2811 1398 vellet,
2832 1333 2994 1404 317
3021 1349 3238 1404 quoque
3265 1343 3425 1404 pacto
3460 1332 3673 1394 collibis

2096 1431 2211 1478 tum
2245 1431 2416 1491 esset,
2451 1424 2636 1479 omnia
2677 1435 2914 1494 gereret.
2973 1425 3242 1481 Praeterea
3276 1424 3543 1482 Joannem
3574 1440 3675 1494 pu-

2093 1514 2351 1585 pillorum
2376 1515 2659 1569 alumnum
2689 1515 2759 1570 ab
2792 1515 3265 1572 administratione
3283 1531 3407 1572 mox
3423 1515 3493 1571 ab
3518 1515 3676 1572 initio

2095 1607 2369 1674 removit,
2391 1607 2753 1665 Constantino
2778 1624 2997 1681 quoque
3031 1609 3334 1666 domestico
3364 1609 3695 1672 scholarum,

2097 1697 2422 1766 magistratu
2449 1697 2732 1768 abrogato.
2764 1696 3068 1754 Michaelus
3090 1714 3156 1754 ea
3190 1699 3327 1769 ipsa,
3354 1713 3462 1768 qua
3486 1698 3677 1754 diade-

2092 1795 2240 1848 mate
2297 1786 2644 1857 cingebatur,
2707 1787 2844 1846 hora
2899 1791 3185 1845 oculorum
3229 1791 3554 1862 caligatione
3610 1808 3698 1849 ac.

2093 1877 2363 1950 vertigine
2391 1888 2684 1951 correptus
2709 1896 2904 1952 parum
2929 1879 3108 1938 abfuit
3133 1883 3266 1954 quin
3287 1884 3691 1950 collaberetur,

2093 1969 2296 2040 vixque
2328 1969 2549 2025 tandem
2596 1973 2892 2042 unguentis
2945 1974 3393 2050 et'aromatihus
3435 1979 3679 2032 reiectus

2093 2069 2199 2115 est.
2229 2061 2442 2115 Corona
2476 2062 2684 2132 potitus
2713 2078 2839 2118 mox
2866 2063 3253 2135 largitionibus
3279 2065 3384 2120 sibi
3422 2075 3674 2120 senatum

2095 2142 2376 2206 conciliat.
2407 2152 2661 2224 Cumque
2708 2153 3130 2211 Constantinum
3181 2156 3542 2214 domesticum
3606 2159 3676 2214 ab

2096 2244 2298 2299 exsilio
2333 2256 2684 2312 revocasset,
2735 2261 2905 2317 seque
2954 2249 3066 2320 jam
3100 2251 3155 2305 in
3208 2259 3326 2305 tuto
3371 2250 3675 2306 consistere

2095 2342 2340 2405 putaret,
2392 2337 2579 2393 subito
2633 2339 2871 2395 corruit.
2911 2339 3217 2397 Persuasus
3251 2343 3396 2398 enim
3449 2343 3676 2398 Joannis

2095 2428 2434 2499 pupillorum
2487 2430 2692 2486 alumni
2731 2431 2932 2487 litteris
2971 2443 3026 2488 et
3054 2432 3341 2490 domestici
3396 2435 3674 2500 consiliis,

2099 2521 2195 2590 qui
2246 2521 2500 2578 dicerent
2535 2521 2696 2578 iidem
2730 2523 3068 2593 imperatrici
3094 2539 3202 2581 non
3235 2526 3564 2592 habendam,
3608 2541 3680 2581 ne

2099 2613 2467 2669 usuvenirent
2491 2614 2685 2671 eadem
2717 2615 2820 2686 ipsi
2844 2632 2965 2687 quae
2991 2616 3291 2674 Michaelus
3315 2627 3372 2674 et
3399 2619 3680 2674 Romanus

2097 2702 2343 2770 perpessi
2389 2702 2659 2769 fuissent,
2707 2720 2848 2774 quos
2892 2705 2982 2760 illa
3011 2707 3297 2765 veneﬁciis
3344 2709 3676 2772 sustulisset,

2098 2789 2330 2845 excitari
2377 2805 2438 2846 se
2493 2801 2685 2848 contra
2716 2793 2862 2851 illam
2895 2809 3094 2865 passus
3117 2805 3238 2860 est,
3286 2805 3348 2852 ut
3380 2798 3501 2867 ejus
3549 2797 3679 2853 vita

2101 2881 2459 2937 insidiaretur
2491 2900 2504 2936 :
2541 2898 2778 2955 cumque
2810 2887 2998 2956 populi
3022 2902 3239 2957 quoque
3271 2897 3483 2944 tentare
3505 2889 3673 2947 vellet

2101 2971 2352 3038 animos,
2375 2981 2434 3028 ut
2465 2987 2827 3045 cognosceret
2862 2993 2936 3032 an
2968 2978 3115 3035 illius
3144 2979 3328 3048 aliqua
3363 2979 3508 3035 foret
3530 2981 3585 3035 in
3615 2996 3678 3036 se

2022 3047 2070 3114 C
2101 3063 2513 3135 benevolentia,
2543 3083 2651 3139 qua
2678 3077 2963 3139 perspecta
3004 3080 3218 3126 struere
3242 3047 3498 3141 pergeret
3540 3071 3679 3128 insi-

2093 3156 2240 3229 dias,
2279 3173 2602 3228 processum
2642 3160 2923 3231 publicum
2979 3162 3195 3217 institui
3230 3163 3426 3235 jubet,
3473 3165 3526 3219 in
3569 3180 3680 3234 quo

2076 3264 2227 3308 scum
2254 3266 2377 3307 eam
2408 3253 2466 3308 in
2515 3255 2776 3310 omnibus
2819 3255 3160 3310 alacritatem
3196 3261 3478 3321 cerneret,
3533 3267 3593 3310 ut
3632 3257 3678 3312 si

2101 3337 2222 3393 ﬁeri
2272 3348 2480 3410 posset,
2517 3341 2685 3396 etiam
2743 3343 2955 3399 animas
3014 3359 3080 3399 ac
3138 3343 3307 3399 vitam
3361 3360 3464 3415 pro
3506 3345 3682 3412 ipsius

2100 3431 2314 3489 honore
2345 3433 2724 3506 dignitateque
2762 3435 3165 3506 profunderent
3195 3476 3209 3502 ,
3269 3435 3337 3490 ad
3375 3437 3682 3493 moliendas

2106 3522 2335 3579 insidias
2397 3540 2519 3582 sese
2579 3537 2883 3597 comparat.
2923 3527 3111 3598 Itaque
3149 3537 3316 3584 noctu
3368 3529 3506 3584 solio
3533 3529 3685 3600 deje-

2101 3619 2245 3666 ctam
2281 3613 2600 3683 principum
2639 3615 2861 3686 ablegat
2915 3617 3011 3672 ubi
3054 3618 3353 3688 exsularet,
3413 3619 3682 3691 imperato

2102 3701 2529 3774 deportantibus
2562 3714 2624 3761 ut
2649 3707 2876 3776 capillos
2897 3708 2948 3762 ei
2977 3708 3239 3766 raderent
3268 3719 3323 3764 et
3354 3711 3578 3768 eosdem
3613 3713 3682 3768 ad

2104 3809 2164 3851 se
2201 3795 2504 3853 deferrent.
2533 3796 2631 3856 His
2664 3799 2738 3856 ita
2766 3801 2956 3870 gestis,
2996 3803 3288 3871 prazl'ectus
3322 3805 3480 3861 urbis
3533 3817 3685 3862 aeto~

2102 3902 2226 3942 rum
2279 3889 2607 3950 relationem
2660 3906 2726 3947 ac
2775 3893 3043 3963 populum
3085 3893 3154 3948 de
3208 3895 3414 3966 scripto
3461 3897 3686 3954 nomine

2103 3977 2456 4048 imperatoris
2490 3982 2544 4036 in
2571 3980 2920 4041 Constantini
2974 3983 3096 4039 loro
3130 3985 3317 4044 verbis
3367 3987 3685 4059 hujusmodi

2103 4071 2302 4126 recitat
2335 4089 2350 4127 :
2393 4089 2413 4126 ι
2449 4073 2618 4143 Zoen,
2661 4075 2811 4146 quod
2840 4090 2960 4138 eam
2995 4076 3234 4148 imperio
3265 4093 3389 4135 meo
3417 4079 3690 4138 malitiose

2103 4164 2420 4219 insidiatam
2475 4181 2599 4222 esse
2649 4167 3176 4237 deprehenderem',
3227 4170 3404 4226 solum
3465 4180 3689 4228 vertere

2099 4257 2265 4328 jussi.
2288 4257 2420 4322 Vos,
2459 4259 2738 4329 siquidem
2771 4259 2829 4314 in
2861 4259 3247 4317 benevolentia
3280 4266 3410 4333 erga
3441 4278 3530 4320 me
3565 4279 3690 4334 per-

432 4351 732 4422 φέρονται’
759 4356 855 4407 καὶ
882 4355 939 4417 ὃς
997 4359 1142 4428 φυγῇ
1201 4358 1558 4430 χρησάμενος
1615 4362 1771 4431 μόλις
1808 4363 1997 4418 διεσώτ

2106 4347 2401 4412 stiteritis,
2430 4349 2672 4406 honores
2700 4353 3146 4424 consequemini.
3191 4371 3210 4406 ι
3245 4353 3386 4409 Tum
3427 4369 3555 4410 vero
3583 4370 3689 4412 vox

431 4443 574 4508 ζετο.
619 4445 677 4498 ὐ
707 4446 760 4500 δέ
791 4448 921 4512 λαὸς
947 4451 1024 4511 εἰς
1056 4451 1152 4520 τὴν
1183 4451 1486 4522 ἐκκλησίαν
1517 4453 1849 4508 καταλαϐὼν
1874 4456 2008 4509 ἐδυρ

434 4539 758 4607 σφήμεικαὶ
798 4541 943 4610 μάλα
996 4538 1089 4596 τὸν
1141 4543 1390 4614 βασιλέα,
1434 4545 1753 4605 ἀνεκαλεῖτο
1806 4548 1864 4602 δέ
1898 4547 2014 4632 τὴν.

433 4631 584 4703 Ζωὴν
621 4633 715 4712 ὅλη
746 4634 915 4706 ψυχῇ.
947 4637 1101 4692 Μετὰ
1129 4637 1186 4690 δέ
1231 4637 1407 4692 ταῦτα
1459 4638 1597 4712 πρὸς
1629 4639 1691 4692 τὸ
1736 4641 1999 4696 παλάτιον

432 4707 711 4793 ἔρχονται,
744 4731 1082 4797 καταγαγεῖν
1113 4731 1205 4783 τδν
1250 4729 1480 4798 βασιλέα
1505 4707 1862 4800 βουλόμενοι.
1902 4734 2000 4797 ’ος

433 4819 528 4869 καὶ
567 4818 822 4886 πτοηθεὶς
843 4819 1019 4890 ἧγαγε
1069 4821 1168 4892 τὴν
1214 4822 1389 4891 Ζωὴν,
1440 4822 1534 4876 καὶ
1587 4823 1866 4886 ἀποδύσας
1902 4826 2001 4878 αύ-

433 4908 534 4980 τὴν
563 4909 632 4962 τὰ
670 4909 941 4980 μοναχικὰ
979 4910 1282 4982 βασιλικοῖς
1314 4914 1590 4984 ἐκόσμησε
1649 4913 2000 4985 περιϐλήμα-

437 5016 541 5054 σιν.
578 4999 694 5052 Εἷθ’
734 4999 910 5065 οὕτως
959 5002 1037 5073 τῷ
1069 5001 1185 5072 λαῷ
1244 5005 1642 5076 δημηγορήσας
1697 5006 1792 5060 καὶ
1833 5007 2002 5078 μηδὲν

434 5092 635 5155 ἀνύσας
667 5091 885 5163 (ύὸρεσι
915 5093 1025 5162 γὰρ
1055 5095 1254 5162 μᾶλλον
1277 5095 1542 5154 ἐπλύνετο
1575 5098 1670 5151 καὶ
1698 5097 1869 5161 λίθοις
1905 5097 2001 5152 καὶ
2029 5144 2046 5157 .

435 5181 612 5246 τόξοις
667 5180 968 5249 ἐϐάλλετο),
1023 5181 1165 5249 ἔγνω
1215 5183 1325 5235 δεῖν
1370 5185 1428 5236 ἐν
1469 5185 1534 5250 τῇ
1571 5187 1704 5254 μονῇ
1750 5185 2002 5239 Στουδίου

437 5271 716 5329 ἀπελθεῖν.
761 5271 820 5324 ’0
850 5271 905 5324 δέ
937 5271 1260 5341 ὣμὲστικος
1293 5271 1394 5325 οὐκ
1427 5274 1638 5342 ἀφῆκεν
1655 5274 1842 5339 αὐτὸν,
1869 5275 2004 5332 ἀλλὰ

439 5363 700 5432 γενναίως
733 5364 1051 5432 ἀντιστῆναι
1083 5363 1390 5436 παρέπεισε
1435 5364 1584 5434 καὶῆ
1639 5365 2004 5436 ὑπερισχύσαι

418 5455 470 5522 ·ἢ
498 5455 790 5524 βασιλικῶς
827 5455 1148 5510 ἀποθανεῖν.
1192 5453 1608 5522 Ἐτοιμὰζονται
1638 5455 1715 5520 ὡς
1739 5451 1888 5527 ετχον
1911 5457 2005 5510 δυ-

357 5544 363 5551 ’
438 5547 675 5616 νάμεως.
717 5545 892 5618 Τριχῇ
915 5545 1008 5600 οὖν
1032 5547 1083 5600 oi
1112 5530 1208 5600 τεῦ
1253 5546 1430 5616 δήμου
1481 5547 1871 5616 διαιρεθέντες,
1899 5548 2006 5602 ῶσ-

442 5655 548 5706 περ
577 5637 641 5707 δὴ
673 5637 766 5691 καὶ
789 5639 837 5690 οἱ
861 5637 991 5708 περὶ
1028 5637 1120 5690 τὸν
1167 5637 1410 5705 Μιχαὴλ,
1445 5638 1566 5690 κατ’
1596 5636 1838 5707 ἀλλήλων
1872 5637 2007 5707 ἐχώ-

445 5746 593 5810 ρουν.
629 5728 821 5782 Ἔνθεν
857 5746 938 5781 τοι
980 5731 1071 5789 καὶ
1110 5733 1172 5781 ἐκ
1215 5727 1308 5789 τοῦ
1342 5727 1517 5795 δήμου
1548 5729 1732 5779 rei-ms:
1757 5726 1880 5795 λαδς
1905 5729 2006 5787 ait:

2105 4441 2358 4510 quaedam
2420 4440 2742 4512 bujusmodi
2798 4443 2985 4499 subito
3042 4443 3303 4499 exaudita
3353 4452 3440 4500 est
3473 4461 3538 4499 ιι
3576 4445 3690 4502 Nos

2107 4531 2551 4600 proculcatorem
2583 4534 2767 4590 crucis
2786 4534 3140 4606 Calaphatem
3172 4537 3560 4608 imperatorem
3591 4539 3690 4596 ha.-

2106 4621 2236 4678 bere
2267 4623 2548 4693 nolumus,
2575 4626 2670 4682 sed
2703 4627 2850 4683 Zoen
2883 4637 3118 4685 matrem
3151 4637 3395 4685 nostram
3421 4638 3480 4685 et
3515 4630 3704 4702 imper»

2106 4712 2175 4766 rii
2233 4715 2530 4772 ha-rsdem.
2595 4735 2614 4769 ι
2690 4717 2996 4775 Clamatum
3062 4721 3230 4777 etiam
3306 4722 3454 4778 inter.
3517 4724 3683 4779 alia:

2097 4807 2132 4856 ἰ
2171 4806 2497 4862 Evertahtur
2523 4825 2647 4866 ossa
2674 4811 3010 4884 Calaphatae.
3033 4830 3054 4866 ι
3089 4813 3214 4870 Mox
3243 4814 3522 4893 correptis.
3540 4815 3688 4872 saxis

2107 4907 2166 4952 et
2219 4899 2509 4968 quibusvis
2540 4902 2708 4973 lignis
2741 4902 3064 4974 praefectum
3115 4906 3274 4968 urbis
3306 4915 3541 4980 petunt;
3589 4907 3684 4979 qui

2108 5001 2330 5064 arrepta
2382 4991 2504 5064 luga
2536 4998 2627 5049 vix
2664 4997 2826 5052 saluti
2858 5012 2972 5053 sua:
2997 4999 3287 5054 consulere
3316 4999 3518 5070 potuit.
3556 5000 3688 5057 lude

2111 5094 2382 5154 occupato
2430 5087 2635 5156 templo
2687 5089 2958 5144 conviciis
3005 5091 3241 5160 populus
3297 5093 3683 5163 imperatorem

2110 5175 2444 5242 gravissimis
2472 5178 2879 5247 proscindebat,
2915 5189 3143 5252 totoque
3171 5183 3338 5238 animi
3361 5185 3542 5242 studio
3565 5183 3688 5239 2.0.13

2111 5279 2316 5320 nomen
2355 5265 2712 5332 inclamabat.
2749 5269 2927 5342 thue
2977 5272 3340 5336 deturbarent
3394 5275 3690 5344 imperato-

2113 5372 2255 5423 rem,
2287 5359 2355 5412 ad
2387 5361 2652 5429 palatium
2683 5365 3113 5432 contendebant.
3145 5367 3196 5424 ls
3228 5383 3360 5423 vero
3387 5377 3536 5422 metu
3563 5383 3689 5437 per-

2111 5448 2301 5503 culsus
2354 5449 2500 5516 Zoen
2567 5452 2621 5506 in
2658 5454 2848 5523 populi
2895 5467 3256 5525 conspectum
3301 5455 3590 5510 adductam
3633 5462 3690 5509 et

2113 5544 2425 5597 monastico
2460 5543 2653 5599 habitu
2701 5555 2921 5609 erutam
2954 5547 3312 5618 imperatorio
3345 5550 3532 5601 rursus
3553 5548 3689 5602 ami-

2112 5644 2202 5691 ctu
2235 5635 2547 5690 exornavit.
2575 5637 2781 5692 Deinde
2797 5640 2862 5691 ad
2887 5639 3152 5707 populum
3180 5637 3446 5693 concione
3479 5637 3683 5703 habita,

2115 5743 2236 5794 rum
2301 5726 2435 5789 nihil
2496 5727 2825 5794 obtinuisset
2874 5728 3068 5796 (magis
3108 5743 3251 5780 t’ﬂllll
3315 5743 3477 5793 quam
3529 5739 3683 5783 ἑιίιίωι
