4070 6414
385 429 487 493 533

1646 446 2045 529 ANNALIUM
2093 447 2287 508 PARS
2330 448 2426 510 tv.

3526 450 3629 514 594

386 544 524 611 μετὰ
553 543 668 606 ἔτος
693 546 751 598 ἓν
774 549 869 615 τῆς
904 550 1066 604 αὖτοῦ
1104 551 1381 623 βασιλείας
1429 557 1621 623 φανεὶς
1686 558 1785 620 τὰς
1821 558 1949 627 με).-

2054 574 2173 612 rum
2209 559 2378 616 fuisse
2408 558 2725 630 perhibent,
2766 560 2863 617 sed
2901 571 3078 617 tamen
3111 562 3393 625 liberalem
3428 570 3485 616 ut
3514 578 3632 617 om—

384 633 584 697 λούσας
616 626 861 702 γενέσθαι
891 643 1164 709 κοσμικὰς
1200 647 1514 714 συμφοράς.
1563 646 1705 717 Ὅρα
1731 626 1839 719 γὰρ
1869 649 1950 702 ὅτι

389 725 507 794 μετ’
542 727 602 779 οὐ
637 729 776 781 πολὺ
806 731 993 794 στάσις
1018 732 1076 785 ἐν
1101 734 1303 804 Σερὸίᾳ
1336 737 1548 804 γέγονε.
1605 737 1814 808 Γράφει
1858 734 1950 794 οὖν

382 818 411 869 6
441 819 697 886 βασιλεὺς
732 820 809 888 τῷ
835 825 1058 892 ἄρχοντι
1098 826 1429 897 Δυρραχίου.
1459 830 1568 882 Καὶ
1600 829 1657 892 ὃς
1688 831 1952 886 ἐπισυνά-

384 907 479 970 ξα;
529 908 662 962 ὡσεὶ
699 911 947 979 χιλιάδας
992 913 1034 978 ξ’
1082 917 1162 979 είς
1214 916 1501 987 Τριδαλῶν
1548 920 1791 990 ἔρχεται,
1856 922 1954 975 καὶ

383 999 831 1070 ἀνεπιστημόνως
869 1004 1008 1057 πάνυ
1042 1009 1154 1068 τοῖς
1208 1007 1431 1078 Σέρδοις
1465 1010 1790 1078 προσϐαλὼν
1818 1010 1954 1064 ὡσεὶ

383 1090 627 1158 χιλιάδας
663 1110 701 1155 μ
777 1097 922 1156 ποιεῖ
952 1096 1130 1147 ἐκεῖσε
1172 1100 1363 1149 πεσεῖν
1385 1099 1482 1151 καὶ
1512 1101 1850 1168 στρατηγοὺς
1880 1099 1948 1165 ζ’.

395 1182 555 1237 Ἀλλὰ
591 1185 682 1235 καὶ
719 1183 747 1234 6
796 1184 1083 1255 Μανιάκης
1111 1185 1388 1257 Γεώργιος
1415 1191 1473 1242 ιν
1512 1190 1717 1262 Ἰταλίᾳ
1744 1190 1951 1257 διάγων

385 1278 560 1346 (παρὰ
591 1279 697 1347 γὰρ
736 1279 827 1333 τοῦ
859 1280 1142 1334 Βασιλείου
1174 1285 1354 1336 ἐκεῖσε
1410 1286 1793 1354 προπεμφθεὶς
1826 1285 1952 1338 ἔτυ-

384 1375 527 1435 χεν),
570 1368 649 1428 είς
689 1367 1030 1421 ἀποστασίαν
1055 1372 1224 1439 χωρεῖ
1271 1373 1363 1425 καὶ
1401 1374 1470 1426 τὰ.
1495 1377 1804 1444 παράσημα
1851 1372 1952 1443 τῆς

384 1456 662 1525 βασιλείας
701 1458 949 1513 ἐνδύεται
983 1462 1076 1515 καὶ
1106 1464 1189 1526 εἰς
1235 1463 1471 1539 Σερὸίαν
1521 1465 1765 1535 ἔρχεται.
1795 1466 1951 1521 Μαν-

384 1550 532 1602 οάιιλει
561 1551 690 1620 περὶ
717 1551 912 1605 τούτου
939 1555 967 1606 6
1013 1554 1291 1622 βασιλεὺς,
1325 1559 1422 1609 καὶ
1452 1558 1527 1628 μὴ
1557 1556 1830 1631 ,δυνηθεὶς
1863 1556 1953 1611 διὰ

383 1642 731 1712 γραμμάτων
761 1648 1130 1715 μεταποιῆσαι
1157 1648 1343 1714 αὐτὸν,
1383 1653 1537 1719 χεῖρα
1567 1649 1791 1721 βαρεῖαν
1824 1650 1975 1703 ἀπο-ί

389 1733 598 1787 στέλλει
624 1733 745 1788 κατ’
784 1734 974 1788 αὑτοῦ·
1014 1740 1267 1810 ποδάγρα
1297 1743 1403 1812 γὰρ
1446 1745 1474 1795 6
1505 1742 1761 1816 βασιλευς
1796 1760 1953 1795 συνε-

382 1829 611 1900 χόμενος
661 1832 758 1886 καὶ
803 1833 957 1903 παρὰ
999 1833 1237 1903 δεμνίοις
1280 1835 1508 1898 ἁπαλοῖς
1564 1836 1838 1904 κείμενο·,
1883 1834 1952 1886 δι’

2052 665 2153 705 nes
2180 650 2537 722 benignitatis
2569 650 2744 721 ipsius
2776 651 3019 708 fructum
3058 654 3425 724 perciperent.
3482 656 3627 708 Con—

2051 751 2277 812 spectus
2311 751 2397 796 est
2449 743 2505 799 id
2564 745 2832 815 temporis
2878 756 3114 811 cometa,
3162 746 3255 816 qui
3303 746 3373 801 ab
3415 748 3634 802 oriente

2030 836 2250 887 ~ve’rsus
2300 832 2853 890 occidentem'motu
2909 850 3010 890 suo
3056 835 3338 890 ferebatur
3405 844 3629 906 totoque

2052 940 2243 980 mense
2290 924 2530 989 lucebat,
2575 927 2751 982 altero
2795 936 2921 997 post
2969 927 3164 983 initum
3207 944 3237 983 a
3272 928 3629 984 Mouomacbo

2051 1016 2345 1087 imperium
2397 1032 2566 1073 anno.
2629 1019 3004 1075 Portendebat
3051 1030 3234 1075 autem
3285 1021 3626 1076 calamitates

2055 1107 2179 1163 illas
2223 1107 2441 1175 mundi,
2478 1124 2600 1178 qum
2634 1118 2766 1164 tunc
2811 1110 3195 1165 imminebant.
3256 1111 3471 1182 Quippe
3516 1128 3625 1166 non

2054 1198 2128 1255 ita
2178 1200 2353 1254 multo
2401 1210 2528 1270 post
2579 1201 2632 1256 in
2694 1201 2882 1256 Set-via
2935 1203 3136 1257 seditio
3180 1205 3450 1258 concitata
3503 1204 3627 1266 fuit,

2053 1291 2208 1360 cujus
2250 1292 2669 1362 compescenda:
2730 1295 2905 1364 gratia
2954 1293 3170 1350 litteras
3218 1295 3518 1365 imperator
3556 1298 3623 1349 ad

2053 1382 2379 1449 Dyrrhachii
2421 1384 2710 1453 praesidem
2742 1384 2915 1440 dedit.
2986 1384 3058 1440 lis
3097 1387 3341 1454 acceptis
3367 1387 3458 1441 illc
3490 1387 3633 1441 mili—

2054 1483 2170 1528 tum
2198 1475 2264 1528 ad
2290 1479 2570 1547 sexaginta
2590 1475 2764 1540 millia
2787 1477 2958 1548 cogit,
2989 1487 3045 1533 et
3073 1493 3199 1532 cum
3230 1478 3337 1534 illis
3360 1478 3635 1531 Triballo-

2054 1579 2174 1618 rnm
2227 1567 2505 1636 regionem
2554 1568 2845 1638 ingressus
2896 1569 3232 1639 Serviusque
3266 1583 3459 1639 parum
3497 1585 3630 1639 pru-

2053 1657 2250 1712 denter
2287 1658 2512 1713 adortns
2543 1660 2904 1730 quadraginta
2949 1660 3238 1714 hominum
3287 1660 3458 1715 millia
3500 1675 3628 1716 cum

2051 1758 2260 1819 septem
2289 1750 2518 1805 ducibus
2544 1750 2767 1805 amittit.
2823 1752 3094 1806 Praeterea
3119 1748 3389 1822 Georgius
3415 1750 3627 1806 Munia-

2054 1854 2167 1900 ces.
2205 1839 2298 1909 qui
2345 1840 2576 1911 degebat
2626 1842 2678 1895 in
2720 1841 2893 1898 Italia.
2933 1841 3135 1896 missus
3184 1857 3253 1897 eo
3287 1843 3622 1913 jampridem

385 1897 583 1974 ἑαυτοῦ
613 1923 727 1984 τοῖς
755 1897 1021 1986 τοιούτοις
1062 1897 1410 1992 ,ἐφίστασθαι
1442 1929 1542 1980 οὐκ
1567 1897 1831 1998 Mli-varo.
1849 1930 1951 1983 I16-

2060 1933 2128 1985 ab
2184 1932 2515 2002 imperatore
2554 1934 2778 2002 Basilio,
2831 1934 3199 1990 defectionem
3235 1937 3459 1992 molitus
3492 1946 3615 2001 est;

381 2010 548 2080 λεμος
576 2011 674 2065 οὖν
698 2013 757 2066 ὲν
783 2013 862 2083 τῷ
904 2016 960 2068 ’0
973 2016 1177 2088 προδῷ
1203 2022 1618 2097 συγκροτεῖται,
1650 2025 1747 2078 καὶ
1773 2025 1951 2092 αἰφνί-

2058 2040 2125 2079 ac
2184 2025 2422 2093 sumptis
2474 2026 2785 2095 insignibus
2841 2024 3061 2098 imperii
3109 2040 3176 2083 ao
3228 2027 3455 2084 Servios
3503 2043 3626 2085 sese

382 2103 493 2192 διον
534 2104 722 2159 πίπτει
754 2106 847 2159 τοῦ
882 2108 1054 2159 ῖππου
1094 2112 1121 2162 6
1147 2110 1461 2179 Μανιάκης,
1492 2111 1663 2166 πολλὰ
1684 2113 1951 2184 πρότερον

2053 2115 2307 2171 contulit.
2337 2114 2436 2171 His
2464 2116 2631 2171 rebus
2670 2117 2905 2188 cognitis
2945 2117 3267 2190 imperator,
3297 2118 3394 2192 qui
3430 2121 3633 2178 litteris

379 2190 475 2245 τοῦ
510 2195 746 2264 στρατοῦ
781 2198 1157 2268 κατατρέχων.
1205 2200 1477 2271 Τέμνεται
1534 2201 1635 2272 τὴν
1684 2204 1951 2273 κεφαλήν.

2058 2207 2126 2262 ad
2169 2206 2471 2263 Maniacem
2518 2208 2846 2278 perscriptis
2895 2209 2964 2266 ab
2997 2209 3254 2266 instituto
3300 2190 3409 2267 non
3447 2222 3634 2282 posset

382 2284 475 2355 Τῷ
505 2284 717 2356 βασιλεῖ
742 2288 1044 2357 στέλλεται,
1075 2294 1168 2342 καὶ
1220 2293 1394 2361 μέγας
1432 2293 1524 2345 ἐπὶ
1556 2294 1730 2366 τούτῳ
1758 2295 1951 2367 θρίαμ-

2059 2299 2341 2369 hominem
2374 2308 2650 2365 avertere,
2680 2299 2915 2354 validam
2959 2314 3181 2357 manum
3210 2303 3475 2359 adversus
3505 2317 3632 2357 eum

399 2378 488 2440 6ος
513 2377 745 2446 γίνεται.

389 2482 477 2524 lus
511 2479 566 2525 et
614 2473 756 2526 lecto
788 2473 984 2529 affixus
1015 2475 1177 2530 rebus
1218 2474 1372 2532 hisce
1415 2478 1674 2550 gerendis
1716 2470 1951 2549 ipsemet
1990 2481 2184 2557 adesse
2212 2497 2322 2540 non
2370 2490 2610 2553 poterat.
2661 2482 2930 2540 Conserto
2980 2493 3165 2541 autem
3235 2485 3302 2539 ad
3371 2484 3633 2540 Strobum

382 2567 570 2635 νησιίο
599 2566 871 2622 Mattiaccs
926 2583 992 2621 ex
1060 2583 1205 2637 equo
1237 2571 1421 2625 subito
1467 2571 1657 2641 lapsus
1684 2584 1787 2637 est,
1834 2584 1890 2629 et
1925 2574 2018 2643 qui
2054 2583 2218 2629 antea
2251 2576 2436 2645 copias
2472 2575 2700 2631 hostiles
2730 2586 3070 2646 pervaserat,
3099 2576 3278 2648 capite
3311 2585 3632 2646 truncatus;

2063 2390 2243 2447 misit.
2272 2388 2486 2446 Etenim
2512 2389 2808 2460 imperator
2852 2391 3109 2465 podagrae
3137 2392 3331 2450 morbo
3366 2391 3635 2463 praepedi-
3736 2380 3747 2399 ”

383 2661 526 2730 quod
569 2661 891 2728 imperatori
931 2676 1055 2715 cum
1099 2661 1325 2715 missum
1357 2661 1586 2727 fuisset,
1627 2679 1857 2734 magnus
1885 2679 1951 2719 eo
1991 2664 2187 2719 nuntio
2216 2663 2531 2734 triumphus
2571 2664 2858 2719 institutus
2889 2672 2993 2720 est.

450 2753 614 2805 Ἀλλὰ
646 2752 740 2804 καί⁵
777 2750 1031 2819 Θεόφιλος
1075 2753 1104 2803 6
1150 2750 1451 2823 Ἐρωτικὸς
1505 2753 1827 2822 στρατηγῶν
1889 2756 1946 2806 ὲν

384 2845 618 2914 Κύπρῳ,
677 2844 773 2897 καὶ
824 2840 1013 2910 μαθὼν
1047 2843 1115 2895 τὰ
1150 2843 1281 2913 περὶ
1334 2843 1427 2898 τον
1469 2844 1807 2914 Καλαφάτην
1854 2847 1950 2899 καὶ

382 2936 466 2987 ὅτι
513 2933 777 3001 σύγχυσιν
827 2931 940 3001 ἔχει
985 2932 1057 2984 τὰ
1104 2933 1427 3003 πράγματα,
1480 2935 1607 3011 ⁸τοὺς
1668 2934 1952 3005 Κυπρίους

384 3022 692 3077 ὑπανάπτει
725 3023 821 3075 καὶ
862 3021 943 3083 είς
990 3023 1337 3075 ἀποστμσίαν
1366 3025 1554 3093 χωρεῖ.
1619 3023 1762 3076 Ἀλλ’
1802 3027 1829 3075 6
1861 3023 1956 3093 βα-

387 3118 567 3180 σιλεὺς
595 3115 921 3177 ἀποστείλας
954 3114 1237 3186 χειροῦται
1290 3115 1478 3178 αὑτὸν,
1543 3118 1636 3168 καὶ
1688 3118 1745 3166 ὲν
1791 3117 1954 3168 ἱππο-

2115 2752 2308 2808 Itidem
2341 2751 2682 2823 Theophilus
2712 2748 2990 2818 Eroticus,
3031 2763 3237 2825 praetor
3268 2754 3462 2827 Cypri,
3505 2770 3631 2810 cum

2048 2859 2116 2898 ea
2177 2844 2469 2899 didicisset
2517 2860 2640 2914 qum
2687 2843 3000 2915 Calaphatae
3049 2846 3390 2915 acciderant,
3431 2863 3634 2919 resque

2048 2932 2204 3003 Cpoli
2239 2950 2346 2989 non
2381 2939 2577 3004 parum
2615 2935 2821 2991 habere
2852 2936 3137 2991 turbarum
3165 2937 3532 3009 cognovisset,
3561 2937 3630 2991 ad

2059 3026 2393 3080 seditionum
2443 3026 2674 3098 Cyprios
2742 3027 3222 3099 defeetionemqoe
3289 3029 3634 3085 sollicitando

2064 3119 2326 3187 perpulit.
2392 3119 2673 3174 Adversus
2707 3135 2831 3174 eum
2868 3119 3036 3175 misso
3061 3121 3359 3191 imperator
3381 3122 3631 3178 exercitu

387 3208 586 3278 δρομίᾳ
632 3202 1011 3277 Ορίαμύεύσας
1071 3206 1263 3275 στολὴν
1309 3196 1659 3273 ἐνδεδυμένον
1712 3206 1951 3276 θήλειαν,

2063 3210 2245 3262 vivum
2279 3209 2561 3265 hominem
2593 3212 2762 3280 cepit,
2807 3219 2861 3266 et
2908 3213 3011 3268 sub
3049 3212 3311 3283 triumphi
3364 3213 3543 3284 specie
3578 3214 3631 3268 in

342 3338 353 3347 .
388 3299 483 3351 καὶ
515 3298 728 3352 πάντων
756 3296 1024 3366 ψιλώσας,
1062 3296 1318 3349 ἀπέλυσε.
1354 3297 1487 3349 Τότε
1521 3298 1608 3368 δὴ,
1659 3300 1779 3350 τότε
1807 3299 1952 3350 καὶού

388 3388 732 3459 πατριάρχης
766 3386 1008 3451 Ἀλέξιος
1033 3385 1297 3441 καταλύει
1326 3386 1417 3441 τὸν
1459 3386 1594 3458 βίον,
1626 3387 1956 3454 ἀναϐιϐάζε-

385 3500 475 3535 ται
510 3481 568 3534 δὲ
620 3480 738 3535 ἀντ’
765 3478 931 3536 αὐτοῦ
994 3478 1216 3551 Μιχαὴλ
1269 3481 1298 3533 6
1351 3480 1741 3552 Κηρουλάρης,
1790 3497 1954 3551 μονα-

384 3576 473 3643 χδς
507 3571 601 3629 ὧν.

455 3754 614 3809 κατά
644 3754 834 3808 τοῦτον
864 3740 931 3825 δὴ
965 3752 1059 3806 τὸν
1094 3752 1287 3825 καιρὸν
1324 3754 1418 3807 και
1442 3754 1492 3808 οι
1520 3753 1752 3821 Σκύθαι,
1803 3752 1952 3807 τοῦτ’

385 3848 534 3901 ἔστιν
570 3848 620 3900 σί
658 3847 880 3910 'Ptocol,
913 3846 1004 3900 διά
1036 3863 1157 3899 τινα
1220 3846 1427 3916 μικρὰν
1485 3840 1761 3916 πρόφασιν
1812 3846 1954 3899 κατὰ

381 3941 484 4007 τῆς
531 3938 805 4009 βασιλίδος
843 3939 1060 4008 ὁρμῶσι
1112 3937 1286 4007 στόλῳ
1346 3938 1528 4008 βαρεῖ.
1568 3940 1679 3992 Καὶ
1715 3941 1744 3992 6
1794 3938 1953 4009 βασι-

382 4032 505 4096 λεὺς
545 4031 867 4094 ὑπαντιάζει
906 4029 1091 4092 αὐτοῖς
1119 4029 1179 4082 ἐν
1204 4044 1268 4097 γε
1300 4028 1379 4099 τῷ
1410 4029 1583 4099 φόρῳ,
1624 4029 1720 4082 καὶ
1745 4030 1794 4083 οἱ
1820 4046 1952 4101 τρα-

382 4126 576 4196 πέντες
600 4123 1058 4191 ἐπαλινόστησαν,
1094 4122 1373 4192 συμϐολῆς
1414 4121 1715 4191 γενομένης
1748 4121 1951 4174 πλοίων

322 4269 331 4278 _
383 4214 767 4276 αατεαγὲντων
808 4213 904 4265 καὶ
937 4210 1070 4264 ὡσεὶ
1100 4210 1668 4280 χιλιάδεςδεκαπὲντε
1695 4214 1824 4282 περὶ
1853 4209 1952 4280 τὴν

383 4309 487 4374 γῆν
508 4288 944 4375 ἐκϐρασθέντων,
975 4303 1022 4356 εἰ
1056 4303 1151 4357 καὶ
1176 4306 1317 4367 κατᾲ
1342 4319 1466 4361 τινα
1498 4303 1695 4356 κόλπον
1708 4306 1950 4375 τριήρεις

392 4396 1012 4469 ἰ’ωμαῖκαὶδὼκουσαι
1050 4397 1119 4450 τὰ
1145 4394 1285 4448 αὐτὶ
1311 4394 1638 4462 πεπόνθασι,
1675 4393 1766 4447 τὸν
1793 4394 1952 4467 ἀριθ-

387 4494 484 4560 μ’.ν
514 4499 561 4545 κ’
598 4494 694 4546 καὶ
711 4488 758 4545 δ’
787 4487 970 4546 οὖσαι.

463 4768 553 4819 Ἑν
586 4766 696 4818 ἔτει
749 4766 953 4836 ,ςφνβ⁹,
990 4740 1123 4839 μηνὶ
1157 4767 1394 4838 Μαρτίῳ
1449 4765 1515 4831 0',
1563 4766 1882 4836 βουλεύεται
1924 4769 1953 4821 6

381 4855 642 4924 βασιλεὺς
671 4856 926 4909 ἀπελθεῖν
967 4857 1048 4918 είς
1098 4855 1468 4927 προσκύνησιν
1528 4856 1638 4909 τῶν
1671 4856 1845 4925 ἁγίων
1875 4856 1948 4926 μ’.

379 4945 594 4998 Γίνεται
625 4940 719 4997 οὖν
748 4945 989 5014 δημοσία
1047 4942 1376 5015 προπομπὴ.
1431 4943 1653 5013 ἔρχεται
1684 4945 1813 5013 περὶ
1859 4945 1952 4996 τὸν

375 5038 612 5108 Χριστὸν
649 5037 741 5093 τὸν
797 5036 1055 5108 χαλκοῦν.
1127 5037 1236 5089 Καὶ
1305 5035 1609 5106 τηνικαῦτα
1651 5034 1711 5087 τὸ
1744 5035 1951 5104 πλῆθος

376 5112 459 5193 εἷς
485 5129 829 5185 ἀποστασίαν
883 5131 1084 5199 χωρεῖ’
1129 5130 1282 5198 φωνὴ
1321 5130 1430 5199 γὶρ
1467 5131 1530 5182 ὲκ
1575 5129 1743 5197 μέσου
1781 5125 1947 5181 αὐτοῦ

377 5220 607 5293 ἐξεχύθη
646 5221 917 5288 λέγουσα·
959 5238 983 5273 ι
1033 5219 1228 5289 Ἡμεῖς
1266 5219 1364 5291 τὴν
1407 5219 1750 5292 Σκλήραιναν
1792 5218 1950 5290 βασί-

375 5315 570 5371 λισσαν
599 5315 662 5369 οὐ
711 5312 968 5382 θέλομεν,
996 5313 1119 5365 οὐδὲ
1153 5311 1220 5365 δι’
1245 5313 1417 5382 αὐτὴν
1453 5313 1507 5364 αἱ
1544 5315 1744 5382 μάνναι
1787 5312 1948 5385 ⁴ἡμῶν

374 5405 431 5456 αἱ
465 5402 971 5474 πορφυρογὼνητοι
998 5402 1120 5471 Ζωὴ
1145 5403 1290 5473 καὶὴ
1317 5400 1568 5469 Θεοδὼρα
1596 5403 1940 5458 οανοῦνται.»

373 5495 661 5565 Ταραχθὲν
709 5494 822 5548 οὖν
869 5496 966 5548 ἐπὶ
1020 5494 1183 5547 πλέον
1229 5494 1290 5547 τὸ
1349 5494 1552 5565 πλῆθος
1628 5495 1812 5564 ἐζήτει
1852 5495 1946 5548 τὸν

376 5587 604 5657 βασιλέα
659 5587 1126 5658 διαχειρίσασθαι,
1178 5587 1274 5642 καὶ
1344 5585 1545 5657 φθόρος
1604 5586 1672 5640 ἂν
1742 5587 1947 5650 εὐθέως

377 5678 479 5733 οὐκ
513 5678 695 5743 ὀλίγος
735 5679 1001 5746 ἐγεγόνεε,
1039 5681 1087 5731 εί
1121 5680 1195 5748 μή
1241 5695 1302 5746 γε
1345 5678 1695 5749 προκύψασαι
1733 5680 1944 5734 ἄνωθεν

374 5768 433 5833 αἱ
471 5768 782 5839 βασίλισσαι
815 5771 912 5839 τὴν
944 5771 1041 5838 τοῦ
1101 5770 1343 5839 πλήθους,
1395 5769 1569 5839 ὀργὴν
1618 5772 1943 5842 κατεστόρε-

312 5854 325 5865 ”
379 5877 498 5925 σαν.
543 5861 662 5930 Ἐφ’
700 5855 745 5930 ᾦ
773 5863 862 5915 καὶ
908 5864 1054 5916 ἄκων
1075 5862 1103 5919 6
1126 5861 1379 5933 βασιλεὺς
1410 5863 1466 5913 ἐν
1497 5863 1783 5933 βασιλείοις
1813 5866 1941 5928 ξιπο-

2060 3302 2208 3356 circo
2231 3301 2483 3361 ductum.
2512 3302 2768 3357 muliebri
2815 3304 3020 3357 amictu
3064 3304 3341 3370 indutum,
3377 3305 3636 3359 omnibus

2059 3391 2299 3460 denique
2334 3392 2692 3447 facultatibus
2742 3393 3007 3447 nudatum
3056 3395 3287 3450 dimisit.
3352 3375 3467 3449 Hoc
3501 3404 3640 3448 tem-

2058 3500 2193 3553 pore
2229 3483 2455 3538 Alexius
2484 3484 2792 3552 patriarcha
2825 3485 3312 3540 naturae'debitnm
3347 3487 3634 3557 persolvit,

2060 3575 2116 3629 in
2149 3576 2309 3640 cujus
2338 3576 2518 3629 locum
2558 3575 2859 3631 Michaelus
2891 3588 3257 3647 cognomento
3292 3576 3632 3643 Ccrularius,

2058 3667 2316 3722 solitarize
2341 3666 2469 3721 vita:
2499 3675 2757 3732 sectator,
2796 3676 2882 3721 est
2907 3667 3260 3722 substitutus.

2131 3758 2245 3812 Sub
2294 3757 2490 3811 eodem
2547 3756 2887 3827 imperatore
2944 3757 3161 3829 Scytha:
3225 3773 3482 3829 quoque,
3537 3759 3632 3827 qui

2059 3850 2217 3906 Rossi
2275 3847 2426 3912 s'unt,
2483 3848 2551 3903 de
2610 3850 2907 3921 perexigua
2952 3863 3088 3905 sane
3117 3849 3406 3905 occasione
3437 3864 3634 3920 magna

2058 3943 2232 3998 classe
2262 3942 2457 3997 urbem
2491 3941 2910 4013 imperatoriam
2938 3941 3116 3998 adorti
3148 3934 3309 3998 sunt.
3339 3943 3432 3998 Eis
3463 3942 3639 4012 impe-

2060 4043 2210 4090 rator
2248 4034 2302 4090 in
2332 4033 2454 4089 foro
2486 4050 2612 4090 cum
2642 4035 3002 4101 occurrisset,
3055 4034 3111 4090 in
3164 4033 3350 4104 fugam
3399 4033 3636 4105 coniecti

2060 4124 2220 4180 Rossi
2255 4140 2410 4179 suam
2438 4124 2494 4179 in
2520 4125 2751 4195 patriam
2780 4135 3160 4182 reverterunt.
3191 4125 3408 4182 Etenim
3427 4124 3481 4180 in
3505 4139 3639 4181 cou-

2056 4214 2206 4271 ﬂictu
2238 4231 2428 4272 eorum
2451 4233 2575 4273 cum
2602 4218 2870 4275 Romanis
2897 4228 3065 4276 naves
3089 4218 3296 4276 fractas
3326 4219 3470 4274 haud
3506 4234 3640 4289 pau-

2057 4325 2152 4365 cas
2207 4326 2315 4366 una
2357 4326 2481 4373 cum
2530 4310 2847 4381 quindecim
2895 4310 3011 4367 fere
3051 4311 3293 4366 millibus
3348 4312 3634 4384 hominum

2057 4400 2379 4455 amiserant.
2430 4400 2581 4455 Idem
2606 4408 2787 4455 tamen
2821 4400 3151 4456 incommodi
3181 4399 3441 4455 Romanis
3464 4401 3633 4456 etiam

2061 4491 2406 4558 triremibus,
2421 4507 2655 4547 numero
2675 4490 2869 4562 viginti
2888 4501 3147 4564 quatuor,
3174 4492 3228 4546 in
3248 4493 3370 4547 sinu
3395 4492 3631 4558 quodam

1988 4584 2029 4640 Ι)
2060 4584 2231 4639 maris
2280 4584 2508 4651 accidit,
2547 4583 2679 4639 dum
2728 4584 2945 4655 navigia
2998 4583 3302 4641 Rossorum
3358 4584 3637 4640 incautius

2060 4683 2490 4745 persequuntur.

2121 4764 2473 4835 320Anno
2511 4763 2702 4819 mundi
2735 4764 2898 4827 6552,
2934 4766 2998 4819 ad
3030 4763 3176 4821 diem
3212 4765 3505 4836 Septimum
3548 4765 3631 4821 Id.

2052 4855 2217 4912 Mart.
2254 4859 2555 4939 imperat‘or
2590 4875 2693 4913 suo
2727 4858 2968 4928 quodam
3020 4859 3254 4914 consilio
3278 4859 3637 4929 supplicatio-

2052 4948 2141 5003 nis
2191 4964 2357 5003 causa
2412 4949 2495 5004 ire
2543 4950 2788 5006 decrevit
2827 4951 2892 5004 ad
2928 4961 3241 5005 sanctorum
3273 4953 3635 5022 quadraginta

2053 5050 2352 5111 martyrum
2381 5041 2573 5096 mdem.
2628 5042 2706 5096 Eo
2746 5042 2966 5097 nomine
3008 5043 3225 5112 publica
3282 5045 3636 5115 processione

2053 5132 2326 5209 instituta,
2378 5148 2500 5188 cum
2558 5134 2625 5187 ad
2684 5133 2889 5188 Christi
2947 5135 3235 5204 templum.
3273 5135 3418 5204 quod
3460 5146 3547 5191 est
3576 5136 3632 5191 iu

2053 5222 2277 5288 Chalce,
2311 5226 2678 5294 pervenisset,
2711 5225 2947 5296 pupulas
2991 5227 3321 5283 seditionem
3353 5229 3635 5283 concitare

2053 5314 2245 5383 coepit.
2278 5315 2592 5386 Auditaque
2621 5333 2726 5371 vox
2758 5326 2843 5372 est
2868 5317 2938 5373 de
2969 5319 3151 5375 media
3185 5320 3343 5391 plebe
3369 5337 3491 5392 quae
3527 5322 3632 5375 bu-

2045 5405 2284 5476 jusmodi
2318 5407 2484 5462 verba
2516 5408 2787 5477 proferret
2817 5426 2830 5463 :
2855 5409 2999 5471 «Nos
3033 5410 3362 5468 Sciet-mnam
3398 5412 3636 5487 impera-

2052 5498 2241 5553 tricem
2273 5512 2381 5552 non
2404 5496 2783 5566 tolerabimus,
2810 5514 2990 5571 neque
3028 5509 3234 5556 matres
3254 5510 3471 5555 nostras
3494 5516 3630 5569 pur-

2050 5592 2362 5660 purigena's,
2401 5587 2552 5645 Zoen
2583 5605 2650 5647 ac
2678 5590 3049 5657 Theodoram,
3076 5593 3197 5663 ejus
3225 5605 3391 5646 causa
3441 5589 3627 5645 necari

2049 5686 2377 5754 patiemur.»
2431 5682 2546 5740 Hec
2595 5685 2761 5742 modo
2795 5686 3031 5743 tumultu
3081 5687 3141 5742 in
3181 5685 3338 5756 plebe
3386 5687 3631 5739 maxime

2047 5776 2338 5841 concitato,
2383 5775 2448 5832 ad
2482 5793 2674 5834 necem
2728 5779 3029 5850 imperator
3075 5777 3493 5851 deposcebatur.
3558 5776 3631 5841 Et

2048 5876 2232 5927 secuta
2258 5885 2388 5926 sane
2412 5886 2534 5926 mox
2570 5871 2761 5935 fuisset
2788 5870 3070 5926 hominum
3103 5868 3280 5931 caedes
3315 5868 3458 5930 haud
3507 5871 3629 5935 εκίς
