4070 6414
578 419 679 486 601
1820 417 2150 480 ANNAIJU

2265 421 2454 480 PARS
2500 423 2595 483 IV.
3721 427 3829 487 6‘32

577 536 678 588 οὐκ
711 533 926 606 ἢθελεν,
964 534 1048 604 ἐφ’
1165 534 1260 588 καὶ
1310 534 1483 603 ἄρδην
1526 531 1844 587 ἀπόλλυται.
1893 535 2026 588 Ὑπὸ
2066 538 2150 588 τὸν

2261 537 2509 606 quaedam
2564 538 2924 593 Patzinacicte
2975 538 3155 609 gentis
3210 553 3407 594 manus
3453 539 3584 596 dare
3641 541 3837 605 noluit,

583 629 842 694 Λιϐιτζδν
867 629 924 684 δὲ
962 631 1155 700 σκηνοί
1188 630 1216 680 6
1243 627 1520 698 βασιλεὺς,
1553 628 1649 682 καὶ
1680 628 1838 682 ὑετοῦ
1870 629 1966 681 καὶ
2008 644 2150 696 νιφε-

2263 644 2440 698 eaque
2498 633 2803 700 pertinacia
2855 647 2955 686 sua
3008 643 3306 688 consecuta
3343 633 3448 688 fuit
3502 642 3562 686 ιιι
3614 650 3836 702 prorsus

578 720 673 774 τοῦ
704 721 902 775 πολλοῦ
926 721 1372 792 καταρραγέντος
1402 721 1535 790 μηνὶ
1563 719 1947 791 Σεπτεμϐρίῳ,
1969 721 2150 790 ἡμέρᾳ

2261 720 2699 776 exscinderetur.
2737 721 2876 777 Hinc
2909 724 3240 794 imperatore
3271 724 3375 778 sub
3413 723 3628 778 Libitzn
3659 738 3835 778 castra

576 809 679 879 τῆς
741 809 1210 880 πρωτομάρτυρος
1257 794 1496 878 Θέκλης,
1547 807 1716 870 πολὺς
1774 808 1868 861 τοῦ
1921 808 2150 878 στρατοῦ

2258 807 2496 874 locante,
2519 825 2644 865 cum
2673 810 2869 879 pluvia:
2894 812 3156 882 nivesque
3184 813 3576 868 delaberentur
3603 811 3840 882 inexpli-

578 904 768 968 γέγονε
799 900 1018 971 φθόρος.
1065 900 1128 954 '0
1157 900 1214 953 δὲ
1258 899 1514 970 βασιλεὺς
1545 899 1651 953 ὑπὸ
1685 898 1816 970 δρῦν
1861 900 1992 970 ἔστη
2032 899 2150 953 τινὰ

2257 900 2420 954 cabili
2473 916 2599 955 cum
2652 902 2882 972 impetu,
2919 903 3084 973 idque
3138 903 3451 973 Septembri
3490 920 3702 968 mense,
3749 906 3837 957 die

581 995 792 1062 σκέπης
825 993 1032 1058 ἕνεκεν,
1071 993 1191 1062 μετ’
1219 993 1278 1045 οὐ
1326 993 1461 1046 πολὺ
1494 992 1550 1046 δὲ
1582 992 1724 1062 ἦχῆς
1755 993 2062 1065 γενομένης
2088 996 2151 1046 ὲκ

577 1087 674 1155 τῆς
727 1085 886 1156 δρυδς
937 1087 1153 1156 πρόεισι
1215 1085 1412 1156 μικρὸν
1460 1085 1488 1136 6
1540 1083 1794 1154 βασιλεὺς
1842 1083 1916 1146 ὡς
1955 1084 2029 1154 μὴ
2075 1082 2152 1152 τῷ

582 1179 748 1246 μήκει
796 1176 1000 1246 ταύτης
1047 1175 1592 1245 καταλαμϐάνεσθαι,
1621 1176 1716 1228 καὶ
1757 1174 1969 1245 ῥιζόθεν
2013 1173 2154 1245 αὑτὴ

579 1267 993 1320 ἀνασπασθεῖσα
1047 1268 1216 1321 ὑπτία
1253 1269 1321 1337 τῇ
1372 1269 1441 1336 γῇ
1473 1264 1828 1320 καταπίπτει.
1863 1265 2026 1316 Ὅθεν
2072 1269 2156 1316 ἐν·

580 1358 698 1420 πὸς
726 1361 752 1410 6
777 1359 1034 1426 βασιλεὺς
1067 1359 1312 1428 γέγονεν,
1349 1358 1472 1411 ἰδὼν
1504 1357 1629 1411 ὅθεν
1653 1355 1920 1429 ὲρῤύσθη.
1958 1351 2066 1408 Ἦν
2095 1355 2153 1408 δὲ

577 1449 680 1502 οὐκ
734 1451 938 1518 ἀγαθὸς
986 1451 1178 1513 οἰωνὸς
1227 1449 1288 1503 τὸ
1335 1447 1574 1519 συμϐὰν,
1615 1447 1900 1518 προοίμιον
1944 1445 2004 1499 δὲ
2043 1446 2152 1498 τῶν

579 1531 1114 1613 ἐπισυμσησομένων
1147 1541 1319 1614 αὐτῷ.

2260 991 2478 1046 Thecla;
2503 1004 2804 1064 martyrum
2833 995 3121 1064 principis,
3147 998 3339 1066 ingens
3360 997 3626 1051 exercitui
3655 997 3838 1051 clades

2260 1092 2317 1137 et
2345 1083 2608 1138 interitus
2637 1085 2858 1140 accidit.
2889 1084 3140 1154 Cumque
3170 1087 3387 1156 tegendi
3423 1087 3507 1142 sui
3536 1103 3700 1142 causa
3733 1088 3836 1140 sub

2260 1189 2466 1244 quercu
2508 1173 2811 1243 imperator
2838 1175 3188 1237 subsisteret,
3223 1193 3333 1231 non
3370 1177 3540 1231 multo
3574 1188 3696 1248 post
3736 1195 3836 1230 vox-

2263 1264 2512 1333 quaedam
2540 1279 2572 1318 e
2599 1280 2806 1333 quercu
2843 1265 2946 1319 fuit
2973 1267 3264 1331 exaudita;
3298 1283 3405 1337 qua
3438 1279 3691 1338 percepta
3724 1278 3843 1322 tan-

2265 1365 2381 1411 tum
2435 1355 2562 1409 inde
2598 1355 2704 1409 fuit
2747 1353 3052 1426 digressus,
3084 1367 3352 1427 quantum
3391 1360 3528 1414 satis
3576 1369 3725 1414 esset
3769 1360 3836 1413 ad

2259 1445 2573 1500 evitandam
2611 1445 2760 1498 illius
2793 1445 3218 1515 longitudinem,
3243 1463 3310 1502 ne
3356 1448 3424 1503 ab
3455 1465 3516 1503 ea
3549 1451 3838 1519 continge-

2262 1534 2431 1592 retur.
2463 1537 2544 1591 Eo
2589 1519 2732 1590 facto
2763 1536 3032 1593 radicitus
3066 1541 3253 1594 evulsa
3286 1539 3340 1594 in
3394 1551 3596 1596 terram
3643 1542 3840 1610 supina

575 1633 808 1688 corruit.
831 1632 1133 1704 Imperator
1155 1634 1349 1688 videns
1372 1640 1579 1703 quanto
1643 1631 1892 1701 periculo
1957 1631 2224 1685 liberatus
2261 1637 2431 1694 esset,
2472 1628 2551 1683 rei
2592 1629 2836 1683 novitate
2878 1629 3169 1698 perculsus
3214 1629 3524 1696 obmutuit;
3557 1642 3615 1686 et
3645 1646 3836 1687 revera

574 1725 938 1796 portendebat
985 1725 1282 1780 infaustum
1333 1723 1541 1794 aliquid
1597 1723 1702 1778 hoc
1761 1722 1942 1792 ipsum
2000 1720 2148 1791 quod
2224 1719 2525 1785 acciderat,
2578 1717 2798 1772 initium
2884 1719 3096 1774 scilicet
3144 1735 3341 1775 eorum
3389 1721 3664 1777 exsisteus
3715 1736 3840 1793 quae

573 1813 676 1886 ipsi
711 1811 978 1871 eventura
1011 1823 1188 1870 erant.

641 1907 795 1959 Meti
823 1905 880 1959 δὲ
923 1905 1103 1959 ταῦτα
1154 1905 1506 1975 κυνηγεσίοις
1554 1903 1974 1974 ὲψυχαγωγείτο
2020 1903 2150 1974 περὶ

2326 1899 2492 1972 335
2517 1901 2826 1956 Recreabat
2863 1909 3047 1957 autem
3088 1902 3156 1956 ab
3192 1917 3260 1956 eo
3296 1913 3546 1974 tempore
3573 1919 3634 1960 se
3674 1921 3838 1960 vena-

569 1997 742 2065 αὐτὴν
795 1998 894 2068 τὴν
933 1996 1390 2067 Νεάποῦ.ιν.ῐῐερὶ
1443 1997 1501 2050 δὲ
1557 1996 1709 2064 ὤραν
1757 1995 1987 2067 ἀρίστου
2033 1997 2151 2065 φῶς

571 2088 992 2160 ἁστραπηϐὁλον
1016 2091 1127 2152 τοῖς
1159 2090 1348 2152 τόποις
1375 2088 1920 2158 ὲκείνοιςὲνέσκηψε.
1953 2090 2155 2158 Χοῖρος

570 2179 627 2232 δέ
678 2179 844 2232 ποθεν
898 2181 1087 2248 φανεὶς
1116 2181 1202 2250 ἐφ’
1235 2180 1427 2233 ἑαυτὸν
1477 2180 1568 2233 τὸν
1613 2178 1842 2249 βασιλέα
1886 2179 2153 2235 ἐπεκαλέ-

572 2285 737 2322 σατο·
768 2270 825 2322 ὃν
853 2270 1164 2324 ἐπιδιώκων
1191 2271 1220 2322 6
1261 2270 1518 2340 βασιλεὺς
1553 2269 1683 2342 ἄχρι
1728 2270 1824 2324 καὶ
1871 2270 2150 2341 θαλάσσης

571 2359 889 2430 ἐξήλαυνεν.
929 2362 1020 2425 Ὠς
1052 2362 1220 2415 οῦν’ὁ
1265 2363 1448 2432 χοῖρος
1497 2361 1595 2432 τὴν
1638 2362 1926 2439 ,θάλασσαν
1969 2365 2152 2428 εἰσδὺς

572 2452 787 2522 ἀφανὴς
818 2451 1055 2520 ἐγένετο,
1085 2455 1115 2505 6
1151 2452 1407 2523 βασιλεὺς
1443 2453 1604 2516 εὐθὺς
1632 2454 1710 2522 τῷ
1741 2455 2151 2526 ἀστραπηὸὀλῳ

573 2547 713 2614 φωτὶ
773 2545 1004 2615 ληφθεὶς
1063 2545 1158 2597 τοῦ
1229 2545 1398 2598 ίππου
1464 2562 1523 2598 τε
1585 2546 1996 2614 ἀπεσφαιρίσθη
2055 2549 2150 2600 καὶ

575 2639 821 2708 ἀφρίζων
848 2639 988 2692 κατὰ
1013 2639 1116 2708 γῆν
1147 2637 1394 2692 ἐκυλίετο
1418 2652 1433 2666 ·
1473 2635 1771 2707 ἐμϐληθεὶς
1806 2632 1900 2690 οὖν
1931 2637 2144 2708 ἀκατίῳ

553 2730 719 2799 -πρδς
749 2731 816 2782 τὰ
865 2728 1113 2798 βασίλεια
1152 2727 1464 2791 διεσῦζεῖο.
1499 2727 1692 2798 Τούτῳ
1739 2726 1796 2779 δὲ
1842 2725 1920 2795 τῷ
1960 2727 2148 2796 τρόπῳ

575 2823 1021 2892 κακουχούμινος
1058 2823 1149 2873 ἐπὶ
1197 2824 1328 2872 πολὺ
1385 2819 1644 2889 μετανοίᾳ
1670 2820 1891 2889 χρᾶται,
1924 2818 2018 2871 καὶ
2053 2819 2149 2887 τῆς

524 2949 549 2973 .
579 2911 882 2981 βασιλείας,
926 2903 992 2979 ἦς
1049 2908 1251 2968 ἀδίκως
1302 2905 1622 2968 ἐπελάϐετο,
1654 2904 1798 2962 ἑκὼν
1848 2905 2145 2970 ἐξίσταται,

577 3005 670 3053 καὶ
699 2997 906 3066 ταύτην
949 2996 1123 3065 ἑτέρῳ
1171 2994 1377 3057 δίδωσι,
1429 2993 1596 3063 ῥάκια
1644 2992 2012 3062 ἀμφιέννυται
2055 2992 2149 3044 καὶ

577 3094 642 3169 τῇ
681 3094 814 3161 μονῇ
864 3089 957 3143 τοῦ
1010 3087 1260 3140 Στουδίου
1311 3087 1504 3139 ἑαυτὸν
1556 3085 1856 3139 ἐπιδίδωσι.
1896 3083 2150 3154 Τοσαύτη

574 3184 905 3238 ταπεινώσει
955 3182 1048 3232 καὶ
1098 3180 1232 3247 πρός
1283 3195 1346 3246 γε
1394 3178 1484 3230 τὸν
1541 3177 1858 3244 προεστῶτα
1898 3177 2147 3246 ὑποταγῇ

2262 1992 2505 2047 tionibus
2543 1995 2688 2048 circa
2737 1994 3044 2063 Neapolim,
3086 2009 3324 2063 cutuque
3357 1995 3573 2064 prandii
3619 1998 3838 2052 adesset

2259 2084 2420 2143 liora.
2454 2087 2686 2152 fulgetra
2737 2076 2876 2140 locis
2918 2086 2986 2140 iis
3035 2087 3268 2148 exstitit,
3302 2095 3357 2141 et
3395 2103 3529 2158 aper
3576 2089 3835 2144 alicunde

2258 2190 2628 2244 prorumpens
2674 2176 3064 2245 imperatorem
3114 2186 3308 2231 contra
3370 2193 3430 2233 se
3489 2183 3831 2247 provocavit.

2260 2265 2395 2321 Eum
2421 2266 2513 2322 ille
2538 2281 2876 2337 persequens
2897 2269 2962 2322 ad
2988 2268 3164 2336 ipsum
3192 2284 3362 2338 usque
3386 2285 3537 2323 mare
3563 2272 3833 2339 pervenit.

2256 2363 2402 2427 Apro
2447 2366 2630 2412 autem
2683 2373 2831 2412 mare
2885 2358 3131 2428 ingresso
3173 2368 3229 2412 et
3277 2370 3660 2425 evanescente,
3705 2377 3833 2416 mox

2256 2449 2557 2518 imperator
2587 2449 2714 2503 luce
2744 2450 2978 2519 quadam
3013 2449 3288 2516 perfusus,
3315 2467 3436 2521 quae
3467 2452 3670 2522 fulguri
3701 2469 3834 2507 con-

2256 2541 2457 2597 similis
2484 2551 2648 2607 esset,
2685 2557 2752 2597 ex
2786 2530 2931 2612 equo
2965 2545 3172 2598 corruit
3201 2556 3251 2598 et
3292 2561 3386 2600 ore
3417 2562 3664 2616 spumam
3703 2549 3839 2620 reji-
3887 2578 3890 2582 λ

2256 2633 2411 2688 ciens
2458 2633 2608 2687 humi
2642 2633 2834 2701 jacuit.
2874 2635 3005 2689 lude
3056 2635 3344 2704 conjectus
3375 2637 3430 2690 in
3479 2638 3832 2707 piscatoriam

2255 2723 2547 2792 quamdam
2575 2723 2884 2778 naviculam
2913 2725 3098 2778 salvus
3125 2725 3178 2779 in
3209 2727 3414 2796 regiam
3447 2728 3664 2783 delatus
3692 2731 3830 2796 fuit;

2255 2828 2421 2888 atque
2453 2818 2556 2873 hoc
2584 2819 2749 2874 modo
2780 2820 3022 2890 graviter
3050 2821 3301 2886 alllictus,
3333 2832 3392 2877 et
3443 2833 3822 2881 anteactorum

2255 2910 2581 2981 paenitentia
2609 2911 2831 2978 ductus,
2869 2913 3126 2982 imperio,
3162 2915 3314 2983 quod
3357 2915 3556 2986 injuste
3593 2932 3832 2986 occupa-

2255 3012 2432 3066 verat,
2475 3011 2672 3072 sponte
2719 3019 2816 3058 sua
2863 3005 3051 3070 cessit,
3102 3006 3334 3060 alterum
3377 3007 3482 3061 sibi
3519 3009 3830 3074 substituit,

2254 3093 2532 3150 lacernam
2559 3095 2760 3161 induit,
2783 3096 2837 3150 in
2864 3095 3043 3152 Studii
3073 3099 3466 3154 monasterium
3491 3114 3552 3156 se
3575 3103 3828 3158 contulit.

2255 3185 2336 3241 lbi
2389 3195 2496 3242 tam
2537 3188 2813 3244 submisse
2860 3205 2924 3245 ac
2974 3190 3298 3247 obedienter
3332 3209 3458 3264 erga
3506 3195 3830 3251 monasterii

576 3277 772 3346 ἐχρᾶτο
810 3275 886 3337 ὡς
923 3275 1019 3326 καὶ
1045 3273 1288 3342 θυρωρ’.ν
1321 3269 1486 3324 αὑτὸν
1520 3269 1797 3336 γενέσθαι.
1823 3269 2056 3336 Λέγεται
2095 3267 2150 3320 δὲ

2257 3278 2577 3349 praefectum
2607 3294 2667 3334 se
2693 3281 2938 3350 gerebat,
2969 3290 3027 3334 ut
3059 3281 3228 3336 etiam
3255 3283 3469 3338 ostiarii
3497 3299 3698 3338 munus
3723 3285 3831 3338 sibi

577 3367 1024 3438 σωφρονέστατον
1068 3363 1232 3416 αὐτὸν
1279 3359 1443 3415 εἶναι.
1497 3362 1982 3432 Στρατοπεδάρχου
2039 3362 2149 3431 γὰρ

575 3461 726 3515 ὄντος
760 3457 928 3512 αὐτοῦ
962 3459 1056 3510 καὶ
1102 3456 1367 3526 νεφρίτιδι
1418 3455 1776 3525 συσχεθέντος
1819 3455 1890 3517 ὼ;
1922 3456 2018 3508 καὶ
2046 3455 2153 3508 πά-

577 3569 734 3624 ρετον
758 3551 932 3621 πάντη
968 3549 1246 3614 γενέσθαι,
1280 3547 1676 3601 συνεϐούλευον
1701 3549 1750 3600 οἱ
1782 3547 1963 3616 ἰατροὶ
2011 3545 2153 3616 μετὰ

579 3642 778 3711 μυρίας
807 3641 973 3704 ἄλλας
1005 3639 1308 3708 ἐπαγωγὰς
1342 3641 1433 3693 καὶ
1467 3640 1684 3707 γυναικὶ
1711 3638 2040 3708 χρήσασθαι.
2087 3637 2149 3690 '0

571 3732 619 3785 δ’
660 3734 760 3787 οὐκ
788 3732 1056 3789 ἐπείθετο.
1090 3728 1370 3784 Εἰπόντων
1407 3729 1488 3796 δὲ,
1527 3747 1546 3784 t
1583 3729 1644 3782 Ei
1678 3728 1755 3798 μὴ
1799 3729 1959 3782 τοῦτο
1993 3728 2153 3798 ποιή-

577 3841 712 3887 σεις,
770 3825 986 3892 ἀνάγκη
1037 3839 1120 3875 σοι
1170 3821 1449 3894 καυτηρίᾳ
1493 3821 1804 3892 χρήσασθαι
1855 3819 2152 3880 κάντεῦθεν

577 3917 806 3988 ἀπαιδία
838 3915 1197 3986 συσχεθῆναι,
1232 3934 1248 3966 ι
1287 3942 1356 3953 ——
1397 3932 1415 3964 ‹
1441 3912 1697 3983 Ἀρκοῦσί
1732 3931 1844 3982 μοι,
1876 3930 1894 3962 ι
1937 3912 2144 3979 ἔλεγεν,

583 4023 602 4056 t
638 4007 665 4058 6
693 4003 944 4076 Μανουὴλ
975 4005 1125 4074 καὶὴ
1157 4003 1367 4072 Μαρία,
1405 4003 1452 4057 si
1501 4003 1602 4073 ήδη
1655 4017 1746 4072 μοι
1791 4001 1976 4073 χάριτι
2014 4001 2150 4054 Θεοῦ

575 4103 896 4168 γενόμενον
931 4097 1139 4150 τούτων
1180 4095 1278 4165 μὶν
1317 4097 1426 4165 γὰρ
1483 4095 1613 4148 ἄνευ
1665 4098 1849 4164 τυχεῖν
1897 4092 2014 4146 ἐστι
2053 4093 2152 4163 τῆς

579 4192 857 4262 βασιλείας
915 4187 1033 4243 τοῦ·
1072 4187 1232 4254 Θεοῦ,
1269 4187 1630 4257 σωφροσύνης
1684 4188 1740 4240 δὲ
1791 4189 1915 4258 δίχα
1975 4187 2153 4249 οὐδεὶς

575 4286 768 4357 δψεται
801 4286 895 4336 τὸν
923 4282 1080 4336 Θεόν.
1126 4299 1144 4333 ι
1190 4281 1313 4334 Ἐπὶ⁴
1360 4279 1572 4344 τούτοις
1606 4281 1663 4334 δὲ
1703 4283 1799 4336 καὶ
1849 4281 1881 4351 ἡ
1936 4279 2152 4350 βασιλὶς

576 4376 908 4446 Αίκατερίνα
967 4371 1062 4425 καὶ
1095 4373 1127 4442 ἠ
1161 4371 1407 4442 θυγάτηρ
1447 4372 1634 4440 Μαρία
1689 4371 1844 4442 παρὰ
1891 4373 1959 4442 τῇ
2018 4373 2151 4442 μονῇ

576 4464 672 4520 τοῦ
703 4463 1016 4536 Μυρελαίου
1041 4463 1229 4530 διῆγον
1262 4462 1560 4532 ἀσκητικὸν
1597 4461 1711 4531 βίον
1760 4461 1990 4532 βιοῦσαι.
2016 4460 2156 4531 Θνή-

581 4575 702 4611 σκει
749 4559 776 4610 6
809 4557 1082 4626 βασιλεύς.
1117 4554 1270 4626 Σορῷ
1303 4555 1687 4616 κατατίθεται,
1717 4555 1838 4623 ἣτις
1872 4558 1966 4607 καὶ
2018 4554 2155 4624 πλη-

580 4652 767 4703 σθεῖσα
817 4648 1014 4712 ὕδατος
1063 4649 1312 4700 ὑπονοεῖν
1373 4648 1550 4700 ἅπασι
1595 4645 1826 4698 δέδωκεν
1875 4645 1956 4698 ὅτι
1997 4645 2153 4716 δίκην

576 4741 810 4797 ἐνταῦθα
858 4739 1005 4792 ἔτισε
1051 4739 1141 4791 διά
1196 4755 1259 4805 γε
1291 4738 1383 4791 τὸν
1439 4736 1704 4806 ἐμφύλιον
1766 4734 2026 4802 πόλεμον,
2053 4735 2152 4797 τὰς

575 4835 674 4902 τῆς
725 4832 1035 4901 συγκλήτου
1087 4830 1510 4902 ἀποστερήσεις,
1549 4830 1650 4892 τὰς
1707 4829 1816 4884 τῶν
1874 4844 2155 4899 μοναστη-

578 4928 732 4997 ρέων,
763 4928 838 4988 ὡς
901 4925 1109 4978 ἄνωθεν
1167 4924 1411 4994 εἴρηται,
1461 4921 1851 4994 καθαρπαγὰς,
1901 4921 1996 4974 καὶ
2050 4919 2152 4973 ὅσα

577 5019 714 5074 ἄλλα
740 5015 984 5071 τοιαῦτα.
1016 5015 1298 5068 Θάπτεται
1341 5013 1401 5067 δὲ
1437 5015 1504 5084 τῇ
1544 5015 1680 5084 μονῇ
1731 5012 1824 5066 τοῦ
1873 5011 2148 5076 Στουδίου,

579 5110 673 5164 καὶ
708 5109 1036 5180 Δίκατερῐνα
1066 5105 1537 5178 μετονομασθείσα
1567 5104 1726 5175 Ξὲνη.

2256 3371 2576 3427 mandatum
2600 3373 2757 3429 obire
2790 3388 2901 3428 non
2931 3374 3282 3431 detrectaret.
3310 3375 3639 3431 Perhibetur
3667 3378 3831 3432 etiam

2255 3465 2600 3520 castissimus
2626 3465 2820 3522 fuisse.
2843 3467 2982 3522 Nam
3009 3483 3133 3522 cum
3158 3469 3339 3524 adhuc
3363 3468 3646 3539 copiarum
3675 3470 3834 3524 ducis

2255 3572 2484 3612 munere
2516 3557 2861 3628 fungeretur,
2894 3569 2951 3614 et
2988 3575 3183 3615 renum
3217 3560 3506 3616 doloribus
3547 3571 3834 3631 tantopere

2252 3631 2596 3702 cruciaretur
2618 3645 2678 3700 ut
2699 3648 2926 3702 omnino
2942 3647 3162 3702 viribus
3179 3648 3400 3702 amissis
3423 3649 3829 3718 languesceret,

2254 3743 2378 3803 post
2417 3733 2663 3788 adhibita
2696 3735 2910 3789 inﬁnita
2947 3736 3193 3790 remedia
3219 3736 3586 3791 consulebant
3614 3738 3667 3793 ei
3711 3754 3830 3793 mc-

2255 3824 2362 3880 dici
2393 3833 2453 3878 ut
2477 3825 2725 3880 mulieris
2749 3826 3097 3896 amplexibus
3123 3836 3391 3888 uteretur.
3410 3844 3522 3899 quo
3550 3829 3669 3900 ipso
3692 3847 3798 3886 con
3817 3863 3830 3874 -

2255 3925 2550 3972 secuturus
2573 3925 2720 3972 esset
2750 3927 2810 3971 ut
2843 3919 3010 3973 etiam
3046 3919 3258 3974 orbitas
3289 3919 3527 3976 liberum
3565 3922 3749 3977 minus
3775 3924 3825 3977 ci

2254 4009 2688 4089 pertimescenda
2717 4009 2879 4065 foret.
2899 4009 3040 4064 Tum
3070 4010 3160 4066 ille
3189 4028 3204 4064 :
3239 4031 3257 4063 ‹
3289 4011 3602 4077 Sulliciunt,
3627 4013 3830 4082 inquit,

2254 4102 2390 4156 mihi
2417 4101 2706 4157 Manuelus
2730 4109 2787 4156 et
2807 4102 2996 4166 Maria,
3021 4117 3161 4173 quos
3188 4101 3282 4158 Dei
3314 4104 3486 4174 gratia
3513 4118 3832 4176 procreatos

2255 4193 2451 4249 habeo.
2503 4193 2638 4248 Nam
2677 4195 2886 4264 absque
2933 4195 3126 4249 liberis
3174 4194 3268 4250 Dei
3322 4211 3550 4266 regnum
3601 4197 3829 4266 adipisci

2255 4286 2426 4342 licet:
2463 4295 2518 4341 at
2552 4287 2672 4341 sine
2717 4290 2971 4342 castitate
3017 4301 3180 4342 nemo
3222 4285 3390 4342 lteum
3430 4299 3832 4358 conspectui-us

2255 4385 2359 4434 est.
2401 4396 2420 4430 ι
2459 4375 2822 4447 Posteaquam
2861 4379 3098 4432 lsaacius
3125 4379 3522 4433 monasteriqu
3553 4380 3834 4450 ingressus

2256 4469 2471 4536 fuisset,
2515 4471 2684 4522 etiam
2731 4469 3053 4538 imperatrix
3103 4468 3443 4523 Hzecateriua
3494 4484 3620 4523 cum
3660 4469 3831 4522 Maria

2262 4557 2370 4611 lilia
2402 4573 2460 4612 se
2495 4559 2548 4612 in
2584 4557 2927 4613 mansionem
2958 4558 3190 4629 Myrelaei
3229 4559 3606 4624 contulerunt,
3642 4559 3833 4627 ibique

2259 4651 2425 4705 vitam
2461 4651 2732 4722 religiosis
2757 4651 3037 4706 exercitiis
3069 4650 3311 4705 deditam
3341 4660 3661 4720 exegerunt.
3691 4651 3828 4704 Cum

2256 4751 2443 4797 autem
2471 4751 2681 4797 naturae
2705 4743 2950 4798 debitum
2983 4740 3336 4811 persolvisset
3367 4743 3660 4809 imperator
3690 4749 3746 4794 et
3779 4741 3831 4794 in

2255 4831 2568 4900 sepulcrum
2611 4829 2810 4886 fuisset
2853 4829 3132 4893 conditus,
3171 4829 3370 4884 accidit
3421 4838 3482 4882 ut
3513 4829 3644 4882 illud
3692 4843 3832 4898 aqua

2255 4922 2515 4993 deinceps
2558 4924 2828 4992 repletum
2865 4920 3234 4990 suspicionem
3271 4919 3596 4974 mortalibus
3629 4919 3834 4990 praebe-

2256 5021 2341 5067 ret
2373 5027 2498 5066 eum
2531 5027 2720 5082 poenas
2767 5012 2820 5066 in
2858 5014 2957 5065 bac
2990 5011 3100 5064 vita
3150 5009 3319 5064 luisse
3373 5019 3602 5080 pr0pter
3647 5024 3834 5065 susce-

2257 5113 2414 5174 ptum
2467 5103 2670 5158 bellum
2707 5102 3052 5165 intestinum,
3105 5101 3511 5170 ademptionem
3541 5117 3831 5156 munerum

576 5203 795 5258 senatui
826 5201 1169 5259 debitorum,
1224 5198 1704 5261 monasteriorum,
1779 5205 1840 5252 ut
1904 5211 2068 5269 supra
2135 5193 2436 5250 indicatum
2478 5203 2582 5260 est,
2634 5196 2981 5266 direptorum
3029 5195 3390 5265 spoliationes
3436 5195 3652 5266 aliaque
3705 5196 3830 5249 talia

575 5295 843 5350 facinora.
872 5291 1134 5362 Sepultus
1163 5289 1332 5346 estin
1367 5291 1656 5346 mansione
1687 5288 1976 5353 Studiana,
2007 5304 2147 5344 uxor
2183 5297 2368 5342 autem
2436 5288 2776 5344 Haacaterina
2817 5289 2872 5343 in
2939 5303 3003 5344 ea
3037 5302 3159 5359 quae
3191 5298 3401 5342 mutato
3438 5289 3658 5341 nomine
3687 5289 3831 5341 dicta

580 5399 667 5445 est
696 5387 874 5444 Xene.

653 5485 859 5554 Κρατεῐ
901 5481 959 5536 δὲ
1021 5481 1166 5551 μετὰ
1220 5479 1311 5535 τὸν
1383 5479 1668 5551 Κομνηνὺν
1739 5482 2150 5542 Κωνσταντίνος

578 5576 840 5646 πρὸεδρος
885 5576 913 5627 6
954 5573 1164 5638 Δούκας
1202 5573 1297 5645 ἐτη
1351 5570 1419 5637 ζ’,
1458 5573 1713 5644 ἐπιεικὴς
1757 5574 1894 5643 ἀνὴρ
1928 5576 2022 5627 καὶ
2057 5574 2128 5641 μέ

576 5687 750 5741 τριος,
793 5668 894 5739 τὴν
942 5667 1252 5737 σύγκλητόν
1293 5684 1352 5720 τε
1409 5667 1502 5719 καὶ
1540 5666 1602 5718 τὸ
1639 5667 1935 5736 δημοτικὸν
1981 5666 2156 5734 τιμῶν

577 5762 836 5828 ἀξιώσας.
883 5760 1207 5831 Ἐπανορθοῖ
1250 5761 1308 5813 δὲ
1352 5761 1446 5812 καὶ
1496 5759 1621 5822 τοὺς
1667 5760 2004 5820 ἐκπεσόντας
2047 5759 2155 5811 τῶν

577 5856 798 5911 οἰκείων
847 5855 1024 5922 τιμῶν
1054 5854 1208 5924 παρὰ
1253 5852 1348 5906 τοῦ
1403 5854 1712 5922 Κομνηνοῦ.
1754 5851 1991 5923 Ἀπῆλθέ
2021 5867 2151 5903 ποτε

2332 5479 2459 5534 Post
2506 5477 2850 5533 Comuenum
2903 5476 3298 5534 Constantinus
3347 5492 3575 5546 praeses,
3628 5491 3826 5544 cngnt»

2264 5580 2452 5625 mento
2485 5569 2625 5635 Dux,
2657 5570 2820 5624 anuis
2851 5578 3061 5638 septem
3098 5569 3330 5638 imperio
3371 5568 3578 5636 potitus
3612 5575 3716 5630 est,
3754 5558 3832 5618 \ir

2261 5666 2856 5736 azquitatisstudiosus
2883 5677 2940 5722 et
2975 5668 3309 5734 moderatus,
3342 5666 3435 5734 qui
3470 5675 3577 5720 tam
3612 5678 3830 5722 senatu-

2263 5759 2374 5812 rios
2404 5773 2566 5828 quam
2602 5759 2849 5828 plebeios
2881 5757 3134 5812 homines
3168 5758 3233 5810 ad
3279 5757 3518 5812 honores
3559 5761 3826 5828 pr0\('\'il.

2261 5851 2407 5904 idem
2441 5849 2680 5905 restituit
2707 5864 2802 5905 eos
2821 5849 2888 5903 in
2911 5849 3178 5918 integrum
3201 5851 3303 5918 qui
3335 5849 3691 5920 dignitatibus
3721 5877 3742 5904 δ
3786 5855 3829 5906 is
