4070 6408
433 424 538 488 6οἲ

1666 415 2072 486 ANx'ALIth
2117 424 2310 486 PARS
2354 428 2444 491 ιν.

3580 423 3689 497 606

431 543 587 606 ὀξῖαν
637 539 854 617 ’ἕλκεται
907 540 995 594 ita
1043 528 1150 593 τῶν
1192 539 1368 596 ἄλλων
1414 538 1665 609 ἔκκριτος
1717 538 1817 595 ὄιν.
1860 538 1918 592 '0
1949 539 1998 591 δὲ

2109 541 2240 607 bat;
2293 542 2436 595 unde
2470 542 2520 594 vi
2570 543 2882 610 pertractus
2920 553 3004 599 est
3038 544 3103 598 a‘d
3154 543 3295 601 hanc
3345 545 3688 617 dignitatem.

433 611 688 698 βασιλεὺς
731 629 870 699 νόσῳ
914 628 1216 698 τηνικαῦτα
1247 631 1568 699 περιπίπτει
1601 631 1697 685 καὶ
1751 631 1844 683 τὸν
1895 630 2010 701 βίον

430 720 624 785 tia-gat
667 737 704 776 t.
741 718 838 787 τῆς
866 720 1020 781 ὁσίας
1068 719 1236 773 αὑτοῦ
1263 719 1564 804 γενομένης
1611 721 1670 774 ὲν
1700 722 1766 790 τῇ
1801 722 1938 804 μονῇ
1971 721 2006 789 ἢ

431 811 680 864 καλεῖται
703 811 1036 864 Μολιὸωτόν.
1067 808 1245 864 Ἦσαν
1276 811 1330 864 δὲ
1367 811 1516 881 αὐτῷ
1545 812 1731 874 παῖδες
1757 811 1817 875 ἐξ
1849 805 2012 864 Εύδοη

342 902 356 920 ⁸
430 905 552 966 κίας
583 890 681 971 τῆς
731 902 1021 974 βασιλίδος,
1048 905 1115 976 ἣν
1163 902 1457 958 ἰδιωτεύων
1494 904 1757 974 ἠγάγετο,
1786 903 2010 973 Μιχαὴλ

442 993 776 1062 Ἀνδρόνικος
803 996 897 1047 καὶ
928 996 1358 1060 Κωνσταντῖνος,
1396 995 1455 1058 ὃς
1500 997 1591 1048 καὶ
1619 991 2010 1064 πορφυρογίν-

427 1103 588 1152 νητος
638 1081 738 1157 ἦν,
799 1087 938 1157 πρὸς
995 1086 1206 1151 τούτοις
1256 1087 1314 1141 δὲ
1375 1089 1543 1141 Ἀννα
1603 1079 1872 1156 Θεοδὼρκ
1912 1087 2007 1139 καὶ

685 1175 688 1178 ’

501 1269 782 1322 Τελευτῶν
807 1271 864 1324 δὲ
897 1272 1106 1333 πάντας
1149 1270 1431 1341 ἀπῄτησεν
1476 1270 1754 1338 ἔγγραφον
1799 1266 1875 1331 ὡς
1908 1266 2008 1320 οὐκ

429 1364 494 1420 ἄν
530 1380 660 1418 ποτε
709 1367 862 1436 παρὰ
905 1365 1030 1425 τοὺς
1079 1365 1246 1417 uinci
1305 1365 1500 1426 παῖδας
1537 1362 1764 1432 βασιλέα
1815 1359 2008 1429 ἕτερον

426 1457 782 1522 διαδέξονται,
813 1457 907 1509 καὶ
933 1457 1104 1527 αὐτὴν
1148 1457 1204 1510 δὲ
1235 1458 1336 1526 τὴν
1373 1455 1689 1525 βασίλισσαν
1719 1450 2009 1514 Εὐδοκίαν,

426 1547 502 1611 ῶς
527 1549 628 1600 οὐκ
657 1547 724 1602 ἂν
775 1549 914 1618 πρὸς
943 1548 1199 1618 δεύτερον
1241 1547 1426 1602 ἀπίδοι
1467 1545 1825 1607 συνοικὲσιον,
1847 1541 1933 1610 ἐφ’
1963 1534 2008 1608 ᾧ

425 1643 620 1708 κρατεῖ
676 1640 772 1692 σὺν
829 1643 942 1704 τοῖς
996 1640 1193 1693 παισὶν
1247 1638 1412 1691 αὐτοῦ
1479 1638 1654 1708 μῆνας
1684 1636 1753 1698 ζ’,
1793 1635 1888 1688 καὶ
1912 1634 2006 1687 τοῦ

428 1734 708 1801 ἐγγράφου
747 1731 1201 1802 ἀπαρτισθέντος,
1231 1732 1326 1784 καὶ
1373 1731 1455 1792 είς
1499 1729 1745 1799 φυλακὴν
1780 1727 1857 1796 τῷ
1902 1732 2008 1779 τεα-

426 1825 662 1898 τριάρχῃ
715 1824 985 1888 δοθέντος.
1034 1823 1161 1894 Είχε
1218 1824 1318 1893 μὲν
1378 1821 1544 1886 οὕτω,
1572 1820 1770 1884 ταῦτα,
1812 1820 1910 1872 καὶ
1953 1820 2002 1872 oi

2116 641 2372 704 tanquam
2400 635 2540 690 inter
2565 637 2702 690 alios
2723 638 2979 693 eximius.
3006 638 3306 709 Imperator
3327 649 3510 694 autem
3537 642 3688 694 mor-

2114 725 2185 780 bo
2216 737 2504 798 correptus
2541 729 2758 796 vitaque
2791 729 3014 784 functus
3045 731 3098 784 in
3139 745 3205 784 eo
3237 730 3571 786 monasterio
3603 747 3690 786 rei

2113 816 2308 887 ligiose
2339 819 2630 874 mandatus
2664 822 2831 874 humo
2868 821 2990 884 fuit,
3023 823 3170 891 quod
3202 821 3524 876 Molibotum
3557 838 3695 874 nun—

2113 919 2338 979 cupant.
2394 907 2622 966 Liberos
2677 929 2746 966 ex
2802 913 3152 981 imperatrice
3211 914 3476 978 Eudoeia,
3527 929 3690 984 quam

2113 1001 2362 1070 privatus
2390 1001 2642 1068 duxerat,
2671 1005 2774 1058 hos
2803 989 3384 1069 habuit,Michaelum,
3413 1004 3691 1058 Androni-

2113 1077 2236 1142 cum
2267 1098 2316 1143 et
2350 1088 2777 1146 Constantinum
2802 1095 3255 1164 purpurigenam,
3285 1093 3527 1162 itemque
3554 1111 3692 1164 prir-

2114 1185 2196 1232 ter
2227 1178 2324 1233 hos
2362 1178 2600 1247 Annam,
2637 1181 2980 1237 Theodoram
3009 1193 3064 1237 et
3095 1182 3266 1237 Zoen.

2180 1267 2318 1324 Cum
2374 1271 2630 1341 spiritum
2664 1283 2970 1329 extremum
3021 1275 3275 1339 duceret,
3323 1275 3391 1331 ab
3433 1278 3692 1332 omnibus

2109 1361 2370 1431 scriptam
2406 1367 2717 1418 cautionem
2748 1367 2950 1437 exegit,
2986 1379 3090 1437 qua
3125 1367 3518 1436 pollicerentur
3545 1385 3688 1422 nuu-

2109 1463 2272 1517 quam
2301 1465 2361 1504 se
2386 1451 2777 1520 imperatorem"
2800 1456 2970 1508 ullum
2998 1457 3337 1512 admissuros
3364 1468 3688 1526 extraquam

2110 1541 2252 1598 ﬁlios
2277 1560 2438 1612 suos;
2464 1555 2520 1601 et
2543 1547 2942 1618 imperatrieem
2973 1550 3142 1618 ipsam
3164 1553 3482 1620 promittere
3507 1563 3642 1617 eoeg
3667 1555 3687 1604 t

2108 1647 2391 1706 numquam
2437 1655 2494 1692 se
2535 1652 2908 1707 respecturam
2943 1643 3010 1696 ad
3052 1643 3253 1698 alteras
3290 1646 3532 1712 uttptia’s.
3573 1643 3687 1696 lluc

2109 1728 2272 1781 modo
2317 1728 2407 1784 illa
2456 1742 2581 1784 cum
2626 1731 2751 1785 ﬁliis
2805 1732 3094 1801 imperium
3145 1741 3355 1802 septem
3405 1733 3689 1788 mensibus

2109 1819 2540 1878 administravit.
2573 1822 2788 1893 Scripta
2823 1823 3008 1877 cautio
3045 1823 3168 1878 lidei
3201 1825 3527 1894 patriarcha
3562 1838 3688 1878 cre-

426 1881 662 1982 τοῦδέξὶ
687 1913 848 1966 πάλιν
879 1881 1027 1967 πέσᾶ
1059 1881 1132 1967 τζ
1147 1915 1179 1984 ἡ
1212 1881 1445 1982 ανατολὴ
1471 1881 1818 1980 ἐκυμαίνετο.
1842 1910 1998 1961 Δέον-

2105 1908 2239 1975 dita,
2267 1911 2518 1981 ejusdem
2543 1881 2725 1967 studio
2757 1881 3296 1968 οιιειοάἰειιοιιιτ.Ἐο
3323 1927 3510 1967 rerum
3538 1919 3682 1966 statu

425 2021 514 2057 ται
543 2004 729 2057 λοιπον
762 2005 1023 2075 βασιλέως
1051 2006 1118 2058 τὰ
1149 2007 1483 2074 πράγματα,
1503 2003 1588 2071 ἐφ’
1630 1993 1674 2068 ᾧ
1705 2001 1800 2054 καὶ
1832 1998 2005 2069 ψηφί-

335 2111 346 2128 ‘
426 2096 578 2160 ζεται
633 2098 734 2166 μὲν
789 2098 1104 2167 Numa/apo;
1153 2100 1182 2150 6
1245 2095 1605 2164 Βοτανειάτης
1659 2093 1755 2144 καὶ
1821 2092 2003 2159 ’ἑτεροι

427 2188 634 2240 πολλοίο
686 2190 812 2259 νικᾷ
865 2189 923 2241 δὲ
955 2191 1104 2258 ὅμως
1161 2190 1194 2257 ἠ
1242 2189 1362 2241 θεία
1411 2174 1725 2256 βουλὴ,καῖ
1749 2182 2003 2254 βασιλεὺς

427 2279 816 2349 ἀναγορεύεται
865 2281 894 2332 6
931 2280 1246 2350 Βεστάρχης
1291 2277 1574 2346 Ῥωμανὸς
1616 2276 1644 2328 6
1701 2275 1998 2327 Κωνσταν-

424 2369 573 2422 τίνου
615 2370 709 2424 τοῦ
756 2373 1040 2440 Διογένους
1071 2373 1208 2434 υἱὸς,
1244 2371 1294 2423 εἰ
1336 2368 1730 2438 καὶπρότερον
1778 2364 2002 2418 ὲπιὸουδ

424 2460 624 2525 λεύσας
669 2461 748 2532 τῷ
799 2461 1011 2532 βασιλεῖ
1053 2458 1346 2514 κάντεῦθεν
1384 2457 1680 2528 δεσμηθεὶς
1705 2455 1802 2508 καὶ
1848 2455 2004 2522 ἐλεγέ

425 2553 598 2623 χθεῖς,
631 2550 750 2607 εἶτα
773 2554 924 2625 παρὰ
961 2555 1137 2608 πᾶσαν
1164 2551 1352 2606 ἐλπίδα
1383 2550 1478 2606 τοῦ
1509 2549 1758 2604 κινδύνου
1794 2548 2004 2618 λυτρω-

428 2645 564 2709 θείς.

2103 2010 2323 2053 ru—rsum
2355 1998 2520 2072 Turci
2567 2012 2623 2056 et
2665 2004 2848 2056 oriens
2881 2003 3174 2056 universus
3209 2011 3566 2072 tempestates
3595 2004 3684 2056 iu-

2101 2102 2295 2162 gentes
2325 2093 2713 2159 concitabant;
2751 2095 2819 2148 de
2846 2109 2958 2164 quo
2994 2093 3224 2164 intelligi
3259 2103 3470 2163 poterat
3511 2094 3686 2163 impe-

2103 2183 2306 2236 ratoris
2347 2199 2515 2252 opera
2569 2184 2646 2238 rei
2695 2185 2928 2254 publica:
2970 2199 3110 2253 Opus
3146 2200 3289 2240 esse.
3337 2187 3686 2253 Quapropter

2101 2275 2366 2329 nonnulla
2400 2274 2621 2344 quidem
2658 2284 2853 2329 nactus
2894 2285 2978 2330 est
3025 2274 3285 2344 sull'ragia
3336 2274 3694 2344 Nicephows

2108 2363 2425 2421 Botaniatu-s
2454 2367 2659 2436 aliique
2693 2367 3004 2436 complures
3035 2380 3050 2421 :
3083 2369 3178 2420 sed
3214 2365 3348 2420 vicit
3382 2375 3569 2420 tamen
3604 2365 3694 2419 vi‘s

2109 2456 2281 2511 divini
2317 2457 2554 2522 consilii,
2576 2459 2733 2528 cujus
2763 2461 3002 2527 impulsu
3027 2460 3371 2511 renuntiatus
3395 2466 3480 2511 est
3510 2457 3686 2525 impe-

2109 2557 2260 2603 ra‘tor
2306 2549 2586 2604 Romanus
2638 2550 2985 2613 Vestarches,
3035 2549 3382 2605 Constantini
3429 2551 3692 2621 Diogenis

2110 2639 2294 2703 ﬁlius:
2330 2655 2649 2708 quanquam
2677 2641 2910 2694 antehac
2950 2640 3268 2710 imperatori
3308 2642 3501 2696 fuisset
3541 2642 3682 2695 insi-

427 2741 630 2807 diatus,
670 2759 846 2813 eaque
905 2743 974 2799 de
1035 2759 1200 2799 causa
1249 2741 1881 2806 vinculis-constrictus,
1945 2738 2348 2811 quaestionibus
2391 2737 2668 2803 subditus,
2752 2737 3063 2800 convictus,-
3114 2747 3170 2791 et
3219 2747 3416 2806 praeter
3462 2749 3688 2790 omnem

428 2834 662 2904 denique
693 2850 842 2905 spem
878 2835 1122 2904 periculo
1159 2837 1448 2892 liberatus.

498 2933 706 3002 Κρατεῖ
737 2933 765 2985 6
789 2932 1032 2996 τοιοῦτος
1071 2933 1353 3007 Ῥωμανδς
1387 2933 1483 3004 ἔτη
1513 2941 1562 3002 γ’
1599 2933 1778 3006 μῆνας
1821 2929 1891 3002 η’.
1932 2930 1998 2983 Ἦ

431 3023 614 3093 μέντοι
665 3022 873 3093 βασιλὶς
905 3025 1137 3078 θέλουσα.
1188 3024 1290 3094 μὲν
1332 3024 1694 3096 συζευχθῆναι
1736 3040 1842 3076 τινι
1890 3020 2000 3074 τῶν

427 3113 727 3183 ἐπιφανῶν,
759 3115 1028 3168 δεδοικυῖα
1059 3116 1113 3168 δί
1145 3115 1235 3170 διά
1263 3131 1327 3185 γε
1360 3116 1421 3169 τὸ
1445 3115 1722 3187 ἔγγραφον
1750 3117 1844 3170 καὶ
1874 3116 2000 3177 τοὺς

427 3203 909 3274 ὲνυπογράψαντας
969 3205 1140 3273 αὐτῷ,
1194 3205 1336 3274 ἔγνω
1391 3205 1505 3260 δεῖν
1567 3206 1707 3275 ὑπὲρ
1761 3206 1999 3271 γυναῖκα

430 3293 694 3363 φρονῆσαι
725 3293 818 3345 καὶ
867 3291 1004 3363 δόλῳ
1033 3293 1125 3344 τὸν
1158 3292 1507 3364 πατριάρχην
1543 3292 1822 3347 ὑπελθεῖν.
1859 3294 1999 3346 Κοι-

430 3383 612 3436 νοῦται
634 3385 694 3436 τὸ
725 3383 960 3454 πρᾶγμά
988 3400 1094 3437 τινι
1124 3384 1234 3436 τῶν
1259 3385 1396 3455 πρὸς
1437 3386 1505 3438 τὰ
1544 3383 1774 3438 τοιαῦτα
1804 3386 2001 3453 ἐπιτη-

425 3478 602 3529 δείων.
644 3475 708 3530 Τί
740 3475 905 3545 γοῦν;
947 3475 1201 3544 Ἀδελφὸς
1236 3473 1304 3546 ἦν
1330 3475 1407 3546 τῷ
1439 3476 1756 3547 πατριάρχῃ
1784 3475 1999 3546 Βάρδας

365 3599 369 3601 -
423 3565 684 3635 τοῦνομα.
739 3566 997 3637 Πρόσεισι
1031 3565 1161 3634 γοῦν
1220 3564 1300 3636 τῷ
1333 3567 1652 3636 πατριάρχῃ
1703 3568 1730 3620 6
1779 3567 1997 3636 τομίας,

425 3659 757 3728 ἀπαγγέλλει
809 3658 958 3730 αὑτῷ
1020 3659 1323 3728 μυστικῶς
1356 3659 1425 3712 τὰ
1481 3657 1576 3712 τοῦ
1634 3658 2020 3728 πράγματοςσ.

430 3771 449 3804 ι
482 3753 610 3822 Εῖγε
662 3753 940 3822 οἰκονομία
973 3770 1056 3814 τις
1105 3754 1334 3823 γένηται
1381 3750 1511 3823 περὶ
1562 3749 1657 3804 τοῦ
1693 3753 1995 3823 ἐγγράφου,

425 3845 453 3897 6
489 3845 578 3907 σὸς
624 3845 847 3914 ἁδελφὸς
877 3848 941 3915 τῇ
989 3844 1220 3915 βασιλίδι
1285 3845 1542 3914 μίγνυται
1593 3845 1686 3898 καὶ
1743 3843 1998 3918 βασιλεὺς

425 3939 834 4008 ἀναγορεύεται.
860 3957 881 3989 ι
917 3939 1221 4007 Κατέχεται
1255 3932 1350 3990 οὖν
1379 3934 1631 3990 ἐντεῦθεν
1660 3936 1688 3988 6
1726 3936 1999 4006 πατριάρι

425 4044 547 4096 χης,
567 4028 662 4080 καὶ
689 4027 782 4078 ἕνα
801 4025 922 4078 καθ’
946 4026 1042 4079 ἕνα
1059 4024 1159 4095 τῆς
1188 4025 1493 4095 συγκλήτου
1519 4024 1997 4095 μετακαλούμενος

423 4119 606 4172 ἔπειθε
631 4123 834 4180 πάντας
857 4117 930 4180 ὡς
958 4117 1273 4188 παράνομον
1296 4117 1356 4170 τδ
1379 4115 1782 4186 ἐγγραφον,καὶ
1800 4115 1886 4168 διὰ
1907 4114 1997 4183 ζῆ-

421 4211 511 4264 λον
533 4211 650 4273 sva;
675 4211 865 4280 ἀνδρὸς
885 4213 946 4263 τὸ
961 4207 1248 4278 Ῥωμαίων
1274 4213 1333 4262 ο)
1354 4209 1460 4280 χρὴ
1477 4207 1958 4263 καταῦλάπτεσθαι
1977 4221 1991 4236 °

420 4299 718 4366 ἀναγκαῖον
767 4294 861 4352 οὖν
901 4299 1001 4366 τὴν
1056 4292 1306 4368 βασιλίδα
1357 4298 1654 4369 ζευχθῆναι
1717 4297 1870 4369 ἀνδρὶ
1919 4296 1996 4361 ῶς

418 4389 760 4461 ἀναθηλῆσαι
801 4392 900 4445 καὶ
944 4385 1102 4454 αὖθις
1136 4391 1206 4443 τὰ
1239 4389 1566 4460 πράγματα.
1612 4389 1706 4454 Ὠς
1750 4388 1843 4442 οὖν
1867 4387 1995 4459 ἔσχε

419 4478 626 4542 πάντας
658 4478 984 4548 συμψήφους
1011 4479 1039 4530 6
1077 4479 1448 4548 πατριάρχης,
1482 4477 1715 4542 ἔνοπλος
1743 4478 1772 4530 6
1809 4476 1999 4544 Διογέ-

2180 2927 2413 2997 ltnperio
2468 2926 2772 2981 triennium
2812 2935 2940 2980 cum
2989 2924 3272 2981 mensibus
3301 2933 3425 2980 octo
3475 2925 3586 2995 poti
3617 2929 3682 2980 us

2105 3029 2208 3075 est.
2266 3020 2588 3088 Imperalrix
2645 3026 2833 3071 autem
2891 3015 3100 3070 nubere
3152 3016 3369 3070 cuidam
3424 3030 3491 3070 ex
3543 3017 3684 3072 viris

2107 3113 2412 3166 illustribus
2446 3110 2656 3168 volens.
2695 3125 2819 3162 cum
2864 3107 2935 3162 ob
2967 3107 3228 3177 scriptam
3279 3106 3591 3162 cautionem
3624 3117 3680 3161 et

2109 3205 2231 3258 illus
2263 3204 2355 3274 qui
2398 3203 2638 3256 cautioni
2678 3199 3122 3269 subscripseran‘t
3160 3199 3214 3253 in
3251 3210 3400 3254 metu
3435 3205 3680 3254 versare?

2109 3305 2216 3360 tur,
2277 3297 2495 3349 tandem
2554 3294 2760 3363 aliquid
2818 3300 3294 3362 supra'naturam
3353 3290 3676 3345 muliebrem

2102 3386 2416 3442 audendum
2455 3393 2512 3441 et
2545 3385 2673 3439 dolo
2721 3383 3092 3454 patriarcham
3129 3381 3676 3438 circumveniendum

2099 3493 2222 3534 esse
2257 3459 2528 3532 decrevit.
2565 3476 2754 3546 Itaque
2787 3491 2901 3530 rem
2947 3489 3073 3530 cum
3122 3475 3361 3543 quodam
3391 3475 3454 3527 ad
3490 3473 3680 3543 hujus-

2099 3570 2249 3626 modi
2309 3569 2622 3624 molitiones
2667 3567 2867 3623 idoneo
2922 3567 3312 3620 communicat.
3353 3565 3494 3631 Quid
3551 3565 3678 3620 inde

2098 3661 2348 3726 factum?
2391 3661 2522 3716 Erat
2577 3659 2899 3731 patriarchae
2939 3658 3125 3724 frater,
3177 3657 3400 3730 nomine
3448 3656 3680 3714 Bardas.

2098 3755 2216 3808 Hoc
2247 3769 2371 3808 eum
2401 3754 2569 3808 sciret
2599 3753 2689 3807 ille
2727 3751 2897 3822 spado
2932 3765 3055 3806 cum
3089 3765 3198 3820 quo
3241 3750 3679 3806 communicasse

2097 3845 2328 3900 consilia
2380 3859 2478 3899 sua
2535 3844 2941 3915 imperatricem
2990 3842 3250 3906 diximus,
3302 3841 3673 3911 patriam-ham

2097 3939 2332 4004 accedit,
2364 3947 2577 3993 secreto
2611 3951 2726 3992 rem
2773 3945 2944 3990 totam
2988 3933 3038 3989 ei
3076 3933 3378 3998 renuntiat,
3424 3931 3542 3987 ﬁeri
3589 3933 3677 3986 ni-

2097 4031 2302 4086 mirum
2345 4044 2507 4100 posse
2536 4009 2606 4082 ut‘
2637 4027 2683 4082 si
2718 4025 2942 4098 quidem
2985 4023 3170 4094 aliqua
3201 4023 3542 4093 dispensatio
3571 4037 3676 4078 no-

2097 4124 2245 4178 mine
2292 4120 2566 4177 cautionis
2602 4117 2995 4183 intercederet,
3030 4117 3202 4170 frater
3236 4115 3357 4186 ejus
3405 4114 3463 4170 in
3518 4129 3675 4170 eom-

2096 4214 2316 4286 plexum
2341 4211 2710 4282 imperatricis
2731 4211 3046 4281 perveniret
3070 4223 3135 4262 ac
3154 4207 3352 4262 deinde
3375 4207 3676 4281 imperator

2097 4307 2498 4378 designaretur.
2534 4304 2647 4361 Hac
2671 4313 2788 4358 arte
2819 4308 3014 4373 captus
3046 4299 3358 4371 patriarcha
3392 4298 3670 4369 sigillatim

2096 4399 2449 4455 senatoribus
2471 4397 2539 4452 ad
2567 4411 2625 4452 se
2660 4394 2872 4454 vocatis
2905 4392 3198 4470 persuadet
3231 4391 3491 4460 scriptam
3525 4390 3671 4443 illam

2097 4493 2408 4548 cautionem
2449 4491 2519 4546 ab
2567 4488 2842 4560 aequitatis
2893 4486 3106 4540 ratione
3155 4496 3388 4554 prorsus
3436 4481 3672 4536 alienam

418 4586 516 4637 νης
555 4571 634 4632 εἰς
687 4572 756 4622 τὰ
814 4568 1063 4640 βασίλεια
1116 4568 1338 4639 ἔρχεται
1381 4569 1477 4622 καὶ
1516 4572 1580 4639 τῇ
1630 4568 1865 4640 βασιλίδι
1901 4587 1994 4624 συ-

2101 4599 2239 4652 esse,
2282 4599 2384 4640 nec
2423 4581 2495 4637 ob
2527 4582 2691 4637 unius
2718 4579 2956 4634 hominis
2995 4575 3396 4632 aemulationem
3443 4571 3675 4628 concedi

417 4657 726 4725 ζεύγνυται,
765 4660 859 4712 καὶ
906 4657 1048 4712 οὕτω
1089 4658 1200 4711 τῶν
1239 4658 1538 4728 σκήπτρων
1585 4661 1864 4732 ἐγκρατὴς
1907 4661 1993 4725 γίο

415 4767 586 4804 νεται.
623 4746 782 4821 Εἷχεν
815 4751 1076 4822 ἐφέδρους
1112 4751 1236 4813 τούς
1265 4767 1327 4803 τε
1358 4750 1660 4820 προγόνους
1690 4753 1860 4806 αὑτοῦ
1897 4753 1991 4807 καὶ

417 4839 672 4912 Καίσαρα
707 4843 797 4895 τὸν
843 4840 938 4894 τοῦ
986 4841 1548 4912 προϐεϐασιλευκότος
1583 4840 1833 4912 ἀδελφόν.
1881 4845 1991 4898 Καὶ

413 4931 712 5003 τηνικαῦτα
743 4933 812 4987 τὰ
844 4934 988 4988 κατᾶ
1037 4933 1138 5002 τὴν
1184 4931 1328 5003 ἑῴαν
1382 4933 1670 5003 μανθάνει,
1701 4937 1800 4988 καὶ
1847 4939 1992 4992 κατὰ

412 5025 522 5077 τῶν
559 5026 818 5098 Τούρκων
860 5027 1032 5097 χωρεῖ
1079 5027 1176 5080 καὶ
1204 5029 1284 5092 είς
1331 5025 1663 5080 Σεὸσὶστειαν
1693 5027 1868 5083 ἐλθὼν
1893 5028 1992 5083 καὶ

413 5119 566 5172 ἐνθεν
612 5118 868 5172 κάκεῖθεν
913 5119 1362 5190 παραγενόμενος
1416 5121 1630 5191 μεγάλα
1687 5122 1830 5175 κατὰ
1877 5121 1990 5174 τῶν

411 5211 670 5283 Τούρκων
721 5213 919 5282 ἔστησε
977 5213 1234 5280 τρόπαια.
1288 5213 1658 5284 ’Υποστρέφει
1701 5213 1839 5284 πρὸς
1888 5212 1990 5284 τὴν

413 5304 680 5373 βασιλίδα.
731 5305 839 5357 Καὶ
872 5306 997 5366 .τ5ις
1036 5303 1289 5374 συνήθεις
1349 5305 1518 5374 ρὁας
1570 5309 1635 5374 τῇ
1695 5305 1990 5376 συγκλήτῳ

408 5399 504 5450 καὶ
558 5399 636 5467 τῷ
671 5397 783 5467 λαῷ
835 5396 1206 5466 ποιησάμενος
1258 5396 1616 5466 ἐκστρατείας
1672 5399 1768 5452 καὶ
1827 5393 1986 5461 αὖθις

408 5492 734 5556 ιςάπτεται,
765 5490 900 5561 μηδὲ
928 5488 1096 5550 αὐτὲις
1125 5489 1221 5552 τὰς
1253 5490 1563 5558 πασχαλίας
1596 5489 1811 5560 ἡμέρας
1844 5506 1985 5557 καρ-

409 5583 672 5652 τερήσας.
706 5583 814 5636 Καὶ
857 5583 970 5643 τοῖς
1004 5581 1271 5651 Τούρκοις
1318 5581 1472 5634 ἐνθεν
1518 5582 1772 5634 κάκεῖθεν
1817 5582 1988 5636 πολλὰ

412 5674 776 5744 συμπλακεὶς,
809 5674 904 5728 καὶ
953 5672 1054 5725 ποῦ
1091 5675 1189 5744 μὲν
1225 5673 1490 5742 εὐτυχῶν,
1531 5674 1634 5727 ποῦ
1664 5675 1720 5728 δὲ
1747 5675 1984 5745 ἀτυχῶν,

405 5765 507 5837 τὴν
552 5763 799 5835 βασιλίδα
848 5763 1284 5834 καταλαμβάνει,
1313 5767 1407 5817 τὸν
1440 5765 1725 5835 Κομνηνδν
1775 5765 1830 5819 δὲ
1857 5766 1984 5819 Μα-

403 5857 569 5928 νουὴλ
606 5858 1025 5928 κουροπαλάτην
1055 5858 1296 5930 τιμήσας
1332 5858 1472 5928 μετὰ
1519 5858 1614 5912 καὶ
1646 5859 1851 5923 παντὸς
1885 5857 1982 5912 τοῦ

2096 4674 2301 4729 debere
2338 4681 2398 4726 ut
2424 4671 2671 4726 Romana
2713 4685 2801 4724 res
2835 4668 3056 4740 publica
3083 4665 3477 4721 detrimentum
3508 4677 3675 4731 cape-

2095 4772 2202 4828 ret,
2238 4762 2334 4818 sed
2362 4761 2545 4832 petius
2582 4761 2655 4814 ita
2687 4769 2947 4830 poscente
2981 4756 3310 4810 necessitate
3345 4749 3672 4807 tradendum

2095 4855 2150 4909 in
2185 4853 2594 4910 matrimonium
2633 4850 2795 4905 alicui
2832 4849 2949 4904 viro
3001 4845 3429 4916 imperatricem,
3461 4851 3520 4897 ut
3569 4843 3674 4896 hoc

2095 4947 2261 5002 modo
2292 4960 2381 5000 res
2414 4944 2633 5016 publica
2667 4942 2904 5012 pristino
2937 4939 3103 4995 statui
3141 4937 3393 4993 restituta
3428 4934 3669 4989 vicissim

2093 5037 2427 5093 ﬂoresceret.
2461 5033 2558 5088 His
2585 5033 2768 5088 verbis
2797 5047 2918 5086 cum
2950 5044 3144 5084 omnes
3170 5026 3484 5098 patriarcha
3513 5039 3669 5080 suam

2095 5131 2150 5185 in
2178 5127 2510 5187 sententiam
2561 5123 2934 5196 perduxisset,
2969 5121 3240 5193 Diogenes
3291 5126 3541 5174 armatus
3578 5131 3672 5173 re-

2093 5221 2240 5290 giam
2298 5221 2581 5289 ingressus
2638 5227 2758 5282 est,
2815 5230 2882 5271 ac
2938 5213 3102 5286 327
3159 5212 3508 5283 imperatrice
3566 5209 3672 5265 sibi

2093 5313 2349 5384 capulata
2405 5311 2642 5381 sceptris
2692 5309 2924 5380 potitus.
2982 5309 3043 5362 in
3102 5307 3310 5378 nuptiis
3365 5319 3674 5362 assessores
3741 5367 3751 5378 ι

2094 5403 2332 5458 habebat
2374 5401 2657 5471 privignos
2709 5414 2840 5455 suos
2877 5406 2932 5454 et
2965 5398 3262 5459 Caesarem,
3294 5397 3414 5466 ejus
3446 5395 3672 5448 fratrem

2090 5494 2184 5563 qui
2214 5503 2340 5548 ante
2367 5490 2546 5561 ipsum
2577 5499 2920 5562 regnaverat.
2952 5488 3072 5542 Mox
3104 5496 3284 5542 autem
3313 5485 3406 5539 ubi
3432 5483 3500 5538 de
3524 5490 3670 5537 statu

2090 5584 2333 5641 Orientis
2352 5582 2678 5653 accepisset,
2702 5580 3007 5636 exercitum
3033 5589 3227 5634 contra
3255 5575 3462 5629 'l'urcos
3485 5571 3667 5626 duxit.

2090 5677 2338 5746 Cumque
2365 5673 2684 5730 Sebasteam
2717 5673 3065 5744 pervenisset
3109 5685 3176 5724 ac
3207 5668 3337 5722 hinc
3386 5664 3513 5720 inde
3540 5677 3667 5718 cum

2089 5768 2264 5838 copiis
2310 5769 2494 5842 itaret,
2527 5781 2718 5837 magna
2752 5766 2820 5820 de
2862 5763 3063 5819 Turcis
3091 5771 3294 5830 tropaea
3337 5755 3553 5819 statuit,
3588 5756 3673 5809 in-

2089 5859 2270 5929 deque
2322 5874 2583 5916 reversus
2628 5859 2695 5914 ad
2742 5859 2935 5913 urbem
2985 5854 3417 5924 imperatoriam,
3453 5848 3666 5904 usitatis
