4070 6494
572 398 678 458 ϋέίῖ

1818 390 2244 456 MlCI-IAELIS
2284 387 2546 448 (ἤϊα-Ε
3675 383 3763 446 608

574 503 983 575 largitionibus,
1030 518 1168 575 quas
1218 517 1378 574 rogas
1425 512 1645 567 vocant,
1685 501 1740 556 in
1769 511 2017 556 senatum
2052 515 2144 569 po-

2251 499 2487 567 στρατοῦ
2520 497 2661 551 κατὰ
2687 496 2795 549 τῶν
2820 494 3081 566 Τοὺρκων
3110 495 3404 567 ἐκπέμπει.
3433 495 3595 548 Πολλὰ
3617 497 3770 549 λοιπὸν

529 657 533 660 ν
574 602 876 668 polumque
911 597 1091 659 factis,
1125 610 1319 650 rursus
1351 595 1419 649 ad
1464 593 1873 664 expeditionem
1912 607 2146 647 secum-

575 691 810 762 paravit,
859 705 928 743 ne
981 684 1329 756 paschalibus
1381 686 1603 757 quidem
1655 686 1853 740 diebus
1903 686 1957 739 in
2013 684 2149 738 urbe

573 791 841 836 moratus.
886 781 984 836 Ubi
1027 781 1350 850 frequenter
1384 787 1440 834 et
1477 779 1644 832 variis
1677 778 1730 832 in
1775 775 1911 831 locis
1951 790 2148 829 manus

571 891 696 929 cum
726 875 922 928 Turcis
949 874 1342 938 eooscruisset,
1375 888 1438 928 ac
1470 872 1668 942 partim
1702 869 1921 924 fortuna
1953 868 2150 922 fuisset

575 982 707 1019 thus
743 981 1004 1034 prospera
1040 965 1242 1033 partim
1275 965 1528 1026 adversa,
1563 964 1618 1016 in
1654 961 1846 1016 urbem
1882 961 2067 1020 rediit,
2095 968 2150 1012 et

572 1058 885 1111 Manuelum
926 1057 1270 1111 Cutnnenum
1306 1055 1574 1126 dignitate
1612 1053 1956 1122 Curopalatis
1984 1068 2148 1105 orna-

576 1161 691 1203 tum
728 1149 1002 1204 universis
1035 1164 1158 1204 cum
1193 1149 1369 1218 cepiis
1407 1147 1672 1202 adversus
1701 1146 1910 1202 Tureos
1940 1144 2143 1200 emisit.

573 1228 649 1294 Ex
678 1257 745 1295 eo
775 1251 1021 1308 tempore
1050 1241 1234 1294 multae
1265 1239 1603 1294 calamitates
1634 1239 1900 1293 Romanis
1934 1236 2150 1291 accide-

575 1341 724 1384 runt.
757 1332 894 1386 Nam
922 1347 1046 1385 cum
1093 1331 1233 1385 forte
1276 1346 1471 1385 manus
1500 1331 1759 1399 utrinque
1789 1343 2146 1384 consereren-

575 1434 685 1482 tur,
713 1423 998 1476 Manuelus
1020 1422 1135 1491 ipse
1157 1429 1348 1490 captus
1371 1430 1454 1476 est
1475 1429 1533 1474 et
1557 1422 1847 1475 universus
1872 1420 2146 1474 exercitus

572 1513 639 1566 ad
687 1512 1122 1567 internecionem
1167 1527 1362 1567 caesus.
1399 1509 1508 1567 Sed
1560 1521 1741 1566 tamen
1788 1511 2005 1565 Turcus
2055 1511 2145 1564 ille

571 1605 665 1671 qui
719 1600 1318 1671 Mauuelum'ccperat,
1367 1612 1516 1656 metu
1569 1602 1806 1672 quodam
1857 1603 2144 1673 perculsus

572 1696 808 1764 ideoque
851 1695 1102 1764 partibus
1142 1695 1341 1750 sultani
1379 1695 1633 1762 desertis,
1661 1705 1856 1766 sponte
1891 1710 1988 1750 sua
2017 1711 2142 1750 cum

569 1787 823 1841 Manuelo
851 1786 919 1840 ad
954 1786 1340 1855 imperatorem
1372 1785 1686 1857 transfugit.
1721 1788 1828 1842 Has
1851 1789 1922 1842 ob
1949 1801 2144 1843 causas

571 1877 872 1945 imperator
921 1876 1121 1932 iterum
1149 1877 1557 1947 expeditionem
1591 1878 1858 1946 instituit;
1905 1893 2143 1948 cumque

567 1971 874 2040 trajecisset
904 1970 971 2023 ad
1004 1970 1326 2025 Hiereorum
1359 1964 1580 2039 palatia,
1608 1970 1859 2024 columba
1891 1970 2142 2040 quaedam

566 2062 824 2115 alicunde
865 2060 1348 2130 subitoapparuit,
1389 2076 1498 2115 non
1531 2061 1621 2114 illa
1651 2061 1875 2130 quidem
1919 2076 2144 2131 prorsus

567 2156 708 2215 alba,
733 2153 828 2207 sed
863 2152 929 2206 ad
964 2152 1306 2221 nigredinem
1337 2167 1585 2223 vergens.
1615 2152 1692 2207 Ea
1723 2153 2006 2208 triremem
2044 2154 2145 2207 im-

568 2243 838 2312 peratoris
869 2242 1275 2296 circumvolans
1318 2241 1387 2296 ab
1419 2257 1485 2297 eo
1537 2243 1793 2297 manibus
1845 2253 2000 2313 capta
2037 2251 2143 2310 est,

566 2343 625 2386 et
647 2333 716 2386 ad
743 2334 1145 2402 imperatricem
1173 2333 1358 2388 missa.
1387 2334 1587 2389 Parum
1623 2335 1737 2390 ha'c
1768 2335 1896 2389 belli
1930 2335 2143 2390 felicem

566 2425 776 2479 exitum
815 2423 1139 2493 imperatori
1188 2422 1516 2494 portendere
1571 2425 1683 2480 visa
1735 2423 1855 2479 iuit.
1889 2425 1990 2482 Ubi
2038 2426 2147 2480 sol-

569 2518 740 2572 visset
789 2516 922 2571 hinc
969 2517 1290 2587 imperator,
1351 2532 1459 2571 non
1508 2517 1576 2571 ad
1630 2518 1841 2571 clarum
1900 2517 2182 2588 aliquem‘

567 2609 748 2664 locum
792 2608 1064 2678 pervenit,
1097 2610 1190 2664 sed
1216 2608 1284 2662 ad
1315 2623 1442 2663 eum
1475 2610 1568 2679 qui
1603 2607 1878 2678 Ht'icpoiis
1917 2610 2138 2664 dicitur.

570 2700 912 2756 Rusticiores
943 2700 1306 2771 Eleinopolim
1342 2712 1559 2768 vocant,
1595 2703 1752 2773 quasi
1793 2703 1945 2757 dicas
1981 2703 2143 2772 oppi-

566 2790 701 2846 dum
735 2791 1070 2846 miserabile.
1105 2791 1221 2846 Hoc
1273 2807 1494 2862 quoque
1541 2808 1639 2862 pro
1672 2793 1856 2846 omine
1903 2793 2145 2847 infausto

567 2883 840 2939 habitum.
893 2884 1096 2940 Praeter
1143 2885 1258 2940 [nec
1316 2886 1463 2939 aliud
1514 2885 1775 2954 quiddam
1827 2884 2141 2956 ltujusutodi

565 2975 789 3032 accidit.
831 2975 1066 3046 Lignum
1115 2976 1250 3030 illud
1290 2969 1457 3046 quod'
1488 2975 1840 3045 imperatoris
1887 2976 2144 3030 taberna-

565 3067 758 3123 culum
789 3065 1116 3130 sustinebat,
1142 3068 1376 3121 fractum
1409 3065 1594 3121 effecit
1630 3073 1690 3118 ut
1719 3067 1898 3132 ipsum
1925 3081 2144 3136 quoque

2256 586 2508 640 ἐντεῦθεν
2567 587 2899 656 ἀτυχήματα
2963 586 3076 647 τοῖς
3136 583 3422 653 Ῥωμαίοις
3485 585 3768 654 συμϐαίνειν

2255 681 2496 749 πολέμου
2530 679 2636 749 γάρ
2665 695 2772 732 που
2828 676 3290 747 συγκροτηθέντος
3320 677 3413 730 καὶ
3435 677 3585 736 αὺτδς
3613 677 3637 728 ὁ
3675 677 3775 730 Ma-

2255 774 2418 840 νουὴλ
2463 773 2745 842 κρατεῖται
2789 772 2884 824 καὶ
2931 769 3025 822 τοῦ
3059 770 3290 840 στρατοῦ
3347 767 3533 830 παντὸς
3566 767 3776 819 ἀπώλεια

2255 867 2485 934 γίνεται,
2519 866 2564 917 εί
2608 865 2706 917 καὶ
2738 865 2765 916 δ
2796 861 3088 932 κατασχὼν
3129 861 3293 914 αὐτὸν
3337 861 3567 929 Τοῦρκος
3597 859 3675 910 διὰ
3706 858 3783 924 φό-

2255 959 2350 1009 ϐον
2377 955 2500 1008 τινὰ
2541 957 2634 1009 καὶ
2669 955 3022 1024 ἀποστροφὴν
3071 953 3164 1007 τοῦ
3203 953 3488 1006 σουλτάνου
3518 950 3782 1019 αὐτόμολος

2259 1049 2395 1113 μετὰ
2434 1050 2524 1101 καὶ
2565 1048 2821 1116 Μανουὴλ
2871 1047 3152 1116 προσῆλθε
3195 1045 3273 1114 τῷ
3305 1044 3531 1114 βασιλεῖ.
3557 1045 3649 1097 Διὰ
3673 1043 3785 1110 γοῦν

2256 1141 2429 1194 ταῦτα
2459 1143 2637 1194 πάντα
2668 1141 2808 1210 πρὸς
2839 1139 3204 1210 ἐκστρατείαν
3232 1139 3261 1191 ὁ
3296 1137 3546 1208 βασιλεὺς
3585 1137 3670 1187 καὶ
3703 1132 3784 1187 αὖ-

2257 1236 2336 1288 εις
2367 1237 2557 1304 χωρεῖ.
2597 1232 2986 1301 Διεπεραιοῦτο
3021 1231 3207 1284 λοιπὸν
3239 1233 3317 1293 εἰς
3358 1228 3425 1282 τὰ
3455 1228 3560 1281 τῶν
3599 1228 3789 1294 ἱερείων

2257 1326 2516 1378 παλάτια.
2567 1325 2676 1378 Καὶ
2732 1325 3035 1394 τηνικαῦτα
3083 1322 3390 1394 περιστερά
3423 1320 3580 1373 ποθεν
3613 1320 3796 1382 ἀνασα-

2253 1421 2405 1470 νεῖσα
2436 1419 2494 1471 οὐ
2533 1420 2708 1488 πάντη
2739 1417 2924 1487 λευκῆς
2953 1417 3011 1471 τὸ
3050 1419 3232 1470 πλεῖον
3262 1417 3320 1470 δὲ
3352 1416 3690 1486 μελάντερος.
3714 1411 3797 1462 καὶ

2254 1515 2319 1581 τῇ
2353 1513 2566 1580 τριὴρει
2596 1511 2690 1563 τοῦ
2733 1511 3000 1582 βασιλέως
3051 1509 3463 1578 περιπταμένη,
3496 1509 3610 1567 ταῖς
3647 1501 3792 1558 αὖτοῦ

2252 1605 2414 1673 χερσὶ
2459 1603 2802 1673 περιπίπτει.
2850 1602 3087 1664 Ἐκεῖνος
3137 1600 3207 1676 δὲ.
3249 1599 3388 1669 πρὸς
3433 1597 3532 1667 τὴν
3577 1593 3799 1666 βασιλίδα

2253 1697 2530 1764 ἐκπέμπει
2570 1695 2764 1763 αὑτήν.
2794 1695 2867 1747 οὐ
2913 1695 3156 1765 χρηστῆς
3200 1693 3256 1746 δὲ
3292 1692 3610 1754 ἀποϐἀσεως
3641 1688 3800 1751 ἔδοξεν

2252 1786 2413 1856 αὕτη.
2468 1787 2722 1856 Ἀπαίρει
2770 1786 2815 1839 δ’
2862 1786 3074 1840 ἐκεῖθεν
3123 1788 3151 1839 ό
3193 1784 3454 1856 βασιλεὺς
3491 1784 3591 1836 οὐκ
3632 1783 3685 1834 ἓν
3711 1797 3802 1833 τινι

2174 1846 2220 1906 Β
2247 1846 2395 1949 τόπῷ
2453 1846 2722 1946 διαφανεῖ,
2763 1877 3043 1932 Ἐλεπόλει
3075 1877 3135 1931 δέ
3180 1846 3310 1943 τινι,
3351 1877 3422 1947 ἢν
3466 1876 3516 1929 οἱ
3568 1871 3802 1942 ἀγροικό-

2246 1986 2396 2039 τεροι
2459 1968 2727 2023 Ἐλεεινοῦ
2787 1969 2942 2023 πόλιν
3011 1969 3291 2024 καλοῦσιν.
3352 1968 3556 2032 Οἰωνὸς
3606 1966 3661 2020 δὲ
3720 1964 3801 2018 καὶ

2244 2060 2402 2113 τοῦτο
2432 2060 2713 2122 ἀπαίσιος.
2744 2059 2888 2128 Πρὸς
2920 2059 3128 2123 τούτοις
3153 2061 3250 2113 καὶ
3275 2060 3469 2128 ἔτερόν
3499 2077 3552 2112 τι
3586 2055 3806 2110 τοιοῦτον

2249 2149 2536 2218 συμϐαίνει
2565 2167 2578 2181 ⁸
2617 2151 2678 2204 τὸ
2728 2152 2838 2220 γὰρ
2883 2151 3080 2220 ἐπέχον
3113 2151 3212 2222 τὴν
3261 2151 3558 2222 βασιλικὴν
3616 2150 3806 2218 σκηνὴν

2249 2244 2406 2310 ξύλον
2478 2245 2747 2312 κατεαγὲν
2808 2247 3141 2296 καταπεσεῖν
3219 2245 3438 2316 ταύτην
3506 2245 3803 2312 πεποίηκεν.

2247 2338 2430 2408 Χωρεῖ
2473 2335 2782 2406 περαιτέρω
2812 2336 2913 2404 τῆς
2965 2335 3040 2388 ἕω
3069 2351 3083 2366 ⁸
3124 2336 3219 2389 καὶ
3265 2337 3668 2405 δειλαινόμενος
3714 2337 3810 2394 τοῖς

2249 2430 2497 2500 σημείοις
2557 2429 2616 2480 ὲν
2666 2427 3024 2497 ὑψηλοτέροις
3071 2425 3289 2496 δώμασι
3359 2427 3463 2498 τὴν
3525 2429 3812 2481 ἀνάπαυσιν

2247 2525 2497 2575 ἐποιεῖτο.
2546 2519 2706 2573 Ἀλλὰ
2735 2520 2901 2571 κάκεῖ
2942 2519 3010 2572 τὰ
3045 2521 3246 2587 σημεῖα
3297 2521 3696 2591 συντρέχουσι·
3727 2518 3813 2568 δω-

2247 2614 2439 2682 μάτιον
2470 2610 2574 2680 γάρ
2604 2628 2676 2674 τι,
2712 2609 2770 2662 ἐν
2795 2603 2839 2678 ᾧ
2868 2609 3196 2671 ἀνεπαύετο,
3227 2609 3344 2678 πῦρ
3389 2610 3547 2663 ἔνθεν
3584 2607 3816 2662 κάκεῖθεν

2246 2701 2588 2772 περιέλαϐεν,
2647 2701 2848 2763 ἵππους
2895 2716 2954 2752 τε
2989 2699 3100 2766 ¹καὶ.
3153 2697 3456 2768 βασιλικὰς
3505 2698 3812 2770 ὲφεστρίδας
3869 2764 3883 2776 ¹

2245 2796 2569 2848 κατέκαυσε.
2600 2791 3023 2858 Διαπεραιοῦται
3067 2791 3161 2844 τὸν
3195 2792 3393 2858 Ἅλυν,
3424 2794 3705 2864 ἐνδότερον
3743 2790 3817 2856 γί-

2245 2905 2415 2940 νεται.
2451 2885 2810 2956 Προόαίνουσι
2844 2882 3118 2953 πολέμιοι.
3151 2885 3275 2938 Ἐπὶ
3302 2887 3527 2949 τούτοις
3556 2888 3647 2938 καὶ
3676 2882 3817 2943 αὐτὸς

2242 2978 2271 3029 ὁ
2302 2976 2596 3038 σουλτάνος
2620 2974 2761 3027 κατὰ
2788 2971 2880 3026 τοῦ
2916 2973 3186 3042 βασιλέως
3216 2979 3421 3046 χωρεῖ.
3463 2976 3577 3029 Καὶ
3605 2975 3662 3036 ὃς
3692 2976 3818 3026 ἐτοι-

2248 3069 2496 3140 μασθεὶς,
2539 3068 2612 3129 ὡς
2644 3066 2812 3132 είκὺς,
2844 3065 2940 3119 τοῦ
2979 3066 3272 3119 σουλτάνου
3323 3069 3569 3122 κατόπιν
3617 3067 3820 3120 διώκειο

567 3155 987 3212 tabernaculum
1008 3155 1400 3211 collaberetur.
1426 3155 1565 3210 Hinc
1589 3157 1822 3211 ulterius
1845 3158 2144 3226 imperator

2247 3161 2364 3213 οὐδὲ
2392 3160 2497 3228 γὰρ
2529 3158 2693 3220 αὐτὸς
2719 3157 2818 3225 τὴν
2848 3157 2941 3210 τοῦ
2984 3157 3256 3227 βασιλέως
3286 3161 3598 3213 ὲπέλευσιν
3626 3159 3824 3229 ἔφερεν.

565 3244 848 3302 Orientem
879 3262 1076 3302 versus
1110 3247 1488 3318 progrediens,
1518 3248 1665 3318 quod
1694 3248 1960 3318 prodigiis
1993 3250 2144 3305 hisce

569 3340 794 3393 territus
818 3339 1069 3401 nonnihil
1098 3340 1200 3394 sibi
1230 3348 1521 3406 metueret,
1546 3340 1602 3394 in
1627 3341 1948 3410 regionibus
1975 3342 2148 3397 subli-

569 3429 840 3489 mioribus,
871 3445 996 3484 cum
1031 3432 1208 3497 copiis
1247 3431 1514 3485 stationes
1552 3430 1811 3488 habebat.
1847 3432 2147 3490 Enimvero

567 3535 638 3574 ne
667 3520 774 3575 illis
800 3519 1022 3590 quidem
1061 3522 1116 3576 in
1158 3523 1296 3578 locis
1330 3527 1513 3578 omina
1553 3539 1888 3580 concurrere
1928 3527 2150 3582 desine-

565 3613 719 3667 bant.
773 3613 986 3682 Quippe
1034 3614 1425 3669 domunculam
1481 3618 1795 3686 quamdam,
1835 3619 1892 3674 in
1945 3635 2050 3688 qua
2087 3635 2145 3675 se

561 3703 736 3772 quieti
766 3702 1012 3767 dederat,
1045 3703 1187 3774 ignis
1228 3705 1356 3760 hinc
1405 3706 1532 3760 inde
1566 3709 1858 3779 corripuit,
1887 3717 1943 3764 et
1973 3724 2147 3778 equos

561 3795 842 3864 armisque
877 3796 1125 3866 tegendis
1160 3797 1332 3853 factas
1371 3814 1556 3855 vestes
1600 3803 1832 3858 exussit.
1870 3803 2002 3857 Post
2029 3803 2146 3857 haec

467 3966 474 3972 ~
563 3902 780 3941 amnem
816 3887 1008 3958 llalym
1044 3889 1325 3960 trajiciens
1360 3891 1425 3946 ad
1465 3892 1735 3950 interiora
1771 3894 2144 3964 progreditur.

564 3978 644 4031 lbi
676 3995 808 4033 vero
858 3980 910 4033 in
943 3997 1068 4035 eum
1120 3983 1307 4037 hostes
1334 3995 1513 4039 castra
1567 3997 1805 4047 movent.
1853 4003 1992 4056 quos
2028 3990 2144 4059 ipse

562 4067 820 4122 sultanus
851 4085 1186 4126 consecutus
1220 4089 1248 4126 a
1290 4086 1441 4144 tergo
1474 4085 1619 4129 recta
1653 4077 1706 4129 in
1750 4077 2140 4146 imperatorem

562 4159 745 4216 duxit.
774 4160 908 4215 Cum
943 4175 1124 4217 autem
1167 4165 1220 4218 in
1257 4182 1383 4219 eum
1418 4179 1692 4236 paratum,
1723 4184 1826 4223 ceu
1859 4169 2007 4225 credi
2045 4187 2144 4241 par

562 4261 668 4311 est,
698 4253 986 4315 incideret,
1018 4270 1081 4309 ac
1112 4257 1316 4311 deinde
1356 4258 1534 4334 fugam
1587 4257 1808 4323 faceret,
1842 4261 1986 4329 quod
2040 4262 2144 4315 im-
2183 4253 2196 4262 ’

563 4343 834 4410 peratoris
869 4345 1133 4413 impetum
1169 4349 1444 4402 sustinere
1475 4363 1580 4400 non
1625 4359 1829 4416 posset,
1867 4363 1994 4403 cum
2027 4351 2143 4405 suis

563 4435 864 4503 imperator
895 4437 1170 4491 sultanum
1214 4441 1674 4509 persequebatur,
1719 4457 1961 4513 eumque
2007 4445 2142 4498 satis

2264 3251 2387 3301 Ἐπὶ
2437 3247 2570 3301 πολὺ
2605 3244 2698 3302 οὖν
2723 3248 2939 3327 διώξας,
2961 3251 2988 3301 ὁ
3040 3249 3298 3318 βασιλεὺς
3345 3252 3484 3322 ἔστη
3519 3253 3621 3322 τῆς
3653 3251 3826 3320 πρόσω

2247 3341 2442 3412 φορᾶς,
2479 3340 2552 3410 μή
2603 3357 2719 3403 πως
2762 3339 2944 3410 συμϐῇ
2983 3340 3075 3391 καί
3103 3357 3152 3392 τι
3199 3342 3307 3392 τῶν
3349 3345 3663 3420 ἀδοκήτων,
3699 3343 3835 3394 '01::-

2250 3435 2482 3497 σθόπους
2504 3431 2688 3488 λοιπὲν
2725 3434 2817 3488 καὶ
2850 3433 2881 3504 ὴ
2923 3428 3012 3488 τοῦ
3042 3432 3314 3504 βσῖιλέως
3365 3442 3629 3512 σημασία
3656 3439 3834 3512 χωρεῖ.

2253 3524 2319 3574 Ὃ
2348 3523 2411 3592 δὴ
2437 3525 2534 3575 καὶ
2568 3523 2743 3576 ἰδόντα
2784 3524 2851 3575 τὰ
2896 3526 3176 3594 τάγματα,
3211 3529 3308 3580 καὶ
3353 3523 3537 3601 ἧτταν
3572 3526 3715 3583 εἶναι
3754 3525 3835 3580 τοῦ

2251 3615 2516 3686 βασιλέως
2566 3616 2626 3667 τὸ
2669 3619 2902 3685 πρᾶγμα
2954 3617 3321 3687 λογισάμενα,
3383 3623 3551 3679 ἔνθεν
3596 3621 3837 3677 κάκεῖθεν

2246 3707 2713 3772 διασκεδάζονται.
2757 3709 3056 3781 Ἀνηνέχθη
3110 3712 3188 3781 τῷ
3254 3715 3559 3790 σουλτὰνῳ
3603 3719 3672 3772 τὰ
3728 3719 3842 3784 περὶ

2247 3797 2461 3860 τούτου,
2508 3799 2602 3851 καὶ
2653 3798 2958 3868 τηνικαῦτα
3005 3800 3223 3856 διώκων
3257 3803 3284 3855 ὁ
3310 3803 3672 3876 διωκόμενος
3711 3811 3844 3874 γίνε·

2247 3907 2356 3944 ται.
2395 3887 2528 3943 Εἶτα
2560 3892 2647 3956 τί;
2685 3892 3106 3960 Σνμπλέκονται
3152 3893 3288 3962 πρὸς
3334 3888 3656 3968 ἀλλήλους,
3685 3895 3848 3949 Emeri—

2246 3985 2434 4038 θενται
2480 3986 2572 4038 καὶ
2609 3985 2764 4055 αὐτῷ
2800 3985 2876 4054 τῷ
2924 3983 3177 4054 βασιλεῖ·
3209 3987 3304 4038 καὶ
3356 3988 3423 4053 ὃς
3459 3991 3534 4044 τὰ
3581 3987 3845 4058 πολεμικὶι

2245 4082 2492 4146 γενναῖος
2522 4077 2598 4132 ὢν
2629 4079 2945 4132 ἀνθίσταται
2985 4081 3098 4144 τοῖς
3125 4079 3347 4151 ἐχθροῖς
3385 4085 3492 4137 καὶ
3525 4083 3619 4137 διὰ
3659 4077 3850 4153 χειρῶν

2246 4171 2470 4232 πολλοὺς
2505 4171 2736 4240 ἀναιρεῖ.
2780 4168 2909 4224 Εἶτα
2947 4157 3046 4242 τὴν
3093 4175 3251 4243 χεῖρα
3279 4175 3588 4241 βάλλεται,
3626 4178 3654 4229 ὁ
3684 4176 3845 4230 ἵππος

2249 4261 2411 4313 αὑτοῦ
2437 4261 2901 4325 κατακοντίζεται.
2937 4263 3098 4317 ’Λλλὰ
3130 4265 3222 4316 καὶ
3261 4266 3567 4332 πεζεύσας
3591 4265 3854 4336 γενναίως

2247 4354 2482 4424 ἵσταται.
2533 4354 2669 4406 Ἀλλ’
2706 4352 2750 4406 ὣ
2782 4354 2874 4406 τοῦ
2925 4355 3256 4423 πτώματοςί
3293 4357 3473 4411 Μετὰ
3517 4361 3633 4430 γὰρ
3687 4357 3853 4410 ταῦτα

2249 4446 2425 4498 πάντα
2453 4448 2565 4508 τοῖς
2602 4447 2815 4514 ἐχθροῖς
2845 4445 3122 4516 ἁλώσιμος
3169 4449 3414 4517 γίνεται,
3461 4455 3550 4521 τῷ
3585 4453 3858 4519 σουλτάνῳ

563 4528 655 4580 diu
682 4538 1031 4584 consectatus
1057 4535 1278 4585 tandem
1301 4533 1609 4588 subsistens
1631 4534 1859 4590 ulterius
1885 4537 2139 4607 progredi

2247 4537 2461 4604 δέσμιος
2517 4537 2728 4604 ἄγεται.
2764 4538 2873 4590 Καὶ
2931 4538 2989 4601 ὃς
3039 4538 3134 4591 τοῦ
3189 4540 3389 4609 ορῦνου
3445 4546 3716 4616 ἀνέθορε,
3769 4542 3857 4595 καὶ

561 4617 872 4682 desinebat,
898 4637 966 4675 ne
997 4619 1139 4676 forte
1169 4624 1300 4691 quid
1329 4623 1674 4692 inopinatum
1707 4625 1808 4696 ipsi
1838 4628 2134 4682 accideret.

560 4709 728 4779 323
755 4709 1099 4781 Quapropter
1127 4714 1292 4766 etiam
1328 4713 1672 4783 imperatoris
1698 4718 1958 4772 vexillum
1989 4734 2139 4774 recec

563 4805 747 4856 debat.
773 4803 1038 4874 Legiones
1061 4821 1127 4859 eo
1159 4805 1403 4860 discchn
1438 4819 1754 4877 conspecto,
1779 4826 1901 4865 cum
1932 4812 2137 4867 victum

531 4911 684 4949 "esse
727 4897 1033 4965 cogitarent
1085 4898 1491 4966 imperatorem,
1547 4900 1678 4954 hinc
1727 4902 1853 4957 inde
1904 4904 2138 4974 dissipa-

563 4987 785 5040 bantur.
834 4989 944 5043 llac
988 5005 1045 5043 re
1094 4990 1312 5044 sultano
1360 4991 1664 5060 signiﬁcata
1715 4996 1919 5049 factum
1954 5005 2038 5051 est
2078 5007 2138 5053 ut

2249 4630 2496 4698 πατήσας
2529 4629 2618 4681 τὸν
2659 4629 2862 4698 αὐχένα
2897 4631 3143 4700 συνήθως
3177 4632 3348 4684 αὑτοῦ
3385 4637 3496 4705 τῆς
3530 4640 3644 4708 γῆς
3676 4635 3860 4691 τοῦτον

2245 4721 2519 4791 ἀνίστησι,
2553 4722 2650 4773 καὶ
2702 4722 3197 4790 περιπτυξάμενος,
3241 4741 3261 4774 r
3290 4724 3391 4794 Μὴ
3429 4728 3643 4794 δέδιθι,
3680 4748 3701 4780 ο
3737 4729 3858 4798 ἔφη,

2253 4833 2272 4867 ι
2322 4814 2366 4866 ὧ
2423 4813 2641 4884 βασιλεῦ
2671 4829 2686 4843 ⁸
2718 4813 2837 4866 οὐδὲ
2873 4814 2980 4884 γὰρ
3013 4815 3302 4886 ἔγκύρσεις
3360 4821 3630 4893 κινδύνῳ
3680 4837 3863 4890 σωμα-

2245 4907 2404 4977 τικῷ,
2438 4907 2605 4970 ἀξίως
2639 4907 2692 4958 δὲ
2741 4907 2994 4976 τιμηθεὶς
3029 4907 3131 4974 τῆς
3180 4907 3273 4959 τοῦ
3331 4914 3606 4979 κράτους
3668 4917 3862 4982 ὑπερ)-

2245 5001 2386 5072 χῆςο
2439 5000 2630 5067 ἄλογος
2677 4999 2787 5068 γὰρ
2831 5001 2956 5068 ἐμοὶ
2999 4999 3276 5066 λογίζεται
3318 5003 3564 5071 ἐκεῖνος
3597 5011 3629 5062 ὁ
3664 5009 3742 5078 μὴ
3774 5007 3862 5065 τὰς

565 5078 718 5147 prius
764 5079 821 5132 in
855 5080 1039 5150 fugam
1075 5081 1183 5135 acti
1225 5082 1338 5152 jam
1378 5083 1618 5159 vicissim
1649 5098 2043 5156 persequentes
2078 5085 2172 5143 se'

564 5182 1050 5238 persequerentur.
1090 5175 1233 5238 Quid
1277 5175 1443 5230 inde?
1476 5175 1664 5232 Manus
1694 5180 1970 5249 utrimque
2003 5195 2132 5234 con-

561 5273 849 5330 seruntur,
891 5275 948 5319 et
999 5267 1384 5336 imperatorem
1436 5271 1614 5341 ipsum
1651 5273 1905 5328 sultanici
1948 5289 2137 5345 aggre-

561 5353 812 5408 diuntur.
871 5355 963 5411 Ille
1014 5374 1141 5413 vero
1190 5370 1446 5436 tanquam
1483 5363 1564 5415 vir
1620 5362 1833 5418 bellicis
1866 5365 1918 5417 in
1971 5366 2136 5419 rebus

561 5449 868 5514 animosus,
908 5452 1160 5508 hostibus
1200 5456 1420 5525 egregie
1465 5467 1640 5511 semet
1687 5459 1917 5526 opponit
1964 5459 2136 5511 mani-

562 5545 773 5612 busque
826 5546 941 5599 suis
991 5549 1302 5616 complures
1358 5549 1638 5604 interficit.
1689 5550 1817 5605 inde
1872 5553 2133 5620 pugnanti

560 5653 757 5694 manus
789 5639 1108 5695 vulneratur
1141 5653 1195 5696 et
1228 5660 1402 5713 equus
1425 5645 1610 5716 jaculo
1639 5647 1953 5714 configitur.
1987 5645 2138 5699 Nihi-

560 5734 800 5789 lominus
840 5737 1007 5788 etiam
1035 5736 1225 5804 pedes
1259 5741 1506 5794 animose
1550 5740 1874 5811 fortiterque
1908 5741 2130 5795 resiSIit.

563 5825 666 5880 Sed
689 5843 732 5916 ﬁo
764 5844 950 5883 casum
990 5829 1293 5887 infelicem!
1331 5833 1385 5888 in
1421 5833 1674 5894 hostium
1704 5834 1943 5904 denique
1980 5845 2135 5904 pote-

2246 5093 2591 5163 ἀπροόπτους
2633 5092 2802 5163 τύχας
2841 5091 3196 5162 λογιζόμενός
3247 5111 3308 5147 τι
3344 5102 3459 5150 καὶ
3515 5101 3865 5168 εὐλαϐούμε-

2247 5177 2353 5246 νος.
2392 5203 2408 5236 i
2453 5184 2749 5256 Σύνθρονον
2781 5184 2875 5238 οὖν
2902 5186 3065 5239 αὐτὸν
3090 5182 3205 5257 εἶχε
3241 5188 3336 5242 καὶ
3388 5191 3750 5260 ὁμοδίαιτον
3781 5190 3864 5246 καὶ

2243 5273 2518 5341 ὁμόδοξον,
2555 5275 2821 5334 παντοίως
2864 5273 3030 5326 αὑτὸν
3078 5275 3431 5346 παρακαλῶν
3473 5284 3697 5352 μέχρις
3737 5285 3868 5351 ἡμε-

2248 5364 2356 5434 ρῶν
2385 5370 2454 5431 η’.
2503 5364 2910 5431 Ἐρωτήσαντος
2949 5363 3007 5416 δέ
3061 5381 3194 5418 ποτε
3241 5364 3334 5419 τοῦ
3396 5371 3739 5426 σουλτάνου
3786 5373 3870 5424 τὴν

2246 5457 2490 5528 βασιλέα,
2533 5474 2550 5506 ι
2577 5454 2641 5507 Τί
2677 5455 2742 5507 ἂν
2777 5456 3008 5526 ἔδρασας
3033 5458 3082 5510 εί
3115 5459 3273 5528 ἔσχες
3297 5460 3409 5525 ἐμὲ
3445 5463 3818 5535 ὑποχείριον,
3852 5480 3866 5509 ι

2244 5547 2620 5616 ἁνυποκρίτως
2652 5547 2745 5600 καὶ
2775 5547 3111 5613 ὰοωπεύτως
3140 5551 3168 5601 ὁ
3199 5548 3478 5619 βασιλεὺς
3511 5557 3876 5627 ἀπεκρίνᾶτνι

2242 5642 2322 5694 ὅτι
2366 5640 2592 5700 Πολλαῐς
2623 5643 2744 5702 ταῖς
2789 5641 3025 5711 πληγαῖς
3057 5642 3516 5713 κατεδαπὰνησα
3564 5651 3640 5702 ἄν
3698 5667 3795 5700 σου
3826 5644 3880 5695 2'0

2246 5736 2424 5800 σῶμα.
2463 5751 2483 5784 ι
2551 5733 2693 5785 Ἀλλ’
2721 5732 2851 5798 ἐγὼ,
2893 5752 2912 5784 ι
2961 5735 3130 5804 φησὶν
3160 5737 3188 5789 ὀ
3221 5734 3584 5806 σουλτὰνος,
3639 5761 3659 5792 ι
3697 5742 3760 5793 οὐ
3796 5756 3880 5808 μι-

2246 5830 2489 5900 μήσομαί
2552 5846 2643 5881 σου
2707 5827 2768 5879 τὸ
2823 5829 3096 5899 αὐστηρὸν
3149 5833 3245 5884 καὶ
3303 5830 3660 5898 ἀπότομον.
3735 5836 3881 5900 Ιιλῂδ
