4070 6456
417 471 527 535 609

1652 458 2061 519 ANNALIUM
2109 457 2194 517 PA
2209 458 2301 516 HS
2338 455 2432 515 IV.

3569 449 3676 512 60

417 582 603 637 ἀκούω
650 577 730 634 ὅτι
779 579 872 632 καὶ
916 579 943 631 ὁ
977 578 1243 646 ὑμέτερος
1295 571 1530 645 Χριστὸς
1575 575 1804 644 εἰρήνην
1838 550 1996 642 νομο-

2105 578 2299 626 statcm
2346 571 2515 633 venit,
2550 579 2602 624 et
2645 568 2863 624 vinctus
2916 569 2980 623 ad
3035 568 3313 623 sultanum
3356 566 3674 621 deducitur.

417 674 565 727 θετεῐ
598 673 690 724 καὶ
720 668 1036 740 ἀμνηστίαν
1067 667 1276 730 κακῶν,
1306 666 1444 720 ἀλλὰ
1487 666 1581 718 καὶ
1614 665 1993 735 ὑπερηφάνοις

417 761 895 818 ἀντικαθίσταται.
944 778 963 811 ι
1006 759 1161 813 Μετὰ
1186 758 1244 811 δὲ
1271 757 1446 810 ταῦτα
1487 755 1723 822 σπονδὴν
1765 755 1996 821 ποιησά-

420 870 572 923 μενοι
612 853 706 904 καὶ
736 850 1013 912 συνθήκας
1052 847 1336 919 εἰρηνικὰς
1378 846 1676 916 διηνεκεῖς,
1711 845 1805 898 καὶ
1835 846 1996 907 κῆδος

417 947 511 998 ἐπὶ
536 946 648 1007 τοῖς
688 946 848 997 παισὶ
893 941 1318 1011 συστησάμενοι,
1358 938 1663 991 διίστανται
1697 936 1793 990 ἀπ’
1832 935 1997 1005 ἀλλή-

416 1040 526 1092 λων
582 1039 680 1090 σὺν
730 1037 901 1105 πολλῇ
968 1034 1278 1104 περιπλοκῇ
1346 1032 1442 1085 καὶ
1501 1028 1781 1099 εύκτηρίῳ
1834 1030 1993 1099 τιμῇ.

429 1129 827 1199 Ἐπανέρχεται
872 1129 901 1180 6
951 1125 1225 1197 βασιλεύς.
1255 1125 1472 1177 Γίνεται
1526 1123 1686 1176 τοῦτο
1737 1122 1831 1175 καὶ
1883 1123 1997 1183 τοῖς

417 1219 678 1283 ἐνταῦθα,
725 1218 952 1288 Ἰωάννῃ
999 1233 1059 1269 τε
1113 1216 1192 1287 τῷ
1240 1215 1487 1283 Καίσαρι
1523 1212 1618 1264 καὶ
1647 1213 1762 1275 τοῖς
1803 1210 1996 1263 τούτου

415 1316 551 1375 υἱοῖς
602 1314 696 1365 καὶ
748 1313 863 1374 τοῖς
917 1310 1153 1373 λοιποῖς,
1183 1309 1296 1360 ὅσοι
1362 1306 1432 1359 τὰ
1479 1304 1619 1358 αὐτὶ
1654 1304 1992 1375 ἐφρόνησαν.

418 1406 529 1458 Καὶ
555 1401 857 1473 τηνικαῦτα
890 1401 988 1470 μὲν
1014 1402 1113 1471 τὴν
1143 1397 1394 1469 βασιλίδα
1425 1397 1518 1450 καὶ
1555 1395 1631 1466 μὴ
1657 1396 1996 1466 βουλομένην

418 1496 710 1565 ὑπερόριον
756 1495 1033 1558 τίθενται,
1087 1493 1483 1564 ἀποκείραντες
1541 1490 1738 1558 αὐτὴν,
1786 1488 1882 1541 τὸν
1937 1487 1998 1540 δὲ

416 1587 635 1657 Μιχαὴλ
664 1586 1090 1659 ἀναγορεύουσιν
1124 1583 1526 1654 αὐτοκράτορα.
1558 1581 1755 1635 Ἔνθεν
1786 1596 1870 1633 τοι
1901 1579 1998 1632 καὶ

417 1681 723 1747 γράφουσιν
776 1675 1093 1746 ἁπανταχοῦ
1143 1674 1236 1727 τὸν
1278 1672 1539 1742 Διογένην
1585 1668 1882 1724 ἐπανιόντα
1919 1667 1996 1738 μὴ

420 1767 800 1834 ὐποδέξασθαι.
831 1767 1079 1836 Ἤρξατο
1099 1765 1156 1818 δὲ
1182 1765 1281 1833 τῆς
1305 1762 1566 1831 τοιαύτης
1601 1760 1999 1832 ἀποκηρύξεως

417 1862 446 1912 6
479 1860 781 1928 ύπέρτιμος
828 1857 1046 1927 πρῶτον
1073 1854 1308 1917 Ψελλός,
1342 1854 1528 1906 Ταῦτα
1556 1851 1614 1905 δὲ
1659 1853 1689 1904 6
1738 1851 1999 1920 Διογένης

423 1949 630 2019 μαθὼν,
665 1948 763 2000 καὶ
793 1947 875 2000 ὅτι
903 1945 1099 2008 κοινῶς
1138 1943 1617 2012 ἀποκεκήρυκται,
1652 1941 1917 2012 φρούριόν
1941 1957 1996 1992 τι

419 2038 706 2109 κατασχὼν
779 2040 961 2092 ἐκεῖσε
1024 2037 1254 2090 Δόκειαν
1326 2035 1627 2104 λεγόμενον
1693 2048 1999 2103 στρατοπε-

418 2127 592 2180 δεύειν
625 2127 849 2197 ἠρξατο.
890 2124 1032 2178 Ἀλλ’
1061 2127 1090 2178 6
1118 2127 1336 2195 Καῖσαρ
1369 2125 1459 2177 τὸν
1498 2122 1842 2194 βραχύτατον
1877 2122 1994 2176 υεδν

419 2220 562 2274 κατὰ
613 2221 899 2289 Διογένους
958 2218 1259 2288 ἐκπέμπει.
1329 2217 1672 2271 Συνάπτε-ται
1734 2217 1996 2287 πόλεμος.

420 2313 602 2380 Φυγὰς
636 2315 665 2366 6
718 2312 978 2380 Διογένης
1031 2310 1259 2380 οἴχεται.
1299 2310 1497 2363 Ἔνθεν
1546 2310 1802 2365 κάκεῖθεν
1836 2326 1999 2378 περις

422 2404 627 2459 νοστῶν
653 2404 791 2475 πρὸς
825 2403 1079 2458 Κιλικίαν
1119 2403 1508 2473 παραγίνεται.
1562 2401 1930 2471 ’Υποστρέφει
1972 2402 2001 2453 6

422 2498 830 2559 Κωνσταντίοος
878 2497 971 2548 ἐπὶ
1015 2494 1249 2557 τούτοις.
1307 2494 1599 2548 Στέλλεται
1654 2494 1776 2546 ἀντ’
1830 2490 1997 2546 αὐτοῦ

423 2591 564 2645 κατὰ
607 2590 892 2657 Διογένους
924 2588 953 2639 6
994 2586 1089 2640 τοῦ
1137 2587 1422 2657 Καίσαρος
1466 2586 1582 2649 υίὸς
1633 2585 1996 2655 Ἀνδρόνικος,

426 2685 704 2755 πολιορκεῖ
733 2683 826 2736 τὸν
856 2682 1108 2747 Ἂδανον,
1144 2681 1410 2753 συνθῆκαι
1441 2680 1707 2750 γίνονται.
1742 2681 1852 2733 Καὶ
1885 2679 2001 2732 κεί-

426 2796 577 2851 ρεται
618 2777 718 2849 τὴν
760 2764 926 2847 τρίχα
963 2777 991 2828 6
1024 2775 1303 2844 Διογένης,
1332 2772 1501 2839 ἔξεισι
1529 2790 1589 2825 τε
1632 2770 1727 2825 τοῦ
1759 2771 1998 2843 κάστρου

427 2869 852 2943 μελανειμονῶν.
879 2867 1075 2921 Λαϐὼν
1105 2868 1163 2920 δὲ
1200 2867 1318 2936 μεθ’
1352 2866 1550 2919 ἑαυτὸν
1583 2866 1675 2920 τὸν
1706 2866 1940 2936 Διογένη
1970 2867 2000 2919 6

433 2965 775 3036 ’Δνδρόνικος
807 2963 996 3017 νόστου
1029 2961 1313 3032 μέμνηται
1345 2960 1483 3031 (91),
1507 2960 1686 3013 ἕλκων
1734 2960 1899 3014 αὐτὸν
1940 2962 1999 3013 ὲν

424 3059 632 3112 εὐτελεῖ
666 3054 949 3124 ὑποζυγίῳ
997 3054 1086 3108 διὰ
1116 3052 1225 3106 τῶν
1267 3053 1463 3123 χωρῶν
1507 3053 1732 3106 ἐκείνων
1769 3046 1857 3119 αἷς
1889 3053 2000 3105 ἰσό-

424 3151 543 3214 θεος
596 3133 945 3218 ἐγνωρίζετο.
1003 3146 1215 3217 Μέχρις
1277 3143 1372 3200 οὖν
1431 3144 1527 3199 τοῦ
1582 3145 1852 3199 Κοτυαίου
1902 3145 2000 3217 τὴν

421 3245 731 3316 ὁδοιπορίαν
787 3242 1060 3313 ὀδυνηρὰν
1120 3241 1490 3312 ποιησάμενος
1538 3237 1627 3312 (ἦν
1677 3240 1790 3310 γὰρ
1838 3252 2072 3316 νοση-ρ

425 3339 708 3407 λευόμενος
757 3337 821 3389 ἐκ
874 3333 1159 3388 κοιλιακοῠ
1207 3337 1273 3387 ὲκ
1331 3332 1563 3386 κωνείου
1623 3332 1998 3401 προποθέντος

428 3431 590 3502 αὐτῷ)
613 3433 789 3485 ἐκεῖσε
823 3429 1146 3497 κατεσχέθη,
1172 3425 1279 3490 ἕως
1312 3417 1373 3477 οὗ
1400 3425 1459 3477 τὸ
1504 3428 1757 3496 ποιητέον
1800 3426 1996 3497 ὁρισθῇ

425 3523 514 3577 ἐπ’
571 3524 741 3594 αὐτῷ.
791 3520 1218 3591 Καταλαμϐάνει
1272 3521 1305 3589 ὴ
1362 3520 1661 3587 ἀπόφασις.
1720 3521 1832 3573 Καὶ
1888 3521 1999 3574 τῶν

422 3618 727 3688 ἀρχιερέων
766 3616 874 3669 τῶν
918 3614 1012 3667 ἐπὶ
1055 3613 1134 3682 τῷ
1180 3612 1399 3682 δοθῆναι
1454 3612 1610 3679 λόγον
1651 3612 1999 3680 συμπαθείας

419 3711 694 3781 ἐπαρῆξαι
723 3709 798 3780 μὴ
816 3706 1153 3777 δυνηθέντων
1178 3704 1458 3776 (ὠμηστού⁸
1481 3704 1592 3774 γὰρ
1622 3704 1718 3756 καὶ
1766 3704 1997 3772 ἀπηνεῖς

419 3803 609 3875 ἄνδρες
650 3802 984 3871 ἀφήρπαξαν
1036 3799 1218 3869 αὐτὸν)
1251 3797 1566 3867 ὀφθαλμοὺς
1610 3796 1992 3867 ὲξορύσεεται.

421 3895 726 3965 Προαχθεὶς
783 3895 842 3946 ἐν
900 3890 1189 3968 ὑποζυγίιρ
1226 3891 1388 3960 μέχρι
1449 3889 1547 3966 τῆς
1601 3888 1991 3958 Προποντίδος,

420 3988 513 4040 καὶ
545 3988 642 4057 τὴν
676 3985 921 4055 κεφαλὴν
949 3985 1090 4054 ἔχων
1123 3981 1464 4053 ὲξῳδηκυῖαν
1507 3982 1604 4033 καὶ
1636 3981 1764 4043 τοὺς
1790 3980 1993 4048 ὀφθαλ-

423 4082 557 4150 μοὺς
587 4079 778 4151 ὥσπερ
820 4080 978 4149 σῶμα
1032 4079 1291 4147 σεσηπὸς,
1343 4073 1642 4130 κάντεῦθεν
1698 4073 1999 4141 σκωλήκων

418 4171 516 4222 καὶ
541 4168 808 4230 δυσωδίας
833 4167 1118 4236 πλησθεὶς,
1150 4163 1441 4226 ἐπωδύνως
1482 4163 1854 4232 καταστρέφει
1906 4160 1998 4212 τὸν

421 4263 556 4334 βίον,
595 4267 661 4334 τῇ
699 4265 847 4333 νήσῳ
891 4260 1090 4332 Πρώτη
1131 4260 1225 4313 τὸν
1277 4260 1408 4330 χοῦν
1455 4257 1825 4326 ἀποθέμενος,
1870 4254 2000 4308 ἔνθα

418 4358 537 4411 νέον
565 4360 769 4423 ἐκεῖνος
798 4356 1052 4425 ἐδείματο
1090 4352 1534 4425 φροντιστήριον.

2101 659 2195 714 Ille
2250 678 2381 715 vero
2438 662 2578 716 solio
2638 677 2738 715 suo
2773 662 3056 725 desiliens,
3111 676 3210 731 pro
3265 675 3419 714 more
3469 661 3679 713 calaatz

2100 751 2358 821 Diogenis
2411 753 2645 818 cervice,
2707 769 2832 807 mox
2889 770 3015 808 eum
3076 754 3145 808 de
3196 762 3343 808 terra
3392 753 3577 823 erigit,
3624 762 3681 807 et

2100 853 2352 899 amanter
2377 847 2701 916 complexus
2730 863 2745 900 :
2791 865 2809 898 ι
2851 846 3207 911 Formidinis,
3243 846 3444 916 inquit,
3476 860 3680 915 expers

2098 946 2242 1001 esto,
2279 938 2597 1007 imperator.
2650 937 2768 993 Non
2820 939 2969 993 enim
3022 940 3243 1010 corpori
3288 940 3530 1009 vitaeque
3574 934 3681 995 tuac
3720 924 3723 931 Γ

2101 1031 2408 1100 periculum
2438 1030 2609 1084 ullum
2640 1032 2942 1097 crcabitur,
2977 1033 3070 1086 sed
3105 1047 3172 1087 ex
3211 1032 3479 1102 dignitate
3507 1033 3681 1103 maje-

2099 1121 2261 1175 statis
2320 1130 2427 1174 ture
2489 1123 2954 1190 praestantissimae
3005 1139 3037 1178 a
3088 1123 3250 1180 nobis
3309 1113 3678 1179 Itonorabere.

2098 1213 2235 1287 Nam
2269 1215 2499 1268 stultum
2538 1216 2795 1285 equidem
2828 1232 2951 1272 esse
2992 1217 3234 1273 arbitror
3280 1232 3407 1272 enm
3438 1219 3533 1286 qui
3571 1220 3683 1271 fur-

2103 1312 2249 1359 tunae
2279 1322 2438 1362 casus
2466 1308 2794 1377 improvisos
2821 1324 3007 1364 secum
3037 1311 3154 1378 ipse
3186 1325 3293 1364 non
3323 1311 3586 1380 expendit
3617 1327 3682 1365 ac

2101 1406 2410 1452 reveretur.
2449 1419 2467 1450 ι
2510 1399 2607 1454 liis
2646 1401 2811 1456 dictis
2845 1402 2970 1457 solii
3008 1402 3118 1468 sui,
3157 1418 3359 1457 mensae
3386 1403 3682 1473 glmiaeqne

2101 1489 2425 1558 participem
2483 1491 2780 1562 Diogenem
2819 1495 2969 1559 facit,
3018 1510 3258 1564 eumque
3307 1496 3374 1549 ad
3423 1504 3682 1549 octavum

2102 1585 2463 1654 usquediem
2519 1587 2664 1656 apud
2722 1602 2782 1642 se
2841 1597 3115 1643 retentum
3155 1589 3307 1643 varie
3359 1599 3575 1644 recreat
3627 1599 3685 1644 et

2100 1677 2431 1732 consolatur.
2464 1679 2714 1750 Cumque
2742 1680 2991 1735 sultanus
3018 1680 3411 1751 imperatorem
3449 1683 3684 1738 interro-

2100 1776 2256 1838 garet
2282 1770 2578 1839 aliquando
2608 1789 2622 1826 :
2668 1790 2688 1823 ι
2720 1770 2884 1838 Quid,
2921 1773 3173 1839 obsecro,
3210 1773 3459 1829 faeturus
3490 1775 3558 1830 de
3594 1774 3705 1829 mc’

2101 1858 2305 1925 i‘ueras,
2358 1861 2404 1915 si
2447 1860 2531 1915 me
2572 1872 2721 1917 tuam
2759 1864 2813 1918 in
2867 1873 3195 1934 potestatem
3248 1868 3536 1922 redactum
3583 1870 3685 1924 lia-

2102 1949 2356 2004 buisses?
2392 1968 2411 2001 ι
2453 1950 2754 2020 imperator
2802 1953 2921 2009 sine
2963 1954 3095 2008 fuco
3144 1963 3201 2011 et
3240 1957 3559 2014 adulatione
3585 1938 3684 2015 ’re-

2101 2040 2366 2111 Spondit:
2429 2062 2450 2095 ‹
2503 2043 2685 2100 Multis
2723 2046 2979 2115 equidem
3036 2047 3222 2119 ﬂagris
3269 2065 3472 2120 corpus
3527 2061 3682 2106 tuum
3766 2112 3769 2117 λ

2102 2132 2444 2188 cecidissem.
2488 2154 2506 2186 ι
2564 2135 2647 2190 Ad
2696 2153 2818 2207 qua:
2863 2138 3105 2195 vicissim
3155 2143 3458 2197 sultanus:
3509 2164 3526 2195 ι
3569 2145 3683 2215 Ego

2102 2239 2254 2292 vero,
2274 2226 2472 2296 inquit,
2492 2228 2756 2283 saevitiam
2780 2231 3125 2302 rigoremque
3153 2241 3304 2288 ttmm
3331 2250 3685 2307 nequaquam

2104 2316 2382 2373 imitabor.
2403 2319 2542 2386 Quin
2566 2321 2733 2376 etiam
2758 2324 2923 2378 audio
2948 2325 3229 2381 Christum
3250 2327 3407 2383 illum
3433 2320 3685 2385 vestrum

2105 2425 2291 2478 pacem
2349 2410 2496 2467 inter
2545 2413 2799 2471 homines
2847 2426 2906 2471 et
2963 2404 3301 2473 oblivionem
3352 2418 3685 2490 injuriarum

2100 2503 2321 2558 sancire
2377 2519 2443 2559 ac
2498 2505 2826 2577 praecipere,
2890 2510 3262 2582 superbisque
3324 2514 3604 2568 resistere.
3663 2526 3681 2564 ι

2104 2592 2421 2649 Secundum
2475 2597 2589 2652 haec
2636 2598 2939 2656 foederibus
2995 2601 3169 2667 initis,
3230 2618 3365 2672 pace
3418 2615 3687 2674 perpetua

2105 2680 2425 2759 censtituta,
2467 2685 2614 2741 inter
2639 2687 2810 2743 libros
2843 2689 3107 2745 ailinitate
3136 2694 3445 2759 contracta,
3476 2693 3685 2748 disces-

2106 2788 2228 2828 sum
2262 2775 2523 2840 utrinque
2553 2793 2662 2832 non
2694 2780 2813 2835 sine
2863 2782 3053 2837 multis
3080 2785 3458 2852 complexibus
3494 2794 3564 2856 et
3585 2787 3685 2840 lto-

2104 2866 2258 2921 noris
2286 2867 2646 2933 exhibitione,
2679 2887 2786 2942 qua
2817 2876 2956 2929 alter
2978 2874 3136 2930 alteri
3163 2876 3501 2932 faustissima
3531 2894 3686 2948 quac-

2104 2971 2212 3024 quc
2261 2968 2602 3026 precaretur.
2639 2960 2754 3016 lloc
2803 2971 2965 3032 pacto
3000 2966 3299 3020 revertitur
3345 2967 3491 3023 intra
3545 2970 3685 3024 lines

2105 3047 2378 3102 Romanos
2432 3050 2753 3118 imperator.
2808 3054 2938 3128 Quae
2992 3072 3077 3112 res
3131 3057 3227 3111 ubi
3275 3059 3683 3128 pritnum*illis

2106 3136 2437 3193 innotuissct
2474 3142 2567 3210 qui
2596 3141 2708 3209 jam
2749 3144 2815 3198 ad
2869 3124 3060 3200 urbem
3095 3157 3384 3217 venerant,
3416 3151 3681 3206 nimirum

2104 3227 2299 3284 Joanni
2327 3230 2530 3286 Caesari
2560 3235 2789 3305 ejusque
2833 3237 2982 3304 filiis,
3032 3254 3097 3294 ac
3153 3241 3383 3312 reliquis
3422 3246 3684 3301 omnibus

2103 3333 2372 3393 quotquot
2406 3323 2551 3380 inter
2580 3342 2642 3381 sc
2678 3330 3157 3399 conspiraverant,
3198 3348 3325 3389 mox
3365 3334 3683 3406 imperatrio

2102 3428 2221 3469 cem
2249 3416 2474 3471 invitam
2505 3418 2706 3474 radunt
2737 3432 2792 3476 et
2829 3422 2881 3475 in
2914 3425 3165 3479 exsilium
3198 3437 3387 3498 agunt,
3415 3429 3684 3487 Michaelo

2100 3509 2222 3578 ejus
2245 3509 2356 3563 filio
2384 3510 2715 3583 imperatore
2743 3525 2951 3569 creato.
2977 3517 3180 3572 Deinde
3204 3521 3404 3589 quovis
3434 3522 3681 3580 locorum

2101 3599 2316 3657 litteras
2350 3604 2593 3671 mittunt,
2631 3605 2810 3676 iisque
2843 3607 3106 3663 mandant
3136 3626 3206 3665 ne
3240 3612 3365 3681 quis
3401 3625 3685 3672 reverten-

2103 3699 2212 3746 tem
2266 3692 2557 3765 Diogenem
2607 3700 2925 3767 exciperet,
2982 3701 3143 3772 cujus
3212 3708 3683 3765 exauctorationis

2102 3784 2315 3853 primus
2342 3795 2536 3841 auctor
2568 3788 2670 3843 fuit
2700 3791 3073 3858 Psellus.Qu:e
3102 3808 3227 3847 cum
3256 3795 3471 3865 tierent,
3503 3800 3682 3871 impe-

2103 3884 2253 3929 rator
2293 3877 2516 3932 eaStcllo
2545 3879 2781 3948 quodam
2811 3894 3099 3951 occupato,
3147 3884 3240 3940 cui
3270 3887 3448 3943 Docea
3480 3905 3683 3947 nomen

2102 3977 2269 4035 esset,
2296 3971 2493 4025 metari
2515 3982 2695 4027 castra
2715 3984 2977 4044 cceperat.
3004 3976 3087 4032 Ad
3108 3993 3232 4032 eum
3255 3981 3680 4050 opprimendum

2102 4061 2286 4116 Czcsar
2310 4063 2483 4118 tilium
2516 4080 2678 4119 suum
2702 4077 2837 4122 natu
2866 4067 3154 4124 minimum
3185 4087 3312 4126 cum
3336 4074 3511 4143 copiis
3538 4076 3687 4132 able-

2102 4158 2267 4226 gavit.
2300 4157 2568 4215 Conserto
2614 4162 2825 4230 praelia,
2875 4162 3003 4233 fuga
3050 4166 3212 4220 saluti
3258 4183 3372 4224 sua:
3411 4170 3683 4242 Diogenes

2103 4252 2364 4317 consulit,
2400 4260 2454 4308 et
2496 4253 2625 4308 hinc
2671 4254 2801 4310 inde
2846 4269 3074 4327 vagatus
3123 4260 3288 4330 329
3337 4261 3390 4315 in
3426 4261 3681 4319 Ciliciam

2102 4344 2377 4414 pervenit.
2416 4346 2630 4401 Interea
2666 4342 3065 4404 Constantinus
3097 4353 3167 4405 ad
3219 4355 3412 4407 urbem
3456 4359 3687 4410 reverti-

419 4464 529 4520 tur,
554 4454 779 4525 ejusque
823 4453 948 4507 loco
992 4451 1139 4505 filius
1181 4449 1320 4505 alter
1366 4447 1602 4504 Caesaris
1646 4446 1999 4503 Andronicus
2033 4445 2403 4516 persequendi
2436 4445 2696 4515 Diogenis
2766 4462 2930 4503 causa
2964 4450 3224 4505 mittitur.
3267 4450 3319 4506 ls
3380 4468 3507 4507 cum
3535 4454 3683 4520 Adaf

418 4564 543 4604 nam
613 4546 913 4611 obsideret,
969 4546 1037 4599 de
1089 4559 1223 4614 pace
1275 4549 1568 4598 tractatum
1621 4551 1726 4608 est,
1794 4551 1851 4597 et
1910 4550 2066 4596 tonso
2104 4541 2302 4610 capillo
2328 4539 2596 4610 Diogenes
2631 4555 2661 4594 e
2692 4549 2872 4597 castro
2923 4542 3071 4611 pulla
3109 4556 3257 4598 veste
3293 4549 3529 4602 amictus
3558 4566 3685 4618 pro-

418 4639 540 4695 diit.
616 4639 755 4693 Eum
826 4637 1177 4692 Andronicus
1261 4650 1449 4691 secum
1489 4633 1731 4699 reduxit,
1772 4634 1982 4703 vilique
2016 4634 2268 4705 jumento
2327 4633 2646 4702 impositum
2701 4649 2801 4703 per
2850 4650 2913 4689 ea
2965 4636 3084 4690 loca
3140 4638 3306 4691 traxit
3364 4641 3419 4693 in
3478 4642 3682 4710 quibus

372 4744 377 4747 '
419 4746 579 4790 antea
602 4751 700 4791 ceu
731 4735 843 4788 Deo
872 4749 961 4803 pat
1001 4734 1256 4803 cognitus
1282 4731 1617 4800 habitusque
1650 4731 1848 4785 fuerat.
1873 4729 1989 4783 Hoc
2030 4730 2195 4803 modo
2225 4746 2351 4785 cum
2382 4730 2669 4801 Cutyaium
2713 4748 2888 4801 usque
2929 4747 3039 4786 non
3108 4735 3228 4790 sin’e
3297 4737 3555 4791 maximis
3582 4739 3683 4792 do-

417 4825 629 4879 loribus
659 4827 806 4893 (nam
835 4823 1229 4879 intestinorum
1295 4823 1488 4877 morbo
1522 4822 1829 4887 laborabat,
1896 4835 2063 4889 quem
2102 4838 2133 4876 e
2182 4825 2475 4892 propinata
2530 4824 2713 4878 cicuta
2773 4826 3127 4895 conceperat)
3188 4824 3407 4880 delatus
3466 4830 3679 4896 fuisset,

421 4919 685 4990 tantisper
725 4920 802 4974 ibi
832 4919 1087 4974 detentus
1113 4927 1221 4984 est,
1276 4918 1453 4973 donec
1492 4919 1549 4972 in
1579 4919 1716 4973 urbe
1755 4917 1889 4988 quid
1955 4917 2025 4972 de
2066 4918 2187 4987 ipso
2245 4918 2564 4974 faciundum
2612 4929 2758 4975 esset
2822 4920 3236 4977 decerneretur.
3270 4923 3373 4979 Ubi
3423 4925 3586 4980 latam
3628 4929 3683 4982 in

420 5012 599 5081 ipsum
622 5014 952 5069 sententiam
976 5013 1328 5069 Andronicus
1351 5017 1683 5082 accepisset,
1743 5028 1847 5067 nec
1905 5027 2065 5081 opem
2105 5023 2160 5068 et
2206 5015 2494 5084 pontifices
2550 5016 2695 5070 ferre
2742 5017 3076 5085 potuissent,
3128 5028 3190 5072 ut
3243 5019 3684 5076 miscricordiam

420 5107 739 5175 impetraret
763 5107 812 5177 (a
840 5107 1162 5162 crudelibus
1191 5108 1341 5162 enim
1370 5098 1640 5176 sinisque
1671 5105 1991 5162 hominibus
2028 5106 2455 5178 abripiebatur),
2491 5110 2669 5163 oculis
2733 5110 2951 5164 eﬂ'ossis
3014 5122 3342 5188 excaecatum
3375 5111 3587 5169 Deinde
3613 5115 3683 5169 ad

421 5203 811 5272 Propontidem
840 5204 1088 5274 iumento
1122 5213 1333 5271 vectus,
1368 5218 1492 5258 cum
1523 5213 1689 5274 caput
1751 5218 1782 5258 c
1847 5211 2063 5258 tumore
2099 5211 2424 5273 corruptum
2471 5205 2719 5272 haberet,
2769 5207 3231 5276 oculisque-cum
3290 5218 3407 5265 toto
3449 5228 3683 5282 corpore

488 5407 596 5476 (91)
629 5404 732 5479 Ubi
785 5407 1088 5462 Andronici
1136 5407 1190 5462 in
1238 5409 1533 5479 Diogenem
1570 5412 1863 5466 barbarum
1916 5426 1981 5466 ac

416 5480 640 5531 crudele
681 5478 897 5532 facinus
940 5488 1221 5540 narratur,
1262 5478 1476 5533 variant
1519 5483 1759 5549 codices,
1790 5486 1818 5535 6
1859 5484 1979 5534 Ἀν-

417 5549 660 5614 δρόνικος
692 5550 812 5600 νόου
836 5553 1125 5618 μέμνηται
1178 5550 1342 5603 habet
1387 5551 1471 5615 ἢ,
1502 5552 1563 5603 οὐ
1599 5553 1757 5604 νόσου
1800 5552 1982 5606 Leun-

418 5618 628 5671 clarius
673 5636 687 5673 :
722 5621 805 5672 sic
855 5634 1001 5673 enim
1049 5620 1441 5688 interpretatus
1475 5631 1559 5675 est
1582 5664 1597 5687 ,
1632 5624 1782 5676 nulla
1814 5625 1981 5676 morbi

456 5703 520 5739 uo
568 5690 840 5742 laborabat
888 5689 1098 5741 ratione
1144 5690 1364 5754 habita;
1416 5700 1472 5744 at
1521 5691 1873 5760 Angustanus
1919 5710 1984 5747 ac

462 5762 712 5814 avaricus
764 5762 1031 5832 exhibent.
1089 5761 1277 5832 νόστου
1315 5762 1474 5830 longe
1513 5766 1716 5831 aptius,
1751 5765 1984 5832 ideoque

418 5843 500 5903 sic
547 5832 910 5903 concipienda
957 5831 1062 5882 luci
1088 5902 1093 5903 γ
1121 5830 1270 5903 illius
1310 5835 1491 5903 versio
1521 5830 1849 5903 :Diogenem
1877 5830 1987 5887 du-

415 5898 661 5952 drouii'as
694 5898 866 5953 secant
901 5902 1141 5967 abduxit,
1167 5901 1616 5971 viliqucjumeuto
1649 5898 1983 5974 impositam,

656 5994 932 6056 PATROL.
970 5996 1088 6057 GR.
1130 5994 1337 6054 CLVll
1349 5998 1392 6059 l.

2086 5409 2331 5464 acerbam
2380 5410 2443 5464 de
2474 5412 2645 5464 reditu
2677 5412 2996 5466 mentionem
3020 5413 3288 5482 injicicns,
3322 5430 3416 5482 per
3448 5431 3510 5467 ea
3561 5414 3679 5469 loca

2088 5483 2297 5544 traxit,
2337 5482 2393 5534 in
2446 5483 2633 5552 quibus
2698 5492 2861 5536 antea
2923 5493 2979 5536 ut
3035 5485 3178 5537 Deus
3253 5485 3564 5537 habebatur.
3608 5486 3678 5538 Et

2087 5566 2222 5604 vero
2282 5560 2469 5606 nostra
2528 5555 2642 5606 haec
2705 5555 2979 5607 sententia
3048 5556 3297 5607 firmatur
3347 5555 3676 5609 auctoritrte

2086 5620 2314 5675 Joannis
2360 5622 2729 5691 Curopalatae,
2784 5638 2849 5677 ex
2881 5639 2992 5690 quo
3023 5639 3120 5677 sna
3156 5622 3302 5674 haud
3349 5624 3517 5676 dubie
3553 5638 3680 5677 tnu-

2092 5702 2279 5745 tuatus
2309 5701 2394 5746 est
2421 5705 2612 5747 noster
2640 5693 2837 5763 Glycas
2886 5711 2900 5746 :
2935 5694 3143 5757 Νόστου
3191 5693 3438 5761 assueta;
3470 5698 3677 5762 μιμνή-

2091 5779 2281 5835 σκεται
2324 5765 2353 5814 6
2413 5763 2774 5835 Ἀνδρόνικος,
2815 5768 2909 5818 καὶ
2949 5766 3017 5816 τὰ
3063 5764 3209 5835 ἑξῆς,
3235 5764 3418 5816 statim
3472 5765 3675 5820 reditu:

2093 5834 2408 5899 mentionem
2439 5834 2564 5903 facit
2598 5835 2947 5902 Andronicus,
2983 5844 3080 5890 etc.

2219 6035 2244 6093 ,ι
2264 6058 2296 6069 ,,
3254 6002 3336 6061 20
