4070 6494
412 460 514 528 (ΣΠ

1640 462 2052 541 ANNALIUM
2092 464 2287 525 PARS
2330 463 2428 524 Iv.

3568 461 3671 527 618

481 574 692 644 Κρατεί
730 574 918 630 λοιπὸν
968 574 1107 645 μετὰ
1140 575 1230 630 τὸν
1260 574 1626 647 Βοτανειάτην
1653 576 1682 628 6
1703 576 1987 649 Κομνηνδς
2018 606 2031 634 λ

2165 575 2357 646 Itaque
2384 575 2645 645 deinceps
2677 576 2901 632 Alexius
2938 576 3172 647 imperio
3204 577 3413 646 potitus
3437 586 3525 631 est
3551 590 3673 646 post

391 664 395 666 ⁷
424 664 660 731 ’Δλέξιος
692 664 788 735 ἐτη
842 664 920 728 λζ’
971 667 1068 719 καὶ
1113 665 1191 735 τῷ
1242 666 1541 738 διαδήματι
1575 666 1855 736 στέφεται,
1883 667 1911 718 6
1935 666 1993 720 δὲ

425 744 692 820 Ἰσαάκιος
716 758 782 811 τὰ
818 758 1174 827 δεύτερα’τῆς
1207 761 1375 830 τιμῆς
1407 753 1545 830 εἶχε,
1574 760 1748 831 καινῷ
1767 759 1992 830 ὀνόματι

416 849 812 919 ἑπιφημισθεὶς
844 849 997 917 αὐτῷ
1022 865 1038 884 ο
1086 850 1547 921 σεϐαστοκράτωρ
1572 853 1682 923 γὰρ
1714 850 1990 921 ἐπεκλήθη

417 944 515 994 καὶ
540 942 803 1011 ὑπερεῖχε
842 942 940 994 τοῦ
986 942 1285 1012 Καίσαρος.
1319 943 1458 1014 Παρ’
1489 945 1675 1007 αὐτοῖς
1714 944 1807 998 οὖν
1837 946 1869 1014 ἠ
1901 945 1997 1015 βα-

419 1033 594 1085 σιλεία
648 1032 745 1085 καὶ
789 1034 855 1101 τῇ
899 1034 1071 1103 μητρὶ
1120 1033 1324 1090 αὐτῶν.
1351 1030 1534 1088 Ἦσαν
1573 1037 1631 1090 δὲ
1672 1036 1751 1105 τῷ
1789 1035 1998 1105 βασιλεῖ

362 1149 367 1153 ε
420 1123 515 1175 καὶ
564 1122 745 1195 ἕτεροι
795 1125 1120 1194 αὐτάδελφον.
1169 1125 1277 1179 δύοι
1319 1128 1601 1198 νεώτεροι,
1631 1122 1709 1181 ὧν
1753 1127 1847 1181 τὸν
1897 1130 1994 1198 μὲν

433 1211 740 1282 Ἀνδριανδν
784 1213 985 1285 δηλαδὴ
1040 1215 1499 1284 πρωτοσέϐαστον
1547 1218 1641 1271 καὶ
1691 1218 1999 1288 μεγαδομέ-

423 1320 628 1366 στικον,
660 1303 754 1358 τὸν
801 1303 858 1357 δὲ
906 1305 1223 1376 Νικηφόρον
1269 1307 1531 1360 σέϐαστον
1563 1308 1658 1362 καὶ
1683 1307 1778 1361 τοῦ
1811 1308 1997 1363 στόλου

422 1394 802 1467 δρονγγιάριον.
846 1397 1008 1450 Ἀλλὰ
1047 1399 1141 1451 καὶ
1192 1399 1462 1469 κηδεστὰς
1511 1396 1658 1470 εἶχεν
1709 1401 1797 1453 ἐπ’
1844 1401 1996 1454 ὁιδελ⁶

425 1490 554 1556 φαίς
600 1490 695 1543 τὸν
734 1490 1075 1561 Μελισσηνὺν
1126 1491 1446 1561 Νικηφόρον
1488 1492 1583 1545 καὶ
1646 1492 1863 1563 Μιχαὴλ
1909 1495 2001 1545 τδν

426 1585 713 1653 Ταρωνᾶν.
782 1582 841 1640 Ὀ
887 1585 1074 1654 μέντοι
1124 1584 1341 1654 κρατῶν
1391 1586 1690 1656 ἐπειδήπερ
1742 1586 2001 1648 ἐσπάνιζε

429 1675 747 1745 χρημάτων,
778 1675 874 1737 τὰς
912 1676 1161 1745 ἐτησίους
1187 1676 1361 1740 δόσεις
1389 1676 1612 1747 ἐνέκοψε
1643 1677 1741 1740 τὰς
1770 1677 2004 1746 ἀνηκού-

433 1781 531 1827 σας
576 1764 820 1834 δηλονότι
873 1766 986 1829 τοῖς
1046 1765 1347 1836 ἀξιώμασι,
1374 1769 1779 1840 προσαφῃρεῖτο
1821 1769 1877 1824 δὲ
1911 1770 2006 1823 καὶ

431 1858 530 1920 τὰς
560 1855 878 1926 περιουσίας
921 1856 1031 1909 τῶν
1063 1859 1464 1928 συγκλητικῶν.
1514 1858 1570 1912 Ὀ
1614 1859 1799 1928 μέντοι
1835 1858 2004 1927 ἁγιώ-

431 1966 594 2013 τατος
621 1948 971 2021 πατριάρχης
1002 1952 1231 2020 Κοσμᾶς
1275 1954 1355 2022 τῇ,
1374 1953 1481 2004 τῶν
1508 1952 1710 2006 κοινῶν
1743 1953 2000 2025 πραγμά-

434 2058 543 2098 των
584 2041 960 2113 μεταχειρίσει
1014 2042 1468 2113 ἁπαρεσκόμενος
1517 2044 1613 2098 καὶ
1673 2027 2011 2113 ἀπεγνωκὼς

436 2137 534 2206 τὴν
590 2135 896 2205 διόρθωσιν,
926 2133 1002 2205 τῷ
1046 2135 1317 2209 ὑπηρέτῃ,
1366 2153 1385 2188 ι
1412 2131 1600 2207 Ἀρον,
1636 2155 1654 2188 ι
1702 2137 1872 2190 εἰπὼν
1895 2154 1914 2188 ι
1951 2138 2013 2190 τὸ

436 2227 736 2298 ψαλτήριον
770 2229 863 2282 καὶ
892 2226 1176 2282 ἀκολούθει
1208 2244 1320 2298 μοι,
1367 2246 1386 2278 ι
1421 2228 1520 2296 τῆς
1553 2227 1850 2298 ἐκκλησίας
1877 2229 2012 2283 ἀνα-

374 2350 375 2353 η
439 2322 627 2392 χωρεῖ.
662 2321 1070 2392 Προχειρίξεται
1113 2320 1172 2373 δὲ
1223 2320 1341 2375 ἀντ’
1394 2322 1558 2375 αὑτοῦ
1612 2322 1881 2387 ἐκτομίας
1932 2337 2031 2386 τις.

441 2412 798 2482 Εὐστράτιος,
845 2413 1053 2483 ἀφελὴς
1107 2412 1249 2484 ἀνὴρ
1288 2411 1386 2466 καὶ
1442 2412 1615 2483 γωνίᾳ
1672 2413 1740 2467 τὰ
1781 2412 2025 2482 μάλιστα-

442 2503 760 2574 προσήκων.
792 2502 946 2557 Merci
969 2503 1026 2556 δὲ
1054 2501 1148 2574 ἔτη
1194 2501 1246 2572 γ’
1278 2502 1582 2570 κατάγεται
1616 2504 1711 2556 καὶ
1736 2503 1905 2559 ἄκων.
1953 2504 2018 2558 Ἦ

442 2596 500 2649 δὲ
548 2595 698 2649 αἰτία
747 2596 848 2649 οὐκ
883 2594 1175 2664 ἔγνωσται.
1220 2593 1362 2647 Ἀντ⁹
1392 2594 1558 2648 αὐτοῦ
1597 2593 1656 2646 δὲ
1696 2596 1724 2646 6
1752 2611 2017 2666 γραμμα-

443 2685 592 2748 τικὸς
645 2684 906 2753 ἀνάγεται
959 2684 1251 2747 Νικόλαος.
1284 2684 1438 2738 Μετὰ
1479 2685 1536 2737 δὲ
1569 2684 1742 2738 ταῦτα
1774 2685 2019 2756 ἠγγέλθη

444 2779 693 2849 Φραγγδς
757 2777 1095 2849 Ῥομπέρτος
1147 2777 1240 2831 ἐπὶ
1286 2776 1377 2830 τὸν
1420 2776 1625 2847 δάμνον
1673 2776 2023 2847 διαπεραιού-

451 2887 634 2941 μενος.
668 2869 877 2923 Αὐτίκα
926 2870 1106 2923 τοίνυν
1128 2871 1155 2923 ό
1190 2867 1445 2937 βασιλεὺς
1479 2869 1894 2940 ἐξεστράτευσε,
1925 2868 2023 2923 καὶ

448 2963 707 3033 ἡττηθεὶς
745 2963 954 3026 ἀκλεῶς
1006 2961 1199 3032 ἔφυγε,
1228 2961 1438 3016 πολλῶν
1491 2961 1671 3015 ἐκεῖσε
1718 2961 2022 3028 πεσόντων,

450 3058 511 3110 ού
536 3057 647 3109 τῶν
683 3057 954 3127 τυχόντων
998 3056 1183 3126 μόνον,
1215 3054 1352 3108 ἀλλὰ
1404 3053 1498 3107 καὶ
1531 3051 1641 3106 τῶν
1682 3053 2027 3124 μεγιστάνων

454 3152 549 3204 καὶ
577 3147 637 3213 ἐξ
670 3148 918 3218 αἱμάτων
964 3147 1134 3201 ὄντων
1174 3145 1495 3229 βασιλικῶν.
1545 3145 1884 3217 Ἠττημένος
1931 3138 2045 3198 οὗν-

2093 669 2455 733 Botaniatem,
2484 670 2649 739 idque
2674 685 2770 739 per
2790 669 3186 740 septemdecim
3216 669 3674 723 annosobtinuit.

2096 759 2350 831 Seipsum
2393 761 2702 816 diademate
2766 762 2908 832 cingi
2957 762 3190 824 curavit,
3228 761 3434 815 lsaacio
3483 775 3680 814 secun-

2097 850 2229 905 dum
2280 850 2350 906 ab
2402 866 2461 906 se
2525 852 2705 906 locum
2770 851 3054 920 dignitatis
3108 851 3439 914 attribuens,
3502 850 3677 904 indito

2096 940 2276 997 eidem
2335 957 2476 997 novo
2545 959 2775 1017 prorsus
2841 943 3106 998 nomine:
3170 942 3678 997 Sebastocratoretn

2098 1050 2335 1105 namque
2362 1038 2599 1102 vocavit,
2629 1037 2789 1107 quasi
2815 1036 2966 1091 dicas
3004 1036 3230 1105 Augusti
3263 1035 3680 1104 imperatorem,

2031 1171 2038 1177 .
2100 1127 2325 1184 inventa
2360 1129 2643 1199 dignitate,
2679 1144 2799 1199 qute
2838 1130 3008 1199 major
3045 1137 3193 1183 esset
3219 1143 3381 1197 quam
3429 1128 3685 1185 thsaris.

2099 1217 2258 1287 Apud
2288 1218 2388 1273 hos
2411 1219 2550 1273 duos
2580 1220 2873 1288 imperium
2903 1225 3039 1283 erat,
3076 1218 3167 1287 qui
3200 1227 3426 1271 matrem
3465 1219 3520 1283 in
3567 1219 3686 1286 ejus

2101 1309 2420 1362 societatem
2464 1308 2824 1363 admiserant.
2879 1308 3125 1363 Habebat
3162 1319 3347 1362 autem
3392 1307 3687 1375 imperatur
3733 1313 3735 1316 ‘

2104 1397 2242 1453 alios
2287 1413 2509 1467 quoque
2552 1398 2691 1453 duos
2735 1413 3027 1468 germanos
3068 1398 3285 1463 fratres,
3317 1412 3376 1452 se
3413 1397 3682 1468 juniorcs.

2104 1488 2181 1543 Ex
2218 1489 2284 1543 iis
2311 1504 2501 1555 unum,
2545 1490 2801 1545 videlicet
2848 1490 3179 1556 Adrianum,
3242 1488 3691 1544 Protosebastutn

2106 1579 2126 1651 (
2154 1579 2258 1633 hoc
2288 1579 2691 1650 estAugustum
2730 1580 3032 1650 principem
3058 1581 3074 1647 )
3097 1579 3411 1648 appellavit,
3436 1580 3691 1640 alterum,

2105 1671 2201 1740 qui
2235 1670 2580 1741 Nicephorus
2625 1680 2765 1736 erat,
2799 1671 3104 1741 Augustum
3163 1670 3489 1750 classisque.
3514 1670 3691 1723 Drau-

2107 1764 2338 1833 garium.
2372 1765 2640 1819 Praeterea
2706 1780 2956 1820 sororum
3024 1764 3266 1828 maritos,
3318 1763 3508 1818 attines
3540 1770 3721 1823 suos.‘

2108 1843 2479 1926 Nicephorum
2516 1857 2868 1914 Mclissenum
2890 1866 2944 1913 et
2987 1858 3315 1913 Michaelum
3373 1857 3691 1918 Taronitcn,

2118 1948 2288 2003 certis
2313 1950 2623 2005 honoribus
2660 1960 2826 2019 atque
2862 1950 3036 2006 titulis
3055 1950 3294 2005 ornavit.
3330 1949 3466 2005 Cum
3493 1963 3695 2002 secun-

2113 2040 2244 2096 dum
2293 2041 2410 2097 lucc
2469 2040 2770 2109 imperatur
2822 2044 3073 2112 pecuniis
3131 2051 3338 2113 egeret,
3371 2041 3701 2096 donationes

2113 2148 2323 2189 annuas
2350 2142 2406 2188 et
2428 2150 2655 2191 munera
2688 2134 2806 2191 dari
2831 2145 3093 2192 consueta
3118 2136 3526 2207 magistratibus
3556 2150 3700 2203 prm—

2114 2226 2249 2281 cidit
2278 2240 2343 2281 ac
2383 2227 2490 2281 sibi
2539 2227 2790 2293 retinuit,
2838 2228 3187 2282 amatoribus
3236 2227 3403 2282 etiam
3454 2226 3701 2295 locuple-

2117 2318 2358 2373 tioribu-s
2390 2333 2523 2388 opes
2565 2319 2797 2389 eripuit.
2828 2319 2982 2374 llanc
3028 2319 3563 2374 administrationem
3621 2320 3701 2372 rei

2116 2410 2355 2482 publicae
2386 2426 2510 2466 cum
2564 2412 2946 2467 sanctissimus
2979 2412 3071 2466 ille
3113 2411 3426 2480 patriarcha
3473 2409 3700 2465 Cosmas

2120 2503 2358 2573 probare
2402 2519 2511 2558 non
2551 2512 2758 2573 posset,
2806 2519 2913 2559 nec
2958 2503 3426 2569 emendationem,
3474 2504 3541 2556 de
3591 2519 3700 2572 qua

2120 2593 2525 2664 desperaverat.
2563 2596 2725 2649 ullam
2760 2604 3103 2663 exspectaret
3145 2595 3417 2664 amplius:
3467 2613 3484 2644 ι
3526 2594 3701 2655 'l‘ollc,

2123 2683 2304 2754 inquit
2333 2685 2588 2739 ministro
2644 2700 2767 2751 suo,
2798 2685 3003 2738 librum
3060 2686 3208 2741 hunc
3256 2686 3616 2751 Psalmorum,
3651 2697 3717 2739 et-

2125 2790 2212 2829 me
2265 2790 2519 2845 sequere.
2581 2794 2600 2828 ι
2645 2774 2741 2831 llis
2804 2775 2989 2841 dictis,
3026 2791 3093 2831 ex
3145 2776 3376 2832 ecclesia
3428 2777 3706 2849 discessit.

2125 2863 2258 2933 Ejus
2283 2864 2337 2918 iu
2368 2865 2549 2919 locum
2584 2864 2848 2919 suﬂ‘ectus
2887 2875 2971 2920 est
2998 2865 3310 2921 Eustratius
3344 2868 3536 2935 spatio,
3575 2867 3707 2920 sim—

2125 2957 2257 3026 plici
2290 2955 2373 3010 vir
2404 2957 2648 3028 ingenio,
2676 2968 2733 3011 et
2760 2956 2959 3027 dignus
2985 2957 3037 3011 in
3079 2957 3280 3027 angulo
3317 2958 3412 3027 qui
3457 2958 3699 3026 degeret.

2127 3047 2329 3103 Verum
2347 3055 2402 3102 et
2420 3048 2509 3102 ille
2526 3056 2651 3116 post
2666 3047 2959 3102 triennium
2975 3047 3710 3118 administratipontiﬁcatus

2129 3147 2324 3193 contra
2352 3139 2689 3194 voluntatem
2718 3154 2874 3193 suam
2905 3154 2971 3193 eo
2996 3130 3219 3209 propter
3252 3141 3489 3211 ignotam
3513 3156 3708 3210 quam-

456 3241 787 3345 ὑποστρέφει
831 3242 858 3294 ό
901 3240 1178 3309 βασιλεύς.
1227 3240 1540 3311 Γαυριῶσιν
1585 3239 1682 3291 ἐπὶ
1733 3238 1947 3301 τούτοις
1978 3239 2028 3291 οἱ

2132 3229 2499 3286 dameausam
2525 3230 2870 3296 deturbatur,
2894 3240 3084 3284 evecto
3118 3230 3359 3284 vicissim
3384 3231 3450 3283 ad
3474 3231 3708 3299 patriar-

2140 3321 2276 3345 -I-:-!
2330 3322 2449 3345 -..123
2493 3321 2883 3345 ---1.ιξκςειλι-...
2925 3320 3081 3345 nan
3122 3321 3342 3345 Μὲηιιι..-
3378 3321 3674 3345 l‘--..-...-n'.

463 3320 880 3407 de6a‘50tftwi
901 3334 1008 3400 τῷν
1027 3332 1376 3403 πυλωμάτων
1400 3332 1747 3402 κατέχοντες.
1768 3329 2031 3400 Ἐκστρα-

2137 3321 2280 3376 chiei
2329 3322 2450 3378 solii
2491 3321 2885 3377 sublimitatem
2922 3320 3081 3391 333
3121 3321 3346 3375 Nicolao
3378 3321 3712 3376 Grammati-

462 3427 608 3480 τεύει
655 3428 750 3482 καὶ
800 3422 957 3491 αὖθις
1000 3426 1277 3496 βασιλεὺς,
1310 3426 1407 3480 καὶ
1452 3426 1545 3479 τὸν
1587 3423 1896 3494 Ἀνδριανὸν
1934 3423 2035 3494 τὴν

464 3520 748 3591 βασιλικὴν
797 3520 1080 3590 ἀμφιάσας
1126 3519 1334 3589 ἐσθῆτα
1366 3519 1460 3573 καὶ
1511 3518 1719 3587 στήσας
1767 3516 2049 3595 ἀπέναντι

460 3613 554 3666 τοῦ
636 3613 977 3684 Ῥομπέρτου
1037 3600 1380 3684 παρήγγειλε
1451 3610 1596 3665 νῶτα
1659 3607 1879 3675 δοῦναι,
1919 3608 2037 3677 εἴγε

460 3703 645 3770 διώξει
699 3706 728 3757 6
802 3703 1102 3774 βάρϐαρος.
1171 3697 1228 3755 '0
1290 3699 1348 3754 δὲ
1407 3698 1662 3770 βασιλεὺς
1711 3690 1804 3752 διὰ
1856 3696 2039 3750 τόπων

463 3798 748 3852 δυσϐάτων
797 3796 1111 3861 κυκλώσας,
1155 3794 1251 3848 καὶ
1299 3793 1400 3864 τὴν
1454 3789 1820 3863 παρεμϐολὴν
1861 3789 2051 3843 αὐτῶν.

467 3887 796 3943 καταλαϐὼν
817 3888 923 3941 ὑπὸ
960 3892 1121 3959 χεῖρα
1151 3887 1329 3941 πάντα
1357 3888 1617 3940 ποιεῖται.
1644 3883 1815 3937 Τοῦτο
1854 3881 2042 3952 μαθὼν

467 3985 496 4036 6
546 3980 822 4052 βάρϐαρος
878 3980 1110 4050 ἀόρατος
1131 3979 1365 4048 γίνεται.
1407 3978 1575 4046 Καὶή
1640 3976 1741 4044 μὲν
1795 3974 2042 4037 ἐπίθεσις

469 4073 636 4128 αὐτοῦ
664 4074 855 4128 ’πέπαυ
867 4089 971 4137 ται,
998 4072 1046 4125 οἱ
1076 4071 1133 4125 δὲ
1162 4070 1401 4140 Τοῢρκοι
1435 4068 1532 4122 καὶ
1561 4064 1722 4131 αὖθις
1760 4066 1873 4119 τῶν
1913 4065 2047 4119 Ῥω-

473 4167 650 4237 μαίων
701 4165 1052 4237 κατέτρεχον.
1101 4163 1263 4217 Ἀλλά
1330 4162 1425 4216 καλ⁴
1461 4160 1705 4227 Τοῦρκός
1758 4175 1844 4222 τις
1892 4158 2049 4227 λεγό-

477 4278 642 4333 μενος
663 4257 986 4324 Τζακατζᾶς
1009 4257 1108 4320 τὰς
1140 4256 1340 4326 νήσους
1366 4254 1523 4322 Χίον,
1554 4254 1736 4322 Σάμον
1764 4251 2050 4306 καὶῬόδον

475 4354 730 4425 κατέσχε.
758 4351 892 4406 Τότε
925 4351 1012 4420 δὴ,
1039 4350 1160 4404 τότε
1194 4347 1290 4403 καὶ
1319 4347 1542 4417 Κύπρος
1575 4345 1672 4398 σὺν
1694 4344 1831 4415 αὐτῇ
1856 4346 2051 4415 Κρήτῃ

476 4442 814 4499 ἀποστασίαν
865 4440 965 4512 μὲν
1020 4441 1307 4511 ἐνόσησαν,
1340 4437 1429 4491 διὰ
1472 4436 1671 4507 τάχους
1713 4436 1770 4488 δὲ
1802 4437 1868 4506 τῇ
1900 4428 2052 4506 βασιὲ

477 4537 708 4607 λευούση
763 4532 1237 4599 ύπανασώζονται,
1276 4533 1333 4584 ὲν
1400 4528 1498 4599 μὲν
1549 4531 1616 4597 τῇ
1688 4527 1901 4597 Κύπρῳ
1954 4526 2047 4578 τοῦ

2135 3426 2224 3467 co.
2263 3411 2578 3467 Secundum
2613 3413 2730 3467 hzee
2748 3412 3073 3467 nuntius-ad
3102 3411 3486 3481 imperatorem
3514 3414 3714 3469 allatus

2134 3512 2241 3569 est,
2274 3518 2385 3573 quo
2412 3502 2824 3574 signiﬁcabatur
2850 3505 3156 3573 llupertum
3186 3507 3456 3561 Francum
3491 3508 3718 3578 trajectu

2141 3593 2279 3648 mari
2314 3593 2684 3663 Epidamnum
2721 3594 2960 3649 venisse.
2995 3594 3342 3664 Quapmpter
3385 3596 3534 3651 illico
3587 3611 3719 3650 suas

2139 3684 2325 3753 copias
2357 3684 2561 3749 educit,
2596 3684 3106 3754 Dyrrhachiumque
3167 3686 3447 3754 profectus
3494 3702 3744 3741 manum.

2142 3789 2269 3829 cum
2296 3773 2559 3829 hostibus.
2579 3775 2882 3829 conseruit.
2914 3776 3104 3830 Victus
3156 3785 3337 3831 autem
3374 3778 3569 3846 prmlio
3594 3777 3739 3847 fuga.

2143 3865 2249 3921 sibi
2309 3864 2589 3919 consuluit
2657 3864 2945 3935 inglorius,
2979 3865 3167 3921 multis
3204 3882 3430 3921 suorum
3482 3869 3720 3933 amissis,
3815 3854 3826 3866 ’

2144 3972 2256 4011 non
2293 3955 2540 4027 vulgaris
2572 3956 2736 4010 modo
2762 3958 2929 4012 sortis
2980 3956 3322 4023 hominibus,
3360 3958 3735 4014 verumctiam.

2147 4048 2493 4118 magnatibus
2546 4057 2604 4109 et
2664 4049 3023 4120 imperatorio
3079 4052 3345 4122 Sanguine
3398 4053 3721 4122 procreatis.

2149 4142 2264 4197 lloc
2294 4143 2456 4197 modo
2491 4142 2671 4198 victus
2706 4142 3004 4212 imperator
3028 4143 3097 4198 ad
3144 4144 3336 4199 urbem
3397 4146 3722 4203 revertitur.

2151 4234 2371 4290 Interea
2394 4220 2622 4290 Barbari
2645 4235 2929 4306 prosperis
2958 4235 3192 4291 fortunae
3219 4238 3569 4292 successibus
3594 4238 3748 4293 elati.

2150 4326 2440 4397 superbire
2460 4342 2524 4381 ac
2546 4326 2807 4397 oppidula
2832 4328 3082 4398 quaedam
3102 4342 3409 4397 occupare.
3427 4326 3728 4397 Imperator

2150 4418 2394 4473 vicissim
2431 4417 2648 4472 eductis
2680 4416 2866 4471 denuo
2900 4416 3075 4487 copiis
3099 4417 3397 4471 Adrianum
3427 4417 3728 4486 imperato-

2155 4511 2237 4565 rio
2271 4510 2484 4578 habitu,
2520 4525 2742 4576 ornare,
2783 4518 3088 4578 contraque
3128 4507 3433 4576 Rupertum
3462 4507 3730 4563 collocato

480 4600 761 4700 Καρύκδυ,
788 4627 846 4681 έν
898 4625 956 4680 δὲ
1011 4627 1077 4697 τῇ
1128 4624 1321 4695 Κρήτῃ
1366 4621 1459 4675 τοῦ
1502 4619 1853 4690 Ῥαψαμάτου
1887 4619 2023 4674 ἀντά

2154 4601 2458 4672 prazcipere
2491 4611 2549 4656 ut
2580 4601 2623 4657 si
2656 4601 2928 4656 barbarus
2960 4601 3015 4654 in
3052 4601 3231 4671 ipsum
3263 4601 3526 4669 impetum
3579 4600 3731 4655 face-

483 4741 693 4794 ραντος.
738 4721 1018 4777 Ἐντεῦθεν
1052 4723 1080 4775 ό
1109 4719 1364 4791 βασιλεὺς
1396 4717 1771 4787 ἀναλωμάτων
1799 4715 2054 4786 δεόμενος

479 4817 716 4884 τρόπους
746 4815 1039 4876 ἀπαισίους
1075 4812 1340 4882 συλλογῆς
1368 4809 1672 4882 χρημάτων
1697 4804 2050 4878 ὲφεύρισκεν.

494 4905 779 4960 Ἐντεῦθεν
810 4903 1131 4974 ἁπογραφαὶ
1161 4902 1273 4957 τῶν
1307 4901 1622 4971 ἁπανταχοῦ
1655 4901 1923 4969 κτήσεων,
1957 4897 2056 4951 καὶ

481 5001 550 5055 τὰ
589 4997 752 5052 καινὰ
788 4996 896 5055 τῶν
938 4995 1227 5064 ὀνομάτων
1258 4991 1629 5061 ἐπινενόηται,
1660 4990 1730 5043 τὰ
1776 4989 2057 5060 ύπέρτιμα

481 5092 680 5164 δηλαδὴ
705 5090 798 5145 καὶ
823 5090 890 5143 τὰ
924 5083 1229 5158 ὑπέρπλεα,
1259 5087 1353 5140 καὶ
1378 5084 1528 5139 ἄλλοι
1555 5083 1749 5153 τρόποι
1775 5077 2055 5149 ἐπηρειῶν

485 5185 625 5240 κατὰ
664 5184 774 5238 τῶν
823 5180 1084 5249 ὑπηκόων
1129 5177 1515 5247 ὲπεισήγοντο.
1552 5174 1748 5242 Γέγονε
1799 5171 1856 5224 δὲ
1910 5187 2059 5240 τηνι-

485 5278 664 5332 καῦτα
719 5276 814 5329 καὶ
859 5274 1049 5334 κλόνος
1079 5271 1176 5338 τῆς
1203 5269 1305 5337 γῆς
1343 5270 1401 5335 ἐξ
1435 5268 1649 5338 ἡμέρας
1703 5265 1762 5316 ἐν
1806 5262 1944 5331 αὐτῇ
1991 5262 2057 5330 τῇ

492 5370 686 5440 μνήμῃ
722 5364 819 5419 τοῦ
869 5363 1030 5430 ἁγίου
1067 5359 1361 5423 Νικολάου,
1409 5357 1501 5424 ὑφ’
1535 5349 1596 5407 οὗ
1642 5352 1837 5407 πολλαὶ
1893 5349 2060 5404 οἰκίαι

489 5461 581 5514 καὶ
609 5458 764 5513 στοαὶ
794 5457 889 5510 καὶ
920 5453 1041 5509 ναοὶ
1071 5451 1394 5515 κατέπεσον,
1425 5446 1500 5511 ὡς
1534 5443 1785 5524 ἐντεῦθεν
1808 5443 1902 5494 καὶ
1942 5440 2064 5493 πολ-

488 5551 618 5613 λοὺς
671 5548 1056 5618 συγχωσθῆναι
1104 5543 1200 5596 καὶ
1253 5540 1568 5595 ἀποθανεῖν.
1609 5534 1929 5604 Τηνικαῦτα
1971 5535 2065 5585 καὶ

493 5640 851 5707 Πατζινακῶν
887 5638 1092 5708 πλῆθος
1122 5633 1258 5688 πολὺ
1306 5633 1409 5701 τὴν
1453 5627 1701 5700 Θρᾳκίαν
1736 5625 1830 5679 καὶ
1878 5625 2077 5679 Μακε-’

493 5736 672 5790 δονίαν
716 5733 949 5803 ὲλήῖζεν.
1022 5725 1411 5797 Ἐκστρατεύει
1458 5720 1580 5775 κατ’
1638 5717 1822 5773 αὐτῶν
1851 5718 1880 5771 6
1911 5717 2067 5787 βασι-

496 5825 643 5890 λεὺς,
682 5824 777 5876 καὶ
807 5824 997 5893 πρῶτα
1047 5821 1146 5890 μὲν
1187 5816 1456 5887 ἡττῶνται
1490 5811 1540 5865 οἱ
1577 5809 1931 5881 στρατιῶται,
1969 5804 2066 5859 εἷθ’

500 5913 671 5986 οὕτως
704 5914 905 5985 ἡττῶσι
942 5911 1081 5968 κατὰ
1132 5909 1331 5980 κράτος
1366 5904 1565 5967 αὐτοὺς
1618 5903 1711 5957 ἆτε
1735 5903 1800 5972 τῇ
1835 5899 1951 5971 θείᾳ
1978 5898 2070 5952 δν-

2157 4704 2261 4761 ret,
2298 4702 2446 4764 terga
2476 4693 2633 4749 daret
2658 4710 2672 4747 :
2702 4693 2924 4747 interim
2958 4694 3075 4761 ipse
3128 4707 3226 4761 per
3257 4692 3405 4746 invia
3440 4692 3554 4746 loca
3589 4691 3749 4747 facto.

2157 4785 2358 4840 itinere
2420 4785 2634 4839 hostem
2692 4799 2721 4838 a
2768 4792 2920 4854 tergo
2978 4782 3492 4839 circumdare..llae
3541 4781 3734 4839 fraude

2157 4877 2575 4931 circumventus
2609 4875 2961 4930 adversarius
2986 4873 3039 4929 in
3070 4873 3138 4928 iis
3165 4873 3427 4943 deinceps
3453 4873 3612 4940 locis,
3641 4890 3734 4930 co-

2157 4979 2289 5025 natu
2314 4985 2412 5024 suo
2445 4969 2637 5032 fracto,
2673 4969 2913 5037 conspici
2942 4967 3124 5023 desiit.
3152 4966 3489 5036 Compresso
3517 4966 3732 5023 France

2162 5060 2326 5116 Turci
2364 5076 2581 5116 rursum
2614 5059 2750 5113 lines
2783 5059 3064 5113 Romanos
3101 5058 3424 5114 invaserunt
3452 5074 3467 5125 ;
3500 5076 3734 5130 quorum

2160 5169 2192 5208 e
2247 5154 2472 5208 natione
2526 5152 2775 5222 quidam,
2834 5152 2925 5206 cui
2980 5151 3266 5206 Zachalza:
3331 5166 3535 5205 nomen
3568 5161 3738 5219 perat,

2161 5244 2383 5310 Chium,
2405 5226 2629 5300 Samum
2659 5251 2716 5298 et
2740 5241 2994 5297 Rhodum
3018 5241 3224 5296 insulas
3247 5241 3557 5310 occupavit.
3587 5240 3740 5294 Tunc

2164 5348 2221 5393 et
2260 5337 2473 5409 Cyprus
2521 5345 2690 5406 atque
2735 5335 2919 5399 Creta,
2971 5333 3300 5389 defectionis
3364 5330 3471 5389 illae
3517 5332 3739 5401 quidem

2164 5430 2363 5486 morbo
2399 5429 2641 5495 infectae,
2686 5428 2755 5483 ab
2805 5428 3139 5498 imperatore
3172 5427 3480 5481 desciscere
3530 5424 3741 5492 cogita-

2166 5521 2345 5576 bant:
2380 5535 2571 5576 verum
2620 5526 2911 5574 anteverso
2963 5517 3217 5572 celeriter
3243 5517 3480 5587 ipsarum
3537 5521 3741 5568 conatu

2168 5617 2401 5686 imperio
2458 5621 2797 5683 recuperata:
2867 5619 3313 5679 conservatthue
3386 5608 3629 5661 fuerunt.
3683 5606 3741 5658 In

2169 5707 2350 5780 Cypro
2398 5708 2652 5778 Caryccs,
2708 5709 2763 5760 in
2797 5704 2958 5761 Creta
3000 5706 3360 5772 Rapsomates
3423 5698 3743 5766 Imperatori

2173 5819 2230 5858 se
2252 5816 2582 5872 opposuere.
2618 5800 2754 5855 Cum
2782 5807 2963 5854 autem
2992 5797 3082 5871 ille
3120 5795 3272 5847 bellis
3302 5791 3605 5847 exhaustus
3638 5792 3744 5845 im-
3772 5780 3778 5787 ”

2174 5910 2467 5966 pensurum
2501 5900 2706 5963 egeret,
2735 5888 3001 5961 pecunia;
3036 5881 3353 5956 colligenda:
3407 5880 3652 5936 rationes
3679 5879 3744 5934 ab
