4070 6418
462 436 568 502 6L1

1628 464 1631 469 -
1698 439 2105 501 ANNALIUM
2146 439 2339 500 PARS
2371 438 2451 501 IV

3604 432 3713 494 €22

447 546 553 604 ’ἐπὶ
589 552 657 623 τῇ
708 551 901 626 πρώτῃ
945 550 1176 621 θυγατρι
1219 553 1312 606 καὶ
1353 552 1432 621 τῷ
1474 549 1760 620 ὲπ“αὐτῆς
1804 553 2022 622 κηδεστῇ

2146 568 2267 608 rum
2296 546 2345 608 ei
2379 550 2775 622 pernnttebat‘,
2811 552 3112 620 prazsertim
3162 563 3285 603 cum
3320 548 3429 617 jam
3474 544 3707 614 pedibus

461 642 739 714 Βρυεννίῳ
774 645 1064 712 ἐκέκτητο.
1104 644 1287 715 Ταύτῃ
1324 662 1406 699 τοι
1442 643 1532 697 καὶ
1565 644 1626 697 τὸ
1664 644 2030 712 συγκλητικὸν

458 734 607 788 ἅπαν
637 736 731 790 καὶ
761 736 822 789 τδ
854 736 930 808 μὴ
958 736 1201 790 τοιοῦτον
1232 736 1552 806 ἐπιτηδείως
1583 738 1611 788 6
1644 735 1897 807 Ἰωάννης
1932 755 2029 808 με-

457 829 521 896 ef;
531 844 709 897 ρχετο.

2139 660 2279 713 ωερε
2315 643 2367 698 in
2426 644 2566 698 lecto
2602 644 2978 697 dccumbcret.
3020 641 3147 694 Erat
3171 649 3351 693 autem
3385 637 3706 705 impcratrix

2140 735 2325 788 animo
2349 749 2475 804 erga
2507 734 2770 789 Joannem
2818 733 2985 786 lilium
3034 742 3088 785 et
3133 732 3518 799 imperatorem
3563 726 3706 780 desi-

2139 836 2362 897 gnatum
2396 826 2645 879 nonnihil
2681 825 2881 889 alieno,
2910 833 2965 878 et
3009 839 3227 878 onmem
3266 820 3709 875 benevolentiam

458 920 514 974 in
542 920 707 975 ﬁliam
741 931 871 976 natu
905 923 1163 994 majorem
1195 926 1424 995 ejusque
1456 925 1737 991 maritum,
1803 939 2064 995 generum
2109 938 2270 978 suum
2346 919 2699 991 Bryennium,
2752 918 3124 975 transtulerat.
3177 913 3328 971 llané
3368 916 3439 971 ob
3486 928 3704 970 causam

457 1010 699 1070 Joannes
744 1024 997 1071 senatum
1041 1018 1349 1073 etordines
1380 1026 1608 1074 caeteros
1660 1017 1908 1073 studiose
1953 1016 2189 1073 colebat.

530 1182 625 1248 Εἷς
665 1185 852 1254 μέντοι
887 1188 996 1240 τῶν
1031 1188 1168 1259 πρὸς
1208 1188 1350 1260 ἑῴαν
1382 1188 1689 1244 διαϐάντων
1722 1188 1971 1245 Λατίνων
2003 1189 2031 1241 6

458 1275 789 1345 Βαιμοῦνδος
825 1276 1099 1347 συνθήκας
1137 1281 1279 1348 μετά
1307 1278 1405 1333 τοῦ
1437 1279 1767 1351 κρατοῦντος
1800 1280 2032 1348 ποιήσας

460 1369 631 1438 μυρία
659 1388 720 1424 τε
752 1373 1009 1442 χρήματα
1039 1373 1223 1427 λαϐὼν
1242 1413 1259 1437 ,
1290 1374 1386 1428 καὶ
1415 1376 1481 1444 τῇ
1518 1372 1822 1442 Ἀντιοχείᾳ
1854 1384 2029 1442 προσ-

457 1462 667 1526 ϐαλὼν,
696 1467 761 1533 τῇ
794 1465 1082 1538 πολιορκίᾳ
1109 1484 1169 1520 τε
1196 1466 1403 1535 ταύτην
1432 1464 1570 1518 ἐλὼν
1601 1464 1711 1518 τῶν
1742 1462 2029 1532 συνθηκῶν

457 1552 912 1618 ἐπιλανθάνεται,
946 1558 1043 1609 καὶ
1083 1559 1252 1628 χεῖρα·
1288 1555 1493 1627 μᾶλλον
1527 1555 1676 1625 αἴρει
1714 1553 1855 1609 κατά
1891 1554 2027 1606 Ῥω-

461 1647 658 1715 μαῖων.
686 1648 914 1701 Μέλλων
937 1649 995 1701 δὲ
1022 1648 1160 1718 πρὸς
1186 1650 1428 1721 ἑσπέραν
1454 1649 1711 1720 ἔρχεσθαι
1737 1647 1832 1701 καὶ
1862 1646 2030 1718 μήπω

457 1738 769 1810 καταοχεθῇ
800 1740 1087 1808 «mean,
1117 1741 1348 1795 θάνατον
1378 1742 1575 1797 ἑαυτοῦ
1606 1738 2023 1810 καταψεύδεται,

456 1829 561 1881 κᾶν
594 1829 821 1901 ὕστερον
856 1832 1144 1887 σπένδεται
1179 1833 1256 1904 τῷ
1300 1833 1529 1903 βασιλεῖ.
1566 1832 1725 1887 Μετά
1762 1832 1819 1885 δὲ
1852 1830 2026 1886 ταῦτα

456 1921 603 1973 νοσεῖ
649 1924 678 1975 6
724 1925 943 1992 κρατῶν
987 1924 1242 1979 τοσοῦτον
1284 1925 1360 1990 ὡς
1402 1924 1777 1981 ἐκλελοιπέναι
1824 1920 2022 1978 δοκεῖν.

2209 1186 2353 1264 C.c_te
2365 1203 2484 1241 rum
2507 1204 2649 1243 unus
2680 1204 2745 1243 ex
2778 1187 2843 1243 iis
2866 1187 3073 1242 Latinis
3096 1189 3188 1257 qui
3219 1200 3411 1240 versus
3434 1186 3707 1239 orientem

2133 1279 2364 1349 profecti
2407 1278 2645 1343 fuerant,
2679 1281 2768 1335 cui
2804 1279 3093 1335 Baimundi
3146 1292 3347 1331 nomen
3386 1285 3553 1341 esset,
3582 1276 3705 1329 .ieto

2133 1382 2260 1426 cum
2310 1371 2639 1440 imperatore
2686 1370 2893 1426 foedere
2924 1371 3287 1438 maximisque
3325 1367 3577 1438 pecuniis
3615 1383 3706 1420 ae—

2132 1464 2308 1534 ceptis
2340 1463 2686 1519 Antiochiam
2721 1465 2940 1520 nomine
2969 1462 3316 1533 imperatoris
3344 1461 3570 1515 adortus
3591 1468 3701 1520 est;

2132 1568 2296 1623 quam
2330 1554 2423 1609 ubi
2457 1570 2554 1624 per
2585 1556 2691 1610 vim
2736 1563 3100 1626 expugnatam
3145 1555 3404 1622 cepisset,
3443 1552 3702 1605 initorum

2133 1646 2403 1703 foederum
2443 1649 2650 1705 oblitus
2701 1650 2979 1704 Romanos
3004 1651 3152 1712 ipsos
3179 1647 3437 1703 invadere
3464 1661 3572 1700 non
3608 1643 3705 1697 du-

2132 1739 2352 1795 bitavit.
2402 1736 2610 1798 Deinde
2656 1757 2850 1798 versus
2894 1742 3240 1797 occidentem
3293 1739 3538 1793 facturus
3575 1735 3703 1798 iter,

2131 1824 2278 1902 quod
2312 1842 2604 1889 vereretur
2649 1850 2715 1889 ne
2748 1833 2950 1889 alicubi
2982 1848 3013 1888 a
3039 1831 3301 1887 Romanis
3347 1828 3706 1896 intercipere-

2131 1930 2246 1984 tur,
2282 1923 2420 1980 falso
2447 1925 2515 1981 de
2549 1935 2725 1981 morte
2750 1940 2846 1981 sua
2890 1940 3110 1979 rumore
3143 1922 3334 1988 didito,
3370 1920 3514 1990 quod
3553 1920 3705 1973 volo-

457 2010 894 2083 Προσκομεζεται
938 2017 1087 2086 αὐτῷ
1129 2017 1189 2071 τὶ
1230 2017 1326 2071 τοῦ
1368 2018 1620 2087 Σωτῆρος
1661 2014 1823 2088 ἡμῶν
1867 2015 2022 2070 ἐκτύ-

2129 2009 2224 2067 bat
2250 2012 2582 2081 assequitur.
2604 2013 2711 2068 Sed
2741 2024 2926 2068 tamen
2957 2012 3155 2092 deinde
3178 2027 3370 2066 rursus
3392 2011 3447 2065 in
3472 2009 3714 2080 gratiam.

456 2121 629 2173 πωμα
661 2106 757 2159 τοῦ
799 2107 941 2160 κατὰ
977 2107 1074 2178 τὴν
1107 2108 1332 2178 Χαλκῆν
1366 2108 1814 2178 ἀνεστηλωμένου
1835 2146 1851 2172 ,
1885 2107 2024 2176 ὅπερ

452 2188 522 2262 ἦν
565 2194 623 2245 ὲν
665 2194 860 2265 πέπλῳ
902 2197 1009 2248 τιν)⁵
1051 2197 1159 2267 πρὸ
1200 2198 1298 2268 τῆς
1343 2198 1551 2261 εἰκόνος
1596 2196 2021 2270 ἀπῃωρημένον.

464 2284 839 2354 ’Υφαπλοῦται
882 2291 947 2359 τῇ
992 2288 1177 2361 κλίνῃ,
1222 2291 1316 2343 καὶ
1359 2293 1389 2345 δ
1431 2291 1655 2361 κάμνων
1695 2290 2021 2361 ἀνέρῤωται.

467 2377 591 2430 Ἐπὶ
628 2375 801 2448 τούτῳ
843 2379 1007 2448 φόϐος
1036 2381 1276 2436 ύποσείει
1311 2382 1372 2435 ού
1406 2382 1567 2450 μόνον
1601 2380 1661 2436 τὸ
1702 2380 2018 2451 δημοτικὸν,

453 2466 591 2520 ἀλλὰ
633 2468 727 2521 καὶ
765 2469 963 2533 αὐτοὺς
996 2472 1122 2534 τοὺς
1162 2471 1219 2524 ὲν
1251 2471 1395 2524 τέλει
1422 2487 1436 2501 ο
1473 2471 1633 2543 φήμη
1676 2471 1783 2542 γὰρ
1823 2470 2021 2534 αὐτοὺς

453 2557 786 2627 κατεκράτει
813 2557 887 2620 ὼς
916 2560 944 2611 6
976 2562 1191 2629 κρατῶν
1217 2561 1339 2614 κατ’
1363 2562 1540 2615 ἐκεῖνο
1563 2565 1623 2614 τό
1653 2563 1797 2631 μέγα
1823 2560 2023 2631 τεθνή-

454 2646 607 2711 ξεται
652 2650 952 2707 Σάϐϐατον.
991 2652 1192 2724 ’Δλϊή
1236 2652 1464 2723 τοιαύτη
1506 2656 1665 2723 φήμη
1710 2655 1805 2706 καὶ
1848 2653 2021 2724 αὐτὴν

452 2744 554 2810 τὴν
580 2742 675 2795 τοῦ
706 2742 973 2813 βασιλέως
1005 2749 1286 2799 κατέσεισε
1314 2744 1515 2816 ψυχήν.
1542 2742 1759 2816 Ψευδὴς
1787 2745 1845 2799 δὲ
1871 2747 2023 2814 ὅμως

451 2833 733 2903 ὴλέγχετο.
769 2835 827 2889 '0
867 2835 968 2905 μὲν
1004 2831 1097 2891 οὖν
1134 2836 1391 2907 βασιλεὺς
1430 2838 1619 2892 ἔκτοτε
1661 2839 1790 2908 περὶ
1828 2837 2022 2893 Φιλιπ-

455 2927 657 2980 πούπολ
671 2945 718 2981 ιν
748 2929 1016 2999 διέτριϐεν
1047 2928 1147 3000 ξαρ
1175 2931 1295 2984 ὅλον
1326 2932 1419 2984 καὶ
1450 2930 1629 3000 θέρος.
1659 2931 1732 2985 Τὸ
1758 2931 1816 2985 δὲ
1848 2932 2029 2987 all-nov.

451 3019 487 3088 ἡ
521 3022 656 3088 μετά
683 3020 788 3073 τῶν
815 3021 1131 3092 Μανιχαϋον
1158 3021 1413 3086 διάλεξις,
1441 3021 1533 3085 οὓς
1559 3022 1954 3086 Παυλικιάνους
1985 3026 2018 3095 ἡ

452 3111 707 3182 δημώδης
740 3112 997 3181 ὀνομάζει
1030 3113 1203 3185 φωνή.
1236 3114 1375 3167 Πολὺ
1407 3113 1464 3166 δὲ
1494 3115 1556 3167 τὸ
1588 3117 1745 3183 γένος
1773 3115 1932 3169 τοῦτο
1963 3117 2021 3168 ἐν

453 3205 519 3272 τῇ
554 3204 706 3274 χώρᾳ
735 3204 910 3278 ταύτῃ
945 3205 1314 3277 κατῴκισται,
1346 3206 1436 3262 τοῦ
1474 3207 1736 3276 βασιλέως
1771 3208 2021 3265 Ἰωάννου

455 3294 549 3348 τοῦ
583 3296 858 3368 Τζιμισχῆ
898 3303 964 3351 ἐκ
995 3299 1094 3368 τῆς
1128 3297 1269 3369 ἑῴας
1305 3302 1716 3369 καταγαγόντος
1751 3302 1882 3356 αὐτὸ
1915 3303 2020 3358 κάν

2127 2116 2250 2155 eum
2287 2093 2831 2173 imperatore‘rediit.
2868 2105 2920 2160 is
2952 2119 3080 2159 vero
3111 2104 3411 2159 secundum
3446 2100 3561 2155 lue
3590 2110 3717 2154 tam,

2123 2194 2277 2263 gravi
2302 2204 2589 2264 correptus
2608 2204 2694 2251 est
2722 2198 2936 2261 morbo,
2963 2207 3025 2252 ιιι
3044 2196 3227 2250 animo
3256 2194 3470 2250 defecto
3492 2192 3703 2247 exstin-

2122 2296 2247 2341 ctus
2275 2302 2393 2342 esse
2428 2287 2723 2345 videretur.
2747 2287 2907 2358 335
2937 2287 3280 2359 Quapmpter
3313 2286 3378 2341 ad
3410 2287 3587 2355 ipsum
3620 2282 3700 2336 al-

2122 2375 2231 2432 lata
2262 2386 2348 2433 est
2375 2378 2581 2451 efﬁgies
2602 2377 3109 2447 Servatorisﬁnostri
3134 2381 3200 2436 ad
3223 2362 3481 2435 Chalcem
3506 2375 3698 2442 erecti,

2122 2485 2246 2539 quae
2297 2471 2352 2526 in
2389 2473 2550 2544 peplo
2585 2472 2824 2544 quodam
2865 2481 2992 2528 ante
3044 2472 3337 2544 imaginem
3373 2471 3547 2542 ipsam
3577 2484 3725 2543 ειη·Δ

2122 2577 2291 2632 pensa
2344 2563 2702 2643 conspicitur.
2744 2564 2869 2621 lltcc
2898 2578 3024 2618 eum
3056 2563 3113 2618 in
3142 2562 3457 2633 aegrotantis
3495 2560 3699 2616 lectum

2118 2670 2362 2724 expansa
2393 2654 2579 2712 fuisset
2605 2695 2621 2721 ,
2663 2657 2811 2711 vires
2837 2657 3064 2712 omnino
3097 2655 3464 2725 recuperavit.
3495 2653 3572 2708 Ea
3609 2667 3699 2707 res

2121 2761 2231 2801 non
2264 2747 2424 2802 modo
2458 2747 2700 2817 plebem,
2746 2748 2839 2803 sed
2880 2750 3025 2817 ipsos
3050 2749 3216 2803 etiam
3247 2761 3504 2816 proceres
3533 2754 3715 2815 atque.

2123 2839 2475 2910 magistratus
2511 2850 2659 2895 metu
2688 2840 2927 2911 quodam
2962 2841 3218 2909 perculit.
3242 2839 3380 2893 Nam
3406 2838 3569 2908 vulgo
3600 2853 3698 2891 ru-

2123 2946 2244 2986 mor
2277 2931 2565 2987 obtinebat
2610 2932 2856 2987 futurum
2888 2943 2947 2989 ut
2974 2932 3271 3001 imperator
3304 2930 3398 2986 illo
3436 2931 3552 2998 ipso
3580 2944 3699 2984 ma-

2123 3039 2231 3093 gno
2256 3023 2500 3080 Sabbato
2535 3033 2746 3080 naturae
2775 3023 3023 3079 debitum
3058 3025 3420 3094 persolveret;
3450 3022 3545 3092 qui
3573 3026 3700 3092 qui-

2122 3116 2248 3170 dem
2293 3116 2358 3171 ad
2389 3117 2778 3191 imperatorpm
2812 3117 3028 3173 delatus
3058 3133 3168 3171 non
3197 3132 3391 3187 parum
3422 3116 3543 3186 ejus
3580 3117 3700 3170 aui-

2121 3222 2272 3263 mrnn
2304 3211 2663 3275 cruciaverat,
2710 3225 3022 3280 quanquam
3071 3219 3306 3264 eventus
3335 3210 3450 3278 ipse
3499 3209 3707 3269 falsum

2121 3300 2291 3356 fuisse
2322 3302 2533 3358 docuit.
2564 3302 2648 3357 Ab
2702 3301 2808 3363 hoc
2846 3301 3040 3357 morbo
3084 3302 3235 3373 juxta
3273 3300 3713 3370 Philippopolim.

455 3387 625 3460 ταύτῃ
673 3391 1154 3458 ὲγκατοικίσαντος
1183 3408 1196 3421 ⁸
1249 3390 1332 3455 οἷς
1378 3391 1443 3464 δὴ
1491 3394 1583 3447 καὶ
1633 3393 2019 3464 διαλεγόμενος

2123 3410 2357 3449 vernum
2387 3395 2751 3479 aestivumque
2785 3404 3002 3464 tempus
3034 3392 3220 3463 exegit
3251 3393 3574 3463 imperator,
3627 3395 3699 3447 ob

454 3480 682 3544 πολλοὺς
713 3484 845 3552 πρὸς
868 3483 968 3554 τὴν
994 3482 1273 3550 όρθόδοξον
1302 3482 1479 3537 πίστιν
1506 3482 1837 3556 μετήνεγκε.
1881 3483 2017 3538 Κατ’

448 3568 623 3622 ἐκεῖνο
651 3570 745 3624 καὶ
771 3570 956 3624 πολλοὶ
988 3572 1275 3640 γεγόνασιν
1308 3573 1655 3644 ὲμπρησμοί.
1686 3572 1841 3626 Κατὰ
1874 3573 1931 3629 δὲ
1961 3573 2021 3624 τὸ

449 3662 552 3734 ἔαρ
590 3664 851 3716 ἔπνευσεν
890 3663 1090 3734 ἄνεμος
1123 3663 1375 3717 τοσοῦτον
1412 3664 1587 3734 βιαῖος
1627 3663 1703 3726 ὡς
1747 3664 1840 3717 καὶ
1886 3662 2020 3716 ἄλλα

453 3755 552 3821 μὲν
584 3752 858 3823 συμϐῆναι
894 3755 1310 3824 συμπτώματα,
1343 3756 1673 3808 καταπεσεῖν
1703 3754 1758 3808 δὲ
1794 3754 1886 3809 καὶ
1919 3756 2018 3825 τὴν

449 3847 509 3898 ἐν
550 3842 629 3915 τῷ
675 3845 817 3899 κατὰ
858 3845 918 3898 τὸ
963 3845 1247 3925 πλακωτδν
1291 3847 1431 3899 κίονι
1476 3845 1771 3916 ἱδρυμένην
1817 3845 2018 3916 στλήην

451 3935 547 3989 καὶ
580 3934 814 3997 πολλοὺς
845 3936 951 3989 τῶν
982 3937 1164 3989 ἐκεῖσε
1198 3937 1616 4008 παρατυχόντων
1645 3940 1859 4003 ἀνελεῖν
1879 3953 1894 3969 ⁶
1926 3939 2021 3991 καὶ

449 4028 657 4100 ὄμϐρον
681 4029 737 4080 δὲ
766 4029 1020 4101 ῥαγδαῖον
1050 4029 1109 4083 ὲν
1135 4030 1201 4100 τῇ
1237 4029 1428 4103 μνήμῃ
1456 4029 1564 4084 τῶν
1589 4031 1761 4098 ἁγίων
1788 4031 2019 4085 ἀποστό-

448 4121 557 4175 λων
592 4118 846 4176 τοσοῦτον
882 4123 1301 4195 καταρραγῆναι
1335 4123 1409 4187 ὡς
1442 4124 1537 4177 καὶ
1568 4124 1744 4189 οἰκίας
1776 4143 2022 4180 καταπε-

453 4215 565 4267 σεῖν
590 4210 911 4284 ἀνθρώπους
934 4230 994 4266 τε
1020 4214 1113 4266 καὶ
1139 4213 1253 4277 ζῶα
1280 4214 1668 4283 ἀποπνιγῆναι.
1698 4215 1790 4268 Ἐν
1813 4214 2023 4279 τούτοις
2046 4236 2053 4243 ·

450 4305 750 4376 ἐπιδρομὴν
782 4305 1041 4374 Τούρκων
1076 4306 1218 4360 κατὰ
1256 4305 1565 4375 Ῥωμαίων.
1612 4304 1671 4359 '0
1706 4306 1760 4359 δὲ
1795 4307 2021 4378 κρατῶν

454 4397 531 4465 μὴ
572 4396 770 4467 ἰσχύων
800 4397 867 4450 δι’
893 4397 1086 4451 ἑαυτοῦ
1108 4396 1528 4466 ἐκστρατεῦσαι,
1565 4396 1660 4452 ἅτε
1680 4399 2021 4472 κλινοπετὴς

447 4487 557 4553 ὢν,
592 4491 821 4562 στρατὸν
850 4491 1127 4559 ἐκπέμπει
1156 4486 1217 4543 οὗ
1247 4492 1489 4561 ἀρχηγὸς
1520 4492 1549 4543 6
1581 4491 1883 4560 Καμύτζης
1914 4491 2020 4546 Εὐη-

450 4578 667 4642 στὲιθιος
685 4619 701 4644 ,
732 4579 790 4644 ὃς
819 4577 882 4651 δὴ
913 4581 1005 4634 καὶ
1033 4580 1360 4651 προσϐαλὼν
1386 4582 1499 4644 τοῖς
1527 4581 1791 4652 Τούρκοις
1816 4583 2019 4653 αἰχμά-

447 4671 616 4734 λωτος
663 4670 858 4740 ἄγεται
909 4672 1003 4726 καὶ
1048 4671 1141 4727 τὸν
1182 4672 1413 4740 στρατὸν
1455 4672 1773 4730 ἀπόλλυσιν.
1818 4675 2019 4731 Οὐκέτι

447 4762 539 4818 οὖν
581 4766 831 4833 ἀνέχεται
874 4766 903 4819 6
949 4767 1192 4836 κρατῶν,
1234 4767 1351 4821 ἀλλ’
1374 4768 1555 4821 ἐκεῖσε
1605 4767 2017 4838 καταλαμϐάνει

446 4858 543 4911 καὶ
572 4860 698 4923 τοὺς
727 4858 1009 4930 Τούρκους
1039 4859 1175 4913 ὡσεὶ
1206 4860 1412 4914 καπνὸν
1441 4860 1670 4917 διαλύει.
1704 4862 1817 4916 Καὶ⁵
1848 4864 1896 4915 οἱ
1926 4861 2018 4915 τὸν
2044 4866 2055 4875 ⁸

430 4949 748 5022 ’Καμύτζην
777 4951 1100 5022 κατέχοντες
1133 4952 1428 5023 αὐτόμολοι
1466 4955 1565 5007 σὺν
1594 4952 1745 5024 αύτῷ
1782 4952 2019 5024 προσέρη

445 5062 635 5116 χονται
663 5048 740 5115 τῷ
779 5045 1009 5115 βασιλεῖ.
1036 5044 1193 5100 Μετὰ
1223 5045 1397 5101 ταῦτα
1431 5048 1462 5101 6
1488 5044 1597 5100 τῶν
1627 5046 1890 5117 Τούρκων
1917 5046 2019 5117 ἆρ-

446 5155 559 5209 χων
600 5138 884 5193 σπένδεται
922 5137 1000 5208 τῷ
1043 5136 1290 5207 βασιλεῖ,
1331 5139 1429 5194 καὶ
1470 5140 1498 5192 6
1543 5137 1667 5191 καθ’
1698 5137 1795 5193 ἕνα
1836 5137 2019 5195 οἶκαδε

446 5230 686 5285 ἄπεισιν.
723 5230 876 5283 Ἐπεὶ
903 5228 963 5282 δὲ
996 5230 1137 5300 μετά
1165 5229 1338 5284 ταῦτα
1366 5229 1434 5283 τὰ
1460 5229 1558 5301 τῆς
1588 5228 1745 5283 νόσου
1775 5228 1976 5301 ηὔξανε
1995 5268 2011 5295 ,

445 5326 600 5395 κοινῇ
652 5320 848 5395 γνώμῃ
888 5320 997 5375 τῶν
1045 5320 1245 5391 ιατρῶν
1292 5321 1508 5394 σίδηρον
1554 5324 1698 5378 κατά
1741 5323 2016 5394 στομάχου

446 5418 745 5487 φλογόεντα
779 5416 1016 5486 δέχεται.
1051 5414 1207 5468 Ἐπεὶ
1240 5412 1299 5469 δὲ
1333 5418 1361 5469 6
1394 5416 1502 5487 ἀὴρ
1538 5418 1566 5469 6
1601 5418 1661 5470 ὲν
1694 5414 2021 5487 ἀνακτόροις

445 5511 553 5583 ἀὴρ
582 5512 682 5565 οὐκ
712 5508 977 5581 εὔκρατος
1008 5507 1209 5572 ἐδόκει,
1243 5509 1338 5562 ᾶτε
1369 5508 1688 5579 νοτιώτερος
1715 5507 1812 5571 ὢν,
1844 5508 1923 5569 εἰς
1950 5507 2021 5561 τὰ

443 5605 550 5659 τῶν
576 5605 887 5672 Μαγγάνων
916 5602 1349 5670 ἀποκεκόμίσται
1379 5599 1673 5669 ἀνάκτορα,
1697 5598 1790 5653 τοῦ
1822 5599 2018 5671 χρεὼν,

444 5700 520 5763 ὡς
563 5699 732 5763 ἔοικε,
779 5698 1168 5760 καθέλκοντος·
1215 5697 1277 5749 τὸ
1319 5696 1452 5766 γὰρ,
1484 5714 1502 5748 ι
1528 5694 1618 5748 Ἐν
1659 5694 2020 5758 ἁκεσωδύνοις

446 5793 692 5846 πεσεῖται
730 5811 749 5844 ι
788 5793 914 5861 περὶ
949 5790 1114 5843 αὐτοῦ
1154 5789 1466 5860 γεγράφθαι
1507 5787 1669 5856 φασὶν
1700 5788 1750 5841 οἱ
1788 5770 2019 5857 περίτᾶ

446 5882 668 5939 τοιαῦτα
714 5883 895 5940 δεινοί.
940 5883 1177 5954 Θνήσκει
1226 5878 1318 5938 οὖν
1364 5883 1566 5949 ἐκεῖσε,
1596 5881 1693 5952 τῆς
1741 5879 2019 5950 βασιλείας

1609 5982 1641 5998 δ,

2124 3501 2288 3540 unam
2321 3486 2463 3540 hanc
2494 3501 2714 3540 causam
2738 3524 2756 3550 ,
2789 3484 2937 3555 quod
2966 3500 3090 3539 cum
3123 3486 3435 3540 Maniehmis
3463 3486 3531 3539 de
3566 3486 3700 3542 reli—

2121 3577 2285 3649 gione
2319 3577 2639 3643 dissereret,
2663 3592 2802 3647 quos
2825 3578 3018 3646 vulgus
3048 3576 3329 3631 hominum
3353 3578 3701 3637 Paulicianos

2121 3668 2375 3739 appellat.
2410 3666 2485 3721 Ea
2516 3668 2665 3722 natio
2695 3682 2826 3723 sane
2857 3667 3136 3737 perampla
3181 3668 3237 3722 in
3280 3668 3435 3722 hisce
3485 3668 3700 3757 finibus

2121 3761 2424 3826 habitabat,
2460 3776 2526 3815 ex
2559 3759 2781 3835 Oriente
2815 3775 2911 3829 per
2937 3758 3204 3815 Joannem
3226 3759 3559 3815 Zimischem
3590 3760 3703 3815 hue

2124 3856 2385 3911 translata
2424 3863 2479 3910 et
2514 3855 2566 3909 in
2621 3853 2866 3909 colonias
2916 3853 3073 3922 quasi
3123 3852 3387 3923 quasdam
3437 3852 3697 3909 deducta.
3792 3841 3801 3851 ’

2117 3948 2256 4005 Cum
2295 3948 2380 4003 his
2407 3963 2535 4024 ergo
2570 3946 2856 4017 disputans
2890 3944 3132 4008 Alexius,
3162 3946 3367 4001 multos
3393 3947 3460 4002 ad
3494 3956 3699 4001 rectam

2120 4043 2189 4098 de
2243 4041 2508 4112 religione
2560 4040 2891 4096 sententiam
2928 4040 3243 4095 revocabat.
3278 4040 3551 4096 Exstitere
3582 4050 3697 4095 tum

2120 4134 2427 4205 frequentia
2463 4133 2665 4203 passim
2697 4133 2973 4189 incendia.
3019 4133 3267 4204 Cumque
3304 4150 3402 4189 ver
3433 4136 3702 4204 appetiis.-

2120 4235 2226 4293 set,
2263 4236 2370 4282 tam
2408 4226 2766 4281 vehementes
2793 4233 3086 4281 ventorum
3133 4225 3297 4279 ﬂatus
3323 4225 3500 4281 exorti
3534 4237 3696 4289 sunt,

2120 4328 2182 4374 ut
2209 4318 2352 4372 inter
2381 4318 2617 4372 aliorum
2651 4331 2882 4387 operum
2912 4331 3075 4372 casus
3104 4327 3269 4385 atque
3318 4316 3506 4370 ruinas
3531 4317 3706 4373 etiam.
3745 4304 3757 4316 ’

2119 4417 2298 4466 statua
2331 4408 2606 4462 columnae
2658 4407 2915 4476 imposita
2968 4405 3023 4461 in
3074 4405 3193 4461 fore
3227 4406 3471 4470 Placoto,
3505 4408 3586 4462 sic
3629 4410 3698 4463 ab

2118 4500 2515 4565 incrustatione
2539 4500 2711 4565 dicto,
2746 4498 2971 4567 delapsa
2990 4495 3191 4552 multos
3219 4497 3345 4552 istie
3376 4497 3519 4552 forte
3554 4513 3694 4567 pra:-

2120 4604 2301 4652 sentes
2330 4592 2683 4663 opprimeret.
2722 4591 2992 4645 Prmterea
3043 4588 3582 4667 litteris.proditum
3615 4601 3700 4645 est

2050 4711 2095 4766 ο
2123 4703 2191 4744 ex
2219 4701 2347 4742 aere
2384 4695 2490 4742 tam
2532 4684 2897 4754 impetuosum
2937 4680 3169 4737 imbrem
3200 4679 3310 4746 die,
3342 4696 3450 4751 quo
3477 4670 3711 4743 sancto-i

2126 4797 2251 4839 rum
2285 4780 2655 4852 apostolorum
2688 4776 2835 4831 Petri
2875 4783 2932 4831 ct
2966 4768 3118 4829 Pa‘uli
3161 4775 3428 4830 memoria
3455 4776 3700 4831 celebra-

2126 4878 2249 4941 tur,‘
2280 4873 2554 4943 erupisse,
2585 4879 2647 4925 ut
2669 4867 2898 4924 aedificia
2928 4876 3413 4938 prosternerentur
3441 4877 3498 4924 et
3527 4869 3582 4927 in
3614 4872 3698 4925 eis

2125 4950 2387 5021 mortales
2420 4978 2527 5017 una
2555 4976 2679 5017 cum
2709 4952 3083 5014 animantibus
3107 4958 3266 5028 aquis
3296 4958 3695 5016 obruerentur.
3778 4950 3781 4951 ⁷

2127 5057 2342 5113 Secuta:
2372 5063 2502 5110 sunt
2525 5053 2833 5109 Tureorum
2860 5049 2915 5104 in
2952 5049 3265 5120 provincias
3295 5051 3574 5109 Romanas
3598 5069 3698 5109 ex:-

2127 5147 2413 5209 cursiones
2434 5187 2451 5213 ,
2495 5153 2685 5201 contra
2715 5156 2856 5212 quos
2884 5140 3187 5211 imperator
3216 5154 3345 5197 cum
3372 5143 3573 5203 ducere
3603 5160 3699 5202 co-

2125 5239 2247 5310 pias
2273 5237 2471 5294 afﬁxus
2512 5236 2659 5291 lecto
2692 5248 2803 5289 non
2852 5240 3057 5304 posset,
3092 5232 3441 5292 Eustathium
3481 5235 3699 5308 Camyt,

2122 5346 2242 5386 zem
2280 5328 2614 5386 exercitibus
2644 5326 2963 5399 praefectura
2997 5326 3259 5382 adversus
3291 5342 3387 5384 eos
3421 5328 3606 5385 mittit.
3648 5329 3697 5386 Is

2122 5432 2374 5479 conserta
2400 5438 2526 5477 cum
2558 5419 2756 5491 fl‘urcis
2780 5437 2942 5476 manu
2976 5436 3085 5476 non
3119 5422 3304 5497 copias
3333 5408 3693 5476 modo'caesas

2123 5514 2346 5579 amittit,
2379 5529 2574 5569 verum
2602 5513 2767 5569 etiam
2795 5512 2865 5568 ab
2906 5512 3067 5567 hoste
3096 5512 3346 5583 captivus
3378 5510 3691 5576 abducitur.

2122 5606 2202 5661 Εο
2228 5621 2356 5662 casu
2388 5603 2688 5675 imperator
2719 5605 2943 5678 cognito
2975 5604 3150 5661 teneri
3180 5619 3291 5658 non
3331 5602 3527 5672 potuit,
3559 5602 3695 5672 quin

2125 5697 2242 5766 ipse
2291 5695 2358 5749 ad
2408 5709 2474 5751 ea
2508 5697 2629 5752 loca
2676 5698 3138 5767 proficisceretur.
3190 5693 3308 5759 Quo
3347 5691 3490 5748 facto
3523 5693 3696 5755 instar

2123 5788 2259 5842 fumi
2299 5786 2509 5843 Turcos
2541 5787 2846 5858 dissipavit,
2878 5794 3030 5841 tanto
3058 5786 3137 5840 eis
3166 5794 3376 5838 terrore
3408 5784 3611 5855 injecto
3639 5796 3691 5845 ut

2121 5879 2285 5938 etiam
2321 5880 2356 5936 ii
2389 5880 2482 5952 qui
2509 5880 2820 5952 Cainytzem
2846 5878 3120 5949 captivum
3147 5876 3466 5937 detinebant
3500 5890 3695 5949 sponte
3744 5932 3751 5941 .
