  <div class='ocr_page' id='page_1' title='image "/cluster/home/n/w/nwhite01/storage/ocr_20150623/158/coo.31924054870633/347.png"; bbox 0 0 4070 6424; ppageno 0'>
   <div class='ocr_carea' id='block_1_1' title="bbox 457 358 3695 447">
    <p class='ocr_par' dir='ltr' id='par_1_1' title="bbox 457 358 3695 447">
     <span class='ocr_line' id='line_1_1' title="bbox 457 358 3695 447; baseline 0.002 -23"><span class='ocrx_word' id='word_1_1' title='bbox 457 358 565 424; x_wconf 67' lang='lat'><strong>623</strong></span> <span class='ocrx_word' id='word_1_2' title='bbox 1368 414 1369 423; x_wconf 33' lang='grc' dir='ltr'>χ</span> <span class='ocrx_word' id='word_1_3' title='bbox 1528 364 1951 447; x_wconf 81' lang='lat' dir='ltr'><strong>MICIIAELIS</strong></span> <span class='ocrx_word' id='word_1_4' title='bbox 1992 368 2255 433; x_wconf 67' lang='lat' dir='ltr'><strong>GLYCIE</strong></span> <span class='ocrx_word' id='word_1_5' title='bbox 2289 370 2695 436; x_wconf 83' lang='lat' dir='ltr'><strong>ANNALIUM</strong></span> <span class='ocrx_word' id='word_1_6' title='bbox 3597 363 3695 435; x_wconf 57' lang='lat'><strong>62$</strong></span> 
     </span>
    </p>
   </div>
   <div class='ocr_carea' id='block_1_2' title="bbox 440 469 2046 553">
    <p class='ocr_par' dir='ltr' id='par_1_2' title="bbox 440 469 2017 541">
     <span class='ocr_line' id='line_1_2' title="bbox 440 469 2017 541; baseline 0.006 -18"><span class='ocrx_word' id='word_1_7' title='bbox 440 483 537 523; x_wconf 77' lang='lat' dir='ltr'><strong>sua</strong></span> <span class='ocrx_word' id='word_1_8' title='bbox 572 484 695 523; x_wconf 90' lang='lat' dir='ltr'><strong>cum</strong></span> <span class='ocrx_word' id='word_1_9' title='bbox 739 469 857 541; x_wconf 88' lang='lat' dir='ltr'><strong>ipso</strong></span> <span class='ocrx_word' id='word_1_10' title='bbox 887 471 954 525; x_wconf 89' lang='lat' dir='ltr'><strong>ad</strong></span> <span class='ocrx_word' id='word_1_11' title='bbox 1000 470 1385 541; x_wconf 89' lang='lat' dir='ltr'><strong>imperatorem</strong></span> <span class='ocrx_word' id='word_1_12' title='bbox 1416 476 1743 533; x_wconf 90' lang='lat' dir='ltr'><strong>accederent</strong></span> <span class='ocrx_word' id='word_1_13' title='bbox 1803 476 2017 532; x_wconf 86' lang='lat' dir='ltr'><strong>Secun-</strong></span> 
     </span>
    </p>
   </div>
   <div class='ocr_carea' id='block_1_3' title="bbox 2122 469 3701 553">
    <p class='ocr_par' dir='ltr' id='par_1_3' title="bbox 2122 480 3701 553">
     <span class='ocr_line' id='line_1_3' title="bbox 2122 480 3701 553; baseline 0.001 -21"><span class='ocrx_word' id='word_1_14' title='bbox 2122 480 2367 550; x_wconf 70' lang='grc' dir='ltr'><strong>διάδθχον</strong></span> <span class='ocrx_word' id='word_1_15' title='bbox 2407 482 2727 535; x_wconf 72' lang='grc' dir='ltr'><strong>καταλιπὼν</strong></span> <span class='ocrx_word' id='word_1_16' title='bbox 2769 480 2862 535; x_wconf 61' lang='grc' dir='ltr'><strong>τὸν</strong></span> <span class='ocrx_word' id='word_1_17' title='bbox 2903 481 3020 535; x_wconf 73' lang='grc' dir='ltr'>υἱὸν</span> <span class='ocrx_word' id='word_1_18' title='bbox 3058 480 3222 535; x_wconf 78' lang='grc' dir='ltr'>αὑτοῦ</span> <span class='ocrx_word' id='word_1_19' title='bbox 3268 481 3360 535; x_wconf 77' lang='grc' dir='ltr'><strong>τὸν</strong></span> <span class='ocrx_word' id='word_1_20' title='bbox 3404 482 3701 553; x_wconf 74' lang='grc' dir='ltr'><strong>Κωμνηνὲν</strong></span> 
     </span>
    </p>
   </div>
   <div class='ocr_carea' id='block_1_4' title="bbox 439 562 2046 644">
    <p class='ocr_par' dir='ltr' id='par_1_4' title="bbox 439 562 2010 640">
     <span class='ocr_line' id='line_1_4' title="bbox 439 562 2010 640; baseline 0.007 -25"><span class='ocrx_word' id='word_1_21' title='bbox 439 563 569 615; x_wconf 87' lang='lat' dir='ltr'><strong>dum</strong></span> <span class='ocrx_word' id='word_1_22' title='bbox 608 562 722 618; x_wconf 74' lang='lat' dir='ltr'><strong>lure</strong></span> <span class='ocrx_word' id='word_1_23' title='bbox 754 564 1009 635; x_wconf 79' lang='lat' dir='ltr'><strong>princeps</strong></span> <span class='ocrx_word' id='word_1_24' title='bbox 1036 565 1345 621; x_wconf 87' lang='lat' dir='ltr'><strong>Tureorum</strong></span> <span class='ocrx_word' id='word_1_25' title='bbox 1378 566 1557 624; x_wconf 79' lang='lat' dir='ltr'><strong>foedus</strong></span> <span class='ocrx_word' id='word_1_26' title='bbox 1600 585 1726 623; x_wconf 87' lang='lat' dir='ltr'><strong>eum</strong></span> <span class='ocrx_word' id='word_1_27' title='bbox 1776 570 2010 640; x_wconf 82' lang='lat' dir='ltr'><strong>impera-</strong></span> 
     </span>
    </p>
   </div>
   <div class='ocr_carea' id='block_1_5' title="bbox 2122 562 2555 644">
    <p class='ocr_par' dir='ltr' id='par_1_5' title="bbox 2128 572 2555 644">
     <span class='ocr_line' id='line_1_5' title="bbox 2128 572 2555 644; baseline 0.005 -20"><span class='ocrx_word' id='word_1_28' title='bbox 2128 572 2385 642; x_wconf 71' lang='grc' dir='ltr'><strong>Ἰωάννην</strong></span> <span class='ocrx_word' id='word_1_29' title='bbox 2418 572 2555 644; x_wconf 83' lang='grc'><strong>(98).</strong></span> 
     </span>
    </p>
   </div>
   <div class='ocr_carea' id='block_1_6' title="bbox 442 656 3699 740">
    <p class='ocr_par' dir='ltr' id='par_1_6' title="bbox 442 656 3699 740">
     <span class='ocr_line' id='line_1_6' title="bbox 442 656 3699 740; baseline 0.004 -29"><span class='ocrx_word' id='word_1_30' title='bbox 442 667 563 713; x_wconf 84' lang='lat' dir='ltr'><strong>tore</strong></span> <span class='ocrx_word' id='word_1_31' title='bbox 592 656 777 726; x_wconf 82' lang='lat' dir='ltr'><strong>leriit;</strong></span> <span class='ocrx_word' id='word_1_32' title='bbox 804 675 914 729; x_wconf 88' lang='lat' dir='ltr'><strong>quo</strong></span> <span class='ocrx_word' id='word_1_33' title='bbox 963 661 1101 717; x_wconf 88' lang='lat' dir='ltr'><strong>inito</strong></span> <span class='ocrx_word' id='word_1_34' title='bbox 1134 661 1357 718; x_wconf 86' lang='lat' dir='ltr'><strong>domum</strong></span> <span class='ocrx_word' id='word_1_35' title='bbox 1394 664 1655 734; x_wconf 87' lang='lat' dir='ltr'><strong>utrinque</strong></span> <span class='ocrx_word' id='word_1_36' title='bbox 1718 665 2048 722; x_wconf 76' lang='lat' dir='ltr'><strong>discessum.</strong></span> <span class='ocrx_word' id='word_1_37' title='bbox 2087 665 2433 723; x_wconf 89' lang='lat' dir='ltr'><strong>Cumautem</strong></span> <span class='ocrx_word' id='word_1_38' title='bbox 2501 668 2730 726; x_wconf 82' lang='lat' dir='ltr'><strong>morbus</strong></span> <span class='ocrx_word' id='word_1_39' title='bbox 2756 669 3106 740; x_wconf 75' lang='lat' dir='ltr'><strong>imperatoris</strong></span> <span class='ocrx_word' id='word_1_40' title='bbox 3131 668 3186 725; x_wconf 86' lang='lat' dir='ltr'><strong>in</strong></span> <span class='ocrx_word' id='word_1_41' title='bbox 3211 669 3331 725; x_wconf 88' lang='lat' dir='ltr'><strong>dies</strong></span> <span class='ocrx_word' id='word_1_42' title='bbox 3362 669 3699 740; x_wconf 82' lang='lat' dir='ltr'><strong>ingravesce-</strong></span> 
     </span>
    </p>
   </div>
   <div class='ocr_carea' id='block_1_7' title="bbox 442 752 3695 833">
    <p class='ocr_par' dir='ltr' id='par_1_7' title="bbox 442 752 3695 833">
     <span class='ocr_line' id='line_1_7' title="bbox 442 752 3695 833; baseline 0.003 -28"><span class='ocrx_word' id='word_1_43' title='bbox 442 760 546 818; x_wconf 91' lang='lat' dir='ltr'><strong>ret,</strong></span> <span class='ocrx_word' id='word_1_44' title='bbox 571 752 639 808; x_wconf 90' lang='lat' dir='ltr'><strong>de</strong></span> <span class='ocrx_word' id='word_1_45' title='bbox 664 755 941 809; x_wconf 91' lang='lat' dir='ltr'><strong>communi</strong></span> <span class='ocrx_word' id='word_1_46' title='bbox 974 757 1313 811; x_wconf 87' lang='lat' dir='ltr'><strong>medicorum</strong></span> <span class='ocrx_word' id='word_1_47' title='bbox 1342 758 1617 815; x_wconf 91' lang='lat' dir='ltr'><strong>sententia</strong></span> <span class='ocrx_word' id='word_1_48' title='bbox 1645 758 1887 814; x_wconf 87' lang='lat' dir='ltr'><strong>candens</strong></span> <span class='ocrx_word' id='word_1_49' title='bbox 1921 758 2129 815; x_wconf 85' lang='lat' dir='ltr'><strong>ferrum</strong></span> <span class='ocrx_word' id='word_1_50' title='bbox 2155 760 2277 831; x_wconf 87' lang='lat' dir='ltr'><strong>ejus</strong></span> <span class='ocrx_word' id='word_1_51' title='bbox 2309 762 2594 817; x_wconf 85' lang='lat' dir='ltr'><strong>stomacho</strong></span> <span class='ocrx_word' id='word_1_52' title='bbox 2634 762 2965 833; x_wconf 87' lang='lat' dir='ltr'><strong>impressum</strong></span> <span class='ocrx_word' id='word_1_53' title='bbox 3032 772 3137 818; x_wconf 89' lang='lat' dir='ltr'><strong>est.</strong></span> <span class='ocrx_word' id='word_1_54' title='bbox 3201 762 3269 818; x_wconf 89' lang='lat' dir='ltr'><strong>Et</strong></span> <span class='ocrx_word' id='word_1_55' title='bbox 3331 758 3464 829; x_wconf 84' lang='lat' dir='ltr'><strong>quia</strong></span> <span class='ocrx_word' id='word_1_56' title='bbox 3508 775 3695 831; x_wconf 87' lang='lat' dir='ltr'><strong>parum</strong></span> 
     </span>
    </p>
   </div>
   <div class='ocr_carea' id='block_1_8' title="bbox 441 838 3697 927">
    <p class='ocr_par' dir='ltr' id='par_1_8' title="bbox 441 838 3697 927">
     <span class='ocr_line' id='line_1_8' title="bbox 441 838 3697 927; baseline 0.003 -30"><span class='ocrx_word' id='word_1_57' title='bbox 441 853 789 915; x_wconf 69' lang='lat' dir='ltr'><strong>temperatus</strong></span> <span class='ocrx_word' id='word_1_58' title='bbox 856 864 953 903; x_wconf 86' lang='lat' dir='ltr'><strong>aer</strong></span> <span class='ocrx_word' id='word_1_59' title='bbox 1022 851 1187 921; x_wconf 72' lang='lat' dir='ltr'><strong>regia:</strong></span> <span class='ocrx_word' id='word_1_60' title='bbox 1218 850 1522 921; x_wconf 81' lang='lat' dir='ltr'><strong>videretur,</strong></span> <span class='ocrx_word' id='word_1_61' title='bbox 1576 852 1771 921; x_wconf 92' lang='lat' dir='ltr'><strong>utqui</strong></span> <span class='ocrx_word' id='word_1_62' title='bbox 1843 865 1991 908; x_wconf 86' lang='lat' dir='ltr'><strong>esset</strong></span> <span class='ocrx_word' id='word_1_63' title='bbox 2035 856 2332 910; x_wconf 83' lang='lat' dir='ltr'><strong>australior</strong></span> <span class='ocrx_word' id='word_1_64' title='bbox 2379 856 2684 927; x_wconf 87' lang='lat' dir='ltr'><strong>aliquanto,</strong></span> <span class='ocrx_word' id='word_1_65' title='bbox 2735 857 2793 911; x_wconf 90' lang='lat' dir='ltr'><strong>in</strong></span> <span class='ocrx_word' id='word_1_66' title='bbox 2846 838 3243 925; x_wconf 60' lang='lat' dir='ltr'><strong>Hanganorum</strong></span> <span class='ocrx_word' id='word_1_67' title='bbox 3295 841 3564 925; x_wconf 81' lang='lat' dir='ltr'><strong>palatium</strong></span> <span class='ocrx_word' id='word_1_68' title='bbox 3600 855 3697 908; x_wconf 84' lang='lat' dir='ltr'><strong>fuit</strong></span> 
     </span>
    </p>
   </div>
   <div class='ocr_carea' id='block_1_9' title="bbox 440 942 3701 1025">
    <p class='ocr_par' dir='ltr' id='par_1_9' title="bbox 440 942 3701 1025">
     <span class='ocr_line' id='line_1_9' title="bbox 440 942 3701 1025; baseline 0.002 -28"><span class='ocrx_word' id='word_1_69' title='bbox 440 942 783 1011; x_wconf 84' lang='lat' dir='ltr'><strong>deportatus,</strong></span> <span class='ocrx_word' id='word_1_70' title='bbox 816 944 928 1001; x_wconf 88' lang='lat' dir='ltr'><strong>fato</strong></span> <span class='ocrx_word' id='word_1_71' title='bbox 959 946 1136 1012; x_wconf 90' lang='lat' dir='ltr'><strong>illum,</strong></span> <span class='ocrx_word' id='word_1_72' title='bbox 1167 963 1266 1004; x_wconf 88' lang='lat' dir='ltr'><strong>ceu</strong></span> <span class='ocrx_word' id='word_1_73' title='bbox 1292 948 1443 1003; x_wconf 84' lang='lat' dir='ltr'><strong>credi</strong></span> <span class='ocrx_word' id='word_1_74' title='bbox 1473 965 1569 1019; x_wconf 85' lang='lat' dir='ltr'><strong>par</strong></span> <span class='ocrx_word' id='word_1_75' title='bbox 1595 960 1703 1025; x_wconf 78' lang='lat' dir='ltr'><strong>est,</strong></span> <span class='ocrx_word' id='word_1_76' title='bbox 1762 966 1829 1006; x_wconf 89' lang='lat' dir='ltr'><strong>eo</strong></span> <span class='ocrx_word' id='word_1_77' title='bbox 1886 952 2260 1021; x_wconf 88' lang='lat' dir='ltr'><strong>pertrahente.</strong></span> <span class='ocrx_word' id='word_1_78' title='bbox 2295 951 2429 1007; x_wconf 86' lang='lat' dir='ltr'><strong>Nam</strong></span> <span class='ocrx_word' id='word_1_79' title='bbox 2496 953 2660 1025; x_wconf 87' lang='lat' dir='ltr'><strong>vulgo</strong></span> <span class='ocrx_word' id='word_1_80' title='bbox 2689 952 2955 1023; x_wconf 71' lang='lat' dir='ltr'><strong>iactatum</strong></span> <span class='ocrx_word' id='word_1_81' title='bbox 2986 950 3120 1007; x_wconf 90' lang='lat' dir='ltr'><strong>illud</strong></span> <span class='ocrx_word' id='word_1_82' title='bbox 3152 969 3166 1006; x_wconf 92' lang='lat'><strong>:</strong></span> <span class='ocrx_word' id='word_1_83' title='bbox 3205 970 3224 1005; x_wconf 72' lang='grc' dir='ltr'>ι</span> <span class='ocrx_word' id='word_1_84' title='bbox 3267 951 3329 1006; x_wconf 83' lang='lat' dir='ltr'><strong>In</strong></span> <span class='ocrx_word' id='word_1_85' title='bbox 3368 949 3701 1020; x_wconf 84' lang='lat' dir='ltr'><strong>Acesodynis</strong></span> 
     </span>
    </p>
   </div>
   <div class='ocr_carea' id='block_1_10' title="bbox 441 1024 3693 1117">
    <p class='ocr_par' dir='ltr' id='par_1_10' title="bbox 441 1024 3693 1117">
     <span class='ocr_line' id='line_1_10' title="bbox 441 1024 3693 1117; baseline 0.003 -29"><span class='ocrx_word' id='word_1_86' title='bbox 441 1032 623 1099; x_wconf 82' lang='lat' dir='ltr'><strong>cadet,</strong></span> <span class='ocrx_word' id='word_1_87' title='bbox 655 1053 675 1087; x_wconf 71' lang='grc' dir='ltr'><strong><em>ι</em></strong></span> <span class='ocrx_word' id='word_1_88' title='bbox 721 1037 790 1092; x_wconf 90' lang='lat' dir='ltr'><strong>de</strong></span> <span class='ocrx_word' id='word_1_89' title='bbox 835 1038 953 1107; x_wconf 90' lang='lat' dir='ltr'><strong>ipso</strong></span> <span class='ocrx_word' id='word_1_90' title='bbox 988 1039 1352 1108; x_wconf 89' lang='lat' dir='ltr'><strong>perscriptum</strong></span> <span class='ocrx_word' id='word_1_91' title='bbox 1393 1054 1514 1095; x_wconf 90' lang='lat' dir='ltr'><strong>esse</strong></span> <span class='ocrx_word' id='word_1_92' title='bbox 1549 1024 1879 1110; x_wconf 78' lang='lat' dir='ltr'><strong>perhibent,</strong></span> <span class='ocrx_word' id='word_1_93' title='bbox 1913 1042 2006 1111; x_wconf 88' lang='lat' dir='ltr'><strong>qui</strong></span> <span class='ocrx_word' id='word_1_94' title='bbox 2048 1042 2347 1113; x_wconf 88' lang='lat' dir='ltr'><strong>plurimum</strong></span> <span class='ocrx_word' id='word_1_95' title='bbox 2412 1024 2685 1117; x_wconf 75' lang='lat' dir='ltr'><strong>ejusmodi</strong></span> <span class='ocrx_word' id='word_1_96' title='bbox 2718 1044 2959 1099; x_wconf 82' lang='lat' dir='ltr'><strong>oraculis</strong></span> <span class='ocrx_word' id='word_1_97' title='bbox 2989 1041 3432 1113; x_wconf 85' lang='lat' dir='ltr'><strong>interpretandis</strong></span> <span class='ocrx_word' id='word_1_98' title='bbox 3495 1042 3693 1097; x_wconf 83' lang='lat' dir='ltr'><strong>valent.</strong></span> 
     </span>
    </p>
   </div>
   <div class='ocr_carea' id='block_1_11' title="bbox 441 1125 3408 1207">
    <p class='ocr_par' dir='ltr' id='par_1_11' title="bbox 441 1125 3408 1207">
     <span class='ocr_line' id='line_1_11' title="bbox 441 1125 3408 1207; baseline 0.002 -26"><span class='ocrx_word' id='word_1_99' title='bbox 441 1125 573 1182; x_wconf 80' lang='lat' dir='ltr'><strong>Istic</strong></span> <span class='ocrx_word' id='word_1_100' title='bbox 601 1142 735 1200; x_wconf 88' lang='lat' dir='ltr'><strong>ergo</strong></span> <span class='ocrx_word' id='word_1_101' title='bbox 765 1129 909 1185; x_wconf 92' lang='lat' dir='ltr'><strong>diem</strong></span> <span class='ocrx_word' id='word_1_102' title='bbox 938 1132 992 1185; x_wconf 92' lang='lat' dir='ltr'><strong>in</strong></span> <span class='ocrx_word' id='word_1_103' title='bbox 1043 1132 1207 1187; x_wconf 86' lang='lat' dir='ltr'><strong>terris</strong></span> <span class='ocrx_word' id='word_1_104' title='bbox 1249 1146 1588 1202; x_wconf 90' lang='lat' dir='ltr'><strong>supremum,</strong></span> <span class='ocrx_word' id='word_1_105' title='bbox 1634 1131 1845 1188; x_wconf 91' lang='lat' dir='ltr'><strong>Joanne</strong></span> <span class='ocrx_word' id='word_1_106' title='bbox 1868 1131 2152 1189; x_wconf 87' lang='lat' dir='ltr'><strong>Comneno</strong></span> <span class='ocrx_word' id='word_1_107' title='bbox 2179 1133 2294 1191; x_wconf 82' lang='lat' dir='ltr'><strong>tilio</strong></span> <span class='ocrx_word' id='word_1_108' title='bbox 2322 1140 2644 1191; x_wconf 79' lang='lat' dir='ltr'><strong>succesSore</strong></span> <span class='ocrx_word' id='word_1_109' title='bbox 2675 1134 2895 1207; x_wconf 82' lang='lat' dir='ltr'><strong>imperii</strong></span> <span class='ocrx_word' id='word_1_110' title='bbox 2934 1134 3149 1200; x_wconf 87' lang='lat' dir='ltr'><strong>relicto,</strong></span> <span class='ocrx_word' id='word_1_111' title='bbox 3185 1131 3408 1188; x_wconf 84' lang='lat' dir='ltr'><strong>clausit.</strong></span> 
     </span>
    </p>
   </div>
   <div class='ocr_carea' id='block_1_12' title="bbox 517 1279 2019 1353">
    <p class='ocr_par' dir='ltr' id='par_1_12' title="bbox 517 1279 2019 1353">
     <span class='ocr_line' id='line_1_12' title="bbox 517 1279 2019 1353; baseline -0.005 -17"><span class='ocrx_word' id='word_1_112' title='bbox 517 1279 968 1353; x_wconf 66' lang='lat' dir='ltr'><strong>(98lClausttlam</strong></span> <span class='ocrx_word' id='word_1_113' title='bbox 1025 1280 1169 1334; x_wconf 80' lang='lat' dir='ltr'><strong>hanc</strong></span> <span class='ocrx_word' id='word_1_114' title='bbox 1212 1293 1333 1352; x_wconf 81' lang='lat' dir='ltr'><strong>post</strong></span> <span class='ocrx_word' id='word_1_115' title='bbox 1373 1283 1464 1335; x_wconf 83' lang='grc' dir='ltr'><strong>τὸν</strong></span> <span class='ocrx_word' id='word_1_116' title='bbox 1506 1285 1796 1353; x_wconf 75' lang='grc' dir='ltr'><strong>Κομνηνδν</strong></span> <span class='ocrx_word' id='word_1_117' title='bbox 1833 1286 2019 1341; x_wconf 77' lang='grc' dir='ltr'><strong>Ἰωάν-</strong></span> 
     </span>
    </p>
   </div>
   <div class='ocr_carea' id='block_1_13' title="bbox 2132 1286 3243 1353">
    <p class='ocr_par' dir='ltr' id='par_1_13' title="bbox 2132 1286 3243 1353">
     <span class='ocr_line' id='line_1_13' title="bbox 2132 1286 3243 1353; baseline -0.001 -11"><span class='ocrx_word' id='word_1_118' title='bbox 2132 1287 2382 1353; x_wconf 62' lang='lat' dir='ltr'><strong>signibus</strong></span> <span class='ocrx_word' id='word_1_119' title='bbox 2435 1287 2617 1341; x_wconf 75' lang='lat' dir='ltr'><strong>:Em‘.</strong></span> <span class='ocrx_word' id='word_1_120' title='bbox 2690 1286 2815 1340; x_wconf 78' lang='grc' dir='ltr'><strong>ΩΔΕ</strong></span> <span class='ocrx_word' id='word_1_121' title='bbox 2869 1288 2958 1343; x_wconf 85' lang='grc' dir='ltr'><strong>ΤΟ</strong></span> <span class='ocrx_word' id='word_1_122' title='bbox 3018 1288 3243 1345; x_wconf 76' lang='grc' dir='ltr'><strong>ΠΕΡΑΣ</strong></span> 
     </span>
    </p>
   </div>
   <div class='ocr_carea' id='block_1_14' title="bbox 445 1351 2012 1422">
    <p class='ocr_par' dir='ltr' id='par_1_14' title="bbox 445 1351 2012 1422">
     <span class='ocr_line' id='line_1_14' title="bbox 445 1351 2012 1422; baseline 0.005 -17"><span class='ocrx_word' id='word_1_123' title='bbox 445 1369 545 1421; x_wconf 69' lang='grc' dir='ltr'><strong>νην</strong></span> <span class='ocrx_word' id='word_1_124' title='bbox 583 1352 787 1422; x_wconf 83' lang='lat' dir='ltr'><strong>adjecit</strong></span> <span class='ocrx_word' id='word_1_125' title='bbox 823 1352 862 1404; x_wconf 83' lang='lat' dir='ltr'><strong>F</strong></span> <span class='ocrx_word' id='word_1_126' title='bbox 886 1351 1085 1407; x_wconf 85' lang='lat' dir='ltr'><strong>litteris</strong></span> <span class='ocrx_word' id='word_1_127' title='bbox 1120 1354 1341 1411; x_wconf 87' lang='lat' dir='ltr'><strong>rubrica</strong></span> <span class='ocrx_word' id='word_1_128' title='bbox 1384 1354 1559 1408; x_wconf 88' lang='lat' dir='ltr'><strong>instar</strong></span> <span class='ocrx_word' id='word_1_129' title='bbox 1596 1351 1884 1412; x_wconf 78' lang='lat' dir='ltr'><strong>titulorum</strong></span> <span class='ocrx_word' id='word_1_130' title='bbox 1926 1359 2012 1413; x_wconf 87' lang='lat' dir='ltr'><strong>in-</strong></span> 
     </span>
    </p>
   </div>
   <div class='ocr_carea' id='block_1_15' title="bbox 2123 1356 2891 1415">
    <p class='ocr_par' dir='ltr' id='par_1_15' title="bbox 2123 1356 2891 1415">
     <span class='ocr_line' id='line_1_15' title="bbox 2123 1356 2891 1415; baseline 0.001 -4"><span class='ocrx_word' id='word_1_131' title='bbox 2123 1358 2443 1415; x_wconf 84' lang='grc' dir='ltr'><strong>ΧΡΟΝΙΚΑ</strong></span> <span class='ocrx_word' id='word_1_132' title='bbox 2491 1356 2891 1413; x_wconf 78' lang='grc' dir='ltr'><strong>ΔΙΗΓΗΣΕΩΣ.</strong></span> 
     </span>
    </p>
   </div>
   <div class='ocr_carea' id='block_1_16' title="bbox 1282 1505 2871 1591">
    <p class='ocr_par' dir='ltr' id='par_1_16' title="bbox 1282 1505 2871 1591">
     <span class='ocr_line' id='line_1_16' title="bbox 1282 1505 2871 1591; baseline 0.006 -24"><span class='ocrx_word' id='word_1_133' title='bbox 1282 1505 1757 1573; x_wconf 76' lang='grc' dir='ltr'><strong>ΜιειΙΑΕιις</strong></span> <span class='ocrx_word' id='word_1_134' title='bbox 1793 1510 2087 1573; x_wconf 73' lang='grc' dir='ltr'><strong>ϐιῩΟιΕ</strong></span> <span class='ocrx_word' id='word_1_135' title='bbox 2124 1510 2585 1589; x_wconf 74' lang='grc' dir='ltr'><strong>ΑΝΝΑιιΠΜ</strong></span> <span class='ocrx_word' id='word_1_136' title='bbox 2612 1514 2871 1591; x_wconf 83' lang='lat' dir='ltr'><strong>FINIS.</strong></span> 
     </span>
    </p>
   </div>
   <div class='ocr_carea' id='block_1_17' title="bbox 3316 1289 3700 1345">
    <p class='ocr_par' dir='ltr' id='par_1_17' title="bbox 3316 1289 3700 1345">
     <span class='ocr_line' id='line_1_17' title="bbox 3316 1289 3700 1345; baseline 0.008 -3"><span class='ocrx_word' id='word_1_137' title='bbox 3316 1290 3462 1343; x_wconf 74' lang='grc' dir='ltr'><strong>ΤΗΣ</strong></span> <span class='ocrx_word' id='word_1_138' title='bbox 3511 1289 3700 1345; x_wconf 63' lang='grc' dir='ltr'><strong>ΚΑΤΑ</strong></span> 
     </span>
    </p>
   </div>
   <div class='ocr_carea' id='block_1_18' title="bbox 454 1702 690 1719">
    <p class='ocr_par' dir='ltr' id='par_1_18' title="bbox 454 1702 690 1719">
     <span class='ocr_line' id='line_1_18' title="bbox 454 1702 690 1719; baseline -0.008 0"><span class='ocrx_word' id='word_1_139' title='bbox 454 1702 690 1719; x_wconf 55' lang='grc' dir='ltr'><strong>..ι-..-</strong></span> 
     </span>
    </p>
   </div>
   <div class='ocr_carea' id='block_1_19' title="bbox 450 1723 736 1741">
    <p class='ocr_par' dir='ltr' id='par_1_19' title="bbox 450 1723 736 1741">
     <span class='ocr_line' id='line_1_19' title="bbox 450 1723 736 1741; baseline 0.003 -4"><span class='ocrx_word' id='word_1_140' title='bbox 450 1723 736 1741; x_wconf 48' lang='grc' dir='ltr'><strong>μ*</strong></span> 
     </span>
    </p>
   </div>
   <div class='ocr_carea' id='block_1_20' title="bbox 1436 1712 3668 1750">
    <p class='ocr_par' dir='ltr' id='par_1_20' title="bbox 1436 1712 3668 1750">
     <span class='ocr_line' id='line_1_20' title="bbox 1436 1712 3668 1750; baseline 0.003 -7"><span class='ocrx_word' id='word_1_141' title='bbox 1436 1712 3668 1750; x_wconf 45' lang='grc' dir='ltr'><strong>Μ-υ</strong></span> 
     </span>
    </p>
   </div>
   <div class='ocr_carea' id='block_1_21' title="bbox 1426 1731 1790 1748">
    <p class='ocr_par' dir='ltr' id='par_1_21' title="bbox 1426 1731 1790 1748">
     <span class='ocr_line' id='line_1_21' title="bbox 1426 1731 1790 1748; baseline -0.003 -4"><span class='ocrx_word' id='word_1_142' title='bbox 1426 1731 1790 1748; x_wconf 59' lang='grc' dir='ltr'><strong>-ι--ικλ</strong></span> 
     </span>
    </p>
   </div>
   <div class='ocr_carea' id='block_1_22' title="bbox 845 1886 3311 2051">
    <p class='ocr_par' dir='ltr' id='par_1_22' title="bbox 845 1886 3311 2051">
     <span class='ocr_line' id='line_1_22' title="bbox 845 1886 3311 2051; baseline 0.002 -9"><span class='ocrx_word' id='word_1_143' title='bbox 845 1886 2172 2051; x_wconf 78' lang='lat' dir='ltr'><strong>GLYCANORUM</strong></span> <span class='ocrx_word' id='word_1_144' title='bbox 2310 1888 2563 2047; x_wconf 85' lang='lat' dir='ltr'><strong>AN</strong></span> <span class='ocrx_word' id='word_1_145' title='bbox 2574 1897 2701 2045; x_wconf 89' lang='lat' dir='ltr'><strong>N</strong></span> <span class='ocrx_word' id='word_1_146' title='bbox 2711 1893 3311 2050; x_wconf 83' lang='lat' dir='ltr'><strong>ALIUM</strong></span> 
     </span>
    </p>
   </div>
   <div class='ocr_carea' id='block_1_23' title="bbox 1635 2136 2483 2232">
    <p class='ocr_par' dir='ltr' id='par_1_23' title="bbox 1635 2136 2483 2232">
     <span class='ocr_line' id='line_1_23' title="bbox 1635 2136 2483 2232; baseline 0.006 -5"><span class='ocrx_word' id='word_1_147' title='bbox 1635 2136 2483 2232; x_wconf 74' lang='lat' dir='ltr'><strong>CON&#39;I‘INUATIO</strong></span> 
     </span>
    </p>
   </div>
   <div class='ocr_carea' id='block_1_24' title="bbox 720 2272 3429 2414">
    <p class='ocr_par' dir='ltr' id='par_1_24' title="bbox 720 2326 3429 2414">
     <span class='ocr_line' id='line_1_24' title="bbox 720 2326 3429 2414; baseline 0.003 -25"><span class='ocrx_word' id='word_1_148' title='bbox 720 2330 772 2389; x_wconf 87' lang='lat' dir='ltr'><strong>A</strong></span> <span class='ocrx_word' id='word_1_149' title='bbox 806 2326 1124 2391; x_wconf 83' lang='lat' dir='ltr'><strong>JOANNE</strong></span> <span class='ocrx_word' id='word_1_150' title='bbox 1155 2326 1547 2392; x_wconf 80' lang='lat' dir='ltr'><strong>COMNENO</strong></span> <span class='ocrx_word' id='word_1_151' title='bbox 1590 2328 1846 2401; x_wconf 85' lang='lat' dir='ltr'><strong>USQUE</strong></span> <span class='ocrx_word' id='word_1_152' title='bbox 1889 2329 1995 2391; x_wconf 83' lang='lat' dir='ltr'><strong>AD</strong></span> <span class='ocrx_word' id='word_1_153' title='bbox 2034 2330 2345 2394; x_wconf 70' lang='lat' dir='ltr'><strong>IMPERII</strong></span> <span class='ocrx_word' id='word_1_154' title='bbox 2389 2332 2824 2396; x_wconf 81' lang='lat' dir='ltr'><strong>BYZANTINI</strong></span> <span class='ocrx_word' id='word_1_155' title='bbox 2872 2331 3429 2414; x_wconf 76' lang='lat' dir='ltr'><strong>EVERSIONEM,</strong></span> 
     </span>
    </p>
   </div>
   <div class='ocr_carea' id='block_1_25' title="bbox 1396 2493 2767 2562">
    <p class='ocr_par' dir='ltr' id='par_1_25' title="bbox 1396 2493 2767 2562">
     <span class='ocr_line' id='line_1_25' title="bbox 1396 2493 2767 2562; baseline 0.004 -7"><span class='ocrx_word' id='word_1_156' title='bbox 1396 2494 1785 2558; x_wconf 70' lang='lat' dir='ltr'><strong>AUCTORE</strong></span> <span class='ocrx_word' id='word_1_157' title='bbox 1820 2493 2159 2560; x_wconf 84' lang='lat' dir='ltr'><em>JOANNE</em></span> <span class='ocrx_word' id='word_1_158' title='bbox 2203 2497 2591 2561; x_wconf 85' lang='lat' dir='ltr'><strong>LEUNCLA</strong></span> <span class='ocrx_word' id='word_1_159' title='bbox 2609 2499 2767 2562; x_wconf 80' lang='lat' dir='ltr'><strong>V10.</strong></span> 
     </span>
    </p>
   </div>
   <div class='ocr_carea' id='block_1_26' title="bbox 601 2660 3544 2745">
    <p class='ocr_par' dir='ltr' id='par_1_26' title="bbox 601 2660 3544 2745">
     <span class='ocr_line' id='line_1_26' title="bbox 601 2660 3544 2745; baseline 0.001 -19"><span class='ocrx_word' id='word_1_160' title='bbox 601 2668 731 2738; x_wconf 88' lang='lat' dir='ltr'><strong>Qua</strong></span> <span class='ocrx_word' id='word_1_161' title='bbox 760 2660 1206 2744; x_wconf 81' lang='lat' dir='ltr'><strong>superioribus</strong></span> <span class='ocrx_word' id='word_1_162' title='bbox 1250 2662 1514 2742; x_wconf 83' lang='lat' dir='ltr'><strong>adjecta,</strong></span> <span class='ocrx_word' id='word_1_163' title='bbox 1558 2682 1789 2745; x_wconf 88' lang='lat' dir='ltr'><strong>corpus</strong></span> <span class='ocrx_word' id='word_1_164' title='bbox 1836 2665 2150 2744; x_wconf 83' lang='lat' dir='ltr'><strong>integrum</strong></span> <span class='ocrx_word' id='word_1_165' title='bbox 2197 2666 2493 2729; x_wconf 81' lang='lat' dir='ltr'><strong>Historiae</strong></span> <span class='ocrx_word' id='word_1_166' title='bbox 2537 2666 2898 2745; x_wconf 72' lang='lat' dir='ltr'><strong>Byzantines</strong></span> <span class='ocrx_word' id='word_1_167' title='bbox 2943 2669 3238 2731; x_wconf 84' lang='lat' dir='ltr'><strong>Lectores</strong></span> <span class='ocrx_word' id='word_1_168' title='bbox 3279 2668 3544 2732; x_wconf 78' lang='lat' dir='ltr'><strong>habent.</strong></span> 
     </span>
    </p>
   </div>
   <div class='ocr_carea' id='block_1_27' title="bbox 509 2943 3705 3017">
    <p class='ocr_par' dir='ltr' id='par_1_27' title="bbox 509 2943 3705 3017">
     <span class='ocr_line' id='line_1_27' title="bbox 509 2943 3705 3017; baseline 0 -17"><span class='ocrx_word' id='word_1_169' title='bbox 509 2944 676 3017; x_wconf 75' lang='lat'><strong>336</strong></span> <span class='ocrx_word' id='word_1_170' title='bbox 698 2944 886 3000; x_wconf 76' lang='lat' dir='ltr'><strong>Alexio</strong></span> <span class='ocrx_word' id='word_1_171' title='bbox 925 2943 1258 3014; x_wconf 87' lang='lat' dir='ltr'><strong>imperatore</strong></span> <span class='ocrx_word' id='word_1_172' title='bbox 1285 2944 1542 3016; x_wconf 89' lang='lat' dir='ltr'><strong>spiritum</strong></span> <span class='ocrx_word' id='word_1_173' title='bbox 1573 2953 1880 3000; x_wconf 80' lang='lat' dir='ltr'><strong>extremum</strong></span> <span class='ocrx_word' id='word_1_174' title='bbox 1915 2947 2014 3000; x_wconf 88' lang='lat' dir='ltr'><strong>du-</strong></span> <span class='ocrx_word' id='word_1_175' title='bbox 2046 2951 2089 3008; x_wconf 76' lang='grc' dir='ltr'>Α</span> <span class='ocrx_word' id='word_1_176' title='bbox 2121 2945 2389 3001; x_wconf 90' lang='lat' dir='ltr'><strong>sidentem</strong></span> <span class='ocrx_word' id='word_1_177' title='bbox 2445 2945 2616 3009; x_wconf 89' lang='lat' dir='ltr'><strong>leoni,</strong></span> <span class='ocrx_word' id='word_1_178' title='bbox 2675 2959 2836 3015; x_wconf 82' lang='lat' dir='ltr'><strong>quem</strong></span> <span class='ocrx_word' id='word_1_179' title='bbox 2860 2944 3088 3000; x_wconf 88' lang='lat' dir='ltr'><strong>auribus</strong></span> <span class='ocrx_word' id='word_1_180' title='bbox 3161 2944 3509 3001; x_wconf 78' lang='lat' dir='ltr'><strong>habenarum</strong></span> <span class='ocrx_word' id='word_1_181' title='bbox 3581 2946 3705 3001; x_wconf 74' lang='lat' dir='ltr'><strong>vice</strong></span> 
     </span>
    </p>
   </div>
   <div class='ocr_carea' id='block_1_28' title="bbox 438 3036 2017 3109">
    <p class='ocr_par' dir='ltr' id='par_1_28' title="bbox 438 3036 2017 3109">
     <span class='ocr_line' id='line_1_28' title="bbox 438 3036 2017 3109; baseline 0.001 -17"><span class='ocrx_word' id='word_1_182' title='bbox 438 3047 621 3102; x_wconf 74' lang='lat' dir='ltr'><strong>cente,</strong></span> <span class='ocrx_word' id='word_1_183' title='bbox 640 3037 880 3092; x_wconf 84' lang='lat' dir='ltr'><strong>Joannes</strong></span> <span class='ocrx_word' id='word_1_184' title='bbox 900 3037 1168 3092; x_wconf 82' lang='lat' dir='ltr'><strong>maximus</strong></span> <span class='ocrx_word' id='word_1_185' title='bbox 1195 3047 1324 3093; x_wconf 89' lang='lat' dir='ltr'><strong>natu</strong></span> <span class='ocrx_word' id='word_1_186' title='bbox 1355 3036 1519 3103; x_wconf 88' lang='lat' dir='ltr'><strong>filius,</strong></span> <span class='ocrx_word' id='word_1_187' title='bbox 1542 3039 1831 3109; x_wconf 79' lang='lat' dir='ltr'><strong>adjuvante</strong></span> <span class='ocrx_word' id='word_1_188' title='bbox 1852 3039 2017 3094; x_wconf 78' lang='lat' dir='ltr'><strong>fratre</strong></span> 
     </span>
    </p>
   </div>
   <div class='ocr_carea' id='block_1_29' title="bbox 442 3127 2020 3199">
    <p class='ocr_par' dir='ltr' id='par_1_29' title="bbox 442 3127 2020 3199">
     <span class='ocr_line' id='line_1_29' title="bbox 442 3127 2020 3199; baseline -0.002 -15"><span class='ocrx_word' id='word_1_189' title='bbox 442 3130 669 3196; x_wconf 81' lang='lat' dir='ltr'><strong>lsaacio,</strong></span> <span class='ocrx_word' id='word_1_190' title='bbox 698 3128 1169 3195; x_wconf 85' lang='lat' dir='ltr'><strong>Sebastocratore,</strong></span> <span class='ocrx_word' id='word_1_191' title='bbox 1204 3131 1429 3184; x_wconf 92' lang='lat' dir='ltr'><strong>conscio</strong></span> <span class='ocrx_word' id='word_1_192' title='bbox 1466 3139 1641 3199; x_wconf 89' lang='lat' dir='ltr'><strong>patre,</strong></span> <span class='ocrx_word' id='word_1_193' title='bbox 1674 3143 1774 3183; x_wconf 90' lang='lat' dir='ltr'><strong>ceu</strong></span> <span class='ocrx_word' id='word_1_194' title='bbox 1805 3127 2020 3182; x_wconf 85' lang='lat' dir='ltr'><strong>fereba-</strong></span> 
     </span>
    </p>
   </div>
   <div class='ocr_carea' id='block_1_30' title="bbox 441 3220 2015 3293">
    <p class='ocr_par' dir='ltr' id='par_1_30' title="bbox 441 3220 2015 3293">
     <span class='ocr_line' id='line_1_30' title="bbox 441 3220 2015 3293; baseline -0.003 -16"><span class='ocrx_word' id='word_1_195' title='bbox 441 3232 553 3289; x_wconf 78' lang='lat' dir='ltr'><strong>tur,</strong></span> <span class='ocrx_word' id='word_1_196' title='bbox 582 3220 756 3277; x_wconf 80' lang='lat' dir='ltr'><strong>invita</strong></span> <span class='ocrx_word' id='word_1_197' title='bbox 809 3230 1006 3286; x_wconf 86' lang='lat' dir='ltr'><strong>matre,</strong></span> <span class='ocrx_word' id='word_1_198' title='bbox 1063 3237 1184 3291; x_wconf 67' lang='lat' dir='ltr'><strong>qnze</strong></span> <span class='ocrx_word' id='word_1_199' title='bbox 1213 3222 1545 3293; x_wconf 84' lang='lat' dir='ltr'><strong>Bryennium</strong></span> <span class='ocrx_word' id='word_1_200' title='bbox 1581 3237 1845 3293; x_wconf 78' lang='lat' dir='ltr'><strong>generum</strong></span> <span class='ocrx_word' id='word_1_201' title='bbox 1891 3236 2015 3276; x_wconf 72' lang='lat' dir='ltr'><strong>cum</strong></span> 
     </span>
    </p>
   </div>
   <div class='ocr_carea' id='block_1_31' title="bbox 441 3314 2020 3385">
    <p class='ocr_par' dir='ltr' id='par_1_31' title="bbox 441 3314 2020 3385">
     <span class='ocr_line' id='line_1_31' title="bbox 441 3314 2020 3385; baseline -0.002 -14"><span class='ocrx_word' id='word_1_202' title='bbox 441 3316 598 3371; x_wconf 70' lang='lat' dir='ltr'><strong>Anna</strong></span> <span class='ocrx_word' id='word_1_203' title='bbox 615 3314 906 3370; x_wconf 69' lang='lat' dir='ltr'><strong>Cwsarissa</strong></span> <span class='ocrx_word' id='word_1_204' title='bbox 929 3314 1034 3369; x_wconf 87' lang='lat' dir='ltr'><strong>filia</strong></span> <span class='ocrx_word' id='word_1_205' title='bbox 1059 3314 1342 3370; x_wconf 88' lang='lat' dir='ltr'><strong>maluisset</strong></span> <span class='ocrx_word' id='word_1_206' title='bbox 1363 3315 1596 3385; x_wconf 88' lang='lat' dir='ltr'><strong>imperio</strong></span> <span class='ocrx_word' id='word_1_207' title='bbox 1619 3315 1807 3385; x_wconf 88' lang='lat' dir='ltr'><strong>potiri,</strong></span> <span class='ocrx_word' id='word_1_208' title='bbox 1828 3320 2020 3368; x_wconf 88' lang='lat' dir='ltr'><strong>nactus</strong></span> 
     </span>
    </p>
   </div>
   <div class='ocr_carea' id='block_1_32' title="bbox 439 3405 2015 3475">
    <p class='ocr_par' dir='ltr' id='par_1_32' title="bbox 439 3405 2015 3475">
     <span class='ocr_line' id='line_1_32' title="bbox 439 3405 2015 3475; baseline -0.004 -14"><span class='ocrx_word' id='word_1_209' title='bbox 439 3407 705 3461; x_wconf 87' lang='lat' dir='ltr'><strong>annulum</strong></span> <span class='ocrx_word' id='word_1_210' title='bbox 732 3413 1043 3475; x_wconf 87' lang='lat' dir='ltr'><strong>paternum,</strong></span> <span class='ocrx_word' id='word_1_211' title='bbox 1081 3405 1275 3475; x_wconf 88' lang='lat' dir='ltr'><strong>partim</strong></span> <span class='ocrx_word' id='word_1_212' title='bbox 1308 3419 1376 3460; x_wconf 88' lang='lat' dir='ltr'><strong>eo</strong></span> <span class='ocrx_word' id='word_1_213' title='bbox 1425 3405 1749 3461; x_wconf 85' lang='lat' dir='ltr'><strong>custodibus</strong></span> <span class='ocrx_word' id='word_1_214' title='bbox 1774 3412 2015 3467; x_wconf 82' lang='lat' dir='ltr'><strong>ostenso,</strong></span> 
     </span>
    </p>
   </div>
   <div class='ocr_carea' id='block_1_33' title="bbox 439 3498 2017 3570">
    <p class='ocr_par' dir='ltr' id='par_1_33' title="bbox 439 3498 2017 3570">
     <span class='ocr_line' id='line_1_33' title="bbox 439 3498 2017 3570; baseline -0.004 -17"><span class='ocrx_word' id='word_1_215' title='bbox 439 3500 641 3570; x_wconf 86' lang='lat' dir='ltr'><strong>partim</strong></span> <span class='ocrx_word' id='word_1_216' title='bbox 701 3500 752 3553; x_wconf 93' lang='lat' dir='ltr'><strong>vi</strong></span> <span class='ocrx_word' id='word_1_217' title='bbox 790 3499 963 3569; x_wconf 87' lang='lat' dir='ltr'><strong>portis</strong></span> <span class='ocrx_word' id='word_1_218' title='bbox 1015 3514 1046 3553; x_wconf 91' lang='lat' dir='ltr'><strong>e</strong></span> <span class='ocrx_word' id='word_1_219' title='bbox 1101 3498 1423 3553; x_wconf 87' lang='lat' dir='ltr'><strong>cardinibus</strong></span> <span class='ocrx_word' id='word_1_220' title='bbox 1480 3498 1699 3563; x_wconf 87' lang='lat' dir='ltr'><strong>emetis,</strong></span> <span class='ocrx_word' id='word_1_221' title='bbox 1753 3509 2017 3563; x_wconf 85' lang='lat' dir='ltr'><strong>magnum</strong></span> 
     </span>
    </p>
   </div>
   <div class='ocr_carea' id='block_1_34' title="bbox 441 3589 2022 3663">
    <p class='ocr_par' dir='ltr' id='par_1_34' title="bbox 441 3589 2022 3663">
     <span class='ocr_line' id='line_1_34' title="bbox 441 3589 2022 3663; baseline -0.004 -17"><span class='ocrx_word' id='word_1_222' title='bbox 441 3590 703 3663; x_wconf 85' lang='lat' dir='ltr'><strong>palatium</strong></span> <span class='ocrx_word' id='word_1_223' title='bbox 745 3590 1020 3659; x_wconf 85' lang='lat' dir='ltr'><strong>ingressus</strong></span> <span class='ocrx_word' id='word_1_224' title='bbox 1044 3600 1149 3654; x_wconf 90' lang='lat' dir='ltr'><strong>est,</strong></span> <span class='ocrx_word' id='word_1_225' title='bbox 1216 3605 1383 3660; x_wconf 82' lang='lat' dir='ltr'><strong>seque</strong></span> <span class='ocrx_word' id='word_1_226' title='bbox 1432 3589 1762 3658; x_wconf 84' lang='lat' dir='ltr'><strong>imperatore</strong></span> <span class='ocrx_word' id='word_1_227' title='bbox 1809 3600 2022 3640; x_wconf 82' lang='lat' dir='ltr'><strong>nuneu-</strong></span> 
     </span>
    </p>
   </div>
   <div class='ocr_carea' id='block_1_35' title="bbox 442 3677 2019 3752">
    <p class='ocr_par' dir='ltr' id='par_1_35' title="bbox 442 3677 2019 3752">
     <span class='ocr_line' id='line_1_35' title="bbox 442 3677 2019 3752; baseline -0.003 -15"><span class='ocrx_word' id='word_1_228' title='bbox 442 3682 1025 3752; x_wconf 70' lang='lat' dir='ltr'><strong>pato,.rempublicam</strong></span> <span class='ocrx_word' id='word_1_229' title='bbox 1042 3681 1430 3736; x_wconf 88' lang='lat' dir='ltr'><strong>administrare</strong></span> <span class='ocrx_word' id='word_1_230' title='bbox 1460 3679 1649 3749; x_wconf 58' lang='lat' dir='ltr'><strong>coepit.</strong></span> <span class='ocrx_word' id='word_1_231' title='bbox 1680 3677 2019 3735; x_wconf 83' lang='lat' dir='ltr'><strong>Conﬂrmato</strong></span> 
     </span>
    </p>
   </div>
   <div class='ocr_carea' id='block_1_36' title="bbox 440 3772 2017 3846">
    <p class='ocr_par' dir='ltr' id='par_1_36' title="bbox 440 3772 2017 3846">
     <span class='ocr_line' id='line_1_36' title="bbox 440 3772 2017 3846; baseline -0.003 -16"><span class='ocrx_word' id='word_1_232' title='bbox 440 3777 695 3846; x_wconf 85' lang='lat' dir='ltr'><strong>imperio,</strong></span> <span class='ocrx_word' id='word_1_233' title='bbox 725 3776 1001 3846; x_wconf 82' lang='lat' dir='ltr'><strong>praecipue</strong></span> <span class='ocrx_word' id='word_1_234' title='bbox 1037 3784 1395 3846; x_wconf 86' lang='lat' dir='ltr'><strong>cognatorum</strong></span> <span class='ocrx_word' id='word_1_235' title='bbox 1426 3788 1591 3842; x_wconf 84' lang='lat' dir='ltr'><strong>Opera</strong></span> <span class='ocrx_word' id='word_1_236' title='bbox 1635 3773 1693 3827; x_wconf 89' lang='lat' dir='ltr'><strong>in</strong></span> <span class='ocrx_word' id='word_1_237' title='bbox 1741 3772 2017 3843; x_wconf 85' lang='lat' dir='ltr'><strong>guberna-</strong></span> 
     </span>
    </p>
   </div>
   <div class='ocr_carea' id='block_1_37' title="bbox 440 3864 2020 3935">
    <p class='ocr_par' dir='ltr' id='par_1_37' title="bbox 440 3864 2020 3935">
     <span class='ocr_line' id='line_1_37' title="bbox 440 3864 2020 3935; baseline -0.004 -10"><span class='ocrx_word' id='word_1_238' title='bbox 440 3871 589 3925; x_wconf 88' lang='lat' dir='ltr'><strong>tione</strong></span> <span class='ocrx_word' id='word_1_239' title='bbox 624 3869 883 3925; x_wconf 81' lang='lat' dir='ltr'><strong>utebatur</strong></span> <span class='ocrx_word' id='word_1_240' title='bbox 923 3868 1155 3924; x_wconf 91' lang='lat' dir='ltr'><strong>Joannis</strong></span> <span class='ocrx_word' id='word_1_241' title='bbox 1186 3864 1455 3923; x_wconf 88' lang='lat' dir='ltr'><strong>Comneni</strong></span> <span class='ocrx_word' id='word_1_242' title='bbox 1513 3864 1869 3932; x_wconf 83' lang='lat' dir='ltr'><strong>accubitoris,</strong></span> <span class='ocrx_word' id='word_1_243' title='bbox 1924 3866 2020 3935; x_wconf 86' lang='lat' dir='ltr'><strong>qui</strong></span> 
     </span>
    </p>
   </div>
   <div class='ocr_carea' id='block_1_38' title="bbox 439 3957 2019 4035">
    <p class='ocr_par' dir='ltr' id='par_1_38' title="bbox 439 3957 2019 4035">
     <span class='ocr_line' id='line_1_38' title="bbox 439 3957 2019 4035; baseline -0.005 -17"><span class='ocrx_word' id='word_1_244' title='bbox 439 3963 749 4035; x_wconf 74' lang='lat' dir='ltr'><strong>arrogantia</strong></span> <span class='ocrx_word' id='word_1_245' title='bbox 773 3977 871 4018; x_wconf 87' lang='lat' dir='ltr'><strong>sua</strong></span> <span class='ocrx_word' id='word_1_246' title='bbox 901 3972 1075 4017; x_wconf 86' lang='lat' dir='ltr'><strong>semet</strong></span> <span class='ocrx_word' id='word_1_247' title='bbox 1108 3964 1220 4016; x_wconf 89' lang='lat' dir='ltr'><strong>cito</strong></span> <span class='ocrx_word' id='word_1_248' title='bbox 1247 3960 1466 4031; x_wconf 85' lang='lat' dir='ltr'><strong>dejeeit,</strong></span> <span class='ocrx_word' id='word_1_249' title='bbox 1521 3968 1577 4014; x_wconf 91' lang='lat' dir='ltr'><strong>et</strong></span> <span class='ocrx_word' id='word_1_250' title='bbox 1606 3958 1855 4030; x_wconf 88' lang='lat' dir='ltr'><strong>Gregorii</strong></span> <span class='ocrx_word' id='word_1_251' title='bbox 1913 3957 2019 4011; x_wconf 89' lang='lat' dir='ltr'><strong>Ta-</strong></span> 
     </span>
    </p>
   </div>
   <div class='ocr_carea' id='block_1_39' title="bbox 437 4049 2017 4123">
    <p class='ocr_par' dir='ltr' id='par_1_39' title="bbox 437 4049 2017 4123">
     <span class='ocr_line' id='line_1_39' title="bbox 437 4049 2017 4123; baseline -0.004 -14"><span class='ocrx_word' id='word_1_252' title='bbox 437 4054 656 4119; x_wconf 76' lang='lat' dir='ltr'><strong>rnnitze,</strong></span> <span class='ocrx_word' id='word_1_253' title='bbox 693 4054 798 4108; x_wconf 84' lang='lat' dir='ltr'><strong>viri</strong></span> <span class='ocrx_word' id='word_1_254' title='bbox 833 4052 1091 4119; x_wconf 88' lang='lat' dir='ltr'><strong>modesti,</strong></span> <span class='ocrx_word' id='word_1_255' title='bbox 1115 4062 1377 4123; x_wconf 65' lang='lat' dir='ltr'><strong>praetcrea</strong></span> <span class='ocrx_word' id='word_1_256' title='bbox 1417 4049 1666 4120; x_wconf 87' lang='lat' dir='ltr'><strong>Gregorii</strong></span> <span class='ocrx_word' id='word_1_257' title='bbox 1721 4049 2017 4115; x_wconf 79' lang='lat' dir='ltr'><strong>Cantateri,</strong></span> 
     </span>
    </p>
   </div>
   <div class='ocr_carea' id='block_1_40' title="bbox 438 4137 2018 4211">
    <p class='ocr_par' dir='ltr' id='par_1_40' title="bbox 438 4137 2018 4211">
     <span class='ocr_line' id='line_1_40' title="bbox 438 4137 2018 4211; baseline -0.006 -13"><span class='ocrx_word' id='word_1_258' title='bbox 438 4143 685 4198; x_wconf 82' lang='lat' dir='ltr'><strong>obseuro-</strong></span> <span class='ocrx_word' id='word_1_259' title='bbox 732 4142 843 4196; x_wconf 87' lang='lat' dir='ltr'><strong>nati</strong></span> <span class='ocrx_word' id='word_1_260' title='bbox 884 4154 1104 4211; x_wconf 85' lang='lat' dir='ltr'><strong>genere,</strong></span> <span class='ocrx_word' id='word_1_261' title='bbox 1171 4153 1236 4193; x_wconf 96' lang='lat' dir='ltr'><strong>ac</strong></span> <span class='ocrx_word' id='word_1_262' title='bbox 1277 4138 1504 4194; x_wconf 88' lang='lat' dir='ltr'><strong>Joannis</strong></span> <span class='ocrx_word' id='word_1_263' title='bbox 1553 4137 1771 4193; x_wconf 70' lang='grc' dir='ltr'><strong>Ακυοίιί</strong></span> <span class='ocrx_word' id='word_1_264' title='bbox 1822 4137 2018 4202; x_wconf 53' lang='grc' dir='ltr'><strong>[νει-εκ,</strong></span> 
     </span>
    </p>
   </div>
   <div class='ocr_carea' id='block_1_41' title="bbox 370 4228 2021 4314">
    <p class='ocr_par' dir='ltr' id='par_1_41' title="bbox 370 4228 2021 4314">
     <span class='ocr_line' id='line_1_41' title="bbox 370 4228 2021 4314; baseline -0.007 -21"><span class='ocrx_word' id='word_1_265' title='bbox 370 4303 382 4314; x_wconf 41' lang='grc'>.</span> <span class='ocrx_word' id='word_1_266' title='bbox 420 4251 604 4306; x_wconf 82' lang='lat' dir='ltr'><strong>quem</strong></span> <span class='ocrx_word' id='word_1_267' title='bbox 632 4234 865 4289; x_wconf 82' lang='lat' dir='ltr'><strong>miriﬁce</strong></span> <span class='ocrx_word' id='word_1_268' title='bbox 896 4232 1161 4302; x_wconf 81' lang='lat' dir='ltr'><strong>diligebat</strong></span> <span class='ocrx_word' id='word_1_269' title='bbox 1200 4230 1273 4286; x_wconf 91' lang='lat' dir='ltr'><strong>ob</strong></span> <span class='ocrx_word' id='word_1_270' title='bbox 1301 4230 1758 4285; x_wconf 81' lang='lat' dir='ltr'><strong>consuetudinem</strong></span> <span class='ocrx_word' id='word_1_271' title='bbox 1802 4228 2021 4283; x_wconf 87' lang='lat' dir='ltr'><strong>diutur-</strong></span> 
     </span>
    </p>
   </div>
   <div class='ocr_carea' id='block_1_42' title="bbox 440 4322 2019 4395">
    <p class='ocr_par' dir='ltr' id='par_1_42' title="bbox 440 4322 2019 4395">
     <span class='ocr_line' id='line_1_42' title="bbox 440 4322 2019 4395; baseline -0.006 -12"><span class='ocrx_word' id='word_1_272' title='bbox 440 4343 588 4391; x_wconf 90' lang='lat' dir='ltr'><strong>nam,</strong></span> <span class='ocrx_word' id='word_1_273' title='bbox 637 4339 690 4382; x_wconf 90' lang='lat' dir='ltr'><strong>et</strong></span> <span class='ocrx_word' id='word_1_274' title='bbox 728 4327 941 4381; x_wconf 82' lang='lat' dir='ltr'><strong>honore</strong></span> <span class='ocrx_word' id='word_1_275' title='bbox 985 4324 1169 4395; x_wconf 84' lang='lat' dir='ltr'><strong>magni</strong></span> <span class='ocrx_word' id='word_1_276' title='bbox 1200 4323 1489 4379; x_wconf 88' lang='lat' dir='ltr'><strong>domestici</strong></span> <span class='ocrx_word' id='word_1_277' title='bbox 1538 4323 1791 4379; x_wconf 90' lang='lat' dir='ltr'><strong>ornabat.</strong></span> <span class='ocrx_word' id='word_1_278' title='bbox 1859 4322 2019 4376; x_wconf 83' lang='lat' dir='ltr'><strong>Anno</strong></span> 
     </span>
    </p>
   </div>
   <div class='ocr_carea' id='block_1_43' title="bbox 440 4412 2016 4490">
    <p class='ocr_par' dir='ltr' id='par_1_43' title="bbox 440 4412 2016 4490">
     <span class='ocr_line' id='line_1_43' title="bbox 440 4412 2016 4490; baseline -0.004 -17"><span class='ocrx_word' id='word_1_279' title='bbox 440 4419 620 4490; x_wconf 87' lang='lat' dir='ltr'><strong>primo</strong></span> <span class='ocrx_word' id='word_1_280' title='bbox 647 4418 883 4473; x_wconf 79' lang='lat' dir='ltr'><strong>necdum</strong></span> <span class='ocrx_word' id='word_1_281' title='bbox 947 4426 1142 4471; x_wconf 80' lang='lat' dir='ltr'><strong>exacto</strong></span> <span class='ocrx_word' id='word_1_282' title='bbox 1168 4414 1443 4471; x_wconf 90' lang='lat' dir='ltr'><strong>concitata</strong></span> <span class='ocrx_word' id='word_1_283' title='bbox 1477 4413 1582 4468; x_wconf 83' lang='lat' dir='ltr'><strong>fuit</strong></span> <span class='ocrx_word' id='word_1_284' title='bbox 1613 4412 1881 4469; x_wconf 77' lang='lat' dir='ltr'><strong>adversits</strong></span> <span class='ocrx_word' id='word_1_285' title='bbox 1911 4412 2016 4467; x_wconf 92' lang='lat' dir='ltr'><strong>im-</strong></span> 
     </span>
    </p>
   </div>
   <div class='ocr_carea' id='block_1_44' title="bbox 438 4506 2018 4583">
    <p class='ocr_par' dir='ltr' id='par_1_44' title="bbox 438 4506 2018 4583">
     <span class='ocr_line' id='line_1_44' title="bbox 438 4506 2018 4583; baseline -0.004 -16"><span class='ocrx_word' id='word_1_286' title='bbox 438 4520 750 4583; x_wconf 75' lang='lat' dir='ltr'><strong>peratorem</strong></span> <span class='ocrx_word' id='word_1_287' title='bbox 773 4509 993 4572; x_wconf 84' lang='lat' dir='ltr'><strong>seditio,</strong></span> <span class='ocrx_word' id='word_1_288' title='bbox 1013 4509 1171 4579; x_wconf 89' lang='lat' dir='ltr'><strong>cujus</strong></span> <span class='ocrx_word' id='word_1_289' title='bbox 1201 4517 1362 4563; x_wconf 86' lang='lat' dir='ltr'><strong>erant</strong></span> <span class='ocrx_word' id='word_1_290' title='bbox 1391 4507 1670 4577; x_wconf 80' lang='lat' dir='ltr'><strong>principes</strong></span> <span class='ocrx_word' id='word_1_291' title='bbox 1709 4506 2018 4577; x_wconf 86' lang='lat' dir='ltr'><strong>Bryennius</strong></span> 
     </span>
    </p>
   </div>
   <div class='ocr_carea' id='block_1_45' title="bbox 440 4584 2015 4665">
    <p class='ocr_par' dir='ltr' id='par_1_45' title="bbox 440 4584 2015 4665">
     <span class='ocr_line' id='line_1_45' title="bbox 440 4584 2015 4665; baseline -0.004 -7"><span class='ocrx_word' id='word_1_292' title='bbox 440 4613 498 4658; x_wconf 90' lang='lat' dir='ltr'><strong>et</strong></span> <span class='ocrx_word' id='word_1_293' title='bbox 526 4605 682 4657; x_wconf 81' lang='lat' dir='ltr'><strong>Anna</strong></span> <span class='ocrx_word' id='word_1_294' title='bbox 719 4601 1035 4658; x_wconf 66' lang='lat' dir='ltr'><strong>Carsarissa.</strong></span> <span class='ocrx_word' id='word_1_295' title='bbox 1090 4584 1290 4655; x_wconf 78' lang='lat' dir='ltr'><strong>Verum</strong></span> <span class='ocrx_word' id='word_1_296' title='bbox 1350 4615 1415 4656; x_wconf 89' lang='lat' dir='ltr'><strong>ea</strong></span> <span class='ocrx_word' id='word_1_297' title='bbox 1451 4608 1665 4654; x_wconf 79' lang='lat' dir='ltr'><strong>mature</strong></span> <span class='ocrx_word' id='word_1_298' title='bbox 1708 4599 1886 4664; x_wconf 90' lang='lat' dir='ltr'><strong>sopita</strong></span> <span class='ocrx_word' id='word_1_299' title='bbox 1911 4606 2015 4665; x_wconf 84' lang='lat' dir='ltr'><strong>est,</strong></span> 
     </span>
    </p>
   </div>
   <div class='ocr_carea' id='block_1_46' title="bbox 442 4692 1803 4775">
    <p class='ocr_par' dir='ltr' id='par_1_46' title="bbox 442 4692 1803 4775">
     <span class='ocr_line' id='line_1_46' title="bbox 442 4692 1803 4775; baseline -0.002 -26"><span class='ocrx_word' id='word_1_300' title='bbox 442 4697 778 4764; x_wconf 83' lang='lat' dir='ltr'><strong>imperatore</strong></span> <span class='ocrx_word' id='word_1_301' title='bbox 808 4694 1101 4775; x_wconf 80' lang='lat' dir='ltr'><strong>seditiosos</strong></span> <span class='ocrx_word' id='word_1_302' title='bbox 1132 4693 1450 4747; x_wconf 88' lang='lat' dir='ltr'><strong>humaniter</strong></span> <span class='ocrx_word' id='word_1_303' title='bbox 1476 4692 1803 4762; x_wconf 83' lang='lat' dir='ltr'><strong>castigante.</strong></span> 
     </span>
    </p>
   </div>
   <div class='ocr_carea' id='block_1_47' title="bbox 512 4770 2016 4857">
    <p class='ocr_par' dir='ltr' id='par_1_47' title="bbox 512 4770 2016 4857">
     <span class='ocr_line' id='line_1_47' title="bbox 512 4770 2016 4857; baseline -0.002 -14"><span class='ocrx_word' id='word_1_304' title='bbox 512 4789 643 4847; x_wconf 80' lang='lat' dir='ltr'><strong>Post</strong></span> <span class='ocrx_word' id='word_1_305' title='bbox 672 4790 787 4844; x_wconf 86' lang='lat' dir='ltr'><strong>haec</strong></span> <span class='ocrx_word' id='word_1_306' title='bbox 817 4770 1124 4843; x_wconf 37' lang='lat' dir='ltr'><strong>Turcis—in</strong></span> <span class='ocrx_word' id='word_1_307' title='bbox 1180 4785 1412 4857; x_wconf 80' lang='lat' dir='ltr'><strong>Phrygia</strong></span> <span class='ocrx_word' id='word_1_308' title='bbox 1455 4785 1633 4847; x_wconf 88' lang='lat' dir='ltr'><strong>victis,</strong></span> <span class='ocrx_word' id='word_1_309' title='bbox 1689 4784 2016 4840; x_wconf 87' lang='lat' dir='ltr'><strong>Laodiceam</strong></span> 
     </span>
    </p>
   </div>
   <div class='ocr_carea' id='block_1_48' title="bbox 444 4880 2019 4951">
    <p class='ocr_par' dir='ltr' id='par_1_48' title="bbox 444 4880 2019 4951">
     <span class='ocr_line' id='line_1_48' title="bbox 444 4880 2019 4951; baseline -0.001 -16"><span class='ocrx_word' id='word_1_310' title='bbox 444 4890 821 4951; x_wconf 84' lang='lat' dir='ltr'><strong>recuperatam</strong></span> <span class='ocrx_word' id='word_1_311' title='bbox 868 4880 1112 4935; x_wconf 86' lang='lat' dir='ltr'><strong>muniit:</strong></span> <span class='ocrx_word' id='word_1_312' title='bbox 1149 4882 1431 4948; x_wconf 89' lang='lat' dir='ltr'><strong>alteraque</strong></span> <span class='ocrx_word' id='word_1_313' title='bbox 1482 4887 1735 4949; x_wconf 83' lang='lat' dir='ltr'><strong>suscepta</strong></span> <span class='ocrx_word' id='word_1_314' title='bbox 1792 4880 2019 4950; x_wconf 81' lang='lat' dir='ltr'><strong>expedi-</strong></span> 
     </span>
    </p>
   </div>
   <div class='ocr_carea' id='block_1_49' title="bbox 444 4969 2015 5042">
    <p class='ocr_par' dir='ltr' id='par_1_49' title="bbox 444 4969 2015 5042">
     <span class='ocr_line' id='line_1_49' title="bbox 444 4969 2015 5042; baseline -0.002 -14"><span class='ocrx_word' id='word_1_315' title='bbox 444 4974 614 5038; x_wconf 87' lang='lat' dir='ltr'><strong>tione,</strong></span> <span class='ocrx_word' id='word_1_316' title='bbox 649 4973 880 5029; x_wconf 83' lang='lat' dir='ltr'><strong>solertcr</strong></span> <span class='ocrx_word' id='word_1_317' title='bbox 909 4971 1157 5042; x_wconf 89' lang='lat' dir='ltr'><strong>pellectis</strong></span> <span class='ocrx_word' id='word_1_318' title='bbox 1183 4971 1250 5023; x_wconf 90' lang='lat' dir='ltr'><strong>ad</strong></span> <span class='ocrx_word' id='word_1_319' title='bbox 1293 4969 1623 5025; x_wconf 80' lang='lat' dir='ltr'><strong>insidiarum</strong></span> <span class='ocrx_word' id='word_1_320' title='bbox 1674 4971 1790 5025; x_wconf 88' lang='lat' dir='ltr'><strong>lora</strong></span> <span class='ocrx_word' id='word_1_321' title='bbox 1824 4970 2015 5040; x_wconf 71' lang='lat' dir='ltr'><strong>praesi—</strong></span> 
     </span>
    </p>
   </div>
   <div class='ocr_carea' id='block_1_50' title="bbox 442 5061 2015 5132">
    <p class='ocr_par' dir='ltr' id='par_1_50' title="bbox 442 5061 2015 5132">
     <span class='ocr_line' id='line_1_50' title="bbox 442 5061 2015 5132; baseline -0.004 -9"><span class='ocrx_word' id='word_1_322' title='bbox 442 5067 657 5130; x_wconf 87' lang='lat' dir='ltr'><strong>diariis,</strong></span> <span class='ocrx_word' id='word_1_323' title='bbox 681 5075 738 5122; x_wconf 89' lang='lat' dir='ltr'><strong>et</strong></span> <span class='ocrx_word' id='word_1_324' title='bbox 775 5066 844 5122; x_wconf 88' lang='lat' dir='ltr'><strong>ab</strong></span> <span class='ocrx_word' id='word_1_325' title='bbox 894 5065 1033 5120; x_wconf 87' lang='lat' dir='ltr'><strong>urbe</strong></span> <span class='ocrx_word' id='word_1_326' title='bbox 1097 5061 1433 5129; x_wconf 83' lang='lat' dir='ltr'><strong>interclusis,</strong></span> <span class='ocrx_word' id='word_1_327' title='bbox 1492 5061 1804 5132; x_wconf 85' lang='lat' dir='ltr'><strong>Sonpolim</strong></span> <span class='ocrx_word' id='word_1_328' title='bbox 1851 5064 2015 5132; x_wconf 79' lang='lat' dir='ltr'><strong>cepit,</strong></span> 
     </span>
    </p>
   </div>
   <div class='ocr_carea' id='block_1_51' title="bbox 444 5154 2021 5227">
    <p class='ocr_par' dir='ltr' id='par_1_51' title="bbox 444 5154 2021 5227">
     <span class='ocr_line' id='line_1_51' title="bbox 444 5154 2021 5227; baseline -0.003 -12"><span class='ocrx_word' id='word_1_329' title='bbox 444 5174 570 5215; x_wconf 91' lang='lat' dir='ltr'><strong>cum</strong></span> <span class='ocrx_word' id='word_1_330' title='bbox 605 5157 729 5213; x_wconf 89' lang='lat' dir='ltr'><strong>aliis</strong></span> <span class='ocrx_word' id='word_1_331' title='bbox 782 5157 970 5219; x_wconf 85' lang='lat' dir='ltr'><strong>multis</strong></span> <span class='ocrx_word' id='word_1_332' title='bbox 1018 5154 1239 5225; x_wconf 89' lang='lat' dir='ltr'><strong>oppidis</strong></span> <span class='ocrx_word' id='word_1_333' title='bbox 1288 5154 1535 5225; x_wconf 89' lang='lat' dir='ltr'><strong>locisque</strong></span> <span class='ocrx_word' id='word_1_334' title='bbox 1597 5156 1846 5222; x_wconf 83' lang='lat' dir='ltr'><strong>munitis,</strong></span> <span class='ocrx_word' id='word_1_335' title='bbox 1898 5171 2021 5227; x_wconf 67' lang='lat' dir='ltr'><strong>quae</strong></span> 
     </span>
    </p>
   </div>
   <div class='ocr_carea' id='block_1_52' title="bbox 444 5245 2021 5318">
    <p class='ocr_par' dir='ltr' id='par_1_52' title="bbox 444 5245 2021 5318">
     <span class='ocr_line' id='line_1_52' title="bbox 444 5245 2021 5318; baseline -0.003 -12"><span class='ocrx_word' id='word_1_336' title='bbox 444 5251 612 5306; x_wconf 88' lang='lat' dir='ltr'><strong>Turci</strong></span> <span class='ocrx_word' id='word_1_337' title='bbox 663 5249 926 5304; x_wconf 80' lang='lat' dir='ltr'><strong>Romanis</strong></span> <span class='ocrx_word' id='word_1_338' title='bbox 979 5246 1320 5302; x_wconf 88' lang='lat' dir='ltr'><strong>ademerant.</strong></span> <span class='ocrx_word' id='word_1_339' title='bbox 1382 5245 1614 5317; x_wconf 82' lang='lat' dir='ltr'><strong>Scythas</strong></span> <span class='ocrx_word' id='word_1_340' title='bbox 1662 5248 1824 5302; x_wconf 89' lang='lat' dir='ltr'><strong>etiam</strong></span> <span class='ocrx_word' id='word_1_341' title='bbox 1881 5263 2021 5318; x_wconf 85' lang='lat' dir='ltr'><strong>quos</strong></span> 
     </span>
    </p>
   </div>
   <div class='ocr_carea' id='block_1_53' title="bbox 442 5342 2019 5412">
    <p class='ocr_par' dir='ltr' id='par_1_53' title="bbox 442 5342 2019 5412">
     <span class='ocr_line' id='line_1_53' title="bbox 442 5342 2019 5412; baseline -0.004 -11"><span class='ocrx_word' id='word_1_342' title='bbox 442 5347 769 5402; x_wconf 85' lang='lat' dir='ltr'><strong>Patzinaeas</strong></span> <span class='ocrx_word' id='word_1_343' title='bbox 800 5351 1023 5404; x_wconf 75' lang='lat' dir='ltr'><strong>vocant.</strong></span> <span class='ocrx_word' id='word_1_344' title='bbox 1049 5342 1261 5412; x_wconf 86' lang='lat' dir='ltr'><strong>ingenti</strong></span> <span class='ocrx_word' id='word_1_345' title='bbox 1312 5342 1501 5411; x_wconf 67' lang='lat' dir='ltr'><strong>praelia</strong></span> <span class='ocrx_word' id='word_1_346' title='bbox 1551 5342 1707 5404; x_wconf 86' lang='lat' dir='ltr'><strong>vicit,</strong></span> <span class='ocrx_word' id='word_1_347' title='bbox 1770 5342 2019 5411; x_wconf 85' lang='lat' dir='ltr'><strong>itemque</strong></span> 
     </span>
    </p>
   </div>
   <div class='ocr_carea' id='block_1_54' title="bbox 443 5434 2019 5505">
    <p class='ocr_par' dir='ltr' id='par_1_54' title="bbox 443 5434 2019 5505">
     <span class='ocr_line' id='line_1_54' title="bbox 443 5434 2019 5505; baseline -0.003 -12"><span class='ocrx_word' id='word_1_348' title='bbox 443 5437 718 5493; x_wconf 88' lang='lat' dir='ltr'><strong>Triballos</strong></span> <span class='ocrx_word' id='word_1_349' title='bbox 740 5443 796 5489; x_wconf 89' lang='lat' dir='ltr'><strong>et</strong></span> <span class='ocrx_word' id='word_1_350' title='bbox 822 5434 1065 5499; x_wconf 84' lang='lat' dir='ltr'><strong>Servios,</strong></span> <span class='ocrx_word' id='word_1_351' title='bbox 1110 5449 1250 5505; x_wconf 90' lang='lat' dir='ltr'><strong>quos</strong></span> <span class='ocrx_word' id='word_1_352' title='bbox 1281 5434 1334 5487; x_wconf 93' lang='lat' dir='ltr'><strong>in</strong></span> <span class='ocrx_word' id='word_1_353' title='bbox 1367 5442 1692 5505; x_wconf 88' lang='lat' dir='ltr'><strong>potestatem</strong></span> <span class='ocrx_word' id='word_1_354' title='bbox 1761 5434 2019 5489; x_wconf 86' lang='lat' dir='ltr'><strong>redactos</strong></span> 
     </span>
    </p>
   </div>
   <div class='ocr_carea' id='block_1_55' title="bbox 443 5526 2019 5599">
    <p class='ocr_par' dir='ltr' id='par_1_55' title="bbox 443 5526 2019 5599">
     <span class='ocr_line' id='line_1_55' title="bbox 443 5526 2019 5599; baseline -0.002 -15"><span class='ocrx_word' id='word_1_355' title='bbox 443 5544 644 5599; x_wconf 86' lang='lat' dir='ltr'><strong>magna</strong></span> <span class='ocrx_word' id='word_1_356' title='bbox 673 5541 743 5582; x_wconf 83' lang='lat' dir='ltr'><strong>ex</strong></span> <span class='ocrx_word' id='word_1_357' title='bbox 768 5534 927 5595; x_wconf 88' lang='lat' dir='ltr'><strong>parte</strong></span> <span class='ocrx_word' id='word_1_358' title='bbox 958 5526 1013 5580; x_wconf 94' lang='lat' dir='ltr'><strong>in</strong></span> <span class='ocrx_word' id='word_1_359' title='bbox 1067 5526 1542 5582; x_wconf 82' lang='lat' dir='ltr'><strong>Nicomediensem</strong></span> <span class='ocrx_word' id='word_1_360' title='bbox 1601 5527 1741 5584; x_wconf 63' lang='lat' dir='ltr'><strong>Asiae</strong></span> <span class='ocrx_word' id='word_1_361' title='bbox 1795 5526 2019 5597; x_wconf 88' lang='lat' dir='ltr'><strong>provin—</strong></span> 
     </span>
    </p>
   </div>
   <div class='ocr_carea' id='block_1_56' title="bbox 2121 3035 3696 3106">
    <p class='ocr_par' dir='ltr' id='par_1_56' title="bbox 2121 3035 3696 3106">
     <span class='ocr_line' id='line_1_56' title="bbox 2121 3035 3696 3106; baseline 0.001 -16"><span class='ocrx_word' id='word_1_362' title='bbox 2121 3037 2519 3102; x_wconf 88' lang='lat' dir='ltr'><strong>moderaretur,</strong></span> <span class='ocrx_word' id='word_1_363' title='bbox 2565 3052 2689 3091; x_wconf 88' lang='lat' dir='ltr'><strong>cum</strong></span> <span class='ocrx_word' id='word_1_364' title='bbox 2744 3035 2947 3106; x_wconf 89' lang='lat' dir='ltr'><strong>alioqui</strong></span> <span class='ocrx_word' id='word_1_365' title='bbox 3003 3036 3142 3090; x_wconf 90' lang='lat' dir='ltr'><strong>nihil</strong></span> <span class='ocrx_word' id='word_1_366' title='bbox 3186 3036 3420 3094; x_wconf 88' lang='lat' dir='ltr'><strong>haberet</strong></span> <span class='ocrx_word' id='word_1_367' title='bbox 3471 3037 3538 3093; x_wconf 88' lang='lat' dir='ltr'><strong>ad</strong></span> <span class='ocrx_word' id='word_1_368' title='bbox 3596 3038 3696 3092; x_wconf 85' lang='lat' dir='ltr'><strong>do-</strong></span> 
     </span>
    </p>
   </div>
   <div class='ocr_carea' id='block_1_57' title="bbox 2119 3128 3697 3191">
    <p class='ocr_par' dir='ltr' id='par_1_57' title="bbox 2119 3128 3697 3191">
     <span class='ocr_line' id='line_1_57' title="bbox 2119 3128 3697 3191; baseline -0.001 -8"><span class='ocrx_word' id='word_1_369' title='bbox 2119 3129 2372 3183; x_wconf 86' lang='lat' dir='ltr'><strong>mandatu</strong></span> <span class='ocrx_word' id='word_1_370' title='bbox 2432 3128 2670 3183; x_wconf 85' lang='lat' dir='ltr'><strong>helluatn</strong></span> <span class='ocrx_word' id='word_1_371' title='bbox 2727 3129 3222 3183; x_wconf 85' lang='lat' dir='ltr'><strong>accommodatum.</strong></span> <span class='ocrx_word' id='word_1_372' title='bbox 3279 3130 3401 3191; x_wconf 80' lang='lat' dir='ltr'><strong>[Ioc</strong></span> <span class='ocrx_word' id='word_1_373' title='bbox 3448 3133 3591 3186; x_wconf 84' lang='lat' dir='ltr'><strong>viso</strong></span> <span class='ocrx_word' id='word_1_374' title='bbox 3626 3130 3697 3184; x_wconf 88' lang='lat' dir='ltr'><strong>si-</strong></span> 
     </span>
    </p>
   </div>
   <div class='ocr_carea' id='block_1_58' title="bbox 2118 3220 3693 3294">
    <p class='ocr_par' dir='ltr' id='par_1_58' title="bbox 2118 3220 3693 3294">
     <span class='ocr_line' id='line_1_58' title="bbox 2118 3220 3693 3294; baseline -0.001 -21"><span class='ocrx_word' id='word_1_375' title='bbox 2118 3220 2504 3290; x_wconf 82' lang='lat' dir='ltr'><strong>gnificabatur,</strong></span> <span class='ocrx_word' id='word_1_376' title='bbox 2529 3235 2656 3274; x_wconf 87' lang='lat' dir='ltr'><strong>eum</strong></span> <span class='ocrx_word' id='word_1_377' title='bbox 2686 3220 2848 3275; x_wconf 90' lang='lat' dir='ltr'><strong>titulo</strong></span> <span class='ocrx_word' id='word_1_378' title='bbox 2873 3229 3033 3275; x_wconf 92' lang='lat' dir='ltr'><strong>tenus</strong></span> <span class='ocrx_word' id='word_1_379' title='bbox 3062 3223 3269 3292; x_wconf 77' lang='lat' dir='ltr'><strong>absque</strong></span> <span class='ocrx_word' id='word_1_380' title='bbox 3303 3240 3363 3279; x_wconf 81' lang='lat' dir='ltr'><strong>re</strong></span> <span class='ocrx_word' id='word_1_381' title='bbox 3397 3223 3693 3294; x_wconf 85' lang='lat' dir='ltr'><strong>potiturum</strong></span> 
     </span>
    </p>
   </div>
   <div class='ocr_carea' id='block_1_59' title="bbox 2121 3311 3697 3382">
    <p class='ocr_par' dir='ltr' id='par_1_59' title="bbox 2121 3311 3697 3382">
     <span class='ocr_line' id='line_1_59' title="bbox 2121 3311 3697 3382; baseline 0.001 -17"><span class='ocrx_word' id='word_1_382' title='bbox 2121 3312 2375 3382; x_wconf 91' lang='lat' dir='ltr'><strong>imperio,</strong></span> <span class='ocrx_word' id='word_1_383' title='bbox 2401 3311 2731 3382; x_wconf 88' lang='lat' dir='ltr'><strong>quod&#39;ctiam</strong></span> <span class='ocrx_word' id='word_1_384' title='bbox 2761 3329 2886 3367; x_wconf 81' lang='lat' dir='ltr'><strong>mox</strong></span> <span class='ocrx_word' id='word_1_385' title='bbox 2912 3314 3220 3369; x_wconf 88' lang='lat' dir='ltr'><strong>amissurus</strong></span> <span class='ocrx_word' id='word_1_386' title='bbox 3241 3329 3413 3382; x_wconf 91' lang='lat' dir='ltr'><strong>esset,</strong></span> <span class='ocrx_word' id='word_1_387' title='bbox 3444 3317 3517 3370; x_wconf 87' lang='lat' dir='ltr'><strong>uti</strong></span> <span class='ocrx_word' id='word_1_388' title='bbox 3549 3315 3697 3369; x_wconf 88' lang='lat' dir='ltr'><strong>deiu-</strong></span> 
     </span>
    </p>
   </div>
   <div class='ocr_carea' id='block_1_60' title="bbox 2120 3403 3697 3472">
    <p class='ocr_par' dir='ltr' id='par_1_60' title="bbox 2120 3403 3697 3472">
     <span class='ocr_line' id='line_1_60' title="bbox 2120 3403 3697 3472; baseline -0.001 -14"><span class='ocrx_word' id='word_1_389' title='bbox 2120 3418 2251 3472; x_wconf 87' lang='lat' dir='ltr'><strong>ceps</strong></span> <span class='ocrx_word' id='word_1_390' title='bbox 2280 3404 2501 3461; x_wconf 89' lang='lat' dir='ltr'><strong>accidit.</strong></span> <span class='ocrx_word' id='word_1_391' title='bbox 2525 3403 2704 3459; x_wconf 88' lang='lat' dir='ltr'><strong>Gessit</strong></span> <span class='ocrx_word' id='word_1_392' title='bbox 2726 3405 2893 3460; x_wconf 90' lang='lat' dir='ltr'><strong>etiam</strong></span> <span class='ocrx_word' id='word_1_393' title='bbox 2927 3405 3162 3461; x_wconf 83' lang='lat' dir='ltr'><strong>feliciter</strong></span> <span class='ocrx_word' id='word_1_394' title='bbox 3186 3407 3458 3463; x_wconf 83' lang='lat' dir='ltr'><strong>adversus</strong></span> <span class='ocrx_word' id='word_1_395' title='bbox 3478 3406 3697 3462; x_wconf 85' lang='lat' dir='ltr'><strong>llunnos</strong></span> 
     </span>
    </p>
   </div>
   <div class='ocr_carea' id='block_1_61' title="bbox 2122 3494 3694 3566">
    <p class='ocr_par' dir='ltr' id='par_1_61' title="bbox 2122 3494 3694 3566">
     <span class='ocr_line' id='line_1_61' title="bbox 2122 3494 3694 3566; baseline 0.001 -16"><span class='ocrx_word' id='word_1_396' title='bbox 2122 3495 2328 3550; x_wconf 89' lang='lat' dir='ltr'><strong>bellum</strong></span> <span class='ocrx_word' id='word_1_397' title='bbox 2384 3494 2645 3561; x_wconf 83' lang='lat' dir='ltr'><strong>Joannes,</strong></span> <span class='ocrx_word' id='word_1_398' title='bbox 2684 3497 2779 3566; x_wconf 87' lang='lat' dir='ltr'><strong>qui</strong></span> <span class='ocrx_word' id='word_1_399' title='bbox 2840 3497 2978 3553; x_wconf 85' lang='lat' dir='ltr'><strong>lines</strong></span> <span class='ocrx_word' id='word_1_400' title='bbox 3034 3500 3314 3555; x_wconf 81' lang='lat' dir='ltr'><strong>Romanos</strong></span> <span class='ocrx_word' id='word_1_401' title='bbox 3365 3502 3694 3565; x_wconf 84' lang='lat' dir='ltr'><strong>invaserant,</strong></span> 
     </span>
    </p>
   </div>
   <div class='ocr_carea' id='block_1_62' title="bbox 2122 3587 3694 3658">
    <p class='ocr_par' dir='ltr' id='par_1_62' title="bbox 2122 3587 3694 3658">
     <span class='ocr_line' id='line_1_62' title="bbox 2122 3587 3694 3658; baseline 0.001 -18"><span class='ocrx_word' id='word_1_402' title='bbox 2122 3594 2388 3658; x_wconf 73' lang='lat' dir='ltr'><strong>praetexta</strong></span> <span class='ocrx_word' id='word_1_403' title='bbox 2423 3601 2590 3641; x_wconf 91' lang='lat' dir='ltr'><strong>causa</strong></span> <span class='ocrx_word' id='word_1_404' title='bbox 2629 3587 2991 3656; x_wconf 87' lang='lat' dir='ltr'><strong>spoliatorum</strong></span> <span class='ocrx_word' id='word_1_405' title='bbox 3036 3598 3411 3647; x_wconf 84' lang='lat' dir='ltr'><strong>mercatorum</strong></span> <span class='ocrx_word' id='word_1_406' title='bbox 3453 3606 3694 3654; x_wconf 87' lang='lat' dir='ltr'><strong>suorum,</strong></span> 
     </span>
    </p>
   </div>
   <div class='ocr_carea' id='block_1_63' title="bbox 2122 3681 3695 3754">
    <p class='ocr_par' dir='ltr' id='par_1_63' title="bbox 2122 3681 3695 3754">
     <span class='ocr_line' id='line_1_63' title="bbox 2122 3681 3695 3754; baseline -0.001 -18"><span class='ocrx_word' id='word_1_407' title='bbox 2122 3692 2246 3736; x_wconf 90' lang='lat' dir='ltr'><strong>cum</strong></span> <span class='ocrx_word' id='word_1_408' title='bbox 2272 3682 2485 3735; x_wconf 90' lang='lat' dir='ltr'><strong>occulta</strong></span> <span class='ocrx_word' id='word_1_409' title='bbox 2510 3689 2566 3735; x_wconf 91' lang='lat' dir='ltr'><strong>et</strong></span> <span class='ocrx_word' id='word_1_410' title='bbox 2598 3682 2781 3737; x_wconf 90' lang='lat' dir='ltr'><strong>verior</strong></span> <span class='ocrx_word' id='word_1_411' title='bbox 2805 3692 2975 3747; x_wconf 87' lang='lat' dir='ltr'><strong>esset,</strong></span> <span class='ocrx_word' id='word_1_412' title='bbox 3020 3681 3077 3737; x_wconf 89' lang='lat' dir='ltr'><strong>in</strong></span> <span class='ocrx_word' id='word_1_413' title='bbox 3124 3682 3396 3740; x_wconf 85' lang='lat' dir='ltr'><strong>Almuzcn</strong></span> <span class='ocrx_word' id='word_1_414' title='bbox 3441 3681 3695 3754; x_wconf 89' lang='lat' dir='ltr'><strong>Stephani</strong></span> 
     </span>
    </p>
   </div>
   <div class='ocr_carea' id='block_1_64' title="bbox 2123 3770 3695 3845">
    <p class='ocr_par' dir='ltr' id='par_1_64' title="bbox 2123 3770 3695 3845">
     <span class='ocr_line' id='line_1_64' title="bbox 2123 3770 3695 3845; baseline 0.001 -19"><span class='ocrx_word' id='word_1_415' title='bbox 2123 3772 2266 3842; x_wconf 86' lang='lat' dir='ltr'><strong>regis</strong></span> <span class='ocrx_word' id='word_1_416' title='bbox 2292 3770 2618 3827; x_wconf 82' lang='lat' dir='ltr'><strong>Hunnorum</strong></span> <span class='ocrx_word' id='word_1_417' title='bbox 2652 3772 2876 3828; x_wconf 79' lang='lat' dir='ltr'><strong>fratrem</strong></span> <span class='ocrx_word' id='word_1_418' title='bbox 2932 3774 3224 3845; x_wconf 89' lang='lat' dir='ltr'><strong>profugum</strong></span> <span class='ocrx_word' id='word_1_419' title='bbox 3283 3777 3563 3832; x_wconf 89' lang='lat' dir='ltr'><strong>declarata</strong></span> <span class='ocrx_word' id='word_1_420' title='bbox 3595 3774 3695 3829; x_wconf 79' lang='lat' dir='ltr'><strong>ltu-</strong></span> 
     </span>
    </p>
   </div>
   <div class='ocr_carea' id='block_1_65' title="bbox 2123 3855 3698 3935">
    <p class='ocr_par' dir='ltr' id='par_1_65' title="bbox 2123 3855 3698 3935">
     <span class='ocr_line' id='line_1_65' title="bbox 2123 3855 3698 3935; baseline 0.002 -16"><span class='ocrx_word' id='word_1_421' title='bbox 2123 3866 2378 3920; x_wconf 86' lang='lat' dir='ltr'><strong>manitas.</strong></span> <span class='ocrx_word' id='word_1_422' title='bbox 2428 3865 2488 3920; x_wconf 89' lang='lat' dir='ltr'><strong>ln</strong></span> <span class='ocrx_word' id='word_1_423' title='bbox 2527 3865 2631 3920; x_wconf 89' lang='lat' dir='ltr'><strong>hac</strong></span> <span class='ocrx_word' id='word_1_424' title='bbox 2663 3855 3021 3935; x_wconf 80' lang='lat' dir='ltr'><strong>expeditione</strong></span> <span class='ocrx_word' id='word_1_425' title='bbox 3082 3869 3317 3925; x_wconf 89' lang='lat' dir='ltr'><strong>multum</strong></span> <span class='ocrx_word' id='word_1_426' title='bbox 3341 3871 3412 3926; x_wconf 87' lang='lat' dir='ltr'><strong>ab</strong></span> <span class='ocrx_word' id='word_1_427' title='bbox 3469 3885 3536 3926; x_wconf 87' lang='lat' dir='ltr'><strong>eo</strong></span> <span class='ocrx_word' id='word_1_428' title='bbox 3567 3870 3698 3924; x_wconf 83' lang='lat' dir='ltr'><strong>ﬁnes</strong></span> 
     </span>
    </p>
   </div>
   <div class='ocr_carea' id='block_1_66' title="bbox 2124 3957 3361 4030">
    <p class='ocr_par' dir='ltr' id='par_1_66' title="bbox 2124 3957 3361 4030">
     <span class='ocr_line' id='line_1_66' title="bbox 2124 3957 3361 4030; baseline 0.003 -19"><span class='ocrx_word' id='word_1_429' title='bbox 2124 3957 2341 4026; x_wconf 89' lang='lat' dir='ltr'><strong>imperii</strong></span> <span class='ocrx_word' id='word_1_430' title='bbox 2371 3972 2565 4013; x_wconf 88' lang='lat' dir='ltr'><strong>versus</strong></span> <span class='ocrx_word' id='word_1_431' title='bbox 2595 3957 2943 4021; x_wconf 84' lang='lat' dir='ltr'><strong>oecidentem</strong></span> <span class='ocrx_word' id='word_1_432' title='bbox 2985 3959 3183 4030; x_wconf 86' lang='lat' dir='ltr'><strong>prolati</strong></span> <span class='ocrx_word' id='word_1_433' title='bbox 3207 3971 3361 4017; x_wconf 89' lang='lat' dir='ltr'><strong>sunt.</strong></span> 
     </span>
    </p>
   </div>
   <div class='ocr_carea' id='block_1_67' title="bbox 2196 4047 3695 4122">
    <p class='ocr_par' dir='ltr' id='par_1_67' title="bbox 2196 4047 3695 4122">
     <span class='ocr_line' id='line_1_67' title="bbox 2196 4047 3695 4122; baseline 0 -19"><span class='ocrx_word' id='word_1_434' title='bbox 2196 4047 2367 4104; x_wconf 85' lang='lat' dir='ltr'><strong>Victis</strong></span> <span class='ocrx_word' id='word_1_435' title='bbox 2392 4048 2523 4105; x_wconf 84' lang='lat' dir='ltr'><strong>hinc</strong></span> <span class='ocrx_word' id='word_1_436' title='bbox 2541 4050 2959 4117; x_wconf 85' lang='lat' dir='ltr'><strong>Persarmeniis,</strong></span> <span class='ocrx_word' id='word_1_437' title='bbox 2984 4060 3323 4122; x_wconf 89' lang='lat' dir='ltr'><strong>etoecupata</strong></span> <span class='ocrx_word' id='word_1_438' title='bbox 3351 4054 3695 4113; x_wconf 87' lang='lat' dir='ltr'><strong>Castamone,</strong></span> 
     </span>
    </p>
   </div>
   <div class='ocr_carea' id='block_1_68' title="bbox 2126 4143 3697 4216">
    <p class='ocr_par' dir='ltr' id='par_1_68' title="bbox 2126 4143 3697 4216">
     <span class='ocr_line' id='line_1_68' title="bbox 2126 4143 3697 4216; baseline -0.003 -17"><span class='ocrx_word' id='word_1_439' title='bbox 2126 4158 2252 4200; x_wconf 83' lang='lat' dir='ltr'><strong>cum</strong></span> <span class='ocrx_word' id='word_1_440' title='bbox 2288 4143 2569 4212; x_wconf 84' lang='lat' dir='ltr'><strong>triumpho</strong></span> <span class='ocrx_word' id='word_1_441' title='bbox 2598 4143 3134 4213; x_wconf 84' lang='lat' dir='ltr'><strong>ConStantinopolim</strong></span> <span class='ocrx_word' id='word_1_442' title='bbox 3176 4145 3348 4216; x_wconf 89' lang='lat' dir='ltr'><strong>pedes</strong></span> <span class='ocrx_word' id='word_1_443' title='bbox 3376 4154 3463 4202; x_wconf 89' lang='lat' dir='ltr'><strong>est</strong></span> <span class='ocrx_word' id='word_1_444' title='bbox 3493 4146 3697 4214; x_wconf 85' lang='lat' dir='ltr'><strong>ingrcs-</strong></span> 
     </span>
    </p>
   </div>
   <div class='ocr_carea' id='block_1_69' title="bbox 2127 4234 3693 4307">
    <p class='ocr_par' dir='ltr' id='par_1_69' title="bbox 2127 4234 3693 4307">
     <span class='ocr_line' id='line_1_69' title="bbox 2127 4234 3693 4307; baseline -0.003 -17"><span class='ocrx_word' id='word_1_445' title='bbox 2127 4250 2243 4298; x_wconf 90' lang='lat' dir='ltr'><strong>sus,</strong></span> <span class='ocrx_word' id='word_1_446' title='bbox 2267 4234 2533 4306; x_wconf 87' lang='lat' dir='ltr'><strong>quadriga</strong></span> <span class='ocrx_word' id='word_1_447' title='bbox 2590 4235 2910 4307; x_wconf 88' lang='lat' dir='ltr'><strong>triumphali</strong></span> <span class='ocrx_word' id='word_1_448' title='bbox 2960 4251 3311 4307; x_wconf 87' lang='lat' dir='ltr'><strong>nequaquam</strong></span> <span class='ocrx_word' id='word_1_449' title='bbox 3373 4247 3693 4294; x_wconf 88' lang='lat' dir='ltr'><strong>conscensa.</strong></span> 
     </span>
    </p>
   </div>
   <div class='ocr_carea' id='block_1_70' title="bbox 2123 4325 3696 4401">
    <p class='ocr_par' dir='ltr' id='par_1_70' title="bbox 2123 4325 3696 4401">
     <span class='ocr_line' id='line_1_70' title="bbox 2123 4325 3696 4401; baseline -0.004 -19"><span class='ocrx_word' id='word_1_450' title='bbox 2123 4327 2214 4382; x_wconf 88' lang='lat' dir='ltr'><strong>sed</strong></span> <span class='ocrx_word' id='word_1_451' title='bbox 2246 4325 2481 4397; x_wconf 86' lang='lat' dir='ltr'><strong>imagine</strong></span> <span class='ocrx_word' id='word_1_452' title='bbox 2519 4325 2763 4401; x_wconf 66' lang='lat' dir='ltr'><strong>Deipara:</strong></span> <span class='ocrx_word' id='word_1_453' title='bbox 2806 4327 2863 4382; x_wconf 91' lang='lat' dir='ltr'><strong>in</strong></span> <span class='ocrx_word' id='word_1_454' title='bbox 2902 4327 3052 4381; x_wconf 90' lang='lat' dir='ltr'><strong>illam</strong></span> <span class='ocrx_word' id='word_1_455' title='bbox 3089 4328 3379 4396; x_wconf 88' lang='lat' dir='ltr'><strong>collocata,</strong></span> <span class='ocrx_word' id='word_1_456' title='bbox 3416 4329 3507 4385; x_wconf 86' lang='lat' dir='ltr'><strong>cui</strong></span> <span class='ocrx_word' id='word_1_457' title='bbox 3549 4325 3696 4380; x_wconf 87' lang='lat' dir='ltr'><strong>velut</strong></span> 
     </span>
    </p>
   </div>
   <div class='ocr_carea' id='block_1_71' title="bbox 2122 4414 3692 4487">
    <p class='ocr_par' dir='ltr' id='par_1_71' title="bbox 2122 4414 3692 4487">
     <span class='ocr_line' id='line_1_71' title="bbox 2122 4414 3692 4487; baseline -0.002 -18"><span class='ocrx_word' id='word_1_458' title='bbox 2122 4415 2341 4485; x_wconf 90' lang='lat' dir='ltr'><strong>imperii</strong></span> <span class='ocrx_word' id='word_1_459' title='bbox 2381 4416 2603 4487; x_wconf 65' lang='lat' dir='ltr'><strong>collegae</strong></span> <span class='ocrx_word' id='word_1_460' title='bbox 2652 4415 2914 4471; x_wconf 83' lang='lat' dir='ltr'><strong>victorias</strong></span> <span class='ocrx_word' id='word_1_461' title='bbox 2964 4426 3225 4487; x_wconf 77' lang='lat' dir='ltr'><strong>acceptas</strong></span> <span class='ocrx_word' id='word_1_462' title='bbox 3282 4417 3521 4474; x_wconf 78' lang='lat' dir='ltr'><strong>ferebat.</strong></span> <span class='ocrx_word' id='word_1_463' title='bbox 3577 4414 3692 4469; x_wconf 80' lang='lat' dir='ltr'><strong>Mox</strong></span> 
     </span>
    </p>
   </div>
   <div class='ocr_carea' id='block_1_72' title="bbox 2120 4503 3694 4575">
    <p class='ocr_par' dir='ltr' id='par_1_72' title="bbox 2120 4503 3694 4575">
     <span class='ocr_line' id='line_1_72' title="bbox 2120 4503 3694 4575; baseline -0.003 -14"><span class='ocrx_word' id='word_1_464' title='bbox 2120 4522 2375 4563; x_wconf 87' lang='lat' dir='ltr'><strong>reversus</strong></span> <span class='ocrx_word' id='word_1_465' title='bbox 2411 4508 2465 4562; x_wconf 90' lang='lat' dir='ltr'><strong>in</strong></span> <span class='ocrx_word' id='word_1_466' title='bbox 2495 4508 2803 4575; x_wconf 85' lang='lat' dir='ltr'><strong>Orientem,</strong></span> <span class='ocrx_word' id='word_1_467' title='bbox 2831 4507 3218 4564; x_wconf 79' lang='lat' dir='ltr'><strong>Castamoneut</strong></span> <span class='ocrx_word' id='word_1_468' title='bbox 3265 4525 3298 4564; x_wconf 88' lang='lat' dir='ltr'><strong>a</strong></span> <span class='ocrx_word' id='word_1_469' title='bbox 3341 4503 3694 4565; x_wconf 86' lang='lat' dir='ltr'><strong>Tanismanio</strong></span> 
     </span>
    </p>
   </div>
   <div class='ocr_carea' id='block_1_73' title="bbox 2122 4582 3694 4670">
    <p class='ocr_par' dir='ltr' id='par_1_73' title="bbox 2122 4582 3694 4670">
     <span class='ocr_line' id='line_1_73' title="bbox 2122 4582 3694 4670; baseline 0.001 -14"><span class='ocrx_word' id='word_1_470' title='bbox 2122 4607 2425 4670; x_wconf 87' lang='lat' dir='ltr'><strong>receptam,</strong></span> <span class='ocrx_word' id='word_1_471' title='bbox 2481 4599 2782 4669; x_wconf 80' lang='lat' dir='ltr'><strong>Gangrem,</strong></span> <span class='ocrx_word' id='word_1_472' title='bbox 2862 4582 3136 4667; x_wconf 80' lang='lat' dir='ltr'><strong>Adanam,</strong></span> <span class='ocrx_word' id='word_1_473' title='bbox 3188 4601 3449 4666; x_wconf 85' lang='lat' dir='ltr'><strong>Tarsum,</strong></span> <span class='ocrx_word' id='word_1_474' title='bbox 3506 4597 3694 4659; x_wconf 69' lang='lat' dir='ltr'><strong>Butam</strong></span> 
     </span>
    </p>
   </div>
   <div class='ocr_carea' id='block_1_74' title="bbox 2123 4691 3692 4764">
    <p class='ocr_par' dir='ltr' id='par_1_74' title="bbox 2123 4691 3692 4764">
     <span class='ocr_line' id='line_1_74' title="bbox 2123 4691 3692 4764; baseline -0.006 -16"><span class='ocrx_word' id='word_1_475' title='bbox 2123 4693 2552 4748; x_wconf 85' lang='lat' dir='ltr'><strong>munitissimum</strong></span> <span class='ocrx_word' id='word_1_476' title='bbox 2579 4691 2888 4759; x_wconf 80' lang='lat' dir='ltr'><strong>castellum,</strong></span> <span class='ocrx_word' id='word_1_477' title='bbox 2912 4691 3254 4748; x_wconf 85' lang='lat' dir='ltr'><strong>Anabarzam</strong></span> <span class='ocrx_word' id='word_1_478' title='bbox 3288 4693 3337 4748; x_wconf 78' lang='lat' dir='ltr'><strong>vi</strong></span> <span class='ocrx_word' id='word_1_479' title='bbox 3371 4696 3648 4764; x_wconf 79' lang='lat' dir='ltr'><strong>expugnat</strong></span> <span class='ocrx_word' id='word_1_480' title='bbox 3676 4700 3692 4739; x_wconf 91' lang='lat'><strong>:</strong></span> 
     </span>
    </p>
   </div>
   <div class='ocr_carea' id='block_1_75' title="bbox 2122 4780 3694 4858">
    <p class='ocr_par' dir='ltr' id='par_1_75' title="bbox 2122 4780 3694 4858">
     <span class='ocr_line' id='line_1_75' title="bbox 2122 4780 3694 4858; baseline -0.006 -15"><span class='ocrx_word' id='word_1_481' title='bbox 2122 4797 2179 4843; x_wconf 87' lang='lat' dir='ltr'><strong>et</strong></span> <span class='ocrx_word' id='word_1_482' title='bbox 2196 4786 2547 4858; x_wconf 83' lang='lat' dir='ltr'><strong>Coelcsyriam</strong></span> <span class='ocrx_word' id='word_1_483' title='bbox 2574 4785 2873 4858; x_wconf 88' lang='lat' dir='ltr'><strong>ingressus,</strong></span> <span class='ocrx_word' id='word_1_484' title='bbox 2890 4780 3192 4842; x_wconf 76' lang='lat' dir='ltr'><strong>Antiochiae</strong></span> <span class='ocrx_word' id='word_1_485' title='bbox 3212 4802 3378 4858; x_wconf 89' lang='lat' dir='ltr'><strong>quam</strong></span> <span class='ocrx_word' id='word_1_486' title='bbox 3398 4780 3694 4841; x_wconf 83' lang='lat' dir='ltr'><strong>honoriﬁce</strong></span> 
     </span>
    </p>
   </div>
   <div class='ocr_carea' id='block_1_76' title="bbox 2123 4868 3693 4950">
    <p class='ocr_par' dir='ltr' id='par_1_76' title="bbox 2123 4868 3693 4950">
     <span class='ocr_line' id='line_1_76' title="bbox 2123 4868 3693 4950; baseline -0.006 -16"><span class='ocrx_word' id='word_1_487' title='bbox 2123 4879 2491 4950; x_wconf 51' lang='lat' dir='ltr'><strong>a&#39;;Raintttndo</strong></span> <span class='ocrx_word' id='word_1_488' title='bbox 2525 4868 2777 4947; x_wconf 56' lang='lat' dir='ltr'><strong>prine‘pe</strong></span> <span class='ocrx_word' id='word_1_489' title='bbox 2801 4878 3120 4948; x_wconf 86' lang='lat' dir='ltr'><strong>suscipitur,</strong></span> <span class='ocrx_word' id='word_1_490' title='bbox 3149 4894 3212 4935; x_wconf 89' lang='lat' dir='ltr'><strong>ac</strong></span> <span class='ocrx_word' id='word_1_491' title='bbox 3238 4878 3418 4934; x_wconf 70' lang='lat' dir='ltr'><strong>foedus</strong></span> <span class='ocrx_word' id='word_1_492' title='bbox 3444 4888 3549 4933; x_wconf 89' lang='lat' dir='ltr'><strong>tam</strong></span> <span class='ocrx_word' id='word_1_493' title='bbox 3570 4887 3693 4927; x_wconf 87' lang='lat' dir='ltr'><strong>cum</strong></span> 
     </span>
    </p>
   </div>
   <div class='ocr_carea' id='block_1_77' title="bbox 2121 4964 3691 5039">
    <p class='ocr_par' dir='ltr' id='par_1_77' title="bbox 2121 4964 3691 5039">
     <span class='ocr_line' id='line_1_77' title="bbox 2121 4964 3691 5039; baseline -0.006 -14"><span class='ocrx_word' id='word_1_494' title='bbox 2121 4969 2456 5035; x_wconf 79' lang='lat' dir='ltr'><strong>Raimundo,</strong></span> <span class='ocrx_word' id='word_1_495' title='bbox 2502 4983 2664 5039; x_wconf 88' lang='lat' dir='ltr'><strong>quam</strong></span> <span class='ocrx_word' id='word_1_496' title='bbox 2716 4967 3058 5039; x_wconf 84' lang='lat' dir='ltr'><strong>Tripolitano</strong></span> <span class='ocrx_word' id='word_1_497' title='bbox 3108 4970 3310 5025; x_wconf 81' lang='lat' dir='ltr'><strong>comite</strong></span> <span class='ocrx_word' id='word_1_498' title='bbox 3367 4970 3514 5025; x_wconf 87' lang='lat' dir='ltr'><strong>ferit.</strong></span> <span class='ocrx_word' id='word_1_499' title='bbox 3563 4964 3691 5021; x_wconf 87' lang='lat' dir='ltr'><strong>Inde</strong></span> 
     </span>
    </p>
   </div>
   <div class='ocr_carea' id='block_1_78' title="bbox 2122 5052 3694 5134">
    <p class='ocr_par' dir='ltr' id='par_1_78' title="bbox 2122 5052 3694 5134">
     <span class='ocr_line' id='line_1_78' title="bbox 2122 5052 3694 5134; baseline -0.008 -15"><span class='ocrx_word' id='word_1_500' title='bbox 2122 5071 2423 5134; x_wconf 86' lang='lat' dir='ltr'><strong>penetrans</strong></span> <span class='ocrx_word' id='word_1_501' title='bbox 2452 5061 2519 5115; x_wconf 89' lang='lat' dir='ltr'><strong>ad</strong></span> <span class='ocrx_word' id='word_1_502' title='bbox 2542 5059 2903 5130; x_wconf 86' lang='lat' dir='ltr'><strong>Euphratem,</strong></span> <span class='ocrx_word' id='word_1_503' title='bbox 2939 5060 3126 5116; x_wconf 80' lang='lat' dir='ltr'><strong>Pizam</strong></span> <span class='ocrx_word' id='word_1_504' title='bbox 3163 5061 3419 5131; x_wconf 86' lang='lat' dir='ltr'><strong>aliasque</strong></span> <span class='ocrx_word' id='word_1_505' title='bbox 3462 5052 3694 5112; x_wconf 86' lang='lat' dir='ltr'><strong>nonnul-</strong></span> 
     </span>
    </p>
   </div>
   <div class='ocr_carea' id='block_1_79' title="bbox 2124 5146 3690 5222">
    <p class='ocr_par' dir='ltr' id='par_1_79' title="bbox 2124 5146 3690 5222">
     <span class='ocr_line' id='line_1_79' title="bbox 2124 5146 3690 5222; baseline -0.008 -13"><span class='ocrx_word' id='word_1_506' title='bbox 2124 5155 2205 5210; x_wconf 92' lang='lat' dir='ltr'><strong>las</strong></span> <span class='ocrx_word' id='word_1_507' title='bbox 2232 5151 2575 5210; x_wconf 88' lang='lat' dir='ltr'><strong>munitiones</strong></span> <span class='ocrx_word' id='word_1_508' title='bbox 2607 5160 2860 5220; x_wconf 88' lang='lat' dir='ltr'><strong>occupat.</strong></span> <span class='ocrx_word' id='word_1_509' title='bbox 2901 5151 3015 5207; x_wconf 89' lang='lat' dir='ltr'><strong>Nec</strong></span> <span class='ocrx_word' id='word_1_510' title='bbox 3067 5152 3241 5207; x_wconf 87' lang='lat' dir='ltr'><strong>multo</strong></span> <span class='ocrx_word' id='word_1_511' title='bbox 3265 5160 3391 5222; x_wconf 90' lang='lat' dir='ltr'><strong>post</strong></span> <span class='ocrx_word' id='word_1_512' title='bbox 3445 5146 3690 5205; x_wconf 75' lang='lat' dir='ltr'><strong>Alexium</strong></span> 
     </span>
    </p>
   </div>
   <div class='ocr_carea' id='block_1_80' title="bbox 2122 5236 3692 5319">
    <p class='ocr_par' dir='ltr' id='par_1_80' title="bbox 2122 5236 3692 5319">
     <span class='ocr_line' id='line_1_80' title="bbox 2122 5236 3692 5319; baseline -0.008 -17"><span class='ocrx_word' id='word_1_513' title='bbox 2122 5246 2578 5319; x_wconf 80' lang='lat' dir='ltr'><strong>primogenitum,</strong></span> <span class='ocrx_word' id='word_1_514' title='bbox 2613 5260 2776 5315; x_wconf 89' lang='lat' dir='ltr'><strong>quem</strong></span> <span class='ocrx_word' id='word_1_515' title='bbox 2805 5243 2873 5300; x_wconf 88' lang='lat' dir='ltr'><strong>ad</strong></span> <span class='ocrx_word' id='word_1_516' title='bbox 2911 5245 3131 5315; x_wconf 87' lang='lat' dir='ltr'><strong>imperii</strong></span> <span class='ocrx_word' id='word_1_517' title='bbox 3162 5246 3485 5299; x_wconf 81' lang='lat' dir='ltr'><strong>societatem</strong></span> <span class='ocrx_word' id='word_1_518' title='bbox 3523 5236 3692 5294; x_wconf 88' lang='lat' dir='ltr'><strong>admi-</strong></span> 
     </span>
    </p>
   </div>
   <div class='ocr_carea' id='block_1_81' title="bbox 2123 5330 3693 5407">
    <p class='ocr_par' dir='ltr' id='par_1_81' title="bbox 2123 5330 3693 5407">
     <span class='ocr_line' id='line_1_81' title="bbox 2123 5330 3693 5407; baseline -0.01 -11"><span class='ocrx_word' id='word_1_519' title='bbox 2123 5349 2293 5406; x_wconf 82' lang='lat' dir='ltr'><strong>serat,</strong></span> <span class='ocrx_word' id='word_1_520' title='bbox 2321 5349 2376 5396; x_wconf 92' lang='lat' dir='ltr'><strong>et</strong></span> <span class='ocrx_word' id='word_1_521' title='bbox 2395 5339 2774 5394; x_wconf 86' lang='lat' dir='ltr'><strong>Andronicum</strong></span> <span class='ocrx_word' id='word_1_522' title='bbox 2808 5338 2877 5393; x_wconf 89' lang='lat' dir='ltr'><strong>ab</strong></span> <span class='ocrx_word' id='word_1_523' title='bbox 2899 5352 2964 5392; x_wconf 90' lang='lat' dir='ltr'><strong>eo</strong></span> <span class='ocrx_word' id='word_1_524' title='bbox 2990 5337 3303 5407; x_wconf 84' lang='lat' dir='ltr'><strong>proximum</strong></span> <span class='ocrx_word' id='word_1_525' title='bbox 3327 5348 3477 5390; x_wconf 85' lang='lat' dir='ltr'><strong>mors</strong></span> <span class='ocrx_word' id='word_1_526' title='bbox 3511 5330 3693 5385; x_wconf 73' lang='lat' dir='ltr'><strong>abstu~</strong></span> 
     </span>
    </p>
   </div>
   <div class='ocr_carea' id='block_1_82' title="bbox 2123 5422 3687 5501">
    <p class='ocr_par' dir='ltr' id='par_1_82' title="bbox 2123 5422 3687 5501">
     <span class='ocr_line' id='line_1_82' title="bbox 2123 5422 3687 5501; baseline -0.011 -13"><span class='ocrx_word' id='word_1_527' title='bbox 2123 5431 2329 5488; x_wconf 88' lang='lat' dir='ltr'><strong>lit:eis</strong></span> <span class='ocrx_word' id='word_1_528' title='bbox 2362 5446 2472 5486; x_wconf 90' lang='lat' dir='ltr'><strong>non</strong></span> <span class='ocrx_word' id='word_1_529' title='bbox 2513 5430 2606 5486; x_wconf 88' lang='lat' dir='ltr'><strong>diu</strong></span> <span class='ocrx_word' id='word_1_530' title='bbox 2638 5438 2917 5501; x_wconf 87' lang='lat' dir='ltr'><strong>superstes</strong></span> <span class='ocrx_word' id='word_1_531' title='bbox 2939 5429 3064 5496; x_wconf 89' lang='lat' dir='ltr'><strong>fuit,</strong></span> <span class='ocrx_word' id='word_1_532' title='bbox 3095 5430 3258 5484; x_wconf 78' lang='lat' dir='ltr'><strong>laesus</strong></span> <span class='ocrx_word' id='word_1_533' title='bbox 3305 5429 3363 5483; x_wconf 90' lang='lat' dir='ltr'><strong>in</strong></span> <span class='ocrx_word' id='word_1_534' title='bbox 3405 5422 3687 5481; x_wconf 82' lang='lat' dir='ltr'><strong>venatione</strong></span> 
     </span>
    </p>
   </div>
   <div class='ocr_carea' id='block_1_83' title="bbox 2125 5513 3688 5596">
    <p class='ocr_par' dir='ltr' id='par_1_83' title="bbox 2125 5513 3688 5596">
     <span class='ocr_line' id='line_1_83' title="bbox 2125 5513 3688 5596; baseline -0.007 -15"><span class='ocrx_word' id='word_1_535' title='bbox 2125 5541 2226 5596; x_wconf 91' lang='lat' dir='ltr'><strong>per</strong></span> <span class='ocrx_word' id='word_1_536' title='bbox 2256 5525 2509 5596; x_wconf 86' lang='lat' dir='ltr'><strong>sagittam</strong></span> <span class='ocrx_word' id='word_1_537' title='bbox 2553 5539 2707 5580; x_wconf 91' lang='lat' dir='ltr'><strong>suam</strong></span> <span class='ocrx_word' id='word_1_538' title='bbox 2737 5536 2953 5577; x_wconf 88' lang='lat' dir='ltr'><strong>veneno</strong></span> <span class='ocrx_word' id='word_1_539' title='bbox 2989 5521 3272 5586; x_wconf 87' lang='lat' dir='ltr'><strong>infectam,</strong></span> <span class='ocrx_word' id='word_1_540' title='bbox 3315 5533 3479 5592; x_wconf 87' lang='lat' dir='ltr'><strong>quam</strong></span> <span class='ocrx_word' id='word_1_541' title='bbox 3508 5531 3537 5571; x_wconf 91' lang='lat' dir='ltr'><strong>e</strong></span> <span class='ocrx_word' id='word_1_542' title='bbox 3560 5513 3688 5583; x_wconf 84' lang='lat' dir='ltr'><strong>pha-</strong></span> 
     </span>
    </p>
   </div>
   <div class='ocr_carea' id='block_1_84' title="bbox 443 5610 3689 5691">
    <p class='ocr_par' dir='ltr' id='par_1_84' title="bbox 443 5610 3689 5691">
     <span class='ocr_line' id='line_1_84' title="bbox 443 5610 3689 5691; baseline -0.005 -15"><span class='ocrx_word' id='word_1_543' title='bbox 443 5623 585 5676; x_wconf 85' lang='lat' dir='ltr'><strong>ciam</strong></span> <span class='ocrx_word' id='word_1_544' title='bbox 625 5616 928 5673; x_wconf 87' lang='lat' dir='ltr'><strong>transtulit.</strong></span> <span class='ocrx_word' id='word_1_545' title='bbox 989 5617 1157 5673; x_wconf 87' lang='lat' dir='ltr'><strong>Filios</strong></span> <span class='ocrx_word' id='word_1_546' title='bbox 1203 5618 1397 5674; x_wconf 87' lang='lat' dir='ltr'><strong>habuit</strong></span> <span class='ocrx_word' id='word_1_547' title='bbox 1447 5630 1703 5691; x_wconf 83' lang='lat' dir='ltr'><strong>quatuor,</strong></span> <span class='ocrx_word' id='word_1_548' title='bbox 1744 5619 2015 5685; x_wconf 81' lang='lat' dir='ltr'><strong>Alexium,</strong></span> <span class='ocrx_word' id='word_1_549' title='bbox 2046 5627 2090 5691; x_wconf 68' lang='grc' dir='ltr'><strong>(ζ</strong></span> <span class='ocrx_word' id='word_1_550' title='bbox 2126 5629 2271 5672; x_wconf 90' lang='lat' dir='ltr'><strong>retra</strong></span> <span class='ocrx_word' id='word_1_551' title='bbox 2309 5618 2592 5673; x_wconf 87' lang='lat' dir='ltr'><strong>solitarius</strong></span> <span class='ocrx_word' id='word_1_552' title='bbox 2627 5630 2760 5686; x_wconf 87' lang='lat' dir='ltr'><strong>aper</strong></span> <span class='ocrx_word' id='word_1_553' title='bbox 2789 5622 3128 5670; x_wconf 80' lang='lat' dir='ltr'><strong>excusserat.</strong></span> <span class='ocrx_word' id='word_1_554' title='bbox 3173 5610 3538 5669; x_wconf 89' lang='lat' dir='ltr'><strong>Moribnndus</strong></span> <span class='ocrx_word' id='word_1_555' title='bbox 3570 5618 3689 5660; x_wconf 85' lang='lat' dir='ltr'><strong>ora-</strong></span> 
     </span>
    </p>
   </div>
   <div class='ocr_carea' id='block_1_85' title="bbox 442 5707 2021 5785">
    <p class='ocr_par' dir='ltr' id='par_1_85' title="bbox 442 5707 2021 5785">
     <span class='ocr_line' id='line_1_85' title="bbox 442 5707 2021 5785; baseline 0.001 -20"><span class='ocrx_word' id='word_1_556' title='bbox 442 5711 843 5772; x_wconf 79' lang='lat' dir='ltr'><strong>Andronicum,</strong></span> <span class='ocrx_word' id='word_1_557' title='bbox 894 5707 1177 5778; x_wconf 80' lang='lat' dir='ltr'><strong>isaaciunt,</strong></span> <span class='ocrx_word' id='word_1_558' title='bbox 1228 5712 1554 5785; x_wconf 74' lang='lat' dir='ltr'><strong>Mannelept.</strong></span> <span class='ocrx_word' id='word_1_559' title='bbox 1612 5714 1861 5769; x_wconf 80' lang='lat' dir='ltr'><strong>Alcxium</strong></span> <span class='ocrx_word' id='word_1_560' title='bbox 1896 5722 2021 5782; x_wconf 88' lang='lat' dir='ltr'><strong>post</strong></span> 
     </span>
    </p>
   </div>
   <div class='ocr_carea' id='block_1_86' title="bbox 440 5799 2017 5881">
    <p class='ocr_par' dir='ltr' id='par_1_86' title="bbox 440 5799 2017 5881">
     <span class='ocr_line' id='line_1_86' title="bbox 440 5799 2017 5881; baseline 0.001 -24"><span class='ocrx_word' id='word_1_561' title='bbox 440 5804 857 5859; x_wconf 86' lang='lat' dir='ltr'><strong>coronationem</strong></span> <span class='ocrx_word' id='word_1_562' title='bbox 902 5799 1116 5881; x_wconf 76' lang='lat' dir='ltr'><strong>videre</strong></span> <span class='ocrx_word' id='word_1_563' title='bbox 1165 5820 1263 5877; x_wconf 90' lang='lat' dir='ltr'><strong>per</strong></span> <span class='ocrx_word' id='word_1_564' title='bbox 1328 5805 1575 5878; x_wconf 82' lang='lat' dir='ltr'><strong>quietem</strong></span> <span class='ocrx_word' id='word_1_565' title='bbox 1639 5805 1791 5860; x_wconf 88' lang='lat' dir='ltr'><strong>visus</strong></span> <span class='ocrx_word' id='word_1_566' title='bbox 1816 5814 1898 5859; x_wconf 85' lang='lat' dir='ltr'><strong>est</strong></span> <span class='ocrx_word' id='word_1_567' title='bbox 1933 5803 2017 5858; x_wconf 92' lang='lat' dir='ltr'><strong>in-</strong></span> 
     </span>
    </p>
   </div>
   <div class='ocr_carea' id='block_1_87' title="bbox 2129 5694 3686 5777">
    <p class='ocr_par' dir='ltr' id='par_1_87' title="bbox 2129 5694 3686 5777">
     <span class='ocr_line' id='line_1_87' title="bbox 2129 5694 3686 5777; baseline -0.012 -10"><span class='ocrx_word' id='word_1_568' title='bbox 2129 5710 2277 5767; x_wconf 89' lang='lat' dir='ltr'><strong>tionc</strong></span> <span class='ocrx_word' id='word_1_569' title='bbox 2310 5711 2375 5766; x_wconf 88' lang='lat' dir='ltr'><strong>ad</strong></span> <span class='ocrx_word' id='word_1_570' title='bbox 2411 5727 2540 5767; x_wconf 91' lang='lat' dir='ltr'><strong>suos</strong></span> <span class='ocrx_word' id='word_1_571' title='bbox 2569 5710 2779 5777; x_wconf 88' lang='lat' dir='ltr'><strong>habita,</strong></span> <span class='ocrx_word' id='word_1_572' title='bbox 2811 5710 3119 5764; x_wconf 75' lang='lat' dir='ltr'><strong>Manuelem</strong></span> <span class='ocrx_word' id='word_1_573' title='bbox 3155 5724 3220 5763; x_wconf 81' lang='lat' dir='ltr'><strong>ex</strong></span> <span class='ocrx_word' id='word_1_574' title='bbox 3259 5708 3386 5763; x_wconf 84' lang='lat' dir='ltr'><strong>filiis</strong></span> <span class='ocrx_word' id='word_1_575' title='bbox 3436 5709 3561 5757; x_wconf 89' lang='lat' dir='ltr'><strong>natu</strong></span> <span class='ocrx_word' id='word_1_576' title='bbox 3591 5694 3686 5749; x_wconf 87' lang='lat' dir='ltr'><strong>mi-</strong></span> 
     </span>
    </p>
   </div>
   <div class='ocr_carea' id='block_1_88' title="bbox 2126 5790 3686 5873">
    <p class='ocr_par' dir='ltr' id='par_1_88' title="bbox 2126 5790 3686 5873">
     <span class='ocr_line' id='line_1_88' title="bbox 2126 5790 3686 5873; baseline 0 -16"><span class='ocrx_word' id='word_1_577' title='bbox 2126 5800 2356 5872; x_wconf 85' lang='lat' dir='ltr'><strong>nimum,</strong></span> <span class='ocrx_word' id='word_1_578' title='bbox 2395 5803 2487 5873; x_wconf 88' lang='lat' dir='ltr'><strong>qui</strong></span> <span class='ocrx_word' id='word_1_579' title='bbox 2523 5814 2637 5858; x_wconf 90' lang='lat' dir='ltr'><strong>tum</strong></span> <span class='ocrx_word' id='word_1_580' title='bbox 2668 5800 2808 5856; x_wconf 82' lang='lat' dir='ltr'><strong>forte</strong></span> <span class='ocrx_word' id='word_1_581' title='bbox 2843 5799 3053 5870; x_wconf 88' lang='lat' dir='ltr'><strong>aderat,</strong></span> <span class='ocrx_word' id='word_1_582' title='bbox 3080 5798 3287 5855; x_wconf 83' lang='lat' dir='ltr'><strong>lsaacio</strong></span> <span class='ocrx_word' id='word_1_583' title='bbox 3327 5790 3524 5865; x_wconf 79' lang='lat' dir='ltr'><strong>majOri</strong></span> <span class='ocrx_word' id='word_1_584' title='bbox 3560 5798 3686 5857; x_wconf 58' lang='grc' dir='ltr'><strong>Μεθ’</strong></span> 
     </span>
    </p>
   </div>
  </div>
