4070 6450
279 405 391 475 625·
1649 412 1871 476 CDN‘TI

1970 413 2191 480 IATIO.
3438 410 3543 472 6:26

281 526 428 591 tulit,
454 531 513 579 et
540 523 931 594 imperatorem
955 523 1285 595 designavit.
1316 522 1435 590 Quo
1458 524 1690 579 consilio
1722 541 1860 580 cun-
1884 528 1933 588 Α
1965 514 2336 597 recuperavit,
2366 535 2420 581 et
2446 525 2713 582 Miclraele
2747 520 3053 596 Palmoiogo
3083 523 3259 595 copiis
3277 522 3544 577 adversus

278 629 493 674 ctorum
523 615 800 687 suffragiis
851 618 1179 688 approbato,
1219 618 1390 671 vitam
1442 617 1587 671 hanc
1610 618 1856 687 reliquit,
1966 618 2183 674 Siculos
2243 617 2524 688 praefecto,
2576 617 2643 673 de
2688 616 2899 672 Serviis
2956 615 3335 686 Hungarisqne
3370 616 3545 667 victo-

281 708 501 778 imperii
523 708 787 763 vicesimo
820 715 1020 778 quarto
1056 723 1204 764 anno
1233 722 1400 777 supra
1428 722 1678 763 mensem
1712 717 1863 762 octa-
1966 709 2101 764 riam
2133 724 2265 764 sane
2290 709 2556 764 illustrem
2591 716 2923 764 consecutus
2957 715 3061 762 est.
3095 707 3402 775 Palaeologo
3435 720 3544 757 non

280 814 407 854 vum
439 807 653 854 exacto.
954 872 957 877 Ι
1966 802 2144 856 multo
2172 810 2298 870 post
2332 801 2658 868 abrogatum
2690 800 3008 870 imperium,
3052 799 3319 868 missique
3352 807 3545 851 contra

1198 887 1276 961 ’,Α
1313 955 1332 961 Δ
1367 941 1556 961 “___,_
1585 940 1633 961 ,_
1669 940 1857 961 “Lm
1965 892 2182 949 Siculos
2208 886 2431 946 A‘lexius
2457 889 2789 951 Comuenus,
2828 891 3084 961 Bryennii
3109 890 3341 944 Caesaris
3372 884 3543 949 filius.

1966 1002 2091 1041 cum
2121 982 2329 1040 Joanne
2363 982 2528 1048 Duca,
2560 984 2801 1053 itemque
2830 978 2996 1053 337
3012 983 3406 1038 Constantinus
3435 982 3550 1034 An-

1968 1078 2154 1148 gelus,
2184 1077 2237 1131 in
2260 1086 2581 1146 potestatem
2607 1075 2847 1131 hostium
2870 1074 3412 1132 vencrunt.Tandcm
3432 1074 3551 1127 sine

1968 1168 2150 1220 fructu
2181 1166 2325 1220 bello
2363 1164 2770 1229 administrate,
2815 1179 2918 1234 pax
2944 1165 3222 1234 .utrinque
3254 1163 3396 1217 facta
3442 1172 3549 1217 est.

1967 1256 2103 1312 Cum
2137 1266 2320 1311 autem
2342 1255 2601 1312 Alemaha
2637 1252 2903 1311 Mannelis
2940 1271 3080 1310 uxor
3105 1270 3136 1310 e
3172 1254 3314 1309 vivis
3355 1266 3552 1308 exces-

1971 1347 2154 1413 sisset,
2179 1362 2343 1416 quam
2370 1347 2591 1417 quidem
2619 1344 3552 1415 mortuam‘illelongcjacerbissime

1969 1439 2129 1500 luxit,
2176 1439 2530 1509 procreandae
2566 1439 2771 1493 sobolis
2802 1438 3060 1493 mascula:
3087 1452 3273 1501 causa,
3305 1436 3551 1490 Petcbini

1972 1527 2275 1585 Antiochitc
2320 1530 2386 1585 ad
2420 1530 2680 1585 Orontem
2717 1530 2836 1585 sitae
2866 1529 3148 1600 principis,
3195 1545 3259 1583 ev
3291 1527 3554 1583 occiden‘

1976 1623 2068 1677 tali
2096 1622 2305 1677 familia
2338 1624 2477 1687 nati,
2521 1622 2688 1677 filiam
2748 1637 2975 1676 uxorem
3026 1620 3205 1676 duxit.
3253 1618 3402 1674 Inter
3448 1621 3553 1673 alia

1972 1728 2094 1782 quae
2153 1713 2324 1782 gessit
2374 1712 2481 1768 hoc
2540 1727 2763 1783 quoque
2830 1711 3163 1777 celebratur,
3220 1711 3367 1781 quod
3427 1725 3557 1765 cum

1973 1802 2212 1867 Chliara,
2250 1804 2570 1875 Pergamus,
2620 1805 3043 1876 Adramyttium,
3079 1803 3245 1859 urbes
3295 1803 3435 1858 Asi:e
3458 1802 3556 1856 Mi—

1905 1876 1947 1931 B
1976 1895 2150 1958 noris,
2178 1910 2478 1965 earumque
2510 1895 2648 1950 ﬁnes
2673 1912 2705 1951 a
2740 1894 2936 1951 Turcis
2984 1894 3232 1964 undique
3288 1895 3557 1965 gravissi-

1975 1986 2080 2040 mis
2127 1986 2578 2057 populationibus
2602 1996 2955 2061 vexarentur,
2992 1986 3397 2041 munitionibus
3455 2003 3556 2052 cx,-

1971 2077 2222 2147 structis,
2249 2093 2384 2147 quas
2416 2078 2564 2132 Nova
2588 2077 2779 2134 Castra
2839 2078 3211 2148 nuncupavit,
3238 2092 3427 2133 earum
3467 2094 3557 2133 se-

1976 2168 2200 2224 curitati
2235 2169 2599 2226 consuluerit.
2982 2238 2991 2241 ι

2048 2260 2317 2332 Deinceps
2347 2272 2498 2318 moto
2528 2262 2672 2318 bello
2714 2271 2901 2318 contra
2930 2263 3183 2330 ilunnos,
3238 2263 3415 2318 aliiuis
3472 2264 3559 2318 sui

1978 2352 2266 2422 Stephani,
2298 2353 2441 2409 Jazm
2461 2355 2604 2425 regis
2629 2370 2823 2410 eorum
2861 2355 3051 2409 fratris
3092 2356 3341 2422 nomine,
3390 2371 3558 2425 quem

1976 2461 2149 2516 regno
2179 2456 2302 2515 post
2327 2444 2471 2501 Jazae
2505 2456 2736 2502 mortem
2773 2446 2979 2517 praeﬁci
3008 2448 3196 2514 vellet,
3249 2464 3374 2503 cum
3400 2448 3565 2501 initio

1980 2553 2175 2609 parum
2228 2538 2456 2593 omnino
2495 2538 2584 2594 res
2645 2539 3019 2595 succederet:
3054 2538 3274 2595 tandem
3347 2538 3564 2593 Andro-

1981 2630 2104 2684 nico
2137 2628 2587 2699 Contostephano
2620 2645 2745 2684 cum
2804 2631 2983 2701 magni
3019 2629 3178 2685 ducis
3232 2629 3394 2684 titulo
3424 2645 3566 2700 prat-

1980 2720 2255 2791 clarisque
2292 2708 2466 2790 copiis
2492 2721 2760 2776 adversus
2814 2723 2938 2778 illos
2990 2723 3183 2783 misso,
3220 2722 3425 2792 ingenti
3486 2724 3565 2776 vi—

1980 2812 2165 2867 ctoria'
2190 2814 2409 2882 potitus
2437 2821 2571 2868 est:
2631 2827 2755 2866 cum
2805 2811 3030 2882 quidem
3098 2812 3445 2882 imperatoris
3479 2812 3563 2866 in-

1976 2904 2160 2977 j’ussu,
2191 2906 2284 2974 qui
2317 2905 2388 2960 ob
2413 2905 2657 2960 siderum
2692 2905 2937 2975 positum
2964 2905 3129 2975 paulo
3181 2904 3565 2960 inclementio-

373 3005 487 3061 Ηοο
523 3014 771 3072 tempore
812 3014 1065 3074 suscepta
1091 3013 1176 3059 est
1225 3003 1293 3057 ab
1327 3000 1614 3057 Alemanis
1639 2999 1879 3080 Conradi
1964 3006 2124 3061 rem,
2169 2997 2327 3051 aliud‘
2378 2998 2689 3067 exspectari
2756 3012 2953 3069 pugna:
3006 3007 3226 3066 tempus
3292 2998 3565 3060 voluerat,

303 3096 531 3152 Caesaris
548 3097 773 3166 Augusti
801 3095 1057 3166 auspiciis
1082 3093 1139 3149 in
1164 3092 1514 3147 Palaestinam
1540 3106 1682 3146 nova
1709 3106 1879 3160 expec
1985 3103 2204 3142 manum
2241 3102 2366 3142 cum
2405 3088 2666 3158 Dionysio
2695 3087 2860 3151 duce,
2896 3084 3015 3141 viro
3047 3086 3173 3141 forti
3200 3101 3265 3140 ac
3311 3096 3563 3149 strenuo,

304 3188 463 3253 ditio,
488 3204 651 3258 quant
675 3188 890 3243 Manuel
920 3186 1143 3240 minime
1167 3185 1388 3254 quidem
1415 3185 1595 3254 palam
1620 3182 1884 3253 impedie-
1909 3211 1951 3268 ο
1985 3179 2383 3234 conseruisset.
2419 3176 2490 3235 Ut
2529 3188 2712 3233 autem
2761 3178 2887 3233 felix
2923 3177 3041 3232 lta-c
3069 3176 3352 3247 expeditio
3419 3179 3563 3230 (τοιδ-

307 3280 420 3343 bat,
440 3279 535 3334 sed
557 3282 798 3335 occultas
830 3291 1010 3335 tamen
1031 3278 1281 3333 struebat
1308 3276 1587 3332 Aletnanis
1625 3276 1876 3331 insidias.
1986 3272 2293 3341 tostepltani
2330 3270 2453 3335 fuit,
2493 3272 2567 3325 ita
2596 3286 2786 3340 parum
2819 3270 3047 3325 omnino
3075 3269 3344 3324 successit
3369 3267 3564 3331 altera,

311 3368 557 3424 Fuerunt
582 3370 635 3424 in
657 3372 755 3424 bac
775 3370 1124 3439 expeditione
1154 3369 1399 3423 virorum
1425 3369 1657 3424 comites
1707 3369 1878 3424 etiam
1939 3366 1942 3370 λ
1985 3380 2107 3434 qua:
2139 3375 2331 3420 contra
2362 3364 2641 3419 sultanum
2706 3360 2953 3434 Egypti,
2987 3362 3186 3416 eodem
3220 3361 3380 3425 duce,
3440 3377 3566 3430 rege

309 3458 532 3514 feminas
589 3460 840 3530 quaedam
896 3458 1136 3530 ingentis
1216 3459 1409 3522 animi,
1480 3474 1602 3529 qua:
1659 3470 1884 3514 armatae
1987 3454 2564 3528 Hierosolymorumet
2601 3454 2765 3525 Cypri
2802 3454 3061 3522 Amerigo
3097 3453 3273 3519 socio,
3313 3462 3565 3522 suscepta

307 3551 611 3607 insidentes
630 3553 791 3623 equis
848 3555 1189 3608 Amazonum
1243 3553 1493 3622 speciem
1543 3552 1880 3622 pra-hebant.
1985 3558 2070 3604 est
2109 3564 2264 3602 :non
2300 3547 2434 3602 illud
2480 3546 2705 3616 quidem
2763 3544 3069 3600 Andronici
3126 3544 3304 3614 culpa,
3353 3545 3449 3626 sed
3498 3544 3568 3597 ob

307 3644 409 3701 Hic
435 3646 568 3701 mihi
594 3647 741 3712 vide,
779 3662 945 3717 quam
972 3645 1240 3716 ﬂagitiose
1279 3645 1499 3699 Manuel
1544 3654 1735 3699 contra
1786 3645 1885 3698 da—
1988 3637 2274 3709 perﬁdiam
2309 3638 2451 3708 regis
2479 3637 2749 3707 Amerigi,
2780 3637 2874 3706 qui
2901 3635 3069 3691 etiam
3088 3645 3268 3691 astute
3294 3634 3567 3705 impediit,

311 3748 418 3793 tam
455 3738 620 3794 ﬁdem
657 3754 778 3793 sese
843 3740 1100 3810 gesserit.
1157 3738 1216 3792 In
1257 3738 1396 3792 locis
1444 3735 1770 3806 opportunis
1829 3745 1886 3790 et
1987 3730 2287 3798 quominus
2340 3728 2615 3783 Tamiatlti
2654 3726 2755 3800 [aL
2790 3725 3098 3799 l)amiatae.]
3128 3726 3195 3781 ad
3254 3737 3566 3783 extremum

306 3831 476 3885 arctis
505 3829 735 3884 insidias
753 3831 1076 3893 collocabat,
1098 3828 1881 3899 quaa'multosinteritnebantf:
1988 3822 2195 3876 redacti
2215 3819 2424 3876 deditio
2477 3820 2654 3874 ﬁeret.
2705 3818 3081 3875 Consimiliter
3127 3817 3331 3872 infelici
3368 3817 3559 3871 consi-

307 3914 510 3984 passim
562 3912 738 3983 portis
796 3913 917 3982 ipso
977 3913 1520 3983 annuenteclausis,
1550 3912 1730 3966 forum
1759 3911 1887 3966 Alc~
1988 3915 2063 3970 lio
2099 3914 2319 3970 Manuel
2371 3914 2487 3983 ipse
2516 3911 2931 3969 sultanolconii
2972 3910 3176 3966 bellum
3213 3908 3369 3972 fecit,
3394 3924 3570 3977 quan-

309 4008 487 4063 manis
549 4006 927 4076 denegabaltr
965 4025 979 4060 :
1011 4005 1239 4060 funibus
1293 4005 1365 4060 de
1422 4018 1583 4059 muro
1640 4004 1887 4073 pseunia‘,
1991 4023 2154 4079 quam
2188 4007 2236 4061 is
2264 4005 2571 4062 exstitisset
2603 4005 2658 4058 in
2712 4004 3108 4073 imperatorem
3164 4001 3325 4072 longe
3384 3999 3569 4070 ingra-

310 4101 658 4162 attrahenda:
687 4114 852 4154 causa
877 4098 1153 4162 demissis,
1196 4114 1258 4154 ea
1282 4108 1461 4168 capta,
1495 4106 1761 4168 quantum
1799 4096 1890 4151 vcf
1992 4099 2261 4165 tissimus,
2288 4114 2318 4153 a
2340 4114 2450 4169 quo
2475 4113 2572 4167 per
2604 4111 2735 4151 suos
2756 4095 2967 4151 ditione
2987 4094 3277 4166 spoliatus,
3312 4093 3569 4148 humani-

311 4195 467 4265 panis
533 4194 619 4249 vel
673 4194 905 4248 aliarum
975 4207 1161 4248 rerum
1236 4193 1489 4255 libebat,
1592 4189 1879 4259 prmbeba-
1995 4200 2076 4249 ter
2108 4201 2397 4261 exceptus,
2431 4200 2488 4244 et
2534 4188 2917 4267 amplissimis
2958 4186 3291 4243 muneribus
3333 4186 3575 4239 donatus

316 4295 405 4339 tur
437 4303 452 4337 :
501 4299 900 4354 nonnunquam
956 4291 1183 4339 auro.et
1233 4289 1467 4352 argento
1514 4288 1772 4345 attracto,
1812 4276 1889 4334 δα
1990 4286 2193 4353 fuerat,
2224 4285 2391 4354 inque
2427 4283 2721 4353 pristinum
2753 4281 3046 4351 imperium
3080 4280 3385 4335 restitutus.
3403 4277 3571 4334 Caesa:

315 4373 489 4429 muris
535 4382 711 4429 semel
769 4372 1011 4443 ἱιιιρτοὺί
1061 4371 1325 4427 mortales
1371 4370 1772 4435 SUbducebaﬂl.
1821 4385 1893 4424 30‘
1992 4385 2123 4433 sunt
2199 4376 2447 4445 insignes
2503 4374 2610 4430 hoc
2666 4372 2814 4428 bello
2873 4373 3252 4427 Romanorum
3294 4385 3326 4424 a
3373 4370 3571 4425 Turcis

313 4467 449 4521 nihil
514 4467 740 4521 omnino
777 4475 1120 4522 commeatus
1168 4464 1417 4519 vicissim
1466 4463 1832 4518 demittebant
1868 4480 1891 4517 ς
1991 4467 2188 4540 copim,
2225 4463 2558 4537 quibusdam
2610 4465 2665 4519 in
2702 4463 2960 4519 faucibus
3004 4477 3141 4533 quat
3186 4460 3405 4516 Clisura
3465 4459 3569 4530 Zy-

314 4557 543 4627 qtridam
570 4558 757 4611 farinae
783 4557 997 4612 calcem
1048 4557 1368 4620 miscentes,
1420 4555 1605 4611 cibum
1672 4555 1891 4624 pestife~
1925 4557 2158 4616 Dbrizac
2234 4570 2668 4630 nuncupantur:
2708 4557 3010 4627 imperator
3068 4555 3187 4624 ipse
3261 4552 3568 4609 fortissime

314 4665 436 4703 rum
490 4649 805 4705 efﬁciebant
843 4666 860 4704 :
899 4649 1257 4719 imperatoris
1311 4649 1469 4718 jussu
1533 4648 1602 4702 de
1657 4661 1886 4716 argento
1994 4653 2285 4718 dimicans,
2325 4660 2440 4706 toto
2466 4664 2700 4719 corpore
2738 4645 3067 4702 vulneribus
3095 4643 3312 4707 affecto,
3360 4643 3452 4698 vix
3481 4642 3567 4697 in-

315 4740 541 4794 minime
576 4741 752 4811 probo
792 4755 925 4796 cusa
960 4751 1176 4809 moneta
1233 4751 1341 4805 est,
1397 4756 1521 4810 qua:
1579 4739 1897 4794 vendituris
1993 4743 2229 4801 colurnis
2266 4744 2460 4799 evasit.
2491 4742 2598 4798 Sed
2651 4749 2833 4796 tamen
2868 4740 3085 4811 egregia
3128 4738 3308 4793 virtus
3337 4737 3571 4793 Joannis

312 4830 517 4899 aliquid
550 4844 619 4884 ex
649 4830 969 4884 Alcmanico
1033 4830 1285 4884 exercitu
1349 4828 1897 4896 dareturzdenique
1995 4814 2233 4890 Batatia:
2265 4851 2376 4890 non
2432 4835 2608 4889 multo
2636 4842 2763 4904 post
2813 4833 3076 4887 damnum
3124 4833 3229 4886 hoc
3282 4830 3573 4901 insigniter

314 4919 516 4975 litteris
538 4920 607 4975 ad
640 4919 853 4975 Turcos
878 4919 1061 4976 missis
1118 4920 1335 4974 Manno!
1373 4920 1625 4976 hortatus
1651 4930 1757 4982 est.
1831 4927 1890 4973 ut
1996 4925 2299 4981 resarcivit.
2338 4924 2475 4980 Cum
2506 4925 2655 4980 enim
2696 4924 2959 4993 Atapatus
2986 4920 3189 4976 sultani
3235 4921 3392 4991 jussu
3443 4934 3569 4973 cum

315 5011 518 5065 bellum
547 5010 830 5066 Alemanis
860 5011 1123 5066 facerent.
1155 5012 1311 5078 Quod
1344 5013 1566 5067 illicum
1593 5019 1889 5073 tentarent,
1995 5019 2224 5076 delectis
2266 5019 2574 5074 Turcomm
2664 5017 2857 5088 viginti
2908 5017 3176 5077 millibus,
3230 5023 3286 5069 et
3309 5013 3570 5084 amplius,

315 5103 384 5156 3d
415 5102 749 5158 Mtﬁandfum
781 5118 812 5158 a
833 5102 1111 5166 Conrado.
1137 5104 1329 5158 divina
1374 5104 1612 5174 quadam
1670 5106 1724 5159 Vi
1783 5103 1889 5157 (ιιι-
1996 5113 2050 5167 ἰη
2082 5113 2218 5167 ﬁnes
2257 5113 2536 5167 Romanos
2558 5110 2627 5164 ad
2656 5110 2838 5180 ipsum
2881 5123 3057 5177 usque
3089 5121 3242 5160 mare
3288 5117 3573 5175 grassatus

315 5195 463 5249 vium
498 5196 825 5267 trajiciente,
880 5204 1029 5250 tanta
1060 5196 1303 5265 ipsorum
1341 5197 1490 5259 edita
1537 5206 1750 5268 strages
1779 5205 1867 5252 est

1996 5205 2311 5259 imtnaniter
2342 5202 2555 5265 fuisset,
2581 5202 2807 5271 jamque
2848 5196 3184 5256 Nicandrum
3235 5200 3461 5255 fluvium
3495 5201 3577 5254 iu-

315 5287 462 5342 utde
487 5302 756 5342 caesorum
787 5287 1010 5342 ossibus
1035 5287 1261 5343 excitati
1310 5288 1489 5344 crebri
1544 5289 1753 5359 altique
1806 5299 1890 5343 tu-
1998 5297 2420 5351 ﬁnila'onustus
2461 5293 2645 5365 praeda
2673 5294 2926 5364 trajicere
2951 5303 3294 5348 conaretur:
3329 5272 3578 5348 Bata'tzcs

317 5380 474 5444 muli,
503 5380 729 5435 collium
786 5380 967 5435 instar
1013 5390 1392 5450 assurgerent,
1445 5381 1540 5451 qui
1612 5383 1888 5452 hodieque
1995 5386 2189 5442 divisis
2211 5386 2410 5457 couiis,
2436 5400 2499 5440 ac
2533 5384 2732 5454 partim
2779 5385 2832 5437 in
2886 5383 3109 5438 insidiis
3157 5383 3387 5447 abditis,
3452 5397 3576 5451 par-

315 5484 440 5525 cum
490 5472 852 5527 admiratione
919 5474 1323 5530 transeuntium
1400 5483 1758 5545 spectantur.
1810 5474 1891 5530 Eo
1998 5480 2094 5534 tim
2130 5479 2184 5533 in
2231 5477 2557 5532 ulteriorem
2598 5476 2778 5531 amnis
2809 5476 2986 5547 ripam
3023 5473 3259 5531 evadere
3277 5475 3473 5545 jussis,
3506 5489 3575 5528 eo

317 5561 507 5631 pactio
536 5571 644 5616 tam
667 5563 904 5620 feliciter
929 5576 1189 5636 pugnato,
1220 5567 1358 5622 citra
1410 5568 1734 5636 cujusquam
1793 5570 1894 5621 im-
1998 5571 2103 5627 loci
2137 5570 2586 5640 l‘CtngthOSieS,
2636 5578 2697 5623 ut
2728 5569 2960 5638 Atapato
3021 5567 3333 5630 interfecto,
3394 5580 3461 5618 ex
3496 5570 3576 5616 tot

318 5652 697 5721 pedimentum
731 5654 991 5724 deinceps
1023 5656 1275 5710 Alemani
1311 5666 1442 5710 sunt
1467 5657 1767 5725 progressi.
1856 5682 1859 5685 -
1997 5663 2245 5718 millibus
2273 5661 2500 5717 omnino
2537 5659 2696 5730 pauci
2728 5660 2791 5714 ad
2819 5675 2947 5713 suos
2983 5658 3115 5713 salvi
3142 5662 3570 5711 revertcre-ztnr.

386 5741 774 5799 GessLtabilio'
799 5753 1044 5815 tempore
1066 5746 1269 5801 bellum
1312 5747 1528 5802 Manucl
1571 5760 1761 5802 contra
1802 5766 1892 5804 re-
1997 5750 2111 5806 lloc
2143 5751 2287 5806 facto
2310 5751 2682 5815 Romanorum
2722 5749 2891 5805 erecti
2928 5755 3057 5805 sunt
3082 5745 3274 5811 animi,
3316 5760 3382 5811 ac
3415 5744 3576 5799 vicis-

320 5848 438 5904 gcm
472 5834 672 5891 Sicilia:
705 5834 1017 5907 liogcriunt,
1052 5839 1396 5911 ablatamquc
1438 5839 1541 5896 sibi
1592 5839 1890 5910 Corcyram
2000 5845 2100 5902 sim
2128 5844 2493 5902 Barbarorum
2524 5843 2817 5901 insolentia
2858 5854 3127 5899 renrcssa.

1912 5935 1949 5946 ἢν
1958 5937 1965 5947 ι

353 940 635 997 Successit
673 939 729 995 ei
752 936 991 1004 Manuel',
1024 940 1117 1010 qui
1147 952 1277 995 mox
1307 955 1337 997 e
1360 941 1557 996 castris
1585 940 1638 996 in
1669 940 1861 996 urbem

224 1032 233 1041 '
282 1032 572 1086 Axucbum
629 1046 891 1101 magnum
921 1031 1286 1086 domesticum
1339 1031 1638 1100 ablegavit,
1672 1039 1732 1085 ut
1778 1045 1866 1084 res

284 1123 412 1178 istic
469 1123 863 1188 constitueret,
917 1132 1303 1193 occupatoque
1364 1123 1570 1192 palatio
1638 1122 1864 1176 fratrem

284 1215 548 1272 isaacium
586 1206 825 1285 paternae
879 1218 1072 1272 mortis
1110 1216 1293 1272 adhuc
1332 1217 1582 1287 ignarum
1639 1229 1867 1271 coerce—

285 1314 387 1371 ret,
437 1321 506 1361 ne
532 1305 661 1375 quid
691 1305 780 1359 ille
800 1306 1086 1360 turbarum
1122 1322 1222 1360 ceu
1277 1316 1408 1360 natu
1456 1306 1632 1375 major
1680 1303 1863 1369 ,daret.

289 1398 570 1470 Egregiam
625 1398 679 1452 in
724 1414 792 1453 eo
823 1399 1043 1452 navavit
1072 1382 1295 1467 operam
1328 1397 1609 1461 Axucbus,
1662 1377 1869 1450 lsaacio

288 1490 343 1544 in
374 1490 795 1545 Pantocratoris
827 1490 1227 1545 monasterium
1253 1489 1494 1543 incluso.
1540 1488 1659 1544 Non
1684 1489 1779 1542 abs
1808 1502 1868 1541 re

287 1590 472 1637 autem
503 1592 659 1651 pater
704 1582 784 1636 illi
843 1582 1146 1637 Manuelem
1202 1582 1543 1652 praetulerat.
1613 1581 1746 1635 Nam
1813 1586 1869 1633 et

291 1674 587 1730 iracundus
610 1682 753 1740 erat,
793 1683 849 1729 et
869 1675 938 1729 ad
964 1675 1238 1745 supplicia
1264 1674 1412 1729 leves
1442 1674 1513 1728 ob
1537 1687 1733 1727 causa:
1750 1671 1868 1725 exi-

289 1767 469 1838 genda
501 1782 713 1837 pronus
747 1781 761 1821 :
802 1768 905 1823 hac
950 1768 1069 1839 ipsa
1107 1767 1398 1823 atrocitate
1455 1781 1581 1842 cum
1633 1764 1866 1819 naturali

289 1859 528 1929 quodam
565 1874 766 1929 pavore
799 1861 1115 1930 conjuncta.
1157 1858 1311 1914 Uxor
1338 1858 1576 1913 Manueli
1640 1857 1877 1927 impera-

292 1950 397 2005 tori
431 1950 693 2004 Aletnana
725 1949 852 2014 fuit,
902 1949 968 2005 eti
1013 1950 1214 2005 illustri
1240 1949 1562 2020 principum
1617 1949 1866 2003 familia:

292 2058 413 2112 qua:
442 2058 548 2097 non
582 2049 688 2095 tam
717 2042 948 2097 formam
1001 2043 1271 2110 corporis,
1303 2057 1468 2112 quam
1524 2040 1693 2094 animi
1754 2030 1874 2108 pul-

294 2134 671 2190 cb-ritndinem
703 2135 954 2189 curabat.
1016 2135 1210 2205 Itaque
1284 2134 1429 2188 fucis
1454 2143 1513 2188 et
1577 2133 1873 2188 adscititiis

295 2227 638 2282 ornamentis
687 2226 1013 2297 repudiatis,
1078 2226 1430 2296 naturalique
1482 2224 1688 2280 rubore
1747 2241 1875 2279 con-

296 2327 468 2383 tenta,
542 2318 813 2372 virtutum
887 2306 1494 2389 elegantia‘fulgebat.
1563 2315 1873 2370 constantia

295 2415 672 2483 gravitateque
708 2412 974 2482 gentilitia
1024 2410 1275 2482 praedita.
1340 2411 1401 2465 Ei
1435 2410 1652 2464 Manuel
1687 2408 1877 2479 conju-

295 2506 368 2576 gii
400 2505 559 2560 [idem
594 2521 706 2559 non
730 2505 1005 2577 servabat,
1058 2504 1223 2559 etiam
1284 2504 1481 2573 neptis
1506 2503 1713 2559 incesta
1748 2516 1879 2555 con-

299 2598 595 2654 suetudine
646 2613 773 2654 cum
810 2596 1110 2667 ignominia
1141 2596 1407 2666 singulari
1445 2583 1705 2650 abutens.
1758 2593 1877 2648 Ca3-

302 2692 556 2761 teroquiu
589 2690 659 2745 ab
688 2691 847 2744 initio
873 2688 1170 2744 muniﬁcus
1216 2697 1357 2753 erat,
1424 2687 1495 2742 ob
1559 2687 1877 2742 comitatem

301 2782 452 2837 aditu
484 2782 681 2847 facilis,
720 2782 906 2835 animo
938 2781 1152 2835 fraudis
1204 2789 1430 2850 experte
1463 2796 1477 2833 :
1511 2794 1634 2849 qute
1680 2788 1877 2833 tamen

304 2870 534 2930 virtutes
568 2875 624 2929 in
652 2875 771 2944 ipso
803 2883 1078 2944 perpetuae
1114 2888 1222 2928 non
1250 2871 1610 2928 exstiterunt.
