4070 6414
3132 360 3209 372 ..ν-

505 420 607 485 627
1346 460 1353 469 η
1593 423 2016 488 MlCIIAELIS
2046 424 2306 488 GLYCrl!
2345 425 2755 487 ANNALIUM
3662 418 3787 485 633'-

576 534 741 604 338
804 532 939 591 Cum
976 544 1156 590 autent
1218 537 1460 594 studiose
1490 539 1704 594 Manuei
1760 556 1946 594 secum
2002 554 2094 608 po-
2122 544 2169 601 A
2199 539 2307 594 liae
2344 540 2614 609 impntsu's
2650 536 2941 593 occasione
2978 535 3347 599 Andronicus,
3394 542 3450 588 et
3482 535 3600 603 ipse
3658 536 3770 588 tia-

506 629 732 680 tcntiam
762 629 1044 683 nationum
1082 630 1527 695 occidentalium,
1558 649 1681 702 qua:
1717 634 1829 702 regi
1861 632 2082 685 Alema-

507 735 701 793 norum
752 720 1041 787 parebant,
1069 721 1431 791 expendisset
1462 741 1476 777 :
1512 724 1726 778 veritus
1761 739 1827 777 ne
1867 722 1946 777 illi
1975 722 2082 776 aii-

503 809 725 877 quando
819 826 978 864 suurn
1054 813 1350 881 imperium
1437 814 1813 881 adorirentur,
1894 815 2082 870 Romae

505 901 706 955 veteris
742 900 942 971 Papam
974 912 1168 958 contra
1206 904 1549 961 Fridericum
1590 923 1772 977 regem
1829 907 2080 961 concita--

501 990 600 1055 vit,
622 990 873 1046 hortatus
892 1003 951 1047 ut
980 994 1129 1063 quod
1166 996 1410 1065 pontifici
1444 997 1741 1051 deberetur
1762 996 2081 1067 imperium,

504 1084 758 1152 uSurpari
791 1085 860 1139 ab
893 1085 1211 1141 Alemanico
1246 1088 1497 1157 principe
1539 1104 1882 1158 nequaquam
1930 1101 2087 1159 pate-

502 1184 684 1228 retur.
722 1175 925 1230 Eodem
956 1186 1116 1245 pacto
1140 1164 1402 1242 Venetos,
1452 1179 1796 1245 Genuenses,
1831 1180 2080 1248 Pisanos,

502 1265 906 1331 Anconitanos,
944 1277 998 1323 et
1034 1269 1281 1338 reliquos
1307 1271 1475 1326 maris
1503 1271 1721 1326 accolas
1752 1272 1856 1326 sibi
1897 1273 2086 1328 conci-

503 1356 693 1420 liabat,
753 1369 1099 1415 sacramento
1176 1360 1546 1428 devinciebat,
1626 1361 1807 1418 omnis
1864 1366 2081 1434 generis

502 1448 700 1503 ciliciis
742 1450 1042 1515 alliciebat,
1099 1452 1154 1505 in
1193 1452 1327 1507 urbe
1378 1454 1616 1524 denique
1663 1455 2082 1525 perhumaniter

505 1540 838 1609 excipiebat.
895 1541 1142 1612 Cumque
1206 1542 1696 1599 Mediolanensium
1742 1547 1935 1601 urbem
2010 1563 2081 1602 ac

504 1633 842 1691 munitiones
883 1652 1104 1692 eversas
1133 1655 1162 1693 a
1198 1639 1477 1695 Friderico
1543 1642 1866 1710 accepisset,
1920 1658 2079 1713 opem

504 1739 568 1777 ac
592 1727 852 1793 pecunias
880 1728 947 1781 iis
973 1730 1230 1798 praebuit,
1298 1732 1503 1800 quibus
1562 1748 1748 1787 muros
1809 1736 2086 1791 instaura-

506 1824 650 1869 rcnt.
680 1816 1070 1874 Montisferrati
1107 1821 1347 1891 denique
1405 1824 1509 1877 sibi
1552 1822 1921 1880 lilarehioncm
1981 1829 2079 1881 ad-

2188 630 2653 699 nueiiSpazruelis
2710 630 2860 694 (nam
2889 628 3087 683 eodem
3162 635 3317 697 patre
3353 625 3557 688 Alexio,
3592 625 3767 680 Joan-

2186 740 2283 779 nes
2313 724 2576 778 lilanuelis
2638 733 2694 778 et
2720 722 2957 777 lsaacius
2992 720 3410 775 Sebastocrator
3459 718 3766 772 Andronici

2186 823 2365 883 pater,
2399 814 2514 868 nati
2554 814 2761 880 erant),
2805 811 2968 866 homo
3006 812 3163 880 longe
3204 808 3528 863 vaferrimus
3561 808 3772 878 pariter

2181 914 2239 962 et
2262 905 2699 966 crudeiissimus,
2724 902 2828 958 sub
2862 906 3047 957 astuta
3089 908 3378 980 praetextu,
3421 900 3575 970 quasi
3623 914 3803 971 reu:-_

2186 999 2461 1067 publicam
2496 1004 2554 1050 et
2596 992 3297 1065 imperatorem‘vindicare
3315 991 3481 1047 vellet
3525 992 3591 1046 ab
3620 991 3768 1046 insi-

2183 1091 2293 1146 diis
2333 1089 2720 1161 protosebasti,
2747 1102 2778 1143 e
2811 1087 3207 1159 Paphlagonia,
3270 1101 3379 1156 quo
3426 1085 3705 1154 ablegatus
3733 1100 3766 1138 ιι

2184 1182 2433 1236 Mauueie
2474 1181 2689 1245 fuerat,
2728 1182 2954 1251 propius
3002 1181 3067 1233 ad
3125 1183 3317 1234 urbem
3373 1176 3603 1235 accedit,
3666 1175 3764 1229 ad-

2178 1274 2500 1348 junctisquc
2525 1274 2629 1329 sibi
2655 1273 2791 1329 viris
2814 1273 2871 1327 in
2898 1270 3376 1327 administratione
3394 1268 3762 1338 principibus,

2187 1366 2470 1421 redactum
2499 1366 2553 1420 in
2607 1372 2936 1433 potestatem
2988 1363 3427 1433 protosebastum
3486 1366 3767 1421 exezeeat;

2196 1458 2412 1526 imperii
2442 1457 2888 1526 procurationem
2925 1456 2977 1510 in
3024 1470 3081 1510 se
3124 1453 3414 1517 transfert;
3477 1450 3773 1505 Contoste-

2189 1549 2431 1619 phanutn
2470 1562 2593 1602 cum
2621 1556 2861 1618 quatuor
2891 1548 3042 1614 filiis,
3081 1544 3757 1609 Basilium,Camatcrum,

2184 1652 2241 1695 et
2274 1641 2408 1695 alios
2440 1640 2682 1697 illustres
2709 1640 2856 1698 viros
2883 1640 3059 1695 oculis
3107 1639 3350 1709 spoliat;
3382 1647 3609 1692 matrem
3652 1636 3760 1688 im-

2188 1733 2458 1802 peratoris
2486 1741 2665 1796 necat,
2693 1733 2930 1786 conficto
2956 1732 3213 1796 Crimine,
3282 1729 3437 1800 quasi
3495 1743 3557 1782 ea
3614 1726 3758 1779 Beia:

2190 1825 2302 1889 regi
2356 1821 2766 1895 llungarorum,
2798 1839 3038 1894 quocum
3089 1832 3257 1893 nupta
3329 1837 3484 1877 soror
3518 1821 3756 1888 impera-

500 1908 697 1977 junxit,
730 1909 848 1979 ejus
880 1910 986 1964 filio
1020 1912 1240 1977 Marias,
1283 1914 1390 1968 tilia
1428 1930 1526 1969 sua
1561 1915 1615 1969 in
1665 1917 2078 1972 matrimonium
2112 1896 2150 1949 θ
2187 1911 2341 1965 tricis
2382 1924 2518 1976 erat,
2575 1914 2806 1981 prodere
2868 1913 3235 1969 Braniaebam
3284 1925 3340 1967 et
3389 1911 3755 1980 Beliigradum

500 2014 780 2085 concessa.
822 2003 940 2069 Quo
975 2005 1175 2059 factum
1217 2017 1321 2073 est,
1364 2015 1423 2060 ut
1469 2023 1595 2061 cum
1628 2008 1954 2064 Fridericus
1993 2026 2083 2064 ar-

499 2094 850 2163 chiepiscopo
888 2095 1227 2166 Moguntina,
1262 2098 1591 2152 canceliario
1622 2114 1744 2166 suo,
1786 2100 1837 2152 in
1867 2100 2079 2156 Italiam

500 2184 694 2247 misso,
728 2184 887 2254 Papa:
924 2187 1087 2241 urbes
1125 2186 1344 2242 ltalicas
1397 2188 1669 2243 adimeret
1702 2207 1716 2243 :
1765 2191 2080 2247 lilontisfer-

502 2279 767 2341 ratensis,
795 2278 1062 2335 Mannelis
1091 2280 1481 2350 largitionibus
1531 2282 1821 2351 impulsus,
1864 2284 2078 2340 Conra-

501 2367 635 2419 dmn
678 2368 850 2421 tilium
876 2384 1001 2423 cum
1036 2371 1213 2440 copiis
1243 2372 1296 2424 in
1347 2372 1728 2441 Moguntinum
1780 2375 2079 2446 ablegaret,

503 2473 533 2511 a
568 2475 679 2527 quo
708 2461 1011 2530 proﬂigatis
1042 2463 1341 2529 Alemanis,
1373 2465 1539 2520 etiam
1568 2466 1684 2537 ipse
1727 2467 2080 2539 liloguntinus

500 2548 647 2604 inter
673 2552 812 2604 alios
838 2562 1029 2621 captus
1058 2561 1162 2607 est.

571 2639 707 2693 Cum
744 2644 1172 2700 autcmlilanuci
1245 2655 1550 2703 sectatores
1615 2649 1742 2704 vine
1797 2649 2077 2718 solitariaa,

497 2745 722 2802 prepter
747 2737 1124 2804 possessiones
1152 2746 1220 2794 et.
1240 2741 1517 2795 mundana
1570 2744 1808 2812 negotia,
1874 2759 2070 2812 parum

496 2827 750 2895 religioni
784 2827 1075 2898 euituique
1113 2831 1304 2886 divino
1342 2832 1561 2887 deditos
1600 2834 1818 2890 videret
1852 2851 1865 2901 ;
1898 2835 2080 2890 nullas

495 2916 578 2970 eis
605 2917 812 2982 vincas,
856 2920 1037 2973 nullos
1059 2936 1240 2991 agros,
1281 2923 1457 2977 nullas
1507 2924 1885 2990 possesaiones
1937 2924 2079 2980 assi-

496 3009 717 3076 gnavit,
754 3009 848 3065 scd
899 3024 964 3064 ex
995 3011 1130 3067 tisco
1160 3022 1372 3066 tantum
1404 3014 1567 3083 pendi
1596 3015 1780 3085 jussit,
1812 3026 2076 3084 quantum

501 3100 567 3152 ιιι
600 3100 807 3155 victum
835 3102 1158 3172 cultumque
1181 3105 1436 3175 corporis
1467 3107 1601 3172 satis
1628 3117 1795 3164 esset.
1849 3109 2078 3163 Videtur

499 3191 765 3245 nimirum
798 3193 1161 3262 cupiditatem
1195 3196 1544 3251 immodicam
1582 3198 1835 3253 struendi
1881 3215 2075 3254 mona-
2104 3229 2147 3285 ο

408 3348 415 3355 η
498 3278 668 3338 sieria
710 3286 1160 3380 impro.bassc,ac
1186 3291 1424 3358 posteris
1476 3291 1787 3361 exemplum
1844 3293 2078 3361 prodere

501 3376 766 3441 voluisse,
801 3376 911 3447 ιιιιό
938 3389 1095 3447 pacto
1120 3382 1319 3451 templa
1364 3383 1680 3450 condenda,
1742 3393 1798 3437 et
1827 3400 1947 3453 qua:
1981 3386 2081 3438 ho-

500 3468 743 3522 minibus
773 3470 1041 3540 ejusmodi
1073 3473 1213 3527 ratio
1258 3475 1476 3529 vivendi
1510 3476 1596 3548 sit
1645 3477 2076 3545 prmscribenda.

500 3556 732 3616 Tantum
764 3573 946 3618 autem
984 3566 1248 3621 abfuitrut
1274 3583 1467 3621 eorum
1528 3567 1838 3623 institutum
1882 3569 2080 3639 proba-

496 3664 603 3721 ret,
636 3656 727 3725 qui
755 3657 1052 3713 solitariam
1079 3659 1242 3713 vitam
1263 3660 1515 3730 professi,
1536 3661 1805 3731 ctlopibus
1825 3663 2076 3729 afﬂuunt,

494 3758 554 3801 et
581 3747 932 3823 multitudine
966 3763 1225 3802 curarum
1252 3753 1425 3820 magis
1457 3751 1866 3817 distrahuntur,
1904 3765 2074 3821 quatn

495 3841 556 3903 ii,
588 3841 681 3909 qui
724 3840 889 3911 hujus
924 3842 1048 3895 vine
1082 3841 1298 3897 deliciis
1328 3856 1694 3914 occupantur,
1730 3854 1788 3898 ut
1838 3844 2081 3899 sanctio-

495 3949 621 3988 nem
653 3933 950 4004 Nicephori
997 3930 1217 4001 Phocw,
1264 3937 1550 3992 fortissimi
1601 3947 1655 3992 ct
1707 3936 2077 3992 eordatissimi

495 4024 868 4094 imperatoris,
897 4027 1177 4089 abolitam,
1217 4025 1286 4082 de
1323 4044 1427 4082 non
1461 4028 1729 4099 augendis
1787 4037 2068 4081 monaste-

495 4118 706 4171 riorum
757 4118 1086 4184 latifundiis,
1133 4119 1292 4190 quasi
1372 4120 1717 4190 postliminio
1783 4119 2076 4174 revocarit.

495 4209 745 4265 Mortuus
773 4222 852 4267 cst
888 4213 1131 4274 tandem,
1157 4228 1372 4283 -parum
1419 4212 1740 4267 constitutis
1776 4212 2072 4266 ordinatiso

494 4318 606 4372 que
640 4304 804 4357 rebus
835 4304 1072 4374 imperii,
1104 4319 1228 4358 cum
1252 4303 1544 4373 astrologis
1578 4303 1740 4357 fidem
1775 4302 2074 4366 habuisset,

495 4396 592 4465 qui
626 4396 901 4451 victurum
939 4395 1121 4451 adhuc
1148 4396 1571 4465 quatuordceim
1603 4409 1779 4448 annos
1813 4394 2079 4462 praedixe-

495 4496 640 4542 rant.
668 4484 965 4556 lmperavit
994 4502 1168 4542 annos
1203 4487 1294 4549 '58,
1339 4485 1516 4540 tribus
1573 4484 1860 4541 mensibus
1919 4484 2075 4539 detn-

2194 2006 2487 2060 voluisset.
2530 2006 2924 2076 Imperatorem
2978 2021 3038 2062 se
3099 2008 3398 2066 rcnmitiat,
3443 2016 3756 2072 coronaque

2183 2098 2542 2163 redimit;ac
2581 2100 2800 2155 tandem
2855 2109 3190 2155 consecutus
3225 2100 3279 2154 id
3335 2099 3481 2169 quod
3534 2097 3756 2168 jamdu-

2181 2192 2312 2246 dum
2345 2192 2530 2246 animo
2549 2191 2652 2245 sibi
2681 2191 3074 2253 destinaverat.
3094 2193 3480 2261 imperatorem
3504 2189 3752 2244 Alexium

2178 2283 2380 2351 capitis
2414 2296 2510 2351 per
2564 2295 2832 2337 summam
2889 2280 3145 2352 injuriam
3206 2281 3547 2344 damnatum,
3591 2290 3757 2332 arcus

2182 2388 2354 2428 nervo
2381 2372 2911 2443 strangularijubet.
2952 2372 3087 2442 Ejus
3109 2371 3384 2426 interfecti
3420 2370 3563 2425 latus
3616 2368 3765 2439 pede

2183 2465 2390 2527 tundit,
2428 2480 2494 2537 ac
2518 2476 2805 2534 parentum
2830 2466 3007 2535 ipsius
3055 2466 3293 2520 alterum
3351 2473 3414 2519 ut
3472 2463 3753 2533 pcrjurum

2180 2566 2237 2613 et
2272 2558 2559 2628 injurium,
2597 2559 2826 2613 alteram
2858 2544 2915 2611 ut
2950 2556 3153 2626 vulgati
3212 2554 3462 2625 corporis
3533 2552 3733 2607 mulier

2179 2648 2361 2702 cuiam
2391 2648 2788 2702 contumeliose
2847 2648 3171 2702 insectatur.
3216 2646 3356 2700 Huic
3412 2645 3665 2700 avulsum
3724 2660 3759 2698 a

2180 2756 2415 2811 corpore
2462 2754 2627 2811 caput
2661 2741 2847 2810 aliquo
2885 2739 3164 2812 abjicitur,
3218 2748 3448 2793 truncus
3500 2737 3555 2790 in
3603 2751 3763 2791 mare

2180 2834 2409 2904 plumbo
2441 2833 2802 2902 demergitur.
2888 2891 2895 2895 ,

2253 2926 2456 2980 Fuerat
2485 2942 2516 2980 a
2544 2926 2722 2997 prima
2747 2935 2905 2982 aetate
2931 2924 3285 2980 Andronicus
3310 2922 3539 2994 insignis
3585 2921 3761 2977 scele-

2184 3034 2307 3071 rum
2335 3018 2556 3082 artifex,
2604 3020 2912 3089 multasque
2965 3017 3271 3073 facinorum
3318 3031 3542 3070 suorum
3590 3029 3755 3068 causa

2180 3118 2476 3180 perpessus
2503 3126 2776 3166 aerumnas
2805 3120 2945 3166 erat.
2975 3109 3112 3165 Nam
3148 3109 3308 3164 initio
3337 3106 3753 3176 conspiratione

2180 3217 2304 3256 eum
2334 3201 2606 3270 lluugaris
2631 3201 2776 3256 facta
2804 3242 2819 3268 ,
2884 3201 3191 3267 Manuelcm
3241 3198 3475 3269 imperio
3517 3197 3754 3265 dejicere

2181 3302 2413 3347 conatus
2473 3301 2872 3363 est:quarum
2943 3293 3272 3348 insidiarum
3321 3290 3624 3354 convictus,
3693 3288 3754 3343 in

2178 3378 2364 3455 palatii
2409 3386 2712 3441 custodiam
2736 3386 2896 3441 datus
2941 3395 3042 3441 est.
3072 3383 3319 3439 Accessit
3349 3392 3407 3437 et
3451 3384 3556 3437 alia
3576 3383 3752 3451 capti-

2180 3475 2369 3529 vitatis
2425 3474 2590 3545 hujus
2660 3491 2845 3531 causa.
2900 3474 3117 3544 Quippe
3168 3474 3402 3528 Manneii
3456 3483 3568 3527 tres
3598 3472 3752 3527 fuere

2181 3565 2409 3631 fratres,
2439 3567 2686 3633 Alexius,
2746 3567 3095 3622 Andronicus
3150 3574 3206 3622 et
3228 3565 3487 3630 lsaacius,
3517 3580 3750 3634 quorum
3779 3551 3783 3554 ’

2179 3657 2289 3712 duo
2323 3659 2535 3727 priores
2560 3666 2690 3713 ante
2721 3672 2933 3729 patrem
2981 3658 3269 3715 obierunt.
3333 3658 3412 3712 Ex
3444 3657 3512 3712 iis
3539 3655 3753 3710 Andro-

2179 3749 2337 3804 nicus
2370 3758 2478 3805 tres
2517 3749 2659 3805 filias
2705 3751 2970 3820 suscepit,
3008 3750 3251 3815 Mariam,
3279 3748 3646 3815 Theodoram,
3697 3754 3756 3801 ct

2179 3838 2505 3896 Eudociam.
2535 3842 2776 3897 Eudocia
2834 3842 3034 3896 marito
3062 3841 3327 3897 defuncto
3373 3840 3582 3894 nefaria
3625 3854 3758 3893 con:-

2179 3934 2475 3989 suetudine
2498 3928 2798 3989 Andronici
2829 3950 2939 3989 non
2962 3933 3123 3997 ciam,
3150 3932 3246 4005 sed
3271 3931 3450 4002 palam
3497 3944 3594 3983 usa
3644 3939 3753 3984 est.

2180 4027 2413 4094 Quoties
2440 4038 2625 4083 autem
2653 4027 3164 4095 reprehendebatur
3194 4026 3267 4082 ob
3333 4025 3605 4079 incestum
3648 4021 3760 4074 An-

2180 4120 2469 4183 dronicus,
2505 4118 2650 4173 hanc
2684 4117 3063 4173 defensionem
3120 4132 3221 4187 per
3287 4116 3491 4188 joeum‘
3526 4127 3756 4182 usurpa-

2181 4210 2275 4266 bat
2308 4230 2321 4264 :
2355 4212 2536 4265 solere
2572 4210 2823 4265 subditos
2857 4209 3174 4279 principum
3226 4222 3411 4263 mores
3441 4205 3667 4270 imitari,
3699 4214 3757 4258 ct

2179 4322 2377 4375 aquam
2410 4321 2478 4360 ex
2503 4306 2694 4359 eodem
2728 4305 2880 4360 fonte
2911 4305 3163 4372 petitam,
3201 4301 3459 4357 eumdem
3504 4314 3754 4367 saporem

2183 4399 2414 4454 referre.
2478 4398 2696 4465 Quibus
2758 4396 2946 4452 verbis
3002 4397 3395 4463 imperatorem
3452 4390 3751 4446 Manuelem

2181 4491 2612 4563 perstringebat,
2642 4489 2737 4559 qui
2774 4504 2898 4543 cum
2941 4486 3131 4541 fratris
3190 4485 3299 4539 filia
3334 4500 3445 4539 rem
3500 4481 3752 4536 habebat.

494 4580 643 4650 ptis:
676 4580 742 4635 ad
780 4579 927 4649 quod
960 4576 1463 4649 imperii;5patiutn,
1487 4584 1764 4632 vetustum
1787 4572 2074 4632 oi'aculunt
2110 4583 2152 4636 D
2183 4585 2223 4639 li
2264 4585 2407 4640 sales
2439 4583 2810 4653 maximopere
2847 4579 3153 4637 Manucletn
3185 4576 3519 4647 pungebant,
3544 4583 3601 4629 ct
3634 4588 3756 4627 ntu-

494 4664 744 4729 alludcre
771 4672 992 4728 videtur
1020 4680 1063 4726 :’

742 4765 838 4821 Tui
867 4763 1153 4835 prehendat
1185 4769 1234 4814 te
1280 4767 1550 4832 postrema
1606 4761 1886 4827 nominis.,

493 4861 628 4915 Nam
678 4858 734 4914 in
778 4858 968 4913 Graeco
1000 4855 1269 4910 Manuelis
1300 4855 1526 4910 nomine
1553 4865 1832 4926 postrema
1859 4855 2071 4929 syllaba

494 4962 707 5007 tantum
731 4964 1023 5005 numerum
1046 4946 1432 5025 complectitur
1465 4946 1571 5018 (l).
1804 5010 1819 5020 _

564 5042 843 5097 Successit
864 5041 914 5095 ci
951 5049 1111 5096 natus
1135 5040 1187 5094 in
1219 5057 1458 5113 purpura
1482 5042 1926 5105 filius,nimirum
1952 5046 2077 5102 Ale-

492 5137 620 5191 xius
648 5136 986 5199 Comnenus,
1038 5134 1194 5205 cujus
1255 5134 1492 5204 pueritia
1549 5135 1859 5205 rcipubiica:
1884 5139 2075 5207 perni-

495 5231 647 5285 ciosa
674 5227 1032 5284 fuit.Alcxius
1055 5228 1200 5284 cnim
1221 5228 1560 5294 Contnenus,
1580 5231 1993 5300 protosebastus
2021 5239 2078 5286 et

492 5319 968 5391 protovestiarius,
997 5321 1196 5375 mortui
1232 5321 1501 5377 Manuelis
1534 5322 1797 5392 patruelis
1840 5323 2081 5392 impera-

494 5417 634 5468 trice
686 5413 793 5468 sibi
848 5413 1162 5480 conciliata,
1202 5419 1486 5471 'sumtnam
1530 5413 1600 5469 ‘in
1670 5413 2074 5485 gubernatione

493 5506 797 5575 potentiam
827 5505 894 5560 ad
921 5522 979 5560 se
1003 5506 1299 5575 transtulit,
1335 5506 1669 5576 imperatore
1728 5522 1827 5575 per
1852 5513 2073 5560 artatem

491 5596 564 5651 ad
595 5586 972 5653 sustinendam
1003 5597 1274 5669 ejusmodi
1328 5596 1529 5651 molem
1572 5611 1800 5665 prorsus
1856 5594 2103 5665 inepto,‘

487 5708 662 5762 seque
689 5702 898 5750 tantum
932 5693 1322 5749 venationibus
1348 5701 1406 5750 ct
1443 5693 1883 5764 cquitationibus
1916 5693 2074 5749 oble-

483 5796 698 5852 ctante,
738 5804 863 5843 cum
899 5787 1068 5841 etiam
1116 5802 1283 5856 prave
1324 5787 1665 5858 eaetcroquin
1718 5787 2072 5844 educaretur.

556 5904 641 5974 (ι)
670 5904 701 5955 λ
734 5913 787 5959 ει
816 5921 851 5975 η
881 5902 1180 5958 coniiciunt
1209 5903 1297 5959 38.

2182 4677 2339 4733 lieris
2363 4685 2623 4747 cognatos
2653 4674 2708 4727 in
2736 4672 3113 4728 Andronicum
3151 4667 3540 4731 incendebant.
3569 4666 3756 4734 itaque

2180 4775 2502 4849 compactos
2531 4774 2615 4821 est
2645 4765 2702 4819 in
2741 4762 2981 4830 vincula,
3041 4776 3143 4817 ceu
3202 4760 3443 4815 diximus
3477 4768 3754 4826 :cumque

2180 4860 2275 4915 diu
2312 4859 2549 4929 quadam
2581 4858 2637 4912 in
2666 4856 2807 4912 turri
2836 4854 3123 4927 iacuisset,
3161 4850 3551 4908 animadvertit
3609 4862 3754 4903 tuea-

2180 4960 2295 5006 tum
2328 4952 2383 5006 in
2404 4967 2470 5009 ea
2504 4949 2796 5021 quemdam
2828 4948 3275 5009 subterraneum,
3303 4945 3358 4998 in
3390 4958 3554 5013 quem
3584 4950 3755 4997 semet

2175 5046 2349 5112 abdit,
2394 5044 2683 5100 obstructo
2750 5052 2963 5098 meatus
3017 5039 3312 5095 foramine.
3358 5036 3502 5092 Cum
3555 5032 3755 5089 deinde

2174 5153 2456 5197 carcerem
2482 5136 2715 5208 ingressi
2738 5133 3001 5191 custodes
3031 5132 3316 5188 hominem
3360 5143 3637 5199 nusquam
3663 5141 3757 5180 re.

2174 5230 2441 5299 perirent,
2466 5226 2836 5297 omnibusque
2858 5224 2964 5281 viis
2988 5221 3306 5294 perquisitis
3322 5220 3488 5293 339
3509 5232 3758 5288 compre-

2178 5322 2345 5378 hendi
2368 5338 2475 5381 non
2500 5329 2705 5392 posset;
2730 5336 2867 5374 uxor
2883 5319 3004 5388 ejus
3020 5317 3078 5372 in
3101 5326 3332 5379 turrem,
3352 5330 3384 5370 c
3405 5329 3513 5384 qua
3528 5312 3756 5367 maritus

2174 5413 2423 5469 evasisse
2466 5413 2793 5485 putabatur,
2834 5421 3098 5480 tanquam
3126 5408 3269 5479 fugze
3304 5406 3481 5477 ipsius
3512 5403 3751 5464 conscia.

2177 5506 2496 5578 conjicitur.
2526 5505 2884 5561 Andronicus
2917 5518 2948 5558 ε
2970 5516 3212 5558 caverna
3235 5515 3296 5556 se
3327 5497 3661 5570 proripiens,
3695 5503 3755 5549 et.

2179 5599 2471 5655 nmiiercm
2501 5599 2792 5669 inopinato
2820 5603 3122 5665 conspectu
3155 5592 3407 5649 territam
3457 5591 3751 5654 allocutus,

2179 5707 2333 5747 exeo
2358 5702 2601 5761 tempore
2637 5676 2731 5746 diit
2761 5704 2887 5745 eum
2916 5703 2981 5743 ca
3018 5686 3156 5742 vixit
3203 5686 3256 5742 iu
3309 5699 3551 5749 carcere,
3591 5681 3758 5737 Joan-

2182 5800 2420 5857 nemque
2452 5785 2621 5841 tilium
2650 5784 2852 5840 ibidem
2877 5792 3050 5839 mater
3098 5782 3373 5851 concepit.
3408 5793 3571 5849 quem
3599 5773 3752 5830 dein-
