4070 6452
1317 334 1401 342 ι--αα

722 342 1106 368 -.ρ-αριστν“”””π”·ε-νν

331 406 448 480 629‘

1678 413 1873 479 CONT
1885 414 1899 472 l
1968 405 2202 474 ΠΑΤῘο

3481 376 3591 470 me
3622 476 3629 479 Α

333 544 465 599 ceps
499 536 656 600 pater
704 525 920 599 imperii
975 537 1286 588 consortem
1333 527 1482 583 fecit.
1515 527 1756 583 Tandem
1805 529 1915 580 ela-
1949 536 1986 589 Α
2020 527 2178 597 cujus
2210 540 2456 582 sororem
2495 526 2708 581 Manuel
2757 525 3061 595 imperator
3114 528 3221 575 non
3255 520 3328 573 ita
3370 520 3594 586 pridem

330 616 502 681 bitur,
533 616 853 674 custodibus
905 631 1129 691 propter
1184 619 1470 673 mulierem
1524 615 1683 669 factis
1741 615 1912 682 negii-

332 709 698 780 gentioribus.
724 710 830 767 Sed
880 726 1076 767 rursus
1121 726 1152 765 a
1203 709 1377 764 milite
1420 706 1657 778 quodam
1717 700 1909 759 Nicaeae

332 811 550 871 captus,
580 802 636 857 in
662 802 971 858 custodiam
1002 803 1189 872 priore
1238 800 1603 859 acerbiorem,
1671 797 1909 866 duplici-

333 890 438 951 bus
470 891 667 950 ferreis
698 895 1062 969 compedibus
1082 905 1368 957 oneratus,
1405 892 1722 962 conjicitdr.

404 985 518 1041 [loc
557 986 723 1040 etiam
763 1000 986 1041 carcere
1026 995 1206 1042 semet
1242 986 1492 1056 eripuit,
1527 994 1584 1039 et
1622 984 1863 1039 Galizam
1887 1020 1905 1047 ,

333 1092 458 1145 qua:
517 1075 802 1145 toparchia
855 1076 1158 1131 Rossorum
1213 1080 1301 1130 est
1320 1116 1334 1140 ,
1391 1075 1607 1129 ratione
1663 1073 1905 1143 quadam

333 1166 649 1236 huiusmodi
689 1168 963 1236 pervenit.
1007 1162 1256 1222 Morbum
1292 1165 1476 1237 ﬁngit,
1515 1180 1580 1221 ac
1608 1177 1781 1234 puero
1812 1178 1906 1234 pe-

332 1259 582 1330 regrino,
624 1259 783 1329 cujus
817 1275 985 1330 opera
1028 1262 1083 1314 in
1123 1260 1373 1331 corporis
1419 1259 1749 1314 ministeriis
1784 1266 1908 1312 ute-

339 1351 525 1412 batur,
567 1352 820 1414 mandat,
863 1361 924 1405 ut
964 1352 1151 1406 claves
1191 1350 1361 1405 turris
1401 1350 1540 1406 clam
1581 1359 1900 1420 surreptas,

332 1434 617 1496 militibus"
639 1442 709 1495 ob
741 1442 1033 1513 largiorem
1063 1452 1248 1510 potum
1282 1441 1706 1496 meridiantibus
1732 1481 1747 1505 ,
1777 1457 1905 1496 cera

333 1531 625 1601 exprimat.
658 1531 880 1586 lllarum
911 1532 1146 1586 clavium
1180 1533 1494 1601 exemplum
1528 1531 1762 1584 blanueli
1796 1531 1906 1585 An-

338 1622 553 1676 dronici
598 1621 706 1677 lilio
740 1622 1002 1686 traditur,
1039 1631 1098 1676 ut
1128 1624 1539 1692 quamprimum
1570 1623 1706 1677 tales
1738 1623 1906 1678 fabri-

340 1724 627 1780 earentur,
666 1722 722 1768 et
756 1714 813 1768 in
846 1714 1138 1785 amphoras
1158 1753 1175 1781 ,
1211 1716 1416 1785 quibus
1447 1726 1611 1785 potus
1642 1716 1711 1771 ad
1742 1732 1907 1786 pran-

337 1805 494 1861 dium
528 1804 791 1867 ferretnr,
819 1806 999 1861 lineos
1030 1807 1213 1872 funes,
1246 1806 1479 1878 glomus,
1513 1817 1572 1862 et
1602 1808 1688 1862 fila
1718 1810 1903 1864 tenuia

337 1896 660 1966 Conjiceret.
699 1895 780 1950 It’a
817 1895 1053 1951 claustra
1094 1905 1262 1951 noctu
1309 1899 1663 1967 aperiuntur,
1697 1908 1755 1953 et
1788 1898 1901 1952 An-
1929 1891 1978 1951 B

335 1987 594 2042 dronieus
618 2002 869 2056 egressus
892 1987 947 2041 in
976 1987 1148 2048 denso
1195 1992 1257 2042 et‘
1277 1989 1387 2043 alto
1413 1989 1599 2058 palatii
1633 1991 1903 2061 gramine,

334 2092 445 2148 quo
479 2078 637 2134 adire
675 2095 844 2134 nemo
888 2079 1102 2135 solebat
1126 2120 1140 2143 ,
1179 2079 1245 2134 ad
1290 2083 1509 2134 tertium
1546 2097 1720 2150 usque
1759 2081 1904 2135 diem

336 2170 633 2226 delitescit.
667 2171 799 2227 Inde
833 2168 1063 2227 funibus
1094 2187 1193 2242 per
1222 2171 1426 2227 moenia
1459 2186 1516 2228 se
1547 2171 1814 2234 demittit.
1850 2179 1907 2227 et

336 2256 392 2316 in
424 2262 733 2318 naviculam
768 2263 1014 2334 coniicit.
1043 2262 1437 2334 Deprehensus
1477 2278 1507 2316 a
1538 2262 1907 2333 Speculatori-

336 2353 443 2408 bus
465 2395 479 2420 ,
514 2353 703 2408 famuli
741 2366 1036 2422 personam
1073 2355 1335 2421 simulat,
1366 2354 1747 2410 ex-dinturnis
1784 2355 1907 2409 vin-

336 2449 476 2502 culis
504 2447 675 2517 elapsi
700 2464 715 2501 :
744 2447 812 2504 de
840 2447 1113 2503 industria
1145 2447 1378 2502 barbare
1408 2444 1656 2518 loquitur
1680 2466 1692 2501 :
1718 2447 1906 2503 Graeca

338 2539 512 2593 multa
546 2551 604 2592 se
639 2553 750 2593 non
783 2539 1001 2606 assequi
1041 2537 1218 2608 fingit.
1258 2538 1564 2593 Intervenit
1590 2549 1647 2594 ct
1670 2537 1909 2609 Chryso-

339 2631 503 2700 polus
540 2639 707 2684 nauta
737 2629 962 2699 quidam
1000 2647 1069 2686 ex
1111 2631 1454 2700 composito,
1486 2631 1747 2700 datisque
1789 2646 1907 2684 inu-

339 2722 565 2776 neribus
596 2722 855 2792 impetrat
890 2721 1399 2795 a‘speculatoribus
1419 2763 1434 2789 ,
1466 2733 1525 2777 ut
1554 2721 1913 2777 Andronicus

340 2823 595 2883 tanquam
627 2828 822 2869 servus
852 2813 1117 2885 fugitivus
1152 2814 1256 2869 sibi
1290 2812 1640 2870 redderetur.
1669 2813 1749 2868 lla
1779 2827 1907 2867 suas

341 2904 487 2961 aedes
534 2905 851 2976 ingressus,
899 2902 1267 2976 compedibus
1317 2907 1554 2970 solutis,
1598 2920 1743 2976 equo
1774 2920 1909 2959 con-

341 3010 567 3058 scenso,
603 2996 936 3051 Anchialum
973 3007 1119 3053 recta
1153 2998 1351 3068 pergit.
1400 2997 1520 3064 Quo
1562 3013 1688 3052 cum
1729 2997 1909 3051 venis-

270 3086 273 3089 ’
342 3096 464 3150 set,
524 3102 555 3142 a
587 3086 801 3156 l‘upaee
849 3088 1106 3143 familiari
1150 3088 1353 3144 viatico
1397 3097 1621 3159 sumpto
1687 3087 1902 3159 vimque

340 3179 576 3236 ducibus
594 3219 611 3245 ,
639 3180 878 3235 Galizam
910 3181 1306 3251 proficiscitur.

409 3271 529 3325 Jam
562 3280 708 3326 metu
737 3287 794 3327 se
830 3272 1126 3328 liberatum
1162 3282 1400 3342 putans,
1430 3286 1461 3328 a
1492 3267 1718 3329 Vlachis
1751 3271 1826 3344 [Ιι.
1849 3287 1901 3328 e.

345 3355 604 3416 Valachis
626 3358 655 3433 }
680 3362 774 3432 qui
813 3362 998 3433 fugam
1031 3363 1149 3433 ejus
1180 3379 1250 3419 ex
1303 3363 1447 3417 fama
1501 3371 1905 3435 cognoverant,

349 3464 540 3523 captus
565 3455 631 3509 ad
665 3456 1054 3526 imperatorem
1082 3455 1392 3512 reducitur.
1422 3453 1624 3513 Verum
1652 3457 1741 3513 hic
1767 3473 1909 3528 quo-

343 3560 447 3615 que
478 3547 745 3602 industria
772 3548 1036 3617 singulari
1075 3564 1273 3604 rursus
1320 3548 1581 3605 elabitur.
1635 3538 1925 3606 Simulato,

337 3640 482 3692 enim
510 3640 721 3694 ventris
747 3640 1039 3709 profluvio,
1065 3642 1386 3712 frequenter
1411 3657 1479 3702 ex
1502 3656 1647 3712 equo
1678 3642 1910 3697 descen-

340 3729 459 3793 dit,
492 3740 548 3783 et
574 3729 684 3784 alvi
710 3730 1012 3801 purganda:
1040 3747 1205 3786 causa
1233 3733 1462 3787 secedit.
1495 3731 1614 3787 Hoc
1642 3733 1774 3788 dum
1807 3748 1908 3787 no.

340 3831 431 3876 ctu
467 3819 820 3889 interdiuque
854 3821 1052 3893 saepius
1080 3822 1243 3887 facit.
1277 3823 1533 3878 custodes
1562 3824 1665 3879 hac
1696 3824 1910 3879 ratione

341 3912 588 3980 decipit:
619 3904 924 3980 scipionem
947 3952 962 3977 ,
998 3912 1086 3967 cui
1111 3913 1273 3968 velut
1295 3929 1439 3984 aeger
1459 3914 1821 3979 innitebatur,
1851 3913 1908 3969 in

341 4002 589 4058 tenebris
642 4002 797 4056 humi
847 3994 1078 4073 defigit,
1126 4002 1413 4076 chlamyde
1456 4006 1657 4070 vestit,
1701 4006 1907 4074 pileum

341 4096 610 4165 imponit,
656 4104 717 4151 ut
760 4096 1043 4151 hominem
1088 4096 1306 4152 inﬂexis
1349 4097 1586 4168 genibus
1621 4107 1905 4153 cacantem

336 4193 782 4256 reprmscntaret.
824 4186 884 4242 Id
916 4188 1277 4243 simulacrum
1324 4189 1674 4245 intuentibus
1713 4194 1907 4245 custo-

338 4276 533 4343 dibus,
577 4278 698 4347 ipse
748 4277 981 4334 densum
1029 4278 1325 4350 quemdam
1377 4281 1591 4335 saltum“
1624 4282 1911 4351 ingressus

340 4370 575 4440 aufugit.
606 4371 708 4424 Vitr
739 4371 957 4426 tandem
993 4371 1073 4426 illi
1104 4371 1233 4427 dolo
1264 4372 1567 4440 intellecto,
1597 4372 1905 4428 confectam

339 4459 493 4521 viam
518 4469 811 4527 repetunt.
843 4461 1035 4518 eadem
1070 4472 1127 4518 et
1165 4464 1347 4533 ipsum
1385 4464 1576 4534 fugere
1620 4465 1904 4520 arbitrati.

2018 620 2276 674 duxerat.
2320 617 2434 673 Hac
2462 616 2603 672 fama
2637 618 2940 685 imperator
2965 612 3233 665 attonitus
3258 651 3272 671 .
3313 609 3586 664 Androni-

2011 726 2136 766 cum
2179 709 2250 765 ob
2294 710 2539 764 incestos
2583 723 2799 763 amores
2841 705 3144 774 puniturus
3187 709 3326 756 erat.
3373 700 3424 753 ls
3453 714 3584 753 vero

2011 800 2283 858 Manuelis
2324 803 2504 856 minas
2537 800 2780 862 veritus,
2820 796 3198 864 Hierosolyma
3238 807 3298 846 se
3328 789 3536 845 confert
3567 805 3582 851 ;

2008 906 2064 951 et
2109 902 2170 950 ut
2212 895 2376 949 homo
2419 891 2937 953 luxuriosissimus,
2993 883 3340 942 Theodoram
3390 882 3587 937 lsaacii

2006 986 2465 1045 sebastocratoris
2514 987 2677 1040 filiam
2725 985 2994 1045 incestat,
3050 979 3302 1036 Balduini
3359 977 3576 1039 Franci,

2007 1079 2104 1151 qui
2140 1078 2445 1136 Palestina
2473 1090 2652 1145 nuper
2686 1076 3016 1145 imperarat,
3050 1071 3296 1126 viduam.
3536 1070 3541 1073 ’

2077 1173 2265 1229 Altera
2297 1171 2403 1226 hac
2433 1171 2593 1240 plaga
2618 1167 2835 1222 Manuel
2870 1172 3097 1235 accepta
3120 1203 3134 1230 ,
3163 1163 3329 1216 missa
3360 1159 3427 1214 ad
3456 1159 3577 1214 Cre-

2004 1264 2224 1334 lesyriae
2257 1262 2548 1331 toparchas
2582 1273 2748 1313 aurea
2782 1257 2970 1321 bulla,
3011 1253 3235 1309 mandat
3269 1262 3331 1306 ut
3361 1250 3579 1304 Andro-

2004 1356 2188 1411 nicum
2211 1394 2227 1419 ,
2257 1353 2536 1409 hominem
2565 1352 2835 1406 incestum
2861 1358 2922 1404 et-
2946 1347 3296 1419 seditiosum,
3334 1343 3587 1412 capiant,»

2004 1447 2237 1515 visuque
2268 1444 2510 1515 privent.
2538 1442 2630 1499 Ere
2662 1443 2860 1497 litterae
2894 1438 3198 1494 Theodoraa
3241 1433 3575 1491 redduntur.

2005 1538 2207 1608 quibus
2244 1538 2335 1592 illa
2375 1535 2572 1599 lectis,
2612 1535 2861 1589 chartam
2903 1530 3237 1586 Andronico
3278 1525 3469 1581 tradit.
3526 1523 3587 1576 Isr

2006 1630 2241 1700 cognitis
2272 1627 2492 1683 insidiis
2524 1626 2877 1681 Theodoram
2916 1622 3112 1677 fraude
3150 1621 3443 1691 pcllcctam
3467 1658 3482 1683 ,
3517 1625 3579 1668 ut

2006 1737 2066 1777 se
2127 1736 2235 1776 non
2286 1722 2449 1790 longe
2509 1718 2894 1781 comitaretur,
2956 1724 3055 1772 seu
3105 1714 3420 1774 volentem,
3479 1724 3575 1763 seu

2007 1811 2234 1866 invitam
2292 1825 2479 1865 secum
2519 1808 2763 1863 abducit.
2805 1807 2942 1862 Cum
2996 1805 3180 1860 varias
3224 1802 3478 1873 regiones
3505 1808 3581 1872 et

2006 1903 2223 1974 regulos
2260 1903 2499 1968 adisset,
2543 1902 2763 1956 tandem
2803 1900 2869 1954 ad
2911 1899 3190 1954 sultanum
3218 1934 3233 1957 ,
3272 1895 3367 1965 qui
3416 1893 3582 1948 (ξυιυ-

2007 1995 2191 2060 niam,
2230 1993 2490 2047 Chaldam
2530 2002 2587 2048 et
2623 1993 2862 2046 finitima~
2890 1991 3012 2046 loca
3050 1988 3311 2050 tenebat,
3347 1987 3587 2041 diverti;

2008 2096 2138 2143 tur:
2177 2085 2364 2155 ibique
2396 2101 2523 2141 cum
2557 2084 2873 2148 Theodora,
2906 2091 2963 2138 et
2994 2082 3214 2138 duobus
3248 2094 3318 2136 ex
3357 2094 3422 2135 ea
3451 2093 3579 2133 sus-

2005 2178 2182 2248 ceptis
2232 2177 2462 2241 liberis,
2525 2175 2719 2230 Alexio
2754 2183 2810 2230 et
2849 2175 3043 2237 lrene,
3079 2188 3143 2227 ac
3178 2173 3393 2228 Joanne
3440 2183 3576 2238 pro-

2006 2278 2193 2327 creato
2219 2283 2287 2323 ex
2314 2268 2546 2338 conjuge
2578 2266 2819 2335 legitima
2839 2305 2855 2330 ,
2883 2273 3276 2323 commoratur.
3306 2263 3482 2317 donec
3508 2254 3589 2314 ad?

2005 2360 2312 2416 Manuslein
2341 2360 2729 2429 imperatorem
2759 2355 2945 2411 rediit.
2977 2354 3030 2409 1‘s
3056 2354 3205 2408 enim
3232 2350 3587 2406 Theodoram

2006 2466 2203 2521 capere
2228 2449 2458 2515 studuit,
2487 2449 2744 2516 illiusque
2772 2446 2882 2501 voti
2913 2460 3011 2515 per
3042 2441 3405 2513 Trapezuntis
3428 2439 3582 2509 prin-

2007 2543 2189 2613 eipem
2238 2538 2614 2612 Nicephorum
2669 2533 3032 2607 Palaeologum
3084 2549 3311 2604 compos
3365 2533 3543 2586 factus
3562 2564 3591 2595 ,-

2005 2636 2171 2707 paulo
2229 2644 2357 2705 post
2415 2634 2595 2703 ipsum
2641 2618 2806 2688 etiam
2857 2628 3233 2685 Andronicum
3273 2624 3582 2681 Theodorze

2010 2744 2201 2783 amore
2255 2737 2513 2796 tanquam
2555 2740 2683 2781 esca
2730 2725 3011 2798 illectum,
3056 2731 3115 2776 et
3153 2733 3262 2774 non
3312 2716 3581 2772 mediocri

2005 2820 2329 2885 liberorum,
2350 2834 2490 2890 quos
2513 2820 2604 2875 illa
2626 2818 2676 2872 ei
2702 2822 3011 2886 pepererat!
3031 2810 3312 2868 desiderio
3340 2809 3584 2877 ﬂagrand

2008 2918 2131 2968 tem
2153 2912 2401 2967 attraxit.
2442 2908 2624 2966 Missis
2652 2905 2799 2983 enim
2836 2906 2903 2961 ad
2938 2906 3327 2974 imperatorem
3360 2899 3579 2969 legatis,

2007 3001 2337 3057 delictorum
2372 3000 2592 3057 veniam
2632 3008 2689 3055 et
2726 2997 2888 3052 fidem
2928 2990 3200 3065 publicam
3235 2989 3576 3061 postulavit;

2007 3102 2060 3148 et
2089 3101 2320 3162 utraque
2344 3107 2405 3147 re
2438 3092 2747 3160 impetrata,
2789 3103 2900 3143 non
2934 3086 3107 3141 multo
3137 3091 3261 3155 post
3294 3083 3350 3137 in
3383 3081 3578 3135 urbem

2008 3200 2264 3240 reversus
2289 3194 2393 3240 est.
2423 3184 2555 3239 l'nde
2587 3181 2857 3237 OEnaeum
2882 3180 3187 3249 ablegatur,
3222 3184 3284 3230 ut
3318 3174 3444 3229 istic
3476 3173 3573 3225 ha-

2009 3278 2250 3339 bitaret.
2292 3286 2351 3332 et
2396 3291 2463 3331 ex
2505 3274 2823 3347 longinquis
2864 3270 3151 3326 erroribus
3180 3282 3240 3322 se
3271 3274 3575 3321 recrearet.

2008 3367 2087 3423 Eo
2115 3369 2238 3424 loco
2267 3366 2503 3437 degens,
2542 3379 2667 3420 cum
2717 3361 2985 3418 Manuelis
3019 3366 3254 3413 mortem
3275 3399 3291 3421 ,
3324 3352 3593 3424 .palalinaB

2008 3460 2270 3526 dissidia,
2306 3459 2462 3513 lusus
2492 3464 2549 3512 et
2581 3454 2955 3525 equitationes
2986 3449 3196 3513 Alexii,
3232 3446 3579 3507 audivisset,

2009 3552 2077 3606 ad
2121 3550 2316 3605 urbem
2365 3560 2622 3603 reversus
2666 3560 2733 3600 ea
2776 3542 3088 3613 designavit
3130 3539 3412 3602 facinora,
3450 3551 3585 3605 quas

2007 3656 2173 3711 supra
2205 3644 2645 3694 commemorata
2670 3644 2833 3699 sunt,
2871 3632 3205 3700 tandemque
3242 3629 3405 3684 malis
3437 3616 3601 3682 arti-5
3679 3701 3682 3704 ῃ

2009 3731 2116 3786 bus
2152 3728 2443 3800 imperium
2478 3727 2533 3782 in
2569 3740 2628 3782 se
2663 3724 2976 3787 transtulit,
3017 3723 3208 3778 Alexno
3248 3729 3577 3790 perempto,

2007 3822 2106 3893 qni
2135 3834 2339 3875 annum
2369 3817 2553 3873 astatis
2577 3816 2852 3872 decimum
2883 3814 3150 3885 quintum"
3170 3812 3416 3868 nondum
3448 3826 3582 3868 exe-

2008 3920 2188 3985 gerat,
2226 3909 2645 3979 trienniumque'
2672 3910 3022 3978 regnaverat.

2083 4006 2187 4061 Ista
2212 4017 2348 4059 vero
2375 4002 2522 4058 crede
2554 4008 2901 4072 perpetrata,
2928 4012 3199 4071 Sponsam
3216 3995 3589 4068 imperatoris.

2008 4098 2182 4155 Alexii
2217 4098 2460 4160 Annam,
2495 4093 2835 4150 Francorum
2877 4092 3025 4163 regis
3059 4090 3224 4146 filiam
3246 4126 3263 4156 ,
3292 4089 3583 4145 matrimoa

2011 4191 2103 4246 nio
2140 4176 2251 4245 sibi"
2281 4186 2493 4259 jungit,
2539 4186 2681 4240 nihil
2734 4184 3010 4241 reveritus
3040 4199 3209 4239 senex
3241 4182 3468 4238 effictus
3505 4197 3572 4235 ac

2009 4284 2224 4348 vietus,
2265 4294 2493 4336 uxorem
2523 4278 2734 4334 sobrlni
2766 4276 3232 4332 adolescentulam
3256 4315 3274 4341 ,
3321 4274 3572 4328 nondum

2011 4390 2186 4430 annos
2214 4389 2268 4428 ιι
2310 4382 2507 4427 natam-
2539 4386 2645 4446 per
2694 4370 2848 4425 nefas
2896 4368 3181 4437 amplecti.
3221 4366 3429 4421 Deinde
3484 4365 3584 4419 Ni-

2012 4480 2344 4536 caeam,quae
2370 4472 2590 4519 mortuo
2609 4461 2927 4531 imperatori
2960 4460 3122 4514 fidem
3157 4467 3426 4518 servarat,
3452 4458 3584 4510 totis

337 4553 540 4607 Verum
589 4551 634 4606 is
675 4552 784 4607 alio
816 4567 1042 4622 prorsus
1091 4554 1294 4611 itinere
1335 4554 1579 4611 Galizam
1624 4558 1897 4628 pervenit.
1927 4562 1986 4624 1)
2008 4558 2219 4612 viribus
2249 4560 2550 4625 Oppugnat.
2580 4553 2753 4607 Erant
2786 4551 2842 4606 in
2870 4566 2934 4606 ea
2964 4550 3069 4604 viri
3101 4548 3405 4619 principes,
3433 4546 3578 4600 lsaa-
3614 4610 3621 4617 _

338 4642 418 4697 lbi
460 4642 881 4713 perhumaniter
930 4659 960 4698 a
1003 4632 1259 4714 praefecto
1303 4646 1604 4716 excipitur,
1634 4662 1797 4716 quem
1832 4647 1907 4703 ita

274 4728 299 4739 ’
338 4733 444 4788 sibi
470 4733 745 4800 devincit,
773 4744 921 4792 utet
951 4737 1021 4791 in
1039 4745 1241 4792 venatu
1270 4736 1321 4792 ei
1353 4737 1576 4794 adesset
1595 4779 1611 4803 ,
1641 4747 1699 4794 et
1730 4739 1797 4793 in‘
1820 4755 1910 4794 se-

338 4828 473 4880 tiatu
510 4825 821 4892 assideret,
857 4826 1167 4898 eodemque
1201 4837 1349 4885 tecto
1377 4840 1441 4885 ει·
1461 4830 1587 4885 cibo
1632 4839 1905 4887 uteretur.

344 4950 352 4961 ο
411 4916 563 4973 llanc
592 4919 856 4989 patruelis
883 4919 1068 4990 fugam
1094 4929 1150 4975 et
1175 4922 1432 4976 exsilium
1462 4922 1777 4992 ignominiae
1801 4923 1907 4979 sibi

333 5024 457 5066 esse
487 5011 990 5082 ratus-imperator,
1015 5024 1078 5067 ac
1112 5013 1416 5083 longiorem
1443 5014 1566 5083 ejus
1593 5015 1907 5071 absentiam

336 5102 895 5172 suspectam-habens
928 5104 1090 5172 (nam
1113 5104 1390 5175 ingentem
1424 5105 1734 5175 equitatum
1769 5108 1905 5179 Scy-

340 5193 551 5247 thicum
578 5207 777 5264 cogere
811 5194 1115 5259 ferebatur,
1147 5206 1209 5251 ut
1238 5196 1616 5253 Romanorum
1650 5198 1786 5255 fines
1820 5200 1906 5255 itt-

337 5286 654 5358 cursarut),
717 5285 1086 5342 revocandum
1127 5287 1517 5344 Andronicum
1536 5293 1772 5347 censuit.
1802 5292 1906 5346 Ita-

283 5383 293 5395 '
338 5386 447 5445 que
495 5377 619 5432 fide'
649 5376 775 5432 data
815 5385 873 5432 et
913 5387 1171 5446 accepta,
1220 5372 1515 5433 hominem
1547 5380 1807 5444 arcessit,
1852 5388 1908 5435 et

332 5466 541 5523 Cilicia:
567 5467 829 5539 praeﬁcit,
859 5469 1074 5541 adjecto
1100 5469 1265 5540 Cypri
1295 5460 1521 5547 tributo,
1555 5471 1622 5525 ad
1653 5482 1908 5542 sumptus

300 5558 554 5617 [facilius
598 5560 942 5616 tolerandos.
985 5561 1067 5616 Eo
1104 5546 1409 5631 profectus,
1451 5546 1751 5618 infeliciter
1789 5580 1903 5618 rem

309 5660 526 5706 contra
556 5639 825 5709 Torusem
875 5653 1201 5710 Armenium
1236 5655 1412 5725 gerit,
1445 5654 1648 5726 prtcliis
1693 5656 1905 5726 aliquot

336 5741 537 5798 victus.
574 5743 709 5801 lnde
739 5746 996 5816 sepositis
1028 5734 1243 5803 bellicis
1271 5746 1734 5817 occupationibus
1761 5788 1775 5812 ,
1821 5758 1906 5803 to-

346 5843 434 5890 tus
474 5848 660 5893 amore
708 5835 973 5910 Philippa:
1013 5837 1407 5908 inflammatur,
1457 5839 1902 5921 Pctqbinijilim,

2011 4651 2133 4706 eius
2185 4648 2462 4717 Angelus,
2512 4644 2607 4715 qui
2654 4658 2848 4699 everso
2904 4641 3226 4698 Andronico
3286 4639 3580 4708 imperium

2010 4742 2332 4813 occupavit,
2363 4751 2422 4797 et
2449 4736 2774 4795 Theodorus
2802 4736 3258 4799 cantacuzenus,
3290 4748 3418 4788 eum
3456 4748 3575 4785 ma-

2008 4852 2114 4908 gna
2143 4850 2306 4890 manu
2340 4833 2579 4889 militum
2608 4829 2929 4886 Andronico
2959 4828 3287 4882 infestorum
3306 4864 3323 4888 ,
3352 4832 3410 4878 et
3435 4823 3581 4877 Tur-
3608 4896 3613 4901 δ
3664 4849 3677 4863 ο

2009 4940 2199 4980 eorum
2238 4923 2402 4996 35.0
2433 4936 2652 4993 quoque
2695 4918 2978 4975 nonnullis
3009 4915 3205 4985 copiis.
3229 4914 3370 4971 Cum
3395 4922 3579 4969 autem
3668 4970 3671 4977 η

2010 5012 2302 5090 interfecto
2345 5016 2756 5077 Cantaeuzeno,
2801 5010 2972 5065 animi
3022 5006 3372 5064 Nictenorum
3427 5006 3583 5067 fracti

2008 5114 2229 5170 essent,
2258 5116 2487 5159 auctore
2511 5103 2742 5158 Nicolao
2768 5100 3028 5170 pontifice
3058 5114 3158 5168 pax
3191 5097 3339 5152 facta
3368 5106 3490 5161 est,
3527 5106 3585 5151 et

2009 5197 2142 5253 urbs
2172 5196 2378 5252 dedita.
2410 5196 2678 5251 Isaaeium
2709 5192 3070 5249 Andronicus
3104 5206 3214 5246 non
3245 5190 3581 5246 incolumem

2009 5292 2174 5347 modo
2211 5289 2507 5358 servavit,
2532 5288 2628 5345 sed
2670 5287 2840 5345 etiam
2885 5286 3072 5342 divina
3101 5285 3341 5356 quadam
3386 5285 3583 5354 impel-

2009 5385 2155 5440 lente
2182 5381 2531 5453 providentia
2558 5380 2927 5445 collaudavit,
2957 5377 3583 5450 quodmaledicentiam

2009 5473 2375 5530 Cantacuzcni
2420 5488 2525 5527 non
2571 5471 2772 5528 fuisset
2806 5471 3077 5525 imitatus.
3118 5468 3351 5523 Prusam
3383 5475 3441 5520 et
3475 5463 3585 5518 Lo-

2012 5565 2234 5636 padium
2265 5564 2332 5619 de
2361 5565 2547 5619 causis
2575 5562 2773 5619 iisdem
2804 5563 3098 5627 obsessas,
3132 5574 3235 5629 per
3261 5556 3373 5611 vim
3401 5555 3587 5623 cepit:

2009 5672 2074 5712 ac
2100 5656 2494 5712 immanissime
2527 5655 2582 5711 in
2609 5668 2830 5710 omnem
2856 5661 3071 5709 aetatem
3096 5660 3401 5718 saxumque
3426 5658 3592 5714 (ὅταν

2010 5759 2165 5805 satus
2197 5756 2305 5803 05L

2080 5841 2213 5900 Post
2242 5840 2390 5910 haec,
2420 5840 2659 5913 Cyprum
2692 5838 2919 5913 quidam,
2947 5834 3187 5894 lsaaeius
3208 5872 3224 5902 ,
3257 5830 3451 5890 lsaacii
3481 5841 3590 5917 scf

1954 5939 2068 5966 -"oo'
