4070 6446
463 414 560 479 ﬁ'll

1512 412 1933 479 menaeus
1963 371 2220 480 omne
2260 418 2683 484 ANNALIUM

3613 416 3720 483 632

464 523 863 583 bastocratoris
883 531 939 578 et
964 517 1149 578 fratris
1171 520 1444 579 Manuelis
1469 525 1825 596 imperatoris
1848 543 1911 581 ex
1939 528 2045 582 mia
2076 538 2118 593 Α
2152 533 2270 586 suis
2298 533 2549 586 Alcxiunt
2576 533 2815 586 Branam
2849 529 3045 586 duccm
3073 530 3318 600 praeficit.
3348 530 3397 585 is
3428 530 3570 586 bello
3596 532 3723 588 feli-

465 633 674 687 nepos,
707 617 943 670 avertit:
980 615 1225 685 itemque
1255 615 1576 671 Comnenus
1613 618 1868 680 Alexius,
1900 620 2043 688 ejus-

465 711 591 764 dem
639 709 904 763 Manuel‘s
932 724 999 762 ex
1032 709 1205 763 fratre
1236 724 1445 779 nepos,
1479 726 1662 779 regem
1693 713 1893 767 Sicilia!
1937 710 2047 767 Gu-

468 801 719 855 lielmum
772 800 1060 861 incitavit.
1109 813 1168 855 ut
1205 800 1570 872 Dyrrachium
1606 812 1660 858 et
1699 804 2048 860 Thessaloni-

472 906 595 945 cam
628 876 969 958 occuparet:
1007 891 1218 959 quibus
1247 908 1380 947 sane
1416 894 1591 962 captis
1614 935 1628 958 ,
1667 895 1861 963 ingens
1893 911 1922 950 a
1958 897 2047 951 Si-

462 984 605 1038 eulis
632 994 717 1037 est
747 984 991 1037 exercita
1024 983 1347 1037 crudelitas.
1384 983 1525 1038 Hinc
1566 996 1623 1039 et
1668 984 2041 1054 Epidamnus,

463 1082 520 1127 et
549 1073 925 1141 Amphipolis,
958 1082 1013 1127 et
1044 1072 1412 1143 Mosynopolis
1444 1074 1497 1127 in
1532 1074 1775 1128 hostium
1809 1083 2049 1144 potesta-

464 1171 579 1218 tem
604 1173 879 1219 venerunt
907 1182 921 1217 :
956 1163 1274 1218 Andronico
1305 1178 1403 1232 per
1432 1166 1746 1219 vecordiam
1771 1178 1827 1221 et
1858 1168 2045 1221 luxum

468 1256 588 1309 suis
620 1270 729 1309 non
774 1264 1163 1311 succurrente.
1203 1256 1365 1310 Hisce
1409 1257 1567 1310 malis
1614 1257 1669 1309 in
1715 1258 1837 1311 dies
1882 1273 2047 1328 auge—

468 1347 753 1401 scentibus
774 1386 789 1409 ,
821 1348 889 1401 de
921 1362 1243 1402 successore
1272 1349 1547 1403 sollicitus
1576 1364 1699 1403 esse
1731 1350 1904 1417 cwpit
1939 1351 2049 1404 An-

468 1437 751 1492 dronicus.
797 1436 1166 1502 Quamobrem
1197 1438 1419 1507 cognito
1454 1453 1553 1508 per
1587 1447 1734 1492 artes
1771 1439 2049 1509 improbas

470 1524 859 1583 successurum
884 1531 987 1585 sibi
1023 1532 1313 1600 quemdam
1337 1570 1352 1593 ,
1384 1531 1473 1586 cui
1506 1545 1702 1585 nomen
1731 1540 1879 1585 esset
1901 1532 2049 1587 lsaa-

470 1623 559 1676 cio
582 1663 596 1686 ,
628 1624 854 1692 putabat
879 1626 998 1693 ipse
1025 1624 1247 1693 quidem
1270 1624 1425 1677 illum
1452 1623 1720 1677 lsaacium
1745 1623 1997 1678 denotari
2030 1667 2046 1689 ,

470 1717 563 1785 qui
610 1715 709 1786 (ut
734 1716 940 1769 dictum
987 1718 1104 1785 est)
1164 1715 1402 1787 Cyprum
1452 1718 1857 1786 occupaverat:
1895 1716 2051 1771 fami-

469 1807 640 1862 liarcs
672 1823 803 1862 vero
836 1807 1100 1886 lsaacium
1134 1808 1407 1878 Angelum
1449 1810 1800 1873 metuebant,
1834 1808 2048 1862 Andro-

469 1902 598 1955 nico
630 1916 854 1967 prorsus
886 1900 1237 1955 advcrsante.
1273 1902 1625 1970 Quapropter
1654 1901 1890 1955 consilio
1920 1915 2050 1970 pro—
2080 1873 2122 1933 Β

468 1993 596 2062 prio
626 1993 943 2063 Stephanus
985 1992 1662 2064 llagiochristorihorites,
1714 1993 2051 2048 immanissi-

470 2102 601 2140 mus
644 2083 961 2140 Andronici.
999 2087 1273 2141 scelerum
1321 2087 1668 2152 administer,
1715 2085 1782 2140 ad
1834 2086 2051 2141 interit“-

469 2178 728 2232 cicndum
782 2178 1055 2234 Isaaeium
1101 2188 1279 2233 semet
1320 2180 1597 2250 accingit:
1642 2179 1736 2249 qui
1785 2187 2048 2249 tanquam

468 2271 524 2325 in
581 2286 640 2326 re
692 2270 1027 2341 desperata,
1090 2271 1437 2341 Stephanum
1496 2278 1894 2336 antevertens,
1949 2284 2055 2325 sua

470 2380 639 2420 manu
690 2367 933 2421 coniicit.
986 2366 1195 2420 Deinde
1241 2365 1309 2419 ad
1351 2366 1599 2434 Magnam
1645 2364 1939 2418 ecclesiam
1993 2376 2053 2418 se

471 2457 784 2525 recipiens,
838 2457 1025 2526 populi
1075 2455 1408 2511 confluentis
1454 2470 1614 2525 opem
1665 2455 1948 2523 implorat.
2001 2453 2054 2509 Is

473 2565 608 2603 vero
640 2550 811 2620 magis
842 2565 907 2604 ac
939 2551 1113 2612 magis
1141 2559 1319 2604 semet
1345 2563 1601 2610 armans,
1634 2547 1905 2601 lsaacium
1939 2547 2057 2600 An—

474 2643 657 2713 gelmu
691 2644 1081 2711 imperatorem
1120 2642 1459 2711 proclamat,
1487 2648 1542 2695 ct
1567 2639 1633 2694 ad
1669 2638 1930 2709 palatium
1961 2637 2057 2692 de-

471 2734 644 2789 ducit.
690 2733 823 2788 inde
865 2734 1016 2787 missi
1062 2733 1367 2800 satellites,
1394 2731 1510 2800 _qui
1560 2728 1940 2784 Andronicum
1973 2726 2055 2779 fu-

471 2829 710 2899 gientem
740 2833 1235 2898 persequerentur.
1262 2825 1597 2878 Pcrvcnerat
1625 2823 1716 2876 illc
1742 2836 1867 2875 cum
1896 2822 2053 2873 Anna

471 2922 737 2993 conjuge,
775 2934 842 2974 ac
870 2927 1060 2973 scorto
1092 2916 1330 2986 quodam
1368 2914 1576 2969 Chelen
1600 2954 1614 2975 ,
1647 2912 1712 2966 ad
1748 2912 2055 2981 Tauroscy—

474 3015 599 3068 thas
645 3013 799 3067 illinc
829 3010 1187 3081 trajecturus.
1218 3007 1326 3062 Sed
1364 3004 1596 3059 marinis
1630 3002 2057 3072 tempestatibus

475 3105 808 3175 alioquoties
834 3103 892 3157 in
916 3103 1073 3157 littus
1104 3102 1335 3171 cjectus,
1360 3113 1390 3152 a
1418 3098 1869 3167 persecutoribus
1900 3111 2053 3151 com-

474 3197 790 3267 prehensus
816 3204 926 3248 est.

541 3289 622 3343 Ad
656 3288 925 3342 lsaacium
957 3287 1225 3355 perducto
1248 3325 1261 3349 ,
1294 3291 1419 3352 post
1452 3283 1629 3337 varias
1661 3280 2056 3348 contumelias,

471 3381 666 3435 dextra
709 3377 1050 3448 praeciditur.
1094 3378 1225 3431 Post
1265 3377 1474 3445 aliquot
1518 3375 1638 3429 dies
1686 3375 1861 3428 altero
1892 3375 2071 3429 oculo

473 3473 678 3528 effosso
708 3511 722 3533 ,
773 3469 1029 3525 scabioso
1080 3469 1294 3524 camelo
1346 3467 1674 3540 impositus,
1730 3482 1828 3536 per
1875 3467 2055 3521 forum

477 3564 746 3634 triumphi
806 3562 991 3633 specie
1038 3562 1372 3617 traducitur.
1423 3560 1566 3614 Tum
1615 3576 1744 3615 vero
1793 3559 2050 3615 nonnulli

474 3659 661 3713 clavas
689 3657 743 3710 in
774 3665 941 3726 caput
970 3655 1091 3726 ejus
1119 3654 1464 3724 impingere;
1494 3653 1584 3706 alii
1613 3661 1861 3708 stercore
1890 3667 2057 3708 nares

473 3753 597 3821 ejus
636 3749 887 3812 fmdare;
918 3747 1012 3801 alii
1043 3746 1306 3817 spongias
1348 3743 1719 3821 excrementis
1762 3743 2056 3798 hominum

476 3820 866 3911 pecudumque
915 3837 1255 3908 repletas’in
1308 3836 1504 3891 faciem
1548 3820 1670 3906 ejus
1699 3836 2059 3905 exprimere;

474 3934 568 3989 alii
599 3932 784 3986 verbis
809 3930 1088 3985 obscaenis
1130 3938 1388 3999 parentes
1415 3928 1587 3997 ipsius
1615 3928 1911 3984 inscctari:
1941 3928 2065 3998 qui-

476 4026 604 4079 dam
661 4022 909 4077 verubus
954 4021 1129 4076 latera
1179 4035 1469 4091 pungere;
1519 4032 1772 4075 scortum
1819 4020 2061 4089 denique

477 4116 758 4188 quoddam
808 4114 1103 4184 impudens
1150 4114 1316 4169 ollam
1372 4114 1609 4169 ferventi
1666 4129 1809 4183 aqua
1840 4113 2067 4183 plenam

478 4212 534 4267 in
565 4209 763 4264 faciem
792 4209 912 4279 ejus
936 4206 1150 4262 effudit.
1183 4206 1297 4262 lloc
1328 4207 1490 4262 modo
1519 4207 1793 4262 deductus
1827 4207 1882 4259 in
1912 4205 2066 4260 thea-

478 4314 625 4359 trum
645 4344 659 4367 ,
698 4301 934 4374 pedibus
962 4301 1093 4356 fune
1121 4302 1394 4372 colligatis
1423 4298 1805 4369 suspenditur.
1836 4298 2063 4352 Interim

480 4397 599 4466 ipse
630 4395 942 4459 clamabat,
974 4393 1229 4459 Domine,
1264 4393 1563 4456 miserere;
1600 4391 1731 4444 item
1757 4433 1771 4455 ,
1807 4389 1948 4457 Quid
1977 4406 2068 4445 ca-

441 4478 683 4543 ‘lamum
723 4487 1025 4542 contritum
1071 4485 1421 4555 infringitis?
1464 4483 1579 4539 Nec
1618 4484 1801 4538 adhuc
1836 4492 2068 4539 conten-

2083 3224 2130 3284 α

2148 623 2288 676 eiter
2322 623 2710 677 administrate
2732 664 2745 685 ,
2783 632 2983 693 praeter
3014 637 3168 691 spem
3214 622 3460 677 omnium
3500 622 3724 678 Siculos

2149 714 2329 776 delet,
2362 716 2634 787 urbesque
2665 723 2854 785 captas
2880 723 3196 784 recuperat.
3240 714 3460 769 Periere
3505 713 3726 769 Siculo-

2149 819 2272 859 rum
2300 804 2352 858 in
2382 805 2527 859 bello
2554 819 2720 870 supra
2748 798 2966 871 10,000,
2995 804 3051 859 in
3076 803 3391 860 carceribus
3417 813 3598 858 autem
3626 804 3726 863 fri-

2149 909 2279 964 gore
2311 910 2375 950 ac
2410 895 2553 949 fame
2584 896 2651 949 ad
2686 904 2925 966 quatuor
2952 895 3147 950 millia.
3176 893 3354 949 Duces
3380 896 3544 950 etiam
3574 895 3725 963 capti

2149 993 2308 1051 sunt,
2354 985 2665 1042 Richardus
2714 997 2771 1042 et
2812 987 3156 1049 Balduinus,
3203 1002 3309 1041 una
3354 1001 3482 1042 cum
3527 985 3724 1040 Alexio

2149 1077 2454 1144 Comncao,
2478 1078 2605 1133 belli
2633 1087 2858 1134 auctore
2877 1120 2891 1143 ,
2919 1079 3005 1134 cui
3036 1095 3161 1134 mox
3188 1079 3335 1134 oculi
3363 1089 3491 1134 sunt
3512 1077 3722 1135 eﬂ'ossi.

2151 1172 2466 1228 Secundum
2507 1172 2626 1227 hinc
2670 1172 2969 1228 infeliciter
3012 1182 3220 1228 tentata
3262 1172 3514 1244 Cyprus,
3546 1182 3602 1227 et
3635 1186 3726 1226 sc-

2153 1264 2264 1318 ruti
2290 1274 2472 1319 motus
2506 1265 2840 1320 Vlachorum
2867 1266 3110 1320 nationis
3140 1282 3155 1319 :
3189 1265 3456 1319 adversus
3478 1279 3617 1334 quos
3642 1262 3730 1317 nia

2153 1355 2231 1410 hil
2265 1363 2411 1411 recte
2435 1366 2650 1427 gestum
2685 1372 2714 1409 a
2746 1351 2961 1412 Ioanne
2986 1366 3188 1426 patruo
3217 1356 3584 1425 imperatoris.
3620 1370 3728 1410 nec

2151 1464 2182 1502 a
2210 1449 2419 1504 Joanne
2452 1448 2860 1506 Cantacuzeno.
2889 1449 3092 1504 Missus
3123 1458 3306 1505 autem
3346 1448 3411 1502 ad
3444 1447 3731 1502 debellan-

2150 1537 2253 1593 dos
2282 1553 2375 1594 eos
2416 1540 2642 1595 Alexius
2693 1538 2897 1594 Branas
2918 1580 2932 1604 ,
2978 1540 3214 1609 imperio
3246 1539 3503 1593 affectata
3527 1579 3541 1603 ,
3576 1538 3727 1593 Con-

2151 1631 2567 1700 stantlnopolim
2599 1646 2857 1686 reversus
2885 1631 3124 1687 obsedit.
3160 1631 3362 1686 Verum
3400 1645 3509 1684 non
3543 1630 3723 1683 nmlto

2152 1734 2305 1795 post,
2335 1723 2494 1780 irrito
2523 1733 2724 1779 conatu
2752 1764 2766 1790 ,
2795 1739 2967 1779 caesus
2991 1734 3074 1779 est
3102 1740 3200 1794 per
3239 1723 3550 1779 Couradum
3589 1722 3729 1776 Mar-

2152 1816 2409 1870 chionem
2441 1815 3003 1870 Montisferratenscm
3035 1835 3048 1870 :
3083 1816 3171 1870 cui
3196 1814 3430 1872 Caesaris
3459 1814 3725 1869 honorem

2153 1905 2457 1977 imperator
2498 1907 2807 1972 detulerat,
2854 1907 2974 1962 viro
3014 1907 3175 1962 valde
3227 1916 3453 1963 strenuo
3479 1918 3536 1961 et
3563 1905 3727 1970 forti,

2156 1998 2414 2054 maximis
2456 1997 2849 2067 largitionibus
2888 2014 2956 2052 ex
2994 1999 3151 2052 Italia
3191 1996 3726 2066 Constantinopolim

2153 2099 2398 2155 evocato,
2425 2097 2485 2143 ut
2517 2090 2863 2147 Theodoram
2890 2089 3241 2160 imperatoris
3263 2104 3509 2145 sororem
3537 2086 3726 2142 matri-

2154 2182 2342 2237 monio
2374 2183 2481 2239 sibi
2513 2183 2790 2255 iungeret.
2827 2183 3090 2252 Ejusdem
3124 2197 3290 2252 supra
3321 2195 3543 2251 quoque
3576 2180 3725 2233 facta

2155 2284 2240 2330 est
2267 2275 2495 2343 mentio,
2528 2276 2673 2346 quod
2701 2276 3080 2346 Moguntinum
3109 2275 3295 2346 praelio
3322 2275 3527 2328 victum
3561 2286 3733 2341 cepe-

2154 2367 2248 2422 rit.
2282 2367 2512 2423 Mortem
2536 2368 2675 2423 obiit
2704 2368 3079 2433 immaturam,
3113 2382 3209 2435 per
3240 2366 3492 2422 fraudem
3524 2381 3554 2419 a
3583 2364 3733 2429 Cha-

2155 2458 2240 2514 sio
2288 2461 2547 2530 quodam
2573 2461 2791 2516 occisus
2825 2461 2878 2515 in
2911 2460 3197 2517 Palaestina
3219 2500 3235 2527 ,
3280 2459 3374 2513 ubi
3406 2456 3728 2528 praclarum

2155 2550 2376 2606 virtutis
2402 2560 2460 2607 et
2505 2552 2812 2621 prudentiae
2840 2553 3121 2622 specimen
3139 2592 3154 2617 ,
3178 2552 3343 2621 Ioppe
3368 2551 3553 2621 (quam
3584 2561 3734 2603 nunc

2155 2643 2419 2698 Acconen
2448 2645 2683 2714 vocant)
2712 2654 2769 2700 et
2803 2644 2927 2699 aliis
2959 2644 3177 2715 Oppidis
3208 2642 3537 2714 expugnatis
3559 2682 3574 2706 ,
3608 2655 3729 2694 ma-

2157 2749 2264 2803 gno
2320 2750 2446 2789 cum
2514 2747 2723 2790 terrore
2759 2735 3153 2790 Saracenorum
3187 2730 3459 2790 ediderat.
3490 2733 3735 2786 Durantc

2159 2828 2343 2883 adhuc
2392 2827 2538 2883 bello
2579 2836 2772 2884 contra
2804 2828 3042 2883 Vlachos
3071 2868 3085 2893 ,
3144 2824 3483 2881 Theodorus
3516 2824 3733 2892 Manga-

2158 2921 2296 2992 phas
2323 2961 2339 2985 ,
2396 2936 2561 2991 quem
2609 2920 3092 2975 Morotheodorum
3127 2918 3391 2987 deinceps
3420 2925 3687 2972 vocarunt
3714 2953 3732 2978 ,

2160 3021 2425 3082 occupata
2473 3011 2655 3082 patria
2687 3016 2786 3066 sua
2816 3011 3190 3080 Philadelphia
3219 3052 3233 3075 ,
3284 3009 3492 3063 frustra
3552 3008 3731 3077 impc-

2160 3105 2305 3158 rium
2359 3101 2658 3169 affectavit,
2709 3103 2765 3157 in
2814 3113 3112 3174 perpetuos
3163 3116 3419 3158 carceres
3469 3100 3731 3169 deinceps

2162 3195 2432 3250 inclusus.

2234 3286 2552 3343 Fridericus
2587 3302 2809 3358 quoque
2857 3304 2952 3343 rex
2994 3286 3388 3342 Alemanorum
3435 3285 3742 3356 expeditio-

2158 3396 2287 3435 nem
2322 3381 2566 3451 suscepit
2591 3419 2605 3443 ,
2652 3382 2718 3435 ad
2769 3380 3114 3451 cripicndam
3144 3380 3441 3459 Saracenis
3469 3378 3753 3450 ZEgyptiis

2159 3470 2525 3526 Palaestinam.
2571 3469 2685 3525 Hoc
2730 3471 2852 3541 ejus
2902 3471 3003 3525 iter
3054 3471 3296 3526 lsaacius
3339 3481 3527 3525 contra
3577 3469 3741 3523 fidem

2161 3564 2346 3620 datam
2384 3564 2654 3634 impedire
2691 3562 3036 3630 conabatur,
3070 3562 3164 3618 sed
3198 3577 3323 3618 cura
3354 3562 3493 3616 nihil
3524 3561 3741 3617 cilicerc

2160 3674 2220 3715 se
2251 3659 2506 3724 videret,
2563 3657 2782 3713 tandem
2840 3657 3075 3711 liberum
3125 3656 3405 3711 Alemanis
3451 3655 3739 3710 transitum

2162 3750 2457 3808 concessit.
2483 3749 2697 3803 Enituit
2721 3758 2835 3803 tum
2858 3756 2982 3817 erga
3009 3746 3332 3817 peregrinos
3357 3744 3584 3815 insignis
3608 3743 3746 3798 Lao-

2162 3843 2475 3901 dicensium
2526 3843 2902 3913 hospitalitas.
2973 3843 3324 3910 Quapropter
3382 3840 3448 3894 iis
3496 3837 3742 3892 Alemani

2165 3934 2500 3994 faustissima
2536 3948 2769 4004 quaeque
2803 3941 2933 3987 sunt
2962 3948 2992 3986 a
3040 3932 3152 3986 Deo
3194 3930 3426 4001 precati,
3463 3940 3519 3985 et
3552 3928 3743 3983 Fride-

2165 4025 2313 4079 ricus
2343 4022 2461 4092 ipse
2508 4021 2767 4076 manibus
2815 4020 3103 4090 oculisque
3153 4018 3383 4073 sublatis
3414 4018 3468 4071 in
3505 4017 3700 4071 coelum
3727 4055 3769 4081 ,,

2168 4117 2406 4188 genibus
2431 4115 2584 4169 humi
2619 4114 2798 4179 ﬂexis,
2832 4113 3047 4178 oravit,
3082 4120 3143 4167 ut
3173 4111 3433 4181 quidquid
3466 4110 3590 4164 vita:
3620 4125 3744 4179 pro-

2166 4209 2388 4272 desset,
2439 4207 2712 4278 quidquid
2765 4203 2967 4259 animis
3010 4203 3242 4258 salutem
3281 4201 3539 4266 aﬂ‘erret,
3573 4217 3603 4254 a
3640 4201 3747 4253 Dco

2167 4301 2543 4371 gubernatore
2587 4299 2754 4367 hujus
2802 4296 3184 4352 univcrsitatis
3235 4294 3610 4370 impetrarent.
3645 4290 3750 4346 Ad-

2173 4394 2314 4464 jccit
2343 4393 2448 4448 hoc
2471 4407 2716 4462 quoque,
2737 4391 2783 4445 si
2808 4390 3028 4457 reliqua:
3052 4386 3350 4458 provincia:
3374 4386 3746 4440 Rouianorum

2172 4497 2282 4540 tam
2318 4485 2558 4555 benigne
2592 4482 2798 4537 Christi
2830 4479 2988 4553 3&1
3028 4480 3232 4534 milites
3275 4477 3641 4546 excepissent,
3692 4489 3751 4530 sc

480 4591 571 4643 tus
595 4591 716 4635 orat
748 4580 894 4651 vulgi
930 4579 1107 4644 furor,
1141 4578 1462 4633 Andronico
1495 4591 1789 4646 suspenso.
1819 4575 1956 4631 Nam
1987 4577 2064 4631 la-
2091 4579 2143 4640 D
2172 4577 2284 4633 illis
2317 4586 2374 4632 et
2400 4592 2536 4647 opes
2563 4590 2754 4630 secum
2801 4574 2991 4628 allatas
3020 4571 3374 4642 pcrlubenter
3402 4569 3570 4624 fuisse
3600 4564 3779 4622 datu?

479 4681 665 4727 cerata
689 4671 961 4738 tunicula,
990 4670 1172 4724 virilia
1198 4671 1319 4740 ejus
1345 4678 1538 4724 vexata
1571 4678 1735 4734 sunt;
1762 4677 1819 4723 et
1839 4667 2065 4739 quidam

480 4765 703 4834 longum
749 4779 945 4819 ensem
978 4778 1081 4832 per
1111 4764 1301 4819 fauces
1333 4763 1454 4832 ejus
1488 4761 1555 4815 ad
1595 4762 1859 4816 intestina
1895 4777 2066 4832 usque

482 4859 720 4929 trajecit.
758 4858 888 4913 Dth'
904 4870 1125 4928 quoque
1156 4854 1341 4909 Latini
1371 4855 1595 4925 generis
1616 4897 1630 4921 ,
1668 4870 1833 4910 enses
1864 4855 2063 4910 amba-

480 4954 586 5008 bus
635 4954 893 5009 manibus
935 4951 990 5006 in
1030 4958 1185 5005 nates
1219 4951 1338 5021 ejus
1373 4948 1681 5020 adt-gerunt
1708 4988 1724 5011 ,
1762 4960 1820 5002 ut
1849 4951 2071 5020 pericu-

480 5048 596 5102 lurn
628 5047 906 5111 facerent,
935 5052 1057 5099 nter
1081 5052 1228 5100 esset
1254 5043 1494 5098 acutior.
1522 5043 1653 5098 Post
1687 5052 1766 5098 tot
1793 5061 2069 5101 aerumnas

464 5157 625 5212 vmgrc
648 5143 816 5196 vitam
868 5137 1091 5206 abrupit
1116 5180 1129 5205 ,
1157 5137 1383 5192 dextera
1412 5152 1534 5191 cum
1564 5136 1756 5193 dolore
1786 5138 1852 5193 ad
1886 5152 1948 5194 os
1978 5139 2073 5193 ad-

484 5242 630 5287 mota
660 5252 672 5288 :
706 5242 767 5289 ut
797 5231 959 5286 multi
990 5238 1289 5299 putarent,
1325 5246 1451 5284 eum
1481 5231 1717 5285 calidum
1750 5246 1812 5285 ex
1845 5248 1908 5285 ea
1942 5247 2070 5286 san-

485 5325 708 5392 guinem
741 5323 813 5376 ob
845 5326 1128 5373 recentem
1162 5318 1386 5387 plagam
1432 5317 1613 5373 adhuc
1655 5318 2033 5373 destillantem
2056 5356 2071 5383 ,

486 5427 774 5483 exsugere.
807 5406 1107 5477 imperavit
1137 5423 1313 5462 annos
1342 5408 1483 5463 duos
1504 5450 1518 5475 ,
1559 5425 1684 5463 cum
1738 5418 1900 5463 antea
1948 5424 2076 5479 quo-

489 5519 599 5574 que
643 5515 828 5556 rerum
874 5498 1082 5568 potitus
1131 5508 1279 5552 esset
1329 5499 1497 5555 unius
1543 5501 1673 5554 anni
1706 5501 1924 5570 Spatio,
1955 5500 2077 5554 sine

492 5608 744 5667 purpura
779 5600 838 5645 et
864 5588 1201 5645 diademate.
1236 5590 1364 5647 Post
1393 5593 1512 5663 ejus
1547 5601 1781 5647 mortem
1813 5592 1908 5646 filii
1943 5605 2079 5663 quo-

493 5702 637 5758 que,
672 5684 916 5738 Joannes
956 5692 1013 5738 et
1042 5683 1262 5740 Manucl
1288 5726 1300 5749 ,
1340 5686 1525 5740 crccati
1559 5685 1866 5755 perierunt.

573 5780 716 5834 llinc
754 5775 999 5831 lsaacius
1041 5778 1094 5832 in
1141 5779 1519 5851 profligandos
1546 5778 1762 5833 Siculos
1793 5779 2041 5834 intentus
2064 5820 2077 5842 ,

499 5875 591 5946 qui
618 5874 731 5944 jam
760 5868 1235 5947 Constantinopoli
1271 5874 1433 5930 etiam
1468 5872 1865 5942 imminebant,
1905 5872 2083 5945 copiis

2168 4686 2282 4736 ros,
2314 4677 2626 4725 commeatu
2664 4676 2852 4737 pacate
2887 4674 3136 4735 accepto,
3185 4672 3241 4718 et
3294 4663 3431 4717 fines
3483 4657 3753 4716 Romanus

2164 4762 2495 4833 jampridem
2531 4760 2703 4816 fuisse
2745 4759 3098 4821 transituros,
3143 4758 3314 4812 hastis
3347 4755 3551 4809 nullius
3595 4754 3752 4807 Chri-

2169 4856 2331 4911 stiani
2366 4855 2633 4926 sanguine
2669 4852 3079 4908 contaminatis.
3109 4849 3248 4905 Cum
3294 4856 3478 4903 autem
3511 4846 3776 4913 Frideriq

2173 4963 2274 5003 cus
2307 4949 2595 5018 ingressus
2628 4961 2818 5016 agrum
2850 4942 3152 5000 lconiensis
3183 4940 3405 5004 sultani,
3434 4940 3611 5009 qui'ct
3640 4938 3755 5006 ipse

2172 5048 2426 5113 pacatum
2454 5039 2505 5093 ci
2534 5039 2826 5093 transitum
2855 5042 3227 5095 concesserat,
3254 5040 3448 5085 contra
3478 5030 3637 5084 fidem
3664 5030 3756 5082 da-

2173 5142 2284 5187 tam
2324 5132 2661 5195 violaretur,
2701 5130 2919 5185 duobus
2960 5127 3162 5198 praziiis
3198 5126 3443 5187 Turcos,
3477 5122 3543 5176 ad
3576 5121 3758 5176 Philo.

2176 5225 2400 5280 melinm
2428 5234 2481 5278 et
2510 5222 2912 5292 Cingularium,
2947 5223 3027 5275 sic
3058 5217 3394 5289 prostraviti,
3423 5227 3483 5269 ut
3521 5224 3580 5269 et
3613 5214 3757 5270 cclc-

2176 5317 2295 5372 hris
2328 5325 2382 5369 ct
2414 5314 2786 5368 formidabilis
2820 5312 2961 5382 apud
2999 5310 3295 5365 orientales
3341 5308 3593 5362 nationes
3628 5320 3759 5360 cva-
3823 5327 3833 5339 -

2178 5408 2335 5462 deret
2368 5426 2380 5461 :
2415 5406 2717 5477 praesertim
2747 5417 3103 5476 posteaquam
3139 5416 3249 5455 non
3297 5400 3462 5469 longo
3499 5394 3758 5465 temporis

2180 5500 2473 5571 intcrjecto
2526 5499 2705 5568 spatio
2758 5495 3187 5551 rorusimililibus
3244 5492 3469 5547 eosdem
3516 5488 3761 5544 cladibus

2182 5593 2328 5664 apud
2363 5594 2541 5662 ipsum
2588 5589 2839 5646 Iconium
2868 5588 3190 5649 .affcciSset,
3241 5582 3400 5653 quod'
3438 5583 3489 5638 ci
3533 5598 3591 5637 sc
3636 5596 3759 5635 mox

2184 5685 2417 5739 dedidit.
2467 5684 2613 5745 Urbe
2665 5682 2822 5753 potiti
2878 5678 3148 5739 Alcmani,
3214 5676 3371 5731 tectis
3433 5673 3759 5729 suburbanis

2187 5776 2456 5841 contenti,
2484 5785 2539 5830 et
2566 5784 2875 5830 commeatu
2907 5773 3099 5826 saltem
3142 5770 3348 5832 ablato,
3382 5767 3519 5822 citra
3555 5763 3761 5820 malcli—

2189 5872 2335 5926 cium
2384 5869 2782 5926 discesserunt.
2828 5864 2966 5921 llinc
3014 5864 3080 5920 ab
3130 5861 3414 5919 Armeniis
3460 5858 3760 5916 honoriﬁce
