4070 6414
295 406 401 478 633

1642 413 1825 475 CON'I
1841 413 2184 479 INUATIU.

3460 408 3565 473 6⁸24

296 533 604 592 susceptus,
641 523 987 583 Antiochiam
1024 522 1107 582 ire
1148 527 1204 582 in
1263 527 1446 582 animo
1485 527 1750 593 habebat,
1785 544 1879 582 au-
1908 538 1952 590 Α
1984 544 2092 583 non
2126 530 2389 597 expertis,
2440 538 2497 584 et
2546 527 2883 583 imminentis
2923 529 3121 592 ruinae,
3158 542 3425 598 noxasque
3460 527 3562 581 ho—

294 625 555 684 gesccnte
600 617 777 673 indies
808 619 913 675 viri
956 620 1148 691 gloria,
1186 632 1243 675 et
1289 619 1514 675 nomine
1570 620 1865 683 illustrato,

301 714 416 758 tum
446 707 517 761 ob
548 709 918 776 prudentiam,
953 720 1067 765 tum
1101 722 1325 781 propter
1358 712 1623 766 invictum
1654 713 1870 767 exerci-

298 805 436 859 tum,
465 796 633 851 ita.ut
661 799 842 869 nullus
872 799 1047 854 hostis
1079 816 1205 855 eum
1234 816 1301 855 eo
1327 801 1585 870 congredi
1615 802 1868 856 auderet.

297 886 432 940 Cum
474 897 655 941 autem
691 889 758 942 ad
790 889 1015 944 fluvium
1040 891 1332 959 quemdam
1365 892 1720 961 pervenissm,
1746 908 1873 946 vor-

294 978 498 1033 ticibus
534 995 800 1049 aquarum
830 982 1165 1039 suffocatur:
1201 984 1286 1036 vir
1315 985 1546 1039 honesta
1579 994 1635 1039 et
1673 999 1870 1054 perpeo

297 1081 389 1126 tua
419 1069 683 1128 memoria
722 1074 921 1145 dignus
945 1115 962 1141 ,
981 1086 1053 1131 σει
1079 1077 1286 1146 judicio
1315 1076 1650 1146 prudentum
1681 1075 1765 1129 vel
1814 1075 1868 1128 in

298 1162 389 1216 tali
419 1163 571 1217 ohitu
605 1164 757 1228 felix,
800 1180 909 1220 non
946 1181 1014 1221 eo
1071 1176 1307 1233 tantum,
1342 1167 1489 1237 quod
1515 1166 1685 1221 nobili
1714 1175 1871 1221 ortus

296 1268 498 1322 genere
522 1295 537 1319 ,
580 1255 790 1310 avitum
843 1256 1137 1326 imperium
1170 1259 1226 1312 in
1260 1258 1459 1335 multas
1487 1266 1677 1329 gentes
1727 1256 1873 1312 obti-

294 1341 438 1407 nuit,
499 1342 596 1398 sed
630 1344 702 1399 ob
732 1344 865 1399 illud
900 1347 1105 1416 potius,
1145 1349 1293 1419 quod
1334 1348 1477 1403 ultra
1523 1363 1715 1403 omnes
1749 1362 1870 1404 om-

291 1431 447 1486 nium
477 1437 721 1504 gentium
754 1420 1203 1493 Christianarum
1230 1438 1512 1508 principes
1539 1438 1743 1494 Christi
1772 1438 1872 1495 de-

293 1526 777 1596 siderio-flagrans,
830 1527 1033 1596 patria,
1064 1528 1293 1585 .deliciis
1336 1530 1523 1600 regiis,
1558 1529 1870 1600 tranquilli-

293 1625 427 1680 tate,
465 1616 625 1671 beata
668 1616 816 1671 domi
846 1618 1196 1687 superbaque
1224 1633 1348 1674 cum
1379 1620 1722 1676 charissimis
1760 1620 1871 1675 vita

288 1706 579 1776 despectis,
611 1722 736 1763 cum
761 1706 1094 1770 Christianis
1116 1709 1418 1771 Palestina:
1447 1711 1643 1768 incolis
1672 1726 1872 1767 aerum-

290 1812 388 1852 nas
406 1798 641 1853 tolerare
671 1799 889 1854 maluit.
912 1801 1074 1855 Patre
1099 1809 1339 1866 mortuo,
1370 1802 1516 1858 filius
1539 1802 1867 1858 Laodiceam

1972 620 2132 673 stilis.
2166 621 2293 675 Post
2326 622 2442 675 hate
2476 621 2778 691 imperator
2810 621 2999 690 Angeli
3034 631 3420 690 cognomento,
3449 619 3567 675 sive

1974 720 2035 764 ut
2070 712 2363 767 lmmiliore
2390 752 2405 780 ,
2451 714 2569 766 sive
2610 722 2667 766 ut
2698 712 2969 767 abolendo
2998 727 3128 766 cum
3161 711 3352 775 fratre,
3391 724 3562 779 repu-

1973 803 2154 869 diato,
2190 804 2503 860 Comnenus
2552 806 2814 874 appellari
2862 805 3057 860 voluit.
3111 804 3244 857 Tota
3297 803 3420 872 cjus
3449 804 3563 857 vita

1974 891 2157 946 mollis
2202 890 2344 958 fuit,
2396 903 2452 948 et
2486 905 2753 963 perpetuo
2815 908 3003 949 socors
3034 894 3335 963 ingenium.
3360 892 3560 947 Omnia

1974 981 2044 1036 de
2077 983 2446 1051 imperatricis
2480 985 2753 1039 sententia
2782 987 2898 1039 fere
2927 984 3281 1054 gerebantur,
3318 985 3479 1055 cujus
3504 994 3563 1038 et

1973 1073 2149 1129 virilis
2194 1083 2313 1129 erat
2358 1076 2597 1141 animus,
2625 1084 2682 1130 et
2711 1075 3056 1145 providentia
3086 1076 3409 1147 singularis,
3462 1076 3560 1130 sed

1973 1164 2253 1234 impudica
2303 1165 2465 1235 plane
2499 1167 2632 1230 vita,
2665 1181 2790 1236 quae
2836 1181 2972 1221 sane
3021 1166 3246 1220 infamia
3296 1165 3558 1220 maritum

1972 1269 2192 1325 quoque
2218 1256 2639 1313 dehonestabat.

2050 1345 2165 1401 Hoc
2196 1355 2441 1418 tempore
2468 1362 2563 1402 rex
2592 1347 2984 1403 Alemanorum
3019 1345 3365 1416 Ammerigus
3387 1344 3562 1417 [ch-

1974 1437 2175 1509 ricus].
2203 1438 2469 1494 Friderici
2495 1439 2661 1503 filius,
2689 1449 2917 1509 paterno
2938 1439 3250 1510 principatu
3277 1432 3559 1508 suscepto,

1976 1529 2165 1585 Sicilia
2189 1539 2244 1585 et
2269 1529 2419 1584 [talia
2462 1530 2727 1598 subactis,
2750 1532 2975 1587 Graecos
3010 1530 3355 1596 lacessebat;
3390 1545 3566 1599 quan-

1929 1636 2139 1709 .quam
2154 1622 2235 1676 ab
2265 1622 2585 1679 adversario
2602 1636 2740 1690 suo,
2763 1639 2905 1693 papa
2921 1623 3111 1679 Romae
3133 1623 3355 1689 veteris,
3380 1623 3452 1677 ab
3472 1624 3563 1678 in-

1974 1711 2177 1765 stituto
2199 1713 2597 1768 retraheretur.
2625 1714 2947 1771 Postulabat
2963 1722 3148 1769 autem
3167 1715 3272 1769 sibi
3294 1730 3397 1785 per
3412 1717 3562 1786 lega-

1975 1811 2066 1858 tos
2092 1803 2309 1858 restitui
2330 1802 2608 1859 Romanas
2631 1806 2944 1874 provincias
2970 1806 3040 1861 ab
3055 1806 3371 1875 Epidamno
3388 1805 3565 1861 Thes-
3630 1837 3646 1861 ιι

293 1889 349 1943 in
401 1887 701 1960 Crelesyria
727 1928 743 1954 ,
773 1889 1034 1960 Berytum
1064 1930 1080 1956 ,
1108 1890 1362 1960 aliasque
1394 1892 1649 1949 civitates
1688 1890 1862 1962 Syrias
1894 1891 1941 1950 B
1969 1895 2494 1962 salonicam-usque,
2516 1905 2776 1967 tanquam
2804 1897 2934 1953 belli
2960 1899 3086 1969 jure
3113 1897 3566 1965 nuperaSicilia:

248 1986 261 1995 ‘
291 1980 529 2052 subegit,
561 1996 625 2036 ac
653 1980 915 2049 pluribus,
932 1997 1032 2051 pro
1057 1980 1260 2038 Christi
1312 1982 1537 2038 nomine
1583 1982 1866 2039 laboribus

293 2071 600 2138 exhaustis,
629 2080 937 2127 extremum
964 2069 1035 2125 ad
1055 2070 1355 2138 Acconem,
1374 2062 1534 2142 quam
1556 2073 1866 2137 obsidebat,

286 2164 419 2239 vita:
448 2164 595 2218 diem
627 2163 847 2219 clausit.
883 2162 1171 2220 Exercitus
1201 2164 1447 2234 reliquus
1479 2165 1715 2222 navibus
1734 2180 1867 2222 suo-

293 2271 415 2311 rum
443 2255 571 2327 Tyri
590 2255 939 2321 conscensis,
972 2254 1267 2313 incolumis
1292 2255 1361 2311 ad
1387 2270 1517 2312 suos
1538 2257 1724 2314 rediit.

359 2346 471 2401 Nec
501 2346 753 2400 Alemani
800 2346 1069 2402 duntaxat
1132 2346 1239 2402 hoc
1286 2355 1532 2419 tempore
1578 2347 1868 2405 Saracenis

289 2438 383 2509 qui
416 2437 757 2491 Palaestinam
782 2446 1152 2507 occuparent,
1207 2452 1360 2492 arma
1399 2439 1728 2506 intulerunt,
1766 2440 1864 2495 sed

289 2530 452 2586 etiam
486 2529 823 2584 Francorum
845 2530 1264 2602 Auglorumque
1294 2544 1451 2600 reges
1482 2532 1695 2602 magnis
1728 2533 1868 2588 clas-

292 2622 446 2676 sibus
479 2620 684 2692 Tyrum
729 2622 1080 2691 appulerunt.
1114 2620 1367 2691 Cumque
1415 2621 1721 2680 Saracenos
1768 2639 1868 2680 nec

294 2713 395 2782 ipsi
433 2713 573 2767 urbe
601 2721 788 2768 sancta
814 2713 1020 2783 pellere
1046 2721 1296 2784 possent,
1327 2713 1553 2770 infectis
1582 2716 1751 2771 rebus
1771 2715 1871 2771 do-

295 2821 445 2860 mum
478 2814 845 2861 reverterunt.
877 2806 936 2860 In
963 2805 1162 2860 itinere
1194 2814 1375 2861 tamen
1397 2807 1603 2877 Anglus
1625 2806 1867 2878 Cyprum

292 2897 1020 2967 occupavit,capto-lsaacio
1046 2897 1329 2954 Conmeno
1368 2910 1621 2970 tyranno,
1663 2900 1733 2955 de
1759 2916 1869 2970 quo

293 3005 456 3059 supra
489 2988 728 3045 diximus
763 3004 777 3043 :
813 2990 1161 3061 insulamque
1205 3006 1304 3060 pro
1337 3006 1436 3047 sua
1465 2991 1865 3063 Hierosolymi-

291 3090 419 3135 tano
450 3082 561 3152 regi
597 3082 841 3148 donavit,
880 3091 937 3137 ut
992 3082 1070 3137 ibi
1116 3082 1319 3138 amisso
1372 3099 1539 3154 regno
1570 3084 1866 3140 habitaret.

286 3171 558 3229 Caeterum
596 3191 705 3230 non
734 3175 945 3230 crebra:
975 3183 1188 3229 tantum
1223 3175 1525 3232 seditiones
1565 3178 1867 3233 multorum

287 3264 384 3331 qui
441 3264 770 3321 affectabam
803 3265 1119 3336 imperium,
1161 3265 1429 3320 lsaacium
1476 3268 1855 3324 exercebant:

288 3356 385 3411 sed
419 3358 581 3412 etiam
617 3358 948 3429 Vlachorum
980 3359 1131 3414 natio
1166 3375 1478 3431 progressa,
1508 3361 1752 3416 munitas
1775 3377 1867 3416 ur-

288 3447 388 3501 bes
414 3448 725 3505 invadebat.
751 3452 1075 3507 Anchialum
1105 3453 1252 3505 enim
1285 3453 1596 3516 vastabant,
1628 3453 1866 3510 Varnam

285 3538 652 3609 subigebant,
701 3543 1034 3598 Triaditzam
1074 3543 1190 3597 sive
1232 3541 1514 3597 Sardicam
1564 3543 1863 3608 delebant,

283 3627 537 3699 Stumpio
563 3632 711 3688 cives
741 3634 1052 3703 ejiciebaut.
1088 3634 1331 3688 Tandem
1389 3635 1444 3688 in
1495 3634 1857 3703 expeditione

278 3732 473 3777 contra
506 3720 760 3790 Vlachos,
787 3725 1076 3795 magnifico
1107 3740 1232 3780 cum
1255 3734 1524 3796 apparatu
1560 3735 1818 3794 suscepta
1845 3764 1861 3789 ,

278 3828 403 3868 cum
438 3813 719 3869 venationi
769 3824 916 3872 esset
965 3818 1213 3885 intentus
1273 3816 1538 3883 lsaacius,
1573 3818 1642 3871 ab
1673 3815 1864 3870 Alexio

277 3906 470 3970 fratre,
498 3904 566 3960 de
595 3920 704 3975 quo
738 3921 844 3960 non
875 3914 1089 3961 tantum
1122 3908 1261 3961 nihil
1293 3909 1420 3961 mali
1452 3906 1860 3978 suspicabatur,

280 3999 375 4053 sed
397 4000 563 4053 etiam
580 4013 851 4054 summam
869 4000 971 4055 sibi
995 4000 1323 4055 charitatem
1344 3999 1863 4069 observantiamque

281 4091 661 4160 pollicebatur,
718 4101 773 4147 et
831 4080 1006 4147 oculis
1057 4100 1113 4147 et
1160 4092 1392 4162 imperio
1442 4091 1709 4161 spoliatus
1753 4100 1859 4147 est.

272 4182 576 4252 imperavit
617 4199 794 4240 annos
839 4183 891 4246 9,
925 4198 1142 4239 menses
1176 4183 1243 4251 8,
1293 4183 1539 4239 nondum
1588 4197 1763 4240 annos
1794 4184 1860 4239 40

281 4289 318 4328 n
358 4283 464 4341 tus,
496 4291 621 4331 cum
651 4292 880 4347 regnum
917 4277 1217 4332 amitteret.

351 4368 575 4423 Alexius
613 4367 916 4437 imperator
946 4368 1001 4422 in
1030 4368 1228 4423 castris
1259 4367 1607 4439 designatus,
1643 4367 1855 4423 omisso

278 4470 474 4517 contra
505 4460 736 4517 Vlachos
768 4459 933 4526 bello,
960 4458 1497 4529 Constantinopolim
1544 4460 1716 4516 redit:
1760 4460 1853 4516 ubi

1972 2000 2103 2055 rege
2139 1985 2425 2049 subactas,
2459 1986 2550 2042 cui
2581 2002 2729 2042 nunc
2754 1987 2872 2058 ipse
2902 1987 3285 2044 successisset.
3308 1987 3565 2043 Addebat

1971 2072 2211 2129 oﬁ‘ensas
2238 2083 2518 2143 paternas,
2566 2075 2713 2144 quod
2748 2075 3051 2145 imperator
3097 2074 3316 2133 Manuel
3362 2088 3563 2146 papam

1971 2164 2161 2220 Romae
2193 2165 2399 2221 veteris
2428 2176 2616 2222 contra
2643 2166 2985 2223 Fridericum
3023 2168 3361 2224 concitasset
3386 2178 3444 2224 et
3473 2184 3563 2223 ar-

1972 2264 2199 2311 masset.
2231 2255 2425 2326 Itaque
2455 2258 2822 2314 denuntiabat
2843 2300 2859 2325 ,
2908 2258 3174 2314 Romanis
3226 2268 3326 2314 aut
3362 2273 3559 2328 pacem

1972 2344 2212 2398 maxima
2264 2344 2502 2414 pecunia
2542 2346 2955 2412 redimendam,
2993 2354 3090 2401 aut
3124 2346 3337 2402 bellum
3373 2348 3564 2402 statim

1974 2434 2340 2490 tolerandum.
2368 2434 2501 2502 Quae
2520 2445 2706 2492 autem
2729 2436 2963 2507 pecunia
2988 2437 3142 2506 pacis
3161 2437 3387 2493 nomine
3411 2453 3560 2508 quo-

1974 2527 2155 2582 tannis
2179 2526 2345 2596 pendi
2370 2527 2621 2597 deberet,
2643 2528 2765 2584 auri
2794 2529 3135 2585 eenteuariis
3157 2530 3561 2601 quinquaginta

1971 2619 2242 2689 principio
2270 2620 2541 2676 aestimata
2568 2660 2584 2687 ,
2627 2628 2979 2690 postremum
3006 2622 3075 2676 ad
3099 2622 3461 2684 centenarios
3495 2622 3564 2676 16

1972 2709 2192 2765 redacta
2214 2718 2340 2767 est:
2365 2726 2507 2782 quos
2548 2721 2609 2767 ut
2640 2712 2868 2771 Alexius
2890 2714 3225 2777 exsolveret,
3260 2714 3564 2784 imperato-
3594 2724 3602 2731 ‘

1971 2817 2097 2857 rum
2123 2804 2395 2873 sepulcris
2429 2804 2700 2874 spoliatis,
2738 2804 2808 2859 ad
2845 2805 2911 2860 70
2959 2805 3311 2863 centenarios
3340 2806 3557 2875 argenti

1970 2901 2028 2949 et
2068 2895 2203 2949 .auri
2231 2896 2484 2951 nonnihil
2520 2898 2775 2953 corrasit.
2799 2898 3002 2954 Verum
3032 2908 3159 2953 ante
3190 2914 3352 2968 quam
3387 2913 3561 2968 pecu-

1974 2985 2066 3040 nia
2099 2986 2439 3053 mitteretur,
2468 2987 2772 3067 hlemania
2802 3005 2899 3045 rex
2924 3000 3138 3046 natura:
3160 2990 3407 3046 debitqu
3437 3006 3563 3060 per-

1969 3078 2155 3147 solvit,
2196 3094 2321 3133 cum
2387 3080 2715 3151 gravissime
2738 3082 2799 3136 in
2831 3080 3067 3147 Siculos,
3093 3083 3187 3152 qui
3229 3082 3560 3139 seditionem

1976 3169 2338 3235 concitarant,
2423 3170 2925 3227 animadvertisset.
2995 3171 3274 3227 Factionis
3329 3172 3559 3242 quidem

1893 3235 1937 3293 (ἶ
1973 3253 2277 3325 principem
2317 3264 2375 3310 et
2408 3271 2592 3327 regem
2622 3257 2894 3313 delectum
2957 3274 3158 3316 corona
3213 3235 3379 3332 jussit
3422 3246 3563 3316 alie.

1972 3362 2076 3402 nea
2113 3349 2387 3415 redimiri,
2420 3365 2542 3420 quae
2570 3365 2698 3406 cum
2733 3350 2967 3411 haberet
2995 3362 3236 3423 quatuor
3261 3352 3560 3418 foramina,

1966 3455 2069 3509 per
2086 3454 2150 3495 ea
2179 3442 2405 3496 totidem
2435 3443 2608 3499 clavis
2637 3443 2804 3513 capiti
2826 3446 2947 3515 ejus
2966 3452 3053 3500 est
3074 3444 3253 3499 allixa.
3276 3443 3434 3511 Quod
3461 3445 3554 3500 ubi

1967 3528 2174 3585 factum
2224 3532 2421 3587 fuisset
2457 3551 2472 3586 :
2504 3533 2703 3597 Habes,
2740 3534 2819 3587 ait
2866 3535 3246 3601 Ammericus,
3288 3549 3554 3591 coronam

1967 3636 2131 3691 quam
2154 3634 2386 3678 venatus
2412 3638 2473 3679 es
2493 3642 2508 3690 ;
2532 3639 2696 3680 nemo
2724 3625 2822 3679 tibi
2849 3625 2991 3680 hanc
3014 3625 3245 3681 invidet.
3266 3626 3555 3698 3421110

1967 3727 2099 3767 vero
2127 3729 2253 3767 mox
2283 3714 2476 3769 oborta
2504 3715 2794 3785 vertigine,
2828 3716 2977 3769 humi
3016 3717 3329 3787 prolapsus,
3369 3721 3558 3788 exspi-

1968 3807 2132 3865 ravit.
2161 3806 2333 3876 Capta
2363 3804 2555 3860 Sicilia
2581 3844 2598 3871 ,
2634 3821 2760 3861 cum
2790 3807 3006 3863 caeteris
3034 3807 3197 3863 lrene
3230 3808 3422 3864 lsaacii
3450 3811 3555 3865 im-

1966 3898 2241 3967 peratoris
2272 3898 2383 3953 ﬁlia
2410 3899 2626 3969 captiva
2655 3907 2741 3954 est
2767 3898 3028 3966 abducta,
3054 3907 3113 3955 et
3137 3899 3413 3969 desponsa
3441 3901 3554 3958 fra-

1966 3990 2040 4045 tri
2076 3991 2225 4062 regis
2242 3990 2543 4046 Alemanite
2562 3991 2839 4062 Philippo,
2862 3993 3067 4049 amisso
3089 3993 3275 4063 priore
3296 3994 3553 4065 conjuge,

1964 4085 2058 4155 qui
2090 4095 2249 4154 post,
2272 4085 2489 4141 obitum
2534 4085 2809 4142 Tancredi
2864 4088 3039 4157 patris
3077 4087 3286 4145 Sicilia:
3321 4103 3551 4161 regnum

1962 4178 2299 4237 obtinuerat.
2575 4170 2580 4174 ’

2034 4272 2250 4327 Secutae
2287 4280 2414 4327 sunt
2450 4271 2714 4343 deinceps
2761 4273 3105 4344 gravissima:
3149 4274 3555 4333 Constantino-

1959 4363 2102 4434 polis
2137 4362 2341 4419 clades.
2367 4362 2503 4418 Nam
2552 4363 2791 4420 lsaacius
2818 4365 3034 4435 pridem
3086 4366 3393 4434 imperator
3424 4383 3551 4423 cum

1959 4456 2169 4512 Latinis
2215 4471 2413 4510 arcana
2456 4456 2688 4512 consilia
2733 4456 2803 4511 de
2851 4457 3188 4512 ulciscendis
3236 4459 3455 4527 injuriis
3496 4472 3554 4515 et

280 4568 406 4608 cum
431 4551 793 4623 inauguratus
808 4563 975 4616 esset,
999 4553 1275 4624 quoddam
1300 4552 1659 4607 memorabile
1691 4553 1868 4609 conti-
1896 4561 1947 4622 υ
1971 4549 2270 4615 evertcudo
2296 4548 2466 4604 fratre
2490 4548 2683 4603 Alexio
2710 4549 3054 4615 conferebat,
3085 4547 3288 4602 litteris
3329 4549 3397 4602 ad
3438 4548 3555 4605 Ire-

279 4644 379 4715 git.
408 4644 636 4714 Temple
661 4645 810 4699 enim
838 4660 1110 4716 egressus,
1136 4662 1264 4702 cum
1286 4661 1692 4702 conscensurus
1716 4655 1863 4701 esset

1964 4659 2089 4697 nem
2123 4643 2288 4697 filiam
2318 4641 2520 4709 missis,
2554 4641 2797 4711 Philippi
2830 4641 3222 4697 Alemanorum
3251 4644 3397 4711 regis
3419 4656 3554 4696 cou-
3590 4687 3598 4693 .

277 4753 482 4807 equum
509 4736 805 4792 Arabicum
828 4776 843 4804 ,
877 4752 1148 4794 sessorem
1181 4739 1275 4794 ille
1310 4754 1421 4794 non
1457 4738 1633 4792 voluit
1663 4739 1861 4793 admit—
1958 4735 2168 4805 jugem,
2193 4736 2396 4805 quibus
2430 4749 2551 4790 eam
2580 4734 2649 4788 ad
2680 4749 2842 4804 opem
2871 4734 2974 4789 sibi
3007 4734 3291 4789 ferendam
3320 4733 3553 4805 iustiga-
3635 4793 3641 4799 _

279 4839 418 4896 tere,
446 4830 543 4885 sed
588 4830 761 4884 oculis
788 4830 1057 4899 sanguine
1098 4831 1344 4895 suffusis,
1379 4832 1607 4886 auribus
1632 4833 1858 4895 erectis,

275 4922 469 4976 crebro
498 4923 675 4978 solum
709 4921 956 4990 pulsans,
986 4929 1043 4976 et
1071 4922 1446 4977 anterioribus
1480 4912 1855 4993 ungulis'cum

273 5013 494 5069 fremitu
523 5014 776 5078 sublatis,
811 5011 1079 5067 indicium
1110 5013 1363 5084 praebuit,
1399 5015 1558 5083 quasi
1601 5014 1855 5068 Alexium

274 5113 428 5175 tergo
456 5106 704 5175 recipere
736 5101 1160 5173 dedignaretur.
1189 5103 1291 5158 Ubi
1323 5120 1453 5159 vero
1494 5114 1618 5172 post
1652 5104 1856 5159 multos

270 5213 604 5268 poppysmos
640 5206 698 5250 et
752 5195 987 5250 cervicis
1021 5194 1368 5265 palpationes
1415 5195 1663 5265 placatus
1687 5237 1701 5261 ,
1732 5211 1856 5267 cre-

271 5287 399 5343 bros
425 5288 547 5343 illos
571 5303 736 5360 gyros
760 5297 817 5343 et
848 5287 1258 5343 calcitrationcs
1290 5289 1598 5343 emissurus
1624 5290 1851 5345 videba-

271 5393 382 5445 tur,
435 5381 735 5451 imperator
783 5380 841 5435 in
895 5395 1022 5435 eum
1072 5380 1271 5447 insilit,
1321 5389 1376 5435 et
1428 5381 1674 5436 habenas
1727 5397 1853 5451 pre-

270 5473 481 5528 hendit.
512 5474 886 5528 Nihilominus
934 5471 1024 5526 ille
1072 5470 1290 5542 ferocit,
1321 5487 1424 5527 nec
1455 5472 1610 5542 prius
1638 5472 1851 5543 impor-

269 5576 402 5620 tune
425 5566 625 5623 saltare
657 5566 1100 5635 desistit,.quam
1129 5576 1400 5635 gemmata
1432 5582 1639 5621 corona
1666 5567 1851 5637 capite

270 5658 617 5728 imperatoris
634 5674 888 5726 excussa,
916 5667 972 5714 et
994 5675 1059 5715 ex
1091 5667 1248 5728 parte
1280 5659 1642 5726 comminuta,
1668 5658 1849 5729 ipsqu

270 5767 491 5821 quoque
524 5751 832 5821 dejecisset.
880 5751 1001 5807 Alio
1044 5767 1188 5822 equo
1229 5751 1486 5815 adducto,
1538 5752 1706 5806 fracta
1757 5768 1850 5808 co-

1963 4824 2080 4895 bat,
2123 4834 2289 4896 atque
2335 4825 2466 4881 inde
2507 4825 2728 4880 litteras
2775 4824 3120 4895 recipiebat,
3157 4824 3364 4893 quibus
3411 4826 3547 4894 quid

1961 4918 2235 4989 agendum
2281 4927 2428 4974 esset
2451 4958 2466 4984 ,
2503 4919 2853 4985 mpnebatur.
2888 4918 3099 4973 Deinde
3136 4917 3281 4972 (ilius
3327 4932 3552 4987 quoque

1961 5012 2135 5082 ipsius
2165 5011 2408 5075 Alexius,
2440 5010 2689 5065 custodia
2717 5010 2951 5066 eductus
2975 5048 2990 5071 ,
3035 5008 3213 5063 libere
3241 5022 3353 5077 quo
3388 5007 3552 5062 libuit

1958 5104 2284 5160 ambulavit.
2313 5103 2663 5174 Quapropter
2692 5103 2761 5158 de
2792 5101 3028 5157 consilio
3069 5112 3325 5172 paterno,
3359 5100 3549 5155 Pisani

1959 5192 2247 5265 cujusdam
2278 5209 2403 5262 ope,
2439 5193 2742 5264 perductus
2778 5192 2835 5246 in
2863 5190 3140 5257 Siciliam,
3177 5189 3356 5246 sorori
3403 5190 3551 5245 indi-

1958 5298 2117 5340 catur
2149 5301 2165 5339 :
2195 5300 2316 5353 qua:
2335 5285 2490 5355 justo
2516 5284 2777 5355 praesidio
2802 5285 2994 5349 misso,
3019 5284 3244 5339 fratrem
3271 5281 3546 5352 amplexa,

1955 5376 2218 5430 maritum
2272 5376 2583 5446 Philippum
2635 5384 2774 5443 orat,
2831 5385 2892 5431 ut
2921 5376 3063 5446 patri
3103 5390 3204 5432 suo
3248 5389 3349 5444 pro
3399 5371 3546 5429 virili
3594 5432 3597 5439 _

1950 5486 2115 5540 opem
2168 5469 2329 5536 ferat,
2380 5479 2437 5525 et
2482 5469 2710 5525 fratrem
2753 5484 2975 5541 quoque
3001 5470 3177 5542 juvet,
3204 5465 3455 5524 exsulem
3488 5472 3547 5521 et

1954 5572 2257 5619 extorrem.

2024 5633 2361 5711 Acciderunt
2392 5663 2442 5708 et
2475 5654 2582 5709 alia
2614 5655 2781 5711 mala.
2810 5654 2948 5709 Nam
2978 5668 3102 5708 cum
3136 5648 3362 5707 Venetis
3390 5660 3542 5702 mer-
3586 5706 3595 5715 ο

1952 5749 2232 5805 caloribus
2262 5764 2326 5803 ex
2369 5748 2599 5804 avaritia
2650 5748 3030 5802 ministrorum
3084 5740 3439 5811 imperatoris
3481 5748 3543 5794 et

271 5840 838 5910 ronainauspicatum
874 5858 1034 5899 omcu
1070 5843 1184 5900 visa
1231 5853 1329 5914 cst_
1358 5842 1575 5913 imperii
1613 5842 1846 5899 cladium
1953 5853 2309 5915 cognatorum
2340 5845 2717 5925 adimerentur
2744 5843 2917 5910 prisca
2949 5838 3197 5905 quaedam
3232 5830 3540 5905 privilegia,
