4070 6410
469 390 582 457 625

1525 389 1959 451 MICHAELIS
1991 387 2248 448 δυσ-Ε
2289 385 2694 448 ΛΝΝΑΙᾸΗΜ

3631 379 3748 447 636

471 506 767 576 Pisanique
816 503 948 574 ipsis
993 503 1383 574 praeferrentur
1416 519 1430 556 :
1466 519 1496 556 a
1540 503 1744 558 Graecis
1791 502 2053 572 paulatim
2089 510 2132 562 Α
2230 501 2646 569 Adrianopolim
2683 515 2809 554 cum
2840 499 3125 555 obsideret
3155 501 3476 566 Balduinus,
3503 500 3749 555 Joannes

473 600 885 676 abalienati,_se
909 598 1153 653 vicissim
1181 599 1262 652 eis
1289 613 1387 668 per
1415 597 1765 651 occasionem
1796 611 1939 666 :egre
1975 595 2054 648 fa-

474 708 664 758 cturos
691 693 1083 749 ostendebant.
1115 692 1303 761 Itaque
1332 689 1444 744 dux
1465 705 1660 743 eorum
1689 688 1890 741 'Ericus
1917 685 2057 740 Dan-

472 787 660 851 dulns,
689 788 772 841 vir
807 787 1055 855 prudens
1113 797 1178 836 ac
1211 788 1484 850 provectae
1523 777 1820 842 admodum
1855 777 2052 839 :etatis,

466 879 540 933 de
576 878 797 932 auxiliis
826 878 1062 931 aliorum
1096 872 1437 928 asciscendis
1459 871 1697 940 cogitat,
1733 883 1873 938 quos
1895 877 2055 926 norat

466 988 499 1024 a
541 969 744 1024 Graecis
775 969 1064 1024 dissidere.
1095 967 1344 1030 Cumque
1363 973 1593 1032 tempus
1622 963 1802 1030 ipsum
1837 959 2053 1014 nobiles

466 1063 740 1132 quosdam
793 1061 1108 1130 toparcbas,
1139 1059 1231 1127 qui
1279 1057 1624 1112 Palaestinam
1657 1054 1834 1108 visere
1864 1050 2058 1119 cupie-

468 1154 627 1218 bant,
658 1162 854 1222 sponte
883 1151 1178 1206 obtulisset
1201 1166 1214 1201 :
1240 1150 1562 1203 societatem
1585 1154 1640 1201 et
1659 1145 1842 1201 fmdus
1865 1151 2056 1198 contra

472 1248 693 1300 Graecos
723 1245 856 1297 coit.
890 1244 1059 1296 Eram
1099 1241 1158 1303 ii,
1186 1240 1582 1294 Montisferrati
1610 1235 1861 1290 marcbio
1894 1234 2060 1288 Boni-

474 1340 670 1401 facius,
712 1333 984 1389 Fiandrim
1029 1348 1215 1387 comes
1247 1331 1549 1385 Baldniuus
1573 1369 1588 1392 ,
1639 1344 1830 1384 comes
1865 1326 2053 1381 Sancti

473 1425 628 1480 Pauli
651 1424 913 1488 .lleri-cus,
933 1422 1074 1477 Pleas
1100 1437 1287 1476 comes
1309 1421 1387 1491 (Ι)
1407 1419 1706 1485 Lodoicus,
1725 1417 1890 1473 etalii
1913 1431 2061 1472 cem-

474 1516 664 1583 plnres
719 1513 956 1566 audaces
1018 1513 1335 1566 bellatores.
1389 1510 1581 1565 Classe
1629 1524 1728 1579 per
1787 1509 2060 1578 integrum

476 1606 778 1662 triennium
817 1604 1108 1666 fabricata,
1163 1603 1391 1658 Alexius
1440 1602 1637 1656 lsaacii
1673 1600 1868 1678 Augcli
1917 1599 2063 1654 filius

475 1700 676 1754 litteris
705 1700 906 1755 veteris
935 1697 1124 1752 Romae
1158 1695 1456 1766 pontificis,
1493 1706 1549 1750 et
1585 1694 1888 1750 Alemauia
1919 1693 2064 1761 regis

476 1793 799 1854 instructus,
831 1805 957 1844 cum
997 1787 1122 1842 aliis
1149 1803 1208 1842 se
1241 1785 1550 1856 conjungit,
1597 1794 1657 1840 et
1699 1782 2061 1854 pecuniarum

2171 594 2496 649 Vlacborum
2536 593 2814 662 princeps,
2843 592 3061 648 Latinis
3110 594 3165 647 in
3215 593 3444 647 insidias
3472 592 3745 661 pellectis,

2163 689 2379 759 egregia
2413 686 2620 754 potitus
2647 696 2733 740 est
2763 684 3018 750 victoria,
3046 700 3188 739 caeso
3215 683 3460 739 Lodoico
3493 685 3750 738 i'leaiee-

2164 783 2318 848 niite,
2355 779 2625 835 Balduino
2659 788 2841 848 capto,
2869 778 3122 832 Dandulo
3153 788 3207 832 et
3235 778 3466 832 Jlerrico
3489 774 3744 830 Balduini

2165 875 2334 928 fratre
2363 881 2590 941 propter
2617 881 2898 938 acceptam
2927 869 3141 924 cladem
3171 870 3293 939 fuga
3321 869 3426 922 sibi
3459 868 3752 922 consulen-

2169 967 2330 1021 tibus.
2363 965 2502 1020 Hinc
2531 965 2736 1020 factum
2766 962 3260 1030 Constantinopoli
3290 961 3574 1015 decretum
3599 999 3612 1023 ,
3642 974 3750 1026 quo

2160 1057 2346 1113 Latini
2385 1057 2812 1126 promulgarunt
2836 1093 2850 1119 ,
2887 1070 2946 1110 se
2979 1053 3188 1108 nemini
3238 1053 3586 1123 popularium
3614 1068 3748 1106 suo-

2168 1167 2289 1204 rum
2323 1149 2800 1219 inaugurationem
2831 1146 2985 1214 regni
3014 1159 3405 1208 concessuros,
3444 1145 3550 1197 nisi
3577 1156 3751 1198 morte

2167 1243 2418 1298 Balduini
2451 1243 2602 1313 prius
2626 1241 2933 1312 explorata.
2953 1237 3203 1307 Cumque
3226 1238 3332 1291 hoc
3354 1237 3516 1291 modo
3548 1253 3748 1290 annum

2172 1351 2344 1390 unum
2385 1346 2442 1389 et
2470 1348 2691 1387 menses
2714 1341 2965 1402 quatuor
2995 1330 3392 1400 rempublicam
3428 1329 3552 1383 sine
3573 1329 3754 1396 impos

2168 1437 2351 1481 ratore
2377 1424 2885 1486 administrassent,
2915 1422 3104 1476 audit-0
3135 1423 3254 1492 ejus
3286 1421 3532 1486 interitu,
3562 1420 3749 1474 fleri-i-

2168 1533 2294 1574 cum
2343 1517 2572 1571 fratrem
2630 1517 3025 1585 imperatorem
3075 1514 3380 1568 declarant.
3421 1513 3516 1566 Est
3567 1521 3748 1565 autem

2119 1611 2472 1686 .Balduinus
2501 1610 2570 1664 ab
2613 1608 2826 1664 Joanne
2872 1607 3023 1677 Myso
3064 1607 3453 1660 crudelissime
3481 1616 3748 1668 necatus,

2167 1717 2294 1758 cum
2317 1702 2554 1772 pedibus
2573 1710 2627 1754 et
2658 1699 2915 1753 manibus
2942 1697 3263 1766 amputatis,
3298 1697 3571 1766 reliquum
3597 1703 3753 1749 trun-

2171 1809 2298 1849 cum
2345 1795 2398 1847 in
2423 1793 2619 1846 vallem
2647 1789 2974 1860 profundam
3007 1789 3171 1856 abjici
3197 1789 3438 1858 iuberet,
3470 1787 3562 1840 ubi
3589 1787 3751 1841 tertio

471 1884 684 1940 acervis
714 1882 959 1951 ipsorum
1008 1879 1224 1933 animos
1267 1877 1616 1946 expleturum
1655 1889 1718 1929 se
1750 1873 2065 1942 pollicetur,

2173 1888 2393 1942 demum
2419 1883 2509 1938 die
2531 1883 2819 1937 volucrum
2853 1895 2978 1936 esca
3011 1879 3400 1934 miserabiliter
3429 1879 3746 1947 exspiravit.

471 1979 516 2030 si
556 1985 846 2045 paternum
875 1972 1167 2043 imperiutn
1214 1969 1318 2024 sibi
1367 1967 1756 2023 restituerent.
1781 1965 1933 2020 idem
1984 1977 2073 2017 sa—

469 2077 760 2124 cramento
789 2065 1065 2138 promittit
1092 2062 1356 2118 auxilium
1385 2071 1579 2116 contra
1605 2059 1935 2122 Saracenos,
1962 2057 2072 2110 La-

474 2163 828 2231 tinorumque
881 2158 1202 2228 religionem
1267 2154 1594 2223 amplexus,
1656 2150 2069 2219 privilegiornm

474 2253 758 2322 papalium
784 2250 1223 2312 renovationem,
1246 2239 1303 2302 et
1331 2247 1648 2302 Gnecorum
1688 2243 2068 2297 institutorum

474 2343 840 2396 mutationem
876 2341 1191 2409 pollicetur.
1223 2339 1337 2392 lloc
1387 2335 1550 2391 modo
1602 2335 1828 2398 factum,
1875 2343 1933 2388 ut
1967 2332 2070 2404 By-

476 2436 722 2491 zantium
755 2434 1131 2494 obsideretur,
1161 2431 1388 2484 Alexius
1412 2428 1619 2483 frustra
1643 2425 1868 2480 tentatis
1895 2423 2068 2479 armis

477 2528 765 2582 llebeltum
798 2525 1133 2595 profugeret,
1164 2534 1289 2594 post
1317 2538 1411 2576 vin
1443 2519 1664 2590 imperii
1692 2535 1900 2574 annum
1925 2519 2071 2572 Isaa-

473 2625 560 2676 cio
589 2631 643 2675 et
672 2622 790 2690 ejus
822 2619 936 2672 filio
960 2617 1154 2672 Alexio
1177 2617 1474 2686 imperium
1519 2613 1855 2679 deferretur,
1885 2613 2066 2669 Latini

475 2713 705 2783 rapinis,
749 2711 1042 2775 incendiis,
1077 2709 1226 2765 ferro
1257 2710 1312 2764 in
1353 2708 1688 2779 Byzantinos
1717 2715 1910 2776 captos
1941 2721 2067 2760 cru-

473 2805 754 2858 delissime
783 2810 1195 2872 grassarentur.
1541 2789 1543 2793 ’

546 2897 694 2949 Inter
739 2911 963 2964 magnas
1003 2903 1188 2954 autem
1235 2894 1544 2950 seditiones
1594 2892 1823 2946 urbanae
1854 2891 2061 2963 plebis,

475 2987 708 3056 imperio
760 3001 980 3039 rursum
1033 2987 1258 3055 Angelis
1303 2995 1499 3054 erepto
1527 3023 1542 3048 ,
1584 2983 1814 3038 Alesius
1849 2984 2062 3049 Ducas,

474 3087 839 3147 cognomento
862 3076 1157 3131 Murzullus
1184 3077 1302 3130 sive
1325 3076 1746 3146 superciliosos,
1767 3074 2056 3129 Nicolaum

475 3171 755 3225 Canabum
789 3171 1182 3239 imperatorem
1224 3185 1254 3223 a
1288 3169 1492 3239 populo
1519 3168 1866 3236 designatum
1895 3167 2063 3236 capit,
2091 3201 2138 3264 ο

479 3264 725 3330 itemque
768 3264 993 3314 redacto
1026 3261 1080 3313 in
1111 3269 1438 3328 potestatem
1467 3275 1622 3314 suam
1657 3260 1847 3314 Alexio
1878 3256 2068 3312 lsaacii

480 3355 595 3408 filio
627 3353 731 3407 sibi
759 3352 1003 3406 vindicat
1037 3351 1351 3420 imperium.
1385 3350 1522 3406 Cum
1557 3352 1644 3405 bis
1669 3350 1863 3405 Alexio
1902 3364 2071 3403 vene-

480 3461 612 3498 num
648 3445 1020 3513 propinassct,
1046 3445 1192 3513 quod
1224 3444 1318 3498 ille
1350 3453 1465 3500 tum
1490 3446 1668 3498 aetatis
1701 3444 1924 3509 robore,
1953 3451 2069 3498 tum

480 3537 746 3591 antidotis
781 3538 919 3591 clam
961 3537 1200 3606 sumptis
1240 3535 1454 3590 vicerat
1486 3552 1501 3588 :
1532 3536 1730 3605 laqueo
1759 3535 1979 3590 tandem
2013 3535 2066 3590 ei

477 3639 670 3694 guttur
702 3627 880 3692 elidit,
916 3643 1105 3683 mense
1137 3628 1354 3698 imperii
1393 3637 1570 3695 sexto,
1599 3630 1689 3684 die
1713 3638 1932 3684 octavo.
1967 3627 2073 3682 Ve-

480 3736 603 3774 rum
632 3737 700 3776 ne
725 3721 1024 3776 Murzuflus
1051 3721 1276 3791 quidem
1310 3721 1452 3775 ultra
1483 3721 1626 3776 duos
1657 3736 1876 3776 menses
1911 3730 1968 3774 et
1995 3717 2064 3772 16

479 3817 602 3870 dies
625 3815 858 3884 imperio
892 3815 1104 3885 potitus
1133 3823 1255 3882 est,
1291 3823 1604 3884 expugnata
1646 3830 1873 3870 rursum
1906 3829 1934 3867 a
1968 3811 2072 3869 La-

483 3908 612 3960 tinis
638 3907 774 3962 urbe
803 3923 816 3958 :
855 3908 950 3975 qui
981 3921 1047 3960 ea
1075 3917 1260 3976 capta,
1286 3907 1355 3962 de
1383 3922 1611 3962 suorum
1642 3923 1933 3977 procerum
1967 3925 2072 3962 nu-

481 4013 639 4052 tnero
695 3997 1025 4052 Balduinum
1079 3997 1352 4052 Flandria
1387 4001 1643 4054 comitem
1686 4000 2072 4055 communibus

485 4089 764 4157 suffragiis
810 4089 1204 4156 imperatorem
1245 4089 1630 4159 di-signarnnt,
1685 4101 1937 4162 agentem
1974 4107 2074 4145 an-

484 4195 618 4234 num
650 4178 828 4234 anatis
858 4180 947 4245 52,
982 4180 1158 4234 virum
1194 4181 1368 4250 pium,
1403 4181 1753 4249 modestum,
1796 4185 1936 4238 adeo
1973 4199 2076 4254 pu-

485 4273 699 4337 dicum,
754 4283 814 4326 ut
861 4272 1148 4327 mulierem
1202 4274 1578 4330 inverecunde
1613 4292 1722 4330 non
1759 4279 2070 4346 aspiceret,

482 4365 750 4434 quamdiu
796 4381 826 4419 a
871 4365 1102 4435 conjuge
1131 4366 1358 4431 aberat,
1389 4377 1445 4420 et
1479 4367 1566 4421 bis
1598 4369 1841 4437 qualibet
1871 4369 2075 4423 bebdo—

485 4457 648 4511 tnadc
689 4458 908 4528 vesperi
962 4458 1290 4527 proclamari
1334 4459 1576 4530 juberet,
1615 4476 1686 4514 ne
1717 4461 1840 4530 quis
1877 4461 1932 4516 in
1972 4478 2073 4518 suo

485 4549 692 4620 palatio
719 4550 972 4616 cubaret,
1001 4552 1092 4618 qui
1126 4552 1359 4606 alienam
1389 4553 1675 4607 mulierem
1707 4553 2000 4623 attigisset.

558 4641 883 4696 Mnrzuflum
921 4643 1024 4697 hoc
1061 4645 1374 4714 imperante
1399 4645 1624 4699 Alexius
1653 4645 1845 4700 Isaacii
1880 4648 2073 4715 frater,

483 4750 648 4804 quem
693 4734 1174 4805 Constantinopoli
1228 4737 1424 4790 relicto
1484 4737 1718 4806 imperio
1770 4739 2077 4808 profugisse

479 4828 730 4882 diximus
755 4867 769 4892 ,
803 4826 930 4882 dolo
965 4828 1431 4898 comprehensum
1466 4827 1773 4885 luminibus
1806 4831 2024 4886 orbavit
2058 4847 2072 4882 :

481 4935 667 4990 neque
697 4918 868 4974 multo
903 4928 1026 4989 post
1055 4919 1484 4975 cxcmeationem
1516 4919 1661 4975 idem
1695 4919 1992 4975 Murzuflus
2018 4921 2075 4976 in

482 5011 812 5069 Latinorum
855 5029 1052 5068 manus
1098 5011 1348 5077 delatus,
1387 5011 1707 5084 Byzantium
1767 5015 2074 5079 reducitur,

476 5115 546 5158 εει
595 5103 668 5158 ob
723 5104 1546 5176 dominumimperatoremque
1601 5120 1764 5159 suum
1819 5107 2072 5161 Alexium

487 5196 684 5253 Jsaacii
711 5197 882 5250 filiuni
912 5197 1113 5268 laqueo
1145 5198 1571 5269 strangulatum,
1603 5197 1944 5268 iujudicium
1981 5216 2078 5254 vo-

485 5295 667 5353 catus,
695 5287 890 5358 capitis
929 5287 1246 5351 damnatur,
1285 5301 1540 5355 novoque
1579 5287 1837 5356 supplicii
1878 5303 2079 5357 genere

485 5381 748 5436 afficitur.
786 5381 924 5436 Nam
952 5381 1006 5434 iu
1040 5381 1366 5435 altissimam
1401 5379 1715 5433 columnam
1750 5380 2078 5450 perductus,

489 5473 622 5528 inde
655 5475 1037 5544 praecipitatur
1070 5489 1085 5527 :
1121 5481 1175 5527 et
1205 5472 1530 5546 aliquandiu
1563 5473 1618 5527 in
1647 5475 1818 5543 pedes
1855 5472 2086 5528 descen-

490 5567 654 5630 dens.
690 5569 889 5623 deinde
923 5568 976 5621 in
1014 5576 1178 5637 caput
1214 5569 1516 5622 subversus
1540 5608 1554 5633 ,
1585 5580 1642 5624 et
1679 5569 1828 5624 bumi
1870 5567 2082 5633 aliisus,

492 5659 887 5712 miserabiliter
919 5657 1148 5711 interiit.

2239 1978 2502 2033 Herricns
2534 1974 2768 2047 imperio
2793 1972 3027 2042 potitus,
3056 1987 3180 2026 cum
3212 1988 3279 2026 ex
3326 1973 3442 2026 suis
3466 1969 3749 2025 Orestiade

2174 2071 2404 2136 relictis,
2448 2068 2774 2140 Scytharum
2801 2075 2862 2121 et
2887 2066 3219 2120 Vim-horum
3263 2066 3538 2120 ekercitus
3567 2065 3750 2118 denuo

2171 2163 2360 2232 egredi
2389 2161 2634 2216 audisset
2660 2176 2676 2212 :
2700 2175 2811 2214 non
2839 2157 3082 2212 hostium
3113 2157 3466 2212 multitudine
3499 2157 3746 2223 territus,

2171 2273 2276 2312 nec
2327 2255 2680 2326 superiorum
2730 2251 3002 2306 bellorum
3057 2250 3308 2305 cladibus
3342 2259 3748 2315 consternatus,

2170 2348 2326 2402 exire
2373 2359 2487 2399 non
2543 2342 2838 2406 dubitavit,
2880 2348 2942 2394 ut
2990 2349 3046 2392 et
3094 2354 3227 2393 suos
3265 2347 3638 2399 conservaret,
3695 2349 3748 2391 et

2169 2439 2488 2494 Crzccorum
2521 2435 2750 2503 reliquis
2779 2431 3122 2487 subveniret.
3145 2431 3312 2500 Igitur
3337 2430 3747 2500 Adrianepolin

2171 2531 2469 2602 profectus,
2502 2542 2629 2582 cum
2660 2525 2895 2580 Vlacbos
2929 2523 3257 2581 Latinorum
3294 2532 3588 2592 conspectu
3613 2567 3628 2590 ,
3655 2539 3754 2576 au-

2170 2624 2380 2678 daciam
2433 2622 2691 2676 usitatam
2744 2629 2802 2676 et
2847 2619 2926 2674 rei
2978 2619 3232 2672 militaris
3285 2618 3541 2689 habitum
3585 2616 3750 2670 etiam

2170 2725 2293 2785 post
2323 2715 2446 2768 illas
2477 2725 2689 2784 strages
2717 2714 3098 2776 retinentium,
3129 2712 3352 2766 territos
3380 2711 3635 2764 vidisset:
3663 2724 3753 2761 us.

2169 2823 2276 2878 que
2340 2807 2409 2860 ad
2478 2806 2718 2860 Crenum
2764 2815 2820 2860 et
2859 2805 3088 2860 Boream
3137 2819 3232 2858 eos
3278 2813 3362 2858 est
3415 2809 3751 2871 persecutus.

2169 2899 2302 2952 inde
2345 2913 2443 2967 per
2470 2897 2856 2966 Agatbopolim
2885 2938 2900 2962 ,
2940 2894 3264 2951 Anchialum
3300 2908 3473 2963 usque
3510 2905 3757 2960 progres-

2169 3005 2282 3055 sus,
2329 2989 2518 3059 ibique
2547 2991 2744 3043 castris
2796 2988 3012 3058 positis,
3066 2997 3121 3042 et
3152 2987 3340 3040 multis
3371 2985 3533 3040 rebus
3553 2983 3751 3054 gestis,

2169 3083 2316 3137 unde
2350 3083 2635 3151 pecunias,
2667 3080 2828 3152 343
2859 3081 3132 3141 homines,
3180 3078 3453 3149 pecudum
3483 3091 3669 3146 greges
3697 3086 3755 3130 ct

2169 3183 2419 3228 armenta
2451 3175 2616 3243 cepit,
2647 3174 2832 3226 salvus
2864 3170 3398 3240 Constantinopolim
3429 3169 3612 3222 rediit.

2247 3266 2471 3320 interea
2503 3281 2659 3331 vero,
2692 3264 2824 3318 dum
2856 3263 3335 3331 ConstantinOpOli
3381 3268 3614 3331 regnant
3647 3259 3752 3313 La-

2177 3359 2304 3424 tini,
2339 3358 2666 3412 Theodorus
2698 3357 2972 3422 Lascaris,
3007 3356 3182 3410 Alexii
3215 3354 3480 3408 Comneni
3514 3355 3755 3422 impeta-

2177 3452 2318 3506 toris
2358 3466 2548 3520 gener,
2584 3451 2637 3504 iu
2662 3450 2790 3504 Asia
2823 3450 2927 3505 sibi
2977 3458 3205 3518 usurpat
3236 3449 3549 3518 imperium,
3588 3462 3750 3516 quam

2173 3558 2450 3613 occupare
2479 3541 2661 3596 Latini
2695 3550 2922 3612 propter
2943 3540 3275 3595 Vlacborum
3316 3540 3460 3594 bella
3509 3553 3616 3593 non
3653 3552 3755 3606 po-

2175 3643 2372 3690 terant.
2435 3635 2572 3690 Cum
2629 3642 2814 3689 autem
2874 3632 3097 3687 Alexius
3143 3631 3428 3686 Theodori
3480 3645 3638 3685 socer
3688 3643 3755 3682 ex

2175 3729 2398 3796 Europa
2441 3729 2494 3780 in
2530 3725 3101 3794 Asiamprofngisset,
3131 3724 3196 3778 ad
3221 3723 3554 3779 Jatbatinem
3587 3723 3755 3775 sulta-

2173 3834 2329 3882 num,
2362 3817 2581 3870 A-ttaliaa
2605 3817 2914 3885 principem
2945 3830 3065 3870 sese
3095 3815 3350 3879 contulit,
3395 3823 3454 3867 ut
3503 3814 3621 3883 ejus
3651 3826 3756 3880 ope

2175 3923 2378 3979 genere
2417 3909 2618 3977 pulso,
2673 3923 2860 3961 rerum
2917 3907 3033 3976 ipse
3079 3907 3369 3977 potiretur.
3430 3903 3536 3959 Sed
3568 3903 3756 3958 irritus

2178 3998 2270 4052 bic
2303 4005 2534 4051 con-atus
2561 3997 2692 4062 fuit,
2721 3995 3000 4051 Jatbatine
3037 4011 3204 4057 manu
3239 3995 3513 4049 Theodori
3544 3995 3760 4047 fortiter

2174 4091 2482 4161 praeliantis
2531 4090 2886 4160 interempto.
2957 4088 3100 4144 Cum
3147 4089 3306 4143 annis
3338 4089 3404 4144 l8
3437 4088 3758 4142 Theodorus

2175 4181 2528 4252 imperasset,
2585 4191 2796 4236 naturae
2855 4180 3106 4235 debitum
3171 4179 3476 4249 persolvit:
3552 4179 3758 4234 Joanne

2175 4277 2344 4338 Duca,
2379 4276 2472 4344 qui
2518 4275 2684 4328 ﬁliam
2713 4278 2834 4346 ejus
2870 4276 3064 4328 lrencn
3115 4273 3172 4327 in
3209 4271 3560 4327 matrimonio
3588 4270 3756 4325 habeo

2176 4366 2287 4430 bat,
2325 4381 2650 4421 successore
2680 4365 2988 4435 designato.

2246 4459 2486 4514 llenrico
2515 4467 2698 4512 autem
2731 4458 3062 4527 imperatore
3097 4454 3759 4524 mortuoﬂiobertnsim-
3793 4470 3797 4475 ·

2105 4550 2336 4624 Dpcrio
2368 4552 2584 4623 potitus
2637 4561 2743 4617 est,
2780 4551 2900 4622 ejus
2941 4566 3009 4604 ex
3063 4551 3273 4605 lolauta
3319 4565 3514 4605 sorore
3557 4561 3758 4616 nepos:

2181 4645 2276 4716 qui
2303 4646 2508 4700 frustra
2533 4645 2802 4699 Joannem
2835 4646 3196 4713 oppugnavit,
3229 4644 3473 4713 trajectis
3501 4640 3760 4695 in-Asiam

2182 4736 2358 4806 copiis
2385 4735 2682 4790 Lascarum
2717 4735 2953 4789 duorum
2989 4749 3178 4796 causa,
3211 4733 3305 4803 qui
3341 4748 3400 4787 se
3425 4732 3624 4787 Joanni
3661 4746 3761 4801 pu-

2191 4832 2384 4884 tabant
2434 4829 2660 4883 omnino
2708 4826 3084 4898 prmfcrcndos
3130 4840 3274 4880 esse.
3336 4826 3603 4880 Paulatim
3637 4840 3764 4879 vero

2185 4919 2436 4990 potentia
2461 4917 2694 4972 Joannis
2735 4917 2932 4980 crevit,
2973 4916 3026 4968 in
3065 4916 3340 4984 Europam
3367 4915 3766 4983 Tbraciamque

2185 5013 2429 5067 ltobcrlo
2471 5021 2757 5081 parentem
2818 5010 3180 5078 trajicientis:
3247 5010 3389 5062 unde
3437 5008 3663 5073 factum,
3711 5014 3780 5072 ut

2182 5120 2214 5160 e
2244 5104 2498 5174 Bulgaria
2530 5103 2692 5173 legati
2725 5101 2792 5156 ad
2835 5116 2964 5156 eum
3019 5102 3396 5162 mitterentur,
3450 5108 3562 5152 tam
3622 5096 3770 5166 pacis

2185 5195 2506 5266 expetenda:
2535 5210 2726 5261 causa,
2763 5209 2929 5261 quam
2965 5202 3024 5247 ut
3060 5190 3417 5262 imperatoris
3451 5189 3566 5243 filio
3593 5188 3770 5243 Tbeo-

2186 5291 2346 5352 doro,
2379 5289 2595 5344 llelcuze
2650 5289 2851 5342 Asanis
2895 5286 3158 5358 junioris,
3216 5285 3574 5352 Bulgarorum
3626 5281 3772 5351 prino

2189 5383 2351 5452 cipis,
2382 5383 2506 5436 filiae
2536 5383 2762 5452 nuptias
2794 5381 3084 5434 offerrent.
3143 5378 3220 5431 Ea
3248 5377 3450 5443 legatio
3479 5383 3592 5428 rata
3649 5373 3771 5435 fuit,

2190 5485 2246 5529 et
2276 5475 2556 5545 congressi
2585 5476 2728 5528 circa
2757 5473 3162 5527 Chersonesum
3195 5472 3498 5540 imperator
3528 5475 3585 5521 ct
3609 5465 3774 5523 Asan,

2201 5567 2461 5620 llvlcnam
2504 5565 2700 5619 Asanis
2737 5564 2902 5618 filiam
2941 5563 3131 5618 decem
3163 5575 3338 5616 annos
3371 5569 3574 5624 natam,
3609 5556 3776 5623 impe-

2198 5658 2399 5711 ratoris
2431 5657 2542 5710 filio
2573 5657 2848 5726 impubcri
2882 5655 3085 5723 adbuc,
3119 5653 3412 5710 Theodoro
3443 5651 3660 5709 Lascari
3687 5649 3777 5717 ju-

569 5842 644 5912 (ι)
674 5841 729 5895 id
761 5852 843 5895 est
876 5842 1166 5897 Blcscnsis.
1219 5842 1354 5898 Vide
1400 5845 1696 5915 Gregoram
1731 5861 1782 5916 p.
1819 5845 1882 5901 li
1911 5885 1924 5911 ,
1954 5859 2078 5899 cum
2125 5844 2201 5897 Dn
2238 5844 2425 5912 Cangii
2462 5854 2608 5896 nota.
2641 5843 2796 5896 an.
