4070 6422
509 417 614 485 639

1563 413 1990 478 MICHAELIS
2034 412 2292 474 GLYC/E
2334 410 2735 474 ANNALIUM

3679 406 3773 469 6M

512 532 640 601 equi
685 528 853 583 veluti
911 528 1147 584 vinculis
1194 525 1466 597 impediti,
1504 524 1808 581 madefacta
1844 535 1992 581 terra
2029 523 2096 579 ad
2128 534 2173 591 Α
2204 524 2369 589 filius,
2403 524 2497 593 qni
2532 504 2727 593 legatis
2761 519 2828 574 ad
2876 519 3195 573 Amuratem
3247 516 3467 582 missis,
3504 531 3682 586 pacem
3715 529 3773 571 ac

514 637 762 691 gressum
790 619 1148 676 audaciorem
1180 617 1511 675 subsidente
1535 656 1550 683 ,
1584 617 1787 687 partim
1825 630 1936 671 una
1974 630 2098 670 cum

459 740 467 747 -
513 715 795 783 equitibus
844 715 898 768 in
948 714 1068 768 luto
1098 713 1462 777 volutantur,
1511 712 1710 781 partim
1745 710 1812 774 iis
1853 707 2102 763 excussis

517 814 724 859 temere
758 794 810 857 in
846 819 1040 872 campo
1075 804 1354 865 feruntur,
1389 802 1591 872 partim
1622 800 1853 869 pedibus
1888 797 2103 854 demer-

515 895 591 949 sis
615 895 808 950 ordine
842 896 1117 950 astabant.
1145 893 1367 959 Quibus
1390 886 1559 947 rebus
1576 891 1810 946 animati
1832 888 2099 954 Catelani,

517 988 641 1042 telis
672 987 859 1041 hostes
893 987 1304 1042 circumventos
1352 978 1740 1041 internecione
1789 982 1995 1046 delent,
2046 988 2104 1035 et

516 1095 646 1132 cum
677 1079 927 1148 equitatu
960 1078 1233 1149 fugientes
1264 1077 1485 1132 Thebas
1532 1090 1598 1130 ac
1638 1074 1881 1130 Athenas
1919 1086 2096 1143 usque

523 1170 822 1235 persecuti,
860 1170 1032 1223 urbes
1084 1170 1233 1239 ipsas
1270 1183 1395 1223 cum
1427 1168 1626 1238 opibus
1655 1209 1669 1233 ,
1713 1165 1984 1221 uxoribus
2048 1170 2105 1219 et

518 1258 710 1311 liberis
750 1260 997 1313 hostium
1031 1274 1094 1313 ex
1128 1259 1433 1329 improviso
1462 1259 1712 1327 capiunt.

592 1346 875 1400 Caeterum
912 1358 1132 1401 mortuo
1159 1349 1271 1401 filio
1303 1347 1591 1411 Michaelo,
1623 1344 1975 1400 Andronicus
2002 1357 2103 1398 ne-

520 1449 706 1506 potem
744 1454 810 1492 ex
842 1455 909 1494 eo
939 1454 1099 1494 suum
1125 1479 1139 1504 ,
1175 1440 1554 1495 Andronicum
1586 1439 1866 1509 juniorem
1891 1477 1907 1502 ,
1938 1438 2103 1508 longe

522 1529 629 1582 sibi
671 1530 1079 1597 citatissimum,
1110 1532 1503 1600 imperatorem
1528 1530 1858 1601 designavit.
1892 1527 1944 1584 ls
1973 1543 2105 1584 vero

522 1620 841 1675 dominandi
892 1622 1121 1677 libidine
1156 1623 1377 1685 ductus,
1437 1637 1599 1677 avum
1648 1623 1812 1691 longo
1854 1628 2106 1689 tempore

522 1713 688 1768 variis
715 1715 975 1789 aerumnis
1005 1730 1268 1770 exercere
1300 1730 1411 1769 non
1444 1714 1644 1780 desiit,
1676 1714 1855 1769 donec
1884 1713 1936 1768 ei
1973 1722 2103 1766 tan-

525 1805 647 1858 dem
681 1805 968 1874 imperium
999 1814 1379 1876 extorqueret.
1433 1804 1555 1872 Quo
1599 1804 1769 1871 facto,
1825 1803 2109 1860 custodie-

430 1948 439 1957 _
525 1898 686 1951 batur
722 1900 777 1953 in
816 1897 1020 1967 palatio
1049 1899 1235 1952 senior
1265 1897 1638 1962 Andronicus,
1671 1911 1895 1967 praeque
1947 1897 2105 1952 senio
2137 1875 2181 1933 Β

520 1987 915 2055 perpetuisque
967 1984 1241 2041 molestiis
1296 1995 1351 2057 et
1395 1986 1650 2057 lacrymi’s
1702 1988 1903 2041 amisso
1959 1986 2105 2051 visu,

525 2060 894 2143 quorumdam
925 2076 1234 2130 aulicorum
1268 2077 1597 2150 intemperia
1627 2088 1971 2149 postremum
2005 2078 2109 2132 ha-

523 2164 642 2219 bitu
664 2167 972 2221 monastico
1003 2166 1274 2232 induitur,
1312 2177 1634 2247 mutatoque
1666 2164 1921 2233 nomine,
1954 2167 2110 2222 dein-

524 2273 664 2326 ceps
725 2259 949 2312 Antonii
1007 2258 1430 2329 appellationem
1474 2260 1694 2329 accipit.
1749 2257 2110 2328 Posteaquam

526 2347 596 2401 ad
646 2362 707 2402 se
744 2347 1121 2403 transtulisset
1171 2347 1462 2419 imperium
1498 2349 1851 2404 Andronicus
1898 2348 2111 2419 junior,

526 2439 829 2504 intellecto,
880 2437 1117 2494 Nicaeam
1146 2440 1215 2493 ab
1259 2439 1513 2496 Orcbane
1567 2441 1771 2508 Turco,
1834 2438 2113 2512 Bithyniae

528 2528 809 2600 principe,
846 2528 1116 2595 obsideri,
1168 2528 1415 2599 trajectis
1448 2531 1503 2584 in
1538 2529 1724 2585 Asiam
1765 2531 1961 2601 copiis,
2016 2531 2116 2586 ho-

527 2630 670 2676 stem
717 2620 965 2686 adortus,
996 2620 1195 2691 insigni
1238 2621 1395 2677 clade
1436 2623 1688 2687 afﬁcitur,
1724 2624 1962 2677 maxima
1986 2638 2116 2678 suo-

527 2728 650 2767 rum
700 2720 855 2781 parte
901 2713 1124 2768 amissa.
1208 2712 1415 2770 Eodem
1439 2714 1755 2770 Andronico
1782 2715 2116 2785 imperante,

529 2797 847 2853 Serviorutn
877 2815 1099 2870 quoque
1133 2802 1284 2857 natio
1330 2801 1550 2859 Cralem
1593 2804 1723 2874 (hoc
1771 2812 1877 2871 est,
1909 2804 2115 2876 regem)

528 2904 713 2953 suum,
743 2890 838 2959 qui
874 2890 1182 2946 diutissime
1215 2899 1489 2960 regnarat,
1537 2892 1607 2946 ab
1638 2892 2118 2949 administratione

530 2990 795 3035 removet.
852 2982 1064 3037 Deinde
1099 2982 1213 3035 tilio
1244 2974 1385 3051 patri
1436 2982 1766 3048 substituto,
1823 2998 2015 3039 senem
2060 2985 2117 3038 in

529 3088 751 3129 carcere
786 3074 1056 3140 suﬁ‘ocat;
1106 3074 1283 3130 invito
1327 3074 1578 3131 fortassis
1618 3074 1735 3143 illo,
1788 3074 1885 3131 sed
1934 3085 2119 3131 tamen

531 3165 868 3221 connivente
893 3180 959 3220 ac
990 3176 1228 3222 tacente.

605 3257 805 3312 Senior
826 3267 1008 3312 autem
1035 3258 1409 3324 Andronicus,
1447 3275 1591 3316 anno
1639 3260 1819 3316 aetatis
1845 3261 1939 3329 74,
1970 3277 2120 3318 mor‘

533 3356 662 3402 tuus
698 3357 785 3404 est
805 3390 819 3414 ,
845 3349 940 3418 qui
964 3348 1036 3403 ab
1066 3349 1224 3404 initio
1248 3349 1465 3421 imperii
1493 3352 1611 3423 ejus
1635 3353 2121 3424 quinquagesimus

531 3447 672 3494 erat.
719 3439 921 3495 Junior
949 3456 1125 3495 annos
1152 3442 1221 3496 45
1256 3442 1488 3499 vivendo
1521 3458 1632 3499 non
1656 3444 1921 3514 explevit,
1971 3459 2121 3500 mor-

536 3537 667 3584 tuus
694 3545 841 3585 anno
887 3540 1010 3600 post
1047 3540 1376 3603 ‘occupatam
1445 3534 2015 3607 Constantinopolim,
2066 3545 2122 3592 et

534 3631 788 3691 ereptum
814 3637 919 3677 avo
945 3614 1237 3695 imperium
1273 3626 1561 3683 vicesimo.
1614 3629 1751 3684 Cum
1783 3638 1967 3685 autem
1999 3646 2120 3685 mo-

535 3722 773 3781 reretur,
809 3714 1034 3784 reliquit
1064 3716 1335 3773 Joannem
1382 3719 1553 3775 lilium
1579 3734 1771 3776 natum
1803 3738 1979 3779 annos
2015 3723 2120 3789 l2;

535 3815 890 3877 tutoremque
910 3808 1211 3889 assignavit
1227 3810 1278 3865 ei
1297 3809 1765 3879 Cantacuzenum,
1781 3816 1959 3869 virum
1986 3830 2124 3884 opu-

535 3895 781 3960 lentum,
815 3907 874 3952 et
908 3913 1102 3968 magna
1137 3900 1387 3969 potentia
1420 3902 1751 3969 subnixum,
1794 3914 1856 3959 ut
1887 3918 2123 3975 puerum

537 3997 835 4055 tutaretur,
873 3998 930 4044 et
956 4001 1180 4046 curaret
1205 3995 1272 4046 ad
1319 4008 1437 4048 eam
1491 4010 1664 4064 usque
1704 4006 1946 4063 aetatem,
2001 4013 2125 4067 quae

538 4094 708 4149 regno
736 4079 1098 4149 gubernando
1128 4082 1328 4139 idonea
1350 4084 1513 4141 foret.
1544 4078 1649 4143 Ubi
1680 4103 1814 4143 vero
1845 4088 2127 4144 Androni-

537 4186 637 4225 cus
663 4173 994 4227 excessisset
1023 4189 1054 4227 e
1078 4174 1241 4243 vivis,
1268 4192 1376 4232 non
1402 4179 1580 4234 multo
1620 4188 1765 4250 post,
1798 4183 2125 4250 urgentibus

538 4274 594 4318 et
642 4266 1051 4333 postulantibus
1100 4267 1331 4335 Graecis,
1362 4270 1782 4329 Cantacuzcnus
1848 4285 1998 4331 tutor
2055 4274 2125 4332 ad

539 4370 767 4425 regnum
819 4358 1051 4415 allectus
1099 4369 1206 4427 est,
1255 4350 1435 4432 puero
1490 4374 1674 4419 tamen
1725 4365 1873 4421 nulla
1923 4367 2125 4439 injuria

537 4447 757 4503 allecto.
815 4447 1065 4520 Cumque
1098 4453 1207 4508 sibi
1247 4453 1466 4510 aliinem
1506 4453 1663 4512 illum
1707 4456 2152 4516 Cantacuzenus-

2202 612 2390 668 feedus
2438 611 2778 680 impetravit,
2842 609 2969 663 data
3015 608 3067 663 ei
3105 609 3215 662 ﬁlia
3250 609 3309 662 in
3364 607 3772 677 matrimonium,

2202 719 2366 774 quam
2394 703 2686 769 excellenti
2725 701 2900 756 forma
2937 699 3225 770 prteditam
3262 698 3524 752 habebat.

2270 794 2546 850 Caeterum
2582 792 2830 849 Joannes
2860 792 3202 861 Palaeologus
3229 789 3531 871 Andronici
3556 789 3775 859 junioris

2198 886 2354 942 illius
2394 886 2488 941 ubi
2522 884 2880 948 adolevisset,
2912 882 3149 952 imperio
3185 893 3550 951 recuperato,
3591 879 3777 934 Canta-

2204 995 2478 1034 cuzenum
2528 976 2761 1046 expulit,
2813 975 3120 1029 monastica
3172 983 3328 1028 veste
3368 973 3570 1037 induit,
3615 980 3778 1049 mnta:

2205 1078 2375 1140 toque
2422 1068 2649 1123 nomine
2698 1065 3019 1121 Matthaeum
3063 1063 3330 1134 appellari
3382 1063 3565 1134 iussit.
3622 1063 3779 1117 Erant

2201 1162 2589 1217 Cantacuzeno
2619 1160 2714 1213 filii
2746 1157 2877 1223 duo,
2915 1172 3151 1227 quorum
3179 1166 3312 1210 natu
3348 1157 3613 1226 majorem
3639 1165 3779 1224 pater
3856 1210 3861 1215 _

2206 1251 2440 1322 imperio
2476 1251 2818 1316 destinabat,
2872 1250 3147 1304 minorem
3182 1247 3504 1303 Manuelum
3531 1246 3778 1301 Mizithm

2205 1345 2322 1400 sive
2352 1343 2563 1413 Spartae
2593 1344 2792 1399 ducem
2853 1343 3006 1397 fecit.
3062 1342 3235 1412 Major
3259 1350 3418 1411 patre
3461 1356 3491 1394 a
3522 1338 3755 1409 guberna

2206 1438 2347 1492 culis
2381 1438 2667 1503 submoto,
2704 1452 2806 1491 ceu
2849 1436 3110 1501 diximus,
3142 1433 3213 1488 ad
3233 1433 3421 1488 Rhodi
3469 1433 3762 1502 principem

2205 1544 2369 1599 quem
2406 1526 2567 1599 3&5
2604 1543 2859 1598 magnum
2913 1526 3239 1597 magistrum
3269 1535 3494 1590 vocant,
3527 1521 3765 1594 profugitt:

2216 1621 2316 1676 ubi
2345 1636 2470 1675 cum
2501 1622 2705 1675 frustra
2735 1636 2793 1675 se
2825 1619 3303 1689 recuperationem
3327 1618 3550 1688 imperii
3570 1608 3771 1686 sperart

2208 1720 2484 1777 cerneret,
2534 1714 2603 1768 ad
2636 1713 2861 1767 fratrem
2903 1712 2959 1766 in
3005 1711 3448 1781 Peloponnesum
3498 1708 3762 1779 prolectus

2206 1809 2476 1880 deinceps
2529 1811 2779 1879 privatus
2808 1807 2965 1865 vixit.
2994 1808 3223 1863 Joannis
3250 1805 3535 1877 Pulmologi
3571 1805 3765 1873 impera

2210 1902 2345 1957 toris
2372 1900 2481 1955 filio
2516 1901 2835 1955 Andronico
2880 1900 3138 1954 Susmani
3183 1899 3298 1954 ﬁlia
3330 1913 3472 1954 uxor
3501 1899 3623 1953 data
3685 1903 3763 1952 est
3848 1962 3849 1965 η

2210 1995 2367 2064 cujus
2392 2007 2642 2049 sororem
2669 1992 2909 2047 habebat
2933 1992 3242 2048 Amurates.
3276 1990 3577 2045 Andronici
3602 1988 3774 2043 fratre'

2210 2094 2373 2139 erant
2428 2082 2765 2149 Demetrius,
2821 2083 3135 2150 Manuelus,
3193 2091 3251 2139 et
3292 2083 3644 2143 Theodorus,
3697 2080 3776 2149 qu‘

2211 2175 2496 2232 Amuratis
2547 2185 2728 2231 castra
2762 2176 3123 2246 sequebatur.
3180 2175 3323 2231 Cum
3357 2184 3541 2230 autem
3577 2175 3632 2228 in
3669 2172 3778 2227 Asia

2213 2285 2312 2339 per
2365 2269 2671 2325 absentiam
2693 2269 2974 2324 Amuratis
3003 2277 3151 2324 mota
3182 2269 3383 2324 fuisset
3405 2267 3620 2331 seditio,
3653 2266 3770 2336 ejus-

2213 2376 2323 2432 que
2375 2362 2797 2431 compescendae
2841 2377 3007 2416 causa
3057 2361 3246 2432 copias
3303 2360 3439 2416 illuc
3477 2352 3779 2430 trajecissct,

2215 2463 2435 2521 sumpto
2463 2468 2651 2508 secum
2679 2452 2890 2508 Joanne
2915 2453 3286 2523 imperatore:
3321 2452 3609 2521 utriusque
3631 2449 3778 2511 filius,

2218 2542 2426 2599 Sauzes
2453 2553 2512 2599 et
2546 2544 2922 2610 Andronicus,
2953 2536 3386 2599 communicatis
3416 2541 3655 2598 consiliis
3685 2537 3777 2593 eri-

2220 2650 2353 2704 pere
2400 2635 2723 2704 parentibus
2771 2636 3069 2707 imperium
3108 2637 3494 2692 decreverunt.
3553 2632 3780 2702 Quapro-

2219 2734 2342 2797 pter
2371 2728 2426 2782 in
2463 2727 2741 2798 Europam
2775 2727 2854 2783 illi
2905 2730 3134 2792 reversi,
3189 2729 3341 2784 filios
3389 2727 3443 2781 in
3473 2731 3779 2795 potestatem

2220 2819 2476 2874 redactos
2517 2829 2884 2887 excaecaruut,
2913 2821 3126 2877 Joanne
3151 2820 3427 2875 fervidum
3452 2830 3657 2873 acetum
3681 2812 3780 2870 suis

2220 2910 2396 2965 oculis
2432 2910 2781 2968 infundente.

2294 3000 2606 3056 Secundum
2652 3003 2767 3056 haec
2805 3003 3027 3058 territus
3060 3004 3303 3059 Joannes
3342 3001 3640 3057 Turcorum
3672 3010 3772 3052 suc-

2222 3094 2492 3159 cessibus,
2527 3094 2856 3149 auxiliorum
2904 3094 3379 3165 impetrandorum
3413 3108 3572 3151 causa
3619 3088 3780 3160 profe-

2223 3184 2401 3240 fectus
2450 3192 2535 3240 est
2573 3186 2867 3241 Venetias:
2896 3185 2989 3240 ubi
3038 3201 3164 3240 cum
3216 3186 3363 3241 nihil
3410 3185 3688 3246 effecisset,
3733 3178 3781 3233 in

2222 3277 2450 3335 Galliam
2503 3288 2559 3334 et
2594 3279 2842 3350 Angliam
2883 3273 3046 3346 abiit,
3089 3295 3184 3351 spe
3210 3280 3407 3336 itidem
3441 3280 3610 3344 irrita,
3653 3271 3784 3345 quod

2222 3372 2451 3426 Carolus
2478 3383 2663 3427 sextus
2693 3387 2789 3426 rex
2820 3373 3152 3429 tumultibus
3177 3388 3410 3428 suorum
3431 3372 3783 3427 distineretur.

2222 3462 2409 3532 itaque
2461 3478 2743 3519 reversum
2792 3465 3051 3521 Venetias
3080 3505 3097 3532 ,
3147 3465 3433 3521 dimittere
3477 3467 3785 3518 mercatores

2229 3556 2417 3613 Veneti
2467 3573 2567 3629 per
2618 3573 2889 3614 summam
2943 3559 3295 3615 insolentiam
3356 3559 3662 3620 noluerunt,
3691 3548 3783 3606 nisi

2225 3648 2514 3718 pecuniam
2556 3649 2822 3704 creditam
2872 3650 3021 3706 ituro
3068 3651 3135 3705 ad
3178 3649 3374 3705 Gallia:
3419 3663 3636 3719 regem,
3688 3653 3781 3695 una

2224 3755 2347 3796 cum
2379 3742 2562 3797 usuris
2584 3742 2939 3798 restituisset.
2970 3742 3084 3797 llac
3104 3743 3173 3798 de
3195 3758 3364 3798 causa
3392 3756 3514 3798 cum
3536 3737 3601 3793 ad
3631 3734 3783 3790 ﬁlium

2224 3832 2620 3898 Andronicum,
2656 3849 2820 3904 quem
2852 3834 3327 3905 Constantinopoli
3377 3851 3474 3906 per
3503 3828 3783 3887 absentiam

2224 3941 2379 3982 suam
2410 3925 2755 3997 praefecerat,
2781 3941 2913 3982 suos
2951 3925 3273 3997 ablegasset,
3314 3942 3419 3983 nec
3459 3925 3527 3981 ab
3557 3938 3621 3979 eo
3644 3916 3784 3989 quid-

2226 4032 2388 4087 quam
2418 4026 2750 4088 extorquere
2793 4026 2979 4089 posset
3015 4034 3029 4072 :
3064 4018 3310 4074 Venetiis
3352 4020 3561 4073 haerere
3593 4009 3784 4070 diutius

2226 4120 2452 4165 coactus
2481 4111 2697 4177 fuisset,
2727 4111 2782 4165 ni
2814 4110 3102 4167 Manuelus
3133 4111 3272 4166 alter
3300 4110 3470 4178 illius,
3511 4108 3601 4178 qui
3631 4104 3787 4161 Thes-

2227 4203 2529 4258 salonicam
2563 4202 3010 4270 administrabat,
3046 4219 3078 4259 e
3113 4219 3210 4259 sua
3244 4205 3572 4274 praefectura
3599 4191 3786 4255 coactis

2226 4296 2491 4362 nummis,
2521 4294 2782 4351 Venetias
2814 4295 2879 4351 ad
2904 4305 3116 4368 patrem
3139 4298 3404 4364 venisset,
3423 4288 3786 4363 eumquelibc-

2229 4397 2425 4444 rasset.
2459 4389 2577 4457 Quo
2604 4387 2826 4459 quidem
2859 4389 2950 4444 ille
2975 4389 3120 4445 facto
3140 4400 3349 4461 patrem
3374 4386 3673 4445 arctissime
3693 4377 3787 4436 sibi

2230 4479 2496 4545 devinxit,
2552 4479 2870 4536 Andronico
2914 4480 3177 4553 deinceps
3219 4483 3540 4554 gravissime
3580 4487 3789 4535 succen-

540 4540 784 4606 fecisset,
816 4549 878 4595 ut
906 4540 1184 4598 imbellem
1208 4549 1557 4617 contemptui
1584 4548 1802 4617 habuit,
1826 4565 1979 4621 spem
2008 4566 2127 4606 om-
2157 4566 2200 4621 ι)
2230 4579 2464 4625 sentem.

538 4644 666 4683 nem
701 4629 757 4684 in
783 4629 989 4687 Graecis
1031 4643 1298 4702 quantutn
1361 4637 1431 4693 ad
1492 4654 1724 4709 regnum
1774 4643 2128 4698 retinendum

540 4721 836 4788 attinebat,
887 4738 1123 4792 ponens.
1199 4727 1474 4799 Deinceps
1518 4740 1726 4801 autem,
1781 4749 1908 4789 cum
1958 4752 2127 4807 regno

539 4813 813 4883 pupillum
842 4816 1158 4885 spoliasset,
1187 4816 1543 4892 Orchanique
1574 4824 1741 4881 filiam
1771 4843 1998 4884 uxorem
2032 4832 2127 4886 de-

542 4904 745 4960 disset:
779 4923 905 4961 eum
937 4917 993 4964 et
1025 4911 1422 4966 amicissimum
1454 4925 1510 4971 et
1553 4917 2049 4977 familiarissimum
2072 4924 2126 4978 in

546 5007 828 5064 posterum
856 5007 1119 5068 expertus
1150 5010 1255 5057 est.
1293 5001 1558 5074 Orchaui,
1594 5010 1691 5079 qui
1719 5010 1792 5065 22
1835 5028 2010 5069 annos
2043 5030 2132 5069 re-

545 5101 830 5159 gnaverat,
892 5092 1240 5150 Suleimanus
1293 5097 1439 5154 filius
1490 5116 1615 5156 cum
1660 5080 1933 5160 “Amurate
1962 5106 2130 5161 fratre

546 5174 848 5238 successit:
903 5201 1142 5256 quorum
1184 5188 1277 5249 ille
1305 5206 1432 5246 mox
1462 5202 1651 5248 contra
1684 5194 2127 5253 Cantacuzenum

545 5287 698 5327 arma
729 5276 923 5331 movit.
979 5277 1183 5334 Verum
1216 5294 1325 5334 non
1359 5282 1534 5337 multo
1566 5295 1693 5353 post
1731 5286 1994 5359 utrinque
2026 5304 2132 5359 pax

546 5365 689 5420 facta
734 5377 841 5432 est,
890 5378 949 5423 et
993 5368 1173 5443 ftedus
1224 5371 1446 5438 initum,
1496 5386 1559 5430 ut
1597 5378 1910 5449 conjunctis
1955 5384 2131 5453 cepiis

547 5457 754 5513 bellum
804 5459 1055 5531 Bulgaris
1087 5462 1411 5519 inferretur.
1463 5465 1617 5532 Quod
1652 5485 1777 5525 cum
1810 5473 2130 5544 aliquandiu

550 5548 900 5606 Suleimanus
948 5553 1227 5622 gessisset,
1280 5560 1393 5611 nec'
1415 5560 1634 5628 oppidis
1660 5564 1829 5618 etiam
1858 5566 2130 5637 Thracim,

549 5658 675 5712 quae
704 5642 1018 5699 Graecorum
1049 5648 1195 5717 juris
1221 5658 1403 5716 erant;
1440 5652 1818 5723 abstinuisset,
1853 5672 2128 5728 mortuus,

551 5733 824 5790 haeredetn
872 5739 1025 5805 regni
1060 5739 1298 5811 bellique
1351 5742 1575 5800 fratrem
1605 5747 1924 5807 Amuratem
1964 5756 2134 5809 relin-

550 5826 691 5897 quit.
748 5827 981 5883 Praeerat
1019 5842 1132 5886 tum
1188 5834 1432 5906 Bulgarts
1478 5839 1785 5921 Susmanus
1829 5846 2131 5921 Alexandri

2302 4662 2595 4717 Amurates
2624 4662 2776 4720 illato
2796 4664 3079 4732 Triballis,
3113 4680 3418 4736 eorumque
3440 4658 3688 4736 principi.
3709 4651 3788 4708 cui

2231 4752 2442 4808 Lazaro
2472 4769 2675 4809 nomen
2712 4765 2853 4821 erat,
2891 4758 3062 4825 bello,
3120 4769 3321 4828 praeter
3344 4752 3788 4828 exspectationem

2214 4842 2335 4896 -hoc
2366 4843 2529 4899 modo
2564 4852 2648 4899 cst
2681 4845 3072 4916 interemptus.
3108 4846 3339 4902 Stabant
3363 4846 3631 4912 utrimque
3659 4836 3789 4892 acies

2232 4934 2288 4988 in
2318 4936 2869 5007 procinctu,jamjam
2901 4948 3245 4993 consertum:
3271 4954 3486 5003 manus,
3512 4948 3632 4991 cum
3653 4928 3791 4984 Milo-

2234 5037 2328 5076 sus
2345 5024 2567 5092 quidam
2587 5024 2980 5090 Cabilovicius,
3006 5027 3197 5082 Lazari
3230 5009 3407 5093 miles,
3434 5043 3492 5080 re
3517 5040 3635 5080 cum
3657 5017 3793 5090 priu-

2174 5176 2179 5181 .
2236 5115 2355 5184 Cipe
2386 5130 2486 5170 suo
2510 5116 2936 5183 communicata,
2964 5110 3118 5174 velut
3155 5120 3436 5190 transfuga
3472 5132 3529 5173 se
3551 5114 3615 5170 ad
3640 5113 3792 5165 Amu-

2235 5214 2410 5260 ratcm
2444 5206 2683 5262 confert.
2725 5209 3014 5265 Admissus
3040 5211 3095 5264 in
3130 5220 3482 5282 conspectum
3504 5199 3787 5263 'Amuratis,

2234 5296 2444 5353 facinus
2468 5298 2629 5370 longe
2647 5302 3080 5372 pulcherrimum
3099 5306 3435 5375 aggreditur.
3460 5303 3673 5358 Nam’eo
3694 5293 3791 5347 for-

2236 5391 2366 5445 titer
2402 5391 2735 5464 interfecto,
2771 5413 2894 5453 cum
2933 5397 3169 5454 evadere
3191 5398 3259 5454 ad
3299 5413 3428 5454 suos
3456 5411 3559 5452 non
3591 5393 3788 5463 posset.

2236 5483 2486 5541 animose
2524 5503 2775 5558 pugnans
2818 5480 3107 5545 occubuit.
3158 5490 3237 5545 lta
3292 5492 3454 5562 periit
3499 5488 3785 5543 Atnurates,

2236 5592 2361 5631 cum
2394 5570 2569 5635 annos
2598 5581 2663 5636 57
2694 5598 2861 5652 regno
2886 5583 3215 5653 praefuisset,
3249 5598 3314 5638 ac
3352 5583 3491 5639 bella
3518 5579 3583 5635 57
3611 5587 3706 5631 tam
3734 5569 3784 5622 in

2234 5668 2389 5736 Asia,
2414 5686 2577 5739 quatn
2600 5671 2841 5743 Europa,
2867 5675 3187 5732 felicissime
3216 5678 3490 5747 gessisset.
3521 5671 3788 5727 Successo‘

2238 5777 2349 5815 rem
2386 5764 2693 5834 Bajazctutn
2730 5767 2903 5822 filium
2939 5768 3153 5824 habuit.

2305 5854 2386 5909 Ad
2419 5871 2542 5937 cum
2570 5872 2627 5912 se
2661 5860 2892 5916 contulit
2922 5859 3272 5922 Andronicus
3298 5861 3521 5922 Joannis
3551 5854 3684 5912 [llius
3705 5840 3781 5901 cui
