4070 6418
470 465 579 530 641

1826 465 2369 528 CONTlNUATlO.

3637 458 3739 524 (42

474 577 693 634 fervens
741 583 957 633 acetum
987 577 1044 633 in
1097 579 1289 635 oculos
1339 577 1579 634 infusum
1615 578 1783 635 fuisse
1815 579 2056 634 diximus
2087 593 2132 638 Α
2161 579 2312 648 quod
2340 578 2564 649 quidem
2604 577 2866 648 deinceps
2895 579 3101 634 factum
3137 585 3240 632 est.
3269 573 3410 631 Cum
3443 575 3547 630 hoc
3570 585 3738 645 nupta

472 671 653 741 (irrito
682 678 860 726 tamen
887 679 1108 736 conatu,
1133 687 1258 726 nam
1288 671 1463 727 visum
1489 671 1595 727 hoc
1626 680 1871 742 tempore
1895 686 2052 726 teru-

472 765 804 835 peraverat),
821 780 928 819 una
949 764 1301 820 cum'JOanne
1321 763 1468 818 lilio:
1495 773 1745 832 petentes
1759 762 2048 825 auxilium,

473 870 534 912 ut
605 857 838 926 imperio
899 857 1200 928 Byzantina
1259 857 1552 926 potiretur.
1611 854 1747 909 Cum
1801 853 2049 922 equitum

472 947 617 1002 4000
711 948 1135 1017 impetrassent,
1229 948 1547 1018 Byzantium
1623 947 2051 1000 contenderunt.

471 1041 710 1096 Joannes
744 1041 1244 1109 autemimperator
1289 1025 1344 1094 et
1378 1037 1593 1094 Manuel
1647 1038 1814 1098 ﬁlius,
1858 1037 2051 1091 audito

473 1129 776 1184 Andronici
822 1129 1083 1196 adventu,
1134 1145 1314 1185 arcem
1367 1129 1562 1184 Aureae
1612 1129 1799 1198 (quam
1830 1126 2048 1195 vocant)

473 1219 703 1289 ingressi
750 1221 1025 1275 obsidioni
1073 1221 1368 1276 tolerandae
1401 1212 1468 1276 se
1501 1221 1792 1290 parabant.
1846 1219 2049 1274 Verum

472 1309 821 1365 Andronicus
848 1327 1028 1366 arcem
1067 1313 1417 1382 paetionihus
1444 1313 1501 1366 in
1526 1310 1863 1365 deditionem
1893 1323 2051 1362 acce-

472 1401 573 1471 pit,
613 1411 671 1456 et
713 1404 904 1458 ambos
950 1404 1005 1458 in
1049 1420 1328 1460 carcerem
1385 1405 1557 1460 turris
1599 1405 1842 1476 ligneum
1893 1400 2052 1456 valde

471 1501 684 1547 arctum
711 1496 986 1565 compegit
1022 1514 1035 1550 :
1069 1496 1124 1550 in
1159 1511 1268 1565 quo
1296 1497 1594 1551 triennium
1629 1510 1815 1565 egere,
1847 1496 2052 1548 frustra

474 1596 730 1642 monente
763 1585 1030 1657 Bajazeto,
1073 1599 1132 1642 ut
1162 1588 1627 1644 interficerentur.
1656 1592 1815 1642 Antto
1855 1596 2050 1656 quarto

473 1679 712 1734 carceris
760 1677 1015 1746 praefecm
1068 1687 1489 1748 persuaserunt,
1519 1678 1778 1733 alimenta
1819 1677 2052 1746 captivis

471 1770 828 1836 ministranti,
861 1779 920 1823 ut
944 1769 1149 1824 ferrum
1168 1770 1305 1824 clam
1340 1770 1471 1838 ipsis
1501 1770 1896 1840 suppeditaret.
1931 1768 2051 1835 Quo

437 1861 634 1929 facto,
683 1874 978 1916 evaserunt
1032 1862 1115 1918 ad.
1152 1862 1490 1932 Bajazetum,
1543 1878 1643 1932 pro
1700 1861 2049 1917 restitutione

2157 669 2258 724 fuit
2285 670 2530 740 quaedam
2557 684 2625 724 ex
2641 667 3041 725 Malatestarum
3063 665 3228 740 346
3242 665 3622 722 marchionum
3658 666 3740 720 fa-

2157 761 2332 824 milia,
2369 769 2636 832 praestans
2676 763 2904 816 omnino
2933 761 3110 816 forma
3152 759 3488 831 reliquisque
3515 758 3738 815 dotibus

2157 849 2380 904 mulier.

2227 941 2444 997 Mortuo
2481 943 2842 1011 Machometo,
2873 960 3034 1013 quem
3073 945 3128 998 in
3175 960 3232 1000 se
3262 943 3434 999 Graeci
3480 943 3738 1012 perbeni-

2155 1051 2320 1106 gnum
2347 1037 2654 1090 etamicum
2686 1035 2898 1105 experti
2922 1045 3073 1101 sunt,
3109 1051 3253 1090 anno
3279 1036 3496 1104 imperii
3529 1035 3595 1088 l9.
3624 1036 3736 1104 pri-

2157 1128 2462 1197 tnogenitus
2491 1129 2780 1183 Atnurates
2805 1144 3034 1197 regnum
3064 1128 3358 1183 ancicum
3380 1129 3434 1182 in
3465 1146 3522 1183 se
3557 1136 3735 1182 trans-

2157 1221 2306 1276 tulit.
2339 1219 2452 1274 Hoe
2509 1219 2803 1289 imperium
2833 1235 2991 1275 suum
3023 1220 3328 1292 auspicato,
3358 1221 3531 1275 Graeci
3564 1237 3734 1290 seque

2155 1326 2353 1382 resque
2399 1327 2528 1366 suas
2575 1311 2736 1380 plane
2783 1308 3057 1379 perditum
3100 1310 3336 1365 iverunt.
3371 1310 3737 1365 Arcessebant

2155 1403 2303 1456 enim
2345 1418 2376 1458 e
2409 1402 2619 1458 Lemno
2664 1402 3030 1472 Mustapham,
3065 1402 3157 1471 qui
3201 1401 3436 1470 Bajazeti
3472 1415 3529 1455 se
3559 1398 3734 1453 filium

2153 1494 2832 1564 perhibebat,'quanquam
2857 1493 3252 1559 Macltometus,
3275 1491 3436 1560 paulo
3459 1500 3585 1546 ante
3609 1491 3734 1561 (ceu

2153 1586 2362 1641 dictum
2391 1585 2496 1655 est)
2522 1595 2791 1650 mortuus,
2815 1584 3227 1657 supposititium
3249 1599 3370 1639 esse
3399 1583 3649 1647 dixisset,
3679 1588 3737 1636 et

2153 1678 2224 1733 ab
2250 1677 2455 1734 Graecis
2488 1679 2857 1749 impetrasset,
2891 1687 2951 1732 ut
2980 1693 3203 1732 carcere
3231 1677 3452 1732 clausus
3485 1689 3734 1730 asserva-

2153 1779 2330 1826 retur.
2362 1771 2499 1826 Cum
2535 1781 2716 1826 autem
2762 1787 2874 1841 prae
2912 1783 3204 1828 ventorum
3231 1760 3580 1825 vehementia
3615 1769 3733 1824 Mu-

2155 1865 2379 1934 staphas
2407 1880 2438 1920 e
2461 1865 2667 1920 Lemno
2697 1865 2752 1919 in
2789 1865 3200 1935 Hellespontum
3231 1863 3594 1933 transportari
3620 1878 3732 1917 non

475 1951 740 2006 tributum
781 1952 1080 2007 maximum
1114 1953 1457 2023 pollicentes.
1497 1953 1808 2023 Eatploratis
1841 1953 2048 2024 Byzan-
2085 1941 2127 1996 Β
2154 1964 2366 2024 posset,
2402 1971 2466 2011 ac
2496 1956 2550 2009 in
2585 1955 2802 2024 Europa
2855 1969 2947 2009 rex
2982 1953 3256 2019 constitui,
3295 1952 3614 2030 triremibus
3646 1951 3733 2004 in-.

471 2041 676 2095 tiorum
739 2043 958 2106 animis,
1013 2043 1228 2098 Mattuel
1273 2043 1356 2098 eis
1391 2043 1690 2113 imperator
1738 2042 1901 2099 datus
1968 2052 2051 2098 est

467 2131 796 2186 auctoritate
839 2131 1100 2202 Bajazeti,
1125 2134 1220 2204 qui
1249 2133 1469 2202 triginta
1501 2133 1668 2190 millia
1693 2150 2046 2189 nutnmorum

467 2235 761 2276 aureorum
809 2221 1051 2294 singulos
1082 2225 1137 2276 in
1176 2238 1352 2278 annos
1386 2224 1569 2279 Turco
1606 2225 1891 2294 penderet,
1941 2229 2050 2280 An-

469 2311 697 2368 dronico
724 2323 779 2369 ct
803 2315 1012 2370 Joanne
1032 2315 1144 2372 tilio
1173 2316 1227 2370 in
1246 2317 1423 2371 aulam
1457 2317 1696 2388 Bajazeti
1717 2318 2043 2392 deportatis,

469 2405 561 2458 ubi
588 2406 794 2460 victum
822 2407 1110 2462 haberent.
1135 2407 1444 2480 Adjuvante
1461 2409 1734 2477 Manuale,
1761 2409 2048 2481 Bajazetus

469 2495 850 2567 Philadelphia
890 2497 1072 2569 Lydiae
1114 2501 1324 2555 munita
1356 2501 1513 2567 urbe,
1561 2517 1685 2573 quae
1725 2502 1840 2558 sola
1873 2502 2046 2558 Graeci

468 2587 646 2641 adhuc
672 2587 813 2658 juris
837 2589 1029 2644 eratin
1061 2587 1212 2654 Asia,
1247 2591 1455 2662 potitus
1483 2599 1588 2646 est.

539 2677 677 2735 Cum
735 2689 919 2735 autem
974 2683 1246 2752 promissa
1335 2681 1590 2754 Bajazelo
1668 2683 1884 2738 Manuel
1937 2695 2045 2739 non

472 2779 776 2840 praestaret,
805 2786 870 2827 ac
919 2772 973 2827 in
1007 2773 1187 2828 aulam
1238 2773 1403 2829 Turci
1444 2775 1636 2831 venire
1682 2775 2042 2841 detrectaret,

472 2862 727 2918 inchoata
771 2873 853 2919 est
890 2864 1106 2919 obsidio
1134 2865 1672 2938 Constantinopolis,
1701 2883 1823 2938 qua:
1868 2875 2043 2923 totum

472 2955 797 3010 decennium
823 2955 1062 3021 duravit,
1085 2967 1142 3013 et
1167 2957 1302 3013 urbs
1318 2957 1542 3014 omnino
1569 2967 1728 3030 capta
1752 2958 1966 3025 fuisset,
1986 2960 2044 3015 ni

469 3041 856 3104 Tamberlanes
886 3048 1112 3120 Scytha,
1133 3050 1278 3106 bello
1303 3051 1500 3106 Turcis
1526 3051 1696 3117 illato,
1729 3050 2042 3122 Bajazetum

468 3138 645 3208 ipsum
680 3140 934 3210 cepisset.
983 3139 1096 3196 Hac
1161 3141 1451 3197 obsidione
1502 3142 1760 3209 durante,
1823 3141 2041 3198 Manuel

469 3231 602 3285 urbe
618 3231 813 3287 Joanni
836 3233 1135 3289 Andronici
1163 3234 1275 3290 lilio
1301 3238 1614 3301 commissa,
1636 3236 1773 3306 quia
1793 3235 2043 3307 Bajazeto

472 3322 538 3374 ad
581 3322 756 3392 ipsum
810 3325 1104 3394 defecerat,
1150 3327 1476 3382 auxiliorum
1525 3342 1688 3382 causa
1733 3329 1788 3383 in
1831 3328 2040 3383 Italiam

463 3415 529 3468 ad
573 3415 809 3472 Venetos
834 3427 886 3472 et
918 3417 1207 3473 Mediolani
1239 3419 1432 3473 ducem
1459 3422 1736 3487 profectus
1766 3427 1873 3474 est.
1907 3419 2041 3475 Inde

460 3504 687 3560 Galliam
723 3509 1020 3579 ingressus,
1057 3525 1236 3579 regem
1269 3510 1545 3565 Gallorum
1581 3510 1836 3566 Carolum
1872 3513 2039 3580 phre-

461 3599 577 3653 nesi
625 3599 964 3654 laborantem
1016 3601 1268 3666 oﬂ'endit,
1310 3616 1414 3655 nec
1460 3603 1638 3671 potuit
1686 3617 1716 3655 a
1762 3617 2038 3671 quoquam

458 3690 648 3745 Galliae
699 3691 897 3744 ducum
936 3707 999 3747 ea
1040 3693 1355 3762 impetrare,
1393 3708 1630 3763 quorum
1674 3708 1837 3748 causa
1877 3709 2040 3750 vene-

462 3790 568 3835 rat.
594 3781 937 3851 Quapropter
967 3785 1040 3837 ita
1077 3785 1494 3840 consulentibus
1523 3786 1903 3855 Optimatibus,
1944 3786 2040 3855 qui

463 3873 575 3926 illic
625 3885 800 3938 erant,
848 3886 956 3930 tam
1012 3876 1106 3931 diu
1146 3877 1579 3946 exspectandum
1623 3873 1837 3942 statuit,
1863 3876 2040 3932 donec

460 3980 553 4019 rex
587 3967 1016 4021 convalesceret.
1050 3967 1187 4022 Cum
1224 3976 1406 4021 autem
1457 3967 1683 4022 morbus
1729 3968 1782 4022 in
1804 3969 2066 4038 longum,

455 4055 902 4126 protraheretur,
963 4073 1186 4113 manere
1232 4057 1439 4114 diutius
1492 4074 1603 4114 non
1660 4060 1763 4115 fuit
1793 4075 1957 4116 ausus
2021 4077 2036 4112 :

457 4149 691 4219 ideoque
743 4149 974 4204 transita
1021 4149 1312 4206 Gertnania
1361 4151 1773 4222 Pannoniaque,
1811 4152 2036 4207 domum

464 4238 650 4293 rediit.

534 4332 747 4386 Mortuo
785 4332 1074 4403 Bajazeto,
1126 4349 1250 4388 cum
1311 4333 1689 4390 Machometus
1722 4334 1869 4391 filius
1917 4346 2038 4406 post

461 4427 660 4478 fratres
716 4424 783 4478 ad
843 4426 1134 4494 imperium
1196 4427 1556 4494 pervenisset,
1605 4435 2036 4497 perpetuamque

458 4531 583 4569 cum
653 4515 857 4570 Graecis
907 4532 1095 4586 pacem
1165 4517 1416 4582 fecisset,
1465 4518 1676 4572 Manuel
1742 4519 2036 4589 imperator

2153 2046 2516 2116 tercipiebant
2550 2046 2829 2101 Amuratis
2849 2045 2904 2099 in
2939 2045 3214 2114 Europam
3243 2031 3531 2114 trajectum
3594 2043 3731 2097 Pro-

2153 2136 2381 2205 pontide
2438 2151 2501 2192 ac
2559 2137 2913 2207 Hellesponto
2957 2137 3295 2192 interclusis.
3344 2135 3570 2190 Interim
3623 2134 3730 2204 ipsi

2149 2227 2499 2296 Calliupolim
2525 2229 2802 2297 navigant,
2821 2227 3150 2282 Chersonesi
3177 2228 3368 2281 urbem
3388 2227 3728 2296 opulentam,

2153 2327 2214 2372 ut
2249 2317 2324 2372 ibi
2357 2333 2483 2372 cum
2515 2316 2843 2372 adveniente
2869 2316 3153 2386 Mustapha
3186 2316 3241 2370 in
3270 2315 3601 2384 colloquium
3637 2329 3732 2369 ve-

2151 2409 2353 2476 nirent,
2377 2423 2540 2477 quem
2566 2408 2658 2462 ubi
2685 2423 2866 2477 regem
2890 2405 3121 2478 Europae
3145 2407 3426 2467 fecissent,
3452 2406 3732 2477 petierunt
3759 2391 3766 2396 ’

2151 2508 2213 2552 ιιι
2233 2498 2580 2567 Calliupolim
2605 2499 2710 2552 sibi
2736 2497 3077 2562 restitueret,
3099 2497 3264 2568 idque
3294 2495 3451 2550 facile
3477 2497 3732 2552 obtinue-

2152 2601 2302 2646 runt.
2336 2591 2474 2645 Tum
2510 2605 2641 2646 vero
2673 2589 2842 2644 duces
2873 2589 3179 2654 Amuratis,
3209 2588 3265 2642 in
3297 2589 3519 2658 Europa
3551 2588 3728 2644 relicti

2150 2699 2179 2737 a
2233 2682 2577 2738 Machometo
2610 2676 2785 2751 patre,
2820 2683 3129 2752 Bajazetutn
3171 2697 3342 2736 unum
3391 2697 3460 2736 ex
3493 2682 3730 2752 optima-

2149 2785 2263 2828 tum
2291 2788 2523 2828 numero
2545 2773 2867 2844 Byzantium
2896 2773 2963 2827 ad
2991 2772 3297 2827 Manuelem
3326 2773 3600 2843 ablegant,
3626 2774 3722 2843 qui

2149 2871 2399 2935 rogaret,
2429 2878 2497 2920 ne
2527 2864 2722 2942 initum
2752 2879 2876 2918 cum
2910 2861 3250 2920 Macltometo
3283 2863 3462 2919 foedus
3491 2866 3729 2922 violare-

2153 2965 2264 3023 tur,
2317 2957 2592 3026 simulque
2630 2954 2922 3012 duodecim
2971 2956 3265 3025 pritnatutn
3295 2957 3437 3012 lilios
3475 2958 3724 3026 obsides,

2147 3064 2441 3103 aureorum
2473 3047 2780 3102 ducentena
2807 3047 2999 3112 millia,
3027 3047 3305 3118 regionem
3335 3048 3575 3120 denique
3608 3067 3727 3106 ma-

2147 3143 2350 3194 ximam
2389 3139 2673 3208 Calliupoli
2703 3139 2959 3204 vicinam,
3001 3155 3386 3210 quamcunque
3422 3141 3592 3198 Grzeei
3623 3159 3720 3213 p0-

2149 3236 2467 3298 stulassent,
2513 3233 2755 3299 offerret,
2789 3235 2833 3290 si
2863 3235 3206 3305 Mustapham
3230 3237 3519 3308 Byzantius
3551 3240 3725 3310 impc-

2146 3336 2294 3384 rator
2340 3328 2638 3393 desereret,
2697 3342 2761 3382 ac
2798 3327 3009 3382 neutris
3059 3329 3341 3398 suppetias
3391 3330 3579 3398 ferret,
3628 3332 3724 3387 sed

2143 3421 2293 3491 ipsos
2321 3420 2508 3490 potius
2542 3421 2749 3474 sineret
2788 3418 3000 3476 infestis
3028 3423 3197 3476 armis
3227 3437 3578 3478 concurrere.

2211 3513 2420 3578 Quibus
2450 3511 2759 3578 intellectis,
2785 3511 3021 3568 Joannes
3041 3513 3304 3571 Manuelis
3322 3514 3484 3583 filius,
3509 3518 3727 3588 juvenis

2143 3603 2359 3672 imperii
2403 3605 2636 3672 cupidus
2657 3644 2672 3668 ,
2701 3605 3076 3659 arbitrabatur
3122 3605 3280 3660 initio
3332 3623 3418 3662 res
3451 3625 3579 3664 suas
3605 3627 3724 3665 me-

2141 3694 2248 3748 lius
2282 3695 2580 3758 habituras,
2621 3695 2666 3750 si
2706 3696 3024 3750 inimicitias
3050 3697 3194 3751 inter
3227 3713 3284 3752 se
3324 3698 3400 3753 illi
3430 3714 3720 3770 gererent,

2140 3784 2523 3853 discordiaque
2571 3795 2758 3841 mutua
2807 3803 2896 3842 res
2933 3804 3059 3844 suas
3090 3791 3402 3860 perderent.
3451 3797 3720 3853 Praeterea

2142 3891 2252 3930 non
2287 3893 2479 3947 parum
2508 3878 2610 3933 sibi
2642 3880 3042 3935 conductorum
3074 3885 3322 3954 putabat,
3354 3887 3398 3942 si
3431 3888 3595 3944 ambo
3623 3906 3720 3946 sua

2139 3982 2306 4036 opera
2337 3968 2719 4039 indiguissenl.
2756 3972 2912 4038 Quod
2947 3975 2992 4028 si
3018 3975 3183 4030 etiam
3213 3993 3441 4050 regnum
3477 3981 3620 4038 inter
3659 4001 3719 4040 se

2142 4061 2501 4129 partirentur,
2529 4063 2746 4120 facilius
2765 4076 3056 4138 utrumque
3078 4084 3238 4140 posse
3255 4073 3492 4144 opprimi
3509 4085 3718 4134 statue-

2139 4153 2234 4207 bat
2257 4151 2325 4208 ab
2358 4169 2439 4218 se,
2469 4155 2562 4226 qui
2593 4164 2774 4212 tamen
2807 4161 2990 4216 neutri
3018 4178 3204 4233 reapse
3233 4180 3334 4236 par
3359 4179 3522 4224 esset.
3553 4170 3719 4227 Dein-

2137 4261 2267 4315 ceps
2296 4263 2428 4302 vero
2460 4249 2616 4320 longe
2635 4251 2796 4306 aliam
2826 4264 3046 4310 secutus
3079 4265 3164 4311 est
3191 4262 3542 4328 sententiam,
3573 4274 3716 4319 totus

2137 4335 2435 4405 Mustapha:
2467 4339 2715 4408 partibus
2757 4342 3031 4399 addictus.
3066 4343 3228 4400 Pater
3265 4360 3451 4403 autem
3488 4351 3716 4417 Joannis

2136 4427 2348 4483 Manuel
2403 4429 2702 4498 imperator
2735 4433 3012 4491 diversum
3069 4453 3099 4490 a
3125 4437 3235 4494 filio
3282 4445 3574 4511 sentiebat,
3611 4445 3716 4503 fm-

2136 4520 2327 4575 derum
2384 4523 2702 4594 rel‘gionem
2755 4537 3000 4585 statuens
3043 4531 3351 4590 violandam
3413 4553 3521 4591 non
3569 4555 3710 4596 esse.

457 4607 508 4660 in
546 4607 982 4675 Peloponnesum
1015 4608 1312 4674 profectus,
1347 4599 1615 4663 lsthmum
1650 4626 1806 4664 muro
1837 4610 2030 4675 cinxit,
2063 4611 2112 4677 Ι)
2139 4611 2279 4667 Vicit
2302 4625 2481 4669 tamen
2504 4617 2669 4679 Illius,
2702 4619 3033 4692 decretaque
3070 4635 3200 4680 sunt
3229 4626 3528 4699 Mustapha:
3561 4635 3716 4687 auxi-

455 4706 514 4748 ttt
541 4700 794 4750 uuiVersa
837 4699 986 4766 regio
1038 4709 1149 4751 tuta
1181 4699 1340 4752 foret.
1396 4699 1565 4754 Erant
1609 4697 1842 4766 Manucli
1896 4701 2027 4766 lilii,

451 4787 728 4850 Joannes,
785 4789 1154 4854 Andronicus,
1207 4789 1552 4855 Theodorus,
1598 4765 2028 4857 Constantinus,

457 4875 783 4940 Demetrius,
837 4877 1096 4932 Thomas.
1124 4878 1391 4934 Joannem
1439 4880 1884 4951 primogenitum,
1935 4883 2028 4950 qui

455 4967 681 5035 reliquis
715 4977 976 5036 praestare
1018 4969 1324 5038 videbatur,
1358 4973 1414 5026 in
1444 4971 1762 5027 societatem
1815 4973 2027 5041 imperii

454 5060 696 5116 admisit.
745 5060 934 5116 Eidem
969 5078 1192 5117 uxorem
1220 5079 1286 5119 ex
1318 5059 1472 5121 Italia
1515 5067 1684 5130 dedit,
1718 5051 2030 5121 Montisfer-

455 5153 559 5209 rati
590 5153 856 5223 principis
877 5153 1062 5216 filiam,
1090 5156 1273 5210 indole
1301 5157 1519 5226 quidem
1545 5159 1803 5228 pra-clara
1836 5157 2032 5226 praedi-

455 5252 588 5308 tam,
618 5243 711 5298 sed
745 5243 995 5299 illiberali
1026 5243 1197 5298 forma
1234 5266 1245 5298 :
1276 5261 1440 5316 quam
1469 5247 1540 5301 ob
1570 5262 1789 5303 causam
1821 5249 1909 5303 illa
1936 5263 2030 5318 pa-

453 5353 572 5391 rum
619 5338 670 5392 ei
698 5339 853 5393 cordi
895 5346 1034 5403 erat,
1067 5353 1168 5392 nec
1199 5337 1559 5404 coltahitanti,
1595 5356 1696 5395 nec
1748 5342 2031 5398 matrimo—

453 5430 530 5484 nii
589 5431 764 5502 legem
806 5434 1068 5489 servanti.
1121 5435 1196 5490 Ea
1249 5451 1384 5492 vero
1437 5451 1496 5491 se
1547 5437 1745 5492 marito
1796 5440 2027 5494 invisam

453 5525 916 5593 animadvertetis,
941 5527 1120 5582 navim
1148 5531 1490 5596 conscendit,
1519 5540 1576 5585 et
1598 5532 1660 5586 ad
1692 5533 2030 5604 pr0pinquos

453 5631 580 5668 suos
608 5631 665 5669 se
699 5618 924 5686 rerepit.
953 5618 1300 5676 Androaieus
1320 5621 1680 5690 elepltantiasi
1711 5637 2027 5696 corruptus,

453 5722 559 5758 non
597 5707 686 5760 ditt
725 5709 875 5764 vixit.
917 5710 1245 5766 Theodorus
1296 5729 1325 5767 a
1376 5723 1532 5783 patre
1586 5717 1786 5772 missus
1836 5723 1919 5773 est
1960 5719 2025 5773 ad

452 5795 800 5852 Theodorum
833 5803 1259 5872 purpurigenam
1292 5815 1573 5872 patruum,
1611 5815 1668 5860 ut
1703 5808 1967 5863 educatus
1998 5826 2024 5862 a

456 5900 671 5955 pazruo,
701 5888 879 5944 eidem
906 5892 958 5944 in
976 5891 1334 5960 Peloponnesi
1356 5894 1667 5965 principatu
1684 5899 2022 5955 succederet.

777 5986 1052 6046 PATttOL.
1083 5987 1198 6049 Gtt.
1235 5987 1493 6053 CLVI“.

2105 4695 2228 4784 \lia.
2259 4704 2378 4760 Mox
2398 4706 2620 4763 obseSsa
2644 4709 2960 4782 Calliupolis
2985 4725 3040 4769 et
3069 4695 3594 4791 expugnata—quam
3618 4726 3712 4781 tthi

2132 4797 2305 4854 Grmci
2366 4811 2700 4869 repeterent,
2747 4803 3061 4875 Mustaphas
3111 4809 3318 4878 dicere,
3369 4812 3565 4871 Turcis
3609 4819 3716 4872 hoc.

2134 4893 2406 4958 ingratum
2464 4891 2600 4957 fore,
2655 4909 2820 4962 regno
2869 4895 3100 4950 necdum
3156 4908 3313 4968 parto
3383 4906 3713 4978 :simulque

2134 4997 2359 5053 rogare,
2426 4994 2633 5038 tantum
2673 4985 3064 5057 aliquantisper
3105 4983 3505 5060 exspectarent.
3550 4998 3712 5055 Dein-

2133 5089 2262 5141 ceps
2294 5074 2678 5143 Adrianopolis
2712 5088 2996 5146 occupata.
3031 5080 3246 5136 Turcici
3280 5089 3429 5156 regni
3462 5090 3619 5145 sedes
3656 5093 3711 5148 in

2133 5163 2349 5234 Europa
2395 5181 2547 5234 :quo
2578 5167 2743 5228 facto.
2784 5171 2986 5238 passim
3029 5172 3094 5226 ad
3127 5189 3254 5230 eum
3297 5179 3469 5248 copia).
3500 5181 3711 5240 Turco-

2133 5273 2278 5322 rum,
2329 5273 2426 5312 ceu
2474 5259 2707 5328 Bajazeti
2750 5261 2944 5330 filium,
2999 5266 3336 5328 defecerunt.
3372 5273 3609 5332 Redacta
3652 5278 3707 5333 in

2133 5358 2458 5418 potestatem
2500 5350 2736 5422 Europa,
2767 5367 2889 5407 cum
2919 5355 3173 5428 Azapidis
3204 5359 3508 5420 Turcorum
3554 5371 3708 5437 pedi-

2135 5441 2301 5505 tibus,
2335 5441 2567 5512 aliisque
2595 5443 2768 5514 copiis
2798 5446 3098 5518 EurOpaeis,
3124 5463 3178 5507 et
3205 5453 3435 5512 Zunaite
3461 5456 3707 5530 Smyrnae

2131 5532 2379 5604 principe
2411 5533 2464 5588 in
2498 5534 2682 5590 Asiam
2717 5540 2953 5610 trajecit,
2987 5553 3044 5596 ut
3069 5559 3130 5598 ea
3161 5562 3381 5617 quoque
3413 5550 3704 5619 petiretur.

2132 5625 2305 5680 Simul
2335 5625 2402 5681 ad
2434 5626 2651 5684 Graecos
2677 5631 2873 5701 legatis
2911 5637 3091 5690 missis
3131 5639 3306 5706 petiit,
3337 5657 3406 5694 ne
3448 5643 3580 5710 quid
3609 5645 3705 5700 ah-

2130 5728 2284 5772 sente
2309 5734 2366 5773 se
2386 5721 2708 5776 innovarent
2747 5743 2759 5777 :
2791 5742 2848 5780 se
2878 5728 3138 5783 Amurate
3161 5730 3328 5795 victo,
3359 5733 3705 5804 Calllllpolllll

2131 5811 2496 5866 redditurum.
2549 5813 2696 5868 Misit
2739 5825 2793 5870 et
2831 5833 2962 5871 suos
2994 5820 3302 5888 Amurates,
3337 5825 3430 5893 Qui
3479 5829 3705 5898 amplis-

2131 5901 2265 5956 sima
2313 5919 2541 5975 qua‘que
2584 5906 3008 5975 pollicerentur,
3060 5910 3105 5966 si
3139 5927 3267 5967 suas
3315 5925 3499 5984 pattes
3547 5921 3704 5994 sequi

3220 6005 3296 6066 21
