4070 6420
412 392 516 453 (ξω

1425 398 1477 455 Μ
1495 398 1850 457 ιιῖῑΜΕιῑς
1895 399 2160 459 GLYCE
2196 406 2607 467 ANNAHUM

3574 412 3680 476 liii

411 505 634 557 vellent.
672 503 803 557 Cum
831 515 1007 559 autem
1036 506 1087 558 in
1120 506 1360 560 ﬂllllt'ltlil
1404 507 1704 577 llustaphre
1742 511 2001 578 persistc—
2031 513 2077 572 Α
2107 516 2442 570 collocutum
2481 518 2693 579 tlit‘cns,
2720 515 2814 585 qui
2842 529 3036 570 omnes
3068 530 3125 571 se
3158 515 3386 570 Romam
3421 516 3685 585 proficisci

413 608 555 658 rent,
591 598 899 666 inch'aquc
929 615 984 654 rc
1019 599 1227 669 legatos
1259 601 1537 654 Amuratis
1566 604 1629 653 ab
1662 617 1717 655 sc
1756 600 1998 653 dimitte-

414 704 558 753 rrm,
629 691 680 743 in
730 700 903 743 castra
955 690 1030 744 illi
1081 691 1311 754 reversi,
1387 707 1662 745 rumorem
1713 689 1998 753 didebant,

412 782 629 834 C'ﬂ‘cos
681 778 746 832 ad
792 777 1104 834 Amuratem
1155 780 1436 834 traductos
1482 795 1603 833 esse
1656 796 1667 831 :
1722 777 2000 847 simulque

415 874 711 940 Mustaphm
741 873 1008 928 militilms
1036 882 1278 928 extrema
1308 888 1541 942 qumque
1575 872 1998 935 minitabantur,

415 976 670 1033 tauquam
695 966 748 1018 in
776 966 903 1019 Asia
929 966 1087 1035 plane
1121 965 1404 1031 perituris,
1432 964 1612 1018 reditu
1647 963 1697 1016 in
1724 962 1999 1031 Europam

417 1058 739 1110 intercluso.
801 1056 925 1110 Ilme
983 1057 1128 1111 fama
1174 1071 1299 1111 cum
1347 1058 1401 1110 in
1443 1055 1639 1110 castris
1686 1054 2001 1124 Mustaphaa

417 1149 660 1213 volaret.
721 1163 783 1204 ac
833 1151 1069 1204 necdum
1120 1149 1323 1220 legati,
1375 1163 1513 1218 quos
1563 1148 1679 1217 ipse
1737 1147 2000 1210 miserat,

419 1254 620 1312 praesto
650 1251 836 1296 essent
873 1256 887 1294 :
916 1251 1113 1297 nutare
1137 1242 1450 1296 Tureornm
1477 1240 1642 1294 animi
1678 1246 1999 1308 coeperunt,

416 1333 715 1403 statimque
738 1333 1002 1388 Zunaites
1023 1334 1087 1387 ad
1111 1345 1393 1403 paternam
1421 1332 1688 1387 ditionem
1722 1330 1998 1401 profugit,

418 1427 634 1481 ezcteris
670 1442 889 1496 quoque
928 1427 1166 1482 ducibus
1191 1436 1245 1480 et
1278 1424 1453 1495 copiis
1484 1423 1877 1479 dilabentibus.
1921 1421 2001 1475 Eo

420 1519 585 1581 facto,
626 1520 948 1587 Mustaphas
986 1518 1052 1574 ad
1087 1534 1235 1573 mare
1277 1516 1537 1588 profugit,
1588 1526 1649 1571 ut
1692 1515 1858 1571 saluti
1890 1530 2005 1571 suae

421 1609 757 1673 consuleret,
788 1606 937 1664 ac‘in
974 1609 1248 1678 Europam
1296 1624 1353 1663 se
1389 1606 1644 1663 contulit.

494 1699 630 1756 Cum
656 1701 772 1755 haec
796 1702 849 1755 in
872 1702 997 1757 Asia
1019 1712 1363 1772 gererentur,
1386 1702 1686 1771 imperator
1706 1699 2005 1771 Byzantius

426 1796 478 1846 in
511 1794 890 1862 Peloponneso
914 1793 1200 1848 mulierem
1235 1792 1553 1863 quau-dam,
1599 1787 1905 1847 sacerdotis
1944 1791 2007 1844 Ii-

424 1886 576 1947 liam,
623 1886 804 1941 alieno
842 1900 1068 1957 prorsus
1115 1895 1358 1955 tempore
1390 1884 1700 1952 deperibat,
1729 1883 2010 1954 negligens
2041 1868 2084 1928 Β

427 1977 645 2029 interim
676 1976 991 2045 prmclaram
1034 1976 1384 2029 occasionem
1413 1972 1742 2029 excludendi
1778 1971 2011 2027 Amura—

426 2068 493 2121 tis
530 2084 562 2122 a
613 2068 840 2136 trajectu
874 2068 928 2120 in
958 2066 1255 2134 Europam.
1300 2066 1348 2121 Is
1391 2066 1482 2120 ui-i
1534 2067 1668 2127 suis,
1698 2076 1867 2135 opera
1905 2062 2012 2119 ϐε-

426 2159 653 2213 nuensis
713 2158 997 2228 cujusdam
1051 2159 1291 2212 nauileri
1349 2157 1608 2226 trajectis,
1662 2155 2008 2226 Mustapbam

426 2253 695 2305 acerrime
757 2259 1081 2320 persecutus
1126 2250 1363 2320 cepisset
1421 2265 1483 2304 ac
1544 2248 1945 2319 strangulasset
1996 2264 2010 2300 :

427 2344 632 2400 (ira-cis
668 2343 935 2415 infensus,
978 2343 1516 2411 Constantinopolim
1550 2343 1787 2407 obsedit,
1833 2357 2012 2411 quan-

428 2450 592 2514 quam
612 2433 770 2487 irrito
807 2442 1031 2497 conatu,
1067 2441 1175 2485 tam
1215 2431 1431 2485 fortiter
1464 2432 1570 2485 illis
1596 2429 2010 2496 resistentibus,

431 2533 491 2577 ut
542 2523 885 2579 obsidionem
938 2523 1151 2578 solvere
1185 2534 1495 2593 cogeretur.
1535 2522 1675 2576 Cum
1721 2534 1904 2576 autem
1944 2534 2015 2575 ne

431 2627 546 2672 tum
580 2617 803 2687 quidem
837 2616 1043 2672 Graecis
1092 2632 1279 2685 pacem
1317 2615 1623 2671 concedere
1670 2614 1865 2679 vellet,
1899 2613 2015 2668 Mu-

429 2709 680 2779 stapbam
713 2710 814 2775 illi,
852 2709 1116 2765 tredecim
1143 2724 1318 2764 annos
1349 2717 1559 2772 natum,
1598 2706 1876 2762 Amuratis
1906 2704 2016 2760 fra-

432 2814 572 2857 trem
603 2812 909 2863 arcessunt,
939 2805 1103 2872 eique
1137 2816 1195 2856 se
1224 2816 1452 2871 regnum
1485 2800 1878 2855 conciliaturos
1900 2797 2015 2868 pol-

431 2897 692 2961 licentur,
722 2902 783 2948 ut
818 2894 1068 2948 Amurati
1099 2893 1378 2962 negotium
1419 2892 1772 2947 facesserent.
1814 2891 2014 2945 Verum

430 2988 479 3043 is
511 3002 730 3059 quoque
776 2987 1048 3042 deductus
1079 3001 1106 3039 a
1152 2985 1357 3041 Graecis
1388 2987 1440 3038 in
1468 2984 1679 3049 Asiam,
1713 2997 1741 3035 a
1775 2979 2016 3035 nutricio

432 3096 554 3141 suo,
589 3081 678 3135 cui
721 3094 751 3133 a
784 3088 939 3149 patre
977 3079 1322 3134 Machometo
1347 3076 1672 3131 educandus
1703 3074 1883 3129 luerat
1907 3082 2018 3127 tra-

431 3175 602 3243 ditus,
633 3176 879 3228 Amurati
915 3172 1167 3243 proditus
1204 3169 1554 3225 interficitur.

504 3266 822 3320 Secundum
877 3265 992 3319 haec
1060 3262 1244 3317 missis
1308 3276 1502 3316 rursus
1570 3260 1639 3314 ad
1704 3260 2019 3315 Amuratem

433 3359 651 3428 legatis,
688 3355 991 3425 praesertim
1018 3355 1153 3408 viris
1177 3355 1506 3417 illustribus,
1542 3353 1743 3408 Notara
1769 3361 1823 3406 et
1851 3350 2019 3406 Caro-

436 3456 581 3513 Iuea,
639 3448 859 3504 tandem
899 3447 1069 3503 Gmci
1123 3462 1310 3516 pacem
1368 3446 1758 3516 impetrarunt.
1795 3443 1867 3498 Ea
1918 3445 2020 3498 du-

433 3554 613 3612 rante,
639 3544 961 3598 Genuenscs
998 3556 1028 3595 a
1072 3539 1313 3595 Joannes
1342 3539 1611 3594 Manuelis
1642 3537 1755 3592 tilio
1794 3536 2018 3602 irritati,

436 3639 642 3693 bellum
674 3633 1158 3705 Constantinopoli
1179 3633 1450 3697 fecerunt,
1475 3646 1708 3701 eamque
1734 3630 2020 3685 obsidione

435 3734 673 3788 cinctam
720 3737 1110 3801 Oppugnarunt
1142 3746 1155 3781 :
1209 3743 1369 3797 quam
1403 3725 1492 3780 ubi
1519 3739 1718 3795 capere
1753 3739 1860 3778 non
1892 3737 2020 3797 pos-

435 3834 579 3891 sent,
609 3824 800 3880 Galata
830 3826 974 3893 (quas
992 3818 1372 3875 Genuensium
1408 3819 1543 3872 urbs
1564 3824 1705 3881 erat,
1739 3831 1769 3870 e
1800 3815 2023 3886 regione

434 3916 705 3990 Byzantii,
747 3915 897 3968 Peras
933 3927 1155 3982 quoque
1188 3924 1389 3964 nomen
1421 3909 1653 3979 habens)
1690 3907 1921 3971 munita,
1965 3907 2022 3961 in

439 4014 653 4068 Italiam
693 4011 999 4065 redierunt.
1039 4005 1411 4062 Nihilominus
1446 4005 1590 4061 inter
1618 4002 1937 4059 Galatenses
1969 4009 2025 4056 et
2083 4010 2091 4018 '

440 4103 733 4173 Byzantios
770 4101 972 4155 bellum
1020 4098 1338 4170 gerebatur,
1374 4097 1550 4150 donec
1588 4096 1803 4149 tandem
1837 4093 2026 4148 multis

441 4192 832 4261 Genueqsibus
881 4206 910 4245 a
957 4188 1169 4245 Joanne
1216 4188 1488 4244 Leontare
1527 4187 1666 4241 duce
1714 4186 1909 4256 captis,
1970 4185 2025 4238 in

441 4288 794 4347 concordiam
827 4283 1065 4340 reditum
1098 4283 1219 4337 fuit.

514 4387 591 4439 Eo
621 4379 964 4441 belloﬁnito,
984 4376 1224 4433 Joannes
1256 4375 1525 4430 Manuelis
1557 4372 1929 4442 ﬁliuslcgatos
1956 4370 2023 4425 ad

442 4475 749 4548 Eugenium
801 4474 1110 4528 Romanum
1158 4468 1472 4539 pontificem
1525 4466 1712 4529 mittit,
1756 4464 2025 4534 petituros

2102 609 2353 678 jubeant.
2388 610 2573 677 Itaque
2604 608 2842 678 sumptis
2865 622 3051 663 secum
3083 607 3364 677 Byzantiis
3390 607 3686 662 sacerdoti-

2110 702 2234 767 bus,
2294 711 2349 756 et
2400 702 2714 757 Graecorum
2770 701 3194 780 sapientissimis
3244 700 3686 770 doctissimisque

2108 792 2263 853 viris.
2301 792 2356 847 in
2390 794 2598 847 Italiam
2633 794 2946 861 navigabat.

2178 884 2314 941 Cum
2346 885 2599 938 Venetias
2629 885 2949 952 appulisset,
2977 883 3103 937 inde
3131 882 3442 937 Fcrrariam
3471 892 3690 935 conten-

2112 976 2212 1035 dit.
2266 976 2359 1029 ubi
2414 976 2613 1045 degere
2648 974 2969 1044 pontificem
3007 974 3316 1042 Eugenium
3378 980 3682 1041 acceperat.

2111 1067 2189 1123 Ad
2220 1083 2344 1123 eum
2383 1069 2476 1122 ubi
2509 1068 2770 1130 venisSi-t,
2807 1066 3066 1135 precibus
3088 1065 3442 1135 fatigabatur,
3479 1073 3537 1117 ut
3558 1078 3690 1133 pon-

2112 1160 2311 1216 tilicem
2344 1162 2564 1232 juvaret
2592 1161 2643 1213 in
2676 1159 3036 1215 contentione
3080 1171 3202 1227 quin
3254 1172 3382 1211 cum
3408 1153 3691 1210 Germanis

2112 1252 2406 1308 inciderat.
2434 1250 2575 1306 llinc
2613 1251 2951 1308 Florentiam
2989 1248 3227 1320 profecti
3261 1258 3418 1311 sunt,
3441 1261 3689 1318 quocum

2109 1343 2285 1400 Graeci
2317 1345 2621 1404 venissent,
2678 1342 2848 1397 multa
2883 1343 2976 1396 diu
3007 1355 3171 1411 egere
3234 1354 3361 1396 eum
3415 1338 3689 1408 pontiﬁce,

2115 1447 2176 1491 ut
2206 1435 2491 1505 religionis
2512 1436 2748 1489 diversa
2781 1434 3065 1505 negotium
3098 1432 3335 1487 feliciter
3361 1430 3690 1500 transigere-

2115 1538 2226 1583 tur.
2260 1528 2319 1583 Id
2351 1527 2444 1582 ubi
2479 1527 2780 1582 deductum
2807 1526 2872 1579 ad
2915 1525 3125 1580 exitum
3181 1523 3407 1590 fuisset,
3480 1521 3692 1589 scriptis

2114 1628 2173 1675 et
2201 1618 2673 1675 obtestationibus
2731 1617 2906 1672 sacris
2934 1610 3258 1678 sanxerunt,
3306 1627 3368 1669 se
3432 1612 3691 1681 deinceps

2116 1711 2406 1764 unanimes
2439 1709 2501 1763 in
2528 1708 2721 1763 eadem
2775 1706 3042 1776 religione
3077 1704 3317 1760 futuros.
3355 1702 3477 1770 Quo
3528 1702 3690 1764 facto,

2116 1802 2366 1873 pontifex
2387 1800 2573 1871 allegit
2602 1800 2657 1854 in
2718 1799 3088 1855 cardinalium
3153 1797 3408 1852 ordinem
3444 1795 3583 1850 duos
3629 1806 3693 1847 ex

2112 1897 2320 1954 Graecis
2338 1896 2490 1951 viros
2526 1894 2926 1959 nobilissimos,
2948 1907 3158 1964 eosque
3186 1892 3294 1947 sibi
3327 1889 3694 1948 familiaritate

2110 1990 2298 2061 junxit
2336 2009 2348 2044 :
2376 1988 2764 2044 Bessarionem
2791 1986 3230 2056 Trapezuntium
3259 1983 3479 2044 Nicaeae.
3515 1996 3581 2037 ac
3601 1981 3695 2036 Isi-

2115 2082 2314 2137 dorum
2338 2081 2621 2138 Sarmatiae
2644 2080 2759 2134 sive
2781 2079 2995 2134 Russiae
3012 2076 3308 2134 antistites.
3330 2076 3535 2132 Horum
3552 2074 3693 2130 enim

2115 2188 2280 2245 Opera
2300 2172 2594 2243 plurimum
2616 2171 2835 2241 adjutus
2868 2170 3052 2224 eratin
3079 2167 3375 2225 concordia
3403 2181 3530 2222 cum
3551 2165 3693 2222 Grae-

2116 2268 2197 2321 cis
2223 2265 2479 2320 ineunda.
2500 2264 2750 2319 Bessario
2775 2273 2925 2318 tanta
2958 2263 3222 2334 praeditus
3250 2271 3374 2317 erat
3401 2259 3599 2329 ingenii
3625 2256 3696 2321 vi,

2121 2369 2183 2413 ut
2215 2357 2533 2414 Graecorum
2573 2350 3063 2425 praestantissimos
3086 2372 3195 2409 non
3240 2363 3488 2424 aequaret
3522 2350 3696 2413 modo,

2121 2450 2217 2507 sed
2240 2451 2405 2506 etiam
2438 2458 2743 2520 superaret.
2774 2448 2988 2505 Iudicio
3013 2449 3256 2519 qualibet
3286 2447 3355 2501 in.
3377 2463 3437 2501 re
3476 2446 3695 2499 multum

2121 2542 2360 2597 valebat.
2394 2541 2713 2596 Cra-earum
2750 2539 3182 2608 Latinarumque
3208 2539 3521 2594 litterarum
3550 2542 3694 2589 tanta

2120 2635 2388 2692 excelluit
2418 2633 2639 2704 peritia,
2672 2641 2733 2687 ut
2772 2630 3107 2687 eruditionis
3133 2629 3374 2700 patrnam
3410 2629 3553 2681 inter
3584 2638 3699 2679 om-

2119 2744 2219 2785 nes
2254 2728 2412 2783 facile
2434 2732 2678 2797 caperet.
2712 2726 2994 2790 Nicolaus,
3018 2724 3112 2794 qui
3142 2720 3395 2792 Eugenio
3419 2715 3696 2780 successit,

2119 2821 2344 2877 maximi
2372 2820 2554 2874 virum
2583 2818 2737 2884 fecit,
2807 2828 2864 2873 et
2918 2814 3272 2887 singulariter
3309 2813 3504 2868 coluit.
3563 2807 3697 2875 Qua-

2119 2922 2347 2985 propter
2373 2910 2632 2965 Bononia:
2678 2910 2747 2964 ab
2768 2924 2834 2963 eo
2866 2907 3159 2978 praefectus
3189 2914 3297 2972 est,
3331 2914 3392 2958 ut
3422 2916 3540 2957 eam
3564 2913 3696 2969 pon-

2123 3006 2292 3060 tificio
2325 2996 2550 3058 nomine
2578 3000 2938 3071 gubernaret.
2978 2999 3119 3054 Cum
3153 3007 3343 3053 autem
3373 2995 3506 3051 urbs
3533 3007 3594 3047 ea
3616 3002 3696 3044 se-

2121 3095 2425 3150 ditionibus
2478 3092 2648 3147 variis
2712 3091 3055 3163 agitaretur,
3134 3087 3383 3143 divinam
3459 3079 3697 3138 Bessario

2124 3188 2474 3258 prudentiam
2505 3186 2881 3255 virtutemque
2916 3198 3071 3239 suam
3128 3182 3181 3235 in
3219 3179 3552 3234 tumultibus
3596 3171 3697 3231 illis

2124 3276 2542 3349 demonstravit.
2590 3275 2861 3329 lsidorum
2891 3289 3003 3327 non
3045 3272 3227 3326 minus
3256 3271 3588 3339 sapientem,
3642 3269 3696 3317 et

2121 3379 2397 3425 amantem
2441 3368 2654 3439 patriae,
2743 3366 3008 3420 nimirum
3068 3363 3343 3434 Byzantii,
3398 3370 3613 3429 captum
3668 3368 3697 3407 a

2121 3456 2319 3512 Turcis
2362 3471 2483 3510 esse
2526 3454 3052 3522 constatdeinceps,
3084 3451 3437 3506 Maebometo
3462 3443 3693 3503 secundo

2122 3549 2318 3603 urbem
2344 3555 2711 3617 expugnante,
2758 3560 2859 3614 pro
2892 3545 3053 3614 cujus
3079 3543 3259 3598 salute
3313 3550 3437 3595 tum
3488 3536 3697 3593 fortiter

2125 3639 2376 3696 Isidorus
2409 3637 2789 3709 praeliabatur.
2821 3636 3104 3707 Eugenius
3155 3634 3303 3689 hunc
3335 3634 3535 3696 virum,
3569 3639 3688 3682 cum

2122 3737 2241 3807 ejus
2272 3731 2577 3788 auctoritas
2622 3728 2767 3802 apud
2808 3728 3028 3785 Graecos
3090 3727 3394 3783 haberetur
3442 3722 3687 3783 maxima,

2123 3826 2487 3884 cardinalimn
2514 3825 2568 3879 in
2596 3837 2887 3878 numerum
2923 3822 3117 3876 retulit
3154 3837 3167 3875 :
3206 3821 3358 3890 quod
3392 3831 3516 3875 eum
3538 3821 3691 3884 puta-

2125 3930 2211 3976 ret
2245 3921 2411 3974 rebus
2435 3916 2551 3972 suis
2578 3916 2876 3986 plurimum
2909 3915 2962 3968 in
2992 3912 3292 3970 concordia
3320 3927 3451 3967 cum
3494 3890 3690 3963 Graecis

2125 4010 2511 4067 constituenda
2545 4006 3052 4070 commodaturum,
3099 4003 3179 4060 uti
3216 4019 3352 4059 sane
3382 4001 3600 4057 accidit.

2197 4102 2333 4158 Cum
2365 4108 2547 4155 autem
2582 4098 2805 4154 Graecus
2836 4101 3138 4166 imperator
3166 4094 3489 4165 praesidium
3516 4093 3581 4145 ad
3611 4090 3691 4142 reé

2127 4197 2413 4250 tinenoum
2462 4190 2786 4263 Byzantium
2836 4204 2865 4243 a
2918 4187 3177 4259 pontifice
3235 4196 3465 4258 peteret.
3513 4185 3582 4238 ita
3611 4192 3694 4233 re-

2125 4282 2348 4353 spondit
2381 4282 2491 4347 ille,
2527 4289 2587 4335 ut
2618 4279 2989 4348 polliceretur,
3021 4277 3076 4330 in
3101 4285 3383 4346 posterum
3416 4274 3519 4329 sibi
3546 4269 3690 4325 Crte-

2127 4390 2321 4432 eorum
2369 4374 2663 4443 imperium
2693 4386 2840 4426 cum
2864 4370 3005 4436 fore,
3039 4384 3218 4439 neque
3267 4376 3604 4423 cessaturum
3635 4371 3693 4415 se

2127 4469 2338 4522 diceret
2399 4465 2453 4520 in
2488 4464 2782 4521 Germanis
2833 4462 3177 4530 Ungarisque
3212 4456 3577 4514 concitandis.
3632 4456 3691 4502 ιιι

444 4581 506 4625 ut
528 4566 822 4622 concilium
852 4563 1213 4627 indiceretur,
1237 4576 1347 4631 quo
1368 4560 1685 4615 Graecorum
1714 4566 1767 4611 et
1801 4555 2019 4610 Latino-
2057 4575 2098 4631 ο
2128 4576 2276 4615 arma
2301 4552 2495 4615 contra
2530 4554 2743 4613 Turco's
2779 4571 2845 4612 ex
2891 4572 2991 4611 usu
3050 4555 3369 4610 Grecorum
3423 4550 3692 4617 caperent.

444 4676 567 4715 rum
631 4656 1025 4714 controversiae
1077 4661 1566 4723 componerentur.
1610 4649 1881 4704 Tentabat
1924 4647 2026 4702 huc

444 4752 610 4808 modo
639 4751 852 4806 animos
871 4746 1333 4806 Occidentalium,
1364 4759 1432 4797 an
1464 4742 1699 4797 redituri
1733 4756 1855 4795 eum
1883 4740 2029 4794 Grae-

444 4850 525 4901 cis
552 4847 607 4899 in
629 4842 981 4899 concordiam
1009 4838 1348 4892 viderentur.
1368 4835 1433 4889 Ili
1457 4834 1618 4904 legati
1638 4833 1703 4886 ad
1727 4832 2028 4887 Germanos

447 4925 675 5007 profecti
717 4942 866 4999 sunt,
900 4933 992 5002 qui
1028 4931 1252 4986 Basileaa
1291 4927 1623 4997 congregati,
1649 4934 1833 4980 contra
1860 4926 2032 4995 Enge-

447 5029 597 5083 nium
629 5027 921 5081 concilium
945 5024 1316 5083 celebrabant,
1348 5036 1523 5088 eoque
1549 5020 1773 5090 rejecto,
1796 5017 2028 5072 Felicem

447 5118 739 5175 Sabaudiae
766 5117 985 5180 ducem,
1015 5116 1191 5169 virum
1222 5123 1480 5184 spectatae
1508 5112 1820 5184 probitatis,
1846 5109 2031 5181 ponti—

449 5200 607 5267 ficem
636 5210 930 5263 maximum
961 5213 1302 5263 creaverant.
1325 5203 1486 5275 347
1509 5204 1677 5273 Igitur
1703 5205 1865 5256 ambo
1892 5218 2029 5271 pou-

452 5304 629 5358 titices
683 5300 972 5356 instructis
1024 5297 1364 5362 triremibus,
1413 5294 1677 5351 Joannem
1715 5295 2032 5366 Byzantium

452 5397 664 5465 impera
691 5409 845 5451 orem
871 5391 1245 5449 arcessebant.
1269 5390 1402 5445 Nam
1434 5396 1665 5457 uterque
1698 5390 1800 5444 sub
1822 5403 1877 5442 se
1901 5403 2034 5443 eon-

452 5489 640 5543 cilium
676 5485 967 5550 celebrari,
1005 5494 1061 5539 et
1109 5484 1389 5555 religionis
1422 5482 1873 5547 controversiam,
1915 5494 2037 5549 quae

454 5598 577 5635 cum
632 5581 837 5636 Graecis
876 5579 1276 5639 intercedebat,
1334 5576 1476 5630 [iniri
1525 5576 1760 5631 volebat.
1796 5575 1931 5631 Cum
1969 5575 2036 5629 ab

456 5683 580 5728 uno
602 5690 689 5742 gue
719 5677 974 5727 triremes
1006 5670 1284 5727 atleswnt.
1315 5664 1607 5737 imperator
1640 5669 1887 5741 benignis
1917 5685 2040 5725 ver-

456 5765 539 5819 bis
572 5765 791 5819 concilii
835 5765 1148 5817 l’las-liensis
1172 5761 1499 5829 legationem
1537 5760 1881 5817 dimittebat:
1914 5778 2037 5818 cum

462 5857 743 5922 Rouanis,
782 5856 1022 5919 Venetis,
1071 5854 1333 5924 Italiaque
1384 5853 1589 5923 reliqua
1647 5870 1702 5910 se
1747 5858 1858 5927 jam
1912 5866 2038 5913 ante

2132 4651 2229 4705 llis
2256 4652 2418 4714 actis,
2465 4650 2767 4719 imperator
2840 4645 3164 4716 Byzantium
3241 4640 3556 4695 revertitur.
3597 4630 3694 4683 Re-

2130 4742 2365 4797 deuntes
2396 4750 2583 4795 autem
2646 4738 2869 4793 domum
2913 4734 3111 4798 Graeci,
3168 4747 3277 4787 non
3340 4729 3573 4798 am‘plius
3635 4722 3695 4772 iis

2139 4852 2259 4906 qua:
2298 4836 2353 4889 in
2388 4834 2542 4889 Italia
2572 4840 2730 4904 pacta
2790 4838 3170 4895 Cont’clttaque
3223 4825 3389 4879 fuisse
3444 4820 3694 4875 diximus,

2132 4920 2275 4985 Stare
2306 4927 2625 4981 voluerunt.
2659 4924 3007 4992 Quapropter
3048 4928 3231 4971 motus
3263 4917 3541 4970 Romanus
3567 4920 3692 4977 pon-

2133 5026 2285 5089 tifex,
2319 5023 2514 5077 doctos
2546 5020 2814 5091 quosdam
2864 5017 3015 5070 viros
3044 5012 3373 5085 Byzantium
3436 5005 3601 5068 misit,
3639 5006 3694 5050 ut

2131 5133 2255 5171 eum
2292 5115 2496 5169 Graecis
2525 5115 2578 5166 in
2604 5110 2942 5180 colloquium
2972 5106 3227 5160 venirent
3258 5122 3270 5156 :
3301 5103 3395 5174 qui
3433 5096 3691 5170 synodum

2135 5212 2189 5263 in
2219 5208 2368 5262 Italia
2398 5217 2669 5269 coactam,
2732 5206 2966 5275 ejuque
3022 5202 3246 5255 decreta
3303 5193 3410 5252 non
3450 5189 3695 5246 admitte-

2136 5303 2286 5355 bant.
2323 5300 2537 5354 Marcus
2571 5298 2717 5352 enim
2748 5296 2979 5351 antistes
3016 5293 3242 5364 Ephesi,
3289 5301 3343 5346 et
3392 5277 3695 5351 Scholarius

2135 5392 2448 5446 Crmcornm
2474 5390 2851 5456 doctissimus,
2914 5400 2973 5441 ιιι
3002 5394 3186 5449 antea,
3238 5384 3318 5438 sic
3338 5397 3409 5441 ne
3440 5389 3549 5432 tum
3576 5366 3695 5440 QUI‘

2140 5491 2263 5543 dem
2286 5486 2495 5541 Latinis
2520 5485 2779 5541 assentiri
2813 5484 3093 5539 volebant.
3149 5480 3250 5536 Ubi
3281 5479 3347 5534 ad
3372 5466 3694 5539 colloquium

2139 5590 2196 5635 et
2228 5580 2659 5648 disputationem
2692 5586 2916 5632 ventum
2950 5583 3097 5630 esset
3172 5572 3307 5627 nihil
3357 5567 3565 5625 efﬁcere
3595 5558 3695 5651 Ile:

2143 5671 2289 5727 mani
2338 5680 2669 5741 potuerunt,
2721 5669 2816 5724 sed
2871 5668 3074 5723 infecta
3136 5682 3195 5720 re
3227 5665 3447 5718 domum
3504 5657 3696 5707 reversi

2146 5776 2294 5819 sunt.
2325 5763 2439 5819 Hac
2473 5780 2531 5818 re
2567 5773 2748 5817 motus
2776 5761 3048 5833 pontifex,
3102 5759 3307 5814 auxilia
3335 5751 3536 5812 Grzccis
3583 5751 3698 5812 Ρτ⁰⁶

2145 5859 2309 5912 missa
2336 5872 2443 5914 non
2474 5856 2620 5913 misit
2654 5840 2827 5926 iquos
2858 5863 2911 5911 et
2939 5854 3087 5926 ipsos
3120 5869 3149 5907 a
3176 5852 3433 5925 petitifice
3462 5843 3687 5898 aversos,
