4070 6420
443 424 548 487 645

1799 437 2343 498 CONTINUATIO.

3594 427 3699 490 646

442 537 755 594 concordiae
785 553 908 594 cum
938 541 1034 597 illo
1080 542 1228 599 initas
1264 545 1590 616 poenitebat.
1651 546 2021 614 Quamobrem
2055 559 2101 614 Α
2133 551 2199 602 ad
2261 549 2530 602 arcendos
2587 563 2615 601 a
2679 523 3055 616 Peloponneso
3124 544 3336 598 Turcos
3383 549 3698 596 exstructus

443 624 628 683 missis
655 630 723 683 ad
773 631 1092 688 Amuratem
1149 635 1367 706 legatis,
1425 637 1668 694 Joannes
1710 638 2012 708 imperator

441 734 630 788 pacem
662 723 878 788 orabat,
905 734 960 779 et
991 726 1340 796 impetrabat.

508 810 720 867 Secutae
749 826 879 870 sunt
913 816 1146 874 fratrum
1182 818 1520 888 Gracorum,
1553 821 1782 878 Joannis
1816 832 1873 879 et
1915 822 2017 878 De-

440 901 663 966 metrii,
724 902 1014 962 discordiae
1053 925 1066 962 :
1099 909 1305 978 quibus
1363 910 1718 977 durantibus,
1773 913 2018 969 Joannes

437 992 767 1046 Demetrium
797 1004 950 1064 parte
985 999 1328 1069 principatus
1355 1003 1614 1072 spoliavit
1649 1023 1662 1059 :
1707 1004 2020 1060 Demetrius

432 1081 968 1155 Constantinopolim
1002 1104 1104 1160 0pc
1132 1091 1441 1148 Turcorum
1483 1094 1721 1161 obsedit,
1791 1097 2020 1152 inlecta-

434 1190 541 1244 que
567 1191 626 1230 re
656 1176 926 1234 discessit.
959 1181 1198 1237 Rursum
1229 1185 1365 1241 inita
1417 1201 1546 1242 cum
1586 1187 1852 1246 Amurate
1883 1205 2020 1245 con-
2054 1189 2062 1202 '

434 1266 646 1332 cordia,
701 1270 878 1325 nihilo
937 1275 1194 1330 cessabat
1254 1278 1437 1334 minus
1485 1279 1788 1350 imperator
1813 1281 2021 1352 agitare

434 1359 662 1414 consilia
691 1375 815 1414 cum
847 1363 1092 1433 Eugenio
1118 1367 1366 1423 Romano
1397 1370 1682 1438 pontifice,
1708 1387 1774 1426 ac
1807 1372 2022 1427 Panno-

432 1465 564 1503 num
599 1465 726 1522 rege
749 1451 1045 1521 Yladislao,
1077 1459 1172 1527 qui
1206 1474 1382 1527 nuper
1413 1460 1708 1516 admodum
1733 1477 1764 1517 e
1796 1462 2022 1519 Polonia

433 1553 680 1609 vocatus,
710 1545 1036 1617 Ungaricum
1071 1566 1299 1620 regnum
1334 1563 1717 1623 occupaverat.
1750 1555 2023 1625 Impetra-

433 1634 512 1686 vit
543 1644 728 1690 autem
780 1653 810 1692 a
854 1640 1110 1708 pontiﬁce
1155 1641 1344 1696 decem
1399 1645 1675 1709 triremes,
1721 1661 1844 1716 quae
1898 1661 2024 1702 cum

2120 638 2312 693 fuerat.

2189 730 2382 798 Neque
2407 730 2579 784 multo
2615 739 2737 798 post
2774 727 2987 783 Joanne
3037 727 3370 796 imperatore
3411 723 3694 786 defuncto,

2122 820 2175 873 in
2203 818 2628 874 Constantinum
2658 819 2779 888 ejus
2809 817 3032 906 fratrem
3062 817 3382 871 devolutum
3422 822 3506 869 est
3528 813 3700 883 impe-

2119 911 2284 965 rium.
2313 910 2625 965 Demetrius
2655 909 2903 979 quidem,
2940 908 3172 963 fratrum
3201 909 3362 970 alter,
3398 906 3696 974 imperiunm

2119 1017 2389 1073 occupare
2417 1003 2698 1058 nitebatur
2725 1020 2737 1054 :
2775 1016 2966 1055 verum
2995 999 3292 1068 impeditus
3322 998 3426 1052 fuit
3463 997 3533 1052 ab
3563 997 3701 1051 civi-

2124 1094 2252 1159 bus,
2284 1102 2480 1155 matre,
2520 1092 2906 1147 Cantacuzeno
2937 1100 2994 1146 et
3024 1090 3248 1153 Notara,
3300 1089 3393 1158 qui
3444 1087 3700 1142 arbitro-

2121 1200 2243 1240 rum
2270 1185 2521 1255 partibus
2553 1183 2945 1253 fungebantur.
2979 1180 3275 1235 Timebant
3305 1178 3475 1242 enim,
3512 1179 3558 1232 si
3593 1178 3701 1231 lle-

2119 1277 2352 1332 metrins
2383 1283 2772 1346 assequeretur
2802 1273 3119 1342 imperium,
3151 1269 3292 1333 fore,
3345 1277 3404 1324 ut
3427 1269 3700 1323 Constan-

2125 1371 2275 1425 tinus
2300 1368 2605 1423 exereitum
2634 1365 2958 1427 adduceret,
3011 1375 3123 1432 quo
3156 1361 3324 1424 facto,
3387 1360 3699 1430 periturum

2121 1470 2266 1517 esset
2295 1458 2610 1530 imperium.
2645 1455 2922 1512 Demetrio
2959 1463 3162 1516 tamen,
3192 1463 3248 1507 et
3271 1452 3516 1516 Thomas,
3542 1451 3699 1505 fratri

2121 1561 2254 1608 natu
2288 1553 2539 1619 minimo,
2573 1552 2986 1620 Peloponnesus
3008 1561 3078 1601 ex
3099 1559 3254 1614 atquo
3279 1557 3539 1599 concessa
3564 1542 3696 1597 fuit:

2124 1647 2195 1700 ob
2225 1659 2388 1714 quam
2424 1643 2573 1697 varie
2600 1641 2998 1698 tumultuatum
3030 1638 3176 1690 inter
3217 1637 3365 1703 ipsos
3399 1643 3506 1698 est,
3543 1645 3700 1688 utro-

435 1724 551 1778 suis
575 1723 985 1797 Hellespontum
1032 1733 1407 1799 custodirent,
1468 1745 1528 1790 ut
1557 1737 1788 1794 Asianas
1837 1741 2026 1809 copias
2124 1752 2229 1805 quc
2266 1733 2522 1788 studente
2547 1733 2784 1797 alterum
2808 1729 3034 1800 ejicere-

433 1814 724 1872 Amurates
755 1821 1007 1888 trajicere
1043 1839 1150 1877 non
1183 1835 1391 1892 posset.
1448 1829 1652 1884 Verum
1687 1830 1822 1885 vicit
1854 1831 2024 1885 Amu-

2196 1825 2311 1880 Sub
2341 1825 2449 1880 hoc
2477 1833 2696 1894 tempus
2737 1819 3033 1877 Am'urates
3068 1819 3355 1891 apoplcxia
3397 1823 3696 1884 correptus

433 1907 566 1960 ratis
604 1908 823 1963 fortuna
849 1912 1174 1982 trajicientis
1209 1931 1274 1970 eo
1314 1926 1582 1987 tempore,
1633 1937 1744 1988 quo
1791 1932 2014 1992 propter
2045 1906 2088 1965 Β
2120 1919 2175 1972 in
2201 1917 2480 1980 convivio,
2516 1915 2752 1970 moritur
2774 1929 2898 1970 cum
2928 1912 2998 1968 '52
3028 1913 3187 1968 annis
3222 1919 3524 1981 regnasset.
3585 1908 3698 1962 Ma-

430 1995 778 2054 advcrsarios
815 2012 1008 2056 ventos
1046 2003 1222 2060 Graeci
1257 2006 1549 2078 Latinique
1581 2020 1776 2065 contra
1805 2011 2016 2068 Turcos

431 2091 531 2144 niti
563 2093 714 2146 nullo
745 2095 906 2150 modo
937 2107 1211 2166 poterant.
1269 2098 1404 2171 Ejus
1437 2111 1547 2155 tam
1606 2103 1818 2158 felicem
1852 2106 2016 2175 traje-

431 2181 667 2238 Ctionem
687 2183 924 2241 Joannes
975 2188 1275 2258 imperator
1331 2207 1481 2263 mgro
1531 2209 1657 2248 cum
1715 2196 2014 2264 accepisset

432 2271 635 2338 animo,
671 2275 1010 2334 deliberabat
1039 2274 1166 2334 cuni
1198 2281 1336 2346 suis,
1369 2284 1504 2352 quid
1531 2284 1584 2338 in
1621 2286 1874 2354 praesenti
1925 2301 2012 2340 rec

433 2379 552 2418 rum
585 2376 726 2421 statu
759 2372 1108 2438 potissimum
1139 2385 1369 2444 ageret;
1401 2377 1703 2442 bellumne,
1730 2393 1798 2432 an
1825 2394 2012 2448 pacem

429 2456 673 2513 Atnurati
704 2461 1078 2521 denuntiaret.
1128 2467 1348 2538 Quippe
1377 2469 1422 2524 si
1460 2484 1652 2538 pacem
1684 2485 1809 2524 cum
1847 2471 2015 2525 Amu-

431 2557 548 2602 rate
569 2551 750 2608 colere
777 2553 1130 2616 instituisset.
1161 2559 1280 2615 fore
1312 2561 1562 2630 putabat,
1592 2572 1651 2616 ut
1681 2563 1729 2617 ei
1755 2577 1854 2633 per
1875 2562 2017 2618 Pon-

437 2646 550 2692 tum
581 2643 886 2698 exercitum
911 2647 1158 2714 ducenti,
1211 2661 1581 2707 commeatum
1613 2663 1669 2709 ct
1703 2655 2012 2710 necessaria

431 2741 688 2798 prastare
718 2745 1010 2805 cogeretur
1039 2757 1053 2797 :
1081 2755 1187 2810 qua
1220 2758 1280 2798 re
1313 2743 1608 2800 Pannones
1674 2744 2012 2802 offensurum

430 2835 488 2875 se
521 2821 763 2889 videbat,
794 2841 825 2881 a
858 2830 1061 2897 quibus
1089 2847 1199 2886 non
1235 2834 1357 2889 leve
1390 2836 1724 2904 periculum,
1753 2838 2015 2894 Amurate

432 2910 670 2981 devicto,
701 2916 1034 2978 immineret.
1063 2921 1297 2979 Putabat
1323 2927 1492 2997 igitur
1519 2942 1587 2984 eo
1615 2939 1863 2999 tempore
1884 2945 2016 2985 con-

433 3006 790 3066 sultissimum
818 3011 956 3082 fore,
988 3015 1310 3072 Pannonum
1336 3021 1490 3090 sequi
1523 3032 1727 3090 partes,
1762 3033 1818 3077 et
1845 3023 2018 3078 Amu-

431 3100 535 3152 rati
558 3099 760 3155 bellum
796 3103 1024 3160 inferre.
1087 3109 1220 3164 Post
1268 3126 1500 3182 pugnant
1535 3127 1669 3168 vero
1718 3113 2014 3170 infeliciter

434 3190 502 3244 ab
526 3191 759 3262 Ungaris
785 3207 975 3251 contra
992 3197 1204 3256 Turcos
1229 3212 1551 3273 pugnatam,
1581 3205 1806 3261 Graecus
1823 3201 2012 3277 'impe—
2036 3237 2083 3305 ϐ

436 3295 582 3336 rator
615 3284 664 3337 in
697 3285 876 3343 foedus
911 3304 1036 3344 cum
1074 3290 1338 3349 Amurate
1382 3295 1571 3359 rediit,
1630 3313 1730 3352 nec
1763 3300 2004 3368 amplius

435 3371 486 3425 id
526 3374 785 3431 violatum
825 3390 927 3435 est.
961 3381 1092 3436 Nam
1125 3384 1366 3454 quietem
1403 3389 1688 3457 amplexus
1711 3399 1815 3453 est,
1842 3391 2010 3444 Amu-

435 3474 717 3536 ratemque
754 3473 1080 3529 muneribus
1123 3475 1315 3544 coluit,
1371 3487 1431 3532 ut
1451 3478 1591 3532 nihil
1655 3480 1781 3534 ntali
1817 3489 2010 3536 contra

431 3555 608 3627 ipsum
637 3563 874 3631 amplius
902 3567 1214 3624 moliretur.

503 3650 668 3706 Fteda
706 3663 886 3710 autent
921 3659 1203 3714 contentio
1244 3660 1390 3715 inter
1414 3660 1809 3730 imperatorem
1844 3663 2012 3718 Joan-

431 3760 559 3799 nem
584 3755 641 3799 et
675 3745 898 3801 fratrem
925 3748 1278 3805 Theodorum
1302 3761 1423 3820 erat
1444 3762 1656 3819 coorta,
1681 3753 1777 3822 qui
1809 3754 2014 3824 Byzan-

430 3836 567 3890 tium
603 3847 848 3904 vvnerat,
887 3850 947 3894 ut
1003 3841 1058 3895 in
1121 3842 1444 3898 societatem
1509 3845 1730 3914 imperii
1771 3861 1806 3898 a
1841 3844 2010 3900 fratre

429 3926 838 3981 admitteretur.
871 3929 920 3984 ls
941 3945 998 3985 se
1021 3945 1123 4000 pro
1172 3932 1507 4001 imperatore
1554 3933 1731 4006 solum
1763 3936 2007 4004 gerebat,

432 4017 703 4088 fratrique
737 4020 1044 4077 resistebat.
1077 4023 1420 4078 Postremum
1450 4028 1626 4096 aperti
1654 4027 1843 4082 hostes
1881 4029 2007 4082 facti

428 4119 576 4163 sunt.
603 4110 736 4163 Nam
771 4113 1182 4181 expeditionem
1220 4096 1544 4170 Theodorus
1594 4127 1785 4172 contra
1830 4119 2008 4186 impc-

428 4213 668 4256 ratorem
696 4202 919 4259 fratrem
944 4205 1202 4262 instituit.
1225 4207 1354 4262 Erat
1377 4209 1428 4263 ei
1451 4224 1714 4265 concessa
1738 4211 2004 4282 Selybria,

431 4307 554 4346 cum
592 4294 814 4362 regione
845 4295 1025 4351 vicina
1058 4315 1071 4352 :
1107 4313 1343 4368 cumque
1377 4309 1590 4369 peteret
1645 4301 1714 4357 ab
1766 4303 2005 4374 impera-

434 4387 550 4434 tore
569 4392 870 4451 proventus
889 4399 1101 4438 annuos
1125 4386 1420 4454 ampliores
1441 4387 1505 4441 ad
1530 4389 1696 4443 vitam
1721 4392 2004 4445 sustinen-

2117 2007 2435 2061 chometum
2459 2005 2630 2060 [ilium
2656 2017 3030 2059 successorem
3056 2000 3298 2071 reliquit.
3319 1999 3369 2054 Is
3391 1998 3492 2054 sub
3519 1998 3697 2066 ipsum

2119 2099 2271 2168 regni
2333 2097 2420 2152 sui
2474 2095 2785 2166 auspicium
2847 2092 3386 2160 Constantinopolim
3438 2089 3695 2145 obsidere

2119 2188 2309 2260 C(Bpit,
2340 2198 2395 2244 et
2429 2187 2497 2242 ad
2528 2186 2994 2256 expugnationem
3013 2187 3200 2240 omnia
3234 2183 3432 2238 idonea
3467 2197 3696 2250 compa-

2117 2281 2282 2335 ravit.
2311 2280 2444 2350 Ejus
2478 2279 2633 2334 urbis
2661 2278 2970 2350 amplitudo
2999 2291 3123 2332 cum
3181 2285 3332 2332 tanta
3363 2277 3458 2341 sit,
3518 2285 3579 2331 ut
3640 2277 3694 2330 in

2116 2372 2353 2428 circuitu
2388 2373 2478 2426 Ill
2512 2371 2693 2428 stadia
2720 2373 3006 2427 contineat
3035 2387 3048 2424 :
3077 2369 3390 2425 distributis
3421 2369 3475 2423 in
3509 2382 3698 2422 muros

2116 2463 2603 2532 militibus,eoque
2635 2471 2793 2531 pacto
2819 2460 3108 2516 instructis
3131 2460 3326 2530 copiis,
3387 2459 3592 2514 accidit
3639 2465 3700 2512 ut

2117 2555 2300 2609 minus
2335 2555 2545 2609 munita
2580 2553 2743 2610 foret.
2778 2553 2981 2608 Aderat
3019 2553 3076 2607 in
3111 2551 3249 2607 urbe
3271 2551 3475 2606 Graecis
3518 2549 3696 2605 [sido-

2117 2661 2208 2700 rus
2234 2645 2540 2700 Russorum
2573 2647 2807 2702 antistes
2846 2644 3143 2701 cardinalis
3199 2643 3392 2716 synodi
3440 2641 3698 2714 cogendae

2117 2751 2282 2790 causa
2311 2737 2535 2801 missus,
2566 2747 2628 2791 ut
2657 2737 2911 2792 Romano
2953 2734 3204 2805 pontifici
3241 2734 3461 2790 Graecos
3503 2745 3698 2790 recon-

2116 2830 2328 2884 ciliaret
2364 2845 2378 2883 :
2416 2838 2582 2900 atque
2605 2829 2660 2884 id
2701 2844 2811 2883 non
2852 2829 3029 2883 multo
3058 2839 3188 2883 ante
3215 2827 3552 2882 confecerat.
3593 2828 3700 2882 Ve-

2118 2937 2236 2974 rntn
2265 2919 2468 2975 Crateis
2507 2921 2600 2975 illa
2638 2935 2764 2976 cum
2792 2917 3053 2976 Romanis
3108 2919 3487 2977 reconciliatio
3533 2919 3698 2974 nimis

2118 3029 2240 3068 sera
2273 3012 2508 3068 exstitit.

2194 3104 2439 3159 Tandem
2462 3102 2974 3174 Constantinopolis
3013 3113 3325 3174 expugnata
3355 3105 3443 3158 est
3493 3110 3698 3171 quarto

2117 3197 2389 3252 Kalendas
2415 3196 2743 3264 Quinctiles,
2794 3197 2890 3267 qui
2940 3196 3060 3252 dies
3115 3196 3304 3252 Martis
3359 3204 3502 3260 erat,
3551 3208 3699 3248 anno

2118 3287 2256 3342 1455
2296 3286 2404 3354 Vel,
2446 3297 2506 3343 ut
2536 3286 2630 3342 alii
2663 3286 2910 3351 tradunt,
2946 3285 3405 3358 quinquagesimo
3427 3282 3698 3346 secundo,

2116 3396 2240 3436 cum
2279 3380 2628 3436 obsidionem
2665 3380 3063 3450 quinquaginta
3089 3385 3330 3450 quatuor
3363 3377 3482 3434 dies
3547 3377 3694 3433 tole-

2115 3481 2310 3526 rasset.
2333 3470 2779 3533 Cantacuzenus,
2801 3470 3166 3540 Theophilus,
3188 3467 3547 3537 Palaeologus,
3576 3466 3699 3522 alii-

2115 3577 2224 3631 que
2258 3561 2590 3617 nobilissimi
2625 3562 2730 3616 viri
2765 3561 2985 3617 fortiter
3037 3560 3392 3626 dimicantes,
3421 3557 3698 3615 interfecti

2115 3660 2262 3708 sunt.
2288 3653 2686 3710 Constantinus
2714 3654 3020 3723 imperator
3070 3651 3288 3722 fugiens
3314 3651 3371 3706 in
3398 3651 3695 3707 humerum

2115 3754 2339 3815 accepto
2357 3745 2588 3800 vulnere
2615 3745 2804 3814 periit.
2838 3744 2971 3813 Ejus
2990 3743 3250 3799 exstincti
3282 3755 3450 3814 caput
3486 3744 3553 3799 ad
3576 3743 3694 3800 Ma-

2113 3837 2426 3891 chometum
2451 3835 2673 3906 quidam
2705 3835 2912 3900 attulit,
2936 3843 3250 3906 praeterque
3281 3850 3508 3891 munera
3529 3837 3712 3906 longe-

2113 3927 2456 3998 amplissima
2489 3926 2806 3999 principatu
2847 3942 3072 3999 quoque
3102 3927 3341 3984 donatus
3373 3939 3485 3984 est.
3518 3929 3698 4000 Impe-

2113 4023 2196 4077 rio
2231 4020 2412 4076 tribus
2434 4022 2599 4076 annis
2632 4029 2689 4076 et
2721 4021 2902 4078 tribus
2934 4019 3218 4077 mensibus
3245 4021 3454 4089 potitus
3486 4021 3688 4077 fuerat.

2112 4114 2318 4169 Eodem
2349 4113 2462 4179 die,
2494 4114 2686 4168 Peram
2723 4128 2963 4183 quoque,
3001 4112 3116 4168 sive
3140 4111 3407 4179 Galatam,
3434 4112 3697 4168 Genuen-

2113 4207 2252 4262 sium
2305 4207 2607 4276 oppidum,
2672 4205 2836 4260 Turci
2896 4219 2994 4275 per
3058 4205 3394 4260 deditionem
3456 4219 3690 4274 occupa-

2113 4305 2264 4354 runt.
2305 4299 2437 4366 Qu:e
2473 4310 2659 4353 autem
2689 4299 3038 4353 calamitates
3068 4299 3122 4352 itt
3149 4298 3253 4352 hac
3285 4297 3693 4366 expugnatione

2111 4374 2389 4461 Byzantiis
2415 4389 2761 4449 acciderunt,
2804 4387 3072 4455 explicari
3113 4386 3352 4440 dicendo
3383 4394 3688 4453 nequeunt.

430 4471 576 4538 dam,
613 4474 886 4542 repulsam
917 4489 1106 4543 passus
1131 4476 1254 4531 fuit.
1280 4477 1446 4549 348
1468 4479 1607 4534 Hinc
1630 4481 1832 4536 bellum
1862 4483 2005 4538 inter
2039 4499 2083 4554 ι)
2111 4480 2249 4534 Nam
2285 4479 2599 4534 miserabile
2636 4479 2740 4532 hoc
2766 4475 3279 4545 Constantinopolis
3344 4473 3575 4528 exilium
3609 4475 3692 4526 vi-

428 4563 681 4632 ipsumet
709 4564 935 4619 fratrem
967 4579 1222 4622 exortum
1250 4579 1355 4624 est.
1386 4573 1546 4626 Prius
1585 4581 1786 4638 tamen,
1834 4591 2001 4644 quam

428 4651 554 4705 belli
586 4651 910 4707 Theodorus
938 4655 1174 4724 aliquem
1207 4673 1525 4713 successum
1561 4660 1866 4726 habuisset,
1893 4664 2004 4718 vita

429 4742 650 4797 functus
673 4753 777 4797 est.
813 4745 1128 4800 Secundum
1161 4747 1277 4803 hate
1336 4749 1642 4806 lacessente
1685 4752 2002 4809 Amuratem

427 4835 814 4900 Constantino,
877 4838 1052 4892 altero
1109 4838 1336 4896 Joannis
1402 4844 1750 4912 imperatoris
1815 4847 2003 4914 fratre,

429 4927 666 4984 Isthmus
697 4941 1005 4999 expugnati
1040 4933 1162 4998 fuit,
1219 4951 1374 4990 tnuro
1403 4937 1610 5003 diruto,
1673 4939 1764 5007 qtti
1827 4956 2006 5010 nuper

2109 4572 2274 4628 detur
2304 4571 2514 4634 omnia,
2547 4586 2670 4640 quae
2695 4585 2792 4640 per
2855 4567 3171 4622 universum
3214 4565 3403 4620 orbem
3448 4564 3693 4634 contige-

2108 4675 2260 4729 runt,
2285 4665 2496 4718 excidia
2526 4676 2836 4731 superasse.
2863 4661 3043 4729 Atque
3069 4659 3158 4712 hic
3183 4657 3395 4726 imperii
3421 4655 3692 4711 Constan-

2112 4758 2462 4828 tinopolitani
2501 4757 2626 4810 finis
2663 4755 2788 4820 fuit,
2843 4754 2988 4824 quod
3024 4769 3050 4805 a
3091 4750 3452 4806 Constantino
3497 4748 3691 4820 Magno

2111 4866 2174 4905 cx
2212 4851 2366 4906 italia
2417 4851 2764 4915 translatum,
2802 4845 3157 4918 Byzantiique
3205 4843 3590 4909 constitutum,
3631 4844 3688 4898 itt

2116 4939 2479 4994 Constantino
2508 4939 2810 5010 Palwologo
2840 4936 3026 4991 desiit.

550 5119 1062 5185 Cantt’nuatiom’s
1111 5123 1530 5205 Glycanorum
1564 5133 1927 5204 Annalium,
1969 5140 2224 5190 auctore
2259 5129 2501 5188 Joanne
2534 5126 2931 5202 Leuncla-vt'o,
2976 5123 3058 5186 ad
3089 5131 3340 5204 captum
3374 5144 3566 5205 usque

1784 5236 2154 5311 Byzantium
2185 5233 2347 5309 ﬁnis.

1678 5500 2413 5533 ψει-
