4070 6430
501 327 617 391 653

1901 326 2269 388 El’lS'l'OlA
2312 327 2358 388 Ι.

3658 326 3762 391 ϐἒίε

504 445 669 497 Ὥστε
708 440 935 511 ποιῆσαι
975 439 1553 513 προσδεκτικωτέρους
1578 439 1796 507 αὐτοὺς,
1837 442 1931 494 καὶ
1965 458 2074 511 μη-

2189 439 2233 492 in
2266 438 2466 495 tuenda
2504 437 2736 494 sanitate
2764 435 2819 491 in
2846 445 3123 507 posterum
3170 436 3444 493 cautiores
3499 438 3760 501 eiliciant.

498 535 588 589 δέν
617 551 700 587 τοι
731 533 867 597 τέως
896 531 954 597 ἐξ
981 533 1204 600 ἀγνοίας
1254 533 1506 587 πάθωσιν
1536 532 1971 602 ἀπροσδόκητον.
2013 532 2074 585 Ei

496 626 554 681 δὲ
592 626 686 680 καὶ
718 625 916 697 ἀταξίᾳ
945 624 1168 687 τούτους
1203 623 1354 676 ἴδωσι
1401 622 1495 676 καὶ
1538 622 1830 693 ἀδιαφορία
1863 624 2079 693 χρωμέ-

497 735 623 780 νους
684 718 814 787 περὶ
862 716 962 786 τὴν
1015 715 1250 781 δίαιταν,
1309 715 1365 767 τί
1419 713 1525 785 χρὴ
1559 716 1648 768 καὶ
1714 715 1929 782 λέγειν;
1965 713 2077 766 εἴτε

498 806 690 881 πόρρω
716 808 965 862 ποιοῦσιν
1000 808 1197 870 αὐτοὺς
1231 808 1305 869 ὡς
1346 807 1732 878 ίδιοῤῥύθμους
1763 808 1941 871 ὄντας,
1982 808 2077 859 καὶ

502 901 580 972 μὴ
608 900 916 972 κεχρῆσθαι
950 898 1314 968 πειθομένους
1354 901 1474 961 ταῖς
1518 900 1791 969 ἰατρικαῖς
1841 897 2080 966 παραδό-

501 1008 640 1045 σεσι.
682 990 877 1061 [Ιὸῥρω
906 990 961 1043 δὲ
1000 988 1272 1051 ποιοῦσιν,
1303 990 1392 1043 ἵνα
1423 989 1498 1058 μὴ
1532 990 1625 1042 καὶ
1672 990 1859 1060 μῶμος
1894 990 2077 1051 αὐτοῖς

498 1081 752 1152 ἐπιϐαίη,
791 1084 886 1135 ἀτε
944 1082 1008 1149 δὴ
1048 1081 1399 1151 κακοτέχνοις
1435 1077 1555 1134 οὗςι
1584 1081 1677 1134 καὶ
1724 1082 1961 1149 πονηρὶν
2015 1082 2078 1134 ὲκ

498 1170 692 1225 τούτου
719 1172 1011 1240 κτήσαιντο
1037 1172 1233 1241 ὄνομα.
1285 1173 1380 1225 Διά
1408 1190 1459 1225 τι
1507 1173 1665 1226 τοῦτο
1702 1174 1795 1226 καὶ
1826 1174 1916 1225 ἐὰν
1966 1177 2079 1235 τοῖς

499 1266 681 1326 αὐτοῖς
714 1266 973 1334 ἐπισταίη
1015 1285 1098 1329 τις
1149 1269 1342 1337 βαρείᾳ
1376 1268 1474 1336 μὲν
1509 1268 1651 1335 νόσῳ
1715 1269 1945 1336 κάτοχος
1981 1266 2076 1329 ὢν,

499 1354 836 1423 ἀναγκάζων
861 1357 918 1408 δὲ
950 1358 1154 1425 ὁμοίως
1185 1357 1382 1420 αὐτοὺς
1412 1357 1473 1410 οὐ
1501 1358 1678 1428 καιρῷ
1705 1357 1879 1411 δέοντι
1908 1360 2077 1428 κερᾶ-

501 1446 593 1500 σαί
626 1463 676 1499 τι
734 1448 1028 1518 φάρμακον
1064 1449 1231 1517 αὐτῷ,
1275 1449 1339 1500 οὐ
1399 1449 1561 1518 μόνον
1583 1451 1643 1502 οὐ
1704 1450 1947 1519 δέχονται
1979 1451 2080 1520 τὴν

500 1535 718 1603 αἴτησιν
768 1536 1036 1604 εὐμενῶς,
1088 1536 1223 1589 ἀλλά
1284 1537 1380 1589 καὶ
1418 1538 1493 1597 ὡς
1543 1540 1830 1608 μεμηνότα
1888 1537 2080 1591 τοῦτον

470 1627 900 1701 ¹ἀποδιώκουσιν
922 1644 937 1658 ο
981 1631 1028 1682 εί
1061 1629 1171 1699 γὰρ
1222 1630 1315 1683 καὶ
1363 1631 1895 1698 συγκαταὸαίνουσιν
1930 1631 2079 1683 ἐστιν

499 1717 589 1770 ὅτε
619 1717 698 1787 τῷ
733 1719 991 1781 κάμνοντι
1046 1721 1141 1772 καὶ
1194 1720 1556 1791 παραμυθίας
1604 1722 1766 1775 αὐτὸν
1811 1721 2076 1786 ἀξιοῦσιν,

501 1808 619 1863 ἀλλ’
648 1812 750 1864 οὐκ
783 1811 873 1863 ἐπὶ
915 1811 1191 1874 τοσοῦτον,
1222 1811 1360 1868 ὥστε
1400 1814 1490 1866 καὶ
1526 1813 1731 1882 φονέως
1770 1814 1942 1882 ὄνομα
1984 1813 2074 1865 δέ·

500 1901 694 1973 χεσθαι
734 1902 822 1955 διά
852 1920 916 1971 γε
945 1903 1043 1972 τὴν
1088 1903 1297 1956 ἐκείνου
1334 1904 1563 1975 ἄκαιρον
1594 1905 1832 1975 αἴτησιν.
1869 1905 1992 1958 Ὀτι
2021 1904 2078 1956 δὲ

499 1993 561 2046 τὺ
616 1992 887 2064 σωτήριον
937 1997 1231 2064 φάρμακον
1261 1995 1506 2063 ὀλέθριον
1562 1994 1670 2049 οἶδε
1716 1999 1886 2048 ποιεῖν
1926 1999 1952 2048 6
2007 1996 2079 2065 μὴ

501 2086 800 2156 προσήκων
834 2088 1049 2156 καιρὸς,
1108 2090 1135 2138 6
1191 2091 1355 2155 σοφὸς
1398 2092 1606 2152 ἐκεῖνος
1632 2091 1861 2157 ’ἔδειξεν
1905 2091 2080 2154 οὕτως

500 2176 673 2232 εἰπών
692 2193 708 2209 ⁸
753 2179 1022 2247 Ἀκαςρίη
1060 2179 1132 2233 ἐν
1155 2180 1275 2249 μὲν
1304 2182 1472 2251 brain
1516 2181 1750 2237 νοῦσον
1780 2182 2039 2252 ἤνεγκεν
2065 2200 2077 2213 ’

499 2269 574 2323 ἐν
596 2270 665 2325 δὲ
698 2273 901 2337 νούσῳ
933 2274 1216 2331 θάνατον.

574 2450 642 2503 Ei
672 2450 729 2503 δὲ
791 2452 1018 2522 τοιαύτη
1056 2454 1149 2506 xxi
1197 2455 1436 2524 τοσαύτη
1498 2459 1761 2523 πρόσεστι
1823 2463 1934 2519 τοῖς
1976 2463 2082 2513 τῶν

504 2544 776 2612 σωμάτων
801 2544 962 2613 ήμῶν
996 2547 1200 2615 ἰατροῖς
1236 2549 1511 2619 ἀκρίϐεια,
1541 2553 1634 2601 καὶ
1683 2553 1792 2618 γὰρ
1826 2551 2082 2604 οὐδέποτε

505 2637 1039 2706 συγκαταϐαίνουσιν
1072 2632 1218 2693 οὗτοι
1268 2644 1382 2706 τοῖς
1422 2641 1755 2713 κάμνουσιν,
1783 2646 1916 2698 ἔνθα
1947 2661 2083 2713 προ-

504 2729 681 2809 φανὴς
716 2730 951 2801 ὑπάρχει
1004 2734 1032 2784 6
1085 2731 1330 2794 κίνδυνος
1355 2748 1367 2762 ο
1423 2734 1608 2804 πολλῷ
1647 2735 1849 2804 μᾶλλον
1890 2736 1938 2788 οἱ
1976 2737 2084 2789 τῶν

502 2821 752 2893 ψυχικῶν
806 2823 996 2878 παθῶν
1053 2825 1230 2894 ἰατροὶ
1265 2826 1362 2880 καὶ
1399 2826 1689 2897 ἀκριϐείας
1742 2828 2080 2893 ἀνθέξονται,

504 2916 623 2969 καὶ.
647 2915 791 2968 κατὰ
839 2917 966 2980 τοὺς
996 2918 1198 2987 νόμους
1237 2919 1328 2971 τοῦ
1365 2921 1684 2989 πνεύματος
1724 2922 1848 2985 τοὺς
1897 2921 2086 2985 κακῶς

462 3046 469 3049 -
503 3009 731 3077 ἔχοντας
759 3007 1122 3078 διαιτήσουσι.
1158 3011 1269 3064 Καὶ
1300 3011 1445 3064 οὕτω
1477 3013 1575 3081 μὲν
1601 3012 1710 3065 τῶν
1745 3015 2084 3082 σωματικῶν

2180 538 2235 585 et
2267 530 2335 583 ita
2369 528 2503 583 nihil
2537 530 2617 584 eis
2642 528 3018 597 ignorantibus
3053 526 3333 596 inopinum
3365 528 3580 584 olﬁciat.
3609 530 3762 597 Quod

2180 622 2223 676 si
2253 621 2419 677 eosin
2445 623 2587 676 victu
2608 621 2816 676 nullum
2849 635 3072 677 servare
3122 622 3395 690 ordinem,
3462 632 3517 677 et
3561 624 3766 693 promi-

2182 730 2312 770 scue
2339 713 2557 784 quidvis
2588 714 2755 769 edere
2785 724 2878 768 aut
2908 714 3097 768 bibere
3144 713 3421 778 viderint,
3455 715 3584 783 quid
3624 730 3765 784 opus

2180 814 2266 883 est
2290 805 2621 861 verbisiAb
2655 805 2718 859 iis
2780 805 3019 859 visendis
3079 804 3381 865 abstinent,
3425 816 3482 860 ut
3547 808 3640 875 qui
3699 809 3764 862 ad

2182 914 2315 955 suos
2346 899 2588 968 ipsorum
2614 911 2875 952 numeros
2918 897 3124 962 vivant,
3172 908 3225 950 et
3287 898 3488 952 auxilia
3550 895 3767 953 medica
3820 903 3852 927 ’ί

2185 1006 2453 1059 usurpare
2489 989 2781 1060 negligant.
2816 988 2943 1043 Ideo
2967 999 3147 1062 autem
3197 1004 3257 1046 se
3316 992 3385 1044 ab
3414 990 3517 1045 illis
3581 1006 3766 1047 remo-

2182 1092 2332 1144 vent,
2365 1097 2434 1136 ne
2467 1096 2571 1150 qua
2603 1080 2722 1135 labe
2757 1079 3066 1149 ignominia:
3090 1081 3403 1146 inurantur,
3461 1081 3618 1150 quasi
3673 1097 3768 1135 aro

2185 1186 2290 1230 tem
2324 1173 2461 1229 male
2491 1173 2805 1235 didicerint,
2838 1182 2893 1225 ct
2930 1171 3059 1226 inde
3096 1187 3297 1226 nomen
3333 1188 3520 1226 eorum
3555 1173 3608 1226 in
3634 1188 3769 1227 cou—

2182 1276 2391 1336 tempto
2426 1273 2681 1335 ponatur.
2722 1263 2988 1329 Quocirca
3018 1263 3062 1319 si
3092 1266 3215 1333 quis
3242 1265 3404 1318 etiam
3437 1265 3502 1318 ad
3543 1280 3639 1319 eos
3671 1281 3766 1319 ac-

2182 1359 2431 1421 cesserit,
2465 1357 2665 1412 dillieili
2726 1356 2919 1411 morbo
2991 1356 3308 1426 impeditus,
3356 1367 3411 1409 ct
3442 1373 3534 1409 cos
3589 1372 3765 1425 quan—

2182 1466 2344 1520 quam
2402 1461 2646 1519 tempore
2703 1463 2890 1518 parum
2942 1455 3254 1518 opportuno
3305 1447 3765 1502 medicamentum

2184 1544 2290 1599 sibi
2316 1556 2644 1611 componere
2676 1549 2887 1610 urgeat,
2916 1555 3026 1593 non
3052 1538 3224 1593 solum
3258 1538 3515 1607 precibus
3535 1537 3655 1607 eius
3678 1539 3769 1591 bc-

2182 1636 2376 1691 ncvole
2399 1651 2507 1687 non
2546 1633 2814 1698 adnuunt,
2850 1647 3039 1686 verum
3071 1631 3234 1685 etiam
3270 1639 3327 1684 ut
3370 1639 3643 1685 amentem
3681 1642 3767 1682 re-

2186 1730 2411 1797 pellunt.
2439 1727 2547 1782 Etsi
2584 1726 2729 1782 enim
2764 1740 3161 1793 nonnunquam
3219 1723 3536 1794 indulgeant
3595 1736 3769 1791 aegro-

2186 1823 2344 1886 tanti,
2372 1835 2610 1886 eumque
2656 1818 3035 1874 consolatione
3091 1816 3381 1879 deliniant,
3432 1831 3541 1868 non
3583 1824 3768 1869 tamen

2183 1928 2250 1968 eo
2272 1927 2444 1982 usque
2468 1912 2518 1966 id
2546 1911 2776 1973 faciunt,
2809 1922 2864 1964 ut
2908 1918 3132 1978 propter
3171 1907 3610 1977 intempestivam
3648 1904 3769 1973 ejus

2184 2003 2500 2072 petitionem
2535 2002 2820 2057 homicidae
2845 2000 2957 2069 (15)
2988 1999 3181 2054 audire
3212 1999 3400 2051 velint.
3450 1997 3763 2050 Salutarem

2184 2094 2696 2165 porro’medieinam
2729 2093 3043 2161 pestiferam
3088 2106 3245 2159 posse
3277 2090 3455 2153 reddi,
3517 2089 3560 2143 si
3586 2087 3767 2163 alieno

2186 2200 2430 2258 tempore
2464 2189 2573 2253 liat,
2603 2185 2821 2253 sapiens
2854 2186 2942 2238 ille
2967 2184 3151 2239 docuit
3187 2183 3271 2236 his
3303 2182 3484 2235 verbis
3523 2199 3535 2233 :
3571 2180 3768 2233 Intem-

2185 2269 2456 2349 pestivitas
2486 2281 2538 2332 in
2567 2281 2799 2333 sanitate
2824 2278 3083 2340 morbum,
3117 2278 3172 2329 in
3205 2275 3384 2328 morbo
3433 2282 3654 2327 mortem
3685 2281 3769 2326 at-

2186 2374 2307 2427 tulit
2347 2373 2478 2442 (l6).
2946 2379 2950 2384 '
3640 2419 3648 2426 .

2255 2464 2372 2520 Jam
2406 2464 2448 2518 si
2482 2464 2602 2517 talis
2632 2478 2693 2516 ac
2728 2470 2874 2515 tanta
2911 2461 3191 2530 diligentia
3217 2475 3245 2513 a
3279 2472 3569 2528 corporum
3598 2456 3767 2509 medi-

2184 2559 2263 2613 cis
2289 2568 2570 2622 praastatur
2604 2558 2806 2629 (neque
2826 2557 2970 2610 enim
3008 2569 3252 2621 unquam
3281 2554 3565 2622 imlulgcnt
3593 2566 3769 2617 aegro-

2187 2652 2280 2714 tis,
2340 2649 2428 2703 ubi
2483 2651 2823 2704 maniiestmn
2898 2648 3200 2717 periculum
3263 2644 3542 2713 cernunt),
3597 2643 3771 2696 multo

2185 2744 2359 2813 magis
2393 2743 2702 2796 morbomm
2728 2742 2794 2794 ad
2832 2742 3073 2794 animam
3112 2739 3507 2807 pertinentium
3568 2734 3765 2790 medici

2186 2845 2241 2890 et
2257 2850 2440 2890 curam
2461 2833 2789 2909 praecipuam
2824 2833 3153 2903 suscipient,
3197 2839 3251 2884 ct
3287 2829 3590 2883 secundum
3621 2826 3770 2896 leges

2187 2927 2412 2997 spiritus
2470 2926 2621 2989 male,
2657 2914 2973 2980 habentium
3036 2923 3251 2978 diaetam
3307 2920 3765 2976 moderabnntur.

2187 3018 2278 3074 Sic
2309 3019 2472 3088 igitur
2494 3016 2777 3087 corporeis
2808 3015 3094 3070 aﬂ‘ectibus
3124 3014 3409 3067 medentes
3444 3019 3499 3063 ct
3527 3009 3773 3061 rentiunt

507 3100 701 3155 παθῶν
758 3102 935 3171 ἰατροῖ
966 3104 1059 3156 καὶ
1089 3104 1353 3174 φρονοῦσι
1403 3104 1605 3179 πάντα
1633 3106 1726 3160 καὶ
1781 3110 2082 3176 πράττουσι

2194 3120 2248 3165 ει
2270 3108 2477 3164 faciunt
2507 3107 2682 3162 omnia
2716 3123 2778 3163 ex
2816 3104 3099 3161 medicina:
3160 3102 3466 3172 praeceptis,
3521 3099 3684 3165 idque
3716 3108 3775 3149 ut

510 3195 651 3248 κατά
683 3212 739 3248 τε
782 3198 908 3259 τοὺς
965 3197 1166 3267 νόμους
1222 3199 1350 3260 τοὺς
1411 3198 1714 3267 ίατρικοὺς,
1760 3199 2082 3265 καὶταῦτα,

515 3286 672 3355 σῶμα
697 3289 1025 3358 Θεραπεύειν
1051 3287 1471 3359 ἀγωνιζόμενοι,
1503 3291 1686 3360 πολλῷ
1719 3293 2075 3346 καταδεέστες

511 3398 604 3450 ρον
633 3380 692 3434 ὃν
721 3382 817 3451 τῆς
860 3383 1038 3454 ψυχῆς
1066 3398 1079 3414 ⁸
1110 3384 1138 3435 ὁ
1177 3382 1234 3436 δὲ
1268 3381 1525 3457 κηδεμὼν
1571 3383 1730 3452 ἡμῶν
1767 3385 1860 3437 καὶ
1895 3385 2086 3455 Σωτὴρ

504 3474 533 3525 6
567 3474 771 3545 Κύριος
812 3475 962 3543 ἡμῶν
994 3474 1203 3545 Ἰησοῦς
1234 3473 1474 3546 Χριστὸς
1505 3474 1891 3545 ἀριδηλότερον
1916 3474 2084 3540 ἔδειξε

505 3563 618 3616 εἶτε
665 3567 772 3633 χρὴ
823 3564 1283 3631 συγκαταόαίνειν
1339 3564 1703 3628 ἀνθρωπίνοις
1760 3563 2084 3631 θελήμασιν.

505 3655 617 3707 εἴτε
646 3656 742 3706 καὶ
774 3658 870 3723 μή.
913 3654 1152 3724 Ἷζφθασε
1180 3657 1288 3724 γὰρ
1324 3657 1380 3706 ἐν
1409 3658 1473 3723 τῇ
1521 3656 1815 3725 συναγωγῇ
1845 3656 1938 3706 καὶ
1960 3656 2086 3706 τάδε

510 3745 646 3814 πρὸς
676 3747 790 3808 τοῖς
807 3746 991 3809 ἄλλοις
1012 3749 1208 3800 εἰπεῖν.
1229 3748 1368 3800 Ἐὰν
1383 3745 1468 3815 μὴ
1489 3745 1723 3814 φάγητε
1749 3745 1865 3812 τὴν
1890 3746 2089 3811 (νάρκα

399 3848 417 3859 ’
509 3837 618 3892 τοῦ
652 3836 789 3890 υἱοῦ
829 3838 936 3891 τοῦ
968 3838 1312 3906 ἀνθρώπου,
1347 3838 1445 3892 καὶ
1478 3838 1656 3904 πίητε
1684 3839 1749 3890 τὸ
1799 3833 1942 3904 αἷμα
1978 3839 2088 3888 αὺ-

508 3928 639 3992 τοῦ,
675 3930 788 3983 οὐκ
816 3929 985 3999 ἔχετε
1033 3928 1187 3997 ζωὴν
1228 3931 1296 3983 ἐν
1325 3930 1565 3995 ἑαυτοῖς
1588 3946 1602 3960 ·
1638 3931 1732 3982 καὶ
1785 3927 2090 3999 τηνικαῦτα

508 4021 728 4077 πολλοὶ
753 4018 1077 4075 τῶν-αὺτοῦ
1092 4018 1374 4090 μαθητῶν
1397 4018 1679 4089 ἀπῆλθον
1698 4023 1786 4086 εὶς
1800 4025 1871 4073 τὰ
1895 4021 2090 4073 ὀπίσω

507 4113 610 4167 καὶ
660 4115 771 4168 οὐκ
801 4113 887 4167 ἔτι
915 4111 1320 4179 περιεπάτουν
1340 4111 1470 4180 μετ’
1523 4112 1712 4167 αὐτοῦ
1762 4112 2045 4182 λέγοντες
2071 4130 2086 4145 ο

519 4208 583 4259 ’0
640 4205 827 4274 λόγος
886 4200 1065 4270 οὗτος
1123 4206 1395 4272 σκληρός
1465 4205 1632 4258 ἐστι’
1690 4204 1784 4269 τίς
1839 4206 2092 4260 δύναται

508 4299 752 4353 ἀκούειν
782 4297 970 4351 αὐτοῦ
995 4312 1013 4359 ;
1053 4297 1164 4350 Καὶ
1191 4296 1334 4349 οὕτω
1362 4297 1460 4365 μὲν
1483 4298 1680 4349 ἐκεῖνοι
1703 4314 1716 4328 ·
1752 4297 1805 4350 τί
1837 4298 1894 4352 δὲ
1924 4300 1951 4351 6
1980 4299 2093 4351 Σω-

508 4394 613 4461 τὴρ
642 4391 800 4461 ἡμῶν
834 4392 926 4444 ἐπὶ
954 4390 1169 4453 τούτοις
1195 4409 1209 4457 ;
1243 4389 1380 4443 Οὔτε
1407 4392 1499 4443 τὸν
1526 4392 1685 4460 λόγον
1731 4392 1869 4462 προς
1898 4393 1960 4444 τὸ
1989 4409 2094 4460 μα-

2189 3217 2412 3272 corpus,
2439 3199 2583 3269 quod
2630 3197 2812 3252 multis
2845 3197 3085 3264 partibus
3131 3195 3313 3249 anima
3380 3202 3463 3246 est
3514 3189 3768 3251 interius,

2190 3292 2258 3348 ad
2291 3292 2579 3347 sanitatem
2647 3304 2748 3343 suo
2788 3289 2974 3341 labore
3012 3288 3340 3355 perducant.
3391 3284 3624 3337 Curator
3678 3296 3773 3345 an:

2190 3396 2298 3441 tem
2323 3395 2378 3439 et
2420 3383 2667 3439 Salvator
2720 3391 2908 3434 noster
2965 3378 3126 3432 Jesus
3156 3377 3408 3431 Christus
3459 3372 3773 3443 pricclarius

2191 3480 2456 3539 ostendit,
2490 3494 2620 3532 num
2645 3474 3018 3530 voluntatibus
3050 3471 3307 3528 humanis
3326 3466 3776 3523 condescendere

2190 3574 2461 3643 oporteat,
2493 3585 2690 3625 necne.
2728 3567 2871 3620 Dixit
2893 3565 3040 3621 enim
3083 3582 3095 3616 :
3142 3563 3259 3616 Nisi
3322 3558 3775 3614 manducaveritis

2191 3679 2403 3717 carnem
2432 3658 2565 3713 Filii
2592 3659 2844 3722 hominis,
2906 3665 2955 3710 et
2988 3655 3221 3708 biberitis
3275 3652 3393 3721 ejus
3431 3652 3770 3721 sanguinem,

2192 3770 2296 3807 non
2341 3751 2592 3806 habebitis
2647 3750 2814 3801 vitam
2845 3748 2899 3799 in
2958 3747 3141 3800 vobis'
3178 3785 3189 3797 .
3242 3742 3380 3797 Tum
3441 3757 3570 3795 vero
3624 3740 3776 3792 multi

2192 3842 2587 3907 discipulorum
2612 3840 2725 3910 ejus
2758 3838 2972 3891 abibant
3007 3844 3171 3898 retro,
3205 3850 3297 3887 nec
3331 3831 3561 3901 amplius
3588 3829 3778 3884 ambu-

2170 3925 2375 3989 Yabaut
2409 3950 2529 3988 eum
2560 3949 2640 3993 eo,
2673 3931 2925 3991 dicentes,
2968 3928 3141 3981 Durus
3187 3938 3261 3981 est
3322 3926 3404 3978 hic
3463 3940 3679 3989 sermo;
3728 3931 3775 3975 et

2195 4030 2309 4100 quis
2343 4036 2509 4096 patest
2545 4024 2704 4079 illum
2738 4024 2926 4077 audire
2949 4023 3011 4075 ’ί
3039 4024 3219 4090 Atque
3284 4019 3361 4073 illi
3398 4018 3615 4085 quidem
3676 4017 3779 4071 hoc

2194 4121 2378 4172 modo.
2439 4115 2580 4182 Quid
2611 4116 2677 4170 ad
2726 4115 2841 4169 haec
2891 4113 3144 4168 Salvator
3176 4110 3404 4165 noster?
3437 4123 3613 4179 neque
3641 4107 3779 4160 mol—

2195 4212 2299 4267 lius
2319 4209 2600 4281 quidpiam
2651 4208 2866 4262 locutus
2900 4215 3011 4271 est;
3070 4211 3124 4259 et
3180 4219 3239 4258 se
3290 4202 3608 4257 deserentes
3643 4198 3779 4253 nihil

2195 4305 2410 4360 curavit
2454 4302 2708 4373 penitus,
2756 4300 2877 4367 sed,
2908 4313 3006 4355 eos
3039 4299 3193 4353 abire
3253 4296 3398 4361 sivit,
3453 4305 3514 4349 ut
3561 4292 3780 4348 divinus
3813 4361 3835 4379 κ

2184 4388 2434 4453 Ἱοαηηοε
2461 4394 2558 4450 ait.
2587 4393 2699 4449 Hoc
2724 4400 2910 4447 autem
2945 4389 3075 4445 fecit
3102 4389 3308 4457 utique,
3367 4401 3477 4439 non
3500 4383 3645 4452 quod
3682 4398 3779 4437 eos

507 4484 824 4552 λακὼτερον
868 4484 1159 4553 ἔστρεψεν,
1192 4483 1317 4536 οὔτε
1353 4483 1463 4536 τῶν
1508 4484 1917 4555 ἀποπηδώντων
1951 4484 2083 4546 ὅλως

2195 4486 2426 4540 salutem
2456 4480 2685 4552 adipisci
2711 4480 2899 4543 nollet,
2945 4493 3137 4534 verum
3165 4476 3334 4546 quod,
3369 4490 3493 4529 cum
3530 4472 3623 4527 tali
3662 4488 3791 4526 me—

508 4578 855 4646 ἐφρόντισενυ
888 4576 1005 4631 ἀλλ’
1026 4567 1469 4646 ἀφῆκεναύτοὺς
1505 4578 1760 4644 ὑπάγειν,
1789 4576 1865 4639 ὡς
1890 4578 1916 4629 6
1949 4575 2087 4645 θεηο

509 4669 674 4740 γΰρος
721 4670 972 4739 Ἰωάννης
1011 4670 1165 4740 φησί.
1194 4668 1384 4749 ¹Τοῦτο
1429 4669 1484 4721 δὲ
1537 4669 1756 4731 πάντως
1804 4668 2086 4737 ἐποίησεν,

509 4764 607 4827 οὐχ
636 4763 719 4816 ὅτι
773 4763 1046 4833 σωτηρίας
1085 4761 1329 4826 ἐκείνους
1384 4761 1483 4817 οὐκ
1520 4760 1682 4832 ἤθελε
1730 4762 1935 4831 τυχεῖν,
1969 4760 2088 4815 ἀλλ’

585 4898 694 4967 (l3)
727 4895 1164 4954 SrribitPlinins
1197 4896 1288 4952 lib.
1317 4914 1465 4963 χχιιι,
1508 4912 1626 4965 cap.
1665 4899 1714 4960 l,
1771 4897 2090 4964 i::scriptum

512 4968 748 5022 infelicis
773 4969 1048 5033 cujusdam
1082 4981 1457 5032 monumento,
1479 4970 1632 5024 turba
1671 4982 1729 5022 se
1758 4968 2090 5022 medicorum

514 5040 775 5109 p-uiisse;
818 5037 1217 5109 Archagathum
1266 5038 1724 5109 verokmedicunr
1754 5036 2092 5109 PeIOponne-

511 5106 676 5167 sium,
715 5109 806 5174 qui
843 5108 1069 5161 Romam
1103 5121 1249 5160 anno
1276 5106 1343 5162 U.
1374 5106 1437 5161 C.
1476 5107 1582 5162 555
1606 5107 1773 5170 venit,
1821 5122 1849 5161 a
1881 5107 2088 5161 smvitia

515 5178 735 5235 secandi
772 5178 1092 5245 urendique,
1131 5177 1455 5231 Carniﬁcem
1482 5178 1655 5232 fuisse
1680 5186 1948 5231 vocatum.
2013 5176 2088 5231 De

515 5248 742 5304 medicis
772 5247 975 5302 Graecis
1011 5247 1146 5301 Ca‘to
1188 5262 1203 5299 :
1242 5248 1507 5302 Jurarunt
1529 5249 1665 5302 inter
1702 5263 1757 5301 se
1818 5245 2089 5300 Barbaros

517 5334 704 5372 necare
724 5334 899 5373 omnes
923 5318 1203 5371 medicina.
1263 5316 1559 5372 Homicida:
1598 5317 1819 5387 quidem
1884 5317 2087 5387 passim

518 5390 712 5442 medici
737 5389 991 5443 audiunt.
1030 5388 1235 5440 Plinius
1268 5388 1385 5442 loco
1417 5387 1633 5442 laudato
1668 5405 1680 5439 :
1709 5387 1929 5440 Discant
1950 5387 2093 5456 peri-

517 5459 647 5512 culis
671 5461 885 5518 nostris,
927 5470 974 5512 et
1002 5475 1094 5527 per
1131 5456 1491 5526 experimenta
1529 5465 1720 5511 mortes
1754 5468 1937 5528 agunt,
1985 5472 2096 5509 me-

519 5531 735 5593 dicoque
765 5538 971 5582 tantum
1007 5531 1265 5598 hominem
1287 5528 1535 5582 occidisse
1565 5543 1778 5582 summa
1805 5528 2094 5598 impunitas

518 5609 614 5652 est.
649 5599 785 5654 Hinc
802 5600 869 5655 de
890 5599 1215 5653 Themisone
1234 5596 1512 5653 Juvenalis
1537 5613 1550 5650 :

628 5670 766 5735 Quot
802 5670 1260 5739 Themisoucegros
1291 5679 1545 5721 autumno
1592 5670 1836 5723 occiderit
1866 5686 1988 5723 uno.

593 5787 613 5821 ⁸
651 5784 840 5844 Ioann.
875 5806 947 5846 vt.
1014 5790 1079 5843 55
1182 5789 1199 5819 '
1231 5789 1266 5842 li
1294 5789 1366 5841 id.
1407 5788 1490 5841 (il.

2202 4576 2381 4630 dicina
2408 4574 2734 4644 indigerent,
2775 4584 2878 4624 nec
2910 4569 3300 4639 intelligerent,
3359 4581 3462 4619 nec
3517 4564 3781 4633 magistro

2201 4669 2425 4725 obedire
2455 4665 2795 4726 didicissent.
2822 4672 2967 4718 retro
2989 4661 3141 4717 abire
3197 4674 3296 4728 pro
3328 4658 3572 4727 ipsorum
3639 4653 3784 4708 arbi-

2198 4759 2304 4813 trio
2335 4757 2585 4828 permissi
2627 4765 2775 4812 sunt.

2201 4895 2309 4949 Lex
2348 4895 2545 4957 Attica,
2583 4895 2649 4949 de
2688 4909 2792 4962 qua
2816 4894 3089 4962 Antiphon
3116 4902 3255 4947 orat.
3278 4888 3693 4955 xmmedicum,
3733 4888 3778 4945 si

2202 4964 2828 5035 aegruminterfecisset,
2858 4965 3130 5018 insontem
3156 4964 3450 5035 judicabat.

2273 5036 2385 5105 (l6)
2413 5034 2578 5089 Divus
2619 5035 2955 5105 Augustinus
3012 5034 3287 5105 memoria:
3344 5030 3631 5105 prodidit,_
3660 5046 3782 5084 cum

2201 5101 2417 5176 quidam
2456 5101 3048 5176 :egrotusfpharmaco,
3074 5104 3219 5172 quod
3262 5101 3779 5176 medicusdederat,

2198 5173 2418 5244 sumpto
2454 5173 2844 5239 convaluisset,
2894 5175 3146 5229 evenisse
3194 5185 3287 5237 .ut,
3336 5187 3470 5244 eum
3501 5173 3783 5241 aliquanto

2197 5243 2401 5316 post'in
2421 5245 2672 5316 eumdem
2706 5246 2955 5316 morbum
2982 5243 3283 5310 incidisset,
3312 5243 3378 5297 ad
3411 5243 3562 5316 idem
3599 5256 3779 5316 reme-

2198 5311 2370 5378 dium,
2400 5315 2707 5369 inconsulto
2749 5314 2984 5385 medico,
3019 5316 3371 5385 confugeret.
3409 5311 3626 5365 Miranti
3685 5326 3780 5363 au-

2203 5395 2310 5440 tem
2346 5385 2489 5455 quod
2525 5386 2716 5439 morbo
2740 5401 2847 5439 non
2876 5383 3170 5449 levaretur,
3190 5382 3208 5385 ⁷
3232 5382 3504 5455 medii-um
3554 5396 3782 5455 respon-

2201 5451 2378 5517 disse,
2397 5456 2538 5509 idem
2570 5457 2787 5523 quidem
2819 5455 3194 5523 pharmaeum,
3221 5453 3312 5506 sed
3362 5466 3467 5523 non
3529 5466 3557 5523 a
3589 5465 3649 5523 se
3679 5451 3781 5502 (la-

2205 5535 2340 5592 tum,
2367 5520 2665 5596 abaegroto
2690 5520 2967 5591 sumptum
2994 5526 3197 5596 fuisse;
3240 5532 3402 5592 atque
3443 5522 3514 5596 ita
3539 5520 3783 5574 insinua-

2204 5591 2639 5650 vittnedico'rum
2694 5612 2815 5652 esse
2869 5597 2999 5651 dare
3058 5591 3369 5663 pharmace,
3419 5591 3506 5659 qui
3579 5598 3782 5644 norunt

2206 5667 2425 5735 quando
2457 5674 2509 5722 et
2533 5670 2811 5737 quomodo
2836 5665 3014 5723 danda
3040 5666 3170 5718 sint.
3665 5688 3676 5699 -
