4070 6422
354 249 461 312 655

1620 254 2038 318 MICHAELIS
2076 258 2335 321 GLYCIE

3523 255 3628 320 (τεῦ

349 372 429 422 δτι
480 367 740 438 τοιαύτης
791 368 1038 440 ίατρείας
1086 370 1362 441 δεόμενοι,
1419 371 1517 450 καὶ
1561 373 1637 444 μὴ
1685 375 1982 440 συνιέντες,
2029 377 2166 446 μηδὲ
2218 374 2529 446 διδασκάλῳ
2572 370 2860 429 πείθεσθαι
2905 372 3326 445 μεμαθηκότες,
3370 369 3624 426 ἀπελθεῖν

349 466 432 526 είς
479 467 548 515 τὰ
596 462 796 524 ὀπίσω,
842 461 1027 526 καθὼς
1065 464 1391 534 ᾐρετίσαντο
1441 465 1930 536 συνεχωρήθησαν.

425 557 872 627 lndigereaulcm
904 570 1006 610 nos
1031 555 1130 610 ista
1159 559 1449 622 medicina,
1492 569 1706 613 constat
1745 560 1923 611 Olmti-
1955 562 2004 622 Α

352 649 551 702 ηιοηῐίε.
582 650 874 717 Postquam
909 652 1054 703 enim
1089 651 1356 704 malorum
1391 653 1688 704 multorum
1723 651 1935 704 machi-

353 749 518 792 nator
549 740 712 794 draco
738 739 826 793 ille
862 755 893 793 a
919 741 1190 810 principio
1219 741 1442 796 exitium
1471 741 1631 796 nobis
1655 741 1708 794 in
1742 755 1804 794 os
1829 739 1933 792 im-

353 830 522 890 utisit,
573 831 810 885 vicissim
836 834 1050 887 curatio
1107 849 1204 901 per
1245 848 1306 885 os
1363 833 1692 902 excogitata,
1741 840 1795 886 et
1849 831 1937 884 iu-

355 936 514 979 venta
538 936 638 980 cst.
675 926 786 981 lloc
817 929 960 981 eni'n
1000 943 1161 980 sensu
1205 929 1365 981 ctiam
1419 927 1624 981 Iudaeis
1677 926 1939 980 Dominus

355 1019 491 1072 dixit
527 1037 539 1071 :
570 1018 686 1072 Nisi
710 1016 1392 1082 ntanducaocritiscarnem
1442 1019 1567 1072 Filii
1607 1018 1855 1080 hominis,
1887 1026 1938 1070 et

353 1111 585 1164 bibet-itis
619 1113 730 1180 ejus
751 1114 1082 1181 sanguinem,
1119 1127 1220 1165 non
1252 1113 1503 1165 habebitis
1534 1116 1694 1164 vitam
1723 1113 1776 1164 in
1843 1127 1938 1164 vo-

337 1203 454 1256 ‘bis.
487 1204 623 1267 Quid
669 1203 787 1256 ita?
851 1203 1120 1268 Quoniam
1183 1205 1480 1272 serpentis,
1535 1219 1697 1272 quem
1753 1210 1936 1256 mente

355 1295 711 1363 percipimus,
784 1310 1000 1348 veneno
1045 1303 1174 1348 ante
1233 1305 1454 1364 tempus
1521 1294 1720 1348 mortui
1778 1296 1934 1350 estis.

357 1386 513 1451 Quod
539 1402 663 1439 cum
703 1387 774 1440 ita
818 1388 910 1453 sit,
941 1389 1007 1442 de
1043 1397 1243 1442 caetero
1290 1389 1734 1458 l‘rmpnrgatione
1797 1403 1938 1455 Opus

360 1485 464 1529 est.
493 1475 653 1531 Novit
683 1479 830 1531 enim
879 1479 1051 1547 probe
1082 1479 1347 1533 sanctitas
1371 1488 1482 1542 tua,
1518 1479 1700 1546 etjatn
1747 1479 1940 1532 volen-

360 1577 444 1623 tes
476 1569 778 1623 antidotum
807 1570 1073 1638 recipere,
1107 1585 1170 1624 co
1191 1586 1298 1624 non
1341 1569 1593 1624 similiter
1630 1580 1684 1624 et
1715 1569 1940 1624 fortuito

361 1659 464 1723 uti,
507 1663 827 1730 priusquam
861 1661 1114 1716 videlicet
1146 1662 1395 1731 malignis
1427 1663 1773 1722 humoribus,
1803 1678 1831 1715 a
1859 1661 1942 1714 \i-

360 1757 502 1811 tiosa
553 1758 729 1812 victus
789 1758 1003 1812 ratione
1051 1758 1303 1814 collectis
1361 1773 1486 1814 sese
1543 1758 1941 1826 purgaverint:

360 1848 457 1902 sed
491 1858 843 1902 attenuentur
882 1859 934 1903 et
969 1859 1270 1919 purgantur
1307 1859 1455 1913 ante,
1501 1862 1555 1904 ct
1585 1850 1663 1903 sic
1717 1850 1937 1904 demunt

363 1940 716 2008 pbarmacum
745 1942 1044 2009 accipiunt.
1077 1941 1235 2006 Quod
1269 1943 1387 1996 sine
1420 1943 1586 1997 dubio
1620 1942 1824 1996 idcirco
1865 1941 1943 1995 fa.
1980 1924 2022 1978 Β

363 2027 534 2085 ciunt,
562 2042 631 2080 ne
681 2043 777 2096 pro
820 2029 1116 2096 pharmat'o
1167 2030 1285 2084 utili
1335 2031 1559 2085 noxium
1623 2032 1946 2101 acoipiatur.

362 2119 543 2181 Quare
575 2132 785 2172 sacrum
817 2129 1034 2189 gustare
1095 2122 1320 2176 calicem
1365 2123 1500 2176 nihil
1561 2124 1800 2192 prodest.
1843 2123 1947 2188 nisi

364 2209 517 2273 prius
554 2208 693 2262 bene
763 2219 1025 2278 purgatus
1089 2210 1158 2264 sit
1203 2212 1243 2265 ⁸.
1290 2211 1415 2265 Πωο
1470 2228 1635 2282 porro
1692 2213 1946 2277 dicimus,

363 2313 472 2351 non
505 2307 565 2352 ut
601 2315 702 2352 nos
724 2299 778 2353 in
815 2300 1254 2370 desperationem
1293 2303 1636 2370 abjiciamus,
1674 2319 1862 2358 verum
1894 2312 1952 2358 ut

366 2389 560 2444 modos
581 2391 764 2458 potius
789 2406 852 2445 ac
884 2393 1124 2448 rationes
1149 2395 1447 2449 doceamus
1475 2411 1569 2464 per
1594 2413 1731 2463 quas
1753 2399 1863 2452 vita
1898 2407 1951 2453 et

368 2495 518 2534 mors
577 2481 761 2534 invehi
813 2483 972 2537 solet.
1026 2484 1178 2550 Quod
1199 2486 1243 2537 si
1304 2485 1729 2552 afﬁrmarcmus,
1785 2489 1949 2543 etiam

366 2570 557 2641 ejectis
591 2572 908 2628 humoribus
940 2575 1173 2639 vitiosis,
1207 2587 1262 2631 et
1287 2577 1415 2633 inde
1441 2579 1602 2634 nobis
1644 2581 1951 2650 aplitudinc

368 2662 678 2721 conciliata.
711 2664 957 2719 nondum
990 2667 1237 2734 permitti
1270 2683 1371 2723 nos
1401 2684 1560 2724 sacro
1587 2670 1788 2740 poculo
1817 2671 1950 2734 frui,

371 2763 483 2807 tum
523 2764 849 2824 sequeretur
899 2765 956 2812 ut
1006 2759 1414 2828 desperandum
1478 2771 1642 2816 esset.
1695 2761 1849 2828 Quod
1903 2763 1950 2818 si

368 2845 967 2918 nibilestbujusmodi,
1027 2858 1082 2905 et
1109 2851 1202 2920 qui
1267 2852 1500 2918 accedit,
1563 2854 1950 2910 tantummodo

367 2939 531 2994 discit
559 2942 834 3008 quomodo
869 2943 1256 2997 "accedendum
1283 2944 1376 3007 sit,
1430 2959 1501 2999 ne
1560 2944 1685 2998 inde
1722 2953 1952 2999 mortem

369 3045 470 3098 pro
506 3031 614 3085 vita
646 3031 890 3087 lucretur
925 3033 1072 3099 (nam
1105 3034 1262 3104 juxta
1324 3036 1550 3090 beatum
1585 3036 1812 3090 Paulum
1836 3036 1954 3090 ideo

369 3123 510 3176 inter
539 3139 632 3178 nos
665 3123 818 3177 multi
853 3125 1080 3193 inﬁrmi,
1131 3136 1181 3179 et
1232 3127 1532 3190 imbecilles,
1576 3139 1626 3180 et
1681 3130 1952 3182 dormiunt

371 3215 527 3269 multi
557 3215 600 3285 ')
629 3217 806 3285 qualis
829 3226 912 3272 est
942 3219 1046 3272 ista
1078 3219 1428 3288 desperatio?
1480 3220 1596 3275 lmo
1636 3221 1817 3291 potius
1867 3238 1954 3277 sa-

373 3309 502 3362 lutis
557 3309 914 3379 concipienda
979 3325 1128 3381 spes,
1176 3327 1339 3381 quam
1409 3311 1653 3368 veritatis
1716 3314 1956 3384 cognitio

375 3401 539 3470 parit.

447 3691 624 3757 Quam
650 3692 720 3746 ob
741 3707 959 3746 causam
997 3691 1330 3762 vigilandum
1365 3700 1468 3746 est.
1506 3690 1780 3757 Quantum
1809 3692 1954 3745 enim

378 3783 541 3838 habet
563 3785 687 3838 boni
726 3784 847 3853 ejus
881 3799 994 3854 quo
1021 3782 1166 3838 facto
1191 3799 1332 3853 opus
1353 3792 1438 3837 est
1477 3784 1704 3853 agnitio,
1746 3792 1956 3838 tantum

375 3884 568 3928 contra
598 3873 762 3928 habet
787 3873 915 3928 mali
942 3874 1060 3944 ejus
1091 3873 1236 3943 quod
1287 3873 1632 3928 conducibile
1685 3883 1769 3930 est
1801 3875 1958 3944 igno-

376 3966 535 4020 ratio.
574 3963 788 4034 Reputa
817 3965 962 4018 enim
1005 3973 1204 4026 tecum,
1247 3979 1357 4017 non
1383 3979 1586 4033 paucos
1615 3963 1960 4018 infirmorum

374 4053 576 4109 adiisse
597 4052 787 4106 mortis
820 4053 1148 4122 periculum,
1181 4052 1312 4121 quia
1335 4067 1460 4106 cum
1498 4051 1552 4106 in
1595 4052 1842 4107 medicos
1869 4053 1955 4106 in-

374 4145 707 4200 exercitatos
743 4143 1086 4209 incidissent,
1140 4145 1496 4214 congruentia
1542 4147 1733 4200 morbo
1776 4161 1958 4199 reme-

373 4237 462 4290 dia
485 4251 598 4304 non
630 4246 758 4290 sunt
798 4237 1003 4306 adepti.
1059 4236 1214 4300 Quod
1246 4235 1290 4290 si
1323 4235 1504 4290 isthuc
1533 4237 1604 4290 ita
1650 4251 1711 4291 se
1776 4235 1959 4299 habet,

378 4326 510 4379 nulli
557 4325 637 4379 rei
681 4341 908 4394 parcere
951 4341 1169 4394 aequum
1223 4325 1522 4391 videri-tur,
1574 4328 1620 4380 si
1681 4324 1810 4393 quid
1863 4340 1960 4393 po-

379 4420 488 4474 tius
549 4428 664 4472 tum
705 4418 809 4488 ipsi
861 4419 1002 4474 male
1045 4419 1270 4482 valenti,
1310 4427 1425 4474 tum
1465 4420 1760 4488 pharmaca
1796 4417 1962 4471 mini-

379 4512 573 4566 stranli
617 4511 909 4566 manifeste
934 4511 1238 4581 periculum
1303 4512 1572 4564 imminet.
1629 4511 1707 4563 Ac
1756 4510 1802 4564 si
1844 4511 1957 4578 pla-

2107 560 2228 611 Ὀτι
2263 560 2318 611 δὲ
2355 558 2616 630 τοιαύτης
2667 557 2914 627 ίατρείας
2958 555 3297 628 ἐχρῄζομεν,
3339 559 3624 628 ὁμολογεῖ-

2053 671 2144 707 ται
2175 655 2331 706 τοῦτο
2372 653 2742 707 παντάπασιν.
2791 652 3009 723 Ἐπειδὴ
3042 652 3152 721 γάρ
3181 656 3210 706 6
3244 653 3628 724 πολυμήχανος

2053 748 2272 817 δράκων
2305 748 2394 800 διὰ
2425 746 2694 814 στόματος
2732 745 2866 814 ἡμῖν
2893 743 3139 815 ἀρχῆθεν
3175 746 3344 814 ὲνῆκε
3392 745 3483 798 τὸν
3518 747 3632 800 δλε-

2054 840 2204 909 θρον,
2262 840 2351 893 διὰ
2386 839 2656 908 στόματος
2707 834 2866 900 αὖθις
2913 838 3008 890 καὶ
3042 837 3112 890 τά
3165 837 3267 907 τῆς
3333 837 3631 908 θεραπείας

2053 933 2422 1000 ἐπινενόηται.
2469 933 2626 986 Κατά
2658 933 2765 1001 γὰρ
2795 930 2954 984 τοῦτο
2987 929 3244 998 καὶπρὸς
3281 931 3579 994 Ἰουδαίους
3607 933 3633 983 6

2056 1024 2259 1092 Κύριος
2294 1023 2479 1090 ἔλεγεν
2501 1039 2514 1052 '
2557 1023 2701 1078 Ἐὰν
2748 1023 2836 1092 μὴ
2871 1021 3102 1090 φάγητε
3136 1020 3254 1087 τὴν
3288 1019 3494 1088 σάρκα
3528 1021 3634 1073 τοῦ

2054 1118 2192 1172 vim")
2219 1117 2326 1170 τοῦ
2355 1115 2695 1184 ἀνθρώπου,
2718 1115 2813 1168 καὶ
2845 1115 3017 1181 πίητε
3047 1112 3109 1165 τὸ
3131 1107 3297 1180 alita,
3328 1114 3443 1166 οὐκ
3467 1113 3636 1180 ἔχετε

2055 1205 2209 1275 ζωὴν
2237 1207 2306 1260 ἐν
2333 1207 2591 1271 ἑαυτοῖς.
2626 1206 2782 1266 Τίνος
2810 1205 3000 1258 ἕνεκεν
3021 1221 3034 1268 ;
3058 1203 3179 1256 Ὅτι
3209 1201 3291 1271 τῷ
3329 1202 3421 1254 τοῦ
3447 1201 3636 1269 νοητοῦ

2053 1302 2230 1369 ὄφεως
2264 1301 2328 1370 ἰῷ
2359 1301 2702 1370 νεκρωθῆναι
2753 1299 2859 1368 προ
2889 1299 3100 1366 χρόνων
3134 1295 3456 1364 ἐφθάκειτε.
3491 1295 3550 1346 Εί
3583 1294 3638 1346 δὲ

2051 1391 2227 1444 ταῦτα
2263 1389 2434 1454 οὕτως
2489 1390 2628 1460 ἔχει,
2685 1388 3119 1458 προκαθάρσεως
3169 1385 3388 1452 ἀνάγκη
3423 1382 3636 1435 λοιπόνο

2055 1483 2161 1540 οἶδε
2191 1486 2302 1555 γὰρ
2332 1484 2580 1554 ἀκριϐῶς
2610 1484 2642 1553 ή
2679 1482 2744 1552 σὴ
2777 1481 2996 1550 ὁσιότης
3030 1481 3110 1532 ὅτι
3157 1478 3255 1530 καὶ
3286 1479 3335 1529 oi
3389 1477 3640 1537 θέλοντες

2055 1579 2243 1631 λαϐεῖν
2287 1577 2560 1630 ἀντίδοτον
2594 1575 2692 1644 οὐχ
2719 1571 2911 1632 ἁπλῶς
2948 1572 3041 1623 καὶ
3086 1571 3162 1632 ὼς
3195 1569 3359 1638 ἔτυχε
3389 1569 3467 1636 τῷ
3505 1584 3642 1636 φαρ-

2061 1670 2221 1739 μάκῳ
2263 1669 2599 1736 κέχρηνται⁹
2645 1665 2775 1732 πρὶν
2815 1661 2848 1732 ἢ
2883 1661 3086 1732 δηλαδὴ
3124 1662 3254 1721 τοὺς
3289 1661 3400 1712 ἀπὸ
3431 1657 3641 1726 μοχιθη-

2058 1763 2158 1829 ρᾶς
2192 1745 2399 1826 διαίτης
2448 1753 2908 1824 ὲπισυναχθέντας
2954 1752 3053 1804 οὐκ
3107 1749 3358 1818 ἀγαθοὺς
3427 1748 3640 1818 χυμοὺς

2057 1849 2456 1918 ἐκίαθάρωσιν,
2504 1846 2642 1899 ἀλλὰ
2688 1843 3181 1912 προλεπτύνονται,
3263 1846 3363 1895 καὶ
3403 1842 3526 1894 τότε
3579 1839 3639 1891 τὸ

2054 1944 2348 2010 φάρμακον
2375 1940 2647 2008 δέχονται.
2695 1938 2866 1989 Τοῦτο
2903 1937 2960 1989 δὲ
3016 1934 3236 1988 ποιοῦσι
3277 1936 3503 1996 πάντως
3553 1930 3653 2010 ἵνα.

2055 2033 2129 2102 μὴ
2156 2033 2276 2084 ἀντὶ
2307 2029 2546 2101 χρηστοῦ
2593 2029 2892 2100 φαρμάκου
2924 2027 3254 2096 δηλητήριος
3296 2028 3328 2094 ἡ
3363 2025 3638 2084 ἀντίδοτος

2053 2125 2436 2197 εὑρεθήσεται.
2472 2123 2690 2176 Οὐκοῦν
2727 2122 3050 2191 ἀσύμφορόν
3091 2122 3207 2174 ἐστι
3237 2122 3352 2181 τοῖς
3389 2121 3464 2188 μὴ
3501 2116 3638 2185 (90d.-

2055 2237 2178 2272 σασι
2215 2215 2672 2288 προκαθαροῆναι
2699 2214 2880 2275 καλῶς
2906 2213 3003 2282 τῆς
3031 2213 3184 2283 ἱερᾶς
3217 2210 3638 2278 ἀπογεύσασθαι

2055 2309 2301 2372 κύλικος.
2335 2309 2522 2361 Ταῦτα
2543 2307 2598 2358 δὲ
2630 2306 2868 2374 λέγομεν
2896 2305 2995 2374 οὐχ
3025 2305 3113 2357 ἴνα
3144 2303 3384 2373 ρίψωσιν
3411 2301 3639 2362 ὲαυτοῦς

2054 2403 2138 2464 είς
2171 2401 2505 2468 ἀπόγνωσιν,
2561 2397 2678 2452 ἀλλ’
2737 2398 2822 2450 ἵνα
2854 2398 2982 2458 τοὺς
3040 2395 3280 2464 τρόπους
3337 2391 3640 2460 διδάξωμεν

2057 2495 2280 2566 μᾶλλον,
2318 2491 2388 2545 δι’
2419 2485 2517 2544 ὤν’
2547 2493 2580 2560 ἠ
2621 2490 2737 2561 ζωὴ
2782 2492 2872 2543 κοιλ⁸
2916 2490 2945 2543 ό
2979 2488 3211 2550 θάνατος
3273 2485 3638 2556 ἐπιφέρεσθαι

2056 2584 2234 2639 εἴωθε.
2265 2586 2326 2638 Ei
2355 2585 2457 2654 μὲν
2483 2580 2581 2638 οὖν
2614 2585 2876 2654 ἐλέγομεν
2914 2584 2999 2636 ὅτι
3034 2583 3128 2634 καὶ
3172 2579 3318 2650 μετὰ
3350 2579 3412 2632 τὸ
3445 2575 3641 2632 καινῶ-

2057 2693 2149 2728 σαι
2181 2680 2306 2739 τοὺς
2335 2677 2435 2730 οὐκ
2467 2675 2705 2744 ἀγαθοὺς
2736 2676 2970 2744 χυμοὺς,
3005 2671 3257 2726 ἐντεῦθεν
3297 2669 3637 2738 ἐπιτηδείους

2056 2767 2284 2828 ἑαυτοὺς
2314 2766 2771 2834 ἀποκαταστῆσαι
2806 2763 2902 2816 τοῦ
2931 2763 3194 2832 ποτηρίου
3229 2753 3636 2814 καταπολαύέιν

2056 2857 2117 2910 οὐ
2148 2856 2610 2928 συγχωρούμεθα,
2651 2856 2771 2909 τότε
2801 2855 2987 2924 χώραν
3032 2853 3497 2922 ὁμολογουμένως
3526 2843 3637 2919 εἶχε

2057 2950 2126 3002 τὰ
2157 2951 2256 3020 τῆς
2295 2949 2668 3017 ἀπογνώσεως
2693 2965 2706 2977 ·
2745 2951 2794 3002 εἰ
2827 2947 2884 3000 δὲ
2917 2945 3160 2999 τοιοῦτον
3199 2946 3302 3014 μὲν
3358 2945 3460 2996 οὐκ
3491 2942 3637 2995 ἐστιν

2057 3041 2235 3105 οὐδὲν,
2265 3041 2529 3112 μανθάνει
2559 3042 2616 3094 δὲ
2661 3041 2820 3110 μόνον
2851 3041 2880 3092 ὁ
2912 3038 3360 3108 προσερχόμενος
3392 3037 3540 3098 ὅπως
3563 3034 3640 3088 δεῖ

2061 3131 2486 3202 προσέρχεσθαι,
2551 3131 2647 3184 καὶ
2701 3130 2790 3183 ἵνα
2846 3129 2920 3200 μὴ
2967 3129 3199 3190 θάνατος
3249 3127 3406 3197 αὐτῷ
3441 3126 3639 3195 μᾶλλον

2059 3222 2179 3273 ἀντὶ
2201 3221 2348 3290 ζωῆς
2383 3222 2470 3292 εῐη
2498 3222 2559 3275 τὸ
2592 3222 2785 3291 κέρδος
2833 3221 3066 3283 ἐκεῖθεν,
3097 3221 3242 3273 κατὰ
3276 3218 3391 3288 γὰρ
3417 3218 3509 3271 τὸν
3541 3233 3643 3286 μα-

2059 3315 2252 3376 κάριον
2301 3314 2512 3367 Παῦλον
2568 3315 2667 3370 διὰ
2717 3317 2893 3370 τοῦτο
2926 3317 2997 3370 ἐν
3027 3317 3172 3386 ἡμῖν
3209 3319 3436 3371 πολλοὶ
3467 3315 3637 3369 ἀσθε-

2059 3408 2187 3473 νεῖς
2221 3425 2284 3460 τε
2340 3408 2438 3461 καὶ
2485 3408 2802 3476 ἇρῤωστοι,
2862 3411 2959 3464 καὶ
3014 3409 3346 3478 κοιμῶνται
3403 3407 3638 3464 ἱκανοί·

2063 3500 2192 3551 ποία
2222 3498 2428 3552 τούτων
2456 3501 2791 3567 ἀπόγνωσις,
2822 3503 2870 3553 εί
2900 3501 2974 3571 μὴ
3006 3501 3100 3554 καὶ
3127 3502 3329 3571 μᾶλλον
3369 3500 3641 3570 σωτηρίας

2062 3592 2239 3658 ἐλπὶς,
2265 3591 2333 3663 ἢν
2364 3592 2398 3662 ἡ
2433 3592 2530 3660 τῆς
2573 3593 2837 3662 ἀληθείας
2866 3595 3123 3664 ἐπιφέρει
3161 3594 3500 3661 ὲπίγνωσιςς

2136 3687 2434 3755 Προσέχειν
2466 3681 2564 3740 οὖν
2597 3688 2692 3741 ἐπὶ
2715 3687 2930 3750 τούτοις
2961 3687 3132 3751 ἄξιον.
3163 3689 3330 3742 ’Ὀσον
3367 3690 3476 3760 γὰρ
3508 3688 3644 3754 ἅγαο

2064 3777 2173 3829 θῶν
2204 3779 2236 3848 ἡ
2266 3776 2361 3829 τοῦ
2410 3777 2624 3840 δέοντος
2655 3777 2897 3847 εὕρεσις,
2929 3778 3184 3833 τοσοῦτον
3232 3777 3393 3844 αὖθις
3463 3778 3644 3832 κακῶν

2064 3871 2097 3938 ὴ
2147 3867 2244 3922 τοῦ
2282 3869 2662 3939 συμφέροντος
2701 3870 2915 3936 ἄγνοια.
2953 3869 3099 3940 ’Ὀρα
3131 3869 3242 3940 γὰρ
3270 3871 3353 3923 ὄτι
3405 3871 3501 3923 καὶ
3538 3870 3645 3922 τῶν

2063 3963 2502 4032 ἡρρωστηκότων
2531 3963 2632 4016 οὐκ
2670 3962 2842 4030 ὀλίγοι
2873 3962 3088 4032 θανάτῳ
3135 3965 3462 4032 περιπεσεῖν
3500 3964 3644 4015 ἐκιν-
3679 4009 3696 4028 ,

2064 4051 2349 4116 δύνευσαν,
2383 4052 2572 4121 ἐπειδὴ
2610 4053 2964 4122 κακοτέχνοις
3015 4051 3394 4122 ἐγκύρσαντες
3441 4051 3644 4120 ἰατροῖς

2071 4142 2346 4210 φάρμακα
2373 4143 2440 4210 τῇ
2492 4141 2631 4207 νόσῳ
2680 4141 2994 4209 κατάλληλα
3042 4143 3144 4194 οὐκ
3186 4140 3460 4206 ἐδέξαντο.
3496 4139 3559 4192 El
3589 4137 3644 4190 δὲ

2066 4232 2240 4285 ταῦτα
2282 4233 2454 4296 οὕτως
2485 4233 2622 4302 ἔχει,
2663 4232 2944 4302 φείδεσθαί
2997 4250 3145 4295 τινος
3173 4233 3272 4302 οὐχ
3297 4233 3472 4295 ὅσιον,
3512 4230 3564 4284 εί
3581 4243 3644 4296 γε

2069 4327 2360 4396 προφανῶς
2412 4328 2650 4398 ὑπάρχει
2685 4329 2778 4381 καὶ
2809 4327 3011 4398 μᾶλλον
3036 4329 3062 4381 6
3097 4327 3345 4390 κίνδυνος
3387 4326 3537 4396 αὐτῷ
3585 4341 3644 4377 τε

2066 4417 2141 4486 τῷ
2174 4418 2357 4482 κακῶς
2389 4419 2594 4488 ἔχοντι,
2643 4421 2738 4473 καὶ
2767 4420 2844 4490 τῷ
2885 4420 2957 4472 τὰ
2985 4420 3254 4488 φάρμακα
3297 4421 3640 4490 ἐπιφέροντι.

2071 4510 2178 4560 Καὶ
2212 4511 2260 4562 εἰ
2295 4509 2494 4580 βούλει,
2525 4515 2590 4581 τῇ
2634 4513 2960 4579 παραινέσει
2993 4513 3269 4580 πρόσσχες
3302 4514 3368 4581 ἢν
3400 4516 3428 4565 ὁ
3466 4513 3644 4582 μέγας

379 4613 486 4668 cet,
520 4605 949 4659 admonitionem
1005 4603 1275 4667 ausculta,
1309 4618 1416 4672 qua
1451 4601 1684 4656 Basilius
1722 4599 1948 4672 Magnus

2060 4599 2338 4664 Βατίλειος
2387 4603 2526 4672 ἱερεῖ
2577 4605 2742 4655 παντὶ
2799 4607 3058 4672 παραινεῖ
3112 4603 3320 4670 λέγων’
3357 4603 3508 4671 ’Ὅρα
3559 4599 3642 4669 μὴ

379 4698 718 4752 sacerdotem
784 4711 1234 4766 unumquemque
1305 4694 1616 4766 compellat,
1707 4694 1762 4748 in
1839 4694 1957 4748 haec

377 4789 579 4846 verba:
610 4788 733 4843 Vide
769 4805 831 4842 ne
860 4804 1055 4855 paveas
1081 4787 1371 4849 hominem,
1430 4788 1498 4839 ad
1529 4785 1740 4854 lapsum
1771 4793 1819 4838 et
1853 4785 1952 4836 de-

379 4881 562 4936 lictum
594 4891 764 4946 tuum,
795 4896 920 4934 neve
951 4879 1134 4934 tradas
1165 4877 1363 4932 Filium
1394 4877 1488 4931 Dei
1522 4879 1578 4931 in
1629 4892 1816 4930 manus
1873 4879 1956 4928 in-

376 4974 675 5041 dignorum.
709 4971 791 5026 Ne
823 4987 1096 5026 revereare
1127 4987 1441 5040 quemquam
1473 4970 1762 5041 gloriosum
1803 4980 1958 5022 terrte

378 5067 431 5118 in
460 5065 590 5118 hora
620 5063 737 5128 illa,
773 5073 820 5117 et
857 5073 912 5118 ut
936 5064 1120 5134 paucis
1148 5062 1612 5131 comprehendam,
1652 5078 1781 5131 quos
1818 5063 1958 5115 sacri

379 5173 604 5210 canones
639 5156 950 5223 excludunt,
979 5172 1041 5210 ne
1070 5155 1188 5210 illos
1221 5155 1308 5224 fac
1353 5156 1658 5225 participes.
1722 5153 1952 5222 Insuper

380 5247 723 5303 etloannem
749 5264 916 5304 aurea
963 5249 1280 5303 fundentem
1319 5247 1542 5303 ﬂumina
1581 5245 1762 5300 divina
1815 5244 1957 5299 dona

379 5340 826 5395 administrantes
843 5340 920 5394 sic
950 5338 1175 5394 aﬂ‘atum
1213 5346 1427 5393 constat
1466 5353 1481 5390 :
1515 5335 1573 5391 Si
1600 5337 1737 5390 enim
1766 5335 1959 5389 conscii

381 5432 628 5487 nequitia:
653 5431 970 5501 cuiuspiam,
1007 5431 1166 5500 hujus
1224 5445 1416 5483 mensa:
1466 5444 1584 5485 eum
1644 5428 1958 5497 participem

381 5521 498 5586 ﬁeri
530 5524 898 5591 permiscritis,
935 5524 1151 5592 sanguis
1203 5523 1317 5591 ejus
1378 5522 1441 5576 de
1485 5522 1728 5576 manibus
1775 5520 1963 5576 vestris

462 5699 477 5729 ⁸
503 5695 670 5753 lCor.
711 5716 786 5756 ιιι.
861 5702 882 5732 ⁸
919 5698 1057 5754 Ibid.
1093 5697 1181 5752 50.

2064 4691 2334 4759 πτοηθῇς
2355 4693 2672 4761 ἄνθρωπον
2698 4696 2782 4762 εἰς
2816 4693 3050 4748 πτῶσίν
3078 4710 3194 4750 σου
3222 4712 3234 4724 ο
3265 4697 3352 4765 μὴ
3381 4693 3644 4762 παγάδος

2065 4783 2171 4836 τὸν
2191 4783 2332 4836 Υἰέν
2352 4785 2457 4838 τοῦ
2487 4774 2634 4838 Θεοῦ
2659 4788 2744 4850 εἰς
2774 4786 2977 4854 χεῖρας
2999 4787 3265 4850 ἀναξίων
3285 4804 3298 4816 °
3328 4787 3415 4856 μὴ
3443 4789 3642 4852 ἐντρα-

2065 4872 2189 4939 πῇς
2214 4891 2347 4930 τινα
2365 4874 2756 4940 τῶν-ἐνδόξων
2787 4875 2895 4944 τῆς
2927 4874 3038 4945 γῆς
3067 4877 3137 4930 ἐν
3153 4876 3228 4945 τῇ
3257 4876 3377 4946 ὥρᾳ
3398 4879 3604 4941 ἐκείφή
3627 4890 3639 4903 ⁸

2067 4969 2166 5022 καὶ
2189 4967 2400 5033 ἁπλῶς
2413 4969 2607 5022 εἰπεῖν
2635 4964 2728 5035 οἷς
2759 4971 2813 5023 οἱ
2831 4969 2974 5023 θεῖοι
3001 4973 3256 5035 κανόνες
3282 4972 3394 5023 οὐκ
3414 4965 3642 5034 ἐπιτρέ-

2066 5059 2345 5128 πουσιμὴ
2371 5060 2696 5128 μεταδίδου
2730 5077 2744 5092 ο
2771 5060 2991 5130 καὶγὰρ
3013 5061 3089 5123 ὡς
3109 5061 3312 5114 ἐθνικοὶ
3327 5057 3642 5127 εὐλογίσθη-

2063 5169 2162 5206 σαν
2181 5170 2193 5182 ·
2217 5153 2268 5205 εί
2297 5153 2354 5206 δὲ
2373 5153 2449 5224 μὴ
2477 5153 2888 5224 ἐπιστρέφουσι.
2917 5155 3013 5208 καὶ
3043 5154 3226 5214 αὐτοῖς
3253 5155 3393 5215 οἰαὶ,
3427 5153 3517 5206 καὶ
3554 5166 3646 5217 με-

2067 5244 2375 5299 ταδιδοῦσιν
2405 5246 2610 5310 αὐτοῖς.
2632 5248 2774 5318 Πρὸς
2801 5247 2857 5302 δέ
2885 5264 2947 5315 γε
2976 5250 3088 5310 τοῖς
3123 5247 3437 5317 εἰρημένοις
3484 5244 3576 5296 καὶ
3615 5242 3642 5292 6

2069 5338 2476 5409 χρυσορῤήμων
2523 5339 2774 5410 Ἰωάννης
2813 5338 2987 5402 οὕτως
3027 5338 3254 5408 εὓρηται
3292 5341 3404 5402 τοῖς
3435 5337 3501 5390 τὰ
3527 5333 3643 5386 θεῖοι

2075 5430 2618 5501 μεταχειριζομένοις
2661 5430 2812 5502 δῶρα
2848 5430 3056 5498 λέγων·
3100 5431 3165 5484 Εἰ
3202 5430 3314 5500 γὰρ
3369 5423 3643 5483 συνειδό-

2071 5539 2173 5589 τες
2217 5521 2333 5577 τινὶ
2368 5525 2668 5592 πονηρίαν
2705 5521 3140 5594 συγχωρήσετε
3197 5523 3417 5591 ταύτης
3467 5513 3641 5588 μετὰ·
