4070 6436
335 433 448 496 ιιι]

335 552 513 619 Ξλγαγε
549 545 718 599 ταῦτα
754 544 889 614 πρὸς
923 541 1084 596 αὐτὸν
1116 543 1141 592 6
1171 539 1324 600 Θεὸς,
1373 539 1416 588 εἰ

335 642 503 706 ταξεν
539 637 798 692 ὑποκάτω
847 635 957 688 τῶν
999 632 1185 687 ποδῶν
1231 628 1424 693 αὑτοῦ,
1459 629 1602 682 καθὰ
1630 647 1765 698 φησι
1821 631 1914 682 καὶ

335 729 528 788 Δαϐἒδ.
563 728 700 782 ἀλλὰ
736 728 768 796 ἡ
819 711 1066 796 ἁμαρτία
1105 722 1198 776 καὶ
1231 720 1434 789 ταύτης
1486 721 1652 774 αὑτὸν
1681 722 1916 774 ἀπεστέ-

341 839 479 890 ρησε
532 824 629 888 τῆς
681 819 879 889 ἀρχῆς.
929 817 1228 886 Ἐστέρησε
1259 814 1317 868 δέ
1356 814 1512 880 πῶς;
1544 815 1655 884 Οὐχ
1686 814 1768 868 ὅτι
1818 814 1916 867 καὶ

337 913 606 982 ἀναρχίας
641 907 710 981 ἥν
761 913 794 980 ἡ
824 907 1052 977 τοιαύτη
1083 905 1224 978 ἀρχὴ
1273 906 1519 976 δεκτικὴ,
1555 907 1810 976 καθάπερ
1865 907 1914 958 oi

337 1001 560 1064 πλείους
601 1000 962 1066 δοξάζουσινο
1011 995 1129 1050 ἀλλ’
1177 997 1261 1050 ὅτι
1309 999 1409 1067 τὴν
1458 997 1706 1050 δοθεῖσαν
1761 995 1912 1065 αὐτῷ

341 1091 604 1160 παραϐὰς
639 1091 862 1161 ἐντολὴν
901 1091 928 1143 6
963 1087 1134 1158 Ἀδὰμ
1167 1089 1386 1141 πάντων
1432 1089 1658 1142 ἐκείνων
1689 1089 1914 1152 ἐξέπεσε

339 1183 450 1236 τῶν
507 1182 613 1236 ὑπὸ
656 1182 794 1236 Θεοῦ
824 1181 970 1235 κατὰ
1029 1181 1191 1251 χάριν
1245 1175 1700 1250 ἐγχειρισθέντών
1743 1178 1912 1246 αὐτῷ.

343 1272 503 1326 Οὕτω
539 1271 660 1341 μὲν,
683 1271 971 1336 ὀσιὼτατε,
1009 1271 1107 1325 καὶ
1141 1271 1236 1324 ἐπὶ
1279 1272 1382 1339 τῆς
1416 1271 1716 1334 ἀθανασίας
1747 1269 1916 1340 αὐτῆς

341 1361 491 1416 ἔστιν
515 1362 664 1420 ἰδεῖν.
697 1363 760 1414 Et
783 1362 894 1430 γάρ
921 1363 1257 1430 πιστεύομεν
1304 1362 1386 1416 ὅτι
1429 1363 1610 1418 πάντα
1645 1363 1794 1416 ποιεί
1823 1362 1919 1415 καλ

341 1453 746 1522 μετασκευάζει
799 1455 826 1508 6
865 1453 999 1516 Θεὸς
1048 1454 1240 1522 οἰκείῳ
1295 1453 1625 1524 βουλήματι,
1659 1455 1806 1508 καθά
1849 1453 1916 1524 δὴ

235 1582 246 1600 ι
339 1545 472 1614 περὶ
498 1542 691 1600 τούτου
725 1546 863 1616 φησὶ
885 1545 980 1598 καὶ
1008 1547 1037 1600 6
1067 1545 1358 1616 προφήτης
1399 1544 1605 1614 Ἀμὼς,
1636 1544 1918 1598 πιστεύειν

339 1633 401 1698 ἐξ
427 1635 673 1704 ἀνάγκης
707 1634 1026 1704 ὀφείλομεν.
1057 1634 1140 1687 ὅτι
1181 1634 1273 1688 καὶ
1302 1633 1494 1702 θνητὸν
1551 1632 1612 1698 ἐξ
1648 1632 1918 1687 ἀθανάτου

341 1727 508 1789 ποιεῖ,
537 1728 632 1780 καὶ
655 1727 926 1780 ἀθάνατον
947 1721 1108 1788 αὖθις
1135 1724 1242 1778 ἀπὸ
1267 1723 1466 1796 θνητοῦ
1494 1725 1586 1778 καὶ
1610 1724 1918 1792 ἀφθάρτου.

337 1814 547 1885 Μηδεὶς
578 1813 786 1884 λεγέτω
817 1815 1005 1868 λοιπὸν
1035 1815 1117 1868 ὅτι
1145 1812 1384 1868 θανάτου
1425 1813 1675 1876 δεκτικὸς
1693 1812 1917 1884 ἐκτίσθη

341 1905 466 1960 κατ’
502 1906 680 1977 ἀρχὰς
733 1909 762 1960 6
795 1907 1006 1976 Ἀδάμ·
1063 1905 1180 1974 εῐγε
1214 1905 1394 1976 φθορᾷ
1427 1905 1570 1974 μετά
1613 1903 1788 1974 βραχὺ
1829 1919 1902 1956 κα

339 1999 562 2070 θανάτῳ
601 2001 900 2055 ὑπέπεσεν.
927 2001 1098 2068 Ἀφες
1151 1999 1370 2063 αὐτοὺς,
1417 1996 1609 2066 ἐπειδὴ
1657 1997 1921 2062 παίζουσι

339 2090 628 2160 προδήλως
667 2093 725 2142 ἐν
775 2092 838 2144 οὑ
899 2092 1178 2153 παικτοίς.
1215 2089 1369 2156 Ἅμα
1421 2089 1534 2160 γὰρ
1566 2087 1788 2159 παρέϐη
1821 2087 1924 2157 τὴν
1972 2155 1982 2158 _

339 2178 564 2247 ἐντολὴν
593 2179 621 2230 6
665 2179 860 2246 Ἀδὰμ,
890 2177 987 2232 καὶ
1011 2179 1132 2246 ἅμα
1167 2177 1398 2232 θανάτου
1422 2177 1618 2244 γέγονε
1649 2176 1925 2239 δεκτικός·

339 2268 452 2322 Καὶ
489 2268 703 2338 βεϐαιοῖ
727 2271 818 2322 τὸν
864 2269 1028 2336 λόγον
1058 2269 1091 2338 ἡ
1120 2269 1250 2337 ἁγία
1280 2267 1478 2339 Γραφὴ
1527 2267 1806 2337 λέγουσα·
1845 2262 1930 2339 τῌ

339 2357 393 2412 δ’
413 2358 490 2412 ἂν
516 2357 704 2427 ἡμέρᾳ
733 2358 962 2428 φάγητε
985 2359 1104 2414 ἀπὸ
1138 2359 1256 2440 tor”;
1274 2358 1492 2429 φυτοῦ,
1521 2357 1760 2425 θανάτῳ
1782 2357 1930 2412 ἀπο-

339 2450 638 2505 θανεῖσθε.
674 2450 851 2520 Καὶίτί
875 2450 980 2521 χρὴ
1012 2449 1190 2504 πολλὰ
1209 2449 1390 2518 λέγειν
1415 2468 1431 2516 ;
1455 2449 1571 2518 εῐγε
1598 2451 1722 2504 κατ’
1745 2450 1927 2520 ἀρχὰς

342 2540 568 2611 ἐκτίσθη
598 2541 836 2595 θανάτου
861 2541 1106 2604 δεκτικὸς
1123 2543 1151 2595 6
1185 2541 1379 2611 Ἀδὰμ,
1402 2541 1504 2596 οὒκ
1531 2541 1596 2596 ἂν
1617 2545 1644 2596 6
1673 2541 1924 2612 Σολομῶν

342 2633 493 2702 ἔλεγε
517 2632 789 2778 ςάνατον
810 2637 842 2688 ὀ
861 2633 1005 2700 Θεὸς
1029 2635 1140 2688 οὐκ
1158 2632 1426 2701 ἐποίησε.
1444 2633 1760 2719 Ταῦταὶγάρ
1785 2633 1926 2702 σύμ-

345 2727 498 2778 ωωνά
523 2743 548 2778 ε
579 2743 630 2778 σι
662 2725 756 2778 καὶ
781 2725 924 2778 πάνυ
970 2725 1108 2778 πρὸς
1149 2725 1377 2778 ἄλληλα.
1415 2725 1676 2778 Φαίνεται
1704 2720 1798 2778 οὗν
1835 2726 1923 2778 ἐν-

345 2727 498 2796 φωνά
523 2715 630 2778 εἶσι
662 2725 756 2780 καὶ
781 2725 924 2780 πάνυ
970 2725 1108 2794 πρὸς
1149 2725 1377 2793 ἄλληλα.
1415 2715 1676 2778 Φαίνεται
1704 2720 1798 2778 οὗν
1835 2726 1923 2778 ἐν-

345 2817 535 2872 τεῦθεν
559 2819 642 2872 ὅτι
670 2819 790 2887 ἅμα
808 2817 1024 2888 παρέϐη
1045 2817 1144 2888 τὴν
1169 2817 1410 2887 ἐντολὴν,
1437 2817 1532 2870 καὶ
1553 2817 1669 2887 ἅμα
1693 2817 1920 2887 γέγονεν

345 2907 480 2976 ὅπερ
506 2906 606 2959 οὐκ
638 2900 728 2977 ἦν.
767 2907 832 2958 Τί
863 2905 919 2959 δὲ
955 2903 1116 2958 τοῦτὸ
1139 2905 1255 2958 ἐστι
1281 2903 1428 2970 ;Ἱ1ν
1459 2905 1693 2958 θανάτου
1727 2907 1913 2960 δεκτι-

346 2997 460 3059 κὸς,
504 2997 604 3050 οὐκ
651 2994 720 3067 ἦν
745 2997 840 3050 ἀπ’
894 2997 1067 3066 ἀρχῆς
1098 2998 1126 3049 6
1157 2996 1356 3064 Ἀδὰμ;
1389 2995 1528 3050 ἀλλά
1566 2997 1758 3064 φαγὼν
1810 2996 1920 3052 ἀπὸ

343 3090 440 3142 τοῦ
486 3087 643 3154 ξύλου
681 3088 908 3142 θανάτου
945 3087 1249 3158 τηνικαῦτα
1289 3089 1480 3156 γέγονε
1517 3088 1787 3151 δεκτικός,
1839 3080 1923 3160 τῌ

1711 415 2080 473 EPISTULA
2123 410 2198 474 Π.

1403 539 1416 588 i
1457 539 1548 590 καὶ
1579 537 1754 589 πάντα
1783 536 1914 588 ὑπέ-

2023 529 2257 583 Tametsi
2299 527 2551 582 animalia
2579 528 2722 584 Deus
2758 529 2822 583 ad
2857 529 3032 596 ipsum
3077 525 3323 592 adduxit,
3374 526 3592 582 tametsi

3485 411 3593 476 ϐτί)

2021 625 2203 679 omnia
2241 627 2343 680 sub
2368 625 2599 694 pedibus
2629 627 2748 695 ejus
2775 624 3031 692 subjecit,
3086 631 3145 677 ut
3171 631 3256 678 est
3305 621 3450 692 apud
3490 620 3593 674 Da~

2017 715 2230 784 vitlem;
2295 715 2651 770 nihilominus
2699 726 2981 786 peccatum
3031 717 3130 769 hoc
3179 715 3342 768 etiam
3397 713 3599 783 prin:':«

2018 819 2146 876 patu
2178 806 2324 860 iiliun
2367 807 2620 877 privavit.
2653 806 3134 884 Quomodoautem
3171 805 3455 873 privavit?
3484 821 3594 858 nou

2016 898 2168 966 quod»
2199 899 2287 951 illa
2311 898 2454 966 ἀρχὴ
2497 898 2661 952 etiam
2693 898 2960 968 ἀναρχίας
2988 897 3294 968 susceptiva
3349 906 3486 962 erat,
3541 906 3600 948 ut

2016 987 2264 1056 plerique
2291 987 2604 1041 existimant
2631 1002 2646 1050 ;
2689 987 2784 1040 sed
2815 986 2956 1056 quod
3011 986 3250 1040 Adamus
3276 985 3462 1040 datum
3493 985 3594 1040 sibi

2019 1077 2330 1132 mandatum
2360 1088 2746 1148 transgressus,
2775 1077 3032 1132 omnibus
3062 1077 3168 1132 illis
3190 1093 3218 1130 a
3241 1076 3348 1132 Deo
3376 1077 3478 1146 ipsi
3502 1091 3600 1146 per

2016 1163 2244 1234 gratiam
2317 1164 2528 1218 traditis
2581 1165 2807 1220 excidit.
2867 1165 3018 1220 Idem
3067 1165 3126 1220 in
3183 1165 3597 1220 immortalitate

2017 1271 2240 1326 quaque
2315 1269 2545 1311 cernere
2602 1266 2706 1313 est.
2781 1257 2838 1311 Si
2865 1257 3010 1312 enim
3079 1257 3374 1324 credimus,
3432 1257 3600 1313 Deum

2019 1348 2202 1402 omnia
2227 1349 2449 1418 preprio
2472 1348 2704 1403 consilio
2735 1357 2790 1403 et
2817 1349 3100 1404 voluntate
3131 1348 3311 1404 facere
3341 1357 3400 1404 et
3446 1364 3601 1405 com-

2019 1447 2255 1505 mutare,
2297 1439 2441 1509 quod
2471 1439 2734 1509 propheta
2783 1439 2952 1494 Amos
2984 1439 3152 1500 canit,
3195 1437 3428 1493 efﬁcitur
3487 1453 3605 1492 om-

2021 1530 2175 1596 nino,
2210 1539 2269 1584 ut
2294 1530 2516 1585 credere
2555 1530 2874 1596 debeamus,
2915 1529 3066 1584 illum
3124 1544 3344 1599 quoque
3399 1537 3603 1584 morta-

2021 1620 2128 1675 lem
2161 1637 2226 1677 ex
2255 1621 2572 1686 immortali,
2603 1637 2930 1692 rursumque
2967 1622 3334 1678 immortalem
3357 1639 3425 1677 ex
3459 1637 3604 1677 mor-

2027 1712 2116 1766 tali
2167 1723 2222 1767 et
2251 1713 2590 1784 corruptibili
2619 1713 2818 1770 facere.
2869 1716 3060 1780 Quare
3077 1729 3240 1769 nemo
3260 1715 3430 1777 dicat,
3461 1715 3606 1771 Ada-

2025 1820 2174 1860 mum
2206 1821 2236 1860 a
2267 1807 2537 1877 principio
2556 1807 2716 1862 morti
2771 1807 3072 1862 obnoxium
3129 1822 3253 1864 esse
3297 1807 3601 1873 conditum,
3669 1865 3684 1876 ,

2031 1899 2132 1953 etsi
2171 1899 2332 1968 paulo
2357 1909 2476 1969 post
2506 1901 2561 1956 in
2595 1900 3008 1970 corruptionem
3037 1909 3094 1954 et
3121 1906 3354 1954 mortem
3389 1900 3601 1956 incidit.

2032 1990 2185 2047 Mitte
2217 1992 2340 2048 illos
2366 1991 2810 2064 quandoquidem
2835 1991 3121 2048 manifeste
3157 1992 3374 2059 ludunt,
3401 1991 3454 2046 in
3485 1992 3606 2062 qui-

2031 2085 2447 2140 busludcndum
2479 2100 2592 2140 non
2625 2093 2726 2141 est.
2759 2084 2934 2142 Simul
2972 2085 3120 2142 enim
3156 2086 3382 2140 violavit
3441 2088 3602 2138 m’an-

2028 2176 2216 2232 datum
2242 2177 2506 2244 Adamus,
2557 2185 2613 2232 et
2649 2177 2814 2232 simul
2859 2175 2972 2248 (50)
3015 2191 3178 2248 posse
3223 2177 3358 2232 mori
3409 2177 3600 2246 Cir-pit.

2028 2267 2327 2324 Conﬁrmat
2390 2268 2495 2324 hoc
2543 2267 2826 2338 Scriptura
2889 2283 3045 2326 sacra
3083 2282 3097 2327 :
3135 2267 3461 2336 Quaeunque
3519 2269 3605 2321 die

2027 2359 2367 2415 comederetis
2388 2359 2454 2413 de
2485 2361 2694 2423 arbore,
2758 2360 3078 2416 moriemini.
3107 2359 3248 2424 Quid
3291 2359 3488 2428 plura?
3544 2358 3602 2412 Si

2027 2464 2057 2504 a
2098 2451 2364 2521 principio
2393 2451 2467 2508 ita
2500 2451 2754 2507 conditus
2797 2459 2945 2507 esset
3013 2451 3276 2516 Adamus,
3326 2460 3388 2506 ιιι
3440 2451 3601 2505 morti

2024 2541 2338 2609 deberetur,
2361 2557 2468 2597 nou
2503 2537 2710 2600 diceret
2738 2541 3018 2609 Salomon,
3051 2524 3188 2598 beas
3236 2558 3339 2597 non
3384 2552 3604 2596 mortem

2023 2635 2164 2706 fecit.
2190 2633 2294 2690 Ista
2326 2633 2469 2690 enim
2499 2649 2608 2690 non
2645 2635 2945 2702 cohaerent,
3014 2641 3070 2688 et
3107 2648 3300 2704 parum
3365 2633 3513 2688 inter
3539 2647 3600 2688 se

2023 2735 2348 2798 congruunt.
2373 2726 2760 2798 Claret'igitur
2784 2725 2939 2791 hinc,
2967 2725 3126 2782 simul
3157 2725 3385 2794 fregisse
3445 2741 3600 2778 mauo

2022 2817 2230 2882 datum,
2257 2824 2312 2871 et
2342 2815 2506 2870 simul
2541 2818 2744 2872 factum
2785 2817 2934 2885 quod
2961 2831 3068 2870 non
3091 2825 3228 2871 erat.
3271 2815 3408 2881 Quid
3443 2830 3605 2882 porro

2021 2908 2202 2964 isthuc
2239 2909 2362 2964 est?
2391 2908 2532 2964 Mors
2557 2909 2610 2963 in
2631 2909 2894 2963 Adamum
2935 2907 3204 2978 principio
3228 2907 3452 2965 minimo
3508 2923 3596 2962 ca-

2021 2998 2203 3058 debat.
2233 3001 2327 3054 sed
2353 2999 2440 3054 ubi
2471 2999 2540 3055 de
2573 2999 2718 3071 ligno
2747 2999 3002 3063 comedit,
3049 3009 3160 3053 tum
3190 2999 3408 3055 cecidit.
3457 3000 3608 3065 Qua-

2019 3103 2223 3158 cunque
2270 3089 2410 3142 enim
2451 3089 2582 3142 hora
2647 3089 3000 3152 comederitis,
3069 3089 3266 3159 inquit,
3315 3090 3380 3142 de
3434 3089 3604 3160 ligno.

343 3181 455 3250 τὰρ
477 3179 619 3247 ὥρᾳ,
652 3181 809 3249 φησὶ,
834 3179 1063 3250 φάγητε
1094 3181 1214 3236 ἀπὸ
1258 3179 1364 3234 τοῦ
1413 3180 1628 3248 φυτοῦ,
1687 3179 1920 3248 θανάτῳ

2024 3185 2190 3232 morte
2221 3177 2537 3232 moriemini.
2567 3177 2691 3232 Noli
2723 3193 2886 3249 porro
2916 3180 3056 3234 istuc
3083 3179 3288 3232 mirari.
3343 3179 3605 3246 Quamvis

347 3271 766 3326 ἀποθανεῖσθε.
797 3271 907 3326 Καὶ
960 3271 1038 3342 μὴ
1099 3271 1347 3342 θαύμαζε
1374 3271 1566 3326 τούτου
1610 3271 1818 3328 ἕνεκεν.
1853 3272 1916 3326 Ei

354 3363 465 3432 γὰρ
505 3363 597 3416 καὶ
621 3362 801 3434 ψυχῆς
850 3363 1000 3432 αὐτῷ
1029 3363 1332 3433 μετέδωκεν
1365 3365 1560 3434 νοερᾶς
1603 3365 1631 3418 6
1661 3364 1814 3428 Θεὸς,
1841 3363 1918 3430 ὡς

353 3453 603 3508 ἐντεῦθεν
642 3455 808 3510 αὐτὸν
847 3451 988 3510 εἶναι
1024 3456 1118 3509 καὶ¹
1143 3455 1411 3509 ἀθάνατον
1450 3459 1508 3519 ἐς
1555 3457 1615 3509 τὸ
1647 3455 1948 3524 διηνεκὲς,’

349 3545 446 3597 καὶ
486 3547 672 3599 πιστοί
701 3545 794 3599 τὸν
831 3547 992 3615 λόγον
1019 3548 1046 3600 6
1093 3551 1192 3618 τὴν
1218 3547 1464 3614 γλῶτταν
1490 3546 1754 3621 χροσοῦς·
1783 3546 1920 3600 ἀλλὰ

343 3641 446 3710 τῆς
475 3640 698 3709 ἐντολῆς
732 3641 767 3708 ἡ
803 3639 1142 3710 παράϐασις,
1176 3640 1251 3702 ὡς
1281 3639 1626 3710 προείρηται,
1649 3639 1747 3691 καὶ
1785 3639 1920 3691 ἀθα-

345 3731 543 3794 νασίας
577 3730 740 3783 αὐτὸν
791 3723 1082 3800 ἐγύμνώσε
1134 3731 1231 3786 καὶ
1272 3729 1614 3811 παραδείσω(
1664 3728 1919 3798 ἐξώρισε,

347 3826 442 3880 καὶ
467 3827 548 3890 εἰς
576 3825 684 3894 γῆν
737 3819 1168 3894 ἀποστραφῆναι
1196 3824 1360 3878 πάλιν
1393 3823 1516 3876 ὅθεν
1561 3821 1774 3891 ἐλήφθη
1823 3837 1924 3875 πε-

349 3917 571 3987 ποίηκε.
619 3915 818 3980 Καλῶς
853 3915 946 3970 οὖν
975 3917 1004 3970 6
1043 3916 1334 3986 προφήτης
1377 3913 1560 3984 Ἀμὼς
1615 3913 1804 3982 ἔλεγεν
1837 3911 1923 3966 ὅτι

346 4008 525 4062 πάντα
561 4009 708 4062 ποιεῖ
735 4007 832 4061 καὶ
894 4007 1298 4076 μετασκευάζει
1353 4007 1380 4060 6
1414 4005 1546 4067 Θεὸς
1573 4005 1760 4076 οἰκείῳ
1796 4007 1924 4078 βου-

346 4100 552 4169 λήματι
583 4100 724 4171 πρός
758 4116 820 4168 γε
851 4099 912 4153 τὸ
940 4099 1226 4170 συμφέρον
1257 4101 1412 4170 ἡμῖν.

430 4191 732 4259 Ἐπίγνωθι
761 4191 878 4248 οὖν.
932 4192 994 4244 El
1027 4191 1160 4260 γὰρ,
1219 4190 1348 4254 ὠςὸ
1385 4189 1546 4258 λόγος
1595 4190 1662 4243 ἐκ
1708 4187 1924 4244 πολλῶν

347 4282 540 4350 ἔδειξε,
581 4283 676 4337 καὶ
706 4283 988 4354 ἄφθαρτος
1037 4281 1266 4350 ἐκτίσθη
1301 4283 1456 4350 παρὰ
1499 4279 1637 4334 Θεοῦ
1666 4281 1762 4334 καὶ
1789 4279 1923 4334 ἀθά-

347 4379 592 4453 νατος1ὁ
633 4375 828 4446 Ἀδὰμ,
889 4374 1059 4428 πόθεν
1109 4375 1310 4427 ἐκεῖνοι
1356 4371 1544 4427 λοιπὸν
1603 4370 1922 4443 ὁρμώμενοι

351 4468 514 4536 μέσον
557 4467 722 4524 αὐτὸν
757 4466 1059 4529 ἀθανασίας
1103 4461 1246 4519 εἶναι
1301 4466 1397 4518 καὶ
1447 4462 1777 4535 θνητότητος
1824 4459 1921 4532 ὅλῃ

2021 3268 2164 3324 enim
2204 3269 2439 3326 animam
2470 3270 2857 3342 iutelligentem
2884 3270 2933 3326 ei
2972 3271 3114 3327 Deus
3145 3271 3358 3337 indidit,
3389 3282 3449 3326 ut
3476 3273 3606 3327 inde

2021 3361 2326 3416 aeternitate
2383 3371 2675 3432 augeretur
2723 3361 2801 3434 (et
2857 3360 3021 3418 ﬁdem
3057 3361 3186 3417 facit
3249 3363 3340 3417 ille
3393 3362 3601 3435 Lingua

2011 3452 2261 3520 aureus),
2293 3461 2492 3519 tamen,
2527 3460 2586 3508 ut
2619 3453 2730 3522 jam
2759 3453 2964 3538 dictum
3015 3464 3119 3520 est,
3146 3455 3384 3510 mandati
3427 3465 3606 3510 trans-

2021 3544 2230 3614 gressio
2279 3553 2334 3598 et
2362 3547 2772 3601 immortalitate
2801 3537 2979 3616 ipsum
3007 3548 3236 3604 nudavit
3263 3558 3318 3604 et
3351 3550 3604 3620 paradiso

2020 3635 2249 3704 expulit,
2277 3639 2333 3690 et
2363 3636 2415 3690 in
2447 3651 2664 3701 terram,
2706 3637 2774 3692 de
2801 3653 2904 3708 qua
2942 3647 3194 3710 sumptus
3231 3650 3369 3706 erat,
3417 3657 3604 3696 rever-

2023 3726 2062 3781 ti
2095 3726 2242 3782 l‘ccit.
2273 3727 2439 3782 [tecte
2460 3728 2623 3800 igitur
2663 3729 2928 3800 propheta
2955 3729 3141 3794 Amos,
3194 3731 3365 3787 Deum
3418 3735 3602 3788 omnia

2021 3817 2202 3873 facere
2227 3828 2278 3874 et
2317 3827 2682 3876 transmutare
2729 3820 2997 3876 arbitratu
3032 3837 3132 3876 suo
3183 3822 3252 3877 ad
3311 3821 3601 3899 utilitatem

2027 3917 2272 3964 nostram
2300 3908 2536 3966 dicebat.
2679 3909 2686 3917 '

2091 4185 2369 4258 Cognosce
2400 4185 2602 4257 itaque.
2641 4185 2696 4242 Si
2708 4186 2884 4255 enim,
2907 4197 2969 4244 ut
2988 4189 3205 4260 copiose
3229 4191 3605 4261 probavimus,

2023 4284 2081 4334 et
2130 4277 2564 4350 incorruptibilis
2619 4287 2676 4334 et
2728 4279 3054 4337 immortalis
3101 4296 3132 4336 a
3193 4283 3307 4338 Deo
3361 4283 3603 4359 Adamus

2023 4381 2240 4428 creatus
2323 4378 2428 4436 est,
2483 4371 2648 4434 unde,
2717 4387 2936 4442 quaeso,
3017 4373 3095 4428 illi
3153 4384 3600 4446 prorumpentes.

2025 4459 2138 4530 (5t)
2169 4461 2407 4516 medium
2435 4459 2610 4531 ipsqu
2643 4461 2788 4517 inter
2824 4463 3288 4520 immortalitatem
3311 4476 3366 4522 et
3396 4475 3604 4521 morta-

420 4645 535 4714 (30)
569 4643 702 4700 Mori
763 4659 870 4700 non
905 4650 1118 4714 poterat
1157 4643 1226 4698 ab
1250 4641 1440 4714 _initio
1499 4639 1771 4714 Adamus.
1805 4653 1915 4714 non
1949 4640 1994 4696 D
2023 4637 2289 4714 Adamum
2331 4647 2454 4714 post
2491 4647 2788 4714 peccatum
2821 4651 2984 4714 posse
3007 4639 3148 4714 mori
3165 4639 3434 4714 erupisse.
3463 4657 3602 4714 Anon

346 4710 488 4784 quod
509 4710 710 4784 corpus
729 4710 1041 4784 suifna'tura
1070 4711 1298 4784 mortale
1327 4728 1435 4784 non
1469 4711 1540 4766 sit
1579 4719 1743 4784 atque
1767 4710 1917 4764 solu-

349 4779 478 4848 bile.
519 4779 624 4840 sed'
667 4785 792 4850 quia
829 4783 925 4838 Dei
964 4783 1218 4837 voluntas
1265 4781 1460 4836 iortius
1507 4788 1592 4835 est
1645 4779 1918 4850 cujusque

347 4857 426 4910 rei
445 4848 743 4918 vinculum,
772 4868 931 4918 quam
960 4862 1021 4906 ut
1059 4852 1165 4907 ulla
1205 4853 1273 4907 de
1299 4867 1462 4905 causa
1493 4848 1715 4904 dissolvi
1741 4853 1918 4918 possit

347 4926 499 4993 juxta
526 4937 745 4993 auream
788 4919 1032 4976 Platonis
1059 4921 1393 4993 Δ(Ιοιιιι-ἰ-ιιιιιιι
1459 4920 1514 4974 iu
1567 4919 1786 4993 Timaeo,
1824 4922 1915 4993 ubi

353 4988 521 5048 Deum
550 4992 890 5048 conditorem
950 4993 1022 5044 ita
1043 4990 1177 5046 deos
1227 4991 1590 5060 alloquentem
1653 4988 1916 5046 inducit:

351 5067 474 5120 ch
502 5078 610 5126 vos,
639 5062 726 5128 qui
750 5061 966 5114 deorum
999 5071 1120 5114 satu
1145 5061 1246 5114 orti
1273 5063 1414 5124 estis,
1449 5060 1705 5113 attendite
1741 5074 1758 5110 :
1789 5076 1924 5129 quo-

349 5149 466 5188 rum
487 5148 704 5200 Operam
733 5147 824 5200 ego
847 5145 1034 5199 parens
1073 5130 1376 5198 eﬂ'ectorque
1439 5145 1576 5188 sum,
1635 5145 1740 5200 non
1797 5139 1919 5184 sunt

347 5198 673 5257 dissolubilia
706 5198 785 5253 me
845 5198 1009 5270 invito
1031 5215 1048 5252 :
1073 5215 1378 5270 quanquam
1415 5215 1568 5252 omne
1609 5198 1916 5267 colligatum

351 5273 476 5328 solvi
510 5281 698 5342 potest.
727 5271 852 5342 Sed
869 5268 1284 5342 haudquaquam
1313 5270 1440 5342 ι)οηὶ
1469 5279 1544 5322 est
1567 5270 1774 5342 ratione
1804 5271 1917 5342 vin-

352 5339 649 5396 rtu‘m'relle
682 5339 980 5393 dissolvere.
1017 5339 1120 5392 Sed
1164 5341 1412 5408 quoniam
1477 5340 1580 5392 orti
1629 5339 1770 5401 estis,
1816 5341 1916 5392 im-

350 5411 598 5466 mortales
654 5427 740 5480 tjos
791 5411 997 5480 quidem
1049 5407 1183 5462 esse
1225 5418 1316 5480 aut
1377 5407 1764 5480 indissolubiles
1813 5425 1916 5462 non

348 5485 580 5550 potestis.
625 5479 944 5549 Neutiquam
1009 5489 1184 5532 tamen
1241 5479 1620 5550 dissolvcmini,
1671 5493 1765 5532 nec
1825 5496 1917 5534 vos

348 5547 457 5604 ulla
489 5551 667 5604 mortis
699 5547 809 5620 fata
835 5551 1106 5616 periment,
1141 5565 1233 5620 nec
1256 5548 1407 5618 fraus
1473 5547 1732 5620 valentior
1756 5565 1862 5618 qua
1885 5565 1916 5601 ιι

351 5620 624 5674 consilium
656 5635 862 5672 meum:
899 5623 1034 5688 quot
1067 5619 1240 5686 majus
1266 5625 1341 5670 est
1368 5619 1632 5671 vinculum
1692 5623 1760 5669 ait
1801 5636 1918 5686 per-

349 5691 936 5758 petuitatemaestram,
991 5704 1146 5756 quam
1201 5689 1316 5750 illa,
1371 5689 1554 5752 quibus
1617 5689 1744 5742 estis
1783 5698 1916 5752 tum,

351 5774 465 5812 cum
495 5759 869 5828 gignebamini,
899 5758 1160 5826 colligati,
1183 5771 1242 5812 ut
1285 5758 1530 5828 Platonis
1586 5759 1750 5828 verba
1815 5761 1915 5812 La-

359 5829 468 5882 tine
496 5826 658 5884 vertit
699 5827 763 5885 tl.
803 5827 1030 5884 Tullius.
1067 5829 1338 5884 Caeterum
1387 5827 1530 5898 quod
1581 5826 1773 5898 Glycas
1823 5831 1920 5894 ait,

2025 4707 2254 4762 liberam
2284 4709 2616 4763 voluntatem
2650 4707 2894 4775 respicit,
2925 4708 3021 4762 sed
3061 4710 3311 4776 corporis
3333 4711 3606 4765 conditio-

2025 4791 2190 4844 nem;
2224 4793 2346 4830 nam
2378 4789 2431 4832 et
2455 4787 2586 4850 ante
2609 4787 2893 4850 peccatum
2919 4792 3021 4832 suo
3077 4779 3302 4850 arbitrio
3327 4781 3468 4834 mori
3505 4797 3604 4850 po-

2028 4855 2186 4911 terat,
2227 4848 2504 4915 peecaudo
2528 4849 2756 4907 scilicet.
2791 4855 2848 4900 et
2883 4846 2937 4900 in
2977 4849 3268 4902 mortalem
3323 4846 3602 4905 conditio-

2026 4931 2151 4970 ucm
2178 4917 2448 4972 decidere.
2496 4917 2753 4971 Viileatur
2800 4917 2994 4970 Petrus
3032 4916 3373 4973 Lombardus
3431 4922 3529 4974 lib.
3563 4939 3602 4977 ιι

2025 4983 2199 5050 Sent.,
2231 4987 2359 5040 dist.
2399 4986 2538 5046 XIX,
2572 4995 2626 5038 et
2673 4986 2912 5056 Thomas
2939 4987 2981 5051 1,
3015 4986 3058 5050 1,
3109 4987 3177 5054 Q.
3223 5003 3390 5056 χοι-ιι,
3443 5003 3528 5046 art
3560 4993 3602 5055 Ι,

2021 5056 2115 5109 ubi
2151 5059 2462 5110 ostenditur
2511 5056 2810 5130 Adamum‘
2842 5055 3009 5112 fuisse
3072 5055 3438 5116 immortalem
3509 5065 3602 5116 Dei

2019 5139 2248 5181 munere
2278 5135 2508 5188 tantum,
2549 5141 2657 5179 non
2693 5125 2778 5180 sui
2800 5125 3027 5187 natura,
3087 5129 3232 5196 quod
3285 5130 3604 5188 didicerunt

2016 5207 2084 5248 ex
2111 5197 2415 5269 Attgustino
2444 5197 2541 5269 lib.
2573 5212 2668 5250 xm
2699 5196 2905 5269 Decio.
2927 5196 3054 5269 Dei.
3083 5214 3208 5269 cap.
3243 5199 3336 5264 20,
3371 5202 3472 5263 23;
3508 5205 3600 5258 lib.

2015 5281 2115 5322 vtu
2146 5267 2220 5337 De
2247 5267 2375 5323 Gen.
2398 5267 2468 5319 ad
2491 5266 2578 5337 lit.
2611 5281 2734 5337 cap.
2770 5268 2804 5321 4
2833 5276 2889 5320 et
2921 5267 2974 5330 5,
3002 5279 3060 5324 et
3087 5266 3316 5325 auctore
3341 5271 3602 5337 Qucestio-

2013 5355 2138 5393 nam
2175 5336 2372 5408 Veteris
2406 5345 2454 5390 et
2480 5334 2615 5408 Novi
2646 5334 2986 5400 Testamenti,
3007 5350 3204 5408 quaest.
3233 5342 3314 5398 19.

2091 5409 2202 5478 (51)
2249 5407 2412 5478 Recte
2473 5407 2688 5460 videtur
2763 5408 2868 5462 dici
2936 5407 3096 5478 poSse
3148 5412 3418 5466 Adamttm
3469 5419 3598 5465 ante
3653 5415 3657 5418 ’

2021 5487 2306 5548 peccatum
2375 5477 2518 5530 inter
2574 5477 2958 5533 mortalitatem
3019 5490 3074 5534 et
3132 5481 3604 5536 immortalitatem

2022 5547 2190 5605 fuisse
2229 5548 2512 5600 medium:
2556 5547 2880 5601 immortalis
2943 5549 3088 5602 enim
3139 5561 3261 5605 erat
3330 5553 3420 5606 Dei
3479 5568 3602 5604 mu-

2023 5635 2178 5682 nere,
2213 5617 2460 5672 mortalis
2519 5629 2712 5671 natura
2773 5627 2825 5672 et
2856 5618 3173 5673 conditione
3204 5638 3217 5673 :
3248 5621 3599 5684 immortalis,

2023 5693 2066 5744 si
2107 5689 2370 5742 ubedicns
2394 5703 2716 5754 permanere
2777 5689 3038 5742 voluisset
3073 5705 3088 5743 :
3125 5691 3398 5752 mortalis,
3462 5691 3506 5744 si
3544 5693 3602 5747 in

2027 5762 2194 5815 Deum
2231 5759 2506 5824 peccando
2534 5758 2875 5825 deliquisset.
2906 5758 3133 5827 Egregie
3186 5761 3381 5814 Petrus
3439 5761 3604 5815 Lom-

2025 5831 2228 5887 bardus
2253 5829 2348 5883 lib.
2390 5844 2428 5882 ιι
2465 5828 2610 5883 Sent.
2662 5829 2788 5884 dist.
2843 5844 2964 5894 XIX;
3004 5827 3216 5883 Primus
3261 5845 3384 5904 ergo
3447 5835 3604 5891 homo
