4070 6432
440 410 549 473 683

1719 422 2137 488 MICIIAELIS
2176 425 2432 491 GLYCAE

3598 434 3707 501 G86

440 535 544 590 qua
586 524 974 591 protoplastum
1037 536 1162 582 ante
1226 532 1471 587 mandati
1539 538 2013 605 transgressionem

2119 541 2361 612 θρωπος,
2420 542 2565 597 οὕτω
2627 545 2769 598 κατὰ
2815 546 2963 613 λέξιν
3008 545 3213 602 εἰπών·
3273 544 3707 616 Eurydamas?

441 616 831 668 cumulaverat.
874 617 987 688 (46)
1039 618 1171 684 Quae
1196 637 1365 691 porro
1423 624 1515 677 illa
1552 625 1809 695 dignitas,
1848 643 2013 697 quam

440 702 619 770 primo
640 705 842 759 homini
889 708 1161 781 principio
1196 712 1335 768 Deus
1364 714 1627 770 danavit?
1683 715 2017 787 lncorrupti-

438 792 627 869 bilem,
665 794 1054 867 immortalem,
1076 802 1231 857 exitii
1260 816 1543 875 expertem
1570 821 1711 872 esse,
1770 815 1830 862 ut
1855 808 2017 877 liqui-

437 882 508 936 do
536 892 814 939 ostensum
841 898 945 942 est.
975 890 1148 957 Quam
1193 894 1519 966 dignitatem
1553 899 1766 968 accepit
1792 891 2014 971 quidem

445 973 710 1041 Adamus,
744 979 988 1047 perdidit
1010 991 1193 1038 tamen
1225 982 1385 1040 simul
1407 1003 1469 1040 ac
1498 991 1815 1043 mandatum
1833 990 2017 1059 negle-

437 1067 519 1120 xit
543 1083 911 1141 perversoque
932 1074 1166 1129 consilio
1197 1077 1447 1133 arborem
1483 1079 1683 1149 tetigit.
1742 1068 1932 1150 Itaque
1957 1090 2019 1136 ut

436 1171 549 1212 non
585 1159 806 1228 penitus
833 1162 1214 1230 desperemus,
1246 1166 1404 1234 quasi
1454 1168 1915 1223 immortalitatem
1948 1168 2016 1223 il-

436 1246 545 1301 lam
574 1244 859 1320 nunquam
896 1256 1303 1324 recuperaturi,
1376 1257 1645 1314 transfert
1699 1256 1909 1335 Enoch,
1960 1267 2018 1314 et

439 1343 856 1400 immortalitate
889 1361 1015 1400 eum
1040 1347 1321 1418 dignatur,
1383 1362 1587 1420 perque
1619 1350 1790 1406 multa
1817 1351 2016 1407 sucula

440 1435 608 1488 vitam
640 1436 688 1489 ei
713 1437 985 1506 producit,
1026 1438 1154 1494 hinc
1180 1440 1495 1511 signiﬁcans
1551 1441 1664 1513 (Π)
1731 1443 2017 1498 mortalem

441 1535 695 1581 naturam
758 1537 1003 1583 nostram
1061 1531 1326 1586 terminos
1388 1533 1817 1589 immortalitatis
1871 1535 2019 1590 illius

440 1628 783 1687 exspectare,
812 1637 919 1693 qua
975 1636 1076 1692 per
1118 1626 1607 1694 transgressionem
1648 1625 1894 1682 Adamus
1923 1642 2021 1683 es-

441 1709 592 1764 cidit.
620 1711 772 1776 Quod
803 1713 849 1767 si
887 1713 962 1767 ita
987 1724 1136 1779 sunt,
1176 1715 1305 1785 quid
1336 1715 1492 1785 plura
1551 1716 1747 1771 attinet
1781 1715 1968 1771 dicere
1995 1716 2023 1769 τ

439 1801 499 1855 Si
522 1790 664 1856 enim
696 1802 903 1872 primus
929 1804 1019 1859 ille
1046 1805 1210 1859 homo
1237 1807 1375 1862 hanc
1427 1808 1894 1878 incorruptionem
1927 1808 2018 1863 ha~

436 1892 578 1953 huit.
599 1909 760 1962 quam
787 1909 1104 1965 exspectare
1138 1896 1283 1969 Deus
1313 1896 1597 1954 mortalem
1629 1907 1882 1956 naturam
1914 1899 2015 1955 do-

434 1983 568 2048 cuit,
600 1984 789 2040 Enoch
820 1986 1222 2054 transferendo,
1258 1996 1487 2058 apparet
1542 1989 1730 2059 plane,
1783 1992 1946 2046 talem
1984 2006 2016 2046 a

436 2074 552 2131 Deo
575 2075 849 2132 hominem
894 2078 962 2132 ab
994 2079 1152 2134 initio
1205 2081 1509 2145 conditum,
1551 2080 1768 2149 qualem
1803 2082 1916 2152 (48)
1949 2098 2015 2138 ex

437 2170 673 2224 mortuis
697 2182 1137 2228 resurrecturum
1172 2174 1358 2230 divina
1416 2176 1722 2247 praedicant
1774 2179 2017 2233 oracula.

432 2258 517 2314 Ne
538 2260 700 2331 igitur
732 2262 942 2318 ltazsita.
975 2264 1163 2335 Cogita
1193 2269 1557 2337 tecum,quod
1605 2269 1770 2322 etiam
1801 2268 2021 2324 divinus

440 2350 759 2408 Anastasius
786 2356 994 2414 Sinaita
1047 2358 1101 2412 in
1161 2361 1415 2415 oratione
1438 2360 1517 2414 De
1543 2362 1924 2416 resurrectione
1953 2362 2023 2417 de

439 2441 525 2497 bis
553 2443 856 2499 clarissime
882 2446 1069 2515 posuit
1099 2447 1165 2502 in
1182 2448 1331 2504 hunc
1391 2452 1613 2505 modum
1646 2450 1758 2522 (49)
1795 2468 1809 2523 ;
1842 2449 1971 2506 Tale
1992 2468 2019 2506 e

439 2537 661 2589 mortuis
689 2538 953 2592 excitatur
976 2542 1235 2609 exanime,
1295 2543 1454 2613 quale
1484 2553 1600 2597 erat
1659 2560 1691 2597 a
1738 2544 2018 2615 principio,

438 2628 646 2696 rejectis
671 2631 910 2686 erunibus
933 2649 1052 2702 qua:
1088 2633 1169 2687 illi
1205 2643 1423 2705 propter
1474 2644 1749 2705 peceatum
1788 2637 2021 2706 contige-

439 2721 843 2777 rant.'Attende
873 2722 1058 2794 igitur.
1087 2725 1146 2780 Si
1179 2725 1283 2780 tale
1308 2726 1575 2799 resurgit,
1598 2727 1761 2797 quale
1798 2743 1827 2782 a
1854 2728 2018 2798 priu-

437 2812 578 2881 t—ipio
631 2822 749 2868 erat
780 2829 794 2867 :
824 2830 1113 2887 resurgens
1160 2827 1342 2873 autem
1376 2828 1508 2874 tunc
1553 2835 1753 2890 corpus
1808 2828 2016 2875 certum

436 2911 523 2957 est
555 2915 729 2959 morte
765 2914 821 2960 et
853 2906 1207 2977 corruptione
1258 2909 1513 2979 superius
1550 2908 2017 2976 resurrecturum,

435 2998 499 3052 id
541 2997 686 3063 quod
747 2999 1020 3063 maximus
1060 3001 1149 3057 ille
1196 3000 1397 3058 Paulus
1447 3012 1726 3059 testatur:
1773 3003 2013 3065 Oportet,

508 3173 622 3242 (46)
646 3173 784 3245 llaec
810 3173 1015 3228 eadem
1050 3172 1211 3229 docet
1235 3166 1398 3228 etiam
1428 3176 1455 3226 6
1488 3176 1629 3228 πάνυ
1672 3174 2016 3245 Augustinus

435 3240 532 3297 lib;
575 3240 609 3297 t
638 3243 714 3295 De
759 3253 1089 3310 peccatorum
1118 3245 1319 3298 meritis
1364 3253 1414 3298 et
1453 3240 1783 3301 remissione:
1811 3260 1932 3313 cap.
1960 3247 2014 3311 5,

435 3313 713 3367 allii-muns
745 3313 1025 3368 Enochutn
1050 3326 1105 3368 et
1137 3314 1310 3368 Eliam
1340 3329 1448 3369 non
1475 3318 1633 3369 aliter
1658 3315 1834 3369 adhuc
1859 3315 2015 3371 vivos

437 3397 762 3453 permanere
791 3398 950 3450 quam
993 3385 1200 3451 primus
1228 3384 1391 3447 homo
1426 3391 1480 3436 et
1525 3386 1645 3453 eius
1691 3383 1921 3453 posteri,
1971 3386 2015 3438 si

438 3451 625 3505 minus
657 3451 742 3506 ille
789 3462 1089 3520 peccasset,
1131 3453 1468 3516 immortales
1518 3451 1704 3507 futuri
1738 3464 1918 3506 erant.
1954 3454 2014 3509 Si

437 3523 574 3575 enim
597 3522 754 3583 Deus,
779 3522 973 3590 inquit,
999 3522 1370 3576 Israelitarum
1391 3523 1715 3576 vestimentis
1742 3531 1791 3576 et
1815 3522 2018 3579 calcea—

435 3594 626 3646 mentis
653 3593 898 3660 prtestitit
919 3594 1057 3660 quod
1090 3609 1179 3660 per
1208 3603 1281 3645 tot
1317 3608 1483 3645 annos
1516 3609 1617 3646 non
1646 3603 1766 3647 sunt
1796 3593 2014 3659 obtrita,

439 3663 566 3730 quid
611 3663 803 3716 mirum
849 3664 894 3716 si
942 3663 1204 3734 obedienti
1245 3662 1444 3715 homini
1494 3662 1728 3734 ejusdem
1781 3667 2015 3734 potentia

435 3743 802 3799 pra'staretur,
848 3739 903 3784 ut
950 3732 1182 3787 animale
1216 3748 1280 3785 ac
1320 3732 1546 3785 mortale
1583 3732 1789 3788 habens»
1806 3750 2013 3801 corpus,

431 3804 641 3855 haberet
676 3803 728 3855 in
759 3820 821 3856 eo
839 3804 1120 3872 quemdam
1145 3812 1366 3873 statum,
1395 3817 1497 3873 quo
1516 3804 1628 3857 sine
1651 3804 1855 3873 defectu
1884 3814 2016 3858 esset

430 3888 713 3934 annorum,
750 3882 981 3935 tempore
1024 3887 1125 3942 quo
1158 3872 1293 3925 Deus
1325 3872 1495 3937 vellet,
1518 3890 1551 3926 a
1586 3872 1913 3928 mortalitate
1945 3876 2013 3927 ad

430 3944 893 3996 immortalitatem
941 3943 1053 3995 sine
1105 3943 1275 3994 media
1329 3953 1495 3995 morte
1535 3944 1821 3998 venturus?
1867 3942 2015 3997 Sicut

430 4016 571 4064 enim
609 4013 717 4064 hare
746 4013 858 4078 ipsa
891 4028 1033 4077 caro,
1081 4027 1241 4081 quant
1270 4029 1408 4066 nunc
1437 4011 1711 4075 habemus,
1751 4029 1852 4065 non
1893 4015 2011 4066 ideo

420 4098 538 4133 ’ποθι
565 4093 636 4133 est
669 4081 1027 4144 vulnerabilis,
1054 4083 1181 4151 quia
1215 4092 1428 4151 nonest
1461 4098 1665 4135 necesse
1695 4093 1749 4135 ut
1775 4082 2016 4135 vulnere-

434 4164 523 4204 tur
551 4167 567 4204 :
600 4153 676 4203 sic
722 4151 817 4204 illa
860 4167 962 4205 non
991 4148 1107 4205 ideo
1148 4168 1252 4205 non
1273 4148 1390 4274 ﬁdit
1431 4152 1696 4214 mortalis.
1744 4156 1868 4221 quia
1912 4168 2016 4204 non

435 4232 547 4274 erat
601 4237 804 4274 necesse
830 4233 886 4274 ut
917 4231 1225 4274 moreretur.
1319 4220 1455 4274 alem
1487 4231 1617 4274 nuto
1647 4222 2014 4274 habitudinem

435 4232 547 4275 erat
601 4237 804 4275 necesse
830 4233 886 4275 ut
917 4231 1225 4275 moreretur.
1273 4220 1455 4274 Talem
1486 4231 1617 4290 puto
1647 4220 2014 4276 habitudinem

434 4293 608 4344 adhuc
643 4292 699 4344 in
735 4307 948 4356 corpore
974 4293 1200 4346 animali
1232 4302 1390 4362 atque
1420 4291 1668 4362 mortali,
1707 4292 1872 4343 etiam
1903 4291 2012 4346 illis

432 4365 523 4432 qui
559 4362 671 4414 sine
701 4372 866 4432 morte
899 4363 1019 4415 hinc
1052 4360 1310 4432 translati
1336 4370 1477 4424 sunt,
1512 4360 1673 4432 fuisse
1695 4376 2010 4415 concessam.

439 4429 623 4497 Neque
655 4433 791 4486 enim
829 4431 1005 4486 Enoch
1032 4442 1081 4485 et
1109 4431 1261 4485 Elia:
1294 4447 1387 4501 per
1424 4442 1533 4483 tam
1565 4429 1778 4500 longam
1803 4440 2013 4485 artatent

429 4512 691 4557 senectute
719 4510 1079 4567 increuerunt,
1106 4516 1198 4555 nec
1227 4510 1399 4555 tamen
1428 4516 1513 4552 eos
1537 4503 1691 4553 credo
1712 4501 1839 4565 jam
1861 4501 1914 4554 in
1942 4501 2009 4562 il,-

434 4575 543 4627 lrtm
569 4572 863 4641 spiritalem
886 4571 1200 4641 qualitatem
1230 4570 1464 4638 corporis
1486 4578 1857 4635 commutatos,
1883 4586 2016 4640 qua-

432 4644 500 4696 lis
535 4645 588 4695 in
618 4644 1002 4696 resurrectione
1029 4641 1375 4707 promittitur,
1411 4648 1519 4692 etc.
1584 4666 1587 4669 ν

505 4716 617 4781 (47)
659 4713 865 4768 Enocbi
901 4722 958 4766 et
994 4711 1142 4777 Elite,
1187 4708 1600 4764 translationem
1652 4709 1853 4781 futura:
1892 4724 2016 4767 esse

437 4784 868 4838 resurrectionis
900 4782 1191 4850 imaginem
1242 4790 1297 4833 et
1345 4789 1766 4850 argumentum,
1817 4780 2016 4837 docent

433 4853 805 4907 Tertullianus
863 4852 936 4906 De
988 4849 1376 4906 resurrectione
1412 4849 1601 4921 carnis
1622 4850 2014 4921 ;‘Augnstinus

432 4923 531 4975 lin.
569 4938 637 4975 xv
669 4922 744 4975 De
787 4923 886 4977 cie.
938 4921 1055 4987 Dei,
1086 4935 1207 4988 cap.
1251 4921 1360 4985 19;
1406 4918 1669 4973 Paulinus
1720 4918 1901 4988 poem.
1928 4938 1961 4975 ν
1995 4938 2009 4986 ;

432 4991 813 5045 Tttcodoretus
839 4987 1269 5060 interrogatione
1297 5004 1397 5044 sev
1419 4990 1474 5043 in
1500 4987 1747 5055 Genesin’;
1774 4989 2010 5046 Thomas

428 5067 483 5116 in
518 5077 632 5122 cap.
662 5076 697 5115 tt
723 5060 973 5128 Epistolas
1002 5063 1069 5116 ad
1100 5059 1360 5116 Hebraeos:

507 5132 619 5199 (48)
665 5129 891 5202 Fallitur
949 5131 1201 5202 profecto
1240 5130 1453 5202 Glycas,
1496 5140 1553 5186 et
1596 5130 1848 5202 procula
1874 5146 2006 5187 vera

430 5203 647 5255 ratione
688 5199 1023 5266 recedit,_si
1060 5199 1390 5259 doctissimis
1436 5201 1703 5270 theologis
1744 5200 1910 5267 ﬁdes,
1949 5215 2008 5256 ut

425 5272 650 5339 quidem
688 5271 927 5337 videtur,
973 5271 1226 5327 habenda
1272 5280 1375 5324 est.
1427 5273 1583 5328 Unus
1634 5285 1745 5338 prie
1790 5271 2006 5326 cunctis

424 5342 686 5409 loquatur
718 5356 946 5406 magnus
977 5342 1333 5411 Augustinus.
1373 5341 1475 5396 llic
1508 5343 1602 5395 lib.
1631 5356 1753 5404 χιιι,
1790 5341 1868 5394 De
1899 5343 2001 5397 ciu.

425 5412 546 5472 Dei,
585 5425 707 5478 cup.
754 5411 848 5477 20,
882 5412 956 5466 ita
993 5412 1063 5467 de
1091 5426 1323 5480 corpore
1346 5425 1662 5467 sanctorum
1705 5411 1760 5464 in
1809 5411 2001 5465 ultima

426 5481 837 5537 resurrectione
871 5484 1127 5538 restituto
1149 5495 1312 5551 agens
1345 5480 1463 5536 iniit
1489 5498 1502 5534 :
1532 5481 1651 5535 Non
1671 5480 1840 5534 solum
1863 5482 2002 5551 enim

429 5568 534 5604 non
566 5552 666 5603 erit
707 5552 813 5606 tale
846 5554 1002 5621 quale
1041 5549 1278 5615 nuncest
1320 5553 1374 5604 in
1411 5553 1597 5622 quavis
1621 5554 1822 5621 optima
1859 5549 2000 5622 vale-

431 5624 627 5681 tudine,
661 5624 750 5673 sed
786 5620 878 5675 nec
908 5622 1011 5675 tale
1035 5624 1245 5691 quidem
1275 5620 1432 5690 quale
1451 5620 1560 5692 ταὶι
1589 5620 1661 5674 ξπ
1682 5623 1870 5690 primis
1902 5620 1997 5672 ho-

428 5691 655 5742 minibus
686 5702 810 5744 ante
842 5701 1137 5761 peccatum.
1182 5693 1287 5758 Qui
1320 5692 1440 5748 licet
1464 5691 1716 5746 morituri
1772 5706 1877 5742 non
1914 5706 1996 5743 es-

428 5769 564 5819 s-nt,
604 5760 704 5811 nisi
751 5760 1074 5829 peccassent,
1119 5763 1386 5817 alimentis
1435 5774 1609 5816 tamen
1656 5770 1713 5813 ut
1758 5761 1994 5814 homines

431 5829 733 5897 utebantur,
766 5832 992 5887 nondum
1032 5833 1354 5902 spiritualia,
1400 5834 1492 5890 scd
1516 5833 1689 5887 adhuc
1735 5829 1993 5884 animalia

2130 632 2320 704 Ἑνὼχ
2352 634 2435 701 τῷ
2460 635 2583 702 Θεῷ
2609 638 2710 692 καὶ
2757 641 3156 707 μετατίθεται.
3209 638 3319 694 Kal
3343 637 3453 708 ὅρα
3477 640 3707 694 Δσσκό-
3758 636 3767 643 ’

2117 741 2226 779 του
2255 726 2616 797 ἀγαθότητα.
2655 730 2865 798 Εὑρὼν
2910 732 3022 799 γὰρ
3052 730 3246 800 ἄνδρα
3277 732 3704 799 κατωρθωκότα

2117 816 2236 885 τὴν
2266 810 2510 888 ἀρετὴν,
2542 822 2656 874 οὐκ
2695 822 3118 891 ἀπεστέρησεν
3136 824 3326 878 αὐτὸν
3362 821 3468 890 τῆς
3502 821 3701 887 ἀξίας,

2119 905 2201 975 ἦν
2229 906 2309 973 τῷ
2358 912 2820 980 πρωτοπλάστφ
2856 913 3184 981 ἐχαρίσατο
3225 913 3340 983 πρὸ
3378 913 3490 982 τῆς
3514 930 3707 980 παρα-

2118 996 2350 1064 ϐάσεως
2379 999 2490 1067 τῆς
2511 996 2794 1071 ἐντολῆς.
2831 1004 2994 1055 ’ἄλλὰ
3029 1005 3138 1074 γὰρ
3163 1004 3245 1068 τις
3275 1006 3308 1074 ἠ
3333 1004 3459 1070 ἀξία
3487 1004 3553 1074 ἦν
3580 1006 3709 1073 ἐχα-

2120 1088 2311 1156 ρίσατο
2338 1090 2417 1159 τῷ
2447 1090 2650 1162 πρώτῳ
2694 1093 2970 1165 ἀνθρώπῳ
3019 1095 3141 1148 κατ’
3172 1095 3346 1164 ἀρχὰς
3375 1097 3403 1148 6
3426 1094 3587 1161 Θεός;
3629 1080 3706 1148 Τὸ

2118 1178 2392 1249 ἀρθαρτον
2422 1182 2515 1235 κα)⁵
2541 1182 2807 1239 ἀθάνατον
2826 1188 2919 1238 καὶ
2936 1186 3263 1255 ἀνώλεθρον.
3280 1186 3354 1249 ὡς
3371 1187 3399 1239 6
3420 1186 3574 1251 λόγος
3602 1185 3703 1256 ἤδη
3768 1242 3769 1245 η

2120 1268 2336 1337 φθάσας
2366 1272 2752 1344 ἀριδηλότερον
2782 1275 2987 1342 ἔδειξεν
3005 1289 3020 1305 ⁶
3048 1275 3115 1345 ἢν
3140 1275 3206 1345 δὴ
3233 1275 3394 1340 ἀξίαν
3413 1275 3571 1329 ἔλαδε
3601 1274 3705 1343 μὲν

2119 1360 2146 1413 6
2182 1360 2377 1432 Ἀδὰμ.
2428 1363 2680 1435 ἀφῃρέθη
2713 1365 2771 1418 δὲ
2817 1367 2969 1436 ὅμως
3021 1368 3217 1439 αῷτὴν,
3268 1367 3457 1434 ἐπειδὴ
3486 1366 3730 1436 παρέϐη·

2119 1448 2219 1519 τὴν
2249 1451 2492 1519 ἐντολὴν,
2545 1453 2736 1524 ἐπειδὴ
2767 1453 3116 1518 κακοϐούλους
3160 1454 3342 1526 ἥψατο
3372 1451 3464 1508 τοῦ
3493 1452 3663 1523 φυτοῦ
3687 1470 3700 1484 ·

2120 1539 2321 1609 ἀμέλει
2350 1542 2447 1596 καὶ
2464 1542 2552 1596 ἵνα
2593 1545 2668 1614 μὴ
2718 1545 3002 1608 παντελῶς
3028 1545 3384 1617 ἀπογνῶμεν,
3411 1545 3487 1609 ὡς
3519 1544 3705 1598 οὐκέτι

2119 1631 2219 1703 τὴν
2268 1633 2572 1689 ἀθανασίαν
2601 1635 2821 1706 ἐκείνην
2854 1636 3268 1707 ’ἀποληψόμενοι
3296 1677 3312 1703 ,
3376 1635 3705 1706 μετατὲθησι

2118 1722 2212 1775 τδν
2254 1722 2447 1794 Ἑνὼχ,
2480 1723 2790 1794 ἀφθαρσίας
2831 1740 2892 1777 τε
2924 1725 3086 1778 αὐτὸν
3111 1724 3272 1792 ἀξιοῖ,
3303 1725 3400 1778 καὶ
3430 1722 3572 1777 οὕτω
3601 1723 3704 1793 ζῇν

2122 1816 2201 1878 εἰς
2232 1814 2438 1878 αἰῶνας
2491 1815 2931 1887 παρασκευάζει,
2971 1815 3241 1871 διδάσκων
3267 1817 3330 1871 ὲκ
3361 1814 3552 1870 τούτου
3599 1818 3705 1884 τὴν

2121 1901 2324 1973 θνητὴν
2351 1903 2516 1971 φύσιν
2540 1905 2697 1975 ἡμῶν
2720 1943 2737 1971 ,
2772 1906 2933 1976 ὄρους
2967 1906 3270 1969 ἀθανασίας
3299 1906 3511 1975 ἐκείνης
3553 1905 3706 1960 ἐκδέ-

2121 1993 2341 2062 χεσθαι,
2369 1990 2437 2065 ἧς
2462 1996 2688 2063 ἐξέπεσε
2715 1997 2806 2049 διὰ
2837 1996 2935 2068 τὴν
2968 1997 3309 2068 παράϐασιν.
3342 1984 3403 2051 Ei
3440 1997 3497 2051 δὲ
3527 1996 3705 2050 ταῦτα

2121 2080 2295 2147 οὕτως
2322 2084 2436 2153 ἔχει
2463 2125 2478 2151 ,
2527 2085 2580 2139 τί
2609 2090 2714 2158 χρὴ
2760 2089 2857 2141 κα).
2885 2087 3102 2157 λέγειν;
3140 2088 3203 2142 El
3256 2088 3368 2159 γὰρ
3398 2090 3427 2142 6
3482 2089 3702 2159 πρῶτος

2124 2177 2331 2239 ἐκεῖνος
2353 2176 2639 2248 ἄνθρωπος
2657 2178 2756 2250 τὴν
2785 2180 3200 2251 ἀπαφθάρτισιν
3233 2176 3350 2252 εἷχε
3379 2183 3600 2251 ταύτην,
3632 2183 3704 2252 ἦν

2125 2260 2444 2336 ἐκδέχεσθαι
2491 2265 2589 2339 τὴν
2612 2267 2779 2338 φύσιν
2806 2270 3057 2324 ἐδίδασκε
3093 2260 3412 2342 μετα-ἒεθεὶς
3434 2274 3462 2325 6
3502 2270 3699 2342 Ἑνὼχ,

2126 2357 2379 2426 φαίνεται
2427 2360 2646 2424 πάντως
2682 2362 2766 2417 ὅτι
2813 2363 3080 2429 τοιοῦτος,
3114 2365 3218 2417 ὑπὸ
3253 2364 3390 2418 Θεοῦ
3443 2367 3702 2437 παρήχθη

2124 2447 2247 2502 κατ’
2274 2449 2449 2521 ἀρχὰς
2476 2453 2503 2502 ὁ
2528 2450 2816 2522 ἄνθρωπος
2849 2455 3033 2507 ὁποῖον
3055 2455 3120 2508 ἐκ
3155 2456 3367 2526 νεκρῶν
3406 2456 3701 2524 ἐγερθῆναι

2123 2543 2191 2596 τὰ
2223 2543 2342 2597 θεῖα
2360 2547 2645 2621 ἰφάσκουσι
2676 2546 2854 2617 λόγια.
2882 2549 2975 2618 Μὴ
3006 2548 3099 2603 οὖν
3135 2549 3354 2603 ἀπεστει
3390 2553 3502 2612 τοῖς
3548 2551 3705 2616 λεγοο

2128 2634 2335 2705 μένοις.
2371 2636 2515 2706 Ὅρα
2542 2637 2652 2706 γὰρ
2681 2638 2763 2691 ὅτι
2799 2638 2895 2692 καὶ
2921 2641 2949 2692 6
2982 2640 3236 2709 Σιναῖτης
3272 2639 3618 2702 Ἀναστάσιος
3638 2641 3700 2693 ἐν

2082 2795 2091 2805 ⁸
2123 2724 2201 2796 τῷ
2224 2724 2369 2794 Περὶ
2395 2726 2789 2794 ἀναστάσεως
2822 2727 2968 2799 λόγῳ
3016 2727 3180 2782 αὐτοῦ
3212 2729 3306 2782 τὸν
3346 2730 3477 2799 περὶ
3504 2729 3698 2782 τούτου

2122 2816 2282 2885 λόγον
2333 2817 2722 2889 ἀριδηλότερόν
2772 2836 2854 2873 σοι
2912 2822 3170 2888 ποιεῖται,
3212 2819 3308 2873 καὶ
3358 2819 3500 2874 οὕτω
3527 2821 3694 2891 φησι·
3784 2867 3789 2870 .

2127 2908 2411 2966 Τοιοῦτον
2431 2909 2500 2964 ἐκ
2525 2908 2758 2979 νεκρῶν
2785 2910 3072 2979 ἐγείρεται
3102 2912 3168 2966 τὸ
3196 2910 3370 2983 σῶμα
3398 2912 3464 2966 τὸ
3488 2913 3693 2976 πεσὸν,

2108 3002 2338 3059 ὁποῖον
2365 2999 2444 3074 ἦν
2461 3002 2566 3059 ἀπ’
2589 3001 2802 3072 ἀρχῆς,
2841 3004 3340 3074 ἁποϐαλλόμενον
3361 3004 3524 3059 ἅπαν
3551 3003 3695 3074 ὅπερ

2041 3209 2088 3273 C
2119 3192 2351 3273 qqrpora'
2379 3186 2920 3273 terrenaLgestathes.‘
2933 3179 3124 3257 Capite
3152 3187 3331 3234 autem
3366 3177 3437 3262 :25
3459 3178 3645 3262 scribit
3675 3195 3695 3234 :

2124 3248 2340 3302 Primus
2380 3258 2557 3302 autem
2589 3248 2741 3304 homo
2782 3252 2857 3304 de
2902 3248 3047 3304 terra
3093 3261 3330 3304 terrenus
3363 3249 3417 3301 in
3460 3251 3696 3302 animam

2117 3319 2371 3373 viventem
2423 3318 2598 3388 factus
2648 3329 2744 3383 est,
2796 3336 2899 3375 non
2931 3322 2985 3374 in
3011 3322 3258 3386 spiritum
3302 3319 3648 3388 viviﬁcantem
3675 3359 3693 3384 ,

2116 3389 2257 3456 quod
2307 3390 2496 3459 eiper
2547 3388 2855 3459 obcdientiaz
2906 3392 3151 3445 meritum
3196 3389 3523 3442 servabatur.
3569 3388 3694 3459 Ideo

2116 3472 2306 3526 corpus
2341 3457 2476 3527 ejus.
2509 3457 2649 3529 quod
2675 3459 2786 3513 cibo
2822 3476 2884 3513 ac
2911 3469 3036 3526 potu
3068 3459 3274 3529 egebat,
3308 3475 3374 3512 ne
3412 3460 3549 3529 [ante
3580 3458 3661 3527 alii
3682 3489 3695 3498 -

2116 3536 2322 3581 ceretnr
2371 3545 2435 3581 ac
2476 3528 2598 3590 siti,
2633 3538 2685 3581 et
2728 3546 2833 3583 non
2879 3528 3286 3584 immortalitate
3321 3529 3417 3582 illa
3459 3528 3693 3581 absoluta

2117 3608 2276 3668 atque
2308 3597 2689 3669 indissolubili,
2724 3601 2816 3653 sed
2844 3598 2990 3669 ligno
3037 3602 3160 3653 vitta
3188 3616 3220 3651 a
3256 3591 3440 3652 mortis
3466 3599 3693 3652 necessi-

2117 3675 2225 3721 tate
2253 3667 2647 3737 prohibebatur,
2680 3676 2835 3739 atque
2865 3667 2918 3722 in
2939 3669 3231 3737 juventutis
3265 3669 3397 3735 ﬂore
3428 3669 3692 3739 retineba-

2116 3744 2223 3803 tur,
2256 3736 2379 3791 non
2423 3739 2721 3805 spirituale,
2751 3736 2858 3792 sed
2888 3736 3125 3795 animale
3153 3739 3314 3809 fuisse
3345 3754 3447 3809 non
3477 3736 3691 3809 dubium

2116 3814 2213 3870 est,
2249 3822 2581 3874 nequaquam
2614 3816 2785 3860 tamen
2812 3807 3277 3872 moriturum,nisi
3303 3809 3357 3861 in
3391 3807 3484 3861 Dei
3504 3808 3693 3875 pra’di-

2114 3878 2278 3948 centis
2301 3879 2651 3947 minantisque
2674 3879 2987 3948 sententiam
3011 3878 3358 3948 delinquendo
3387 3877 3686 3948 corruisset.

2116 3946 2182 3998 Et
2208 3961 2275 4000 ex
2316 3945 2604 4000 intervallo
2640 3963 2656 4001 :
2696 3945 2773 4016 In
2791 3964 3007 4013 corpore
3039 3945 3415 4016 ergo'animnli
3460 3948 3686 4015 primum

2115 4016 2375 4087 hominem
2402 4016 2626 4087 factum,
2654 4025 2708 4070 ut
2739 4014 3020 4083 Apostolus
3046 4014 3304 4087 loquitur.
3338 4014 3520 4070 Valens
3553 4017 3688 4087 enim

2114 4084 2183 4138 ab
2214 4086 2509 4156 spirituali,
2535 4088 2675 4155 quod
2699 4084 3161 4157 inresurrectione
3192 4088 3433 4157 futurum
3459 4096 3555 4148 est,
3574 4086 3687 4148 hoc,

2113 4157 2250 4224 quod
2275 4171 2416 4207 nunc
2441 4164 2540 4216 est,
2568 4156 2805 4210 animale
2831 4158 3148 4221 discernere,
3189 4174 3208 4207 ι
3247 4156 3576 4214 Seminatur,
3612 4157 3690 4208 in-

2113 4225 2248 4297 quit,
2278 4225 2336 4277 in
2371 4228 2747 4297 corruptione,
2776 4236 2953 4297 surget
2984 4227 3408 4296 incorruptibile;
3458 4225 3689 4297 semina-

2115 4303 2204 4368 tur
2229 4294 2281 4368 in
2309 4294 2648 4360 contumelia,
2676 4306 2853 4368 surget
2873 4294 2936 4351 'in
2965 4297 3174 4367 gloria;
3198 4294 3507 4368 seminatur
3535 4297 3589 4346 in
3617 4296 3693 4368 in-

2112 4362 2395 4435 ﬁrmitate,
2438 4376 2616 4435 surget
2638 4358 2704 4420 in
2747 4358 2987 4429 virtute;
3020 4358 3314 4421 seminatui'
3346 4380 3529 4435 corpus
3569 4365 3691 4416 ani-

2115 4432 2276 4504 male,
2324 4443 2499 4503 surget
2535 4432 2836 4504 spirituale.
2877 4455 2901 4488 ι
2935 4436 3139 4491 Deinde
3169 4446 3228 4489 ut
3268 4441 3363 4489 hoc
3405 4433 3687 4504 probaret,

2121 4500 2215 4557 (Si
2251 4512 2350 4575 est,
2368 4500 2570 4574 inquit,
2585 4521 2770 4573 corpus
2799 4507 3058 4573 animale,
3071 4515 3153 4560 est
3178 4515 3229 4559 et
3257 4500 3586 4575 spirit-uale.»
3619 4505 3685 4558 Et

2050 4557 2094 4617 ι)
2120 4581 2177 4625 ut
2203 4557 2485 4642 quid'ess'et
2519 4557 2706 4642 corpus
2729 4576 2961 4631 animale
2993 4557 3309 4637 ostenderet:
3334 4574 3473 4639 «Sic,
3495 4574 3687 4643 inquit,

2120 4646 2374 4709 scriptum
2427 4654 2534 4709 est,
2585 4646 2780 4701 Factus
2822 4653 2898 4701 est
2937 4649 3143 4715 primus
3184 4647 3338 4699 homo
3368 4647 3419 4697 in
3455 4648 3686 4697 animam

2118 4717 2387 4785 viventem.
2433 4733 2452 4768 ι
2485 4715 2599 4770 Isto
2643 4717 2805 4785 igitur
2842 4719 2995 4770 modo
3038 4719 3203 4770 voluit
3249 4716 3517 4770 ostendere
3560 4715 3689 4783 quid

2114 4783 2183 4837 sit
2215 4799 2403 4854 corpus
2451 4783 2706 4850 animale,
2752 4797 2860 4842 etc.
2912 4787 2978 4840 Et
3025 4802 3151 4843 mox
3177 4803 3196 4840 :
3227 4785 3387 4839 Prius
3425 4794 3503 4838 est
3549 4787 3688 4838 enim

2116 4854 2352 4908 animale
2382 4866 2573 4926 corpus
2609 4856 2763 4926 quale
2793 4857 2981 4911 habuit
3005 4859 3208 4925 primus
3236 4857 3427 4911 Adam.
3449 4856 3687 4925 quamvis

2114 4937 2220 4995 non
2255 4925 2574 4995 moriturum
2613 4925 2717 4980 nisi
2744 4938 3026 4995 peccasset,
3066 4936 3174 4983 etc.
3212 4925 3401 4981 Postea
3429 4941 3548 4977 vero
3581 4926 3689 4991 spi-

2113 4993 2312 5048 rituale
2349 4995 2507 5065 quale
2539 4997 2667 5065 jam
2702 4993 2968 5063 praecessit
2997 4999 3053 5051 in
3091 4997 3301 5051 Christo
3349 5004 3601 5063 tanquam
3629 4998 3688 5047 in

2112 5065 2280 5130 capite
2318 5064 2522 5126 uestro,
2544 5064 2870 5123 secuturum
2895 5076 2970 5123 est
3003 5076 3184 5123 autem
3213 5068 3268 5120 in
3288 5065 3538 5119 membris
3570 5068 3683 5131 ejus

2111 5134 2329 5206 u_ttima_
2358 5136 2739 5190 resurrectione
2797 5146 3145 5191 mortuorum.
3195 5135 3452 5206 Adjungit
3496 5135 3685 5188 deinde

2110 5201 2393 5271 Apostolus
2414 5208 2640 5259 duorum
2683 5208 2903 5263 istorum
2933 5208 3206 5267 hominum
3239 5201 3681 5260 evidentissimum

2107 5272 2466 5340 differentiam
2505 5276 2681 5330 dicens
2706 5293 2726 5331 :
2753 5297 2773 5330 ι
2817 5277 3030 5332 Primus
3066 5278 3220 5331 homo
3246 5280 3310 5329 de
3338 5288 3480 5327 terra
3519 5284 3684 5326 terre-

2107 5357 2228 5406 nus,
2258 5348 2517 5399 secundus
2547 5345 2700 5400 homo
2733 5348 2796 5401 de
2822 5349 2947 5401 coelo
2991 5348 3233 5401 cmlestis.
3271 5364 3290 5395 ι
3336 5346 3475 5397 Hinc
3508 5344 3684 5397 σοιτί-ι

2104 5412 2316 5487 genitus
2357 5414 2552 5487 Glycas
2584 5419 2747 5472 etiam
2801 5416 2857 5471 in
2898 5416 3312 5487 insequentibus
3338 5413 3584 5487 littetis,
3626 5413 3679 5468 in

2104 5483 2305 5550 quibus
2338 5483 2462 5539 talia
2498 5487 2662 5541 habet
2695 5488 2764 5542 ad
2797 5483 3099 5542 fastidium.
3144 5485 3493 5547 Consulenda
3539 5498 3680 5553 quo-

2102 5566 2219 5623 que
2242 5555 2499 5623 superius
2532 5557 2787 5612 adnotata
2829 5558 2932 5612 sub
2966 5573 3173 5613 numm.
3201 5554 3292 5618 56,
3323 5554 3413 5617 39,
3439 5553 3527 5608 μ.

2170 5622 2289 5691 (49)
2316 5622 2591 5681 Anastasii
2639 5627 2867 5682 Sinaita:
2896 5641 3183 5682 sermones
3220 5635 3332 5681 tres
3370 5624 3449 5679 De
3497 5638 3678 5676 resur-

2102 5695 2332 5747 rcctione
2373 5711 2504 5757 utss.
2547 5697 2732 5753 Graece
2772 5706 3123 5756 asservantur
3154 5697 3208 5751 in
3240 5694 3442 5751 celebri
3475 5694 3672 5749 biblio-

2101 5765 2257 5820 theca
2293 5763 2677 5824 Laurentiano.
