4070 6472
315 317 422 384 709

1686 307 2060 374 EPISTOLA
2099 307 2181 372 Π.

3453 301 3562 368 m

314 445 373 497 ἐν
408 435 724 510 παραδείσῳ
777 433 980 489 ἐσθίειν
1027 435 1056 488 6
1098 433 1272 506 Ἀδὰμ
1320 433 1422 489 οὒκ
1454 432 1701 504 ἔμελλεν,
1740 431 1923 496 τίνοςι

2026 427 2177 484 adiso
2217 424 2463 485 Adamus
2502 419 2934 484 madducaturus
2974 439 3086 481 non
3134 393 3256 480 erat
3281 463 3296 488 ,
3337 438 3444 493 qua
3497 425 3568 482 de

313 536 502 588 ἕνεκεν
533 532 837 600 ἐπέτρεπεν
869 529 1021 600 αύτῷ
1051 531 1079 583 6
1117 527 1252 590 Θεὸς
1287 528 1398 581 ἀπὸ
1429 527 1651 581 πάντων
1683 524 1888 578 ἐσθίειν

313 627 423 678 τῶν
465 627 522 678 ἐν
551 625 631 694 τῷ
676 624 992 694 παραδείσῳ
1023 621 1246 691 φυτῶν;
1314 620 1714 691 ἀνθυποφέρειν
1745 617 1889 688 ἔχεις

319 719 412 772 καὶ
464 718 528 770 σὺ
569 716 704 787 πρδς
751 716 968 781 αὐτοὺς,
1011 713 1185 784 Εἴπερ
1223 714 1322 766 οὐκ
1356 713 1585 782 ἔμελλον
1620 713 1680 764 ἐν
1707 726 1890 778 παρα-

317 810 480 878 δείσῳ
531 807 945 876 συμπλέκεσθαι
1001 804 1286 875 σαρκικῶς
1338 805 1390 856 oi
1445 802 1888 874 πρωτόπλαστοι,

317 905 460 964 τίνος
495 901 685 953 ἕνεκεν
708 899 866 967 ἔλεγε
892 898 1029 970 πρὸς
1062 898 1264 961 αὐτοὺς
1300 899 1328 950 6
1355 897 1512 962 Θεός,
1544 896 1894 961 Λὺξὰνεσθε

321 995 418 1046 καὶ
457 994 865 1060 minatis-800s,
899 990 996 1043 καὶ
1027 987 1387 1056 πληρώσατε
1416 988 1531 1054 τὴν
1575 986 1724 1056 γῆν;
1774 988 1896 1039 ἐπί-

329 1086 500 1152 γνωθι
532 1081 648 1139 οὖν.
683 1084 743 1136 Εἰ
776 1084 886 1152 γὰρ
916 1080 1106 1152 ἢσθιον
1138 1083 1196 1133 ἐν
1246 1081 1567 1151 παραδείσῳ
1615 1080 1757 1133 κατὰ
1797 1078 1896 1149 τὴν

323 1171 415 1222 τοῦ
454 1170 659 1240 Κυρίου
693 1174 899 1238 φωνὴν,
931 1168 1004 1230 ὡς
1038 1166 1240 1220 ἐκεῖνοί
1290 1184 1448 1235 φασι,
1482 1169 1577 1220 καὶ
1617 1167 1896 1235 σαρκικῶς

323 1261 594 1330 ἀλλήλους
644 1259 1041 1313 συνεπλέκοντο
1093 1259 1184 1314 ἄν.
1239 1259 1452 1312 Οὐκοῦν
1487 1258 1626 1327 ἄφες
1677 1257 1898 1320 αύτούς.

326 1353 441 1405 Οὐκ
473 1347 541 1422 ἦν
572 1351 628 1404 ἐν
656 1351 977 1420 παραδείσῳ
1022 1350 1228 1420 βρῶσις
1263 1350 1498 1421 αἰσθητὴ
1542 1351 1639 1402 καὶ
1675 1350 1897 1420 ῥευστήο

327 1445 423 1495 καί
460 1443 536 1512 μὴ
567 1441 813 1512 θαύμαζε
841 1443 931 1495 διὰ
981 1442 1161 1495 τοῦτο.
1200 1442 1474 1512 Καθάπερ
1514 1441 1625 1512 γὰρ
1672 1443 1755 1504 τὸ,
1791 1441 1904 1496 Αὑ-

333 1534 612 1598 ξάνεσθε,
644 1535 740 1586 καὶ
764 1535 844 1598 τὸ,
876 1534 1035 1588 Ἰδοὺ
1061 1535 1290 1588 δέδωκα
1317 1535 1507 1589 ταῦτα
1537 1534 1907 1602 πάντα-ὑμῖν

331 1627 418 1689 εἷς
441 1624 677 1691 ,ϐρῶσιν
698 1623 795 1678 καὶ
827 1623 980 1678 πᾶσι
1017 1623 1142 1688 τοῖς
1175 1624 1404 1692 θηρίοις
1441 1621 1551 1688 τῆς
1585 1621 1719 1691 γῆς,
1751 1621 1907 1688 ἔλεγε

335 1719 394 1768 τὸ
433 1716 532 1782 μὲν
561 1716 620 1767 ἐν
652 1715 994 1786 παραδείσῳ,
1037 1716 1178 1784 μετὰ
1205 1715 1381 1768 ταῦτα
1411 1714 1468 1767 δὲ
1502 1715 1652 1784 ὁμῶς
1681 1704 1806 1783 ἔσχε
1845 1713 1907 1766 τὸ

331 1809 514 1878 ἔργον,
557 1807 695 1877 μετὰ
729 1808 790 1858 τὸ
819 1807 1158 1876 ἐκϐληθῆναι
1189 1805 1392 1876 δηλαδὴ
1429 1805 1526 1859 τοῦ
1567 1807 1902 1876 παραδείσου

333 1901 474 1952 κατὰ
503 1899 595 1951 τὸν
628 1899 964 1966 Καισαρείας
997 1898 1142 1951 θεῖον
1173 1898 1482 1952 Ἀκάκειον’
1517 1897 1663 1952 οὕτω
1697 1900 1792 1952 καὶ
1815 1901 1907 1952 ἐπὶ

334 1994 433 2061 τῆς
473 1990 728 2062 βρώσεως
762 1991 976 2061 ταύτης
1007 1990 1308 2044 ἐννοεῖσθαί
1349 2007 1410 2044 σε
1455 1990 1628 2056 ἄξιον.
1677 1990 1752 2043 Ού
1798 1991 1908 2062 γὰρ

335 2082 410 2144 ὡς
457 2082 629 2134 ἐνδεεῖ
673 2081 978 2152 τηνικαῦτα
1015 2079 1152 2135 ὄντι
1188 2082 1266 2151 τῷ
1315 2081 1492 2150 Ἀδὰμ
1528 2082 1636 2134 ἀπὸ
1693 2081 1910 2135 πάντων

336 2174 562 2239 ἐσθίειν,
592 2173 708 2241 εἴγε
763 2174 858 2226 καὶ
904 2173 1038 2242 περὶ
1095 2174 1362 2244 αἰσθητῆς
1411 2175 1551 2237 τέως
1598 2173 1911 2242 ἐνομοθέτει

337 2265 618 2338 βρώσεως,
651 2265 768 2318 ἀλλ’
797 2267 950 2328 ὅπως
999 2265 1201 2319 εἰδέναι
1250 2265 1414 2336 ἔχῃς,
1453 2266 1676 2319 ἐπειδὰν
1724 2265 1912 2334 ἐνδεὴς

337 2361 588 2428 γένηται,
617 2358 776 2412 τίνων
806 2375 867 2412 τε
891 2358 999 2429 χρὴ
1025 2358 1320 2423 ἅπτεσθαι,
1363 2359 1460 2412 καὶ
1488 2357 1650 2412 τίνων
1676 2360 1738 2412 οὗ
1779 2361 1910 2430 χρή.

1991 535 2154 576 causa
2193 521 2446 592 permisit
2477 520 2539 576 ei
2564 519 2708 576 Deus
2735 535 2804 575 ex
2842 519 3102 574 omnibus
3133 517 3372 588 paradisi
3410 517 3569 587 plan-

1993 611 2064 666 tis
2107 611 2394 666 comedere
2423 611 2501 666 le
2529 611 2748 682 regione
2775 621 2832 666 et
2882 617 2938 665 tu
2966 611 3089 665 illos
3117 610 3454 679 interrogare
3478 623 3575 678 po.

1994 714 2112 757 tes:
2142 701 2197 757 Si
2237 702 2561 772 protoplasti
2599 704 2653 756 in
2705 702 2957 772 paradiso
2999 703 3292 758 carnaliter
3336 703 3573 756 commi-

1995 794 2135 848 sceri
2173 811 2280 848 non
2317 793 2644 860 debuerant,
2673 809 2779 862 qua
2806 794 2874 850 de
2905 809 3069 849 causa
3091 794 3226 849 dixit
3256 795 3362 848 illis
3389 793 3571 848 Deus:

1997 883 2226 938 Crescite
2249 895 2298 938 et
2321 885 2749 953 multiplicamini
2773 893 2823 939 et
2850 886 3059 954 implete
3086 885 3577 956 terram?lntellige

2000 975 2185 1044 igitur.
2224 974 2280 1029 Si
2311 976 2461 1030 enim
2492 977 2858 1031 comedehant
2891 976 2946 1030 in
2976 977 3232 1046 paradiso
3273 979 3426 1047 juxta
3468 979 3580 1032 Do-

1998 1067 2136 1122 mini
2176 1067 2404 1130 dictum,
2441 1075 2500 1121 ut
2527 1067 2608 1123 illi
2639 1069 3157 1135 aiunt,‘carnaliler
3183 1084 3401 1138 quoque
3433 1071 3580 1124 invi-

2000 1174 2120 1213 cem
2169 1159 2646 1229 coniungebantur
2699 1159 2942 1229 profecto
3003 1160 3136 1232 (87).
3186 1161 3379 1216 Missos
3415 1161 3582 1232 igitur

2002 1250 2124 1306 illos
2166 1251 2357 1305 facito.
2404 1251 2524 1306 Non
2565 1261 2686 1307 erat
2717 1252 2770 1307 in
2802 1253 3058 1322 paradiso
3089 1253 3246 1308 cibus
3273 1254 3495 1309 sensilis
3526 1262 3583 1307 et

2003 1343 2223 1412 ﬂuxus;
2263 1359 2442 1414 neque
2473 1345 2677 1400 mirare
2709 1355 3023 1415 prapterea.
3059 1345 3216 1400 Sicut
3248 1346 3416 1410 enim,
3453 1345 3584 1401 Cre-

2005 1439 2132 1493 scite
2159 1448 2210 1492 et
2241 1436 2698 1506 multiplicamini,
2733 1438 2899 1492 etiam
2929 1439 3062 1492 illud
3095 1453 3110 1490 :
3145 1437 3279 1492 Ecce
3315 1439 3434 1493 dedi
3476 1439 3585 1495 lucc

2006 1519 2183 1582 omnia
2213 1528 2353 1582 vobis
2381 1529 2437 1580 in
2458 1527 2650 1590 cibum,
2680 1527 2728 1582 et
2751 1530 2948 1582 cunctis
2973 1529 3150 1583 bestiis
3174 1538 3353 1594 terra’,
3375 1530 3586 1585 dictum

2007 1627 2095 1674 est
2119 1619 2338 1688 quidem
2363 1619 2420 1674 in
2449 1620 2726 1690 paradiso,
2758 1629 2952 1688 postea
2969 1636 3100 1674 vero
3130 1621 3276 1676 actio
3309 1625 3424 1691 ipsa
3455 1636 3590 1678 cou-

2011 1722 2198 1766 secuta
2231 1720 2354 1777 est,
2386 1718 2678 1781 postquam
2725 1712 2938 1766 scilicet
2983 1728 3014 1766 e
3042 1713 3297 1783 paradiso
3331 1715 3591 1784 expulsus

2013 1802 2228 1860 fuisset.
2257 1804 2572 1859 Secundum
2614 1805 2774 1874 igitur
2815 1803 3067 1859 divinum
3119 1802 3377 1860 Acacium
3410 1807 3592 1862 Cesa-

2010 1895 2252 1950 riensem
2279 1894 2420 1965 (88),
2445 1894 2516 1949 ita
2549 1894 2616 1949 de
2646 1895 2751 1949 hoc
2779 1895 2902 1950 cibo
2924 1894 3128 1950 sentire
3161 1904 3212 1949 te
3243 1894 3465 1964 dignum
3482 1905 3590 1951 est.

2010 1987 2129 2042 Non
2164 1987 2310 2041 enim
2350 1988 2581 2051 Adamo,
2615 1996 2873 2056 tanquam
2904 2002 2969 2041 ex
2994 1987 3252 2042 omnibus
3283 1989 3426 2042 vesci
3453 1999 3593 2044 tunc

2010 2093 2148 2148 Opus
2180 2078 2428 2145 haberet,
2461 2078 2528 2133 de
2577 2078 2768 2133 sensili
2816 2077 3081 2132 alimento
3121 2079 3324 2149 aliquid
3381 2079 3593 2135 interea

2013 2170 2388 2239 praescriptum
2407 2169 2512 2224 fuit
2541 2186 2556 2234 ;
2581 2170 2698 2233 sed,
2716 2179 2777 2224 ut
2797 2169 3098 2240 intelligere
3111 2180 3289 2241 potes.
3303 2180 3590 2240 postquam

2011 2264 2131 2332 ejus
2161 2263 2384 2333 indigus
2417 2262 2704 2327 evasisset,
2734 2277 2964 2332 quaeque
2999 2265 3268 2335 attingere
3291 2272 3591 2332 oporteret,

2013 2364 2070 2409 et
2107 2370 2227 2424 qua:
2272 2369 2408 2408 non.
2455 2353 2570 2409 Nisi
2605 2355 2750 2409 enim
2788 2354 2973 2408 divina
3011 2356 3264 2421 quaedam
3306 2355 3598 2423 permissio

339 2452 449 2503 Καὶ
473 2450 580 2520 γὰρ
611 2451 760 2520 εἰμὴ
797 2449 919 2504 θεία
970 2466 1056 2510 τις
1103 2450 1308 2503 ἐδίδοτο
1349 2448 1700 2520 συγχώρησις
1728 2451 1824 2503 ἐπί
1855 2467 1916 2504 τε

2026 2463 2182 2518 super
2207 2447 2484 2518 conjugali
2519 2447 2669 2502 coitu
2708 2455 2765 2502 et
2812 2463 2996 2502 rerum
3041 2447 3447 2502 esculentarum
3493 2465 3596 2504 usu

339 2545 554 2611 γαμικῇ
579 2541 849 2612 συναφείᾳ
874 2543 966 2593 καὶ⁸
993 2543 1059 2610 τῇ
1088 2541 1390 2594 ἀπολαύσει
1419 2542 1528 2594 τῶν
1553 2541 1919 2611 ἐδηδομένων,

2026 2555 2282 2605 corncessa
2334 2537 2547 2604 fuisset,
2599 2539 2744 2605 haud
2793 2538 3040 2608 profecto
3071 2539 3268 2594 deinde
3299 2539 3600 2595 humanum

339 2635 442 2687 οὐκ
477 2633 543 2687 ἂν
580 2635 661 2696 είς
686 2633 890 2702 πλῆθος
924 2633 1065 2703 μετὰ
1101 2633 1276 2686 ταῦτα
1311 2632 1372 2686 τὸ
1410 2635 1566 2700 γένος
1601 2633 1831 2704 ἐλήλυθε
1861 2635 1921 2688 τὸ

2033 2646 2206 2700 genus
2234 2630 2587 2698 multiplicari
2635 2629 2924 2699 potuisset.
2961 2628 3155 2702 Sedet
3185 2631 3278 2686 hic
3313 2634 3604 2688 advertere

350 2725 716 2796 ἀνθρώπινον.
772 2723 937 2777 Ἀλλὰ
969 2723 1251 2777 κάνταῦθα
1296 2725 1585 2794 προσέχειν
1621 2724 1792 2789 ἄξιον.
1865 2725 1923 2778 Ei

2026 2737 2122 2792 par
2162 2729 2265 2776 est.
2303 2721 2359 2776 Si
2403 2721 2550 2775 enim
2601 2721 2764 2774 etiam
2815 2722 3124 2778 comedisse
3169 2723 3238 2780 de
3285 2724 3452 2780 vetita
3511 2726 3604 2780 illa

345 2819 454 2888 γὰρ
487 2819 585 2870 καὶ
623 2819 820 2885 φαγεῖν
847 2817 953 2871 ἀπό
995 2832 1059 2883 γε
1086 2815 1180 2870 τοῦ
1219 2815 1675 2886 ἀπηγορευμένον
1710 2815 1922 2868 ἐκείνου

2026 2813 2215 2882 planta
2243 2813 2615 2882 protOplastos
2644 2822 2831 2867 sancta
2861 2812 3144 2883 Scriptura
3175 2815 3275 2881 ait,
3302 2830 3376 2871 ne
3402 2818 3604 2872 mirare

347 2911 514 2980 φυτοῦ
539 2911 666 2974 τοὺς
698 2910 1165 2980 πρωτοπλάστους
1193 2910 1227 2978 ἠ
1262 2909 1398 2976 ἁγία
1431 2909 1568 2976 φησὶ
1595 2907 1813 2978 Γραφὴ,
1847 2911 1923 2979 μὴ

2029 2913 2341 2976 propterea.
2384 2905 2665 2974 Siquidem
2700 2906 3016 2974 praecedens
3048 2921 3232 2962 sermo
3267 2907 3606 2966 manifestis-

351 3004 601 3072 θαύμαζε
639 3001 832 3054 τούτου
868 3001 1060 3053 ἕνεκεν
1085 3018 1098 3034 ο
1150 3001 1266 3068 εἴγε
1320 3001 1414 3052 καὶ
1460 2999 1678 3069 φθάσας
1711 3001 1739 3052 6
1764 2999 1923 3068 λόγος

2027 2997 2166 3050 sime
2211 2996 2454 3052 ostendit
2499 2997 2675 3064 qualis
2716 3005 2910 3050 natura
2957 2995 3200 3051 Adamus
3241 3013 3271 3052 a
3327 2999 3605 3070 principio

353 3091 741 3160 ἀριδηλότερον
775 3089 944 3153 ἔδειξε
978 3089 1063 3152 τίς
1106 3107 1166 3142 τε
1207 3090 1352 3143 κατὰ
1391 3089 1557 3157 φύσιν
1597 3091 1626 3142 ὁ
1650 3091 1825 3160 Ἀδὰμ
1855 3087 1923 3162 ἦν

2028 3087 2215 3155 fuerit,
2251 3098 2304 3142 et
2342 3089 2521 3157 qualis
2549 3089 2654 3142 cibi
2698 3098 2828 3143 tunc
2874 3088 3193 3158 indiguerit.
3229 3090 3285 3144 Si
3317 3094 3464 3148 enim
3489 3134 3503 3157 ,
3544 3105 3608 3149 ut

353 3185 445 3236 ἀπ’
479 3183 674 3250 ἀρχῆς,
703 3181 797 3233 καὶ
833 3181 1028 3242 ὁποίας
1072 3180 1250 3233 ἐδέετο
1295 3180 1601 3248 τηνικαῦτα
1637 3181 1921 3251 βρώσεως.

2028 3181 2276 3250 plerique
2303 3181 2641 3242 existimant,
2683 3181 2939 3235 sensilem
2972 3183 3153 3251 attigit
3185 3185 3388 3250 cibum,
3419 3202 3610 3242 neces-

363 3275 427 3326 Εἰ
460 3275 586 3340 γὰρ,
618 3273 693 3332 ὡς
739 3273 802 3342 οἱ,
832 3271 1052 3333 πλείους
1097 3271 1379 3342 ᾠήθησαν,
1434 3273 1700 3343 αἰσθητῆς
1747 3274 1923 3344 ἥψατο

2027 3274 2172 3327 sario
2205 3273 2369 3327 etiam
2401 3272 2646 3328 esurivit.
2682 3272 2739 3326 Si
2774 3281 2958 3327 autem
2989 3274 3110 3336 hoc,
3145 3284 3201 3330 et
3229 3287 3289 3331 ut
3313 3276 3467 3332 usa:
3489 3280 3611 3335 sine

361 3366 630 3436 βρώσεως,
674 3365 768 3416 καὶ
821 3363 1024 3416 πεινῶν
1057 3362 1114 3428 ἐξ
1149 3363 1397 3431 ἀνάγκης
1442 3360 1531 3434 ἦν·
1565 3365 1613 3417 εί
1656 3365 1713 3419 δὲ
1745 3367 1925 3430 τοῦτο,

359 3453 452 3504 καὶ
479 3452 708 3521 ῥευστῆς
731 3448 1189 3519 ὁμολογουμένως
1225 3448 1441 3516 φύσεως
1466 3448 1534 3522 ἦν
1562 3453 1771 3516 ἐκεῖνος
1813 3454 1929 3507 λοι-

357 3542 478 3594 πον.
520 3542 662 3593 Ἀλλ’
703 3540 830 3594 οὔτε
883 3540 1043 3594 τοῦτο
1089 3536 1179 3609 ἦν,
1216 3539 1340 3592 οὔτε
1385 3543 1584 3595 ἐκεῖνο.
1619 3545 1784 3598 Πεῖνα
1822 3546 1929 3615 γὰρ

359 3633 452 3686 καὶ
505 3633 657 3701 δίψα,
707 3634 898 3695 κόπος,
952 3631 1141 3698 ὕπνος,
1175 3633 1268 3684 καὶ
1304 3631 1486 3702 ἱδρὼς,
1516 3636 1661 3687 καθὰ
1715 3637 1780 3705 δὴ
1834 3639 1930 3691 καὶ

361 3726 709 3794 προείρηται,
746 3725 887 3793 μετὰ
938 3724 1040 3792 τὴν
1090 3724 1408 3793 παράϐασιν
1458 3725 1537 3787 εἰς
1591 3726 1932 3795 ἀνθρώπινον

359 3817 476 3886 βίον
536 3814 887 3885 εἰσήλθοσαν.
942 3815 1116 3883 Εῐπερ
1167 3811 1261 3867 οὖν
1292 3817 1351 3868 ἐν
1391 3817 1710 3887 παραδείσῳ
1772 3820 1934 3872 πεῖνα

357 3909 469 3978 πρὸ
510 3908 609 3976 τῆς
655 3908 937 3976 ἁμαρτίας
987 3907 1089 3958 οὐκ
1124 3901 1216 3976 ἦν,
1259 3909 1342 3960 ὅτι
1379 3909 1516 3977 μηδέ
1567 3909 1730 3977 σῶμα
1780 3928 1935 3981 τηνι-

359 4001 537 4056 καῦτα
559 3999 637 4068 τῷ
658 3999 833 4067 ’Δδὰμ
860 3997 1190 4068 κενούμενον
1218 3995 1310 4069 ἦν,
1339 4004 1391 4052 τί
1421 3999 1552 4052 ἄλλο
1570 4000 1755 4054 λοιπὸν
1778 4002 1938 4072 ἐτύγ-

362 4110 494 4161 χανε
532 4093 595 4144 τὸ
637 4090 951 4156 ἀναγκάζον
1000 4090 1180 4142 ἐκεῖσε
1211 4091 1302 4142 τὸν
1332 4088 1618 4159 ἄνθρωπον
1665 4091 1936 4162 αἰσθητῆς

366 4185 634 4238 ἅπτεσθαι
671 4183 967 4251 βρώσεωςς
998 4182 1195 4244 Καλῶς
1228 4181 1320 4235 οὖν
1355 4185 1384 4236 6
1421 4182 1577 4251 λόγος
1607 4183 1759 4252 ἔλεγε
1801 4202 1938 4255 προ-

365 4277 545 4328 λαϐὼν
578 4278 656 4329 ὅτι
685 4276 846 4342 ἕτερα
875 4274 943 4326 δι’
987 4275 1188 4343 ἐτέρων
1221 4275 1253 4342 ἡ
1289 4274 1424 4342 ἁγία
1453 4273 1695 4330 διδάσκει
1723 4275 1938 4346 Γραφὴ,

366 4369 512 4420 κπθὰ
559 4369 623 4436 δὴ
681 4368 772 4420 κα)⁸
819 4366 1128 4434 φθάσαντες
1178 4365 1429 4434 εἴπομεν.
1462 4367 1626 4419 Ὅθεν
1658 4369 1708 4420 oi
1739 4367 1940 4422 πάθεσι

370 4425 623 4520 φυσικοῖς
640 4425 971 4510 ὑποκείσθω
993 4456 1086 4506 τὸν
1108 4425 1424 4525 ⁷Ἀδόιμπρὶ)
1444 4453 1544 4522 τῆς
1573 4455 1940 4525 παραϐασεως
1967 4425 2021 4486 D

368 4554 640 4619 λέγοντες,
675 4548 784 4601 ἀπὸ
821 4548 1042 4602 πάντων
1070 4546 1167 4599 ἆτε
1196 4547 1261 4616 δὴ
1292 4545 1404 4600 τῶν
1429 4549 1486 4600 ἐν
1513 4547 1592 4617 τῷ
1625 4549 1944 4619 παραδείσῳ

371 4646 556 4716 φυτῶν
587 4643 835 4696 ἐσθίοντα
868 4642 1012 4693 κατὰ.
1042 4641 1141 4708 τὴν
1179 4639 1275 4692 τοῦ
1307 4640 1516 4709 Κυρίου
1551 4640 1756 4712 φωνὴν,
1791 4641 1946 4697 οὐδέν

371 4756 419 4789 τι
465 4732 807 4806 πχριστῶσιν
831 4733 1018 4802 ἓτερον
1065 4731 1098 4801 ἢ
1138 4734 1220 4785 ὅτι
1271 4733 1514 4803 φθαρτὸς
1545 4729 1612 4802 ἦν
1645 4734 1740 4786 ἀπ’
1769 4735 1946 4802 ἀρχῆς

373 4829 401 4878 6
447 4825 638 4893 Ἀδάμ.
684 4823 749 4876 Εἰ
795 4820 1094 4874 δὲτοιώτο
1124 4817 1214 4892 ἦν,
1245 4821 1469 4890 εὔδηλον
1510 4822 1595 4872 ὅτι
1645 4821 1740 4872 καὶ
1785 4823 1948 4889 φύσει

377 4915 564 4984 Oranti;
596 4909 686 4983 ἦν
734 4914 782 4962 εἰ
830 4911 886 4962 δὲ
922 4912 1100 4976 τοῦτο,
1136 4911 1188 4962 τί
1221 4911 1328 4980 χρὴ
1383 4911 1480 4962 καὶ
1517 4910 1741 4977 λέγειν;
1783 4911 1950 4963 Αὐτοὶ

378 5007 500 5060 καθ’
532 5003 739 5058 ἑαυτῶν
771 5003 1012 5056 ἁκονῶσι
1045 5003 1143 5072 τὴν
1190 5005 1468 5072 μάχαιραν
1489 5018 1505 5035 ο
1543 5002 1666 5056 οὐδὲ
1700 5004 1811 5074 γὰρ
1853 5007 1952 5071 ἁγ-

374 5097 558 5148 νοούσι
589 5098 748 5147 ὁποῖα
778 5093 849 5146 τὰ
880 5091 1130 5160 ἐπιτίμια
1163 5095 1273 5152 τοῖς
1322 5091 1465 5148 οὕτω
1512 5092 1772 5161 φρονοῦσι
1822 5094 1956 5162 περὶ

375 5191 470 5240 τοῦ
515 5189 688 5256 Ἀδὰμ
714 5187 746 5256 ἡ
782 5188 1259 5253 ἀναγεγραμμένη
1300 5183 1433 5249 ἁγία
1462 5183 1681 5245 σύνοδος
1708 5184 1946 5238 δίδωσιν.

382 5281 590 5331 (limo-3v
631 5277 998 5349 ἀμφιϐάλλειν
1029 5278 1121 5328 ἐπὶ
1151 5275 1313 5327 πλέον
1339 5275 1440 5326 ούκ
1472 5272 1716 5340 εῠλογον.
1747 5275 1807 5326 Et
1839 5279 1949 5345 γὰρ

383 5372 648 5443 αἰσθητὴν
678 5375 736 5425 ἐν
766 5370 1083 5438 παραδείσῳ
1120 5369 1325 5439 βρῶσιν
1367 5369 1525 5438 ἤσθιε
1570 5369 1668 5421 καὶ
1704 5369 1812 5439 πρὸ
1847 5370 1949 5440 τῆς

455 5583 564 5644 (37)
598 5583 730 5636 Vide
760 5600 879 5652 qua:
911 5583 1290 5638 adnotavimus
1333 5583 1563 5638 inferius
1591 5584 1653 5638 ad
1686 5584 1849 5652 cpist.
1895 5585 1950 5636 6.

457 5656 564 5721 (88)
596 5655 822 5708 Aeacius
865 5655 1235 5713 Caesariensis,
1282 5653 1500 5708 Eusebii
1538 5654 1864 5722 discipulus.
1898 5665 1950 5706 ct

385 5718 502 5790 ejus
534 5718 587 5776 iu
617 5726 930 5794 episcopatu
954 5741 1252 5790 successor,
1287 5741 1448 5796 quam
1480 5718 1736 5794 religione
1770 5727 1950 5778 varius

2032 3365 2406 3422 controversia
2452 3375 2665 3422 natura
2705 3365 2796 3420 ille
2849 3365 3014 3423 fuerit
3050 3369 3320 3438 reliquum
3364 3381 3471 3425 est.
3505 3372 3613 3431 Sed

2033 3472 2211 3527 neque
2247 3459 2350 3513 hoc
2377 3467 2514 3522 erat,
2555 3474 2738 3528 neque
2771 3459 2926 3514 illud.
2977 3461 3168 3516 Fames
3197 3465 3345 3518 enim
3378 3475 3430 3520 et
3464 3468 3611 3538 sitis,

2035 3550 2208 3615 labor,
2238 3564 2465 3604 somnus
2491 3558 2546 3604 et
2573 3551 2764 3611 sudor,
2789 3552 2950 3606 sicuti
2980 3551 3094 3621 jam
3117 3554 3322 3609 dictum
3357 3566 3464 3622 est,
3492 3569 3616 3628 post

2035 3640 2545 3710 praevaricationem
2584 3641 2639 3694 in
2671 3643 2967 3697 humanam
2995 3645 3161 3700 vitam
3211 3647 3502 3716 irrepsere.
3555 3651 3614 3706 Si

2035 3731 2203 3800 igitur
2227 3731 2282 3784 in
2315 3731 2569 3799 paradiso
2618 3731 2792 3787 fames
2828 3741 2955 3788 ante
2985 3745 3271 3802 peccatum
3311 3754 3420 3792 non
3456 3753 3614 3805 erat,

2034 3823 2161 3892 quia
2197 3836 2376 3891 neque
2415 3836 2616 3892 corpus
2669 3822 2816 3892 quod
2849 3834 3206 3880 evacuaretur
3240 3827 3448 3885 Adamo
3489 3844 3621 3887 tunc

2044 3917 2183 3973 erat,
2213 3909 2342 3979 quid
2364 3909 2639 3964 aliudnam
2660 3909 2930 3980 reliquum
2951 3910 3056 3967 fuit
3076 3915 3216 3983 quod
3238 3916 3314 3971 ibi
3340 3918 3618 3978 hominem

2038 4001 2240 4056 sensile
2275 4001 2597 4056 alimentum
2654 4002 2927 4073 attingere
2966 4009 3225 4075 cogeret?
3274 4007 3419 4065 Bene
3454 4012 3622 4084 igitur

2039 4093 2358 4164 praecedens
2391 4095 2568 4150 oratio
2610 4094 2865 4162 dicebat,
2902 4097 3026 4151 aliis
3069 4113 3165 4167 per
3217 4101 3322 4155 alia
3372 4116 3618 4159 sanctam

2039 4201 2144 4240 nos
2171 4185 2510 4256 Scripturam
2540 4185 2838 4251 instruere,
2871 4188 3033 4244 sicuti
3068 4191 3180 4258 jam
3214 4202 3624 4250 anteverteutes

2042 4278 2336 4333 ediximus.
2383 4277 2540 4333 Unde
2568 4279 2605 4332 ii
2638 4279 2732 4348 qui
2770 4280 2981 4346 dicunt,
3015 4281 3284 4339 Adamum
3318 4297 3445 4341 ante
3486 4305 3624 4358 prm-

2043 4369 2437 4424 varicationem
2492 4371 2835 4426 naturalibus
2893 4375 3396 4441 perturbationibus
3451 4383 3624 4435 clmo-

2047 4460 2195 4514 xium
2231 4458 2419 4524 fuisse,
2449 4475 2573 4514 cum
2601 4463 2905 4517 secundum
2937 4463 3149 4519 Domini
3187 4481 3376 4520 vocem
3410 4484 3476 4524 ex
3501 4486 3623 4524 om-

2042 4553 2204 4608 nibus
2243 4552 2480 4622 paradisi
2522 4553 2723 4622 plantis
2773 4565 3108 4622 resceretur,
3149 4559 3287 4612 nihil
3318 4560 3466 4616 aliud
3510 4578 3628 4616 sta-
3682 4601 3695 4616 .-

2047 4651 2210 4698 tuunt
2257 4659 2420 4712 quam
2455 4644 2728 4714 principio
2759 4647 3025 4701 Adamum
3075 4651 3416 4719 corruptioni
3457 4655 3630 4708 obno-

2045 4735 2193 4788 xium
2223 4734 2416 4788 fuisse.
2453 4735 2506 4790 Si
2533 4751 2663 4790 vero
2692 4737 2764 4790 ita
2793 4752 2880 4791 res
2905 4753 2964 4792 se
2999 4739 3252 4803 habebat,
3285 4751 3438 4810 patet
3462 4747 3628 4798 etiam

2046 4842 2170 4883 cum
2211 4836 2407 4881 natura
2441 4828 2726 4882 mortalem
2773 4829 2966 4885 fuisse.
3003 4830 3111 4886 Sed
3143 4832 3276 4902 quid
3310 4835 3414 4889 hoc
3446 4837 3634 4892 dicere

2048 4933 2186 4986 Opus
2210 4920 2332 4972 est?
2367 4917 2598 4973 Vibrant
2642 4929 2830 4973 contra
2880 4935 2941 4975 se
2979 4922 3079 4991 ipsi
3125 4923 3388 4993 gladium.
3443 4925 3632 4997 Neque

2050 5008 2195 5062 enim
2237 5009 2491 5078 ignorant
2540 5009 2719 5077 qualia
2765 5009 2840 5064 ita
2890 5010 2960 5066 de
3013 5011 3224 5068 Adamo
3264 5016 3637 5072 sentientibus

2051 5099 2272 5167 praemia
2301 5107 2490 5152 sancta
2513 5098 2623 5164 jam
2651 5099 2923 5170 descripta
2960 5103 3204 5172 synodus
3241 5107 3468 5161 tribuat.
3504 5107 3638 5160 Am-

2059 5189 2200 5258 plius
2237 5189 2402 5258 igitur
2444 5190 2697 5244 dubitare
2727 5201 2813 5259 est
2860 5193 3182 5249 absurdum.
3221 5195 3278 5251 Si
3319 5200 3467 5262 enim
3510 5211 3639 5254 ante

2058 5280 2566 5351 praevaricationem
2619 5284 2860 5338 Adamus
2891 5286 3150 5342 sensilem
3187 5289 3242 5343 in
3278 5289 3528 5358 paradiso
3556 5289 3638 5344 ci-

2059 5374 2188 5427 bum
2212 5375 2556 5440 comedebat,
2579 5378 2956 5433 necessarium
2977 5381 3200 5436 omnino
3222 5394 3308 5436 est
3331 5398 3426 5438 cos
3443 5381 3635 5446 etiam,

2061 5593 2114 5656 et
2149 5583 2489 5642 inconstans.
2530 5594 2636 5640 tam
2682 5585 2903 5655 ingenio
2933 5596 2982 5642 et
3014 5590 3234 5656 scriptis
3269 5589 3637 5644 voluminibus

2059 5655 2261 5715 clarus,
2296 5670 2439 5711 anno
2469 5658 2573 5712 540
2598 5659 2779 5712 lloruit
2806 5698 2821 5726 ,
2852 5669 2908 5713 et
2938 5659 3086 5714 circa
3117 5655 3222 5716 506
3269 5673 3475 5715 natura:
3505 5676 3640 5714 con-

2059 5736 2245 5778 CCSSII.
3206 5747 3210 5751 ‘
