4070 6422
364 476 470 541 713

1761 485 2132 546 EPISTOLA
2178 488 2260 549 II.

3533 492 3639 556 714

358 594 814 668 ἀθανατώτιρον;
847 594 1064 662 πάντως
1095 599 1247 653 οὐδέν
1279 614 1296 632 ⁸
1331 598 1413 653 ὃτι
1447 598 1585 670 μηδὲ
1619 598 1711 653 τοῦ
1736 597 1926 669 θνητοί

2042 599 2172 669 quia
2211 616 2388 672 neque
2439 602 2656 659 mortali
2709 602 2994 660 mortalius
3032 603 3336 676 quidquam
3384 604 3640 662 invenire

356 687 686 758 θνητότερον
738 688 894 760 εὖροι
950 708 1034 754 τις
1069 692 1170 746 ἄν’
1206 691 1362 748 ἐνθεν
1399 709 1479 746 τοι
1533 693 1629 745 καὶ
1676 692 1737 745 τὸ
1772 694 1937 764 ῥητὸν

355 782 537 834 ἐκεῖνο
575 782 637 834 τὸ
668 783 849 851 λέγον,
890 784 1249 854 Ἐγενόμεθα
1298 785 1377 840 ἂν
1421 786 1568 854 ὅπερ
1601 787 1714 842 οὐκ
1762 782 1936 856 ἦμεν,

353 874 479 943 εἴτε
504 874 620 942 τὴν
648 874 909 944 ἐντολὴν
940 877 1355 947 ἐφυλὰξαμεν,
1416 878 1539 933 πίσθ’
1576 880 1765 951 ἕτερόν
1811 896 1936 932 τινα

351 966 513 1033 λόγον
547 967 873 1022 ἑκλαὸἑσθαι
907 969 1235 1041 προήγμεθα
1269 975 1367 1042 τῆς
1394 973 1679 1042 Γραφικῆς
1712 973 1936 1026 ἀκολου-

352 1059 498 1123 Oisc,
549 1060 611 1114 οὐ
648 1063 747 1130 μὲν
788 1063 884 1116 οὖν
929 1064 991 1116 οὐ
1042 1065 1233 1137 πόρρω
1284 1083 1390 1118 που
1441 1065 1730 1132 πίπτοντα,
1790 1066 1939 1120 καθὰ

352 1150 647 1213 δοκεῖτοῖς
683 1151 922 1220 ἀμαθέσι
968 1156 1108 1212 τέως
1151 1155 1308 1226 ἡμῖν.
1360 1156 1423 1208 Εἰ
1466 1155 1520 1209 δὲ
1577 1156 1672 1210 καὶ
1717 1157 1937 1211 δοκοῦσί

354 1257 497 1303 τινες
522 1237 661 1294 εἷναί
688 1259 741 1297 τι
766 1243 859 1296 τοῦ
890 1243 1163 1299 ἀθανάτου
1193 1245 1632 1317 ἀθανατώτερον,
1670 1247 1937 1316 δεξόμεθα

355 1333 451 1386 καὶ
480 1333 638 1387 τοῦτο
690 1337 872 1402 πάσης
918 1337 1231 1406 ἀντιλογίας
1281 1339 1436 1401 ἐκτός
1465 1358 1478 1371 ·
1513 1342 1609 1394 καὶ
1661 1340 1771 1412 γὰρ
1811 1343 1936 1394 ὅσον

351 1427 564 1494 ἐγγίζει
608 1445 692 1491 τις
728 1429 806 1498 τῷ
837 1429 978 1499 Θεῷ,
1019 1431 1281 1485 τοσοῦτον
1330 1433 1800 1497 ἀπαθανατίζεται
1843 1436 1937 1487 καὶ

351 1517 753 1587 θεοειδέστερος
779 1521 994 1587 γίνεται
1041 1524 1259 1591 σώματί
1292 1540 1353 1576 τε
1386 1526 1484 1578 καὶ
1518 1525 1813 1594 πνεύματι.
1844 1526 1936 1578 Δί-

351 1625 508 1661 καιον
542 1606 636 1661 οὖν
668 1614 787 1663 ἐστι
818 1612 995 1665 καὶτὸ
1023 1613 1087 1665 τὰ
1113 1614 1407 1681 θεολογικὰ
1449 1615 1593 1684 ρητά
1623 1616 1935 1680 καλοθελῶς

351 1699 734 1765 ὑποδέξεσθαι,
775 1706 872 1755 καὶ
922 1705 990 1758 τὰ
1039 1706 1150 1759 τῶν
1197 1708 1405 1760 λοιπῶν
1447 1708 1787 1763 διδασκάλων
1846 1709 1936 1763 διὰ

345 1791 519 1859 τιμὴς
552 1794 723 1863 ἔχειν,
772 1796 834 1848 οὐ
889 1797 996 1866 μὴν
1044 1800 1517 1870 ἀποστρέφεσθαν
1552 1804 1612 1855 τὸ
1657 1802 1767 1871 γὰρ
1798 1803 1935 1873 πρὸς

345 1883 554 1955 ἄλληλα
602 1888 671 1940 τὰ
722 1887 833 1943 τῶν
880 1889 1056 1958 ἁγίων
1113 1892 1379 1964 Πατὲρων
1437 1896 1581 1965 ῥητὰ
1621 1895 1933 1961 καλοθελῶς

2049 702 2165 760 est;
2198 702 2253 749 et
2287 694 2497 750 exinde
2526 695 2735 752 dictum
2769 696 2904 752 illud
2950 697 3026 751 ita
3058 697 3308 754 habens:
3339 697 3639 754 Fuissemus

2047 785 2247 854 utique,
2267 789 2405 856 quod
2428 803 2530 842 non
2553 804 2785 855 eramus,
2802 787 2848 842 si
2872 790 3186 845 mandatum
3204 791 3633 855 custodissemus,

2048 878 2347 934 secundum
2379 879 2541 934 aliam
2570 880 2861 948 rationem,
2887 897 3011 953 qua:
3044 886 3109 937 es
3133 880 3418 953 Scriptura
3445 897 3638 938 conse-

2048 982 2272 1040 quatur,
2318 989 2420 1028 nec
2451 974 2641 1044 procul
2676 974 2856 1037 cadat,
2895 985 2957 1029 ut
2986 974 3245 1040 indoctis,
3274 974 3635 1045 quemadmo-

2047 1062 2177 1119 dum
2211 1078 2312 1119 nos
2334 1103 2350 1128 ,
2385 1064 2621 1127 videtur,
2654 1064 2904 1133 accipere
2931 1063 3151 1119 adducti
3191 1079 3405 1119 sumus.
3450 1062 3506 1118 Si
3537 1079 3637 1119 au-

2049 1166 2158 1211 tem
2185 1154 2501 1221 concedunt
2531 1154 2779 1210 nonnulli
2811 1171 2936 1210 esse
2961 1155 3166 1225 aliquid
3202 1155 3497 1211 immortali
3529 1156 3634 1209 im—

2047 1248 2357 1312 mortalius,
2391 1248 2497 1303 hoc
2524 1249 2693 1303 etiam
2728 1247 2847 1302 sine
2880 1248 2993 1303 ulla
3024 1248 3464 1303 contradictione
3492 1247 3636 1301 reci-

2047 1341 2284 1410 piemus.
2322 1339 2563 1395 Etenim
2595 1322 2875 1410 quantum
2895 1338 3007 1394 Deo
3030 1342 3156 1409 quis
3188 1340 3635 1409 apprOpinquat,

2048 1441 2262 1507 tantum
2309 1431 2377 1487 ad
2418 1431 2888 1487 immortalitatem
2922 1431 3189 1501 assurgit,
3230 1440 3287 1486 et
3321 1432 3428 1486 Deo
3455 1429 3633 1499 persi-

2043 1522 2192 1579 milis
2219 1538 2453 1594 corpore
2485 1533 2544 1578 et
2585 1522 2784 1594 spiritu
2824 1523 3034 1578 evadit.
3086 1521 3190 1577 Par
3240 1531 3327 1578 est
3370 1522 3534 1593 igitur
3579 1529 3636 1576 et

2045 1615 2350 1687 theologica
2382 1616 2525 1671 dicta
2560 1615 2795 1686 benigne
2831 1618 3109 1683 accipere,
3134 1625 3188 1670 et
3214 1615 3360 1670 dicta
3397 1613 3637 1683 reliquo-

2045 1722 2165 1762 rum
2223 1708 2616 1779 magistrorum
2686 1707 2897 1762 honore
2946 1708 3229 1776 prosequi,
3290 1722 3403 1761 non
3447 1716 3634 1760 autem

2043 1793 2311 1849 aversari.
2357 1793 2508 1849 Dicta
2551 1793 2701 1849 enim
2753 1803 3073 1848 sanctorum
3118 1790 3343 1847 Patrum
3399 1793 3634 1846 invicem

2045 1888 2239 1943 collata
2276 1888 2509 1959 benigne
2533 1889 2771 1960 probare
2791 1897 2847 1944 et
2872 1889 3153 1944 laudabile
3177 1898 3281 1954 est,
3307 1897 3362 1944 et
3388 1889 3634 1952 beatum,

348 1978 714 2064 συμῆιδὰζειν
745 1982 1032 2058 ἐπαινετόν
1060 1986 1179 2038 ἐστι
1205 1987 1300 2041 καὶ
1329 1988 1605 2058 μακάριον
1630 1990 1810 2043 καὶτὸ
1841 1990 1926 2044 δν-

2035 1988 2092 2034 et
2125 1978 2236 2034 Deo
2263 1988 2476 2051 gratum
2507 1980 2758 2041 omnino.
2786 1980 3029 2036 Attende
3060 1980 3247 2050 igitur.
3285 1979 3344 2034 Si
3378 1994 3638 2048 perseve-

322 2070 454 2132 ’τως
490 2068 808 2140 οεάρεστον.
841 2073 1089 2145 Πρόσεχε
1119 2073 1235 2130 οὖν.
1266 2077 1328 2130 Ei
1361 2080 1463 2148 μὲν
1493 2078 1587 2134 οὖν
1627 2081 1928 2153 ἐμείναμεν

344 2163 482 2234 ὅπερ
516 2159 683 2235 ἦμεν,
718 2167 815 2222 καὶ
839 2167 940 2238 τὴν
969 2168 1196 2242 ἐντολὴν
1218 2172 1590 2243 ὲφυλάξαμεν,
1623 2174 1928 2243 ἐγενόμεθα

342 2256 479 2327 ὅπερ
517 2259 620 2312 οὐκ
647 2256 814 2330 ἦμεν,
847 2261 994 2315 τοῦτ’
1028 2262 1199 2331 ἐστιν,
1230 2264 1495 2332 ἀτρεπτοι
1534 2267 1632 2320 καὶ
1661 2267 1786 2321 κατ’
1824 2268 1925 2322 αὐ-

342 2348 441 2417 τὴν
493 2349 596 2418 τὴν
650 2352 1017 2421 προαίρεσιν·
1054 2354 1192 2408 ἀλλὰ
1228 2354 1305 2426 μὴ
1352 2357 1448 2411 τὸν
1499 2357 1658 2427 λόγον
1722 2359 1927 2426 εὐθέως

280 2448 285 2449 ⁷
341 2437 736 2510 ἀποστραφῇς·
772 2441 890 2509 εἴτε
928 2443 1025 2494 καὶ
1071 2443 1125 2495 οἱ
1176 2442 1449 2499 θειότατα
1502 2446 1727 2516 ἄγγελοι
1783 2450 1927 2504 κατὰ

343 2530 669 2600 προαίρεσιν
699 2532 829 2588 ἄλλο
874 2551 929 2586 τι
977 2534 1251 2607 πρότερον
1289 2537 1473 2607 ὄντες,
1521 2537 1751 2611 ὕστερον
1784 2542 1927 2614 ὅπερ

340 2622 440 2677 οὐκ
466 2618 607 2695 ἦσαν
642 2627 918 2694 ἐγένοντο.
963 2628 1289 2697 Δυσκίνητοι
1325 2629 1427 2699 μ’ὲν
1457 2631 1564 2703 γὰρ
1600 2627 1766 2702 ἦσαν,
1805 2634 1923 2688 ἀλλ’

339 2718 442 2771 οὐκ
471 2718 723 2787 ἀκίνητοι
751 2720 890 2791 πρὸς
918 2721 982 2773 τὸ
1014 2722 1185 2775 κακὸν
1210 2724 1307 2776 ἀπ’
1331 2725 1530 2796 ἀρχῆς.
1561 2724 1705 2780 Ἀλλ’
1729 2728 1925 2799 ἐπειδὴ

340 2814 453 2875 τοῖς
485 2811 817 2866 ἐκπεσοῦσιν
859 2815 1117 2881 ἀγγέλοις
1173 2815 1412 2885 οὐδαμοῦ
1471 2820 1921 2892 συνεπήχθησαν,

342 2902 438 2956 ἅτε
476 2903 577 2972 τῆς
624 2905 993 2967 κακοϐουλίας
1026 2906 1239 2977 ἐκείνης
1270 2908 1591 2977 εὑρεθέντες
1627 2908 1919 2984 ἀνώτεροι,

340 2993 425 3046 διὰ
453 2994 613 3048 τοῦτο
641 2996 896 3063 γεγόνασι
933 2999 1028 3053 καὶ
1076 2997 1326 3067 ἀκίνητοι
1369 3001 1503 3071 πρὸς
1551 3008 1610 3056 τὸ
1659 3005 1829 3061 κακὸν
1858 3009 1918 3061 οὐ

341 3085 502 3151 φύσει
534 3086 671 3139 ἀλλὰ
718 3088 922 3157 χάριτι,
974 3087 1118 3141 καθὰ
1167 3088 1234 3155 δὴ
1290 3092 1385 3144 καὶ
1437 3091 1516 3163 τῷ
1571 3095 1921 3168 Δαμαᾶκηνῷ

352 3176 572 3249 Ἰωάννῃ
602 3180 734 3250 περὶ
760 3180 953 3232 τούτου
980 3180 1147 3235 δοκεῖ.

410 3268 568 3322 Οὕτω
599 3269 699 3339 μὶν
738 3268 851 3332 οὖν,
900 3272 1184 3337 ὁσιώτατε,
1233 3274 1327 3327 καὶ
1374 3275 1504 3348 περὶ
1553 3278 1650 3333 τοῦ
1700 3280 1918 3351 πρώτου
1946 3299 1990 3356 ο

341 3357 627 3427 ἀνθρώπου
656 3360 955 3413 ἐννοεῖσθαι
988 3378 1046 3414 σε
1076 3365 1204 3433 χρή.
1250 3366 1359 3417 Καὶ
1392 3365 1503 3438 γὰρ
1530 3367 1779 3434 ἐξουσίαν
1811 3372 1928 3442 εἶχε

341 3452 528 3519 μένειν
575 3452 674 3506 καὶ
721 3453 1057 3521 προκόπτειν
1105 3458 1164 3508 ἂν
1214 3455 1294 3526 τῷ
1334 3459 1549 3529 ἀγαθῷ,
1590 3462 1686 3515 καὶ
1727 3465 1822 3516 ἐπὶ
1869 3466 1930 3519 τὸ

337 3544 520 3613 χεῖρον
546 3539 672 3597 αὖθι
685 3562 699 3603 ;
735 3544 845 3596 ἀπὸ
892 3543 990 3598 τοῦ
1038 3545 1205 3599 καλοῦ
1254 3550 1716 3619 μετατρέπεσοαι.
1752 3554 1929 3625 Είπερ

334 3635 427 3689 οὖν
460 3636 732 3705 ἀνώτερος
766 3636 970 3706 εὑρέθη
1019 3638 1271 3698 κάκεῖνος
1310 3639 1406 3704 τῆς
1440 3639 1537 3692 τοῦ
1577 3640 1751 3709 ὄφεως
1790 3660 1932 3713 συμο

333 3728 557 3797 σουλῆς,
590 3727 750 3794 εἴπερ
786 3726 1025 3793 ἐφύλαξε
1060 3728 1158 3796 τὴν
1201 3727 1448 3781 δοθεῖσαν
1491 3732 1641 3800 αὐτῴ
1682 3733 1922 3804 ἐντολὴν,

332 3807 555 3887 ἐγένετο
594 3818 1060 3881 ἀπαθανατισθεὶς
1112 3822 1252 3889 ὅπερ
1311 3824 1410 3873 οὐκ
1467 3818 1534 3893 ἦν
1586 3823 1682 3874 ἀπ’
1721 3824 1921 3893 ἀρχῆς,

330 3911 477 3965 τοῦτ’
504 3910 648 3963 ἔστιν
679 3910 971 3980 ἄτρεπτος,
1004 3910 1063 3963 οὐ
1097 3912 1240 3963 κατὰ
1271 3911 1437 3978 φύσιν
1469 3914 1654 3980 μόνον,
1684 3914 1820 3968 ἀλλά
1858 3915 1923 3986 δὴ

332 4009 428 4060 καὶ
459 4004 579 4056 κατ’
610 4002 780 4072 αὐτὴν
812 4002 911 4072 τὴν
959 4002 1306 4074 προαίρεσιν.
1352 4005 1683 4074 Ἀντιλέγειν
1734 4007 1790 4059 δὲ
1828 4009 1923 4061 ἐπὶ

331 4096 541 4159 τούτοις
560 4097 663 4149 οὐκ
688 4095 932 4163 εὐλογον.
957 4096 1019 4148 Ei
1042 4096 1145 4164 γὰρ
1174 4098 1266 4148 καὶ
1293 4099 1350 4149 ἐν
1377 4101 1442 4164 τῇ
1468 4098 1633 4163 φύσει
1659 4100 1718 4151 τὸ
1742 4102 1922 4169 ἁμαρ-

332 4192 514 4241 τὰνειν
563 4189 664 4241 οὐκ
713 4183 828 4258 εἷχε
876 4185 999 4240 κατ’
1045 4186 1222 4255 ἀρχὰς
1268 4188 1296 4238 ὀ
1343 4187 1651 4259 ἄνθρωπος,
1709 4190 1805 4244 ἅτε
1853 4192 1917 4262 δὴ

331 4279 484 4351 παρὰ
514 4279 650 4332 Θεοῦ
698 4277 1129 4348 δημιουργηοεὶς
1175 4277 1456 4348 ἄφθαρτος
1502 4280 1912 4350 καὶ,ἀθὰνατος,

330 4371 445 4425 ἀλλ’
473 4373 530 4423 ιν
564 4370 702 4440 αὐτῇ
735 4372 803 4439 τῇ
835 4366 1182 4440 προαιρέσει,
1214 4357 1357 4423 καθα
1410 4368 1474 4435 δὴ
1520 4370 1612 4422 καὶ
1658 4374 1916 4441 προείποι

333 4476 453 4528 μεν,
483 4458 732 4525 ἐξουσίαν
765 4453 883 4529 εἶχε
918 4458 1102 4528 μένειν
1141 4460 1199 4510 ὲν
1241 4458 1318 4529 τῷ
1349 4459 1563 4530 ἀγαθῷ,
1599 4462 1693 4513 καὶ¹
1728 4463 1822 4515 ἐπὶ
1856 4465 1914 4518 τὸ

328 4552 508 4621 χεῖρον
544 4545 700 4612 αὖθις
735 4548 843 4602 ἀπὸ
868 4548 960 4601 τοῦ
995 4549 1202 4618 ἀγαθοῦ
1243 4553 1911 4629 μετατρέπεσοαιηΕίπερ

2032 2086 2311 2129 rassemus
2327 2072 2473 2142 quod
2495 2086 2737 2136 eramus,
2754 2081 2810 2128 et
2829 2080 3158 2142 praeceptum
3177 2072 3633 2136 custodissemus,

2028 2163 2175 2238 quod
2204 2179 2315 2219 non
2335 2179 2551 2219 eramus
2576 2162 2895 2231 fuissemus,
2916 2164 3021 2220 hoc
3048 2176 3154 2231 est,
3182 2161 3555 2219 inmutabiles
3582 2171 3638 2216 «τι

2030 2272 2248 2327 Semper
2264 2256 2513 2326 eiusdem
2542 2256 2834 2327 propositi.
2863 2256 2978 2312 Nec
2998 2271 3310 2312 sermonem
3346 2256 3492 2310 hunc
3521 2262 3639 2308 sta-

2031 2350 2127 2406 tim
2153 2364 2429 2405 aversare.
2449 2347 2507 2403 Si
2538 2349 2689 2404 enim
2719 2348 3053 2404 divinissimi
3073 2347 3251 2417 angeli
3275 2362 3402 2403 cum
3430 2361 3633 2403 secun—

2028 2440 2156 2497 dum
2186 2441 2529 2512 propositum
2575 2439 2786 2511 aliquid
2819 2439 2969 2496 aliud
2999 2439 3156 2510 prius
3186 2446 3412 2503 essent,
3445 2439 3637 2497 novis-

1992 2536 2188 2600 ‘sime,
2220 2534 2366 2604 quod
2399 2547 2512 2588 non
2535 2541 2717 2597 erant,
2760 2541 3107 2589 evaserunt:
3134 2531 3435 2588 diﬂiculter
3479 2532 3630 2587 enim

2028 2627 2263 2682 mobiles
2281 2634 2461 2694 erant,
2489 2625 2586 2681 sed
2617 2641 2728 2683 non
2751 2626 3063 2682 immobiles
3088 2625 3156 2682 ad
3185 2627 3388 2681 malum
3418 2642 3448 2680 a
3479 2625 3635 2696 priu-

2024 2720 2204 2791 cipio;
2231 2719 2329 2775 sed
2360 2718 2620 2790 quoniam
2656 2735 2782 2775 cum
2832 2720 3170 2777 cadentibus
3218 2720 3431 2790 angelis
3477 2719 3632 2775 nullo

2024 2821 2185 2882 pacto
2212 2811 2456 2867 devoluti
2493 2820 2661 2875 sunt,
2697 2820 2889 2881 utpote
2917 2812 3014 2883 qui
3061 2811 3189 2868 mali
3239 2812 3460 2868 illorum
3496 2826 3631 2865 con-

2023 2904 2131 2958 silii
2162 2904 2477 2974 superiores
2509 2910 3028 2974 contemptoresque
3071 2905 3302 2974 reperti,
3327 2913 3623 2974 pr0pterea

2022 2996 2187 3051 etiam
2226 2996 2535 3052 immobiles
2563 2995 2633 3051 ad
2664 2995 2866 3051 malum
2888 3005 3189 3061 evaserunt
3236 3010 3348 3052 non
3391 3004 3620 3059 natura,

2023 3080 2119 3147 sed
2152 3090 2350 3161 gratia,
2370 3089 2836 3159 quemadmodum
2869 3090 3240 3145 Damascenus
3265 3089 3430 3145 etiam
3452 3088 3620 3145 Joan-

2022 3198 2123 3238 nes
2157 3183 2228 3238 de
2255 3181 2363 3238 hoc
2393 3183 2677 3254 opinatur.

2097 3275 2176 3330 lta
2223 3274 2411 3345 igitur,
2458 3274 2544 3329 vir
2596 3274 2965 3342 sanctissime,
2990 3275 3158 3332 etiam
3194 3275 3283 3331 de.
3308 3275 3490 3345 primo
3522 3275 3624 3331 bo—

2041 3368 2190 3423 mine
2227 3366 2469 3439 cogitare
2506 3375 2560 3422 te
2593 3375 2832 3438 oportet.
2871 3365 3087 3423 Etenim
3119 3366 3235 3438 (90)
3275 3366 3540 3421 manendi
3569 3376 3627 3443 et

2036 3456 2358 3526 proﬁciendi
2425 3457 2481 3509 in
2548 3456 2692 3512 bono
2766 3466 3095 3525 potestatem
3149 3456 3390 3512 habebat
3447 3464 3502 3513 et
3557 3457 3624 3512 ad

2037 3548 2196 3618 pejus
2239 3551 2435 3602 iterum
2470 3564 2498 3601 a
2534 3548 2680 3601 bono
2724 3563 2783 3602 se
2826 3549 3206 3627 convertendi.
3259 3550 3317 3604 Si
3359 3550 3529 3620 igitur
3569 3559 3628 3605 et

2036 3640 2128 3695 ille
2181 3641 2455 3710 serpentis
2492 3639 2709 3694 consilii
2755 3652 3103 3709 contemptor
3150 3651 3407 3710 repertus
3450 3651 3622 3707 esset,

2034 3732 2081 3788 si
2135 3732 2325 3786 datum
2366 3731 2469 3785 sibi
2512 3741 2846 3801 praeceptum
2886 3731 3241 3796 custodisset,
3278 3731 3348 3786 ad
3392 3732 3651 3805 immorx

2032 3822 2297 3877 talitatem
2329 3823 2743 3885 assurrexisset,
2796 3831 2850 3878 et
2896 3824 3160 3878 evasisset
3192 3823 3337 3893 quod
3389 3839 3420 3877 a
3464 3823 3622 3894 prin-

2030 3914 2177 3984 cipio
2210 3929 2317 3969 non
2349 3924 2490 3981 erat,
2546 3916 2649 3970 hoc
2702 3924 2787 3969 est
2850 3915 3209 3971 immutabilis
3258 3930 3369 3971 non
3424 3929 3623 3971 secun-

2029 4007 2160 4060 dum
2203 4014 2452 4060 naturam
2485 4015 2719 4072 tantum,
2756 4006 2853 4064 sed
2889 4007 3056 4062 etiam
3096 4008 3399 4063 secundum
3447 4009 3618 4078 ipsam

2027 4098 2393 4153 voluntatem.
2450 4096 2613 4153 Hisce
2661 4110 2847 4155 autem
2904 4091 3326 4167 contradicere,
3378 4116 3490 4156 non
3533 4112 3622 4157 cst

2028 4188 2228 4243 rationi
2291 4197 2750 4245 consentaneum.
2809 4189 2865 4245 Si
2893 4192 3042 4245 enim
3092 4206 3322 4263 peccare
3373 4194 3539 4249 homo
3585 4208 3618 4247 a

2028 4279 2300 4350 principio
2343 4280 2396 4335 in
2449 4291 2645 4337 natura
2688 4299 2800 4337 non
2853 4283 3066 4348 habuit,
3122 4302 3149 4339 a
3183 4285 3295 4341 Deo
3340 4285 3613 4355 siquidem

2023 4371 2396 4441 corruptionis
2435 4386 2635 4443 expers
2669 4373 3112 4443 inmortalisque
3149 4383 3368 4431 creatus
3412 4385 3518 4441 est,
3556 4376 3613 4428 in

1988 4464 2141 4533 -ipsa
2178 4463 2480 4528 voluntate,
2521 4474 2579 4518 ut
2625 4464 2893 4531 diximus,
2939 4466 3331 4535 perseverandi
3371 4466 3424 4519 in
3465 4466 3612 4520 bono

2022 4562 2353 4624 potestatem
2415 4556 2687 4620 habebat,
2751 4566 2807 4611 et
2866 4556 2922 4611 in
2969 4556 3217 4611 deterius
3281 4557 3483 4612 iterum
3541 4562 3610 4615 ab

326 4639 419 4696 οὖν
445 4640 678 4710 ἐφύλαξε
704 4641 804 4710 τὴν
838 4641 1085 4695 δοθεῖσαν
1120 4642 1270 4712 αὑτῴ
1300 4643 1544 4712 ἐντολὴν,
1589 4646 1805 4714 ἐγένετο
1841 4649 1906 4701 ἂν

2034 4657 2249 4701 ιοιιοειο
2275 4660 2335 4701 se
2370 4648 2751 4703 convertendi.
2781 4647 2839 4702 Si
2877 4649 3045 4719 igitur
3090 4650 3274 4706 datum
3310 4650 3417 4707 sibi
3446 4665 3607 4705 man-

323 4737 462 4802 ὄπερ
483 4735 580 4786 οὐκ
610 4730 680 4804 ἦν
707 4734 804 4786 ἀπ’
834 4733 1033 4804 ἀρχῆς,
1063 4731 1225 4803 ἔχων,
1260 4734 1336 4798 ὡς
1366 4734 1610 4806 εἴρηται,
1638 4741 1734 4790 καὶ
1763 4741 1903 4795 κατὰ

326 4828 647 4897 προα’ρεσιν
677 4826 737 4879 τό
767 4843 828 4879 τε
859 4826 1137 4894 ἄτρεπτον
1164 4826 1303 4896 ὁμοῦ
1350 4830 1445 4880 καὶ
1476 4831 1866 4901 ἀναμάρτητον
1890 4851 1903 4864 ο

323 4919 734 4979 ὁποίοςὲσεῐται
764 4918 1017 4978 κάκεῖνος
1063 4916 1093 4970 ὁ
1142 4918 1285 4971 κατά
1314 4933 1378 4986 γε
1410 4918 1511 4987 τὴν
1556 4919 1651 4974 τοῦ
1702 4924 1905 4987 παντὸς

325 5009 637 5062 συντέλειαν
670 5006 1104 5076 ὲγερθησόμενος
1139 5006 1447 5078 ἄνθρωπος.
1492 5011 1679 5083 Ἀρκεῖ
1704 5014 1904 5068 τοσαῦθ

321 5117 419 5157 τα*
452 5104 560 5163 τοῖς
592 5101 702 5170 γὰρ
729 5102 990 5170 ὲχέφροσι
1030 5101 1173 5153 κατά
1206 5101 1265 5154 σὲ
1295 5104 1389 5155 καὶ
1427 5097 1505 5169 εἷς
1556 5105 1715 5176 λόγος
1746 5109 1906 5181 ἀρκεῖ

324 5193 456 5261 πρός
488 5210 551 5261 γε
580 5194 678 5263 τὴν
715 5193 810 5246 τοῦ
845 5190 1156 5262 κρείττονος
1187 5192 1428 5264 εὕρεσιν.
1510 5208 1521 5215 ”

353 5543 500 5625 ⁸(90)
528 5542 762 5626 Cyrinus
792 5530 1199 5606 Alexandrinus
1233 5545 1332 5605 lib.
1374 5551 1578 5607 Contra
1621 5552 2152 5626 Anthropomorph.,

321 5633 333 5668 ι
352 5618 454 5671 iter
483 5618 699 5673 asserit.

1916 5815 1992 5829 ἡ

2020 4737 2207 4799 datum
2262 4738 2621 4805 custodisset,
2677 4743 2822 4809 quod
2882 4756 2912 4795 a
2966 4742 3240 4812 principio
3295 4756 3406 4797 non
3460 4754 3604 4809 erat,

2018 4829 2208 4898 utique
2238 4831 2471 4909 luisset,
2507 4833 2736 4899 habens,
2778 4842 2837 4890 ut
2888 4833 3099 4891 dictum
3144 4845 3252 4900 est,
3303 4835 3469 4891 etiam
3511 4852 3605 4892 se-

2015 4923 2256 4977 cundum
2294 4923 2633 4980 voluntatem
2681 4937 2738 4981 et
2781 4926 3282 4983 imntutabilitatem
3312 4940 3367 4997 et_
3398 4930 3605 4999 impcc-

2012 5012 2388 5079 cabilitatem;
2419 5016 2600 5085 qualis
2634 5020 2744 5073 erit
2798 5018 2889 5073 ille
2922 5019 3109 5087 homo,
3150 5020 3242 5090 qui
3278 5022 3330 5074 in
3381 5023 3604 5077 univero

2012 5105 2190 5160 sitatis
2239 5109 2720 5164 consummatione
2769 5123 3333 5170 resurrecturuseeSt.
3376 5117 3442 5170 Et
3486 5117 3601 5172 haec

2011 5193 2230 5263 quidem
2265 5194 2559 5254 suﬂiciant.
2614 5197 2983 5257 Prudentibus
3037 5203 3208 5271 enim,
3241 5209 3601 5275 quemadmo-s

2011 5286 2143 5340 dum
2179 5296 2236 5340 tu
2266 5301 2348 5352 es,
2383 5298 2440 5342 et
2473 5305 2641 5344 unum
2692 5294 2943 5361 verbum,
2999 5305 3055 5350 ut
3090 5297 3237 5367 quod
3285 5298 3482 5353 melius
3511 5309 3596 5355 ειμι

2006 5377 2242 5432 inveniri
2274 5382 2467 5449 possit,
2512 5381 2731 5439 audiuit.

2209 5577 2327 5632 cap.
2362 5562 2418 5629 ‘2,
2455 5564 2663 5650 arbitrii
2704 5567 3012 5625 libertatem
3080 5571 3290 5626 homini
3362 5567 3592 5641 praetr
