4070 6444
428 488 535 555 725
1809 494 2180 557 EPISTOLA
2218 499 2316 561 Iv.
2399 451 2403 455 ’
3573 502 3683 567 726

425 608 696 678 εδέχοντο.
737 605 885 678 Αὕτη
927 600 1021 662 οὖν
1045 608 1079 678 ἡ
1112 607 1265 662 αίτία
1288 606 1429 661 κατὰ
1454 607 1582 670 τοὺς
1608 609 1996 681 διαληφθέντας

2113 625 2328 685 Oportet
2362 632 2674 688 suggerere.
2701 619 2812 674 Nisi
2860 619 3009 675 enim
3050 624 3126 676 ita
3154 637 3243 678 res
3272 638 3332 679 se
3363 623 3672 693 habuisset,

424 699 634 754 ἄνωθεν
668 700 924 770 Πατέρας
968 700 1067 753 καὶ
1113 699 1479 765 διδασκάλους
1517 701 1700 770 ἡμῶν,
1728 702 1796 756 δι’
1823 704 1889 772 ἢν
1915 693 1996 777 ὀρ-

2114 709 2258 764 hand
2288 709 2536 778 profecto
2562 727 2683 765 eum
2711 713 2789 766 eis
2821 713 3018 767 blande
3056 714 3437 770 confabulatus
3466 715 3680 783 fuisset,

423 789 576 860 γάνφ
625 790 704 861 τῷ
752 790 872 858 ὄφει
925 793 1021 846 καὶ
1066 791 1166 860 οὐχ
1215 790 1391 862 ἑτέρῳ
1439 791 1548 845 τινὶ
1599 792 1996 863 χρησάμενοςό

2112 813 2291 866 neque
2323 799 2393 852 ita
2427 799 2625 854 leniter
2673 800 2748 853 illi
2802 802 2920 867 ejus
2968 804 3253 857 consilium
3311 805 3683 861 admisissent.

423 882 788 952 παμπόνηρος
807 883 937 944 τοὺς
965 882 1437 951 πρωτοπλάστους
1465 883 1745 955 ἡπάτησε.
1952 946 1955 947 ν

2116 887 2244 942 llzec
2282 889 2452 956 igitur
2489 906 2658 949 causa
2682 890 2807 955 fuit,
2848 893 2997 961 iusta
3032 894 3286 962 superius
3332 895 3681 950 laudatorum

422 972 646 1027 Patrum
704 984 759 1028 et
800 974 1189 1045 magistrorum
1251 983 1563 1030 nostrorum
1619 978 1955 1046 opinionem,
1994 990 2217 1049 propter
2276 998 2436 1052 quam
2483 985 2655 1040 Malus
2706 987 2928 1057 ilict?!)
2980 999 3234 1057 serpente
3259 997 3316 1043 et
3353 1004 3464 1043 non
3500 990 3684 1058 aliquo

419 1066 530 1120 alio
560 1081 691 1119 usus
716 1074 802 1122 e-t
824 1067 1192 1121 instrumento
1220 1076 1281 1122 ut
1304 1069 1674 1141 protOplastos
1697 1070 1974 1140 deciperet
2016 1070 2154 1141 (22L
3140 1062 3145 1069 ’

491 1160 605 1212 Καὶ
636 1160 801 1211 πόθεν
828 1158 988 1229 δῆλον
1026 1160 1110 1212 ὅτι
1149 1162 1177 1213 ὁ
1216 1159 1466 1223 διάϐολος
1515 1162 1573 1214 ἐν
1610 1162 1687 1232 τῷ
1731 1161 1851 1230 ὄφει
1881 1163 2007 1216 ἐλά-

417 1250 579 1321 λησε,
618 1251 717 1318 τῆς
748 1250 971 1320 Γραφῆς
1010 1249 1351 1320 ὁπουδήποτε
1384 1252 1545 1306 τοῦτο
1583 1252 1659 1321 μὴ
1700 1253 1996 1323 λεγούσης;

2107 1266 2241 1321 tum,
2297 1274 2422 1313 cum
2479 1260 2531 1313 id
2594 1260 2744 1314 ullihi
2806 1262 3091 1330 Scriptura
3147 1276 3253 1315 non
3317 1261 3509 1314 dicat?
3543 1259 3682 1316 Vide

423 1343 531 1397 '16s
558 1343 668 1410 γὰρ
688 1344 774 1396 ὅτι
806 1344 901 1396 καὶ
934 1346 961 1396 6
985 1344 1196 1407 Παῦλος
1221 1346 1401 1413 δφεως
1438 1347 1772 1415 μνημονεύει
1801 1348 1996 1415 λέγων·

2105 1351 2250 1402 enim
2281 1357 2336 1401 et
2371 1348 2603 1403 Paulum
2640 1350 2841 1419 ipsum,
2879 1366 3004 1404 cum
3070 1350 3347 1414 serpentis
3403 1350 3684 1405 meminis-

427 1433 750 1504 «Φοϐοῦμαι
814 1436 1012 1505 μήπως
1069 1436 1098 1488 6
1153 1436 1279 1505 δφις
1333 1437 1678 1507 ἐξηπάτησεν
1735 1437 1885 1492 Εὕαν
1935 1441 1996 1509 τῇ

2103 1449 2206 1504 set,
2247 1441 2520 1495 dicentem
2549 1460 2562 1495 :
2590 1461 2615 1493 ·‹
2642 1442 2832 1496 Timeo
2861 1457 2930 1495 ne
2963 1441 3133 1504 forte,
3162 1447 3222 1493 ut
3254 1456 3482 1509 serpens
3514 1441 3678 1495 Evam

420 1526 731 1597 πανουργίᾳ
773 1525 963 1580 αὑτοῦ.
997 1545 1017 1578 ι
1054 1527 1224 1580 Πόθεν
1268 1526 1362 1581 οῦν
1391 1528 1550 1596 δῆλον
1581 1529 1664 1582 ὅτι
1698 1531 1728 1583 6
1755 1529 1996 1594 διάϐολος

2101 1546 2199 1586 sua
2281 1533 2578 1587 calliditate
2608 1533 2890 1589 seduxit'.
2929 1552 2948 1586 ι
3034 1533 3186 1586 l'nde
3237 1532 3401 1601 igitur
3465 1538 3682 1585 constat

420 1616 573 1669 λαλεῖ
600 1616 687 1669 διὰ
704 1618 798 1670 τοῦ
817 1616 993 1685 δφεως
1014 1618 1038 1672 ?
1061 1618 1235 1682 Αὐτὸς
1258 1621 1287 1672 6
1316 1621 1594 1691 Δεσπότης
1626 1621 1996 1689 ὕπεσαφήνισε

2100 1623 2371 1677 diabolum
2406 1638 2502 1694 per
2534 1633 2852 1691 serpentem
2885 1623 3062 1692 ipsum
3087 1636 3211 1677 esse
3242 1622 3536 1675 locutum?
3562 1620 3683 1690 Ipse

419 1708 521 1777 τὴν
553 1708 811 1779 ἀπορίαν,
861 1709 949 1762 ἶνα
999 1710 1074 1778 μή
1127 1725 1216 1772 τις
1273 1710 1367 1763 ἐπὶ
1415 1709 1506 1765 τὸν
1539 1710 1666 1781 ὅφιν
1709 1713 1806 1766 καὶ
1837 1713 1996 1781 μόνον

2100 1714 2358 1770 Dominus
2417 1730 2449 1770 e
2499 1715 2677 1770 medio
2705 1715 3129 1785 perplexitatem
3176 1714 3422 1777 sustulit,
3459 1713 3682 1781 nequis

420 1800 691 1871 ἀνενέγκῃ
716 1800 816 1871 τὴν
842 1801 1144 1869 ἁμαρτίαν.
1188 1801 1334 1872 Πρὸς
1365 1801 1477 1872 γὰρ
1520 1803 1649 1867 τοὺς
1686 1803 1996 1870 Ἰουδαίους,

2100 1815 2378 1875 peccatum
2403 1805 2457 1859 in
2495 1816 2831 1874 serpentem,
2856 1814 2911 1859 et
2940 1806 3161 1875 quidem
3190 1805 3400 1870 solum,
3435 1794 3679 1873 rejiciat.

420 1893 585 1964 ἡνίκα
615 1887 770 1945 εἷπον
798 1892 969 1962 αὐτῷ,
1017 1910 1038 1945 ι
1079 1893 1176 1947 Ἐκ
1206 1893 1304 1947 τοῦ
1332 1893 1469 1947 Θεοῦ
1500 1897 1692 1963 ἐσμεν,
1712 1914 1750 1959 ,ι
1787 1895 1994 1963 ἔλεγεν·

2100 1896 2301 1954 Judaais
2338 1899 2509 1966 enim,
2540 1913 2665 1952 cum
2705 1897 2783 1951 illi
2813 1897 3092 1951 dixerunt.
3121 1913 3140 1947 ι
3167 1895 3247 1949 Ex
3288 1894 3398 1948 Deo
3419 1908 3632 1957 sumus,
3656 1911 3675 1943 ι

2176 1167 2244 1221 Αι
2276 1168 2421 1223 unde
2448 1168 2646 1238 liquet,
2691 1170 2970 1226 diabolum
3002 1170 3054 1225 in
3086 1181 3343 1241 serpente
3376 1185 3496 1226 esse
3525 1170 3682 1226 locn-

426 2005 446 2038 ι
480 1986 542 2039 Et
569 1982 667 2056 ἦτε
698 1986 762 2039 ὲκ
793 1985 890 2038 τοῦ
924 1984 1083 2049 θεοῦ,
1117 1986 1178 2040 τὸ
1207 1985 1421 2056 θέλημα
1447 1985 1543 2040 τοῦ
1587 1987 1725 2041 Θεοῦ
1757 1988 1997 2041 ἐποιεῖτε

421 2078 506 2132 ἄν.
540 2079 653 2134 Νῦν
686 2082 749 2132 ἐκ
787 2076 882 2132 τοῦ
927 2078 1141 2148 πατρὸς
1191 2079 1347 2148 ὑμῶν
1404 2079 1527 2132 ἐστι
1572 2078 1670 2132 τοῦ
1722 2078 1996 2134 διαδόλου.

433 2171 673 2232 Ἐκεῖνος
704 2171 799 2223 ἀπ’
825 2154 1485 2240 ἀρχῆςάνθρωποκτόνος
1648 2188 1669 2222 ι
1714 2170 1999 2224 Ἐντεῦθεν

418 2256 515 2316 οὖν
543 2263 731 2330 σαφῶς
756 2261 1120 2315 ἐπιδέδεικται
1141 2261 1224 2314 ὅτι
1243 2263 1302 2313 ὲν
1326 2260 1474 2329 αὐτῷ
1500 2261 1582 2330 τῷ
1603 2260 1725 2330 ὄφει
1757 2260 1998 2331 λαλήσας

422 2355 451 2406 6
491 2351 739 2416 διάϐολος
768 2351 985 2422 θανάτῳ
1022 2352 1117 2407 τὸν
1161 2351 1456 2424 ἄνθρωπον
1500 2353 1798 2405 ὑποπεσεῖν
1838 2370 2001 2406 κατεο

425 2441 715 2496 σκεύασεν.
752 2442 813 2495 El
853 2445 930 2512 μὴ
981 2441 1094 2511 γὰρ
1147 2441 1308 2495 τοῦτο
1359 2439 1450 2513 ἦν,
1502 2443 1604 2496 οὐκ
1636 2443 1703 2498 ἂν
1756 2444 2002 2512 ἐγεγόνει

422 2531 617 2601 θνητὸς
647 2532 675 2583 6
708 2532 1004 2594 ἀθάνατος.
1052 2532 1170 2586 Καὶ
1214 2534 1265 2585 εί
1309 2532 1385 2604 μὴ
1423 2534 1588 2607 πείθῃ
1632 2537 1745 2598 τοῖς
1772 2535 2019 2606 λεγομέ-“

420 2640 554 2689 νοις,
588 2624 668 2694 τῷ
718 2624 868 2695 σοφῷ
900 2623 1211 2694 Σολομῶντι
1243 2625 1503 2694 πείσθητι
1560 2626 1810 2693 λέγοντι·
1872 2646 1891 2680 ι
1943 2628 2002 2682 '0

419 2717 549 2778 Θεὸς
583 2716 811 2769 θάνατον
853 2717 955 2770 οὐκ
984 2718 1265 2788 ἐποίησεν,
1310 2717 1428 2772 ἀλλ’
1459 2718 1547 2772 ἐπ’
1591 2718 1880 2791 ἀφθαρσίᾳ
1908 2721 2001 2775 τὸν

420 2804 711 2874 ἄνθρωπον
751 2804 960 2860 εκτισε.
996 2806 1184 2874 Φθόνῳ
1227 2804 1284 2859 δὲ
1333 2806 1430 2859 τοῦ
1474 2807 1724 2861 διαϐόλου
1774 2807 2002 2873 θάνατος

418 2897 500 2957 είς
528 2897 622 2949 τὸν
668 2896 874 2967 κόσμον
921 2895 1198 2965 εἰσῆλθεν.
1235 2915 1255 2949 ι
1312 2895 1556 2968 Εὔδηλον
1589 2894 1684 2953 οὖν
1725 2900 1801 2961 ὡς
1838 2901 2003 2963 αὐτὸς

420 2988 651 3059 ἔλάλησε
688 2988 787 3050 ,διὰ
818 2986 914 3041 τοῦ
951 2988 1130 3057 ὄφεως
1171 2990 1199 3041 6
1236 2989 1625 3060 παμπόνηρος.
1664 2990 1725 3042 Ei
1782 2992 1857 3060 μὴ
1891 2992 2002 3061 γὰρ

421 3079 580 3132 τοῦτο
624 3074 714 3148 ἦν,
746 3080 848 3132 οὐκ
902 3079 969 3134 ἂν
1022 3080 1186 3133 αὐτὸν
1236 3081 1265 3132 ό
1319 3078 1525 3150 Κύριος
1560 3080 2003 3150 ἀνθρωποκτόνον

421 3170 672 3225 ἐκάλεσε.
705 3171 817 3225 Καὶ
850 3171 974 3223 ἐπεὶ
1001 3171 1177 3225 ταῦτα
1208 3170 1383 3233 οὓτως
1427 3170 1565 3241 ἔχει,
1620 3172 1766 3236 τίνος
1812 3174 2002 3226 ἕνεκεν

2103 1990 2353 2045 dicebat:
2394 2009 2413 2042 ι
2445 1988 2506 2044 Si
2551 2005 2619 2043 ex
2646 1989 2754 2046 Deo
2795 1987 3014 2054 essetis,
3041 1987 3134 2041 Dei
3160 1996 3311 2041 certe
3340 1986 3679 2040 voluntatem

2104 2080 2393 2137 faceretis:
2428 2096 2576 2136 nunc
2629 2090 2816 2135 autem
2883 2095 2951 2135 ex
3012 2088 3168 2149 patre
3221 2085 3407 2132 vestro
3462 2076 3678 2131 diabolo

2104 2170 2239 2224 estis
2268 2187 2280 2223 :
2308 2169 2399 2224 ille
2432 2178 2551 2223 erat
2603 2167 2876 2223 homicida
2907 2168 2976 2221 ab
3016 2167 3177 2222 initio
3203 2168 3248 2222 ⁸.
3281 2185 3300 2218 ι
3335 2165 3473 2220 lliuc
3518 2166 3676 2235 igitur

2076 2270 2295 2333 -aperte
2359 2262 2629 2327 constitit,
2662 2275 2787 2317 cum
2844 2260 3101 2315 diabolus
3151 2259 3207 2313 in
3254 2259 3372 2328 ipso
3425 2267 3678 2326 serpente

2102 2350 2317 2407 locutus
2341 2360 2516 2414 esset,
2555 2349 2611 2404 id
2644 2351 2996 2405 contexuisse
3051 2358 3110 2402 ut
3166 2348 3329 2403 morti
3354 2334 3524 2401 homo
3554 2361 3666 2400 suc-

2103 2443 2387 2499 cumberet
2408 2441 2541 2513 (2'5).
2585 2438 2698 2494 Nisi
2732 2440 2874 2494 enim
2914 2436 3091 2494 res‘ita
3125 2452 3184 2492 se
3211 2437 3511 2500 habuisset,
3540 2450 3680 2488 nun-

2105 2546 2267 2601 quam
2304 2531 2417 2594 itle,
2447 2529 2539 2598 qui
2588 2528 2919 2583 immortalis
2958 2526 3154 2594 fuerat,
3188 2526 3437 2581 mortalis
3468 2526 3679 2579 evasis-

2104 2632 2209 2678 set.
2244 2621 2313 2676 Et
2342 2623 2387 2677 si
2419 2621 2602 2676 minus
2635 2621 2721 2676 his
2764 2636 2887 2691 quae
2944 2621 3225 2685 dicuntur,
3262 2620 3424 2675 fidem
3482 2619 3681 2673 adhibe

2103 2713 2341 2780 sapienti
2373 2712 2674 2778 Salomoni,
2711 2727 2836 2767 cum
2867 2714 3040 2768 dicit:
3073 2731 3092 2763 ι
3128 2711 3271 2766 Deus
3306 2719 3534 2764 mortem
3567 2726 3677 2763 non

2103 2806 2256 2868 fecit,
2287 2807 2383 2861 sed
2413 2805 2695 2859 hominem
2727 2805 2782 2858 in
2823 2805 3236 2872 incorruptione
3266 2802 3504 2857 creavit:
3534 2801 3678 2855 invi-

2104 2898 2191 2951 dia
2240 2904 2422 2950 autem
2477 2895 2676 2950 diaboli
2728 2910 2875 2949 mors
2926 2894 3153 2948 intravit
3182 2895 3237 2948 in
3272 2892 3537 2946 mundum
3578 2890 3619 2944 ⁸.
3652 2910 3671 2943 ι

2106 2987 2606 3043 Manifestissimum
2638 2996 2726 3042 est
2780 2987 2949 3055 igitur
2998 2984 3199 3039 malum
3237 2984 3385 3036 illum
3416 2996 3514 3051 per
3564 2994 3681 3033 ser-

2106 3091 2329 3151 pentem
2361 3081 2540 3150 ipsum
2580 3094 2702 3135 esse
2745 3081 2985 3134 locutum
3012 3095 3029 3131 ι
3055 3078 3159 3132 nisi
3216 3076 3363 3130 enim
3406 3075 3677 3159 itaesset,

2106 3173 2259 3228 illum
2318 3172 2586 3226 Dominus
2632 3170 2961 3226 homicidam
3023 3185 3137 3223 non
3201 3167 3552 3237 appellasset.
3614 3162 3681 3218 Et

429 3258 847 3328 μνημονεύουσα
892 3258 926 3327 ἡ
975 3257 1169 3329 Γραφὴ
1197 3257 1294 3311 τοῦ
1338 3256 1517 3325 ὄφεως
1556 3259 1719 3329 μόνου
1759 3261 1826 3314 τὰ
1858 3261 1996 3315 κατά

2103 3265 2552 3336 quandoquidem
2590 3264 2707 3318 haec
2765 3262 2839 3317 ita
2879 3277 2939 3316 se
2987 3262 3208 3323 habent,
3236 3275 3341 3328 qua
3397 3258 3466 3313 de
3515 3269 3679 3311 causa

421 3353 513 3405 τὸν
541 3351 787 3404 διάϐολον
815 3350 997 3403 τέλεον
1027 3348 1383 3420 ἀπεσιώπησε
1401 3349 1425 3403 ?
1446 3351 1548 3403 Διά
1583 3351 1684 3421 τὴν
1728 3350 1997 3407 Ἰουδαίων

420 3443 849 3512 εἰδωλομανίαν;
887 3441 1009 3511 Ἵνα
1052 3440 1161 3511 γὰρ
1214 3441 1288 3511 μὴ
1323 3441 1611 3510 μαθόντες,
1646 3440 1722 3504 ὥς
1770 3459 1940 3512 φησιν
1968 3445 1998 3496 ὀ

422 3535 691 3604 Συναῖτης
728 3533 868 3597 θεῖος
903 3531 1281 3597 Ἀναστάσιος,
1315 3532 1408 3586 καί
1440 3549 1597 3595 τινας
1628 3528 1769 3586 εἶναι
1803 3533 1998 3603 φύσεις

417 3626 646 3691 ἀΰ>.ους,
692 3625 988 3679 κάντεῦθεν
1016 3615 1222 3686 satira;
1268 3623 1686 3692 θεοποιήσωσιν,
1718 3624 1843 3677 οὔτε
1868 3625 1998 3694 περὶ

416 3716 718 3786 δαιμόνων,
748 3713 870 3768 οὔτε
922 3716 1052 3786 περὶ
1104 3714 1322 3784 φύσεως
1375 3715 1624 3783 ἀγγέλων
1653 3716 1688 3785 ἠ
1723 3716 1996 3785 Μωσαῖκὴ

420 3808 601 3878 βίϐλος
659 3806 958 3874 διείληφεν.
1012 3806 1076 3858 Et
1116 3805 1225 3876 γὰρ
1263 3807 1358 3860 καὶ
1402 3807 1543 3876 μετά
1590 3805 1833 3861 τοσαῦτα
1865 3806 1997 3861 θαύ-

421 3896 571 3968 paea.
602 3897 700 3965 τὴν
731 3895 916 3948 εἰκόνα
953 3896 1046 3947 τοῦ
1087 3894 1293 3964 μόσχου
1323 3894 1459 3948 Θεὸν
1503 3896 1906 3966 ἀνηγόρευσαν,
1940 3898 1996 3949 τί

422 3993 526 4044 οὐκ
557 3989 624 4044 ἂν
648 3988 882 4059 ἔδρασαν
919 3987 1033 4054 εἴτε
1062 3986 1174 4039 τῶν
1212 3985 1463 4055 ἀοράτων
1494 3986 1711 4052 φύσεων
1733 3986 1833 4055 τὴν
1855 3989 1998 4055 γνῶ-

425 4096 511 4136 σιν
540 4079 822 4145 ὲδέξαντο;
856 4078 977 4131 Ὀτι
1004 4075 1061 4130 δὲ
1085 4074 1253 4128 ταῦτα
1287 4073 1459 4139 οὕτως
1486 4073 1622 4146 ἔχει,
1652 4075 1812 4147 δῆλον
1839 4077 1897 4142 ἐξ
1920 4070 1995 4132 ὧν

427 4208 431 4213 ’
498 4218 517 4250 ⁸
546 4219 594 4274 ιι
624 4218 750 4285 Cor.
776 4216 860 4282 si,
896 4215 951 4272 5.
1035 4214 1056 4245 ²
1080 4211 1241 4270 Joan.‘
1271 4226 1388 4278 vnn,
1417 4213 1511 4268 44.
1598 4214 1620 4246 ³
1658 4213 1791 4284 Sap.
1816 4232 1880 4282 ιι,
1903 4217 1995 4274 24.

421 4358 640 4418 Γένεσις
670 4350 993 4405 inscribitur
1019 4343 1347 4401 sententiam
1388 4352 1628 4411 secutus,
1682 4362 1844 4415 quam
1908 4359 1994 4404 ta-

425 4442 551 4481 men
577 4422 825 4477 confutet
896 4419 1115 4487 Glycas
1159 4423 1347 4469 noster
1400 4427 1553 4487 parte
1601 4431 1618 4470 ι
1672 4419 1989 4483 Annalium,

424 4491 837 4564 Cbrysostomi__
878 4483 1208 4564 sententiam
1263 4486 1588 4564 .amplexus,
1647 4487 1738 4556 qui
1803 4499 1994 4564 censet

2102 3357 2391 3427 Scriptura
2423 3355 2594 3410 solius
2647 3352 2918 3423 serpentis
2970 3352 3301 3407 mentionem
3354 3346 3581 3413 faciens,
3616 3361 3680 3401 ea

2102 3464 2226 3519 quae
2258 3447 2534 3503 diabolum
2578 3447 2835 3511 attinent,
2859 3445 3087 3499 omnino
3135 3439 3404 3497 reticuit?
3443 3438 3707 3505 Propter-

2104 3539 2436 3608 inexpletam
2490 3535 2807 3591 Judaeorum
2853 3534 3179 3591 idololatriae
3227 3531 3556 3587 inhiantium
3593 3530 3680 3582 in-

2101 3630 2337 3686 saniam.
2402 3628 2620 3682 Etenim
2674 3643 2745 3682 ne
2801 3640 2925 3680 cum
2971 3625 3310 3690 didicissent,
3354 3632 3414 3678 ut
3462 3622 3682 3676 divinus

2066 3780 2075 3790 λ
2103 3719 2423 3772 Anastasius
2444 3716 2651 3772 Sinaita
2685 3716 2784 3781 ait,
2812 3730 2933 3770 esse
2986 3714 3250 3785 quasdam
3302 3723 3532 3768 naturas
3564 3712 3679 3782 (21o)

2102 3809 2332 3863 materia
2366 3807 2590 3861 minime
2623 3815 2958 3872 constantes,
3003 3808 3171 3860 hasce
3212 3804 3416 3861 exinde
3475 3803 3680 3858 divinis

2102 3898 2406 3952 honoribus
2478 3907 2972 3968 prosequerentur,
3004 3911 3184 3964 neque
3239 3895 3307 3950 de
3342 3894 3676 3956 drmonum,

2103 3984 2383 4056 neqne’de
2436 3987 2755 4059 angelorum
2806 3996 3003 4041 natura
3036 3985 3305 4041 Mosaicus
3338 3985 3473 4038 liber
3500 3983 3681 4037 disse-

2104 4080 2212 4135 ruit
2233 4078 2369 4151 (25).
2416 4079 2473 4134 Si
2500 4080 2646 4135 enim
2675 4088 2797 4151 post
2839 4088 2988 4135 tanta
3019 4078 3183 4135 etiam
3208 4076 3496 4143 miracula,
3527 4073 3680 4130 vituli

2100 4367 2259 4407 suum
2305 4353 2576 4423 Ὀφιονέα.
2619 4362 2930 4423 serpentem
2996 4352 3445 4423 mali.auctorem
3472 4389 3487 4413 ,
3523 4364 3683 4406 com-

2101 4433 2390 4486 memorat,
2425 4422 2518 4491 qui
2545 4422 2801 4477 adversas
2831 4424 2977 4477 acies
3033 4422 3086 4474 in
3120 4423 3260 4476 caelo
3296 4422 3676 4491 instruxerit,

2100 4496 2287 4545 eadem
2320 4487 2579 4546 exhibere
2608 4492 2844 4546 videtur.
2890 4492 3023 4546 Nam
3052 4493 3125 4543 ita
3181 4489 3365 4543 scribit
3409 4487 3682 4556 Origenes

423 4553 898 4633 serpentemolim
931 4553 1156 4609 orbibus
1185 4554 1512 4633 quibusdam
1550 4553 1989 4633 factaruminfeo
2026 4562 2070 4617 D
2092 4560 2197 4633 lib.
2225 4574 2277 4633 vi
2309 4571 2491 4633 contra
2523 4560 2732 4616 Celsum
2756 4578 2791 4633 :7
2813 4581 2831 4613 ι
2865 4561 3019 4625 Vide,
3055 4574 3121 4613 an
3156 4575 3261 4611 non
3284 4559 3413 4633 _iste,
3450 4553 3541 4625 qui
3579 4577 3691 4633 nu—

424 4628 538 4687 rius
572 4629 1020 4686 convolutionum
1050 4630 1293 4677 erectum
1325 4632 1554 4680 extenso
1586 4633 1810 4693 pectore
1847 4628 1997 4683 velut

422 4701 778 4765 inequitasse.

497 4761 609 4843 (2t)
651 4767 823 4823 Malus
852 4765 971 4821 κατ’
999 4761 1197 4843 ἐξοχὴν
1260 4777 1288 4814 a
1324 4763 1510 4843 multis
1565 4765 1871 4843 appellatus
1913 4777 2000 4843 est

424 4831 696 4910 diabolus,
730 4845 947 4910 et_sunt_.
968 4831 1062 4910 qui
1086 4840 1347 4910 censeant
1376 4839 1522 4910 hunc
1584 4833 1836 4896 indicari,
1902 4839 1994 4910 ubi

426 4913 482 4963 in
511 4900 771 4965 Oratione
798 4900 1081 4960 Dominica
1115 4900 1317 4954 dicitur
1350 4919 1364 4955 :
1402 4903 1589 4958 Libera
1643 4918 1738 4958 nos
1767 4923 1800 4959 a
1828 4907 1993 4961 malo.

424 4980 702 5041 Paulinus,
736 4989 913 5042 poem.
949 4990 1035 5028 xw
1054 4993 1068 5028 :

498 5049 623 5103 Non
647 5047 769 5099 tulit
796 5045 905 5098 Ιιωε
927 5042 981 5096 Μ
989 5044 1107 5100 alus
1136 5047 1227 5100 ille
1252 5046 1364 5105 diu.
1391 5045 1482 5098 sed
1507 5044 1767 5098 inhorruit
1789 5047 1924 5100 atris

498 5116 763 5176 Crinibus,
789 5125 838 5186 et
867 5115 1065 5169 rabidis
1099 5116 1309 5186 inﬂavit
1341 5114 1476 5168 cotla
1505 5115 1711 5167 venenis
1729 5155 1745 5180 ,
1776 5125 1885 5172 etc.

427 5189 616 5256 Itaque
634 5195 690 5256 et
725 5200 755 5239 a
787 5184 951 5254 Glyca
981 5184 1344 5256 l_laprt6vr,po:;
1372 5195 1741 5256 nuncupatur.

496 5253 609 5326 (Ξὲ)
645 5253 959 5326 Memoriam
993 5253 1155 5323 hujus
1175 5253 1448 5322 serpentis
1471 5253 1701 5326 _fraudis
1735 5266 1864 5310 sunt
1896 5257 1989 5326 qui

425 5322 599 5384 velint
619 5325 763 5396 apud
787 5323 1038 5378 ethnicos
1070 5322 1220 5392 ipsos
1240 5322 1598 5396 remansisse,
1617 5326 1899 5396 __adeoqne
1915 5322 1989 5381 'in

425 5390 671 5466 antiquis
688 5392 998 5450 Graecorum
1032 5390 1307 5463 mysteriis
1335 5390 1446 5445 Eua
1487 5391 1572 5446 vel
1599 5391 1768 5466 Εῃοαί
1811 5390 1990 5450 scola-

416 5461 654 5529 mutem,
691 5474 746 5518 et
778 5461 1416 5530 serpentem‘ostensum,
1445 5471 1504 5513 ut
1542 5462 1708 5515 tradit
1730 5461 1989 5523 Clemens

423 5535 827 5589 Alexandrinus
860 5533 913 5584 in
945 5531 1293 5598 Protreptico,
1330 5541 1404 5595 et
1462 5539 1677 5583 constat
1714 5535 1879 5587 etiam
1919 5551 1987 5592 ex

427 5605 716 5660 Plutarcho
744 5602 1144 5673 ilerimndr'O,
1185 5601 1551 5673 Demosthene
1577 5601 1712 5673 Περὶ
1731 5605 1983 5673 στεφάνη

428 5673 687 5743 Euripide
716 5676 768 5727 in
792 5670 1458 5743 Bacghantibus,_(;atu_llo,
1494 5667 1738 5738 Virgilio,
1763 5667 2001 5743 Nonne:

423 5739 721 5809 Chalcidio,
749 5751 854 5796 etc.
883 5739 1124 5795 Consule
1161 5740 1304 5796 Phil.
1359 5741 1709 5809 Bonarotium
1755 5739 1982 5799 Dissert.

425 5813 481 5865 in
510 5827 653 5865 nunt.
680 5808 826 5866 mox.
866 5812 1085 5875 moduli,
1141 5820 1198 5866 et
1254 5808 1629 5865 Dissertation.
1663 5823 1841 5865 meam
1908 5812 1983 5869 De

2109 4631 2193 4684 bis
2238 4631 2461 4700 impium
2485 4644 2732 4684 errorem
2782 4632 3029 4699 impingit
3070 4635 3149 4700 _n_t_
3192 4627 3479 4700 aenigmata
3532 4631 3691 4700 male

2107 4696 2564 4767 intelligenlibus,
2592 4700 2708 4768 ipse
2741 4696 3029 4754 manifeste
3064 4696 3437 4768 fallatur,’non
3468 4696 3674 4749 intelli-

2140 4784 2239 4823 ens
2270 4769 2414 4836 quod
2454 4766 2708 4823 Mosaicae
2740 4770 2958 4835 litterm,
2990 4766 3161 4836 multo
3196 4767 3531 4836 antiquiores
3590 4768 3676 4821 vel

2140 4784 2239 4823 ens
2270 4783 2414 4836 quod
2454 4783 2708 4823 Mosaicae
2741 4783 2958 4835 litterae,
2990 4783 3161 4820 multo
3196 4783 3531 4834 allthulores
3590 4783 3676 4821 vet

2103 4783 2513 4909 ﬁleraclito,_vel
2552 4839 2884 4909 _l‘herecyde,
2932 4837 3015 4909 vel
3048 4835 3283 4909 Homero
3328 4835 3514 4900 etiam,
3536 4851 3679 4909 nar-

2103 4917 2225 4961 rant
2266 4909 2333 4961 de
2367 4907 2505 4960 Malo
2529 4907 2621 4961 illo
2650 4910 2741 4977 qui
2763 4905 2851 4961 'de
2882 4908 3021 4961 caelo
3056 4905 3327 4977 expulsus
3374 4913 3478 4957 est.
3504 4975 3510 4977 Α
3536 4905 3687 4977 Nam.

2102 4991 2335 5047 serpens
2362 4976 2505 5030 illea
2543 4974 3027 5047 quo'Pberecydes
3076 4990 3235 5047 suum
3298 4974 3687 5047 denominavit

2092 5043 2426 5110 ‘Ophionem,
2456 5043 2686 5114 qui'fuit
2713 5046 2767 5099 in
2803 5043 2963 5101 causa
2992 5052 3052 5098 ut
3110 5044 3319 5113 primus
3374 5043 3542 5099 homo
3606 5061 3687 5101 ex
3741 5063 3749 5073 ‘

2100 5114 2196 5168 Dei
2226 5116 2477 5184 paradiso
2509 5116 2821 5184 ejiceretur,
2862 5134 2880 5167 ι
2909 5127 3015 5169 etc.

2171 5186 2285 5254 (25)
2316 5183 2447 5237 Vide
2478 5183 2731 5254 superius
2763 5186 2928 5254 epist.
2958 5184 3013 5239 2.

2170 5254 2282 5326 (‘24)
2314 5254 2449 5326 Vide
2469 5256 2722 5326 superius
2747 5256 2908 5323 epist.
2942 5255 3001 5318 2,
3039 5263 3156 5310 not.
3195 5254 3287 5310 59.

2168 5323 2283 5396 (‘25)
2304 5323 2569 5396 _Eamdem
2591 5326 2855 5379 rationem
2872 5327 3032 5380 alIert
3049 5326 3276 5383 Michael
3301 5336 3490 5383 noster
3515 5337 3675 5396 parte

2094 5409 2111 5448 l
2139 5392 2441 5465 Annalium.
2466 5394 2829 5465 'Suntautem
2863 5397 2957 5465 qui
2986 5404 3274 5451 autument
3304 5397 3429 5451 ideo
3480 5392 3675 5451 Mosen

2093 5463 2472 5535 productionis
2495 5464 2807 5534 angelorum
2856 5463 2964 5520 non
3029 5465 3367 5533 meminisse,
3427 5467 3571 5535 quod
3628 5466 3667 5519 ii

2091 5544 2217 5603 ante
2249 5534 2514 5587 mundum
2569 5535 2915 5589 tuateriatum
2964 5545 3021 5590 et
3057 5534 3453 5603 aspectabilein
3494 5538 3665 5588 creati

2091 5601 2359 5667 fuissent;
2390 5617 2523 5672 nam
2561 5605 2677 5657 lnec
2695 5606 2967 5660 sententia
2996 5601 3205 5658 arridet
3266 5603 3506 5672 Origeni,
3569 5605 3669 5657 Ito-

2090 5672 2207 5725 mil.
2234 5689 2248 5726 ι
2276 5671 2624 5738 ίιιϐεηεείιη,
2666 5684 2722 5728 et
2757 5677 2877 5728 X'in
2903 5673 3252 5735 Matthwum;
3308 5671 3507 5727 Basilio
3563 5674 3668 5731 ho-

2090 5743 2209 5795 mil.
2251 5743 2345 5796 tin
2381 5745 2787 5807 Hexaemeron;
2821 5744 3086 5812 Gregorio
3115 5739 3479 5812 N:i_ziattzetio,
3526 5742 3664 5798 Ora-

2090 5812 2229 5865 tione
2249 5814 2447 5865 xxxviii
2470 5826 2524 5865 et
2556 5829 2690 5878 xui;
2721 5810 3017 5866 Seteriaiio
3043 5810 3381 5873 Gabalitano,
3408 5820 3548 5866 orat.
3581 5831 3680 5878 tv,.

430 5882 568 5935 cistis
614 5882 861 5953 mysticis.
913 5879 1018 5936 Sed
1068 5892 1128 5939 et
1177 5879 1516 5952 Pherecydes
1573 5878 1783 5953 Syrius,
1849 5882 1978 5939 dum
2086 5880 2163 5936 De
2199 5882 2377 5936 mundi
2411 5882 2655 5952 api/icio;
2698 5881 2958 5949 Caesarie,
3012 5879 3210 5948 dialog.
3251 5896 3298 5950 ι,
3338 5881 3530 5939 interr.
3553 5884 3675 5939 Δ(ἢ.
