4048 6486
386 298 486 364 731

1656 286 2082 349 MICHAELIS
2119 286 2381 349 GLYCE

3551 277 3658 349 732

377 417 434 473 Si
464 415 612 470 enim
648 412 943 470 credimus.
971 411 1267 467 universos
1315 406 1571 462 homines
1611 402 1970 474 corruptione

2076 403 2121 455 oi
2152 403 2456 471 ἄνθρωποι,
2505 401 2558 458 τί
2594 401 2659 457 τὺ
2691 398 3117 470 καταναγκάζον
3150 390 3365 463 αὐτοὺς
3389 396 3658 469 αἰσθητῆς

375 506 694 577 superiores
718 520 841 562 esse
865 513 1303 564 resurrecturos,
1334 498 1605 568 responde
1631 497 1768 568 jam,
1807 495 1966 565 quid.

374 612 506 653 nam
545 596 788 652 futurum
824 600 920 660 sit,
956 594 1102 665 quod
1161 608 1258 648 eos
1322 590 1582 647 sensilem
1639 588 1823 643 cibum
1874 600 1969 641 su-

377 704 530 745 mere
581 688 872 759 compellat
927 685 1084 756 (37)?
1137 685 1196 741 Si
1255 699 1387 741 vero
1437 681 1742 738 secundum
1799 679 2007 734 etiam.

376 783 697 852 angelorum
730 781 1177 847 similitudinem,
1211 787 1273 833 ut
1302 777 1465 834 divus
1499 774 1799 844 Gregorius
1828 772 1968 844 Nys-

379 890 546 932 senus
601 875 718 941 ait,
762 874 910 929 vivet
964 873 1020 928 in
1082 872 1500 928 resurrectione
1552 868 1718 922 homo
1767 864 1972 935 (inquit

378 968 555 1022 enim:
596 967 662 1022 Et
716 974 882 1021 erunt
916 980 1111 1020 omnes
1154 972 1216 1018 ut
1251 961 1429 1033 angeli
1485 957 1633 1025 Dei),
1694 957 1969 1027 quomodo

380 1059 558 1128 ipsum
614 1058 725 1114 cibi
786 1065 845 1114 et
896 1056 1139 1127 potionis
1204 1055 1541 1126 indigentem
1587 1047 1970 1106 aﬂirmamus?

379 1149 721 1220 impossibile
752 1148 856 1204 hoc
900 1148 1151 1212 omnino,
1178 1146 1542 1217 impossibile.
1582 1144 1637 1198 Si
1677 1143 1823 1198 cnim
1873 1141 1972 1195 ali-

380 1242 582 1297 mentis
625 1244 838 1296 utimur
878 1241 933 1295 iu
981 1240 1427 1311 praesentiarum,
1469 1253 1536 1292 ex
1577 1252 1643 1292 eo
1689 1245 1777 1290 est
1822 1233 1969 1304 quod

381 1344 634 1389 naturam
679 1334 855 1403 ipsam
909 1331 1180 1387 habemus
1210 1347 1332 1401 qua:
1357 1345 1458 1384 nos
1487 1327 1802 1397 compellit;
1849 1325 1968 1390 sed,

382 1425 840 1495 quemadmodum
868 1423 1147 1495 Nyssenus
1178 1423 1378 1492 inquit,
1423 1422 1530 1475 hoc
1564 1429 1677 1474 tum
1714 1419 1970 1473 ministe-

382 1516 468 1570 rio
496 1516 833 1571 liberabitur
863 1516 1050 1582 homo,
1073 1525 1127 1570 et
1150 1529 1306 1589 aeque
1333 1528 1395 1568 ac
1420 1512 1598 1582 angeli
1627 1526 1689 1565 se
1719 1510 1966 1574 habebit,

384 1608 530 1663 sicut
589 1608 643 1662 in
696 1595 996 1676 Evangelia
1048 1607 1313 1660 Dominus
1357 1604 1511 1658 dicit.
1568 1602 1676 1658 Sed
1727 1601 1970 1657 Joannes

386 1715 607 1769 quoque
652 1700 1021 1754 Damascenus
1075 1699 1129 1753 in
1181 1713 1282 1752 suo
1316 1697 1497 1764 capite
1534 1696 1840 1751 centesimo
1892 1694 1970 1748 De

385 1791 764 1846 resurrectione
819 1790 892 1844 ita
939 1790 1076 1845 dicit
1122 1788 1191 1842 ad
1240 1788 1468 1841 verbum
1523 1799 1539 1839 :

384 1897 585 1951 corpus
638 1882 908 1948 animale,
961 1896 1214 1935 crassum
1276 1878 1531 1934 videlicet
1589 1886 1643 1933 et
1696 1877 1974 1933 mortale:

383 1974 622 2044 resurgit
655 1988 859 2043 corpus
888 1972 1160 2043 spiritale,
1191 1971 1353 2041 quale
1390 1970 1494 2024 fuit
1534 1968 1751 2026 Domini
1778 1985 1979 2040 corpus

383 2075 508 2134 p051
561 2063 1063 2129 resurrectionem,
1128 2063 1346 2117 clausas
1384 2062 1582 2131 januas
1633 2062 1977 2131 pervadens,

385 2156 818 2229 indefatigabile,
870 2156 1216 2220 uutrimenti,
1254 2154 1434 2210 somni
1466 2163 1522 2209 et
1552 2155 1792 2224 potionis
1831 2152 1978 2210 haud

383 2249 650 2322 indigum.
684 2246 866 2302 Vitam
909 2246 1057 2303 enim
1092 2246 1359 2317 aequalem
1398 2245 1609 2317 angelis
1640 2245 1693 2299 in
1720 2245 1980 2300 omnibus

386 2340 554 2395 homo
594 2348 728 2394 tunc
774 2339 943 2403 vivet,
1001 2338 1159 2409 juxta
1213 2352 1342 2392 eum
1391 2335 1483 2407 qui
1513 2336 1684 2391 dicit:
1720 2336 1787 2390 Et
1814 2344 1981 2391 erunt

383 2447 582 2488 omnes
612 2440 673 2486 ut
704 2431 886 2502 angeli
920 2430 1013 2485 Dei
1049 2430 1185 2501 (58).
1217 2449 1236 2482 ι

460 2522 569 2578 Sed
620 2523 753 2593 quid
804 2522 997 2577 multis
1031 2537 1170 2592 opus
1204 2532 1289 2577 est
1324 2521 1541 2599 verbis?
1589 2520 1646 2577 Si
1696 2517 1976 2579 Christum

385 2617 562 2688 ipsum
604 2631 717 2687 pra:
744 2617 961 2671 cunctis
995 2614 1203 2670 habere
1249 2615 1537 2682 debemus,
1577 2617 1671 2686 qui
1708 2616 1850 2671 bona
1874 2602 1977 2670 illa

385 2709 665 2778 accepturi
703 2717 854 2776 sunt,
906 2724 1028 2779 quae
1073 2709 1270 2764 oculus
1303 2725 1412 2765 non
1462 2711 1624 2775 vidit,
1676 2725 1781 2766 nec
1826 2710 1978 2765 auris

385 2802 617 2868 audivit,
650 2818 754 2858 nec
806 2803 863 2858 in
919 2817 1014 2857 cor
1060 2800 1303 2857 hominis
1362 2804 1755 2867 ascenderunt,
1812 2804 1975 2859 aliam

384 2890 608 2945 vivendi
636 2892 929 2955 rationem,
960 2899 1019 2946 ut
1040 2891 1303 2958 arbitror,
1332 2893 1663 2962 participare
1689 2909 1974 2963 nunquam

385 2983 807 3052 compellentur.
846 2982 1171 3039 Beatitatem
1204 3000 1337 3039 vero
1378 2984 1549 3051 illam,
1587 3000 1696 3040 non
1741 2987 1976 3045 sensiles

385 3074 575 3170 epulas
606 3074 733 3170 (59)Δ
757 3074 1029 3170 esse,-sed
1075 3074 1477 3170 intelligibilem
1519 3076 1703 3145 potius
1753 3092 1817 3170 ex
1856 3078 1973 3147 ipsa
2002 3110 2047 3170 ο

386 3166 601 3219 visione
632 3165 873 3219 laetitiam
915 3165 971 3219 in
1007 3166 1214 3220 sanctis
1256 3166 1577 3234 excitatam,
1621 3168 1739 3239 ipse
1785 3166 1972 3223 Domi-

389 3272 495 3312 nus
519 3257 920 3312 demonstravit
954 3272 1079 3312 cum
1130 3258 1207 3313 ita
1238 3258 1411 3314 dixit:
1451 3278 1470 3311 ι
1497 3257 1681 3325 Pater,
1711 3276 1849 3331 quos
1878 3261 1976 3315 de-

388 3349 519 3404 disti
571 3347 725 3415 mihi,
770 3348 893 3403 volo
928 3357 992 3403 ut
1045 3349 1135 3404 ubi
1185 3364 1286 3422 ego
1327 3365 1475 3414 sum,
1513 3352 1680 3405 etiam
1743 3350 1818 3405 illi
1864 3352 1976 3408 sint

386 3457 627 3505 mecum,
660 3450 723 3496 ut
752 3456 928 3497 meam
960 3442 1190 3513 gloriam
1231 3444 1690 3513 contemplemur.
1720 3464 1739 3497 ι
1776 3446 1977 3501 Atten-

386 3536 455 3591 de
493 3536 699 3605 igitur:
731 3549 845 3590 non
891 3536 1049 3601 dixit,
1103 3555 1124 3589 ι
1151 3545 1210 3591 ιιι
1234 3538 1590 3607 participem,
1621 3555 1642 3589 ι
1697 3538 1814 3601 sed,
1863 3557 1882 3591 ι
1915 3546 1975 3593 ιιι

386 3625 835 3697 contemplemur
863 3626 1093 3698 gloriam
1127 3642 1331 3684 meam.
1355 3647 1375 3682 ι
1412 3628 1540 3684 Inde
1561 3629 1727 3700 igitur
1746 3630 1976 3686 demon-

385 3719 602 3783 stravit,
635 3727 694 3774 ut
739 3734 904 3774 aurea
952 3721 1119 3776 verba
1161 3720 1400 3775 fundens
1446 3718 1690 3777 Joannes
1739 3722 1816 3777 ait
1866 3723 1974 3780 tale

384 3809 632 3864 divinum
666 3810 873 3865 dictum
933 3826 1225 3879 enarrans,
1259 3826 1481 3895 omnem
1531 3812 1672 3869 hanc
1725 3816 1973 3885 requiem

2075 497 2348 551 ἅπτεσθαι
2383 496 2684 567 βρώσεως;
2725 495 2826 560 Δδς
2874 493 2969 548 ἐπὶ
2997 491 3212 556 τούτοις
3246 491 3561 562 ἀπόκρισιν.
3592 491 3658 546 Ei

2072 588 2131 642 δὲ
2156 589 2252 644 καὶ
2298 588 2422 645 καθ’
2463 589 2764 660 ὁμοιότητα
2808 587 2919 665 τῶν
2958 586 3233 657 ἀγγέλων,
3265 586 3344 648 ὡς
3380 587 3409 638 6
3435 585 3660 654 Νύσσης

2077 679 2221 741 θεῖος
2259 681 2589 752 Γρηγόριος,
2641 684 2700 737 έν
2732 683 2800 753 τῇ
2847 680 3147 736 ἀναστάσει
3186 677 3414 747 ζήσεται
3448 676 3660 748 ἄνθρω-

2076 790 2181 838 πος
2214 773 2351 841 (Καὶ
2400 774 2618 828 ἔσονται
2663 772 2795 844 γὰρ,
2852 772 3013 843 φησὶ,
3062 770 3262 835 πάντες
3313 770 3388 834 ὡς
3434 770 3658 839 ἄγγελοι

2077 866 2264 938 Θεοῦ),
2297 867 2416 931 πῶς
2460 867 2626 921 αὑτὸν
2655 867 2812 920 ένδεᾶ
2838 865 3094 937 βρώσεως
3120 865 3213 919 καὶ
3250 865 3462 927 πόσεως
3491 864 3657 917 εῐπω-

2081 975 2220 1029 μεν;
2267 959 2579 1029 Ἀμήχανον
2618 959 2781 1012 τοῦτο
2822 956 3064 1024 πάντως,
3110 957 3419 1026 ἀμήχανον.
3450 956 3516 1010 Εί
3547 954 3659 1023 γὰρ

2078 1050 2173 1104 καὶ
2204 1050 2446 1121 βρώσεσι
2480 1048 2750 1122 χρώμεθα
2783 1050 3049 1122 σήμερον,
3080 1050 3177 1103 an
3218 1050 3320 1117 τὴν
3365 1047 3528 1117 φύσιν
3557 1048 3660 1100 αὺ-

2079 1141 2177 1210 τὴν
2203 1141 2419 1211 ἔχοντες
2441 1141 2887 1209 ἁναγκὰζουσαν,
2913 1141 3073 1205 ἀλλὰ,
3102 1139 3359 1207 καθάπερ
3383 1141 3412 1190 6
3437 1138 3661 1209 Νύσσης

2079 1233 2237 1301 φησὶ,
2268 1233 2369 1303 τῆς
2413 1232 2759 1305 λειτουργίας
2802 1232 3011 1298 ταύτης
3040 1231 3490 1303 ἀπαλλαγήσεται
3533 1229 3661 1284 τότε

2078 1327 2106 1379 ὁ
2133 1326 2423 1397 ἄνθρωπος
2457 1326 2553 1381 καὶ
2584 1329 2699 1390 τοῖς
2731 1325 2989 1395 ἀγγέλοις
3018 1324 3079 1390 ἐξ
3111 1325 3229 1378 ίσου
3257 1324 3661 1395 διατεθήσεται,

2080 1417 2263 1482 καθὼς
2310 1421 2367 1471 έν
2416 1419 2778 1487 Εὐαγγελίοις
2822 1418 2927 1489 ἔφη
2976 1419 3006 1472 6
3060 1419 3284 1486 Κύριος.
3327 1415 3485 1469 Ἀλλὰ
3517 1416 3663 1469 καὶὸ

2079 1509 2448 1580 Δαμασκηνὸς
2512 1511 2773 1581 Ἰωάννης
2831 1512 2892 1563 έν
2942 1508 3020 1579 τῷ
3072 1509 3214 1578 Περὶ
3265 1507 3658 1573 ἀναστάσεως

2081 1599 2364 1669 ἑκατοστῷ
2398 1601 2687 1671 κεφαλαίῳ
2725 1599 2893 1654 αὑτοῦ
2922 1601 3064 1654 κατὰ
3092 1598 3239 1664 λέξιν
3282 1598 3429 1651 οὕτω
3453 1598 3621 1668 φησίν
3644 1611 3664 1633 ο
3705 1647 3727 1668 ρ

2088 1711 2106 1744 ι
2144 1693 2436 1764 Σπείρεται
2469 1694 2633 1761 σῶμα
2664 1692 2921 1765 ψυχικὸν,
2950 1693 3120 1763 ήγουν
3148 1691 3296 1761 παχύ
3324 1708 3384 1746 τι
3413 1693 3507 1744 καὶ
3537 1691 3667 1760 Θνη-
3716 1674 3731 1686 ⁸

1598 1804 1618 1839 ι
1654 1786 1973 1841 Seminatur
2006 1758 2050 1820 θ
2080 1789 2193 1851 τὸν,
2219 1758 2500 1858 ἐγείρεται
2543 1758 2707 1857 σῶμα
2735 1758 3139 1857 πνευματικὸν,
3179 1758 3293 1840 οἷον
3324 1787 3387 1838 τὸ
3425 1784 3520 1839 τοῦ
3549 1758 3666 1839 Ke-

2084 1877 2202 1947 ρίου
2232 1877 2394 1946 σῶμα
2418 1877 2559 1946 μετὰ
2580 1878 2680 1949 τὴν
2710 1878 3039 1940 ἀνάστασιν,
3064 1876 3470 1946 κεκλεισμένων
3487 1868 3664 1931 οντων

2080 1960 2263 2039 συρῶν
2311 1970 2689 2040 διερχόμενον,
2745 1970 3122 2037 ἀκοπίαστον,
3180 1972 3429 2040 τροφῆς,
3488 1967 3665 2021 ὕπνου

2081 2058 2179 2111 καὶ
2206 2058 2419 2122 πόσεως
2453 2060 2727 2123 ἁνενδεές.
2769 2061 2895 2114 Βίον
2927 2061 3040 2130 γὰρ
3075 2061 3367 2129 ίσάγγελον
3393 2060 3486 2113 ἀπὶ
3523 2062 3667 2113 πᾶσι

2079 2151 2203 2204 τότε
2230 2151 2459 2220 ζήσεται
2487 2152 2777 2223 ἄνθρωπος
2809 2153 2956 2206 κατὰ
2981 2152 3074 2206 τὸν
3105 2152 3354 2220 είπόντα,
3379 2151 3491 2207 Καὶ
3514 2149 3670 2206 ἰσον-

2079 2262 2175 2299 ται
2205 2244 2409 2309 πάντες
2436 2246 2513 2310 ὡς
2541 2246 2769 2315 ἄγγελοι
2796 2244 2956 2301 Θεοῦ.
2997 2263 3018 2298 ι

2152 2515 2265 2571 Kal.
2289 2515 2345 2569 τί
2375 2514 2483 2587 χρὴ
2513 2515 2688 2570 πολλὰ
2725 2514 2948 2584 λέγειν;
2994 2515 3062 2569 Ei
3103 2514 3194 2567 τὸν
3225 2516 3461 2586 Χριστδν
3494 2512 3664 2568 αὐτὸν

2079 2611 2203 2665 ἀντὶ
2241 2610 2461 2663 πάντων
2496 2608 2646 2679 ἔχειν
2678 2606 2991 2676 ὀφείλοντες
3020 2607 3070 2659 οἱ
3109 2606 3219 2661 τῶν
3261 2605 3483 2675 ἀγαθῶν
3518 2606 3665 2658 ἐκεί-

2080 2720 2188 2756 νων
2220 2701 2522 2755 ἁπολασείν
2564 2700 2856 2771 μέλλοντες
2884 2700 2920 2755 ἃ
2950 2698 3231 2769 ὀφθαλμὸς
3262 2700 3363 2753 οὐκ
3400 2694 3529 2763 εἶδε,
3563 2699 3687 2751 καὶς

2079 2796 2172 2860 οὓς
2216 2797 2319 2850 οὐκ
2367 2796 2594 2868 ἤκουσε,
2650 2797 2745 2849 καὶ
2779 2796 2869 2849 ἐπὶ
2927 2794 3161 2863 καρδίαν
3217 2794 3510 2862 ἀνθρώπου
3563 2795 3665 2848 οὒκ

2078 2890 2274 2961 ἁνέὸη,
2309 2890 2523 2959 διαίτης
2568 2890 2791 2959 ἑτέρας,
2823 2889 2899 2953 ὡς
2924 2883 3107 2959 οἶμαι,
3141 2890 3437 2961 μετασχεῖν
3465 2889 3566 2941 οὐκ
3595 2888 3665 2943 ἄν

2078 2990 2211 3036 ποτε
2238 2984 2709 3055 προαχθήσονται.
2744 2984 2871 3037 Ὀτι
2912 2983 2970 3036 δὲ
3011 2985 3044 3053 ἡ
3100 2984 3442 3055 μακαριότης
3477 2984 3663 3053 εκείνη

2079 3080 2140 3131 οὐ
2201 3077 2407 3149 βρῶσις
2464 3076 2700 3148 αἰσθητή
2761 3078 2965 3157 έστινη
2996 3076 3112 3130 ἀλλ’
3163 3077 3197 3148 ἠ
3252 3075 3419 3146 νοητὴ
3461 3076 3664 3146 μᾶλλον

2080 3170 2389 3241 εὐφροσύνη
2421 3170 2511 3224 διὰ
2560 3171 2691 3234 Θέας
2725 3170 3055 3239 ἐγγινομένη
3106 3170 3222 3233 τοῖς
3259 3169 3461 3237 ἁγίοις,
3500 3168 3665 3234 αὐτὸς

2076 3266 2105 3318 6
2135 3264 2342 3334 Κύριος
2384 3264 2591 3339 ἔδειξεν
2620 3266 2679 3316 ὲν
2708 3256 2789 3327 οἶς
2819 3262 2995 3326 οὕτως
3036 3263 3191 3330 έλεγε
3223 3276 3238 3293 ο
3276 3281 3295 3315 ‹
3333 3264 3534 3332 Πάτερ,
3567 3261 3665 3323 οὓς

2077 3351 2319 3415 δέδωκάς
2356 3370 2449 3423 μοι
2479 3351 2622 3405 θέλω
2657 3352 2746 3404 ἵνα
2794 3352 2933 3406 ὅπου
2966 3351 3087 3422 εἰμὶ
3126 3351 3261 3419 ἐγὼ,
3290 3354 3530 3406 κάκεῖνοι
3557 3344 3661 3406 ὦσι

2080 3445 2202 3515 μετ’
2235 3445 2395 3514 ἐμοῦ,
2421 3444 2509 3497 ἵνα
2545 3443 2795 3514 θεωρῶσι
2825 3443 2926 3516 τὴν
2959 3444 3119 3509 δόξαν
3148 3443 3248 3516 τὴν
3275 3445 3439 3515 ἐμήν.
3468 3464 3487 3497 ι
3522 3446 3663 3515 Πρό-

2080 3549 2208 3602 σεχε
2258 3530 2354 3585 οὖν
2377 3548 2391 3564 ο
2426 3532 2526 3586 οὐκ
2559 3526 2744 3600 εἷπεν,
2778 3550 2798 3585 ι
2836 3532 2926 3585 ἵνα
2959 3532 3287 3603 μετέχωσιν,
3325 3551 3344 3585 ι
3372 3533 3488 3587 ἀλλ’
3523 3551 3542 3585 ι
3571 3534 3661 3587 ἵνα

2078 3623 2331 3694 θεωρῶσι
2360 3625 2461 3694 τῆν
2486 3623 2649 3689 δόξαν
2677 3624 2777 3693 τὴν
2809 3624 2972 3693 ἐμήν.
3005 3641 3025 3675 ι
3067 3622 3313 3688 Ἔδειξεν
3346 3619 3659 3693 οὗνέντεῦ-

2076 3715 2190 3779 θεν,
2218 3716 2295 3781 ὡς
2320 3719 2348 3770 6
2383 3717 2794 3789 χρυσορῤήμων
2832 3715 3093 3786 Ἰωάννης
3135 3718 3269 3785 φησι
3317 3717 3378 3770 τὸ
3419 3717 3660 3772 τοιοῦτον

2076 3810 2517 3881 έπεξηγούμενος
2569 3810 2713 3863 θεῖον
2765 3809 2956 3879 ῥητὸν,
3008 3811 3094 3864 ὅτι
3147 3810 3301 3864 πᾶσα
3354 3811 3660 3875 ἀνάπαυσις

387 3900 439 3954 iu
486 3902 577 3956 Dei
640 3900 769 3957 Filii
820 3906 1285 3974 contemplatione
1333 3908 1643 3962 consistere
1697 3909 1831 3979 (40).
1884 3907 1972 3964 Uti

385 3997 535 4051 enim
572 3996 606 4050 ii
634 3997 726 4067 qui
752 3998 886 4053 solis
911 3997 1099 4054 radios
1119 3996 1496 4068 speculantur,
1518 4014 1748 4070 aereque
1780 4000 1973 4057 fruun-

2076 3993 2264 4065 ὥσπερ
2291 3999 2400 4064 γὰρ
2430 3994 2480 4047 οἱ
2515 3993 2655 4066 πρὸς
2684 3993 2783 4056 τὰς
2812 3993 3042 4056 ἀκτῖνας
3072 3992 3173 4047 τοῦ
3205 3993 3360 4064 ἡλίου
3391 3994 3661 4066 θεωροῦν-

386 4098 513 4153 tur,
575 4088 953 4143 tenuissimam
996 4104 1064 4144 ex
1120 4098 1345 4159 aspectu
1395 4088 1599 4147 habent
1647 4092 1972 4149 delectatio-

2076 4105 2165 4152 τες
2222 4091 2319 4143 καὶ
2374 4089 2535 4160 ἀέρος
2581 4086 2954 4151 ἀπολαύοντες
3009 4086 3352 4162 λεπτοτάτην
3409 4088 3515 4141 ἀπὸ
3561 4088 3659 4157 τῆς

385 4191 539 4238 nem,
598 4177 670 4231 ita
720 4193 943 4249 quoque
998 4188 1130 4233 tunc
1174 4177 1300 4232 erit.
1354 4177 1567 4235 Etenim
1619 4181 1973 4253 intelligibiiis

2076 4178 2253 4250 ὅψεως
2282 4180 2469 4250 ἔχουσι
2498 4172 2597 4249 τὴν
2624 4180 2953 4249 ἀπόλαυσιν,
3000 4181 3177 4249 οὕτως
3206 4184 3364 4239 ἔσται
3400 4186 3494 4239 καὶ
3516 4185 3658 4239 τότε.

387 4269 464 4323 ibi
493 4284 559 4324 cx
597 4270 1065 4343 contemplatione
1111 4270 1299 4326 laetitia
1332 4272 1389 4326 in
1419 4276 1647 4339 sanctis,
1681 4283 1739 4328 ut
1764 4276 1972 4329 dictum

2076 4275 2266 4345 Νοητὴ
2299 4273 2397 4326 καὶ
2423 4273 2531 4343 γὰρ
2581 4274 2899 4346 εὐφροσύνη
2941 4277 3122 4331 ἐκεῖσε
3166 4277 3257 4331 διὰ
3299 4278 3427 4342 θέας
3454 4282 3661 4346 ἐγγινο-

381 4354 496 4425 est,
519 4362 871 4419 excitabitur.
907 4363 1021 4419 Hoc
1068 4365 1247 4434 ipsum
1283 4366 1474 4436 utique
1502 4366 1815 4422 consultum
1861 4378 1973 4423 sta-

2078 4368 2218 4438 μένη
2247 4368 2360 4429 τοῖς
2386 4366 2584 4433 ἁγίοις,
2607 4367 2684 4431 ὡς
2714 4370 2957 4439 εἴρηται.
2976 4370 3148 4423 Τοῦτο
3178 4370 3364 4442 μέντοι
3394 4371 3453 4423 τὸ
3482 4371 3656 4440 δόγμα
3725 4435 3737 4446 ρ

374 4454 507 4507 iniit
566 4455 732 4510 etiam
782 4454 1159 4533 divinissimus
1200 4455 1442 4513 Joannes
1489 4457 1864 4514 Damascenus
1908 4460 1973 4516 de

2084 4462 2374 4529 συνίστησι
2403 4458 2499 4512 καὶ
2544 4462 2574 4514 6
2622 4459 2905 4524 θειότατος
2954 4461 3209 4533 Ἰωάννης
3238 4464 3267 4516 6
3301 4463 3652 4533 Δαμασκηνὸς
3720 4467 3728 4475 ’

374 4545 730 4602 intemeratis
775 4528 978 4602 Chrigti
1009 4534 1286 4619 mysteriis
1333 4549 1497 4604 verba
1538 4547 1773 4613 faciens,
1811 4559 1868 4605 et
1913 4565 1973 4606 ca

2077 4553 2211 4624 περὶ
2239 4528 2350 4605 τῶν
2401 4552 2693 4622 ἁχράντων
2746 4553 2843 4606 τοῦ
2891 4553 3136 4625 Χριστοῦ
3164 4528 3175 4533 '
3204 4528 3519 4626 μῦστηρίων
3554 4528 3647 4607 τοι

367 4652 505 4705 ειμιιο
536 4649 845 4708 sequuntur
888 4639 1021 4694 dicit
1051 4657 1067 4692 :
1095 4658 1114 4692 ι
1144 4639 1343 4695 Sancta
1381 4641 1497 4695 haec
1528 4650 1873 4696 sacramenta
1906 4642 1973 4698 si-

2076 4646 2238 4708 λόγον
2271 4645 2618 4714 ποιούμενος,
2653 4646 2749 4698 καὶ
2783 4645 2911 4700 τάδε
2943 4647 3121 4717 φησί’
3166 4664 3186 4699 ι
3208 4648 3288 4701 Τὰ
3325 4649 3460 4716 ᾶγια
3486 4647 3654 4699 ταῦτα

370 4733 630 4787 'mulacra
661 4730 977 4788 futurorum
1029 4731 1310 4800 dicuntur,
1360 4745 1474 4787 non
1516 4731 1644 4802 quia
1683 4748 1811 4788 vere
1866 4751 1973 4791 non

2080 4738 2364 4813 μυστήρια
2406 4737 2519 4792 τῶν
2549 4736 2858 4807 μελλόντων
2891 4738 3164 4793 ἀντίτυπα
3200 4740 3417 4809 λέγεται
3447 4740 3546 4810 οὐχ
3576 4740 3656 4792 ὅτι
3682 4810 3687 4817 _

2077 3901 2223 3971 αὕτη
2256 3902 2409 3955 ἐστὶν
2440 3903 2520 3965 είς
2548 3901 2611 3954 τὸ
2640 3900 2869 3971 Θεωρεῖν
2919 3902 3001 3964 είς
3042 3900 3138 3954 τὸν
3172 3901 3302 3955 Υίδν
3346 3901 3449 3973 τοῦ
3479 3901 3613 3955 Θεοῦ
3639 3918 3656 3934 ο

453 4895 568 4966 (5‘7)
603 4895 871 4966 Superius
910 4899 1015 4952 col.
1048 4894 1176 4950 702.

455 4961 569 5035 (58)
602 4961 994 5025 Tertullianus.
1021 4966 1096 5019 De
1127 4981 1298 5019 retur.
1322 4979 1475 5017 σαι-η.
1516 4980 1535 5013 ι
1558 4961 1889 5035 γΤτίοηείιιιτί
1916 4967 1971 5024 in

378 5048 585 5092 statum
614 5038 920 5107 angelicum
954 5052 1050 5106 per
1100 5036 1481 5107 indumentum
1534 5034 1664 5088 illud
1718 5036 1970 5093 incorru—

386 5103 718 5177 ptibilitatis',
753 5122 851 5175 per
879 5103 1203 5177 substantia}
1256 5103 1627 5177 resuscitatze
1659 5115 1838 5177 tamen
1872 5111 1970 5164 de-

382 5173 769 5232 inutatioucm.
802 5195 820 5227 ι
885 5176 1114 5230 liuliuus
1146 5174 1343 5243 Expos.
1382 5176 1437 5225 in
1480 5173 1713 5243 Symbol.
1740 5194 1760 5231 :
1796 5197 1814 5228 ι
1855 5179 1958 5234 Rc-

384 5247 744 5304 Surrcctiouis
777 5261 905 5315 ergo
930 5247 1105 5298 virtus
1133 5246 1440 5314 angelicum
1478 5245 1794 5303 Ιιοιιιὶηιὺιιε
1825 5265 1957 5304 cun-

382 5319 491 5372 ferl
522 5328 751 5379 summ,
796 5317 970 5382 utqui
1012 5315 1082 5368 de
1148 5325 1290 5385 terra
1350 5328 1790 5385 resurrexcrunt,
1844 5338 1955 5375 non

380 5385 582 5441 iterum
623 5389 675 5440 in
714 5396 857 5455 terra
889 5399 1012 5438 eum
1040 5383 1505 5455 quadrupedibus,
1565 5389 1663 5441 sed
1715 5383 1783 5442 tu
1818 5392 1959 5446 caelo

383 5473 507 5510 cum
543 5455 773 5526 angelis.
802 5454 1013 5509 vivant.
1056 5474 1074 5505 ι

453 5529 564 5597 (59)
598 5524 888 5593 ιῖειπρεηιιη
928 5528 1094 5596 igitur
1127 5525 1361 5598 theologi
1383 5525 1600 5596 quidam
1623 5524 1961 5595 pertendunt

381 5596 573 5665 gustus
604 5606 890 5666 laetusque
921 5596 1295 5663 voluptatibus
1323 5596 1401 5652 iet
1425 5599 1693 5666 ejusmodi
1745 5602 1960 5655 deliciis

382 5662 571 5722 beatos
600 5667 650 5718 iu
681 5662 821 5717 cualo
842 5666 1006 5721 etiam
1035 5662 1302 5723 fruiturus
1328 5687 1341 5722 ;
1368 5676 1422 5722 et
1454 5662 1605 5721 'binc
1639 5669 1958 5725 exculcat".-

378 5736 631 5792 Cerintlti
700 5734 948 5807 haeresis,
1009 5748 1065 5794 ct
1122 5752 1309 5794 corum
1374 5738 1795 5806 Cbiliasmrum,
1868 5742 1959 5810 qui

2072 4900 2327 4957 homines
2361 4907 2653 4969 postquam
2707 4898 3112 4953 resurrexerint
3181 4914 3304 4954 cum
3340 4898 3559 4954 Christo
3600 4898 3654 4952 in

2073 4973 2179 5026 hoc
2213 4971 2421 5037 mundo
2452 4978 2799 5037 regnaturos,
2828 4969 3040 5025 deliciis
3058 4970 3317 5023 omnibus
3336 4978 3390 5023 et
3414 4971 3657 5037 volupta-

2071 5044 2220 5097 tibus
2243 5040 2549 5098 alIluentes,
2581 5037 2878 5104 aﬂirmant,
2907 5041 2973 5094 de
2998 5041 3199 5106 quibus
3216 5041 3335 5093 vidc
3369 5039 3652 5092 Eusebium

2069 5113 2463 5167 Caesariensem
2491 5107 2584 5161 lib.
2620 5123 2677 5162 ιιι
2709 5108 2913 5165 Hister.
2940 5110 3103 5163 eccles
3133 5149 3150 5174 ,
3181 5124 3302 5177 cap.
3337 5109 3464 5162 2m
3488 5110 3576 5166 30.
3599 5118 3656 5162 rt

2071 5184 2167 5236 lib.
2208 5196 2303 5245 vn,
2336 5195 2459 5247 cap.
2491 5178 2581 5242 2|,
2628 5188 2683 5250 et
2728 5180 3095 5250 Augustinum
3141 5181 3253 5249 lib~
3274 5196 3363 5233 χιι
3414 5179 3486 5230 De
3512 5179 3649 5232 civit.

2071 5254 2192 5319 Dei,
2222 5267 2343 5320 cap.
2382 5251 2438 5312 7,
2471 5259 2531 5301 ut
2566 5247 3124 5317 reliquos'omittam.

2083 5363 2093 5372 .
2141 5325 2258 5393 μυ)
2292 5321 2605 5393 llinerecte
2654 5323 2753 5393 vir_
2792 5320 2991 5393 doctus
3043 5321 3319 5393 Avicenna
3350 5392 3357 5393 ί
3385 5322 3651 5393 iustorum

2067 5389 2372 5449 secundum
2401 5389 2611 5447 obitum
2663 5389 2983 5444 felicitate-tn
3038 5392 3195 5459 juxta
3255 5389 3651 5445 Mnbammedis

2067 5466 2260 5533 placita
2299 5461 2696 5533 cxponen_s_,giu
2751 5476 2857 5514 una
2889 5459 2979 5514 Dei
3014 5463 3496 5533 contemplatione
3533 5471 3651 5510 eam

2066 5528 2321 5593 collocat.
2372 5528 2457 5586 ὀι
2539 5528 2927 5600 ἀλληγορικώς
3009 5532 3428 5599 interpretatur,
3532 5543 3651 5598 qua:

2064 5604 2530 5674 ψευδοπροφήτης
2597 5602 2689 5674 ille
2741 5605 2809 5655 de
2840 5602 3253 5674 rscnsibilihus
3279 5600 3650 5674 voluptatibus

2067 5671 2286 5731 videtur
2319 5671 2597 5745 ingerere.
2637 5672 2768 5729 Vide
2802 5673 2924 5743 ejus
2953 5688 3090 5744 Opus
3123 5673 3191 5727 de
3222 5671 3505 5727 Alma/md.
