4048 6460
406 343 514 406 ’133

1781 349 2153 412 EPISTOLA
2192 352 2263 413 V.

3578 361 3689 423 ’134

417 460 579 528 σῶμα
608 459 700 514 καί⁵
723 454 863 530 αἷμα
891 461 991 515 οὐκ
1018 463 1158 518 εἰσὶν
1189 463 1406 534 ἀληθῶς
1453 465 1544 518 τοῦ
1577 467 1842 536 Χριστοῦ,
1875 466 1994 519 ἀλλ’

2101 465 2212 520 sint
2253 463 2459 521 Chritsi
2493 479 2698 535 corpus
2729 474 2786 522 et
2818 481 3042 538 sanguis
3072 468 3210 539 (Ill),
3246 469 3342 525 sed
3385 470 3510 541 quia
3542 488 3688 530 nunc

405 550 491 604 ὅτι
524 549 620 604 νῦν
649 550 748 618 μὲν
774 550 844 606 δι’
880 552 1060 607 αὐτῶν
1101 553 1407 624 μετέχομεν
1455 554 1558 622 τῆς
1601 554 1700 607 τοῦ
1751 553 1993 625 Χριστοῦ

407 644 692 714 θεότητος,
716 645 838 700 τότε
874 647 932 701 δὲ
958 647 1166 718 νοητῶς
1192 647 1284 702 διὰ
1321 648 1488 718 μόνης
1511 648 1610 717 τῆς
1639 647 1789 710 θέας.
1826 665 1846 698 ›
1885 646 1996 701 Καὶ

405 738 465 790 ἐν
495 737 646 806 αὐτῷ
699 737 759 792 δὲ
813 738 917 808 τῷ.
947 739 1090 803 Περί
1137 739 1534 804 ἀναστάσεως
1588 739 1870 810 κεφαλαίῳ
1899 740 1996 792 αὐ-

405 828 503 882 τοῦ
553 830 794 884 τοιαῖσδε
823 831 953 902 περὶ
986 833 1182 886 τούτου
1215 833 1482 901 κέχρηται
1515 831 1808 895 συλλαϐαῖς
1833 848 1849 862 ’
1885 851 1902 884 ι
1930 833 1994 886 Οί

403 921 458 973 εδ
483 922 700 988 τάγαθά
733 923 1048 992 πράξαντες
1081 923 1462 992 ἐκλάμψουσιν
1485 923 1678 991 ὥσπερ
1702 927 1730 976 6
1755 923 1905 994 ἥλιος
1939 926 1994 976 ἐν

403 1011 557 1080 αὑτῷ
593 1011 672 1081 τῷ
705 1013 900 1083 Κυρίῳ
929 1013 1092 1083 ὴμῶν
1127 1013 1308 1082 Ἰησοῦ
1345 1014 1590 1084 Χριστῷ,
1623 1012 1860 1083 ὁρῶντες
1893 1013 1994 1066 αὑ·-

406 1101 500 1155 τὸν
531 1103 625 1157 καὶ
652 1103 946 1173 ὁρώμενοι,
978 1105 1072 1159 καὶ
1101 1105 1340 1175 ἄληκτον
1362 1105 1461 1176 τὴν
1485 1105 1580 1158 ἀπ’
1607 1105 1772 1159 αὐτοῦ
1799 1105 1995 1175 εὐφρο-

411 1193 580 1264 σύνην
613 1194 1014 1266 καρπούμενοι.
1049 1214 1068 1248 ι
1109 1197 1232 1249 Ὀτι
1255 1197 1313 1250 δὲ
1343 1196 1516 1249 ταῦτα
1541 1197 1711 1258 οὕτως
1733 1196 1868 1267 ἔχει,
1902 1198 1995 1251 καὶ

408 1285 492 1338 ὃτι
526 1283 727 1355 βρῶσις
766 1287 859 1340 καὶ
911 1287 1072 1349 πόσις
1118 1287 1280 1348 αὐτὸς
1327 1288 1480 1340 ἐστιν
1525 1289 1552 1342 6
1597 1289 1854 1356 Χριστὸς.
1901 1289 1994 1341 καλ

407 1377 490 1430 ὅτι
539 1381 701 1448 κόρον
752 1379 933 1432 ἐκεῖσε
968 1381 1069 1448 οὐχ
1126 1381 1344 1446 ἕξουσιν
1394 1381 1444 1432 οί
1494 1379 1768 1443 ἐσθίοντες
1808 1381 1992 1448 αὑτὸν,

408 1469 572 1533 αὐτὸς
605 1470 772 1536 ἔδειξε
814 1471 903 1524 διά
939 1472 1035 1524 τοῦ
1068 1473 1356 1543 προφήτου
1403 1474 1431 1525 6
1476 1471 1680 1542 Κύριος
1711 1471 1884 1536 οὕτως
1913 1475 1994 1526 εί-

418 1563 538 1618 πών
562 1579 576 1594 ’
615 1582 632 1614 ι
684 1565 748 1618 0i.
775 1566 1086 1634 τρώγοντες
1134 1583 1202 1637 με
1232 1565 1574 1631 πεινάσουσι,
1602 1566 1696 1618 καὶ
1724 1565 1775 1618 οἱ
1812 1565 1990 1620 πίνον-

403 1657 494 1718 τές
520 1673 590 1724 με
623 1654 939 1726 διψήσουσι.
975 1675 993 1708 ι
1057 1659 1064 1666 “

477 1749 570 1820 Μὴ
616 1751 750 1821 περὶ
779 1750 1057 1820 βρώσεως
1103 1751 1370 1821 αἰσθητῆς
1410 1752 1750 1821 ἀμφισϐήτει
1783 1753 1874 1804 καὶ
1902 1751 2000 1804 πόα

2098 574 2194 627 per
2217 558 2306 612 illa
2336 557 2542 613 Christi
2575 559 2920 613 divinitatem
2955 561 3372 630 participaums,
3403 573 3532 620 tunc
3554 581 3686 622 vero

2097 651 2478 726 intelliglibiler
2510 665 2608 721 per
2648 651 2825 706 solum
2862 653 3144 706 intuitum.
3181 673 3200 705 ι
3250 654 3316 708 Ει
3356 655 3411 710 in
3457 673 3558 711 suo
3589 673 3686 713 co-

2097 740 2218 794 dem
2273 740 2452 810 capite
2503 740 2580 794 De
2634 745 3053 808 resurrectione,
3093 745 3294 800 talibus
3354 762 3523 814 super
3582 749 3687 803 hoc

2097 830 2317 901 syllabis
2349 847 2480 886 usus
2510 839 2594 886 est
2625 849 2640 888 :
2680 851 2698 884 ι
2729 832 2830 898 Qui
2881 844 3065 888 autem
3101 835 3242 890 bona
3293 835 3548 902 fecerint,
3578 839 3687 892 ful-

2097 922 2302 991 gebunt
2335 921 2477 976 sicut
2507 923 2587 977 sol
2617 923 2671 976 in
2704 923 2823 992 ipso
2857 923 3092 980 Domino
3129 935 3320 982 nostro
3360 928 3486 983 Jesu
3520 930 3684 984 Chri-

2098 1024 2206 1076 sto,
2267 1013 2518 1068 videntes
2561 1014 2762 1083 ipsum,
2812 1024 2870 1068 et
2915 1016 3043 1081 visi,
3099 1028 3154 1072 et
3204 1018 3567 1075 indeﬁcientis
3619 1021 3708 1075 ex‘

2098 1101 2218 1171 ipso
2249 1101 2452 1155 lwlitim
2486 1102 2724 1158 fructum
2762 1105 3110 1174 colligentes.
3146 1127 3163 1158 ι
3216 1106 3340 1162 Haec
3389 1120 3570 1162 autem
3611 1110 3686 1164 ita

2098 1208 2160 1247 se
2221 1193 2447 1258 habere,
2499 1205 2556 1249 et
2615 1195 2796 1274 cibum
2867 1207 2924 1252 et
2977 1199 3254 1267 potionem
3333 1199 3510 1268 ipsum
3562 1215 3687 1254 esse

2099 1283 2405 1350 Christum,
2438 1296 2494 1340 et
2526 1287 2725 1341 nullam
2776 1289 2848 1342 ibi
2887 1290 3216 1354 satietatem,
3264 1291 3358 1360 qui
3391 1308 3454 1346 ea
3499 1307 3686 1346 eome-

2097 1373 2263 1440 dunt,
2332 1377 2644 1444 habituros,
2710 1379 2826 1450 ipse
2865 1382 3128 1436 Dominus
3214 1397 3313 1450 per
3364 1384 3685 1453 prophetam

2101 1469 2346 1524 ostendit
2383 1469 2456 1524 ita
2492 1471 2681 1525 dicens
2710 1487 2725 1526 :
2770 1490 2787 1522 ι
2819 1471 2926 1536 Qui
2952 1474 3248 1528 comedunt
3277 1490 3386 1540 me,
3407 1477 3683 1542 esuricnt;

2101 1571 2157 1616 et
2189 1563 2280 1631 qui
2318 1563 2510 1618 bibunt
2536 1578 2644 1630 me,
2677 1563 2865 1619 siticnt
2890 1567 2930 1619 ¹.
2966 1583 2986 1617 ι

2173 1737 2254 1794 Ne
2276 1739 2445 1809 igitur
2480 1740 2534 1795 in
2568 1741 2756 1796 sensili
2789 1742 3049 1796 alimento
3079 1752 3133 1798 et
3163 1744 3361 1812 poculo
3393 1743 3684 1814 ancipitem

411 1860 572 1907 σεως.
615 1845 677 1897 Εἰ
730 1844 840 1912 γὰρ
891 1845 983 1898 καὶ
1033 1847 1231 1914 φαγεῖν
1279 1845 1371 1898 τὸν
1427 1845 1666 1915 Χριστὸν
1707 1846 1802 1897 καὶ
1851 1845 1994 1897 πιεῖν

2107 1839 2158 1886 te
2200 1835 2494 1888 traducno.
2542 1833 2596 1887 Si
2656 1836 2802 1888 enim
2841 1836 3146 1890 comedisse
3177 1836 3457 1890 Christum
3518 1847 3572 1890 ct
3603 1836 3690 1890 bi-

409 1937 550 2006 μετὰ
580 1936 678 2006 τὴν
723 1937 1116 1990 ἁνάστασιν·αί
1153 1940 1295 1990 θεῖαι
1330 1937 1516 1991 mem
1557 1937 1994 2006 διαγορεύουσιν,

402 2028 521 2082 ἀλλ’
552 2029 644 2081 ἐπὶ
671 2029 885 2092 τούτοις
923 2029 1393 2100 διαταράττεσθαι
1430 2033 1532 2099 τὴν
1577 2031 1640 2083 οὐ
1686 2031 1805 2082 δέον
1839 2029 1999 2099 ἀγχί-

405 2139 576 2176 νοιαν.
609 2123 745 2175 Οὐδὲ
770 2105 876 2192 γάρ
910 2123 1064 2193 νόμῳ
1089 2124 1306 2192 φύσεως
1336 2123 1510 2193 ἔφαγε
1537 2123 1996 2191 διαπνευσθείσης

406 2215 555 2282 αὐτῷ
583 2216 683 2283 τῆς
721 2215 949 2284 σαρκὸς.
979 2216 1074 2268 καὶ
1116 2215 1177 2267 τὸ
1213 2213 1396 2268 ἐνδέον
1446 2215 1721 2284 ζητούσης
1750 2214 1998 2284 ἀναπλη-

409 2301 606 2372 ρῶσαι,
646 2302 898 2371 καθάπερ
931 2303 1027 2356 καὶ
1078 2304 1390 2374 πρότερον·
1441 2297 1604 2374 χάριν
1658 2303 1718 2356 δὲ
1776 2303 1996 2364 πάντως

404 2393 501 2447 τοῦ
530 2395 630 2465 τὴν
663 2395 880 2449 τελείαν
927 2399 1056 2458 τοὺς
1096 2398 1433 2459 ἀποστόλους
1487 2395 1864 2466 πληροφορίαν
1902 2394 1996 2447 λα-

406 2487 522 2538 δεῖν
557 2490 689 2557 περὶ
717 2489 816 2558 τῆς
851 2490 916 2541 ἐκ
947 2489 1165 2559 νεκρῶν
1196 2490 1470 2561 ἐγέρσεως
1504 2489 1693 2544 αὐτοῦ.
1731 2490 1852 2542 Ἔτι
1888 2489 1996 2557 γὰρ

407 2582 788 2635 ἀπιστούντων
838 2582 1022 2636 αὐτῶν
1053 2582 1161 2636 ἀπὸ
1207 2583 1307 2652 τῆς
1340 2585 1518 2654 χαρᾶς
1554 2581 1735 2635 λαϐὼν
1763 2582 1996 2635 ἐνώπιον

406 2673 588 2727 αὐτῶν
621 2673 816 2742 ἔφαγε.
852 2675 937 2745 Μὴ
983 2670 1077 2728 οὖν
1110 2675 1205 2728 ἐπὶ
1240 2674 1454 2737 τούτοις
1481 2673 1823 2744 ἀμφίϐαλλε’
1860 2673 1997 2742 μηδὲ

405 2765 691 2836 λογισμοῖς
714 2768 775 2820 τὸ
810 2771 916 2820 πᾶν
947 2767 1234 2837 ἐπίτρεπε,
1267 2767 1392 2830 Πῶς
1423 2769 1621 2835 ἔφαγε,
1661 2767 1860 2834 λέγων,
1891 2766 1994 2820 ποῦ

407 2860 464 2912 δὲ
506 2864 600 2914 καί⁵
648 2863 716 2916 τὰ
754 2861 1036 2932 βρωθέντα
1095 2861 1418 2932 κεχώρηκε;
1474 2861 1730 2914 Τοιοῦτόν
1779 2878 1831 2912 τι
1867 2860 1996 2927 λέγε

412 2954 602 3024 μηδὲν,
633 2954 882 3023 ἀκριϐῶς
930 2954 1088 3016 εἰδὼς
1120 2956 1272 3016 ὅπως
1304 2955 1354 3006 οἱ
1407 2953 1747 3020 ξενισθέντες
1794 2953 1996 3005 ἐκεῖνοι

409 3049 562 3118 παρὰ
595 3046 675 3117 τῷ
706 3047 838 3117 θείῳ
865 3047 1129 3118 Ἀϐραὰμ
1164 3047 1438 3101 θειότατοι
1463 3046 1685 3115 ἄγγελοι
1719 3046 1788 3098 τὰ
1821 3062 1998 3116 παρα-

406 3137 638 3191 τεθέντα
677 3137 1087 3207 δεδαπανήκασι
1147 3137 1432 3206 βρώματα.
1493 3137 1658 3189 Ὅθεν
1712 3135 1808 3188 καὶ
1856 3135 1994 3204 πρὸς

409 3228 724 3298 ἀφθαρσίαν
747 3229 808 3280 τὺ
835 3229 930 3281 τοῦ
968 3229 1176 3298 Κυρίου
1207 3229 1370 3300 σῶμα
1407 3227 1780 3299 μεταποιηθέν
1809 3243 1994 3296 παρα-

410 3319 577 3386 δόξως
614 3321 790 3383 οὕτως
840 3321 1163 3391 ἐγήγερται,
1220 3323 1319 3375 καὶ
1373 3321 1469 3374 τοῦ
1517 3319 1668 3374 λίθου
1715 3320 1794 3389 τῷ
1837 3319 1994 3388 τάφῳ

407 3415 762 3486 ἐπικειμένου
812 3415 911 3467 καὶ
961 3415 1070 3468 τῶν
1123 3413 1442 3482 σφραγίδων
1492 3413 1673 3466 ἐκεῖσε
1721 3414 1994 3482 ἀπηωρη-

411 3509 611 3577 μένων.
681 3507 844 3560 Ἀλλὰ
877 3509 973 3561 καὶ
1029 3507 1138 3560 τῶν
1179 3507 1372 3576 ’θυρῶν
1425 3505 1833 3576 κεκλεισμένων
1881 3507 1996 3568 τοῖς

406 3599 732 3662 ἀποστόλοις
764 3601 1076 3669 ἐφίσταται.
1121 3599 1448 3669 Παχύτητος
1484 3597 1593 3669 γὰρ
1625 3597 1807 3666 πάσης
1837 3597 1996 3660 ἐκτὸς

404 3692 647 3760 γεγονὼς
679 3691 931 3760 οὐδαμῶς
963 3689 1207 3744 ἐκώλυτο
1241 3690 1395 3761 παρά
1415 3688 1996 3757 τινωνείσερχόμενός

407 3797 465 3834 τε
503 3782 602 3834 καὶ
629 3779 1014 3850 ἐξερχόμενος.
1045 3779 1212 3832 ’Ὢστε
1249 3781 1300 3832 εί
1347 3777 1446 3832 καὶ
1493 3777 1701 3840 τύπους
1751 3778 1996 3831 ἐδείκνυε

405 3871 513 3925 τῶν
541 3871 710 3942 ἦλων,
739 3872 787 3922 εί
820 3872 914 3924 καὶ
942 3870 1110 3941 θνητῇ
1161 3872 1310 3942 χειρὶ
1359 3869 1996 3940 πολυπραγμονούμενος

403 3959 496 4032 ἦν,
539 3962 656 4016 ἀλλ’
692 3963 754 4016 ού
801 3961 892 4016 διὰ
929 3964 1088 4016 τοῦτο
1143 3961 1454 4031 θαυμάζειν
1516 3980 1575 4015 σε
1635 3962 1808 4027 ἄξιον.
1852 3963 1996 4032 Ὅρα

405 4060 515 4126 γὰρ
546 4057 628 4109 ὅτι
663 4055 758 4110 καὶ
793 4058 820 4109 6
861 4055 1274 4126 χρυσορῤήμων
1316 4054 1573 4122 Ἰωάννης
1609 4052 1996 4125 ἐπαπορούμε-

405 4168 494 4212 νος
526 4145 638 4203 οἷον
669 4150 761 4202 ἐπὶ⁵
790 4149 1030 4216 τούτοις,
1057 4149 1194 4220 πρὸς
1225 4148 1282 4201 δὲ
1311 4149 1405 4202 καὶ
1447 4149 1689 4201 ἐπιλύων
1728 4147 1789 4200 τὸ
1819 4148 1997 4202 τοιοῦ-

405 4261 497 4296 τον
521 4243 791 4314 ἁπόρημά
825 4259 1016 4314 φησιν,
1047 4242 1132 4296 ὅτι
1163 4240 1634 4309 συγκαταὸἀσεως
1661 4236 1729 4310 ἦν
1758 4241 1822 4293 τδ
1845 4240 1994 4308 γινό-

411 4353 592 4404 μενον.
625 4337 699 4388 Τὸ
728 4335 841 4405 γὰρ
869 4333 1014 4389 οὕτω
1051 4336 1252 4387 λεπτὸν
1283 4334 1380 4387 καὶ
1409 4333 1614 4402 κοῦφον
1643 4333 1720 4396 ὡς
1747 4332 1996 4385 κεκλεισ-

410 4427 588 4494 μένων
611 4426 720 4479 τῶν
749 4427 933 4495 θυρῶν
959 4427 1244 4494 εἰσελθεῖν,
1276 4425 1505 4488 ὠτειλὰς
1536 4425 1594 4478 ἐν
1625 4424 1774 4494 αὐτῷ
1808 4425 1996 4495 φέρειν

407 4516 506 4568 οὐκ
532 4516 798 4586 ἔπρεπεν,
833 4519 916 4571 ὅτι
948 4520 1044 4570 καὶ
1083 4519 1399 4587 παχύτητος
1440 4516 1622 4586 πάσης
1655 4515 1993 4586 ἀπήλλακτο.

429 4608 629 4672 ῗούτοις
661 4611 756 4663 καὶ
775 4611 802 4663 ὁ
824 4611 1100 4676 θειότατος
1136 4611 1496 4674 Ἀναστάσιος
1516 4613 1574 4664 ὲν
1592 4610 1667 4680 τῷ
1689 4609 1828 4679 Περὶ
1849 4609 1994 4665 ἀνα·

481 4770 497 4802 ¹
534 4768 701 4824 Eccli.
738 4784 888 4834 xxw,
920 4771 1010 4828 29.

479 4887 865 4961 (dilObserva
897 4889 1217 4961 Damasceni
1264 4896 1320 4943 et
1341 4889 1520 4961 Glyca!
1543 4889 1708 4961 iidem
1762 4890 1832 4946 de
1862 4905 1990 4946 vera

407 4955 610 5012 Christi
643 4959 696 5029 in
737 4977 872 5028 pane
898 4960 1270 5015 eucharistico
1295 4955 1609 5029 prafsentia.

479 5029 597 5102 (6'2),
624 5020 1044 5102 Glycasinoster
1078 5039 1230 5099 parte
1280 5020 1338 5084 ιῖι
1379 5031 1578 5102 ΑΑηηαί.
1623 5020 1837 5084 ε’Κατὰ
1879 5033 1990 5102 γὰρ

408 5099 711 5171 τὸνμέγαν
759 5101 1104 5161 Ἀθανάσιον,
1144 5102 1270 5171 τοὺς
1327 5099 1579 5169 μαθητὰς
1635 5099 1990 5171 ἐπιστηρίξαι

408 5169 742 5236 βουλόμενος
771 5171 987 5240 ἡμέρας
1048 5170 1284 5228 ἐνταῦθα
1346 5174 1493 5222 ποιεῖ
1543 5171 1596 5236 μ’
1621 5169 1993 5240 ὀπτανόμενος

408 5240 594 5312 αὐτοῖς
623 5240 894 5302 ἔστιννὸτε
929 5240 1118 5312 καὶτὰ
1151 5243 1285 5312 πρὸς
1321 5242 1548 5312 εἰρήνην
1579 5241 1993 5310 διαλεγόμενος,

408 5309 638 5382 ὠτειλάς
680 5315 738 5362 ὲν
767 5311 1103 5382 τῷθεοειδεῖ
1171 5309 1434 5382 δεικνύων
1495 5309 1691 5382 ἐκείνῳ
1752 5309 1996 5382 σώματι,

410 5379 711 5454 συνεσθίων
748 5379 934 5446 αὐτοῖς
970 5380 1085 5447 ἅμα
1118 5381 1214 5454 καὶ
1281 5382 1475 5445 πίνων,
1509 5379 1737 5454 οὑχ-,ὦς
1783 5379 1996 5454 τροφῆς

409 5451 686 5518 δεόμενος,
777 5453 914 5505 ἀλλὰ
973 5449 1360 5519 πιστούμενος.
1420 5453 1517 5504 καὶ
1566 5449 1738 5505 τᾶλλα
1815 5449 1996 5506 πάντα

410 5523 580 5573 ποιων
609 5523 823 5591 ὅσαπερ
853 5523 1015 5576 εἴωθε
1065 5523 1191 5582 τοὺς
1251 5524 1501 5582 ἀσθενεῖς
1560 5522 1986 5590 ἀσφαλίζεσθαι,

411 5602 516 5643 etc.
557 5592 718 5663 rt‘iam
751 5595 818 5647 de
846 5595 1026 5663 magni
1060 5592 1345 5646 Athanasii
1379 5595 1670 5655 sententia,
1700 5605 1987 5661 propterea

413 5663 532 5713 dies
564 5661 616 5714 in
659 5664 817 5717 terris
844 5681 908 5718 χι.
939 5661 1312 5718 commoratus
1353 5672 1439 5731 est
1502 5663 1784 5727 Dominus,
1844 5667 1990 5731 quod

360 5733 710 5799 Idiscipulos
742 5741 1072 5788 conlirmare
1139 5733 1322 5785 vellet.
1391 5729 1596 5784 Idcirco
1659 5748 1718 5786 se
1773 5729 1991 5801 conspio

416 5806 661 5857 ciendum
697 5808 776 5859 eis
824 5807 1100 5859 interdum
1158 5804 1386 5873 praebet,
1446 5805 1619 5858 amice
1665 5807 1994 5872 paciliceque

2025 4577 2074 4638 ι)

2104 1923 2253 1980 bisse
2283 1935 2405 1995 post
2431 1928 2892 1982 resurrectionem
2912 1929 3080 1982 divini
3105 1929 3226 1983 libri
3253 1939 3546 1992 testantur,
3572 1944 3687 1982 non

2099 2033 2238 2086 opus
2283 2031 2370 2073 cst
2417 2027 2475 2072 nt
2503 2035 2668 2088 super
2697 2021 2780 2074 his
2837 2029 3151 2089 torqueatur
3207 2021 3510 2094 ingenium.
3565 2021 3685 2074 Non

2057 2151 2064 2155 .
2099 2111 2245 2164 enim
2285 2118 2495 2164 natura:
2533 2111 2653 2181 lege
2691 2112 3035 2177 comedebat,
3071 2129 3194 2167 cum
3244 2114 3364 2184 ejus
3411 2128 3541 2168 caro
3571 2113 3684 2182 jam

2098 2202 2363 2272 Spll‘lldlis
2392 2203 2586 2258 ell‘ecta
2619 2212 2766 2258 esset
2794 2203 2954 2274 τωρ),
2984 2219 3085 2258 nec
3121 2206 3438 2260 necessario
3470 2220 3685 2274 qua-re-

2098 2304 2202 2359 ret,
2240 2295 2702 2364 quemadmodum
2736 2297 2910 2364 prius,
2935 2298 3204 2355 saturari:
3253 2299 3347 2352 sed
3378 2314 3440 2352 ea
3472 2306 3682 2354 tantum

2098 2387 2166 2441 de
2212 2401 2375 2441 causa
2418 2389 2664 2458 profecto
2701 2398 2760 2444 ut
2788 2390 3019 2459 apostoli
3049 2398 3264 2444 certum
3297 2399 3352 2446 et
3399 2391 3684 2446 indubita-

2098 2489 2212 2534 tum
2269 2496 2381 2535 suae
2435 2498 2464 2536 a
2528 2483 2755 2537 mortuis
2822 2485 3242 2539 resurrectionis
3296 2493 3686 2554 argumentum

2098 2576 2436 2645 act-ipereut.
2470 2577 2665 2631 Adhuc
2693 2576 2842 2632 enim
2877 2577 2944 2632 iis
2964 2593 3040 2649 ex
3083 2578 3280 2648 gaudio
3303 2593 3412 2631 non
3457 2580 3688 2633 creden-

2100 2669 2263 2732 tibus,
2296 2683 2422 2721 cum
2479 2668 2663 2722 cibum
2701 2669 3032 2737 sumpsisset
3081 2684 3265 2724 coram
3298 2669 3408 2724 illis
3453 2669 3686 2724 mandu-

2089 2760 2261 2814 cavit.
2290 2759 2365 2814 Ne
2394 2760 2560 2829 igitur
2593 2762 2661 2815 de
2694 2761 2780 2815 his
2810 2762 2998 2816 dubita
3029 2779 3043 2815 :
3079 2777 3259 2832 neque
3311 2763 3685 2819 ratiocinatio-

2099 2851 2264 2906 nibus
2311 2862 2486 2906 totum
2521 2853 2784 2918 concede,
2817 2853 3100 2918 Quomodo
3153 2855 3410 2918 comedit,
3461 2855 3680 2917 dii-ens,

2099 2945 2186 2998 vel
2225 2959 2333 3012 quo
2377 2959 2596 2999 comesa
2627 2947 2948 3000 secessere?
2979 2945 3126 3000 Nihil
3157 2945 3471 3015 hujnsmodi
3493 2946 3684 3009 dicito,

2099 3053 2222 3091 cum
2271 3033 2476 3093 exacte'
2500 3038 2721 3093 noveris
2758 3039 3036 3107 quomodo
3088 3039 3166 3094 illi
3206 3055 3235 3093 a
3268 3038 3460 3093 divino
3512 3039 3686 3092 Abra-

2102 3125 2266 3180 hamo
2297 3126 2535 3196 hospitio
2563 3131 2775 3197 excepti
2813 3127 3138 3184 divinissimi
3183 3129 3361 3196 angeli
3409 3130 3688 3198 appositas

2023 3199 2068 3260 ο
2101 3221 2293 3286 epulas
2349 3222 2726 3290 absumpsere.
2761 3219 2920 3276 Unde
2961 3229 3015 3275 et
3076 3222 3142 3274 ad
3219 3221 3684 3292 incorruptionem

2095 3310 2314 3365 Domini
2361 3327 2560 3382 corpus
2614 3313 2942 3368 translatum
2995 3313 3318 3369 mirabiliter
3369 3315 3444 3369 ita
3503 3329 3689 3369 resur-

2095 3406 2260 3469 rexit,
2303 3415 2356 3460 ct
2407 3405 2586 3475 lapide
2615 3405 2796 3461 adhuc
2822 3407 3076 3477 sepulcro
3105 3423 3274 3478 super
3313 3407 3592 3478 imposito,
3633 3415 3690 3463 et

2095 3501 2288 3572 sigillis
2333 3502 2562 3566 ibidem,
2597 3504 2917 3572 suspensis,
2970 3503 3068 3558 sed
3139 3511 3194 3558 et
3254 3504 3458 3560 clausis
3501 3507 3690 3574 januis

2095 3593 2360 3662 apostolis
2404 3593 2700 3662 apparuit:
2735 3593 3105 3648 crassitudine
3141 3595 3288 3648 enim
3337 3595 3488 3650 omni
3520 3597 3689 3666 depo-

2097 3685 2226 3748 sita,
2267 3683 2420 3738 nulla
2469 3699 2530 3739 re
2583 3699 2827 3753 unquam
2873 3699 2944 3739 ne
2993 3683 3372 3755 ingrederetur
3413 3687 3497 3740 vel
3535 3702 3691 3756 egre-

2094 3776 2340 3839 deretur,
2398 3774 2810 3843 prohibebatur.
2859 3774 2918 3830 Si
2969 3790 3102 3829 vero
3137 3775 3344 3829 formas
3399 3780 3686 3831 clavorum

2097 3867 2360 3932 ostendit,
2390 3869 2476 3923 vel
2501 3868 2718 3922 mortali
2743 3883 2906 3922 manu
2930 3877 3313 3924 contrectatus
3344 3878 3451 3936 est,
3478 3885 3585 3923 non
3609 3878 3689 3924 ta-

2103 3973 2230 4011 men
2260 3959 2332 4012 ob
2362 3957 2467 4012 hoc
2493 3957 2668 4026 ipsum
2702 3957 3064 4012 admiratione
3097 3966 3149 4010 te
3177 3955 3398 4026 percelli
3447 3971 3548 4026 par
3578 3965 3685 4013 est.

2110 4049 2243 4104 Vide
2295 4050 2442 4104 enim
2503 4050 2776 4119 quomodo
2836 4058 2893 4103 et
2949 4063 3116 4103 aureo
3183 4048 3403 4118 eloquio
3457 4063 3686 4104 manans

2096 4141 2340 4197 Joannes
2373 4141 2440 4197 de
2475 4141 2559 4196 his
2586 4141 2719 4212 ipsis
2753 4141 3031 4206 dubitans,
3061 4149 3116 4196 ct
3150 4139 3419 4211 ejusmodi
3448 4140 3678 4209 insuper

2098 4236 2469 4291 diﬂicultatem
2505 4235 2813 4315 dissolvens
2838 4235 2934 4302 ait,
2961 4235 3065 4290 hoc
3104 4237 3280 4306 ipsum
3313 4235 3516 4290 factum
3558 4247 3682 4288 esse

2103 4337 2160 4382 ut
2224 4327 2461 4382 aliorum
2513 4327 2817 4383 inﬁrmitati
2854 4329 3258 4384 consuleretur.
3303 4323 3434 4380 Tam
3485 4326 3688 4381 subtile

2097 4425 2245 4480 enim
2280 4441 2344 4480 ac
2371 4427 2491 4481 leve
2535 4436 2597 4482 ut
2626 4427 2812 4496 januis
2840 4427 3044 4482 clausis
3083 4426 3316 4480 intraret
3349 4424 3489 4496 (45).
3538 4422 3688 4477 cica-

2100 4519 2268 4573 trices
2299 4518 2356 4572 in
2387 4533 2446 4574 se
2489 4517 2631 4574 ferre
2677 4519 3001 4587 dedecebat,
3037 4528 3228 4589 utpote
3273 4517 3418 4587 quod
3458 4527 3512 4571 et
3556 4530 3696 4584 qua-

2099 4624 2318 4680 cunque
2367 4619 2487 4665 erat
2519 4608 2888 4691 crassitudine
2933 4612 3195 4667 liberum.
3251 4608 3411 4665 Hisce
3442 4619 3502 4664 et
3549 4606 3696 4663 divi-

2102 4909 2227 4948 cum
2251 4893 2331 4949 eis
2352 4893 2624 4964 loquitur,
2657 4895 2944 4952 cicatrices
2976 4893 3029 4949 in
3069 4908 3304 4964 corpore
3331 4893 3518 4949 divino
3540 4907 3699 4964 com-

2102 4974 2374 5036 monstrat
2405 4963 2694 5020 {comedit
2725 4976 2888 5036 atque
2924 4966 3061 5021 bibit
3091 4963 3228 5028 una,
3283 4974 3479 5020 ca-tera
3534 4963 3701 5036 deni-

2103 5051 2208 5100 que
2244 5033 2581 5089 facitomnia
2633 5052 2752 5103 qua:
2799 5033 2866 5090 ad
2932 5037 3342 5091 conﬁrmandos
3393 5035 3698 5089 imbecilles

2099 5104 2309 5172 aliquid
2365 5105 2562 5158 afferre
2617 5107 2875 5160 momenti
2933 5116 3183 5176 possent.
3233 5106 3336 5161 Sed
3394 5108 3517 5160 vide
3571 5120 3694 5175 qua:

2101 5191 2204 5227 nos
2266 5176 2426 5243 paulo
2471 5177 2729 5244 superius
2787 5193 2852 5231 ex
2885 5194 3084 5248 magno
3111 5179 3425 5247 Augustino
3493 5189 3690 5248 protu-

2105 5249 2287 5298 lnnns.

2179 5316 2288 5385 (45)
2318 5311 2438 5368 Non
2477 5324 2659 5371 tamen
2698 5317 2770 5384 ob
2790 5316 3154 5387 subtilitatem
3191 5318 3450 5381 intrabat,
3503 5316 3597 5371 sed
3620 5315 3691 5371 ob

2105 5385 2346 5438 divinam
2377 5388 2638 5441 virtutem
2670 5399 2686 5440 :
2721 5385 2953 5459 intelligi
3005 5390 3300 5443 cnim'non
3346 5399 3524 5458 potest
3549 5404 3691 5454 quo-

2106 5463 2416 5509 ΙΙΙΟιί()8ἶΙΙθ
2451 5460 2697 5528 partium
2756 5457 3154 5528 disjnnclione,
3213 5457 3412 5513 subtile
3466 5473 3690 5526 corpus,

2102 5526 2468 5598 corpusalnd
2493 5527 2728 5588 densum
2763 5526 3106 5584 ac‘solzdum
3155 5539 3444 5598 penetrare
3490 5529 3689 5596 possit.

2103 5597 2257 5671 Adde
2291 5598 2433 5665 quod
2463 5599 2658 5651 endem
2697 5600 2858 5652 modo
2886 5617 2949 5653 cx
3005 5597 3240 5671 Virginis
3291 5601 3481 5652 matris
3531 5608 3701 5671 utero

2105 5665 2290 5720 clauso
2325 5678 2582 5738 egressus
2609 5680 2713 5732 est,
2751 5671 2876 5723 licet
2907 5665 3356 5738 crasso'corpore
3380 5669 3700 5722 circumda-'

2107 5746 2216 5792 tus,
2283 5735 2532 5807 adeoque
2592 5755 2701 5801 non
2769 5741 3019 5806 corporis
3072 5735 3289 5807 natura,
3349 5741 3443 5794 scd
3505 5741 3689 5794 divma

2105 5810 2326 5872 Virtute,
2359 5807 2408 5862 id
2457 5811 2568 5865 ﬁeri
2607 5812 3070 5866 credendumcst.
