4048 6412
406 363 521 431 789

1783 352 2160 417 EPISTOLA
2195 353 2300 417 VI.

3555 350 3661 417 ’ΠΟ

411 475 511 530 καὶ
541 474 746 544 γήμῃς,
783 471 882 542 οὐχ
912 473 1162 543 ἥμαρτες
1187 489 1200 504 ο
1245 470 1359 525 ἀλλ’
1391 471 1445 522 ὲν
1497 467 1792 540 ἁμαρτίαις
1836 469 1987 538 ὅμως

2100 466 2228 520 catis
2254 463 2509 520 similiter
2543 464 2707 520 habet
2740 475 2929 520 nostra
2969 464 3252 536 generatio
3280 480 3660 537 progressum,

413 563 448 631 ἡ
494 561 707 628 γένεσις
738 561 894 628 ἡμῶν
934 561 1048 630 ἔχει
1078 559 1176 628 τὴν
1214 559 1494 630 πρόσοδον,
1534 558 1629 613 ἅτε
1656 557 1722 628 δὴ
1749 575 1989 629 προκατ-

413 653 676 722 άρχοντος
727 651 938 714 πάθους
991 652 1161 721 αὐτῆς
1188 668 1200 681 ·
1235 645 1296 705 οὗ
1330 650 1492 720 χάριν
1525 651 1747 720 ἐμπαθῆ
1780 651 1988 722 ταύτην

417 739 561 794 εἶναι
606 743 701 794 καὶ
753 740 946 809 δούλην
997 743 1332 808 ό-Θεολόγος
1386 741 1592 809 ἔλεγεν.
1657 740 1991 797 Ἐπισεϐαιοῖ

415 829 593 884 ταῦτα
632 834 728 885 καὶ
761 831 927 885 Δαϐιδ
975 834 1001 885 ὁ
1051 831 1193 895 θεῖος
1223 832 1368 885 οὕτω
1419 831 1593 897 λέγων
1617 847 1633 865 ο
1671 849 1691 883 ι
1747 832 1834 884 Ἐν
1865 834 1989 885 ἀνο-

420 923 574 992 μίαις
613 925 979 995 συνελήφθην,
1001 927 1096 978 καὶ
1137 927 1196 977 ἐν
1232 926 1532 996 ἁμαρτίαις
1561 927 1820 996 ὲκίσσησέ
1855 943 1921 996 με
1950 929 1982 996 ἡ

418 1015 605 1083 μήτηρ
633 1030 758 1082 μου.
793 1032 811 1066 t
848 1015 958 1068 Καὶ
980 1017 1091 1082 γὰρ
1135 1017 1184 1068 εί
1217 1016 1292 1086 μὴ
1353 1017 1508 1069 τοῦτο
1538 1011 1629 1086 ἦν,
1675 1017 1722 1068 εί
1777 1015 1851 1085 μὴ
1888 1017 1988 1086 τὴν

417 1105 612 1177 ζωὼδη
638 1105 843 1177 ταύτην
865 1107 1102 1178 εὕρηκεν
1124 1107 1316 1174 ἄλογον
1338 1109 1594 1177 γέννησιν
1617 1111 1697 1170 εἰς
1718 1107 1787 1179 ἢν
1814 1111 1841 1162 ὁ
1865 1110 1986 1162 κατ’

414 1197 608 1250 εἰκόνα
637 1199 1003 1268 γεγενημένος
1029 1197 1164 1251 Θεοῦ
1214 1197 1519 1269 κατηνέχθη
1559 1199 1647 1254 διὰ
1672 1198 1771 1270 τὴν
1809 1200 1988 1270 παρά-

411 1287 602 1354 ϐασιν,
639 1291 740 1342 οὐκ
768 1289 834 1342 ἂν
867 1290 962 1343 ἐπὶ
993 1291 1248 1346 τοσοῦτον
1285 1291 1527 1363 ὠδύρετο
1563 1291 1766 1359 λέγων’
1811 1313 1830 1346 ι
1860 1295 1988 1347 "Av-

420 1381 640 1450 θρωπος
672 1381 734 1435 ὲν
765 1385 900 1453 τιμῇ
927 1381 1002 1435 ὢν
1029 1383 1090 1435 οὑ
1129 1383 1349 1452 συνῆκε.
1383 1384 1846 1456 Παρασυνεὸλήθη
1875 1389 1987 1449 τοῖς

417 1474 673 1546 ἀνοήτοις
703 1477 945 1546 κτήνεσι,
973 1476 1066 1529 καὶ
1091 1475 1348 1544 ὡμοιώθη
1382 1477 1618 1540 αὐτοῖς.»
1647 1477 1786 1530 Είδὲ
1813 1479 1986 1532 ταῦτα

413 1566 590 1630 οὕτως
622 1566 760 1636 ἔχει,
797 1567 849 1620 τί
881 1568 988 1638 χρὴ
1019 1569 1112 1621 καὶ
1161 1569 1342 1636 λέγειν
1368 1569 1396 1638 ἢ
1426 1571 1507 1622 ὅτι
1537 1569 1644 1639 πρὸ
1687 1570 1779 1623 τοῦ
1811 1588 1988 1640 παρα-

417 1657 618 1726 χθῆναι
646 1659 707 1711 τὸ
737 1658 890 1729 θῆλυ,
927 1661 1032 1728 πρὸ
1063 1659 1156 1713 τοῦ
1205 1660 1633 1730 συγχωρηθῆναι
1660 1661 1752 1714 τὸν
1781 1662 1984 1730 γάμον,

415 1749 550 1818 ἄλλη
587 1765 669 1813 τις
712 1750 744 1820 ἡ
793 1749 1060 1819 διαγωγὴ,
1111 1751 1201 1803 καὶ
1235 1751 1399 1822 ἑτέρα
1442 1751 1706 1816 ὡσαύτως
1752 1753 1836 1806 τοῦ
1874 1755 1980 1806 σώ-

419 1857 593 1910 ματος
626 1844 939 1914 κατασκευὴ
985 1846 1048 1913 τῇ
1085 1843 1420 1897 καταστάσει
1451 1845 1668 1905 πάντως
1697 1847 1882 1917 ἐκείνη
1913 1849 1978 1916 τῇ

421 1933 691 2003 πρότερον
722 1933 1031 2003 πρέπουσα,
1057 1933 1181 1986 καθ’
1205 1933 1273 2002 ἢν
1301 1933 1563 2004 ὁμότιμος
1594 1936 1702 1996 τοῖς
1733 1935 1984 2002 ἀγγέλοις

418 2023 447 2074 ὁ
479 2021 766 2092 ἄνθρωπος
807 2020 898 2093 ἦν.
936 2024 1059 2076 Ὅτι
1090 2024 1147 2076 δὲ
1191 2024 1361 2078 ταῦτα
1393 2023 1572 2088 οὕτως
1615 2020 1731 2094 εἶχε
1758 2025 1863 2097 πρὸ
1889 2027 1987 2095 τῆς

419 2114 772 2180 ἐκπτώσεως,
800 2116 941 2170 αὐτά
989 2133 1046 2168 σε
1082 2115 1189 2185 πρὸ
1221 2115 1316 2170 τοῦ
1357 2117 1518 2185 λόγου
1569 2117 1867 2171 διδασκέτω
1921 2118 1990 2172 τὰ

424 2204 753 2273 πράγματα.
778 2205 876 2258 Διά
907 2206 957 2258 τί
987 2207 1093 2274 γὰρ
1125 2208 1153 2258 ὁ
1183 2207 1397 2270 Παῦλος
1425 2209 1544 2271 ταῖς
1571 2209 1862 2279 παρθένοις
1894 2211 1990 2262 καὶ

420 2296 544 2357 ταῖς
579 2296 776 2366 χήραις
809 2299 991 2367 μεῖναι
1021 2298 1144 2350 κατ’
1183 2300 1392 2352 ἐκεῖνον
1440 2299 1782 2364 ὲπέτασσενς
1818 2301 1989 2371 Εἴπερ

417 2382 515 2442 οὖν
543 2388 639 2440 ἀπ’
667 2389 843 2460 ἀρχῆς
873 2390 1043 2460 ἄρσεν
1069 2391 1165 2444 καὶ
1193 2391 1329 2460 θῆλυ
1358 2391 1614 2463 ἐποίησεν
1639 2394 1665 2444 ό
1689 2391 1844 2457 Θεὸς,
1877 2394 1992 2455 πῶς

413 2479 468 2532 οἱ
501 2479 764 2548 όμόζυγοι
796 2482 923 2543 τοὺς
954 2482 1168 2551 γάμους
1199 2483 1374 2535 ἐνίοτε
1405 2482 1624 2545 λύοντες
1649 2485 1867 2546 ἑκόντες
1899 2484 1992 2536 ἀπ’

421 2571 672 2640 ἀλλήλων
705 2573 1045 2640 διίστανται;
1078 2575 1177 2629 Διὰ
1213 2575 1266 2628 τί
1297 2576 1392 2628 καὶ
1438 2575 1624 2648 ἀσιτία
1658 2575 1994 2643 προσταλαι-

423 2663 669 2734 πωροῦσί
696 2682 863 2731 τινες,
895 2667 989 2720 καὶ
1009 2669 1075 2737 τῇ
1102 2668 1265 2739 λοιπῇ
1295 2669 1567 2739 κακουχίᾳ
1589 2668 1682 2722 τοῦ
1713 2669 1993 2736 σώματος;

423 2755 520 2808 καὶ
553 2755 724 2810 ταῦτα
752 2757 846 2811 τοῦ
903 2757 1037 2811 Θεοῦ
1076 2759 1249 2830 μυρία
1300 2744 1722 2830 παραγαγόντος
1765 2760 1999 2830 ἐδώδιμα

426 2849 563 2918 πρὸς
617 2851 895 2919 ἡμετέραν
931 2851 1253 2905 ἀπόλαυσιν.
1306 2851 1543 2923 Εὔδηλον
1589 2850 1686 2907 οὖν
1728 2853 1809 2906 ὅτι
1865 2854 2000 2924 πρὸς

422 2943 522 3012 τὴν
565 2943 800 3012 ἀρχαίαν
848 2943 1064 3013 ἐκείνην
1098 2942 1244 3013 ζωὴν
1278 2941 1592 3014 ἀφορῶντες
1637 2945 1687 2997 oi
1720 2943 2000 3014 ἄνθρωποι

425 3035 522 3090 καὶ⁵
552 3035 853 3104 παρθενίαν
887 3035 1142 3101 ἀσκοῦσι,
1195 3037 1290 3090 καὶ
1331 3037 1545 3107 γάμους
1585 3037 1758 3090 ἐνίοτε
1791 3037 2000 3102 λύουσι,

2090 558 2494 628 perturbatione
2526 558 2779 613 videlicet
2839 573 2960 613 eam
3016 567 3425 625 antei-ertente;
3474 575 3664 629 quam--

2091 650 2282 704 obrem
2329 657 2585 720 tegrotam
2620 664 2740 702 eain
2770 658 2825 702 et
2850 663 3062 703 servam
3085 664 3208 704 esse
3241 649 3332 703 ille
3352 649 3663 720 Theologus

2090 743 2248 798 dixit.
2281 741 2581 796 Confirmat
2608 741 2724 796 haec
2776 741 2998 796 divinus
3043 742 3208 795 etiam
3259 742 3428 796 David
3464 742 3536 796 ita
3575 743 3664 797 di-

2086 849 2224 889 cens
2254 851 2268 887 :
2315 851 2335 886 ι
2367 834 2425 888 In
2459 833 2846 903 iniquitatibus
2873 840 3172 902 conceptus
3199 849 3342 898 sum,
3365 842 3421 888 et
3449 833 3504 886 in
3537 850 3666 903 pec-

2088 925 2228 980 catis
2249 925 2503 993 concepit
2531 939 2616 978 me
2653 933 2827 979 mater
2857 939 3000 978 mea.
3029 943 3047 976 l
3090 924 3146 978 Si
3185 925 3336 979 enim
3387 925 3533 979 haud
3588 926 3662 979 ita

2091 1031 2180 1070 res
2212 1031 2270 1071 se
2313 1016 2570 1081 habebat,
2601 1016 2780 1070 sinon
2814 1017 3104 1070 animalem
3143 1016 3284 1070 hanc
3313 1016 3473 1080 vidit,
3503 1024 3559 1071 et
3587 1017 3665 1070 ir-

2089 1107 2459 1163 ritationalem
2501 1110 2907 1178 generationem
2943 1108 3012 1163 ad
3057 1123 3220 1178 quam
3278 1110 3387 1173 ille,
3442 1110 3538 1180 qui
3593 1111 3664 1164 ad

2091 1201 2185 1256 Dei
2225 1201 2516 1274 imaginem
2547 1203 2720 1257 factus
2750 1201 2951 1266 fuerat,
3005 1217 3103 1272 per
3151 1203 3662 1271 praevaricationem

2090 1293 2360 1349 deductus
2383 1303 2486 1358 est,
2511 1308 2618 1348 non
2637 1295 2826 1362 utique
2848 1293 2985 1348 adeo
3013 1295 3405 1350 lamentaretur
3430 1297 3620 1351 dicens
3645 1313 3662 1350 :

2095 1403 2113 1435 ι
2158 1382 2334 1439 Homo
2363 1399 2485 1438 cum
2521 1384 2579 1438 in
2617 1387 2823 1440 honore
2858 1393 3005 1440 esset
3029 1400 3136 1439 non
3168 1387 3466 1452 intellexit,
3516 1403 3669 1442 com-

2088 1486 2312 1547 paratus
2333 1485 2416 1531 est
2446 1477 2712 1546 jumeutis
2749 1477 3232 1546 insipientibus,et
3258 1478 3456 1533 similis
3487 1479 3666 1534 factus

2089 1579 2176 1626 est
2204 1569 2333 1624 illis.
2365 1589 2383 1622 ι
2423 1569 2478 1625 Si
2509 1585 2636 1624 vero
2662 1571 2776 1624 haec
2810 1571 2883 1623 ita
2911 1587 2970 1625 se
3006 1571 3226 1637 habent,
3263 1572 3392 1641 quid
3417 1587 3555 1642 Opus
3583 1557 3671 1628 est

2088 1661 2271 1716 dicere
2292 1667 2472 1715 utrum
2502 1671 2801 1730 antequam
2826 1660 3028 1716 femina
3053 1662 3473 1730 produceretur,
3511 1672 3666 1717 ante-

2089 1763 2250 1818 quam
2282 1749 2728 1818 permitterentur
2779 1748 3008 1818 nuptiae,
3058 1749 3165 1806 alia
3205 1742 3475 1818 quaedam.
3505 1753 3671 1814 fuerit

2085 1839 2209 1895 vitae
2237 1839 2532 1902 institutio,
2563 1849 2619 1895 et
2648 1840 2817 1894 altera
2846 1843 3039 1895 eodem
3060 1839 3224 1894 modo
3246 1841 3494 1908 corporis
3526 1851 3670 1896 stru-

2086 1942 2243 1988 ctura
2303 1933 2379 1987 illi
2437 1933 2813 1988 universitatis
2859 1933 3268 1996 constitutioni,
3335 1949 3457 2002 quae
3515 1934 3670 2004 prius

2088 2020 2213 2086 fuit,
2246 2023 2602 2087 conveniens,
2652 2023 2956 2078 secundum
3007 2038 3169 2090 quam
3201 2023 3407 2092 angelis
3460 2025 3669 2078 honore

2090 2117 2256 2172 homo
2285 2125 2407 2171 erat
2437 2115 2682 2186 aequalis.
2716 2115 2840 2172 Haec
2871 2124 3052 2170 autem
3078 2116 3152 2169 ita
3180 2131 3237 2170 se
3261 2117 3516 2172 habuisse
3540 2127 3669 2172 ante

2091 2208 2304 2279 lapsum
2335 2223 2423 2262 res
2478 2209 2612 2278 ipsa:
2645 2223 2744 2278 pro
2803 2222 3055 2262 sermone
3117 2218 3170 2263 te
3235 2209 3487 2263 doceant.
3560 2209 3670 2264 Cur

2093 2305 2241 2354 enim
2269 2299 2474 2355 Paulus
2503 2300 2812 2370 virginibus
2859 2309 2918 2354 et
2950 2299 3131 2354 viduis
3165 2299 3236 2354 ita
3273 2316 3496 2355 manere
3546 2316 3670 2370 per-

2095 2392 2268 2454 misit,
2324 2391 2369 2447 si
2399 2392 2469 2446 ab
2507 2392 2666 2447 initio
2725 2393 2870 2447 Deus
2927 2392 3227 2447 masculum
3297 2402 3353 2447 et
3410 2394 3670 2448 feminam

2098 2483 2228 2537 fecit
2262 2483 2284 2534 ?
2315 2483 2600 2548 Quomodo
2650 2484 2909 2554 conjuges
2970 2485 3186 2554 nuptias
3248 2485 3518 2539 interdum
3576 2500 3674 2538 vo-

2099 2573 2339 2628 luntarie
2399 2575 2675 2630 solventes
2730 2575 2798 2629 ab
2854 2574 3086 2631 invicem
3145 2577 3503 2645 separantur?
3563 2577 3674 2632 Cur

2103 2665 2282 2719 inedia
2314 2680 2373 2719 se
2405 2665 2627 2734 quidam
2657 2663 2923 2734 amigud’t,
2955 2678 3012 2721 et
3054 2678 3252 2721 caetero
3291 2669 3540 2738 corporis
3578 2685 3676 2724 nco

2102 2759 2316 2829 glectu?
2348 2775 2472 2814 cum
2506 2766 2761 2814 sexcenta
2793 2761 2908 2815 haec
2933 2761 3112 2815 edulia
3146 2763 3308 2826 Deus,
3339 2773 3399 2818 ut
3427 2763 3495 2818 iis
3524 2763 3672 2820 frue-

2103 2867 2308 2917 remur,
2331 2853 2687 2921 produxerit?
2710 2852 2902 2923 Liquet
2933 2853 3098 2922 igitur
3119 2869 3243 2909 cum
3286 2855 3350 2909 ad
3392 2855 3672 2925 antiquam

2106 2942 2251 2996 illam
2312 2943 2478 2996 vitam
2539 2942 2790 2998 homines
2840 2944 3158 3012 respiciant,
3209 2953 3265 2998 et
3304 2943 3676 3015 virginitatem
3743 2927 3750 2936 ’

2109 3050 2352 3099 servare,
2393 3045 2448 3089 et
2481 3034 2704 3104 nuptias
2739 3035 3016 3090 interdum
3047 3036 3280 3099 solvere,
3327 3044 3382 3090 et
3438 3035 3674 3090 inediam

428 3128 521 3181 καὶ
550 3127 770 3181 ἀσιτίαν
809 3127 1174 3192 ἀσπάζονται,
1211 3129 1307 3182 καὶ
1341 3130 1536 3206 ,πᾶσαν
1588 3128 1756 3198 ἄλλην
1787 3129 1996 3198 ὑπομέ-

2104 3127 2384 3198 amplecti,
2414 3134 2468 3181 et
2501 3141 2720 3181 omnem
2773 3126 2934 3181 aliam
2987 3126 3342 3181 aﬁlictionem
3381 3127 3676 3182 sustinere.

395 3237 580 3274 Δνουσι
615 3221 885 3275 κάκωσιν.
921 3220 1064 3291 Θῆλυ
1116 3223 1248 3290 γὰρ,
1297 3221 1371 3284 ὡς
1411 3221 1655 3291 εἴρηται,
1686 3222 1780 3275 καὶ
1821 3221 2001 3290 γάμου

432 3314 698 3383 συνάφεια
731 3314 832 3366 οὐκ
861 3308 928 3384 ἦν
959 3311 1053 3366 ἀπ’
1083 3313 1284 3384 ἀρχῆς,
1323 3311 1486 3383 ἡνίκα
1516 3311 1722 3382 δηλαδὴ
1748 3312 1841 3364 τὸν
1875 3312 2000 3366 κατ’

427 3402 613 3454 εἰκόνα
648 3403 1000 3472 παρήγαγεν.
1046 3400 1107 3454 Ei
1155 3402 1212 3455 δὲ
1255 3401 1332 3473 μὴ
1378 3401 1549 3455 ταῦτα
1581 3402 1788 3471 παρῆν,
1817 3402 2000 3472 οὐδὲή

429 3491 538 3545 τῶν
568 3495 866 3562 σχημάτων
894 3493 1113 3554 πάντως
1133 3492 1370 3562 διαφορά
1390 3508 1402 3523 ·
1429 3493 1547 3556 πῶς
1569 3491 1700 3561 γάρ,
1723 3493 1839 3561 εἴγε
1864 3493 2002 3563 μετά

423 3583 522 3653 τὴν
551 3585 652 3650 τῆς
685 3584 893 3644 εἰκόνος
951 3584 1319 3654 κατασκευὴν,
1365 3585 1441 3648 ὡς
1496 3586 1525 3637 ό
1571 3585 1795 3656 Νύσσης
1845 3589 2000 3656 φησὶ,

423 3673 734 3724 τελευταῖον
768 3672 906 3741 αὕτη
940 3675 1293 3742 ἐπιτεχνᾶται
1322 3675 1401 3744 τῷ
1453 3674 1775 3746 πλάσματι;
1827 3677 2004 3745 Πρόσ-

425 3779 518 3833 εχε
566 3760 683 3816 οὖν.
735 3765 870 3816 Οὐδὲ
919 3766 1029 3834 γὰρ
1078 3764 1174 3816 ἀπ’
1233 3767 1432 3836 ἀρχῆς,
1481 3767 1557 3829 ὡς
1612 3767 1849 3838 εἴρηται,
1904 3767 2003 3839 τὴν

430 3858 691 3922 τοιαύτην
724 3854 948 3922 ἐποίησε
976 3855 1247 3924 διαφορὰν
1279 3857 1308 3910 ό
1339 3857 1473 3921 Θεός
1495 3872 1510 3887 ο
1541 3857 1654 3910 ἀλλ’
1685 3857 1847 3922 αὐτὸς
1876 3859 2004 3912 ἑαυ-

428 3947 506 4014 τῷ
529 3945 898 4016 προύξένησεν
931 3945 1159 4016 ὕστερον
1183 3949 1211 4000 ό
1243 3948 1460 4018 πρῶτος
1492 3948 1687 4017 Ἀδὰμ,
1719 3950 2003 4006 ἐκπίπτων

430 4036 533 4106 ἤδη
586 4036 688 4106 τῆς
740 4037 1242 4107 τελειότητος.Καὶ
1295 4039 1402 4110 γὰρ
1457 4039 1505 4092 εί
1560 4041 1637 4111 μὴ
1688 4042 2006 4112 παραβῆναι

402 4126 688 4196 ἔμελλεν,
740 4128 788 4180 εί
845 4127 920 4196 μὴ
976 4131 1164 4181 πεσεῖν
1197 4130 1279 4190 είς
1337 4127 1548 4200 φθοράν
1606 4124 2028 4195 ὲκινδύνευσενξ

427 4220 528 4274 οὐκ
558 4219 625 4272 ἂν
670 4217 795 4288 ἔσχε
832 4219 1037 4291 χώραν,
1071 4219 1145 4282 ὡς
1181 4220 1292 4274 ἄνω
1336 4220 1669 4291 διείληπται.
1719 4222 1829 4276 τῶν
1875 4239 2007 4293 σχη-

433 4311 620 4378 μάτων
645 4309 879 4380 διαφορὰ
907 4309 1001 4362 τοῦ
1040 4326 1099 4362 τε
1127 4310 1355 4380 ἄρσενος
1395 4312 1489 4364 καὶ
1521 4311 1732 4382 θήλεος.

2103 3219 2328 3274 Femina
2361 3218 2530 3285 enim,
2575 3227 2634 3273 ut
2675 3219 2883 3274 dictum
2909 3228 3020 3284 est,
3051 3229 3106 3275 et
3137 3220 3448 3289 nuptiarum
3508 3236 3680 3274 nexus

2104 3324 2133 3362 a
2161 3309 2434 3380 principio
2462 3323 2571 3364 non
2605 3317 2744 3375 erat,
2773 3325 2897 3364 cum
2932 3309 3077 3364 Deus
3109 3310 3363 3365 videlicet
3394 3311 3546 3366 illum
3575 3312 3680 3366 ho-

2105 3402 2306 3454 minem
2336 3401 2403 3455 ad
2441 3401 2732 3470 imaginem
2766 3416 2918 3457 suam
2961 3402 3240 3472 produxit.
3291 3402 3347 3457 Si
3393 3403 3510 3458 haec
3552 3421 3681 3458 vero

2106 3505 2215 3545 non
2243 3490 2496 3555 aderant,
2531 3505 2710 3560 neque
2736 3493 2962 3547 omnino
2991 3501 3111 3547 erat
3173 3493 3469 3564 ﬁgurarum
3517 3495 3683 3550 diﬁc-

2105 3579 2300 3633 rentia.
2341 3578 2629 3645 Quomodo
2659 3581 2804 3636 enim
2843 3582 2886 3636 si
2934 3591 3058 3650 post
3118 3582 3368 3652 imaginis
3423 3595 3680 3639 constru~

2104 3673 2338 3726 ctionem
2368 3681 2432 3725 ut
2471 3671 2750 3741 Nysseiius
2778 3673 2875 3736 ait,
2910 3673 3026 3727 haec
3049 3683 3386 3742 postremum
3420 3675 3680 3745 ﬁgmento

2105 3761 2542 3832 superaediﬁcata
2599 3762 2715 3816 est?
2774 3763 3011 3818 Attende
3058 3764 3243 3830 igitur.
3290 3763 3479 3833 Neque
3532 3767 3677 3819 enim

2108 3852 2398 3921 principio,
2441 3861 2501 3906 ut
2529 3851 2789 3913 diximus.
2827 3854 3092 3923 ejusmodi
3125 3855 3493 3910 diﬁ'erentiam
3536 3855 3682 3911 Deus

2107 3943 2257 4006 fecit,
2298 3943 2390 3998 sed
2421 3943 2532 4011 ipse
2567 3944 2667 3998 sibi
2698 3959 2817 3998 eam
2851 3945 3062 4014 primus
3091 3945 3352 4011 Adamus,
3387 3963 3512 4001 cum
3553 3963 3680 4017 per-

2107 4033 2345 4089 fectione
2371 4033 2482 4104 jam
2509 4035 2824 4096 excidisset,
2865 4036 3158 4090 novissime
3189 4038 3526 4091 conciliavit.
3555 4039 3681 4092 Ete-

2109 4124 2220 4179 nim
2238 4126 2347 4181 nisi
2378 4134 2821 4196 transgressurus
2840 4127 3054 4194 l‘uisset,
3069 4129 3172 4183 nisi
3197 4131 3250 4182 in
3269 4132 3679 4199 corruptionem

2107 4216 2304 4272 cadere
2329 4219 2667 4287 periclitatus
2695 4229 2861 4284 esset,
2903 4220 3043 4274 haud
3089 4222 3302 4291 utique,
3331 4231 3392 4276 ut
3444 4226 3554 4288 jam
3593 4238 3682 4278 su-

2109 4308 2298 4377 perius
2329 4308 2656 4365 aﬁirmatum
2695 4321 2801 4376 est,
2853 4312 3174 4381 ﬁgurarum,
3241 4315 3406 4369 maris
3471 4315 3682 4370 scilicet

2113 4400 2463 4472 feminaque,
2491 4403 2785 4458 discrimen
2814 4403 2995 4458 locum
3025 4405 3324 4459 habuisset.

505 4484 567 4536 El
601 4483 656 4537 δὲ
689 4485 787 4554 μὲν
817 4483 932 4550 οὖν,
961 4483 1246 4551 ὁσιώτατε,
1278 4485 1528 4558 καθάπερ
1556 4487 1606 4542 οί
1641 4487 1864 4552 πλείους
1895 4506 1996 4558 φα-

2177 4493 2330 4564 Opus
2351 4470 2475 4549 erat
2505 4494 2691 4566 igitur,
2725 4510 2758 4549 o
2790 4495 2873 4548 vir
2903 4495 3272 4558 sanctissime,
3325 4507 3384 4549 ut
3429 4497 3681 4566 plerique

437 4579 512 4642 ci,
541 4576 641 4646 τὴν
673 4577 768 4629 τοῦ
797 4577 971 4648 Ἀδὰμ
999 4578 1258 4646 γενέσθαι
1285 4580 1554 4649 πρότερον
1581 4579 1881 4646 ἔκπτωσιν,
1907 4580 2003 4632 καὶ

430 4667 553 4720 τότε
606 4668 667 4720 τὸ
719 4669 853 4738 θῆλυ
904 4671 1279 4742 παραχθῆναι,
1325 4670 1400 4733 ὡς
1441 4670 1714 4734 ἐντεῦθεν,
1754 4671 2003 4742 εὐπαρά-

433 4757 600 4812 δεκτα
635 4755 772 4812 εἶναι
793 4761 946 4813 δοκεῖ
969 4761 1038 4814 τὰ
1073 4761 1345 4831 λεγόμενα
1368 4779 1382 4794 ο
1417 4761 1531 4814 ἀλλ’
1563 4762 1766 4816 εἰδέναι
1791 4762 2003 4831 ὀφείλο-

435 4865 537 4918 μεν
564 4851 648 4903 ὅτι
700 4851 733 4920 ἡ
775 4849 884 4905 ἀπὸ
936 4851 1036 4920 τῆς
1090 4851 1334 4922 πλευρᾶς
1382 4851 1476 4905 τοῦ
1509 4853 1682 4922 Ἀδὰμ
1709 4852 1810 4922 τῆς
1855 4851 2003 4916 Εὔας

432 4942 745 5014 παραγωγὴ
775 4944 869 4998 καὶ
919 4943 1062 4998 πάνυ
1106 4947 1382 5014 ἀναγκαία
1417 4947 1493 5018 τῷ
1531 4947 1653 5000 τότε
1717 4949 2003 5017 ἐτύγχανε.

431 5035 587 5099 Τίνος
621 5036 844 5103 ἓνεκενς
879 5038 1045 5090 Ὥστε
1078 5039 1154 5109 μὴ
1182 5039 1403 5108 φύσεως
1430 5041 1603 5111 αὐτὴν
1633 5041 1824 5113 ἑτέρας
1852 5042 2006 5113 νομί·

431 5127 620 5194 ζεσθαι
649 5129 737 5183 διά
765 5128 826 5182 τὸ
867 5131 1106 5200 ἑτεροῖον
1143 5129 1238 5183 τοῦ
1275 5133 1580 5201 σχήματος,
1631 5134 1724 5185 καὶ
1753 5134 1897 5195 ὅπως
1924 5135 2003 5196 εἰς

431 5221 684 5289 ὁμόνοιαν
713 5220 898 5294 ἀγάγῃ
924 5221 994 5273 τὰ
1022 5221 1153 5290 γένη
1195 5223 1288 5276 καὶ
1333 5225 1574 5293 φυσικήν
1613 5241 1734 5277 τινα
1767 5223 2005 5294 στοργήν

432 5311 716 5385 ἐντεθῆναι
747 5314 1146 5386 παρασκευάσῃ
1188 5315 1388 5378 αὐτοῖς.
1420 5315 1563 5386 Πρὸς
1589 5316 1798 5378 τούτοις
1825 5315 1881 5368 δὲ
1913 5315 2008 5369 καὶ

508 5496 623 5571 (ὃῇ
660 5498 854 5571 Glycas
887 5509 1071 5571 noster
1105 5500 1391 5554 Annalium
1423 5509 1564 5569 part.
1598 5517 1652 5555 ιι
1684 5501 2005 5569 ’Λναγκαῖον

433 5569 544 5640 γάρ
572 5566 638 5640 ἦν
675 5566 748 5640 μῆ
791 5571 888 5639 τὴν
920 5569 1064 5624 Εὔαν
1125 5571 1233 5623 ἀπὸ
1261 5571 1365 5638 γῆς
1395 5566 1700 5640 προελθεῖν,
1741 5566 1857 5624 ἀλλ’
1896 5573 2004 5626 άπὸ

435 5638 536 5710 τῆς
565 5638 752 5703 οὐσίας
777 5638 870 5692 τοῦ
917 5641 1111 5710 Ἀδάμ,
1157 5641 1232 5702 ὡς
1273 5638 1522 5692 ἐντεῦθεν
1586 5642 1812 5710 φίλτρον
1853 5643 2003 5696 ἐντε-

441 5707 606 5779 θῆναι
675 5711 787 5772 τοῖς
858 5707 1172 5778 ὁμοζύγοις.
1239 5707 1621 5779 Augustinus,
1678 5707 1774 5764 lib.
1819 5728 1870 5767 ιι
1927 5713 2003 5766 De

438 5777 622 5837 Cenes.
667 5780 735 5832 ad
787 5777 925 5834 (iter.
951 5777 1072 5851 cap.
1109 5783 1208 5836 15:
1239 5777 1376 5845 Quid
1413 5796 1533 5851 ergo
1564 5782 1662 5836 sibi
1707 5782 1812 5836 vult
1840 5783 2001 5836 etiam

751 5876 1018 5944 l’A'rnoL.
1067 5874 1183 5936 Gn.
1221 5873 1487 5935 CLVlll.

2108 4589 2354 4652 tradunt,
2386 4597 2445 4641 ut
2469 4587 2658 4642 Adami
2691 4586 2850 4642 ruina
2879 4588 3030 4658 prius
3058 4587 3419 4656 contingeret,
3449 4597 3504 4642 et
3553 4599 3683 4643 tunc

2108 4679 2310 4734 femina
2351 4678 2773 4749 produceretur,
2827 4690 2888 4734 ut
2932 4681 3060 4735 hinc
3109 4696 3192 4748 ea,
3242 4695 3362 4750 qua:
3399 4682 3680 4746 dicuntur,

2111 4768 2614 4839 facile,recipicnda
2645 4771 2957 4827 videantur.
2987 4771 3105 4826 Non
3127 4759 3228 4829 “est
3294 4781 3475 4825 tamen
3527 4773 3680 4842 igno-

2113 4863 2344 4918 randum
2379 4862 2504 4916 Evae
2543 4877 2609 4916 ex
2641 4862 2833 4917 Adami
2881 4863 3051 4918 latere
3095 4863 3514 4932 productionem
3582 4865 3685 4918 ho-

2115 4953 2248 5007 mini
2272 4951 2327 5005 in
2358 4961 2642 5022 peccatum
2673 4953 2826 5023 lapso
2855 4954 3222 5007 necessariam
3247 4953 3472 5007 omnino
3493 4952 3685 5009 fuisse.

2109 5043 2276 5111 Cujus
2317 5043 2393 5096 rei
2429 5043 2637 5112 gratia?
2667 5043 2747 5098 Ne
2777 5043 2990 5098 scilicet
3036 5044 3152 5114 ipsa
3206 5044 3437 5099 alterius
3473 5056 3688 5102 naturae

2111 5142 2437 5188 censeretur
2461 5141 2684 5204 propter
2701 5133 2885 5206 ﬁgurae
2905 5135 3304 5202 diversitatem,
3329 5146 3381 5191 et
3410 5143 3467 5190 ut
3488 5152 3688 5208 genera

2111 5223 2176 5278 ad
2213 5223 2636 5278 consensionem
2667 5234 2719 5280 et
2747 5226 3101 5281 concordiam
3156 5227 3478 5294 adduceret,
3506 5237 3560 5282 et
3589 5242 3690 5280 na-

2112 5316 2342 5370 turalem
2375 5316 2667 5386 quemdam
2698 5333 2945 5374 amorem
2997 5317 3076 5374 eis
3103 5318 3500 5390 inderet_(8l).
3558 5319 3687 5371 Erat

2113 5503 2270 5570 illud,
2299 5505 2438 5573 quod
2497 5501 2687 5556 mulier
2743 5503 2844 5574 viri
2894 5505 2958 5559 de
3009 5505 3172 5559 latere
3231 5505 3372 5574 facta
3426 5511 3500 5556 est
3543 5503 3569 5555 .’
3604 5502 3690 5562 Ye-

2113 5591 2229 5627 rum
2258 5588 2386 5638 esto,
2417 5585 2628 5641 propter
2652 5573 2822 5642 ipsius
2870 5573 3254 5642 conjunctionis
3294 5577 3397 5626 vim
3428 5589 3692 5642 commen-

2111 5644 2347 5698 dandam
2405 5646 2498 5697 hoc
2525 5655 2603 5696 ita
2625 5641 2738 5710 ﬁeri
2785 5641 3079 5710 oportuisse
3105 5645 3396 5697 credamus.
3416 5641 3687 5696 Caeterum

2108 5714 2396 5784 Cajetanus
2448 5715 2590 5768 hanc
2622 5711 2744 5784 Eva;
2779 5728 2841 5768 ex
2872 5713 3066 5767 Adami
3099 5723 3250 5768 cnsui
3273 5711 3689 5784 productionem

2113 5781 2280 5840 totam
2315 5783 2696 5855 ἀλληγορικῶς
2726 5783 3121 5854 interpretatur
3174 5791 3231 5836 et
3265 5781 3518 5852 explicat,
3553 5797 3689 5838 con-

3123 5872 3267 5954 εδ
