4048 6442
511 343 611 407 ’ΠΙ

1805 349 1862 408 Μ
1872 345 2232 409 lCHAELIS
2271 346 2533 408 GLYCrE

3674 350 3772 414 7'12

509 459 730 529 insuper
760 458 1144 512 necessarium
1181 468 1239 514 ut
1270 458 1716 517 benedictionem
1764 462 1874 533 ipsi
1910 462 2090 533 parti-

2201 464 2512 531 μετασχεῖν
2543 461 2743 522 αὑτοὺς
2778 460 3033 528 εὐλογίαν
3067 458 3373 528 ἀναγκαῖον
3399 455 3491 532 ἦν.
3552 461 3620 522 Ως
3644 464 3777 541 ἐνδή-

509 551 779 619 ciparcnt,
817 560 875 601 ut
941 559 1144 604 natura
1207 561 1402 620 potens
1461 553 1821 623 reperiretur,
1876 553 2097 623 quando

507 643 717 711 nuptias
741 643 1078 712 principium
1122 643 1391 699 habuere.
1434 646 1704 711 Quoniam
1750 646 1920 718 igitur
1974 645 2099 701 talis

510 731 636 784 Eva:
657 731 950 787 mdiﬁcatio
984 732 1306 798 festinabat,
1334 744 1395 788 ut
1424 733 1635 791 dictum
1662 745 1766 801 est,
1804 736 1947 791 Deus
1974 750 2095 791 eam

507 826 670 882 etiam
698 835 992 896 antequam
1024 826 1273 883 Adamus
1309 828 1555 892 caderet,
1588 827 1937 899 praeveniens
1965 827 2097 884 εσθ-

507 918 606 972 cit.
631 917 759 972 Post
785 918 906 989 ejus
938 917 1087 973 enim
1123 918 1342 989 lapsum
1372 920 1597 975 creandi
1617 927 1835 990 tempus
1857 920 2097 990 amplius

505 1025 617 1064 non
657 1018 812 1075 erat;
846 1012 940 1065 sed
978 1011 1320 1074 maledictio,
1357 1021 1412 1065 et
1440 1011 1519 1065 ira
1546 1052 1561 1077 ,
1593 1011 1753 1066 dolor
1780 1020 1835 1067 et
1866 1025 2094 1075 mceror,

504 1103 690 1159 vultus
715 1103 882 1159 sudor
911 1104 969 1158 in
995 1098 1195 1160 atﬂicta
1229 1106 1364 1170 vita,
1391 1105 1748 1175 pellicearum
1782 1105 2093 1160 tunicarum

506 1195 760 1260 amictus,
793 1203 847 1250 et
875 1195 932 1250 in
962 1204 1169 1265 terram
1199 1196 1467 1251 reversio.
1507 1194 1624 1250 Tali
1667 1210 1798 1251 vero
1840 1205 2095 1267 tempore

503 1298 711 1344 costam
745 1286 988 1355 auferre,
1024 1288 1191 1343 Evam
1220 1288 1512 1354 fabricare,
1543 1299 1598 1345 et
1623 1290 1704 1344 eis
1743 1289 2093 1353 benedicere,

464 1382 654 1436 “haud
708 1382 868 1445 satis,
916 1390 978 1435 ut
1040 1382 1322 1450 arbitror,
1361 1392 1481 1436 erat
1531 1391 1925 1452 opportunum.
1983 1381 2095 1436 Nec

506 1490 614 1544 que
666 1475 813 1529 enim
882 1482 1014 1530 tunc
1047 1460 1449 1530 benedictionis
1476 1483 1692 1545 tempus
1716 1517 1731 1540 ,
1765 1474 1860 1528 sed
1899 1475 1995 1529 irae
2041 1483 2098 1528 et

506 1563 932 1629 maledictiouis,
980 1574 1037 1619 et
1084 1564 1429 1629 aversiouis,
1470 1575 1525 1621 et
1581 1566 1792 1620 mortis.
1840 1585 1858 1613 ε
1922 1563 2093 1618 Terra

505 1656 675 1719 enim,
717 1655 913 1725 inquit,
944 1671 1031 1717 es,
1080 1664 1137 1710 et
1184 1655 1238 1711 in
1275 1663 1476 1712 terram
1525 1658 1720 1714 abibis.
1766 1657 2094 1738 rPropterea

2202 570 2376 623 ναμον
2419 552 2676 608 ἔντεῦθεν
2720 554 3015 624 εὑρεθῆναι
3062 554 3160 623 τὴν
3195 554 3366 624 φύσιν
3402 556 3511 624 ὅπη
3546 572 3607 623 γε
3649 561 3777 613 κατὰ

2201 643 2296 699 τοῦ
2326 645 2511 715 γάμου
2546 644 2691 715 λάση
2735 646 2934 716 ἀρχήν.
2995 645 3215 716 Ἐπειδὴ
3263 646 3455 700 τοίνυν
3486 648 3522 715 ἡ
3568 650 3776 720 τοιαύτη

2201 738 2302 808 τῆς
2338 737 2486 803 Εὔας
2526 738 2788 810 οἰκοδομὴ
2840 738 3253 808 κατεπείγουσα
3299 734 3397 810 ἦν,
3429 739 3506 803 ὡς
3536 740 3779 811 προείρη.

2198 846 2312 892 ται,
2342 828 2655 900 προφθάνει
2689 831 2929 898 ποιήσας
2961 830 3136 901 αὐτὴν
3167 831 3197 883 6
3236 829 3378 893 Θεὸς
3421 833 3520 885 καὶ
3552 833 3657 902 πρὸ
3693 832 3776 887 τοῦ

2202 923 2393 976 πεσεῖν
2426 922 2520 977 τὸν
2566 921 2742 991 Ἀδάμ
2769 936 2786 953 ⁸
2842 922 2984 992 μετὰ
3035 923 3146 994 γὰρ
3178 923 3240 976 τὸ
3279 926 3478 976 πεσεῖν
3505 924 3663 977 αὑτὸν
3687 925 3777 978 οὐκ

2198 1013 2280 1069 ἔτι
2304 1012 2671 1084 δημιουργίας
2701 1014 2923 1086 ὑπῆρχε
2955 1014 3170 1085 καιρὸς,
3203 1013 3348 1068 ἀλλά
3378 1032 3433 1069 τι
3460 1015 3669 1085 κατάρα
3692 1017 3776 1068 καὶ

2197 1105 2359 1175 ὀργὴ,
2391 1106 2558 1175 ὀδύνη
2589 1110 2687 1163 καὶ
2722 1106 2891 1177 λύπη,
2926 1106 3226 1177 προσώπου
3295 1105 3484 1176 ἱδρὼς,
3523 1105 3774 1170 ἐπώδυνος

2201 1197 2381 1267 βιοτὴ,
2426 1197 2671 1269 χιτώνων
2707 1199 3053 1271 δερματίνων
3115 1200 3410 1273 περιϐολὴ,
3443 1202 3542 1256 καὶ
3599 1202 3774 1273 πρὸς*

2199 1290 2584 1362 ἀποστροφήν.
2632 1290 2722 1345 Ἑν
2777 1292 3013 1363 τοιούτῳ
3068 1294 3251 1347 τοίνυν
3305 1293 3495 1363 καιρῷ
3552 1292 3775 1364 πλευρὰν
3847 1366 3852 1371 θ

2201 1383 2487 1452 ἀφαιρεῖν,
2524 1380 2672 1438 Εὕαν
2724 1385 3033 1447 οἰκοδομεῖν
3088 1387 3183 1440 καὶ
3238 1385 3559 1455 εὐεργετεῖν
3599 1385 3776 1445 αὐτοὺς

2198 1475 2595 1544 ἁπρόσδεκτον,
2651 1476 2728 1539 ὡς
2761 1472 2940 1546 οἶμαι,
2989 1476 3087 1531 καὶ
3131 1476 3257 1532 λίαν
3290 1477 3623 1547 ἐτύγχανεν.
3656 1475 3776 1530 Οὐδὲ

2205 1567 2317 1636 γὰρ
2368 1565 2623 1635 εὐλογίας
2677 1569 2987 1637 τηνικαῦτα
3043 1570 3257 1639 καιρὸς,
3317 1569 3437 1622 ἀλλ’
3482 1568 3647 1640 ὀργῆς
3691 1568 3776 1623 καὶ

2203 1657 2371 1726 ἀρᾶς,
2399 1657 2495 1709 καὶ
2529 1657 2883 1729 ἀποστροφῆς
2936 1660 3034 1713 καὶ
3063 1659 3318 1741 θανάτου.
3362 1679 3383 1712 ι
3408 1660 3487 1729 Γῆ
3523 1661 3648 1729 γὰρ,
3677 1675 3772 1729 φη-

505 1763 560 1806 et
633 1763 931 1821 antequam
998 1736 1243 1808 Adamus
1308 1752 1573 1814 caderet,
1629 1768 1697 1808 ex
1757 1753 1880 1823 ejus
1939 1736 2092 1807 costa

2203 1751 2310 1815 σίν,
2357 1743 2431 1812 εὶ,
2465 1751 2562 1803 καὶ
2594 1751 2678 1812 είς
2708 1752 2815 1823 γῆν
2865 1736 3240 1807 emicem.)
3279 1753 3384 1807 Διὰ
3417 1753 3472 1807 τί
3508 1751 3663 1807 τοῦτο
3691 1754 3772 1805 καὶ

506 1845 674 1899 Evam
706 1836 1016 1910 ‘prmluxit.
1054 1844 1358 1899 secundum
1403 1845 1621 1900 veniam
1674 1854 1860 1901 tamen
1911 1844 2094 1899 omni-

505 1950 611 2000 no,
678 1942 737 1988 ut
789 1933 1047 2004 superius
1092 1934 1298 1990 dictum
1368 1943 1475 1989 est.
1538 1934 1793 1997 Etenim,
1848 1936 1953 1989 nisi
2016 1932 2094 1989 ita

501 2040 591 2081 res
648 2042 708 2083 se
788 2026 1077 2082 habuisset
1107 2068 1147 2093 ,.
1198 2042 1311 2082 non
1372 2029 1651 2082 maximus
1725 2028 1817 2082 ille
1884 2028 2093 2084 Paulus

499 2120 732 2176 dixisset
760 2137 773 2174 :
809 2139 828 2173 ι
860 2121 1073 2175 Bonum
1099 2129 1186 2176 est
1214 2119 1501 2175 mulierem
1525 2135 1636 2175 non
1661 2119 1950 2192 attingere.
1986 2139 2006 2174 ι
2028 2121 2095 2177 Ει

500 2213 633 2283 quid
664 2226 805 2284 opus
834 2221 919 2268 est
956 2211 1249 2283 prolixiori
1296 2226 1553 2268 sermone
1603 2213 1707 2276 uti,
1745 2212 2093 2284 quandoqui-

500 2308 627 2361 dem
670 2305 763 2376 qui
795 2320 825 2360 a
856 2305 1136 2376 principio
1167 2306 1447 2376 produxit,
1479 2304 1570 2359 ille
1598 2304 1654 2360 in
1693 2304 1863 2361 Paulo
1901 2304 2094 2377 loque-

504 2401 687 2462 batur,
717 2406 775 2453 et
823 2396 929 2452 nisi
987 2397 1295 2452 secundum
1357 2397 1576 2452 veniam
1634 2384 1896 2453 feminam
1964 2408 2093 2454 tunc

511 2491 900 2562 produxisset,
936 2490 1087 2547 haud
1122 2490 1402 2561 posterius
1427 2491 1684 2560 equidem
1730 2507 1829 2563 per
1859 2491 2093 2547 Paulum

506 2585 794 2639 mulierem
831 2583 1060 2638 minime
1096 2584 1370 2654 attingere
1403 2585 1707 2642 suasisset?
1764 2586 1904 2643 Hinc
1941 2589 2091 2644 enim

502 2678 744 2735 ostendit
767 2687 896 2734 ante
920 2677 1136 2740 femina:
1162 2652 1580 2747 prod‘uctionem
1611 2678 1772 2735 aliam
1796 2681 2091 2752 quamdam

502 2770 792 2826 sublimem
850 2776 908 2823 et
963 2768 1229 2839 angelicae
1298 2769 1603 2825 conditioni
1664 2785 1849 2841 parem
1922 2773 2091 2827 vitam

502 2864 693 2921 fuisse.
729 2861 1030 2932 Propterea
1063 2861 1211 2915 enim
1243 2860 1372 2915 alibi
1406 2861 1556 2916 illam
1588 2862 1872 2921 adducens
1904 2864 2083 2920 dixit:

506 2977 523 3007 ι
561 2955 664 3022 Qui
698 2963 883 3025 potest
904 2968 1104 3024 capere
1128 2954 1331 3026 capiat.
1374 2974 1393 3005 ι
1424 2954 1551 3009 Ηιυο
1590 2966 1777 3012 autem
1814 2956 1887 3012 ita
1911 2973 1970 3012 se
1996 2959 2092 3014 ha-

502 3050 659 3114 bere,
701 3058 758 3104 et
785 3047 1086 3104 sublimem
1115 3047 1489 3119 angelieaeque
1531 3064 1721 3120 parem
1758 3050 1923 3107 vitam
1964 3061 2094 3107 ante

2201 1841 2311 1909 πρὸ
2349 1839 2444 1894 τοῦ
2497 1842 2690 1895 πεσεῖν
2735 1842 2828 1894 τὸν
2875 1842 3051 1914 ’Δδὰμ
3094 1843 3452 1915 εις-πλευρᾶς
3494 1843 3656 1899 αὐτοῦ
3686 1846 3773 1910 τὴν

2198 1928 2346 1985 Εὔαν
2370 1933 2736 2003 παρήγαγεν;
2766 1933 2928 1988 Κατὰ
2960 1935 3324 2009 συγχώρησιν
3346 1936 3408 1990 δὲ
3441 1936 3677 2002 πάντως,
3707 1935 3771 1995 ὡς

2198 2020 2407 2078 ἄνωθεν
2428 2023 2668 2093 είρηται.
2711 2026 2824 2079 Καὶ
2853 2025 2964 2098 γὰρ
2999 2030 3048 2082 εί
3086 2028 3162 2099 μὴ
3189 2027 3358 2083 τοῦτο
3402 2023 3495 2101 ἦν,
3534 2027 3634 2082 οὐκ
3662 2027 3722 2081 ἂν
3748 2029 3773 2078 ὁ
3823 2056 3829 2062 -

2198 2114 2502 2185 πάμμεγας
2555 2115 2713 2185 ἔλεγε
2775 2115 3028 2182 Παῦλοςο
3089 2137 3108 2170 ι
3143 2119 3333 2174 Καλὸν
3396 2118 3472 2191 μὴ
3526 2117 3771 2173 ἃπτεσθτιι

2198 2210 2486 2277 γυναικός.
2526 2228 2545 2261 ι
2590 2210 2702 2264 Καὶ
2753 2211 2805 2264 τί
2855 2213 2965 2284 χρὴ
3019 2213 3193 2268 πολλὰ
3245 2214 3457 2283 λέγειν,
3519 2215 3601 2266 ὅτι
3651 2212 3770 2278 θῆλυ

2198 2304 2551 2373 παρήγαγεν,
2597 2306 2699 2360 οὐκ
2758 2306 2826 2360 ἂν
2883 2305 3114 2377 ὕστερον
3167 2306 3259 2362 διὰ
3302 2308 3401 2362 τοῦ
3452 2306 3662 2363 Παύλου
3705 2306 3769 2374 μὴ

2197 2395 2470 2451 ἅπτεσθαι
2498 2397 2761 2467 γυναικὸς
2789 2399 3169 2456 συνεϐούλευε.
3214 2402 3571 2474 Παραγαγὼν
3596 2402 3652 2469 ἐξ
3679 2401 3769 2471 ἀρ·

2200 2489 2300 2559 χῆς
2337 2490 2546 2554 tacetve;
2572 2487 2642 2560 ἦν
2675 2494 2732 2544 ἒν
2764 2491 2844 2562 τῷ
2874 2492 3074 2564 Παύλῳ
3098 2492 3305 2559 λαλῶν,
3344 2495 3442 2548 καὶ
3465 2496 3513 2547 εί
3546 2494 3616 2567 μὴ
3643 2492 3769 2546 κατὰ

2198 2581 2537 2653 συγγνώμην
2567 2582 2692 2637 τότε
2729 2584 2791 2638 τὸ
2838 2585 2974 2655 θῆλυ
3010 2586 3364 2657 παρήγαγεν.
3406 2586 3652 2640 Δείκνυσι
3674 2585 3768 2652 γὰρ

2201 2674 2455 2729 ἐντεῦθεν
2483 2675 2565 2729 ὅτι
2596 2676 2707 2747 πρὸ
2745 2677 2849 2747 τῆς
2881 2677 2977 2733 τοῦ
3014 2678 3206 2745 θήλεος
3246 2679 3593 2752 παραγωγῆς
3624 2678 3767 2743 ἑτέρα

2197 2766 2311 2839 ζωή
2341 2784 2427 2833 τις
2455 2763 2524 2842 ἦν
2555 2769 2737 2840 ὑψηλὴ
2771 2772 2867 2824 καὶ
2919 2770 3232 2840 ίσάγγελος.
3262 2771 3425 2826 Κατὰ
3473 2771 3582 2841 γὰρ
3627 2767 3767 2821 τοῦτο

2199 2865 2294 2917 καὶ
2319 2862 2559 2935 ἀλλαχοῦ
2589 2863 2723 2935 πρὸς
2749 2864 2969 2935 ἐκείνην
2992 2866 3233 2935 ἀνάγων,
3257 2867 3475 2936 ἔλεγεν
3503 2883 3521 2919 ι
3541 2862 3602 2919 Ὀ
3626 2861 3764 2916 δυνά-

2204 2972 2367 3023 μενος
2430 2956 2656 3026 χωρεῖν,
2718 2955 2990 3029 χωρείτω.
3023 2975 3042 3008 ι
3082 2958 3206 3012 Ὅτι
3268 2959 3328 3012 δὲ
3386 2958 3561 3014 ταῦτα
3612 2954 3764 3015 οὕτως

2197 3048 2333 3119 ἔχει,
2367 3050 2465 3103 καὶ
2490 3049 2576 3102 ὅτι
2608 3049 2712 3120 πρὸ
2740 3049 2845 3119 τῆς
2877 3052 3220 3124 παραγωγῆς
3252 3051 3355 3108 τοῦ
3388 3051 3578 3123 θήλεος
3604 3048 3764 3120 ὕψηὶὴ

497 3140 720 3198 feminae
750 3140 1177 3212 productionem
1224 3140 1397 3196 fuisse
1419 3184 1433 3204 ,
1469 3142 1793 3198 constitutio
1820 3142 1932 3208 illa,
1975 3159 2092 3215 qua:

2205 3143 2301 3196 καὶ
2333 3141 2623 3210 ίσάγγελος
2653 3138 2721 3214 ἦν
2751 3142 2782 3213 ἢ
2818 3141 2960 3214 ζωὴ,
3006 3143 3253 3199 δείκνυσι
3299 3145 3462 3200 τοῦτο
3518 3143 3764 3213 σαφέστεο

497 3243 773 3305 speratur,
807 3233 1157 3289 manifestius
1180 3234 1446 3289 ostendit.
1468 3232 1655 3304 Neque
1674 3236 1950 3293 admirere
1968 3253 2092 3307 pro-

498 3327 789 3398 ptereazsi
821 3326 1133 3382 caelibatum
1181 3325 1237 3379 in
1291 3324 1477 3382 futura
1528 3328 1637 3382 vita
1659 3328 1925 3383 Dominus
1972 3345 2092 3397 pro-

498 3419 700 3476 mittit:
722 3418 921 3483 Erunt,
948 3417 1352 3488 inquit,omnes
1380 3426 1440 3473 ut
1469 3418 1647 3490 angeli
1678 3418 1773 3475 Dei
1799 3419 2092 3491 (82).Qua-

498 3514 1014 3587 propterNyssenus
1046 3513 1282 3576 ait,eam
1304 3528 1428 3569 esse
1455 3515 1522 3570 ad
1553 3516 1920 3586 antiquam‘et
1944 3518 2093 3588 prio-

495 3624 613 3663 rem
635 3607 783 3662 illam
812 3605 984 3662 vitam
1012 3618 1362 3675 regressum;
1389 3608 1519 3675 quid
1548 3607 1798 3677 pluribus
1819 3609 2093 3669 deducere

495 3708 712 3771 oportet
747 3699 986 3770 primum
1017 3699 1329 3765 hominem,
1360 3709 1414 3754 et
1445 3701 1570 3771 ejus
1601 3700 1725 3757 vitae
1780 3702 2089 3763 institutio-

493 3809 620 3849 nem
651 3791 852 3863 aequali
904 3791 1078 3847 fuisse
1108 3791 1321 3847 honore
1351 3806 1481 3847 cum
1538 3793 1774 3865 angelis,
1816 3805 1873 3852 et
1924 3797 2091 3855 vitam

493 3885 796 3958 angelicam
837 3884 1061 3951 vixisse,
1098 3882 1565 3954 quemadmodum
1602 3890 1860 3957 superius
1883 3889 2089 3946 dictum

494 3980 614 4037 est?
639 3980 898 4035 Animum
928 3978 1158 4034 adverte
1190 3979 1379 4051 igitur.
1433 3979 1625 4047 Qualis
1677 3984 1830 4040 enim
1890 3985 2091 4041 Adami

498 4073 661 4137 illius,
681 4072 1020 4127 constitutio
1053 4070 1222 4127 fuerit
1260 4073 1459 4143 gratia,
1494 4078 2088 4145 quamgexspectamus,

496 4174 685 4237 aperte
716 4164 1084 4228 demonstrat,
1104 4174 1295 4235 utpote
1317 4178 1439 4230 qua:
1460 4164 1710 4235 profecto
1746 4166 1815 4221 ad
1842 4167 2089 4236 priorem

498 4259 646 4313 illam
686 4271 978 4328 regressus
1016 4270 1129 4316 est,
1170 4264 1228 4310 ut
1261 4254 1372 4326 iam
1421 4256 1792 4326 praediximus.
1837 4257 1894 4313 Si
1942 4260 2090 4339 enim

495 4362 552 4408 et
583 4353 899 4423 nuptiarum
924 4351 1042 4421 lege
1083 4349 1324 4420 ligantur
1358 4349 1547 4415 hodie,
1600 4364 1710 4404 non
1772 4353 1962 4422 utique
2022 4354 2091 4411 ab

498 4450 615 4518 ipso
649 4445 923 4517 principio
961 4445 1077 4501 haec
1105 4444 1196 4500 lex
1229 4445 1355 4501 data
1393 4453 1499 4511 est,
1527 4443 1624 4500 sed
1675 4461 1771 4515 per
1806 4446 2093 4522 indulgen-

2200 3251 2293 3304 ρον
2320 3235 2354 3303 ἡ
2395 3233 2733 3304 ὲλπιζομένη
2773 3234 2963 3306 ἐκείνη
2996 3235 3366 3302 κατάστασις.
3410 3238 3519 3293 Καὶ
3547 3235 3619 3307 μὴ
3647 3232 3763 3288 θαύ-

2201 3327 2344 3395 μαζε
2367 3327 2558 3379 τούτου
2584 3326 2801 3381 ἕνεκεν.
2834 3326 2900 3381 Εἰ
2934 3328 3039 3400 γὰρ
3075 3331 3482 3399 ἐπαγγέλλεται
3512 3329 3609 3401 μὲν
3642 3326 3762 3394 ἀγά-
3838 3380 3841 3383 .

2200 3434 2326 3487 μιον
2349 3419 2377 3471 6
2402 3416 2605 3486 Κύριος
2628 3419 2689 3471 ἐν
2716 3435 2776 3483 τε
2798 3421 2864 3491 τῇ
2896 3418 3169 3492 μελλούσῃ
3195 3424 3312 3493 ζωῇ
3333 3439 3348 3455 ο
3376 3424 3517 3477 (Καὶ
3537 3422 3757 3475 ἔσονται»

2196 3509 2328 3578 γὰρ,
2370 3512 2527 3579 φησὶ.
2587 3526 2606 3560 ι
2637 3509 2842 3573 πάντες
2887 3510 2962 3575 ὡς
3004 3510 3227 3580 ἄγγελοι
3285 3515 3456 3569 Θεοῦ’
3483 3533 3501 3567 ι
3538 3513 3673 3583 λέγει
3710 3509 3763 3563 δὲ

2197 3602 2371 3673 ταύτῃ
2418 3605 2444 3655 6
2478 3601 2726 3672 Νύσσης.
2763 3604 3027 3660 ἐπάνοδον
3076 3603 3219 3662 εἶναι
3254 3610 3395 3681 πρός
3427 3625 3493 3678 γε
3543 3606 3636 3677 τὴν
3672 3607 3761 3673 ἄρ’

2194 3696 2360 3765 χαίαν
2396 3701 2490 3749 καὶ
2522 3695 2749 3769 πρώτην
2783 3696 2934 3769 ζωήν
2958 3715 2981 3729 ’
3008 3700 3061 3753 τί
3095 3700 3221 3772 χρὴ
3251 3703 3353 3758 καὶ
3383 3703 3562 3772 λέγειν
3598 3700 3681 3752 ἐπί
3707 3712 3761 3763 γε

2197 3787 2277 3856 τῷ
2313 3787 2519 3858 πρώτῳ
2559 3789 2736 3859 ’Δδάμ
2785 3790 2882 3845 καὶ
2911 3793 2979 3862 τῇ
3012 3792 3180 3846 αὑτοῦ
3213 3793 3464 3865 διαγωγῇ
3497 3795 3528 3865 ἢ
3558 3792 3635 3846 ὅτι
3663 3789 3760 3848 τοῖς

2196 3881 2457 3950 ἀγγέλοις
2491 3883 2759 3952 ὁμότιμος
2784 3877 2873 3954 ἦν,
2918 3886 3015 3939 καὶ
3043 3884 3128 3939 ὅτι
3162 3885 3282 3955 βίον
3325 3887 3608 3957 ίσάγγελον
3638 3876 3756 3951 εἶχε.

2196 3972 2448 4042 καθάπερ
2492 3971 2703 4027 ἄνωθεν
2746 3975 3006 4046 εἴρηται;
3048 3977 3296 4049 Πρόσεχε
3344 3974 3459 4034 οὖν.
3512 3977 3619 4048 Τὴν
3663 3973 3758 4043 γάρ

2195 4062 2292 4118 τοῦ
2320 4063 2495 4133 Ἀδὰμ
2520 4064 2732 4120 ἐκείνου
2764 4066 3110 4125 κατάστασιν
3140 4067 3306 4125 ὁποία
3333 4088 3420 4137 τις
3447 4067 3515 4143 ἦν
3543 4071 3575 4140 ή
3607 4081 3759 4137 προσο

2195 4156 2483 4228 δοκωμένη
2510 4157 2676 4229 χάρις
2702 4157 2979 4229 ἀριδήλως
3011 4162 3354 4233 παρίστησιν
3374 4179 3388 4194 ·
3425 4165 3520 4220 ἅτε
3551 4160 3612 4232 δὴ
3638 4156 3759 4228 πρδς

2194 4250 2296 4322 τὴν
2324 4250 2558 4323 πρώτην
2593 4250 2817 4322 ἐκείνην
2866 4250 3129 4318 ἐπάνοδος
3156 4249 3314 4324 οὖσα,
3347 4257 3423 4320 ὡς
3456 4255 3556 4328 ἥδη
3586 4250 3759 4323 ’προεξ-

2200 4360 2382 4414 ρηται.
2418 4343 2480 4396 Ei
2522 4343 2628 4414 γὰρ
2667 4344 2765 4397 καὶ
2809 4343 2961 4416 νόμῳ
2988 4347 3175 4416 γάμου
3206 4348 3472 4421 δεδέμεθα
3516 4347 3767 4418 σήμερονι

2196 4435 2313 4491 ἀλλ’
2361 4436 2462 4491 οὐκ
2512 4435 2578 4505 ἐξ
2630 4438 2807 4507 ἀρχῆς
2859 4438 3032 4508 αὐτῆς
3066 4440 3094 4494 6
3133 4439 3299 4509 νόμος
3353 4441 3510 4505 οὗτος
3557 4438 3755 4492 ἐδίδοτο.

498 4496 626 4596 tiam
647 4496 925 4611 posterius
941 4528 1399 4609 propterlapsum
1429 4552 1460 4592 a
1487 4535 1845 4606 perfectione.
1881 4496 2090 4607 Qu'am.

2200 4530 2362 4585 Κατὰ
2387 4528 2443 4583 δὲ
2484 4496 2841 4600 συγχώρησιν
2878 4496 3109 4603 ὕστερον
3160 4496 3253 4589 δία
3279 4496 3360 4605 -γε
3404 4496 3507 4606 τὴν
3550 4532 3641 4601 τῆς
3681 4544 3755 4581 τεο

496 4635 689 4690 ohrem
740 4641 797 4687 et
854 4629 1082 4687 coronis
1141 4629 1393 4702 privatur
1454 4638 1518 4685 ut
1579 4630 1823 4703 linguam
1886 4649 2092 4691 aureus

2198 4624 2476 4695 λείοτητος
2526 4622 2829 4690 ἔκπτωσιν,
2876 4624 2963 4695 ἐφ’
3007 4618 3052 4696 ᾧ
3090 4629 3186 4680 καὶ
3230 4630 3510 4697 στεφάνων
3558 4625 3761 4693 ἐστέρη-

497 4728 594 4782 ait.
618 4724 675 4779 Si
700 4725 868 4796 igitur
887 4731 952 4779 ut
985 4722 1197 4785 dictum
1222 4730 1328 4786 est,
1354 4736 1452 4792 per
1477 4721 1878 4792 indulgentiam
1906 4724 2085 4795 ipsum

496 4818 775 4875 femineus
824 4829 988 4872 sexus
1019 4812 1285 4869 inductus
1309 4823 1418 4880 est,
1447 4823 1503 4870 et
1526 4816 1731 4885 nuptiae
1762 4815 1903 4871 data:
1934 4828 2086 4885 sunt,

496 4908 881 4967 necessarium
921 4907 1154 4963 omnino
1200 4916 1290 4963 est
1341 4916 1399 4963 et
1454 4909 1741 4979 przeterire
1787 4909 2085 4981 aliquando

496 5003 616 5058 hac
638 4998 850 5063 omnia,
881 5007 938 5055 et
966 4997 1101 5055 tales
1124 4998 1370 5054 inveniri
1399 5009 1528 5054 tunc
1558 5014 1623 5056 ex
1645 5000 1880 5058 mortuis
1895 5017 2085 5058 resur-

495 5084 713 5163 gentes,
738 5087 920 5158 qualis
950 5097 1072 5147 erat
1110 5089 1321 5173 primus
1351 5091 1443 5148 ille
1490 5091 1687 5157 Adam,
1738 5103 1798 5149 ut
1854 5111 2086 5168 magnus

494 5180 832 5237 Athanasius
859 5180 924 5234 ad
963 5180 1302 5238 Antiochum
1340 5186 1539 5253 inquit.
1575 5182 1685 5241 Sed
1720 5195 1777 5241 et
1809 5186 2088 5242 divinissi-

2195 4734 2310 4785 ται,
2348 4715 2424 4780 ὡς
2452 4715 2481 4769 6
2506 4715 2745 4787 χρυσοῦς
2783 4719 2885 4787 τὴν
2930 4719 3177 4786 γλῶττάν
3231 4738 3421 4793 φησιν.
3453 4719 3625 4787 Εἴπερ
3657 4712 3755 4773 οὖν,

2194 4811 2269 4876 ώς
2308 4811 2550 4884 εἴρηται,
2596 4812 2739 4865 κατά
2768 4828 2832 4881 γε
2880 4812 3237 4885 συγχώρησιν
3285 4815 3418 4869 αὖτὸ
3451 4828 3509 4866 τε
3545 4810 3608 4863 τὸ
3637 4804 3755 4875 θῆλυ

2196 4906 2507 4977 παρήγετο,
2543 4906 2641 4959 καὶ
2680 4908 2707 4959 6
2738 4905 2918 4977 γάμος
2959 4907 3187 4974 ἐδίδοτο,
3220 4908 3435 4978 ἀνάγκη
3480 4904 3643 4964 πᾶσα,
3677 4897 3758 4951 καὶ

2197 4997 2495 5069 παρελθεῖν
2521 4997 2620 5069 ὀψέ
2658 5014 2790 5052 ποτε
2822 4998 2997 5053 ταῦτα
3027 4998 3231 5065 πάντα,
3267 5003 3362 5053 καὶ
3388 4996 3654 5054 τοιούτους
3681 4986 3756 5040 εὖ·

2199 5090 2426 5162 ρεθῆναι
2449 5091 2575 5145 τότε
2593 5090 2725 5155 τοὺς
2760 5091 2824 5145 ἐκ
2854 5090 3069 5162 νεκρῶν
3098 5092 3574 5165 ἐγερθησομένους
3597 5083 3757 5139 ὁποῖος

2194 5180 2267 5255 ἦν
2305 5185 2334 5236 6
2366 5183 2582 5253 πρῶτος
2610 5185 2822 5246 ἐκεῖνος
2849 5182 3050 5255 Ἀδὰμ,
3080 5184 3157 5249 ὡς
3189 5187 3219 5240 ὁ
3251 5187 3425 5258 μέγας
3453 5178 3613 5253 φησιν
3636 5170 3755 5244 πρὸς

496 5288 618 5328 mus
674 5271 999 5329 Anastasius
1047 5273 1119 5329 ita
1180 5273 1247 5330 de
1298 5275 1386 5333 his
1432 5266 1581 5346 10(ιῖιὶ
1633 5278 2090 5349 deprehenditur.

2212 5276 2489 5347 Ἀντίοχον
2531 5275 2877 5340 Ἀθανάσιος.
2925 5276 3087 5331 ’Δλλὰ
3118 5274 3212 5331 ita!
3252 5280 3279 5333 6
3312 5277 3580 5335 θειότατος
3614 5268 3755 5321 Ἀνκ·

503 5386 523 5419 ε
555 5365 731 5423 Omne
760 5365 1002 5421 alienum
1053 5367 1199 5436 quod
1255 5384 1351 5438 per
1384 5381 1671 5440 peccatum
1708 5371 1761 5425 in
1805 5386 1908 5426 nos
1953 5373 2092 5428 irre-

2202 5370 2425 5433 στάσιος
2456 5367 2602 5423 οὕτω
2657 5368 2789 5439 περὶ
2839 5370 3317 5443 τούτωνέὖρηται
3361 5370 3535 5437 λέγων
3558 5377 3572 5393 ο
3611 5378 3630 5412 ι
3653 5355 3753 5411 Πᾶν

496 5460 628 5530 psit,
660 5470 792 5515 tunc
818 5461 1177 5529 deponemus.
1206 5479 1226 5511 ι
1265 5461 1324 5517 Si
1359 5478 1488 5518 vero
1529 5464 1644 5519 haec
1671 5464 1745 5519 ita
1780 5463 1840 5518 se
1882 5463 2091 5520 habent

2198 5459 2483 5528 ἀλλότριον
2535 5458 2594 5512 τὸ
2642 5456 2733 5510 διὰ
2782 5457 2883 5530 τὴν
2942 5459 3222 5531 ἁμαρτίαν
3270 5461 3405 5532 ἡμῖν
3460 5445 3752 5510 ὑπεισελθὸν

492 5554 564 5611 de
599 5553 803 5610 femina
834 5551 951 5621 ipsa
990 5553 1125 5624 quid
1152 5554 1339 5611 dicere
1374 5555 1630 5626 oportet?
1656 5556 1711 5611 Si
1741 5567 1963 5628 propter
1985 5558 2090 5613 hoc

2198 5550 2595 5623 ἀποθησόμεθα
2640 5550 2785 5605 τότε.
2815 5568 2835 5604 ι
2884 5551 2945 5605 Εἰ
2980 5550 3035 5605 δὲ
3069 5552 3244 5609 ταῦτα
3284 5553 3455 5615 οὕτως
3486 5548 3593 5619 ἔχει
3639 5533 3750 5605 περὶ

2283 5759 2574 5837 (32)_Quid
2609 5761 2726 5837 haec
2744 5765 2910 5821 verba
2939 5765 3249 5837 signiﬁcent
3277 5759 3493 5834 exponit
3517 5740 3745 5823 Augusti-

496 5766 578 5831 tra
601 5752 1007 5831 quenregregie
1038 5759 1284 5831 disputat
1314 5759 1488 5816 Natal.
1519 5762 1853 5825 Alexander,
1890 5773 2025 5815 tom.
2053 5760 2099 5815 1.

2211 5849 2335 5904 nus,
2368 5834 2460 5891 lib.
2499 5848 2610 5887 xxu
2643 5833 2717 5894 De
2751 5836 2908 5897 Civit.
2932 5833 3053 5904 υἱέ,
3080 5853 3200 5903 cap.
3239 5837 3324 5895 17.

494 5825 702 5883 Hister.
738 5825 946 5886 Εεὸιεεῖ
974 5825 1145 5888 Ρνὶηιῖ
1173 5829 1353 5901 ditat,
1388 5834 1605 5891 dissert.
1656 5847 1737 5903 ill,
1768 5844 1869 5889 art.
1902 5834 1955 5887 ἓ.
