4048 6418
412 403 526 466 T73

1676 411 1701 469 _~
1796 390 2167 452 EPISTOLA
2208 391 2311 453 vr.

3555 383 3666 446 ’Πι

418 519 512 573 τοῦ
537 519 727 584 θήλεος
763 516 930 570 αὑτοῦ
963 515 1016 568 τί
1042 513 1150 585 χρὴ
1189 512 1282 567 καὶ
1313 511 1533 580 λέγεινς
1561 509 1677 576 εἴγε
1717 507 1809 561 διὰ
1834 507 1991 560 τοῦτο

2108 504 2357 572 producta
2394 513 2502 571 est,
2534 513 2821 573 propterea
2857 499 3128 563 videlicet,
3158 499 3304 570 quod
3337 499 3501 556 homo
3554 499 3665 569 jam

421 608 701 678 παρήχθη,
726 608 814 661 διὰ
839 609 900 660 τὸ
937 605 1299 676 παραϐαίνειν
1330 604 1427 675 ἠδη
1447 603 1541 656 τδν
1572 600 1861 671 ἄνθρωπον
1890 599 1985 660 καὶ

417 699 597 767 φθορᾷ
622 698 971 762 ὑποπίπτειν,
996 697 1071 760 ὡς
1097 697 1126 749 6
1154 695 1515 765 Δαμασκηνὸς
1543 692 1797 763 Ἰωάννης
1827 692 1984 765 φησι,

419 789 639 850 πάντως
664 787 818 841 οὐδὲν
852 789 1040 857 ἕτερον
1066 786 1101 855 ἦ
1125 786 1205 839 ὅτι
1232 786 1292 838 τὸ
1323 784 1512 854 σχῆμα
1534 781 1690 834 τοῦτο
1725 778 1988 846 παρελεύ-

418 897 592 943 σεται,
625 880 745 932 ἐπεὶ
777 878 865 932 διὰ
901 880 1002 947 τὴν
1031 877 1306 946 ἁμαρτίαν
1362 872 1689 942 ύπεισῆλθεν
1720 873 1853 941 ἡμῖν
1895 870 1988 922 καὶ

417 971 696 1034 τοιούτους
747 969 1041 1040 ἐγερθῆναι
1077 967 1325 1029 ἅπαντας
1365 966 1547 1027 ὁποῖος
1597 959 1667 1035 ἦν
1695 963 1724 1014 6
1772 959 1989 1030 πρῶτος

413 1056 724 1130 ἄνθρωπος.
755 1063 784 1114 6
820 1059 942 1113 κατ’
980 1058 1164 1111 εἰκόνα
1194 1058 1395 1128 δηλαδὴ
1428 1053 1794 1123 γεγενημένος
1827 1050 1985 1105 Θεοῦ.

419 1154 527 1205 Καὶ
557 1153 665 1221 γὰρ
696 1152 747 1204 εί
782 1151 858 1220 μὴ
889 1149 1045 1204 τοῦτο
1071 1144 1162 1220 ἦν,
1193 1149 1298 1200 οὐκ
1330 1147 1396 1201 ἂν
1425 1148 1453 1198 6
1484 1145 1707 1215 Νύσσης
1732 1142 1990 1196 ἐπάνοδον

302 1231 305 1236 ’
416 1241 559 1298 εἶναι
589 1243 742 1310 ἔλεγε
781 1240 917 1312 πρός
948 1256 1011 1309 γε
1048 1241 1148 1310 τὴν
1180 1238 1414 1309 ἀρχαίαν
1460 1238 1556 1290 καὶ
1594 1235 1816 1305 πρώτην
1843 1232 1990 1303 ζωὴν

416 1335 515 1404 τὴν
541 1332 909 1401 ἐλπιζομένην
940 1332 1158 1395 ἐκείνην
1195 1329 1555 1391 κατάστασιν.

490 1424 769 1477 Δέδεικται
799 1417 894 1474 οὖν
917 1422 983 1473 ἐκ
1020 1418 1229 1472 πολλῶν
1258 1420 1340 1472 ὅτι
1366 1420 1479 1484 τοῖς
1523 1416 1774 1484 ἀγγέλοις
1799 1414 1990 1483 ὁμότι-

424 1533 522 1584 μον
549 1516 751 1567 ἒπλασε
778 1513 868 1565 τὸν
903 1512 1118 1581 πρῶτον
1154 1511 1445 1580 ἄνθρωπον
1486 1511 1514 1562 6
1542 1508 1698 1571 Θεὸς,
1748 1507 1841 1560 καὶ
1868 1504 1990 1559 κατ’

418 1606 659 1667 ἐκείνους
693 1603 855 1658 αὐτὸν
888 1601 1257 1666 πληθύνεσθαι
1285 1600 1446 1671 ἤθελε
1470 1616 1483 1630 ·
1512 1599 1600 1652 διά
1622 1614 1687 1666 γε
1725 1599 1825 1668 τὴν
1854 1614 2000 1666 παρ-

419 1700 696 1768 εκτροπὴν
754 1699 820 1769 ἢν
885 1699 1028 1753 ἑκὼν
1069 1697 1299 1765 ὑπέστη,
1334 1694 1409 1756 ὡς
1451 1692 1659 1747 ἄνωθεν
1694 1690 1931 1762 εἴρηται,
1960 1691 1994 1761 η

417 1790 647 1859 τοιαύτη
678 1770 938 1859 παρήχθη
966 1788 1318 1856 κατάκρισις,
1350 1787 1383 1854 ἡ
1413 1784 1525 1837 τῶν
1554 1783 1765 1852 ἀλόγων
1794 1781 1994 1852 δηλαδὴ

420 1841 574 1945 dabunt
604 1841 886 1951 δὶιοειὲσὶξ.
917 1841 980 1933 iii
1013 1880 1091 1949 μὴ
1117 1841 1225 1947 γαρ
1249 1841 1409 1930 τοῦτο
1435 1872 1524 1947 ἦν,
1555 1841 1752 1928 σῦκ’ἂν
1776 1876 1804 1927 6
1833 1841 1995 1926 Ᾱαυῒδ
2028 1841 2069 1897 Β

418 1973 769 2042 ὀδυρόμενος,
810 1991 829 2024 ι
858 1971 1060 2041 Ornat,
1094 1988 1114 2022 ι
1153 1970 1363 2037 ἔλεγεν,
1422 1985 1440 2019 ι
1481 1966 1562 2019 ὅτι
1615 1965 1899 2036 ἄνθρωπος
1938 1966 1995 2016 ὲν

417 2065 552 2133 τιμῇ
624 2060 700 2116 ὣν
761 2063 822 2115 ού
883 2060 1106 2129 συνῆκε.
1157 2056 1624 2127 Παρασυνεόληθη
1672 2056 1783 2117 τοῖς
1833 2053 1995 2123 ἀνοή-

419 2170 534 2215 τοις
572 2155 815 2221 κτήνεσι,
858 2152 953 2206 καὶ
999 2149 1259 2221 ὡμοιώθη
1289 2150 1492 2211 αὐτοῖς.
1519 2164 1539 2199 ›
1576 2146 1686 2200 Καὶ
1718 2146 1820 2215 ὅρα
1858 2146 1997 2215 πρὸς

420 2245 604 2307 αὐτὸν,
630 2247 681 2299 εί
717 2242 920 2314 βούλει,
950 2243 1044 2297 τὸν
1073 2243 1290 2313 πρῶτον
1319 2242 1628 2312 ἄνθρωπον.
1655 2237 1719 2291 Εἰ
1764 2236 1865 2307 μὴ,
1889 2235 1999 2306 γὰρ

422 2336 680 2408 ὡμοιώθη
714 2337 803 2389 διὰ
830 2335 929 2406 τὴν
957 2335 1234 2405 ἁμαρτίαν
1266 2335 1377 2396 τοῖς
1411 2335 1700 2402 κτήνεσινο
1734 2331 1784 2382 εἰ
1812 2328 1888 2398 μὴ
1914 2329 2002 2382 διὰ

322 2426 325 2429 “
423 2428 524 2497 τὴν
570 2428 858 2498 παρακοὴν
905 2427 968 2479 τὺ
1022 2427 1120 2497 τῆς
1167 2425 1367 2494 ἀλόγου
1416 2421 1769 2491 κατασκεῦης
1804 2419 2000 2490 ἰδίωμα

425 2521 561 2589 πρὸς
591 2520 780 2574 ἑαυτὸν
803 2521 1157 2574 ἐπεσπάσατο
1178 2532 1193 2547 ⁶
1219 2518 1267 2570 εἰ
1295 2516 1370 2587 μὴ
1398 2514 1496 2585 τὴν
1521 2512 1826 2584 ἀγγελικὴν
1856 2512 1999 2565 ὲκεί-

422 2629 519 2680 νην
576 2611 770 2682 στολὴν
811 2611 1022 2664 ἑαυτὸν·
1061 2606 1203 2664 εἶδεν
1255 2606 1649 2670 ἁπεκδυθέντα,
1702 2602 2000 2657 κάντεῦθεν

423 2703 584 2759 ἄλλον
626 2702 687 2768 ἐξ
716 2704 881 2758 ἄλλου
927 2703 1274 2772 παραχρῆμα
1330 2697 1615 2769 γεγονότα,
1650 2696 1751 2749 οὐκ
1798 2697 1863 2748 ἂν
1908 2694 2003 2748 ἐπὶ

308 2862 321 2869 _
425 2795 680 2851 τοσοῦτον
712 2795 990 2866 ᾐσχύνθη’
1043 2793 1143 2847 οὐκ
1191 2793 1258 2848 ἂν
1310 2790 1517 2862 ἔρραψε
1561 2789 1737 2860 φύλλα
1783 2790 1957 2859 συκῆς
1985 2803 2000 2818 ⁸

426 2890 530 2942 οὐκ
555 2887 621 2941 ἂν
655 2890 763 2955 ἁπδ
799 2889 936 2942 Θεοῦ
980 2885 1282 2959 τηνικαῦτα
1331 2885 1540 2955 ἐκρύϐη
1565 2899 1581 2915 ⁸
1622 2883 1715 2936 καὶ
1747 2881 1866 2945 πῶς
1893 2882 2003 2952 γὰρ

426 2981 492 3036 οὐ
528 2982 803 3052 κρυὸῆναι
833 2982 1060 3052 ἔμελλεν
1091 2980 1240 3035 ἴσασι
1267 2978 1468 3040 πάντες
1511 2977 1560 3030 oi
1601 2976 1661 3042 ἐξ
1699 2975 1909 3028 ἐκείνου
1944 2973 2004 3027 τὸ

429 3075 585 3142 γένος
613 3076 949 3143 κατάγοντες
976 3074 1077 3144 τῆς
1106 3073 1371 3141 αἰσχύνης
1400 3069 1617 3140 ἰκείνης
1645 3070 1772 3121 ὅσον
1814 3067 1877 3120 τὸ
1912 3067 2007 3135 μέ-

430 3167 611 3234 γεθος.
648 3166 858 3222 Οὐκοῦν
888 3167 954 3219 ἐκ
986 3165 1367 3233 κατακρίσεως
1395 3162 1429 3232 η
1453 3160 1646 3228 ἄλογος
1672 3157 1814 3227 αὕτη
1841 3175 2007 3211 κατα-

2111 3179 2313 3238 quanta
2342 3167 2691 3223 verecundiae
2730 3167 2744 3221 i

432 3259 598 3329 σκευή
623 3274 637 3289 ·
674 3260 768 3311 καὶ
806 3257 897 3311 διὰ
927 3254 1087 3311 τοῦτο
1127 3255 1195 3309 τὰ
1230 3254 1329 3326 τῆς
1361 3251 1625 3322 αἰσχύνης
1658 3251 1718 3304 ὲν
1744 3251 1882 3320 αὐτῇ
1913 3249 2007 3303 καὶ

434 3349 573 3421 μόνη
607 3347 1069 3418 συμπεριίστατο.
1104 3344 1267 3405 Ἄλλά
1311 3342 1488 3398 ταῦτα
1536 3343 1636 3412 μὲν
1689 3341 1724 3411 ἡ
1761 3340 2007 3409 ἁμαρτία

431 3439 791 3509 προύξένησε.
834 3439 990 3492 Ἐπεὶ
1023 3438 1080 3491 δὲ
1144 3437 1253 3508 πρὸ
1304 3435 1407 3505 τῆς
1463 3433 1814 3500 ἐκπτώσεως,
1865 3433 1940 3496 ὡς
1980 3433 2009 3485 6

428 3529 588 3598 λόγος
633 3533 735 3603 ἤδη
783 3532 998 3602 φθάσας
1055 3529 1365 3602 ἐδήλωσεν,
1416 3526 1723 3597 ἀγγελικῆς
1768 3527 2008 3598 μεγαλο-

334 3691 353 3706 ,
439 3623 604 3689 φυϊας
636 3624 929 3694 περίπλεος
961 3623 1078 3693 (8'5)
1123 3625 1152 3676 6
1186 3621 1406 3693 πρῶτος
1448 3623 1660 3681 ἐκεῖνος
1700 3618 2009 3689 ἄνθρωπος,

435 3716 463 3764 ὁ
502 3713 624 3765 κατ’
671 3715 859 3797 εἰκόνα
909 3714 1113 3784 δηλαδὴ
1161 3712 1533 3782 γεγενημένος
1581 3709 1739 3775 Θεοῦ,
1790 3706 2011 3779 εὔδηλον

445 3806 671 3868 πάντως
701 3806 784 3858 ὅτι
811 3806 903 3859 καὶ
930 3806 1073 3859 κατά
1114 3821 1179 3874 γε
1205 3805 1305 3874 τὴν
1337 3804 1432 3857 τοῦ
1455 3804 1658 3866 παντὸς
1694 3802 2011 3856 συντέλειαν

437 3898 803 3969 γενησόμενος
829 3894 1070 3958 τοιοῦτος
1090 3897 1153 3948 ὲκ
1168 3895 1377 3967 νεκρῶν
1399 3893 1781 3964 ἐγερθήσεται.
1815 3892 1874 3947 Ἦ
1905 3892 2012 3959 γὰρ

435 3992 533 4059 τῆς
558 3989 910 4053 ἀναστάσεως
941 3987 1099 4057 χάρις
1118 3986 1274 4039 οὐδὲν
1303 3987 1433 4057 ἡμῖν
1458 3984 1867 4053 ἐπαγγέλλεται
1896 3984 2014 4037 ἕτε-

439 4097 533 4149 ρον
562 4080 594 4151 ἢ
624 4080 726 4148 τὴν
750 4081 831 4141 εἰς
876 4077 938 4131 τὸ
980 4078 1206 4148 ἀρχαῖον
1252 4074 1362 4130 τῶν
1395 4073 1767 4129 πεπτωκότων
1796 4075 2012 4128 ἀποκα-

436 4184 723 4228 τάστασιν.
894 4184 903 4189 “

508 4355 651 4425 Πρὸς
676 4353 732 4406 δέ
758 4371 819 4423 γε
850 4353 962 4414 τοῖς
991 4351 1315 4423 εἰρημένοις
1342 4353 1441 4407 καὶ
1466 4350 1557 4406 τὸν
1589 4350 1865 4405 θειότατον
1895 4349 2016 4420 ἔχο-
2098 4391 2101 4393 μ

443 4465 542 4514 μεν
604 4444 958 4500 Ἀναστάσιον
1013 4444 1142 4513 περί
1194 4442 1401 4497 τούτων
1462 4440 1606 4496 οὕτω
1657 4440 1800 4495 κατὰ
1861 4441 2015 4512 ῥῆμα

438 4539 698 4604 διεξιόντα
722 4556 736 4569 θ
770 4557 790 4590 ι
836 4537 1058 4606 Ἐπειδὴ
1090 4536 1272 4589 τοίνυν
1301 4537 1362 4589 ὲν
1390 4542 1469 4604 τῷ
1501 4533 1624 4588 κατ’
1655 4535 1844 4587 εἰκόνα
1875 4530 2012 4585 Θεοῦ

441 4633 803 4702 γεγενημένῳ
858 4631 961 4683 οὐκ
995 4626 1139 4700 ἦνή
1195 4629 1461 4699 διαίρεσις
1515 4625 1678 4697 αὕτη,
1737 4627 1908 4697 ἤγουν
1955 4623 2016 4678 τὸ

441 4728 610 4797 ἄρσεν
641 4723 822 4777 καὶτὸ
853 4724 1012 4792 θῆλυ,
1049 4722 1170 4775 οὐδὲ
1206 4721 1317 4791 γὰρ
1355 4722 1412 4774 ὲν
1447 4722 1514 4790 τῇ
1556 4719 1676 4790 θείᾳ
1709 4720 1800 4773 καὶ
1833 4735 2018 4791 μακαο

446 4819 536 4890 ρίᾳ
564 4816 737 4870 εἰκόνι
764 4813 1009 4868 τοιοῦτόν
1040 4829 1094 4890 τι
1137 4813 1484 4881 ἐπινενόηται
1513 4825 1530 4844 ⁸
1567 4811 1693 4864 οὐδὲ
1745 4810 1886 4879 μετὰ
1917 4807 2018 4880 τὴν

442 4886 745 4965 αναστασιν
782 4905 971 4958 λοιπὸν
1012 4886 1251 4957 τοιοῦτόν
1299 4917 1352 4955 τι
1403 4900 1512 4972 χρὴ
1568 4901 1887 4973 ἐπιζητεῖν,
1937 4901 2018 4954 ὃτι

447 4999 928 5073 μετασχηματίσει
972 4995 1095 5048 τότε
1150 4991 1426 5061 τὸ’σῶμα
1475 4993 1578 5063 τῆς
1632 4991 2020 5055 ταπεινώσεως

398 5118 411 5123 ο
446 5098 604 5168 ἡμῶν
628 5097 656 5148 6
680 5094 889 5162 Σωτήρ.
910 5089 972 5143 Εἰ
996 5087 1105 5158 γὰρ
1125 5088 1152 5139 6
1173 5086 1270 5155 τῆς
1294 5086 1516 5154 Νύσσης
1543 5086 1700 5153 φησὶ,
1730 5085 1802 5137 Τὸ
1831 5074 2023 5153 σχῆμα

445 5192 545 5258 τῆς
596 5186 795 5253 ἀλόγου
851 5181 1066 5250 φύσεως
1132 5177 1348 5230 ἐνέδυσε
1411 5176 1552 5247 μετὰ
1593 5174 1693 5245 τὴν
1743 5174 2022 5244 ἁμαρτίαν

445 5282 594 5352 ἡμᾶς
625 5282 653 5333 6
681 5275 840 5339 Θεὸς,
871 5272 966 5341 ἀφ’
1004 5264 1067 5325 οὗ
1103 5272 1250 5340 μίξις
1291 5269 1386 5323 καὶ
1421 5266 1709 5339 σύλληψις,
1740 5268 1899 5329 τόκος
1927 5265 2022 5318 καὶ

449 5376 644 5448 ῥύπος,
671 5369 806 5438 θῆλυ
854 5367 954 5420 καὶ
993 5366 1192 5436 τροφὴ,
1228 5364 1325 5416 καὶ
1377 5363 1414 5432 ἠ
1463 5362 1583 5415 κατ’
1628 5359 1810 5427 ὀλίγον
1841 5361 1934 5412 ἐπὶ
1963 5362 2026 5413 τὸ

448 5468 659 5525 τέλειον
693 5460 945 5528 αὔξησις,
984 5456 1139 5526 ἀκμή
1178 5471 1241 5508 τε
1272 5455 1371 5507 καὶ
1391 5453 1591 5524 γῆρας,
1620 5451 1775 5514 νόσος
1802 5451 1898 5504 καὶ
1926 5450 2026 5505 θα·-

404 5616 409 5619 _
449 5576 609 5623 νατος
634 5575 650 5591 ·
681 5534 908 5626 εῠδηλον
948 5551 1166 5613 πάντως
1216 5548 1297 5601 ὅτι
1346 5544 1816 5616 μετασχηματίσει
1860 5543 2026 5598 πάλιν

447 5653 599 5724 ἡμᾶς
628 5651 719 5703 τὸν
768 5644 989 5716 εἰδεχθῆ
1026 5643 1125 5696 καὶ
1178 5640 1373 5709 ἄλογον
1427 5637 1740 5700 ἀπεκδύσας
1792 5637 2023 5708 χιτῶνα,

404 5872 415 5891 κ
523 5808 635 5881 (83)
669 5804 827 5879 Forte
857 5799 1257 5874 παραπλήσιος.
1324 5810 1327 5815 ‘

2089 603 2465 665 transgressus
2496 594 2708 657 fuerat,
2744 604 2799 647 et
2844 592 3181 660 corruptioni
3246 591 3548 660 subjectus,
3609 600 3668 642 ut

2088 686 2459 740 Damascenus
2485 683 2726 738 Joannes
2757 683 2853 746 ait,
2895 682 3123 738 omnino
3146 680 3285 735 nihil
3309 681 3476 744 aliud,
3504 692 3666 749 quam

2087 781 2218 850 quia
2244 779 2479 853 habitus
2507 778 2596 832 hic
2632 776 2962 847 praeteribit,
2986 775 3112 844 quia
3147 792 3242 844 per
3266 783 3552 844 peccatum
3607 775 3660 826 in

2090 887 2193 928 nos
2220 869 2468 941 irrepsit,
2503 878 2559 924 et
2588 870 2727 924 tales
2759 884 2951 923 omnes
2976 877 3284 938 rcsurgcnt,
3319 866 3497 936 qualis
3548 875 3669 921 erat

2090 960 2302 1031 primus
2340 962 2523 1022 homo,
2559 960 2649 1037 ille
2677 958 2930 1012 videlicet
2965 958 3057 1023 qui
3093 958 3157 1012 ad
3226 958 3517 1026 imaginem
3570 955 3698 1010 Dci°

2093 1052 2270 1107 factus
2299 1050 2416 1105 fuit.
2449 1048 2668 1104 Etenim
2697 1049 2806 1103 nisi
2846 1048 2899 1103 id
2930 1047 3144 1111 fuisset,
3183 1047 3327 1101 haud
3355 1054 3505 1101 certe
3531 1043 3668 1117 Nys-

2094 1160 2262 1201 senus
2315 1158 2627 1215 regressum
2683 1157 2805 1197 esse
2852 1142 3085 1197 dixisset
3157 1141 3223 1194 ad
3274 1140 3553 1209 antiquam
3614 1150 3670 1192 et

2095 1233 2333 1302 priorem
2356 1232 2558 1307 _vitam,
2592 1230 2739 1287 illam
2772 1231 3225 1286 constitutionem
3255 1248 3419 1301 qnam
3477 1234 3635 1302 spera
3655 1261 3667 1270 -

2098 1341 2240 1382 mus.

2165 1418 2460 1476 Ostensum
2523 1429 2610 1479 est
2659 1419 2826 1487 igitur
2896 1434 2964 1473 cx
3025 1418 3210 1472 multis
3262 1416 3431 1470 Deum
3476 1415 3670 1482 aequali

2098 1513 2309 1567 honore
2357 1527 2479 1565 cum
2529 1513 2738 1580 angelis
2799 1510 3035 1580 primum
3098 1510 3374 1564 hominem
3428 1507 3670 1569 ﬁnxisse,

2099 1600 2192 1669 qui
2226 1600 2632 1656 volebatetiam
2660 1614 2785 1654 eum
2825 1601 3021 1655 eodem
3056 1600 3222 1655 modo
3251 1614 3311 1652 ac
3346 1599 3472 1652 illos
3532 1598 3674 1651 mul-
3747 1580 3749 1583 ’

2099 1692 2353 1763 tiplicari.
2401 1691 2631 1760 Propter
2690 1690 3210 1760 transgressionem,
3261 1702 3425 1759 quam
3475 1699 3673 1757 sponte

2101 1790 2290 1855 subiit,
2340 1799 2402 1844 ut
2447 1789 2701 1859 superius
2735 1788 2940 1842 dictum
3008 1796 3112 1853 est,
3156 1786 3281 1841 talis
3343 1785 3567 1839 inducta
3591 1794 3674 1837 est

2098 1882 2509 1947 condemnatio,
2530 1882 2808 1935 mularum
2832 1879 3038 1959 scilicet
3055 1878 3323 1949 pecudum
3343 1878 3669 1932 similitudo.

2096 1973 2212 2028 Nisi
2250 1976 2396 2029 enim
2434 1974 2487 2028 id
2515 1972 2729 2037 fuisset,
2757 1972 2898 2027 haud
2924 1973 3109 2041 utique
3137 1969 3304 2025 David
3326 1970 3672 2024 lamentans:
3744 2020 3759 2038 ,

2106 2086 2125 2119 ι
2168 2058 2273 2121 Hei
2293 2066 2449 2131 mihi,
2488 2066 2741 2127 dixisset,
2782 2064 2948 2117 homo
2974 2077 3096 2116 cum
3150 2063 3203 2115 in
3264 2062 3473 2114 honore
3529 2070 3675 2116 esset

2101 2172 2213 2211 non
2253 2155 2551 2221 intellexit,
2590 2163 2937 2224 comparatus
2964 2163 3045 2208 est
3073 2151 3339 2222 jnmcntis
3363 2150 3675 2221 insipienti-

2100 2247 2225 2314 bus,
2260 2256 2316 2302 et
2342 2247 2540 2302 similis
2577 2246 2754 2301 factus
2784 2255 2869 2300 est
2900 2245 3026 2298 illis.
3070 2262 3089 2295 ι
3126 2243 3194 2297 Et
3224 2243 3457 2313 respice,
3492 2247 3675 2304 sodes,

2101 2339 2170 2395 ad
2201 2341 2381 2410 ipsum
2414 2340 2654 2409 primum
2687 2338 2989 2392 hominem.
3024 2334 3133 2389 Nisi
3163 2336 3308 2391 enim
3337 2335 3679 2390 assimilatns
3786 2346 3791 2349 ‘

2102 2430 2300 2486 fuisset
2331 2445 2432 2500 per
2456 2436 2739 2499 peccatum
2771 2427 3071 2500 iumentis;
3101 2426 3206 2480 nisi
3235 2441 3330 2494 per
3361 2424 3679 2479 inobedieu-

2103 2523 2234 2578 tiam
2275 2521 2610 2577 irrationalis
2641 2520 3052 2578 constitutionis
3076 2519 3472 2590 proprietatem
3498 2517 3568 2573 ad
3620 2534 3680 2572 se

2109 2615 2290 2685 ipsum
2322 2617 2672 2680 attraxisset;
2699 2614 2803 2668 nisi
2831 2610 3079 2684 angelico
3114 2613 3208 2667 illo
3238 2612 3565 2667 indumento
3621 2626 3681 2666 se

2112 2716 2342 2763 exutum
2378 2706 2624 2769 Vidisset,
2658 2715 2715 2760 et
2740 2705 2907 2759 alium
2957 2719 3027 2759 ex
3054 2703 3164 2757 alio
3206 2702 3391 2757 statim
3446 2704 3680 2763 factum,

2109 2801 2256 2856 haud
2281 2800 2471 2870 utique
2507 2807 2719 2853 tantum
2756 2797 3104 2861 erubuisset;
3139 2795 3290 2850 haud
3321 2794 3514 2865 utique
3546 2793 3681 2848 folia

2107 2893 2247 2947 licus
2304 2890 2647 2956 censuisset;
2682 2889 2828 2943 haud
2861 2889 3047 2957 utique
3102 2903 3134 2941 a
3187 2886 3298 2943 Deo
3336 2889 3408 2942 ita
3441 2902 3501 2942 se
3556 2887 3682 2940 alis-

2108 2985 2407 3040 condissct.
2440 2984 2505 3038 Et
2533 2985 2808 3053 quomodo
2837 2982 2981 3037 enim
3017 2996 3076 3035 sc
3106 2996 3216 3035 non
3236 2980 3522 3035 celaturus
3544 2980 3653 3035 luis

2108 3076 2228 3131 set?
2259 3075 2454 3130 Sciunt
2490 3090 2703 3140 omnes,
2751 3075 2844 3144 qui
2910 3090 2978 3130 ex
3007 3074 3102 3129 illo
3156 3088 3329 3144 genus
3380 3073 3681 3137 deducunt,

2791 3093 2844 3128 ιιι
2910 3093 3102 3130 exuto
3156 3093 3329 3144 genus
3380 3093 3681 3137 deducunt,

2751 3093 2877 3221 gius
2906 3166 3075 3221 fuerit
3106 3166 3447 3236 magnitudo.
3497 3164 3685 3234 Itaque

2109 3262 2177 3317 ex
2207 3261 2662 3318 condemnatione
2700 3260 3035 3316 irrationalis
3090 3261 3206 3315 haec
3237 3254 3596 3325 constitutio;
3629 3269 3685 3312 et

2110 3350 2207 3424 per
2248 3355 2353 3408 hoc
2379 3352 2434 3406 in
2469 3354 2585 3423 ipsa
2614 3352 2782 3408 etiam
2813 3353 2930 3409 sola
2953 3353 3180 3423 pudoris
3212 3367 3413 3407 census
3445 3351 3686 3408 circum-

2110 3445 2281 3499 stetit.
2318 3443 2424 3499 Sed
2460 3445 2575 3500 hzec
2602 3443 2825 3515 quidem
2851 3454 3140 3515 peccatum
3173 3444 3510 3499 conciliavit.
3540 3443 3687 3510 Quo-

2112 3536 2259 3589 niam
2298 3551 2426 3591 vero
2457 3546 2587 3590 ante
2643 3537 2880 3605 lapsum,
2935 3552 3118 3590 sermo
3163 3537 3276 3604 jam
3339 3546 3687 3592 antevertens

2112 3624 2411 3679 declaravit
2443 3623 2703 3694 angelicae
2735 3625 3149 3694 magniﬁcentiae
3207 3626 3517 3693 proximum
3574 3628 3688 3696 pri-

2114 3729 2262 3768 mum
2294 3714 2446 3767 illum
2482 3715 2759 3768 hominem
2797 3715 2988 3782 fuisse,
3019 3717 3110 3784 qui
3157 3714 3224 3769 ad
3283 3715 3572 3786 imaginem
3607 3717 3689 3770 vi-

2113 3804 2314 3860 delicet
2351 3803 2443 3860 Dei
2472 3805 2646 3862 factus
2668 3813 2805 3873 erat,
2835 3807 3177 3876 exploratum
3207 3807 3435 3861 omnino
3464 3822 3697 3879 perspe;

2114 3907 2372 3968 clumque
2400 3909 2489 3954 est
2520 3899 2686 3954 etiam
2713 3900 2766 3954 in
2796 3899 3166 3954 universitatis
3216 3900 3689 3954 consummatione.

2116 3990 2280 4046 talem
2311 3990 2558 4045 futurum
2593 4004 2624 4044 a
2663 3990 2900 4045 mortuis
2933 3991 3254 4045 excitatum.
3305 3992 3689 4047 Resurrectio-

2115 4079 2202 4134 nis
2226 4079 2373 4135 enim
2399 4079 2569 4151 gratia
2598 4079 2739 4133 nihil
2760 4079 2924 4135 nobis
2957 4079 3106 4135 aliud
3154 4081 3470 4150 pollicetur,
3526 4097 3690 4150 quam

2116 4185 2307 4226 eorum
2336 4169 2775 4240 quiceciderunt
2825 4169 2884 4224 in
2909 4170 3217 4240 pristinum
3265 4182 3467 4227 statum
3509 4188 3694 4228 resur-

2116 4261 2441 4317 reCtionem.

2187 4353 2393 4409 Praeter
2436 4361 2619 4408 autem
2649 4351 2795 4409 dicta
2829 4353 2990 4409 etiam
3021 4353 3425 4410 divinissimum
3456 4360 3693 4410 Anasta-

2119 4443 2260 4499 sinm
2294 4443 2560 4515 habemus
2595 4444 2680 4498 his
2719 4444 2899 4499 verbis
2926 4443 3288 4500 disserentem
3318 4462 3331 4497 :
3365 4463 3384 4496 ι
3420 4444 3692 4510 Quoniam

2121 4536 2284 4608 igitur
2322 4537 2375 4591 in
2405 4551 2492 4599 eo,
2549 4536 2644 4606 qui
2693 4535 2761 4590 ad
2795 4536 3087 4606 imaginem
3140 4535 3232 4590 Dei
3286 4535 3461 4590 factus
3488 4535 3692 4597 fuerat.

2116 4643 2227 4684 non
2255 4637 2374 4683 erat
2406 4627 2703 4683 discrimen
2735 4629 2859 4691 hoc,
2903 4626 3184 4682 masculus
3226 4625 3485 4681 videlicet
3520 4636 3579 4681 et
3612 4627 3697 4682 [εα-

2115 4719 2292 4774 mina:
2310 4733 2489 4789 neque
2514 4718 2661 4775 enim
2681 4718 2739 4773 in
2764 4717 2948 4773 divina
2976 4726 3032 4772 et
3052 4718 3211 4772 beata
3245 4717 3476 4788 imagine
3505 4716 3698 4787 hujus-

2118 4812 2267 4867 modi
2311 4811 2516 4880 aliquid
2560 4809 2873 4880 concipitur
2902 4827 2920 4864 :
2950 4823 3131 4879 neque
3171 4818 3293 4879 post
3335 4809 3695 4865 resurrectio-

2119 4917 2248 4956 nem
2277 4902 2386 4958 tale
2416 4900 2617 4971 aliquid
2644 4900 2917 4969 reliquum
2948 4898 3234 4968 requirere
3271 4908 3524 4968 oportet;
3558 4904 3696 4970 q‘uo-

2119 4993 2267 5048 niam
2298 4978 2708 5048 tran‘sl‘ormabit
2740 4999 2871 5045 tunc
2902 5006 3106 5058 corpus
3142 4990 3467 5045 humilitatis
3491 5001 3699 5046 nostrm

2121 5085 2398 5161 Senator.
2418 5083 2472 5139 Si
2496 5084 2640 5137 enim
2664 5083 2947 5155 Nyssenns
2968 5083 3064 5146 ait.
3084 5081 3340 5139 Habitum
3362 5083 3700 5139 irrationalis

2124 5187 2332 5233 natura-
2387 5177 2565 5232 induit
2617 5185 2738 5246 post
2786 5186 3066 5245 peccatum
3130 5191 3233 5231 nos
3291 5178 3549 5246 Dens,_ex
3591 5194 3700 5246 quo

2123 5269 2305 5323 coitus
2328 5275 2385 5322 et
2428 5244 2750 5335 conceptio;
2788 5244 2987 5337 partio,
3037 5275 3095 5322 et
3137 5268 3366 5334 sordes;
3402 5244 3700 5322 femina—et

2125 5356 2545 5421 nutrimentum,
2576 5368 2633 5412 et
2673 5357 2895 5412 tacitum
2919 5356 2984 5411 ad
3016 5359 3400 5427 perfectionem
3436 5372 3699 5427 augmen-

2126 5457 2275 5515 tum;
2303 5447 2504 5503 tlorens
2537 5460 2692 5513 :etas,
2721 5458 2776 5519 et
2806 5459 3093 5514 senectus;
3147 5450 3369 5504 morbus
3401 5462 3453 5503 et
3505 5466 3654 5506 mors
3681 5470 3694 5506 :

2126 5528 2476 5593 manifestum
2502 5537 2728 5593 omnino
2757 5547 2840 5593 est
2871 5553 2975 5594 nos
3013 5554 3133 5594 esse
3173 5541 3369 5593 iterum
3427 5539 3700 5594 transfor—

2129 5637 2429 5700 maturum,
2448 5644 2570 5686 cum
2592 5629 3037 5702 superinductutn
3062 5639 3117 5687 et
3147 5630 3515 5693 irrationalem
3551 5634 3697 5688 tuni-
