4048 6422
352 408 355 411 ν
447 388 557 453 τῖε»
1732 362 2158 442 ΜιέΗΑΕιιε
2195 378 2455 441 suos
3583 384 3678 448 πθ

451 523 569 563 eam
600 503 856 569 exuerit,
895 513 1055 573 alque
1103 501 1231 558 inde
1289 516 1392 556 nos
1443 502 1511 557 ab
1549 501 1806 557 omnibus
1839 503 2034 556 libera-

2154 499 2437 554 ιάντευθεν
2485 496 2806 565 ἀπαλλάξας
2865 497 3021 567 ἡμᾶς
3070 498 3308 566 πάντων,
3367 492 3442 553 ὧν
3491 502 3682 555 ἐκεῖθεν

410 634 429 643 π
454 600 613 663 verit,
641 613 761 668 qum
799 596 924 651 inde
957 584 1370 667 participamus.
1408 595 1463 650 Si
1503 594 1650 649 enim
1683 595 1904 649 habitus
1939 594 2030 648 ille

453 694 602 748 circa
651 706 749 745 nos
783 704 893 744 non
943 689 1049 743 erit
1090 688 1245 757 juxta
1289 687 1471 741 divum
1504 686 1850 757 Gregorium,
1891 701 2030 752 quo-

454 784 615 840 modo
646 782 824 846 nobis,
858 797 979 851 quae
1009 780 1130 850 ejus
1172 780 1392 850 pr0pria
1438 786 1567 831 sunt
1615 776 2032 846 relinquentur?

453 854 723 928 Czeterum
757 872 1173 927 transformabit
1210 888 1329 937 nos,
1356 871 1575 939 quando
1605 868 1845 923 tunicam
1874 867 2033 923 nobis

452 985 516 1022 ex
554 966 730 1021 brutis
776 965 1225 1036 superinductam
1268 965 1487 1019 tandem
1523 963 1790 1027 destruet,
1819 970 1874 1017 et
1900 961 2034 1015 tales

452 1058 706 1113 ostendet
742 1057 966 1119 iterum,
1001 1056 1193 1124 quales
1238 1070 1267 1108 a
1304 1053 1579 1124 principio
1612 1053 1785 1115 ﬁnxit,
1812 1050 2033 1121 quando

454 1150 666 1206 scilicet
718 1149 956 1218 primum
1002 1148 1157 1201 illum
1210 1146 1489 1200 hominem
1550 1144 1828 1214 produxit.
1867 1162 1886 1195 ι
1958 1141 2035 1196 lta

452 1238 671 1307 quidem
699 1236 939 1304 igitur,o
969 1234 1334 1297 sanctissime,
1362 1235 1525 1290 etiam
1560 1234 1777 1289 divinus
1810 1237 2037 1287 Anasta-

382 1354 391 1361 ν
453 1331 569 1384 sius
629 1344 754 1383 cum
811 1327 1056 1382 audisset
1118 1343 1376 1397 magnum
1430 1327 1655 1380 Paulum
1724 1326 2034 1380 dicentem:

460 1441 478 1472 ι
514 1419 957 1475 Transformabit
1006 1429 1140 1473 tunc
1192 1434 1393 1489 corpus
1449 1419 1778 1475 humilitatis
1833 1430 2038 1473 nostra:

457 1513 745 1579 Scrvator;
781 1531 801 1565 ι
842 1512 921 1565 Ad
951 1512 1052 1566 alia
1083 1512 1289 1583 specie,
1308 1513 1544 1579 dicebat,
1567 1519 1623 1566 et
1655 1511 1827 1567 altero
1847 1511 2038 1567 habitu

456 1620 690 1675 corpora
720 1604 945 1659 ferenda
982 1613 1113 1660 tunc
1156 1619 1544 1674 resurgemus;
1582 1603 1737 1672 juxta
1779 1602 2040 1658 similitu-

457 1696 644 1751 dinem
706 1695 967 1750 videlicct
1013 1693 1165 1766 grani
1213 1700 1269 1747 et
1309 1693 1491 1763 spicae.
1545 1691 1653 1749 Sed
1705 1708 1776 1747 ne
1825 1701 2040 1747 metuas

455 1799 762 1858 promerea.
790 1785 923 1841 Vide
945 1786 1092 1841 enim
1123 1794 1177 1840 et
1218 1801 1347 1840 vere
1389 1800 1646 1855 magnum
1680 1784 1908 1840 Paulum
1940 1783 2040 1838 ist-

2137 594 2464 663 μετέχομεν.
2494 591 2558 643 Εἰ
2591 590 2702 659 γὰρ
2727 590 2791 643 τὸ
2827 590 3014 659 σχῆμα
3051 592 3231 644 ἐκεῖνο
3263 590 3396 660 περὶ
3428 592 3569 662 ἡμᾶς
3594 595 3684 648 οὐκ

2132 685 2285 738 ἔσται
2317 685 2459 736 κατὰ
2492 683 2583 736 τδν
2635 681 2781 734 θετον
2827 682 3152 752 Γρηγόριον,
3207 682 3327 744 πῶς
3373 685 3502 751 ἡμῖν
3540 686 3605 738 τὰ
3634 686 3688 749 ἐξ

2132 778 2346 832 ἐκείνου
2395 775 2918 843 ὗπολειφθείσετάις
2968 773 3462 843 Μετασχηματίσει
3515 774 3688 829 λοιπὸν

2132 870 2282 939 ἡμᾶς
2322 867 2484 936 ήνίκα
2514 866 2604 920 τὸν
2651 867 2715 919 ἐκ
2746 865 2857 918 τῶν
2903 864 3116 933 ἀλόγων
3163 866 3294 934 ήμῖν
3344 864 3687 933 ἑπιόληθέντα

2135 961 2345 1032 χιτῶνα
2404 960 2586 1013 τέλεον
2619 957 3014 1017 ἀποσκευάσει,
3057 956 3155 1010 καὶ
3197 955 3475 1019 τοιούτους
3499 955 3670 1009 ἀναδεί

2136 1052 2219 1117 Eat
2245 1053 2411 1108 πάλιν
2446 1052 2665 1114 ὁποίους
2699 1050 2907 1103 ἔπλασε
2939 1047 3062 1103 κατ’
3090 1046 3285 1120 ἀρχὰς,
3320 1048 3483 1117 ἡνίκα
3508 1046 3692 1115 δηλαδὴ

2134 1145 2227 1198 τὸν
2262 1140 2480 1212 πρῶτον
2525 1143 2735 1195 ἐκεῖνον
2779 1140 3107 1209 παρήγαγεν
3155 1138 3462 1208 ἄνθρωπον.
3502 1154 3521 1190 ι
3551 1135 3693 1191 Οῦτω

2138 1235 2241 1305 μὲν
2267 1229 2380 1299 οὖν,
2408 1230 2698 1295 όσιὼτατε,
2732 1232 2828 1285 καὶ
2857 1232 2886 1283 6
2914 1231 3056 1290 θεῖος
3092 1228 3448 1290 Ἀναστάσιος
3476 1226 3693 1289 ἀκούσας

2135 1327 2231 1381 τοῦ
2276 1328 2518 1398 μεγάλου
2567 1325 2786 1387 Παύλου
2827 1325 3104 1391 λέγοντος,
3146 1322 3230 1375 ὅτι
3285 1340 3304 1373 ι
3344 1323 3695 1393 Μετασχημα-

2137 1417 2280 1470 τίσει
2312 1416 2436 1469 τότε
2468 1415 2528 1468 τδ
2582 1416 2745 1484 σῶμα
2796 1415 2895 1482 τῆς
2931 1411 3323 1474 ταπεινώσεως
3359 1412 3514 1481 ήμῶν
3540 1413 3567 1463 6
3597 1412 3696 1463 Σω-

2139 1509 2266 1579 τὴρ,
2309 1525 2328 1559 ι
2360 1506 2526 1561 Ἀλλο
2571 1502 2732 1573 εἶδος,
2762 1505 2939 1575 ἔλεγε,
2985 1506 3081 1559 καὶ
3107 1505 3297 1574 ἕτερον
3347 1507 3533 1577 σχῆμα
3560 1508 3698 1574 ἐγερ-

2142 1603 2423 1673 θησόμεθα
2477 1604 2599 1654 τότε
2639 1601 2827 1672 φέρειν
2879 1598 3133 1669 σώματα,
3191 1598 3334 1651 κατά
3379 1598 3480 1667 τήν
3529 1595 3695 1647 εἰκόνα

2141 1695 2342 1767 δηλαδὴ
2370 1694 2463 1747 τοῦ
2498 1694 2722 1758 κόκκου,
2753 1691 2851 1744 καὶ
2896 1688 2995 1743 τοῦ
3041 1691 3296 1758 στάχυος.
3333 1686 3496 1741 Ἀλλά
3529 1684 3599 1755 μή
3625 1683 3700 1737 δέ·

2143 1790 2252 1843 διθι
2285 1788 2481 1840 τούτου
2512 1785 2723 1839 ἕνεκεν.
2758 1784 2904 1853 Ὅρα
2948 1783 3060 1852 γὰρ
3104 1784 3187 1836 ὅτι
3226 1781 3323 1835 καὶ
3359 1782 3388 1834 6
3417 1778 3698 1847 πάμμεγας

457 1882 566 1935 huc
609 1881 790 1951 ipsum
847 1888 1037 1948 aperte
1082 1878 1243 1932 nobis
1279 1858 1748 1933 demonstrantem
1782 1876 1986 1930 dixisse
2019 1891 2034 1931 :

2154 1882 2360 1944 Παῦλος
2392 1880 2524 1935 αὐτὸ
2554 1878 2712 1933 τοῦτο
2739 1849 2929 1943 σαςρῶς
2961 1849 3095 1948 ήμῖν
3128 1871 3490 1943 ὑπεμφαίνων
3513 1869 3698 1935 ἐλεγενο

459 1991 480 2025 ι
518 1972 622 2027 Sed
676 1971 826 2027 dicet
863 1970 1064 2041 aliquis
1111 1971 1183 2027 de
1227 1969 1623 2026 resurrecturis
1670 1984 1735 2023 ex
1784 1968 2035 2034 mortuis,

455 2064 600 2135 quali
632 2078 864 2133 corpore
904 2063 1169 2119 venient?
1205 2062 1408 2127 Stulte,
1438 2061 1583 2132 quod
1632 2061 1893 2125 seminas,
1926 2074 2041 2114 non

456 2173 659 2228 corpus
690 2156 936 2211 futurum
984 2158 1247 2219 seminas,
1294 2156 1388 2210 sed
1427 2158 1632 2210 nudum
1684 2169 1917 2225 granum
1954 2153 2041 2208 vel

457 2250 601 2305 forte
630 2249 822 2313 tritici,
856 2249 941 2303 vel
966 2248 1185 2312 hordei,
1212 2248 1296 2303 vel
1332 2248 1558 2304 alterius
1589 2247 1822 2316 alicujus
1848 2246 2041 2314 hujus-

462 2343 648 2407 modi;
679 2343 826 2397 Deus
857 2352 1039 2396 autent
1071 2341 1166 2397 dat
1203 2339 1309 2410 ipsi
1355 2355 1557 2410 corpus
1605 2340 1748 2394 sicut
1786 2338 1978 2394 voluit.
2017 2357 2037 2390 9

458 2435 539 2489 Ne
571 2435 767 2488 timeas
793 2434 979 2502 igitur,
1024 2433 1117 2488 sed
1152 2433 1337 2502 potius
1367 2431 1672 2500 obsequere
1698 2430 2043 2485 divinissimo

462 2526 754 2581 Anastasio
792 2525 1022 2587 dicenti,
1073 2525 1544 2588 transformatum,
1592 2531 1646 2577 et
1688 2523 2041 2592 transfigura-

461 2614 578 2672 tum
616 2616 679 2670 iri
732 2624 863 2671 tunc
900 2630 1122 2684 corpus,
1155 2624 1212 2670 et
1258 2616 1365 2669 tale
1410 2623 1842 2670 resurrecturum
1884 2614 2046 2684 quale

461 2708 626 2762 initio
648 2714 803 2771 erat;
832 2721 937 2759 non
963 2705 1206 2775 profecto
1235 2706 1361 2772 tale,
1385 2705 1547 2775 quale
1571 2705 1807 2761 secunda
1831 2703 2044 2760 factura

459 2798 639 2869 ipsum
700 2799 1034 2864 construxit;
1098 2813 1264 2854 causa
1328 2799 1475 2853 enim
1546 2797 1795 2873 ablata“
1824 2805 2045 2868 propter

461 2904 626 2959 quam
653 2889 849 2943 horum
883 2889 1170 2944 habituum
1206 2888 1517 2943 differentia
1554 2888 1770 2943 inducta
1798 2897 1902 2951 est,
1941 2903 2046 2942 nc-

429 2996 435 3001 ‘
463 2979 766 3034 cessarium
792 2980 1018 3034 omnino
1045 2989 1130 3035 est
1177 2987 1232 3034 et
1261 2976 1627 3033 differentiam
1665 2993 1786 3048 quae
1820 2976 2043 3041 accidit,

464 3072 582 3127 tolli
612 3082 979 3144 postremum,
1017 3081 1072 3128 et
1114 3073 1253 3127 tales
1292 3087 1486 3127 omnes
1517 3085 1825 3142 resurgere,
1868 3070 2047 3140 qualis

465 3176 583 3221 erat
610 3166 1065 3262 primus‘homo;
1107 3166 1199 3220 ille
1227 3165 1508 3225 videlicet.
1539 3165 1631 3234 qui
1680 3165 1747 3218 ad
1788 3163 1885 3218 Dei
1914 3163 2048 3217 ima-
2077 3200 2122 3262 c

466 3259 651 3328 ginem
685 3256 942 3313 conditus
963 3268 1068 3311 est.
1113 3256 1215 3312 Hic
1262 3265 1317 3311 et
1341 3271 1571 3327 magnus
1599 3256 1933 3311 Athanasius
1965 3256 2048 3310 vi-

470 3350 610 3406 dens
639 3365 726 3413 ea,
745 3364 867 3418 quae
897 3350 1356 3403 resurrectionem
1389 3348 1647 3415 attinent,
1673 3348 1740 3403 ad
1777 3348 1928 3402 illum
1966 3362 2054 3402 re-

472 3442 689 3513 spicere
715 3455 883 3494 unum
904 3449 958 3494 et
983 3439 1219 3510 primum
1250 3439 1551 3504 hominem,
1580 3447 1640 3493 ut
1668 3454 1831 3510 supra
1844 3440 2053 3495 dictum

471 3544 559 3593 est
582 3553 596 3602 ;
623 3545 677 3589 et
700 3532 1002 3588 secundum
1036 3533 1185 3587 illum
1230 3533 1284 3587 in
1306 3535 1720 3603 regeneratione
1742 3548 1933 3588 omnes
1964 3547 2053 3586 re-

472 3637 848 3691 surrecturos,
877 3626 944 3682 ad
971 3625 1306 3680 Antiochum
1334 3626 1552 3681 dicebat
1579 3642 1594 3681 :
1632 3646 1651 3678 ι
1682 3624 1742 3681 ln
1773 3641 2056 3681 resurrec-

473 3719 621 3774 tione
650 3733 760 3773 non
792 3726 879 3772 est
904 3717 1183 3772 masculus
1226 3724 1282 3771 et
1320 3716 1564 3781 femina;
1593 3732 1702 3771 non
1747 3730 1948 3786 parvus
2001 3724 2054 3770 et

471 3823 738 3880 magnus;
773 3822 886 3862 non
913 3807 1069 3878 niger
1097 3817 1153 3862 et
1194 3806 1405 3879 flavus;
1437 3821 1548 3860 non
1590 3806 1753 3862 variae
1796 3806 1963 3862 facies
2003 3814 2055 3861 et

474 3898 719 3954 habitus.
770 3896 964 3953 Omnis
1014 3897 1165 3951 enim
1214 3895 1457 3951 hominis
1503 3895 1682 3966 imago
1722 3894 1917 3951 similis
1951 3893 2058 3950 erit

456 4001 608 4046 'tunc
634 3990 829 4044 Adami
863 3989 1111 4055 imagini,
1148 3996 1207 4045 et
1237 3987 1463 4054 flctioni,
1501 3996 1556 4041 et
1587 3986 1974 4057 magnitudini,
2003 3997 2059 4042 et

478 4083 710 4139 habitui.
738 4101 758 4135 ι
787 4080 845 4135 Si
885 4095 1016 4136 vero
1044 4080 1164 4134 haec
1201 4081 1274 4135 ita
1307 4095 1367 4135 se
1407 4080 1644 4146 habent;
1684 4081 1732 4136 si
1756 4082 2060 4136 secundum

480 4174 713 4241 primum
759 4171 912 4228 illum
944 4173 1224 4227 hominem
1268 4185 1374 4225 una
1420 4171 1605 4240 specie
1637 4181 1692 4226 et
1730 4171 1918 4226 habitu
1965 4187 2059 4227 re-

480 4272 711 4335 surgent
734 4278 948 4329 omnes,
974 4273 1035 4318 ut
1070 4263 1199 4318 inde
1228 4262 1438 4317 nullum
1480 4266 1551 4319 sit
1582 4263 1879 4321 discrimen
1911 4277 2061 4319 mas-

479 4357 587 4413 culi
617 4364 668 4411 et
710 4356 948 4422 femina,
991 4356 1146 4427 parvi
1190 4365 1243 4412 et
1284 4357 1487 4428 magni,
1517 4357 1660 4427 nigri
1687 4365 1741 4431 et
1770 4355 2062 4427 ﬂavi,quid

479 4465 618 4521 opus
648 4459 736 4505 est
769 4450 949 4506 adhuc
993 4449 1142 4518 loqui
1190 4449 1260 4505 de
1307 4450 1402 4505 illo
1447 4449 1677 4505 habitu?
1715 4448 1926 4505 Tacere
1960 4465 2062 4506 nos

2153 1993 2173 2027 ε
2215 1974 2357 2028 Ἀλλ’
2383 1973 2501 2043 ἐρεῖ
2529 1988 2610 2034 τις
2644 1969 2775 2040 περί
2809 1968 2919 2021 τῶν
2949 1964 3403 2036 ὲγερθησομένων
3429 1964 3492 2015 ὲκ
3514 1960 3700 2030 νεκρῶν

2147 2067 2323 2138 ὁποίῳ
2355 2064 2575 2134 σώματι
2616 2061 2908 2133 ἔρχονταις
2941 2061 3173 2130 ἐιφρον,
3205 2057 3233 2111 6
3278 2056 3543 2125 σπείρεις,
3572 2052 3627 2106 οὐ
3649 2049 3701 2103 τὸ

2150 2159 2314 2229 σῶμα
2342 2158 2403 2209 τδ
2437 2152 2809 2224 γενησόμενον
2875 2149 3148 2220 σπείρεις,
3184 2147 3325 2202 ἀλλὰ
3362 2144 3563 2215 γυμνὸν
3588 2142 3701 2193 κόκ-
3768 2188 3771 2189 ,

2150 2268 2247 2304 κον
2281 2249 2330 2302 εἰ
2362 2247 2501 2318 τύχῃ
2542 2244 2690 2298 σίτου
2721 2243 2756 2315 ἢ
2800 2242 2997 2314 κριθῆς
3026 2241 3061 2311 ἢ
3094 2240 3285 2308 ἐτέρου
3326 2237 3437 2289 τῶν
3465 2234 3702 2289 τοιούτων

2148 2341 2318 2406 τινός.
2357 2340 2416 2394 '0
2445 2338 2503 2391 δὲ
2552 2337 2687 2401 Θεὸς
2716 2335 2935 2390 δίδωσιν
2966 2331 3118 2402 αὐτῷ
3169 2329 3354 2400 σῶμα,
3388 2326 3566 2390 καθὼς
3594 2325 3701 2395 ἰ,θέ-

2150 2436 2305 2505 λησε.
2332 2451 2352 2485 ι
2382 2431 2478 2502 Μή
2536 2428 2701 2483 δέδιθι
2757 2427 2852 2483 οὖν
2882 2443 2897 2458 ³
2948 2423 3223 2495 συγγνῶθι
3279 2422 3338 2477 δὲ
3388 2419 3581 2491 μᾶλλον
3631 2416 3702 2486 τῷ

2152 2528 2415 2598 θειοτάτῳ
2451 2523 2793 2593 ’Δναστασίῳ
2841 2520 3082 2590 λέγοντι,
3127 2520 3213 2572 δτι
3272 2510 3702 2589 μεταμορφοῦται

2152 2625 2248 2677 καὶ
2285 2616 2834 2692 μετασχηματίζεται
2880 2615 3004 2669 τότε
3040 2615 3103 2666 τδ
3134 2615 3317 2683 σῶμα,
3354 2611 3449 2664 καὶ
3482 2604 3704 2662 τοιοῦτον

2151 2715 2432 2785 ἐγείρεται
2465 2713 2650 2765 ὁποῖον
2684 2703 2754 2780 ἦν
2793 2706 2890 2762 ἀπ’
2916 2707 3114 2777 ἀρχῆς.
3149 2704 3362 2759 Οὐκοῦν
3396 2720 3457 2772 γε
3490 2699 3703 2755 τοιοῦτον

2153 2808 2339 2863 ὁποῖον
2369 2807 2403 2877 ἡ
2433 2803 2667 2874 δευτέρα
2724 2800 2949 2870 ποίησις
3003 2799 3137 2853 αύτδ
3186 2796 3579 2852 κατεσκεύασε.
3609 2790 3706 2860 Τῆς

2152 2899 2264 2969 γὰρ
2296 2896 2478 2959 αἰτίας
2509 2890 2967 2965 περιαιρεθείσης
3014 2887 3083 2942 δι’
3112 2888 3180 2960 ήν
3212 2890 3246 2958 ή
3295 2887 3404 2940 τῶν
3439 2882 3705 2957 σχημάτων

2153 2986 2387 3043 τουτωνὶ
2414 2981 2764 3053 παρεισήχθη
2800 2978 3059 3049 διαφορὰ,
3092 2979 3309 3049 ἀνάγκη
3343 2978 3488 3031 πᾶσα
3516 2972 3601 3027 καὶ
3623 2969 3706 3039 τήν

2158 3078 2579 3151 συμόεὸηκυίαν
2600 3075 2837 3144 ὕστερον
2867 3071 3299 3145 περιαιρεθῆναι
3329 3069 3598 3137 διαφορὰν,
3627 3062 3707 3117 καὶ

2154 3171 2393 3227 τοιοῦτοι
2430 3156 2732 3238 ἐγερθῆναι
2787 3165 3030 3227 ἅπαντες
3089 3164 3275 3226 ὁποῖος
3329 3157 3398 3234 ἦν
3444 3163 3474 3213 6
3518 3156 3707 3228 πρῶτος

2160 3266 2474 3337 ἄνθρωπος,
2506 3265 2534 3315 ὁ
2563 3259 2690 3315 κατ’
2730 3260 2917 3313 εἰκόνα
2950 3257 3151 3328 δηλαδὴ
3179 3253 3546 3325 γεγενημένος
3571 3247 3706 3303 Θεοῦ.

2159 3358 2347 3427 Ταύτῃ
2389 3372 2473 3408 τοι
2506 3352 2607 3407 καὶ
2636 3353 2813 3424 μέγας
2859 3350 3183 3412 Ἀθανάσιος
3233 3347 3393 3411 εἰδὼς
3424 3347 3502 3399 ὅτι
3540 3344 3603 3396 τὰ
3628 3343 3709 3407 τῆς

2161 3448 2515 3510 ἀναστάσεως
2564 3447 2644 3508 εἰς
2694 3446 2903 3498 ἐκεῖνον
2948 3443 3224 3513 ἀφορᾶται
3257 3439 3359 3494 ἕνα
3400 3438 3491 3493 καὶ
3520 3434 3711 3507 πρῶτον

2161 3540 2477 3609 ἄνθρωπον,
2506 3536 2582 3601 ὡς
2629 3535 2743 3590 ἅνω
2768 3535 3098 3603 διείληπται,
3134 3534 3229 3586 καὶ
3260 3534 3348 3587 ὅτι
3375 3530 3495 3585 κατ’
3531 3526 3711 3580 ἐκεῖνον

2163 3634 2221 3685 ὲν
2255 3633 2323 3702 τῇ
2378 3628 2780 3699 παλιγγενεσία
2835 3625 3042 3689 πάντες
3103 3623 3541 3697 ἀναστησόμεθα,
3593 3616 3710 3686 πρὶς
3754 3664 3759 3671 .

2176 3723 2450 3793 Ἀντίοχον
2484 3716 2670 3791 ἔλεγεν
2693 3736 2707 3752 ο
2745 3738 2765 3771 ε
2788 3719 2877 3773 Ἐν
2902 3721 2969 3791 τῇ
3001 3719 3302 3774 ἀναστάσει
3333 3718 3432 3772 οὐκ
3460 3715 3598 3768 ἐστιν
3627 3709 3710 3771 ἄρ’

2145 3822 2260 3869 ’σεν
2296 3815 2393 3868 καί
2426 3812 2560 3884 θῆλυ
2584 3828 2600 3844 σ
2626 3810 2688 3864 ού
2728 3809 2925 3883 μικρὸς
2969 3810 3066 3865 καὶ
3101 3809 3274 3878 μέγας
3294 3825 3314 3843 ο
3347 3809 3409 3863 οὐ
3448 3805 3605 3876 μέλας
3632 3799 3712 3852 καὶ

2167 3906 2396 3973 ξανθόςο
2436 3910 2498 3959 οὐ
2527 3902 2765 3974 διάφορά
2803 3919 2861 3956 τε
2907 3902 3179 3974 πρόσωπά
3215 3917 3278 3954 τε
3326 3899 3419 3953 καὶ
3463 3897 3708 3967 σχήματα.

2167 4000 2329 4054 Πᾶσα
2379 3998 2475 4052 καὶ
2529 3996 2639 4069 γὰρ
2695 3994 2988 4064 ἀνθρώπου
3033 3992 3197 4049 εἰκὼν
3243 3992 3407 4062 όμοία
3438 3991 3581 4043 ἔσται
3610 3983 3711 4055 τότε

2165 4093 2267 4163 τῆς
2291 4091 2464 4163 Ἀδὰμ
2497 4089 2704 4151 εἰκόνος
2743 4089 2840 4142 καὶ
2870 4085 3146 4150 πλάσεως,
3188 4086 3283 4140 καί
3334 4082 3608 4157 μεγέθους,
3634 4075 3712 4129 καὶ

2169 4185 2474 4255 σχήματος.
2510 4200 2529 4235 ι
2564 4182 2626 4235 Εἰ
2669 4180 2727 4234 δὲ
2767 4177 2942 4234 ταῦτα
2970 4177 3144 4241 οὕτως
3178 4178 3317 4250 ἔχει,
3369 4180 3418 4231 εἰ
3464 4174 3595 4230 κατὰ
3633 4168 3710 4221 τὸν

2172 4277 2389 4349 πρῶτον
2427 4276 2636 4328 ἐκεῖνον
2666 4273 2956 4343 ἄνθρωπον
2988 4270 3045 4325 ἓν
3088 4267 3229 4335 εἶδος
3258 4271 3355 4324 καὶ
3384 4269 3560 4340 σχῆμα
3586 4259 3711 4329 ἐγείο

2171 4383 2353 4439 ρονται
2383 4364 2646 4429 ἅπαντες,
2679 4362 2756 4425 ὡς
2785 4359 3040 4415 ἐντεῦθεν
3071 4359 3147 4430 μὴ
3170 4354 3313 4413 εἶναι
3350 4353 3601 4425 διαφορὰν
3626 4349 3710 4418 ἆῤ-

2172 4452 2328 4525 ρενός
2356 4468 2417 4505 τε
2452 4450 2548 4505 καὶ
2586 4448 2802 4520 θήλεος,
2840 4448 3040 4520 μικροῦ
3080 4449 3176 4502 καί
3209 4450 3470 4519 μεγάλου,
3509 4439 3711 4515 μέλανός

480 4556 649 4612 super
701 4541 789 4596 his
840 4550 1083 4612 praestat,
1133 4550 1191 4597 et
1239 4556 1421 4611 neque
1473 4541 1595 4611 ejus
1647 4541 2049 4609 formationem,

2166 4560 2227 4596 τε
2251 4542 2350 4597 καὶ
2385 4538 2584 4606 ξανθοῦ
2610 4558 2626 4573 ο
2653 4540 2708 4594 τί
2735 4541 2843 4611 χρὴ
2862 4541 2958 4593 καὶ
2983 4540 3165 4606 λέγειν
3190 4540 3318 4609 περί
3343 4538 3435 4593 τοῦ
3464 4537 3711 4605 σχήματος

481 4631 658 4700 qualis
703 4631 829 4696 erit,
875 4631 1148 4687 curiosius
1179 4632 1486 4700 inquirere,
1523 4644 1626 4685 nec
1657 4631 1936 4700 quomodo
1965 4646 2063 4686 vo-

481 4724 747 4780 cabimus.
787 4723 847 4779 Si
875 4724 1024 4780 enim
1065 4723 1234 4779 maris
1274 4735 1330 4779 et
1362 4723 1582 4779 femina;
1611 4723 1908 4779 discrimen
1952 4738 2064 4778 non

481 4817 663 4881 habet,
694 4819 922 4872 omnino
952 4818 1118 4872 fuerit
1159 4817 1408 4887 phoenix,
1438 4816 1616 4872 Arabs
1651 4816 1911 4882 volueris,
1941 4830 2065 4886 qua:

482 4906 823 4977 splendidam
861 4908 918 4961 in
949 4922 1007 4962 se
1031 4909 1147 4978 ipsa
1182 4907 1343 4978 primi
1366 4907 1515 4964 illius
1544 4906 1739 4964 Adami
1766 4907 2063 4980 imaginem

482 4994 623 5062 fert;
684 5012 754 5052 ne
815 4999 992 5053 dicam
1053 4996 1500 5055 molestissimum
1565 5015 1840 5069 vermcm,
1900 5001 2063 5056 talem

481 5088 767 5157 quiescere
794 5098 1036 5145 nostram
1070 5091 1535 5161 negotiositatem.

550 5377 633 5429 An
666 5390 796 5430 vero
837 5374 889 5430 in
926 5377 1328 5432 resurrectione
1368 5385 1732 5447 cognoscetur
1775 5376 1976 5432 femina
2008 5385 2066 5432 et

482 5482 622 5528 mas,
653 5481 764 5521 uno
798 5476 855 5522 et
880 5467 1069 5523 eodem
1106 5468 1294 5522 habitu
1322 5468 1584 5523 omnibus
1615 5468 2060 5538 resurgentibus,

481 5553 733 5612 dubitare
758 5572 882 5623 nos,
909 5558 1102 5628 procul
1136 5574 1167 5614 a
1198 5558 1414 5612 ratione
1443 5558 1676 5615 recedit.
1707 5558 1764 5614 Si
1810 5559 1979 5621 enim,
2006 5566 2065 5614 ut

482 5649 751 5705 aurifluus
787 5650 1029 5707 Joannes
1073 5636 1299 5715 ait,'non
1349 5650 1438 5705 hic
1489 5659 1647 5707 notos
1685 5659 1921 5714 tantum,
1966 5651 2064 5706 sed

480 5755 576 5795 eos
606 5756 749 5811 quos
770 5758 1048 5813 nunquam
1076 5741 1337 5807 vidimus,
1356 5756 1485 5797 cum
1510 5742 1714 5797 ibidem
1743 5742 2063 5807 viderimus,

485 5847 912 5904 cognoscemus;
947 5834 1405 5905 quemadmodum
1436 5844 1584 5890 certe
1612 5839 1669 5890 et
1694 5835 2064 5891 Abrahamum

2168 4635 2412 4700 ὲκείνου;
2467 4633 2690 4703 Σιωπᾷν
2739 4633 2888 4703 ήμᾶς
2937 4632 3030 4684 ἐπὶ
3076 4631 3290 4695 τούτοις
3344 4630 3580 4699 ἄμεινον,
3631 4620 3712 4674 καὶ

2170 4728 2312 4800 μήτε
2346 4726 2446 4794 τὴν
2473 4724 2640 4779 αὐτοῦ
2670 4726 2874 4780 πλάσιν
2902 4724 3062 4779 ὁποία
3088 4723 3170 4789 τίς
3201 4725 3319 4778 εστι
3344 4722 3711 4789 πολυπραγμ-

2167 4825 2302 4889 νείν,
2340 4824 2477 4894 μήτε
2517 4820 2637 4883 πῶς
2667 4820 3000 4889 καλέσομεν,
3028 4820 3144 4888 εἴγε
3177 4819 3278 4890 τὴν
3311 4819 3450 4872 κατά
3478 4814 3536 4868 τὸ
3563 4811 3711 4882 ἀρῤεν

2166 4913 2266 4966 καὶ
2295 4911 2430 4982 θῆλυ
2460 4910 2562 4966 οὒκ
2591 4910 2706 4983 ἔχει
2732 4909 3004 4981 διαφορὰν
3047 4911 3187 4972 ὅλως
3218 4897 3712 4982 περιεργάζεσθαιοό

2168 5002 2347 5075 φοῖνιξ
2391 5007 2420 5058 6
2461 5002 2756 5075 Ἀραόικδς
2790 5004 2960 5076 ὅρνις,
3011 5005 3042 5058 6
3075 5003 3171 5056 καὶ
3216 5002 3446 5072 φαιδρὰν
3474 5002 3528 5052 ὲν
3559 4987 3712 5057 ἑαυτῷ

2168 5096 2352 5168 φόρων
2380 5098 2567 5152 εἰκόνα
2595 5095 2690 5151 τοῦ
2717 5096 2835 5161 ὲνδς
2870 5095 3083 5150 ἐκείνου
3115 5097 3292 5166 Ἀδάμ
3317 5111 3332 5128 ο
3367 5095 3453 5147 ἵνα
3480 5089 3552 5161 μή
3589 5086 3711 5151 λέγω

2165 5190 2260 5242 τὸν
2286 5188 2639 5258 οἰκτρότατον
2670 5188 2954 5260 σκώληκα,
3000 5188 3103 5258 τὴν
3147 5186 3403 5257 τοιαύτην
3433 5177 3711 5237 ἀποπαῖειν

2169 5279 2717 5352 πολυπραγμοσύνην
2753 5280 2933 5352 ήμῶν.

2241 5372 2307 5425 ΕΙ
2333 5371 2390 5425 δὲ
2417 5372 2514 5426 καί
2539 5390 2644 5427 που
2672 5373 2731 5427 ὲν
2761 5375 2826 5444 τῇ
2858 5372 3158 5447 ἀναστάσει
3188 5371 3557 5442 γνωσθήσεται
3581 5359 3635 5414 τό
3657 5368 3706 5407 τε

2167 5464 2308 5535 θῆλυ
2347 5466 2533 5520 καὶτὸ
2566 5465 2738 5538 ἀρρεν
2770 5466 2850 5519 ἑνὶ
2890 5467 2985 5520 καὶ
3012 5465 3091 5539 τῷ
3121 5465 3272 5538 αὐτῷ
3317 5464 3549 5535 σχήματι
3590 5449 3707 5505 πάν·

2169 5574 2277 5611 των
2309 5558 2713 5625 ἀνισταμένων,
2763 5558 3073 5626 ὐπαπορείν
3120 5559 3288 5629 ήμᾶς,
3321 5556 3394 5618 ὡς
3427 5548 3591 5618 οἶμαι,
3620 5539 3705 5593 οὐκ

2167 5646 2418 5717 εῦλογον.
2454 5646 2518 5701 Εἰ
2546 5647 2678 5718 γὰρ,
2707 5649 2784 5713 ὡς
2804 5650 2833 5702 6
2861 5650 3266 5720 χρυσορῤήμων
3302 5645 3543 5709 Ἰωάννης
3569 5630 3703 5703 φησὶν

2173 5739 2249 5811 μὴ
2277 5740 2438 5809 μόνον
2463 5741 2591 5804 τοὺς
2617 5733 2721 5795 ὧδε
2753 5741 3053 5809 γνωστοὺς,
3085 5741 3222 5795 ἀλλά
3251 5740 3340 5794 καὶ
3363 5735 3453 5798 οὒς
3477 5726 3701 5786 οὐδέποτε

2170 5835 2384 5907 εἴδομεν
2410 5835 2612 5901 ἰδόντες
2644 5838 2823 5892 ἐκεῖσε
2856 5837 3201 5908 γνωρίσομεν
3225 5852 3239 5867 '
3268 5831 3404 5890 καθά
3430 5828 3490 5900 δὴ
3515 5821 3598 5889 καὶ
3625 5812 3700 5867 τὸν
