4048 6438
460 459 569 522 777‘

1836 453 2205 517 EPISTOLA
2250 455 2351 517 VI.

3626 457 3735 518 778

473 569 727 639 Ἀθραὰμ
762 569 790 621 6
817 567 1076 652 πλορσιος
1099 582 1114 598 ο
1139 568 1190 621 εί
1228 567 1304 639 μὴ
1348 570 1456 638 γὰρ
1507 568 1807 639 ἐγνώρισεν
1853 567 2039 633 αὑτὸν,

2157 565 2301 620 dives
2325 581 2341 631 ;
2365 564 2469 620 nisi
2495 564 2641 618 enim
2668 574 2795 618 cum
2827 538 3488 634 coguovisset,quoiuodo
3511 564 3735 616 nomine

457 663 579 726 πῶς
612 662 680 716 ἂν
712 661 979 714 ἐκάλεσεν
1015 661 1075 726 ἐξ
1106 661 1410 729 ὀνόματος;
1441 660 1542 714 οὐκ
1588 659 1656 714 ἄν
1695 677 1782 722 τις
1819 660 2042 729 ἀμήχα-

455 770 571 816 νον.
597 752 678 816 ὡς
729 748 907 823 οῐμαι,
948 753 1241 824 ἡγήσεται.
1283 751 1376 818 Μή
1423 751 1519 804 καὶ
1561 752 1682 806 τόδε
1728 752 1791 806 τὸ
1823 751 2038 806 παιδίον

455 846 553 900 καὶ
587 845 746 916 τήνδε
769 845 870 916 τήν
905 847 1160 913 γυναῖκα,
1184 846 1283 899 καὶ
1310 845 1402 900 τὸν
1437 846 1673 915 γέροντα
1701 844 1912 898 ἐκεῖνον
1945 843 2042 896 ὑπ’

453 936 705 1006 ἀλλήλων
747 936 1163 1008 ἐπιγνωσθῆναι
1206 937 1354 1003 τότε,
1407 937 1456 990 εί
1504 937 1602 990 καὶ
1655 937 1786 1006 μιᾶς
1818 935 2041 1005 ήλικίας

455 1030 552 1082 καὶ
584 1033 865 1100 σχήματος
896 1029 1014 1092 ἑνὸς
1054 1030 1474 1099 ἀναστήσονται.
1516 1029 1653 1083 Οὐδὲ
1681 1027 1792 1098 γάρ
1818 1027 1883 1081 ἐκ
1909 1044 2042 1081 συσ-

455 1118 652 1187 σήμων
699 1119 795 1172 καὶ
848 1119 1150 1190 σχημάτων
1199 1120 1294 1172 καὶ
1329 1119 1562 1189 ἡλικιῶν
1609 1119 1642 1188 ἡ
1691 1116 2042 1187 γνωριμότης

453 1211 680 1263 ἐκεῖσε·
731 1210 872 1265 ἀλλὰ
921 1211 1003 1277 τῷ
1055 1211 1350 1282 διορατικῷ
1396 1212 1496 1282 τῆς
1543 1210 1720 1281 ψυχῆς
1772 1208 2040 1279 ὀφθαλμῷ

453 1299 799 1369 γνωριοῦμεν
825 1301 1028 1363 πάντες
1051 1301 1179 1363 τοὺς
1211 1302 1438 1365 πάντας,
1461 1300 1536 1364 ὡς
1556 1304 1584 1354 6
1613 1301 1846 1370 ποιητὴς
1876 1299 2036 1369 ήμῶν

455 1389 551 1441 καὶ
574 1388 822 1458 πλάστης
851 1389 1180 1460 ηὐδόκησεν.
1201 1389 1359 1464 ,Αὐτὸ
1385 1389 1548 1444 τοῦτο
1571 1389 1670 1442 καὶ
1706 1390 1733 1442 6
1760 1387 2038 1452 θειότατος

482 1480 820 1543 Λναστάσιος
861 1480 1251 1552 ἀριδηλότερόν
1280 1493 1366 1534 σοι
1411 1482 1736 1552 παρίστησι,
1774 1479 1870 1532 καὶ
1896 1477 2041 1533 οὕτω

455 1571 628 1640 φησί’
669 1573 777 1624 Καὶ
803 1574 906 1625 οὐκ
930 1575 996 1626 ὲκ
1029 1574 1335 1644 συσσήμων
1378 1574 1675 1642 ἐπίγνωσις
1704 1571 1860 1626 ἔσται
1892 1573 2039 1627 τότε.

466 1664 608 1718 Ἀλλ’
642 1663 766 1717 οὐδὲ
805 1664 876 1718 τὰ
923 1667 1223 1736 γεννητικὰ
1257 1667 1433 1720 ταῦτα
1484 1666 1650 1736 μόρια
1692 1666 1755 1718 τό
1797 1682 1856 1718 τε
1903 1664 2039 1734 θῆλυ

454 1758 552 1810 καὶ
592 1758 654 1810 τὸ
681 1759 852 1828 άρρεν
911 1758 1265 1830 παρίστησιν,
1295 1761 1383 1852 ἑτι
1427 1759 1564 1828 μηδὲ
1598 1761 1654 1814 ὲν
1706 1758 1786 1829 τῷ
1816 1758 2039 1830 Χριστῷ

453 1851 626 1918 ἄρσεν
679 1851 778 1903 καὶ
833 1851 998 1924 θῆλυ,
1048 1852 1191 1905 καθά
1221 1869 1358 1922 φησι
1399 1851 1630 1914 Παῦλος.
1679 1852 1743 1904 Et
1773 1851 1831 1904 δὲ
1864 1851 2040 1905 ταῦτα

2148 665 2402 713 vocasset
2445 657 2467 710 ί
2513 671 2674 712 nemo
2727 655 2918 727 utique
2960 656 3319 724 impossibile,
3366 662 3428 708 ut
3475 656 3735 717 arbitror,

2145 750 2433 822 iudicabit,
2459 757 2516 804 et
2563 749 2711 804 hunc
2739 764 2995 819 puerum,
3037 756 3094 803 et
3140 748 3283 802 hanc
3331 745 3642 810 mulierem,
3679 755 3737 800 et

2149 856 2339 897 senem
2369 841 2545 903 illum.
2582 839 2818 894 invicem
2855 846 2970 893 tum
3001 839 3275 910 cognitum
3306 837 3396 902 iri,
3432 837 3536 892 etsi
3570 837 3734 891 unius

2145 933 2346 998 astatis,
2380 933 2652 1002 uniusque
2687 932 2874 1003 ﬁgura:
2911 942 3222 1003 resurgent.
3258 930 3448 999 Neque
3488 929 3637 984 enim
3667 943 3736 982 ex

2148 1024 2460 1095 insignibus
2503 1034 2558 1078 et
2612 1023 2803 1094 ﬁguris
2849 1023 2922 1078 ibi
2955 1023 3241 1094 cognitio;
3280 1021 3378 1078 sed
3433 1019 3733 1091 perspicaci

2145 1116 2341 1172 anima:
2365 1115 2528 1171 oculo
2543 1130 2734 1171 omnes
2753 1117 2822 1171 ab
2840 1115 3096 1170 omnibus
3112 1123 3531 1186 cognoscentur,
3553 1129 3736 1183 quem-

2145 1207 2442 1263 admodum
2499 1205 2694 1261 t‘actori
2753 1214 2809 1261 et
2875 1205 3050 1262 ﬁetori
3101 1216 3294 1262 nostro
3335 1207 3512 1261 risum
3547 1205 3734 1260 fuerit.

2150 1299 2338 1354 lsthnc
2387 1300 2565 1368 ipsum
2614 1307 2667 1354 et
2711 1297 3090 1354 divinissimus
3153 1298 3474 1354 Anastasius
3502 1297 3738 1352 manife-

2149 1390 2295 1444 stius
2331 1389 2430 1444 tibi
2462 1390 2637 1456 sistet,
2669 1398 2726 1445 et
2759 1391 2833 1446 ita
2871 1392 2952 1445 ait
2985 1412 2998 1446 :
3041 1409 3060 1443 ι
3095 1389 3165 1444 Ει
3192 1405 3304 1445 non
3329 1405 3395 1444 ex
3430 1388 3740 1460 insignibus

2151 1482 2394 1551 cognitio
2422 1490 2554 1536 tunc
2573 1482 2703 1537 erit.
2735 1500 2754 1533 ι
2788 1482 2900 1538 Sed
2932 1497 3109 1552 neque
3131 1481 3388 1551 genitalia
3424 1480 3542 1535 baac
3568 1493 3743 1533 mem-

2159 1575 2256 1628 bra
2305 1585 2419 1630 tum
2455 1589 2665 1628 marem
2693 1583 2750 1628 et
2775 1573 3035 1629 feminam
3070 1575 3440 1638 constituent;
3481 1571 3611 1642 quia
3641 1586 3743 1624 ne-

2149 1682 2258 1737 que
2293 1667 2349 1721 in
2381 1665 2605 1722 Christo
2639 1683 2758 1722 mas
2785 1675 2841 1722 et
2870 1667 3098 1730 femina,
3129 1677 3190 1722 ut
3221 1667 3424 1721 Paulus
3454 1665 3654 1735 inquit.
3684 1663 3742 1717 Si

2149 1775 2280 1814 vero
2312 1759 2429 1813 haee
2460 1759 2532 1812 ita
2581 1760 2783 1813 habent
2812 1767 2868 1812 et
2912 1759 3220 1814 secundum
3260 1773 3516 1828 magnum
3575 1757 3744 1809 Atha-

2149 1852 2366 1906 nasium
2401 1867 2547 1906 unus
2581 1850 2745 1906 homo
2781 1851 2836 1906 in
2879 1851 3234 1920 generatione
3266 1865 3462 1905 omnes
3487 1863 3743 1916 resurge-

454 1942 628 2005 οὕτως
657 1942 774 2012 ἔχει
824 1945 920 1998 καὶ
955 1947 1098 1998 κατὰ
1123 1946 1218 1998 τὸν
1263 1947 1436 2015 μέγαν
1470 1946 1797 2000 Ἀθανάσιον
1843 1940 1922 2007 εἷς
1954 1946 2049 1998 άν-

2157 1960 2454 2010 mus;~una
2488 1947 2636 2000 enim
2677 1956 2810 2001 aetas
2845 1946 2991 2016 apud
3026 1956 3244 2009 omnes,
3288 1961 3394 2000 una
3431 1945 3603 2010 ﬁctio,
3635 1959 3742 1998 una

449 2032 680 2102 θρωπος
732 2035 791 2087 ὲν
836 2038 895 2105 τῇ
953 2036 1354 2108 παλιγγενεσία
1405 2037 1608 2099 πάντες
1651 2037 1998 2106 άνιστάμεθα
2026 2054 2041 2070 ο

459 2127 562 2193 μία
591 2129 702 2195 γὰρ
733 2127 924 2197 ἡλικία
973 2128 1126 2197 παρὰ
1173 2132 1331 2195 πᾶσι,
1385 2131 1486 2199 μία
1518 2131 1736 2196 πλάσίς,
1782 2131 1840 2182 ἓν
1876 2126 2039 2194 εἶδος,

455 2215 515 2269 ἓν
547 2208 739 2286 σχῆμα
765 2218 860 2271 καὶ
887 2219 1128 2292 ’μέγεθος
1152 2221 1232 2272 ἕν’
1259 2205 1516 2289 περιττὸν
1554 2221 1620 2274 ἂν
1655 2222 1741 2292 εῐη
1770 2220 2038 2291 διαφοράν

456 2309 756 2378 σχημάτων
788 2310 1072 2380 ἐπιζητεῖν
1093 2326 1110 2344 ο
1142 2313 1190 2366 εί
1219 2312 1330 2383 γάρ
1357 2313 1456 2384 τὴν
1487 2313 1746 2386 τοιαύτην
1774 2312 2040 2382 διαφορὰν

455 2400 710 2470 ἢ.φθορά
752 2403 1186 2471 παρεισήγαγεν,
1219 2405 1436 2474 ἀνάγκη
1474 2407 1647 2468 πᾶσα,
1692 2405 1790 2475 τῆς
1822 2405 2042 2475 ἀφθαρ-

457 2495 576 2557 σίας
609 2495 896 2563 ἐλθούσης,
932 2497 1104 2549 ταῦτα
1142 2498 1320 2550 πάντα
1357 2498 1455 2550 σὺν
1501 2500 1567 2569 τῇ
1615 2498 1793 2568 φθορᾷ
1833 2497 2042 2566 παρελ-

454 2588 589 2641 θεῖν.
619 2589 730 2641 Καὶ
758 2588 902 2641 οὓτω
933 2590 1036 2658 μὲν
1069 2591 1098 2642 6
1119 2589 1186 2642 τὰ
1213 2591 1332 2644 θεῖα
1365 2590 1440 2661 τῷ
1465 2592 1580 2644 ὄντι
1608 2591 1770 2659 σοφὸς
1806 2590 2041 2644 ’Δθανάο

457 2695 571 2743 σιος
597 2696 611 2710 ·
639 2681 723 2734 ὅτι
761 2680 849 2734 διὰ
878 2681 978 2752 τὴν
1020 2683 1298 2753 ἁμαρτίαν
1336 2685 1369 2754 ἡ
1416 2684 1526 2736 τῶν
1572 2685 1874 2754 σχημάτων
1913 2683 2034 2736 δια-

457 2771 602 2838 φορὰ
635 2774 728 2826 καὶ
761 2775 792 2843 ή
821 2774 916 2825 τοῦ
942 2774 1124 2845 γάμου
1148 2777 1315 2846 ἀρχήο
1343 2777 1629 2846 καταρχὰς
1659 2777 1770 2846 γὰρ
1797 2777 1955 2830 οὐδέν
1986 2794 2040 2829 τι

456 2863 698 2917 τοιοῦτον
749 2860 841 2935 ἦν,
881 2866 978 2920 ἅτε
1034 2867 1128 2920 τοῦ
1170 2870 1280 2921 τῶν
1333 2869 1642 2939 ἀνθρώπων
1698 2868 2045 2938 πλεονασμοῦ

469 2956 612 3008 κατὰ
645 2956 771 3018 τοὺς
805 2957 1095 3028 ἀγγέλους,
1133 2960 1208 3021 ὡς
1241 2960 1590 3030 προείρηται,
1631 2961 1878 3027 γίνεσθαι
1915 2961 2048 3030 μέλ-

457 3045 644 3107 λοντος
668 3065 682 3079 ο
715 3049 1016 3104 κάντεῦθεν
1050 3053 1126 3122 μὴ
1161 3052 1420 3122 δεόμενον
1457 3055 1556 3123 τῆς
1587 3054 1697 3108 ἀπὸ
1725 3053 1820 3107 τοῦ
1853 3054 2046 3124 θήλεος

461 3139 734 3208 βοηθείαςο
769 3145 863 3196 καὶ
894 3144 1005 3216 γάρ
1034 3147 1084 3198 εί
1138 3147 1215 3216 μὴ
1258 3146 1419 3216 ὤφθη
1470 3151 1752 3218 παρήκοος
1783 3150 1812 3201 6
1849 3148 2044 3218 ⁹Δδὰμ,

459 3232 563 3283 οὐκ
593 3232 662 3286 ἂν
687 3233 876 3304 ἐδέησε
910 3237 1115 3304 γάμου,
1147 3237 1238 3290 καὶ
1270 3239 1374 3307 τῆς
1411 3236 1490 3308 τῷ
1522 3240 1689 3309 γάμῳ
1710 3239 1900 3293 λοιπὸν
1926 3257 2050 3324 συντ
2085 3263 2093 3267 ’

2147 2039 2382 2106 Species,
2433 2053 2579 2093 unus
2612 2039 2852 2103 habitus,
2888 2049 2943 2093 et
3001 2037 3325 2108 magnitudo
3368 2053 3495 2101 una,
3547 2052 3743 2105 supcr-

2149 2131 2321 2185 ﬂuum
2357 2132 2578 2201 quidem
2621 2132 2786 2187 fuerit
2835 2134 3132 2202 ﬁgurarum
3175 2133 3476 2188 discrimen
3522 2131 3744 2201 perqui-

2151 2238 2296 2278 rere.
2347 2222 2405 2278 Si
2455 2223 2603 2278 enim
2660 2225 2766 2278 tale
2822 2224 3118 2280 discrimen
3173 2223 3455 2292 corruptio
3503 2221 3742 2283 induxit,

2149 2317 2527 2372 necessarium
2555 2318 2782 2372 omnino
2811 2325 2915 2380 est,
2940 2299 3355 2385 incorruptione
3387 2315 3742 2376 adveniente,

2150 2409 2267 2463 haec
2304 2409 2488 2463 omnia
2519 2425 2644 2465 cum
2672 2409 3030 2479 corruptione
3064 2395 3370 2478 prxtérire.
3407 2407 3476 2460 Et
3516 2407 3589 2460 ita
3618 2407 3743 2475 qui-

2151 2506 2274 2562 dem
2335 2507 2647 2562 divinarum
2701 2520 2884 2561 rerum
2942 2506 3312 2576 peritissimus
3380 2501 3741 2557 Athanasius.

2149 2599 2284 2665 Quia
2316 2614 2413 2669 per
2440 2606 2724 2668 peceatum
2751 2600 3047 2668 ﬁgurarum
3075 2595 3398 2659 discrimen,
3431 2603 3488 2648 et
3524 2591 3747 2662 nuptia-

2151 2708 2273 2746 rum
2304 2691 2542 2745 iuitium.
2570 2691 2652 2745 Ab
2671 2690 2821 2744 initio
2839 2690 2986 2745 enim
3013 2688 3149 2744 nihil
3177 2689 3282 2743 tale
3308 2695 3445 2753 erat,
3477 2685 3746 2754 siquidem

2153 2785 2241 2840 hic
2267 2784 2434 2838 homo
2456 2785 2928 2854 multiplicandus.
2947 2793 3006 2838 ut
3031 2783 3230 2851 angeli,
3251 2790 3402 2846 erat;
3429 2790 3479 2834 et
3506 2779 3636 2834 inde
3661 2778 3745 2832 fe-

2155 2875 2317 2929 minze
2338 2876 2538 2930 auxilio
2560 2890 2670 2931 non
2696 2876 2994 2946 indigebat.
3016 2875 3071 2931 Si
3091 2875 3238 2929 enim
3263 2871 3586 2926 inohediens
3602 2868 3748 2922 Ada-

2154 2976 2278 3018 mus
2291 2977 2400 3018 non
2417 2965 2774 3034 apparuisset,
2790 2966 3103 3034 nuptiarum
3118 2963 3336 3033 quidem
3353 2976 3462 3016 non
3479 2959 3742 3028 eguisset,

2153 3064 2209 3110 et
2267 3057 2491 3126 reliquae
2524 3056 2733 3126 nuptiis
2783 3057 3114 3122 necessaria:
3161 3053 3618 3111 constructionis.
3664 3052 3746 3106 Ad

2150 3149 2280 3219 quid
2336 3150 2484 3204 enim
2525 3151 2644 3206 haec
2697 3150 3020 3220 profuisset,
3079 3151 3127 3207 si
3180 3149 3344 3204 etiam
3369 3148 3490 3202 sine
3540 3143 3748 3215 nuptiis

2154 3242 2440 3298 hominum
2482 3242 2779 3298 multitudo
2815 3243 3107 3313 provenire
3142 3257 3254 3297 non
3287 3239 3618 3296 vetabatur?

461 3327 725 3397 τελούσης
750 3329 1125 3398 κατασκευῆς.
1178 3329 1275 3394 Είς
1303 3331 1356 3383 τί
1399 3333 1496 3386 καὶ
1539 3332 1652 3403 γὰρ
1696 3333 2050 3386 συνετέλεσεν
2091 3331 2257 3406 αὕτη,
2323 3335 2439 3404 εῐγε
2483 3335 2579 3388 καὶ
2613 3336 2796 3406 γάμου
2829 3334 3002 3407 χωρὶς
3039 3334 3214 3406 ήτῶν
3240 3331 3548 3404 ἀνθρώπων
3610 3331 3749 3399 πλη-

467 3421 567 3484 θὺς
601 3422 891 3492 προελθεῖν
919 3424 1021 3477 οὐκ
1051 3423 1364 3490 enimidem;

537 3516 833 3586 Προλαΰὼν
858 3517 884 3570 6
920 3517 1077 3586 λόγος
1110 3517 1357 3586 διείληφέ
1409 3536 1497 3572 σοι
1542 3522 1676 3589 περὶ
1717 3519 1914 3573 τούτου
1955 3535 2049 3572 σα-

2229 3513 2552 3571 Praecedeus
2594 3531 2778 3570 sermo
2815 3515 3078 3570 disseruit
3108 3515 3204 3570 tibi
3240 3514 3309 3569 de
3357 3514 3463 3568 hoc
3506 3515 3747 3584 apertis-

466 3611 755 3679 φέστερον.
787 3611 850 3663 El
876 3610 933 3663 δὲ
966 3611 1142 3664 ταῦτα
1168 3609 1345 3675 οὕτως
1374 3613 1509 3682 ἔχει,
1544 3614 1594 3667 εἰ
1624 3613 1714 3668 διὰ
1745 3614 1844 3684 τὴν
1877 3629 2052 3682 παρα-

468 3701 601 3768 κοήν
635 3701 734 3754 καὶ
769 3701 872 3770 τὴν
900 3703 1008 3755 ἀπὸ
1047 3703 1144 3756 τοῦ
1179 3704 1413 3758 θανάτου
1447 3706 1657 3777 φθοράν
1690 3707 1868 3778 ἀρχὴν
1895 3707 2054 3776 ἔσχεν

464 3795 494 3845 6
525 3793 724 3860 γάμος,
746 3792 820 3855 ὡς
848 3792 877 3845 6
904 3794 1142 3863 χρυσοῦς
1172 3796 1272 3864 τὴν
1315 3797 1562 3864 γλῶττάν
1595 3815 1762 3867 φησιν
1789 3815 1803 3830 ⁸
1829 3801 1878 3851 εἰ
1917 3798 2056 3868 μετὰ

467 3885 530 3938 τὸ
563 3886 770 3955 ὑψηλὸν
801 3884 905 3955 τῆς
949 3886 1184 3950 κτίσεως
1221 3889 1316 3941 ἐπὶ
1350 3891 1444 3942 τὸν
1495 3889 1790 3960 ἄνθρωπον
1823 3891 2054 3960 ¹ἤνεγκεν

468 3977 498 4031 6
532 3977 666 4050 Θεὸς
715 3976 774 4030 τὸ
826 3977 930 4046 τῆς
981 3978 1183 4046 ἀλόγου
1233 3980 1587 4050 κατασκευῆς
1643 3981 1866 4051 ἰδίωμα,
1919 3982 1995 4044 ὡς
2026 3983 2055 4035 6

470 4071 692 4141 Νύσσης
729 4070 915 4139 φησίν·
941 4069 1111 4140 είτῆς
1155 4071 1422 4140 δευτέρας
1461 4073 1579 4124 ἐστὶ
1624 4073 1913 4143 κτίσεωςή
1946 4075 2056 4128 τῶν

471 4163 771 4233 σχημάτων
800 4161 1036 4231 διαφορὰ
1091 4163 1237 4216 κατὰ
1267 4163 1360 4216 τὸν
1415 4165 1674 4235 Σιναῖτην
1711 4164 1854 4218 θεῖον
1895 4167 2056 4219 Ἀνα-

473 4255 695 4310 στάσιον
717 4273 730 4286 ·
763 4258 812 4309 εί
841 4255 982 4308 κατά
1021 4255 1114 4308 τὸν
1146 4257 1363 4326 πρῶτον
1393 4259 1600 4310 ἐκεῖνον
1627 4257 1919 4328 ἄνθρωπον
1956 4261 2056 4329 μιᾷ

473 4349 590 4420 ίδέᾳ
621 4347 716 4403 καὶ
738 4347 819 4401 ἐνὶ
851 4349 1092 4418 σχήματι
1122 4350 1325 4411 πάντες
1358 4349 1686 4419 ἐγείρονται,
1714 4349 1791 4413 ὡς
1823 4351 1850 4402 6
1877 4352 2056 4421 μέγας

473 4442 640 4511 φησὶν
665 4442 1010 4508 ’Δθανάσιος,
1055 4441 1153 4495 ἅτε
1188 4441 1291 4509 τῆς
1323 4441 1466 4496 κατὰ
1508 4443 1569 4494 τὸ
1601 4443 1770 4513 ἂρρεν
1795 4443 1889 4496 καὶ
1923 4443 2056 4513 θῆλυ

470 4532 736 4602 διαφορᾶς
775 4531 1002 4601 ὕστερον
1053 4531 1513 4602 ἐπιτεχνηθείσης
1581 4533 1702 4602 Θεῷ
1749 4532 1820 4586 δι’
1851 4533 2054 4597 αἰτίαν,

440 4641 444 4644 ·
470 4625 594 4695 ἥτις
618 4625 733 4678 ἄνω
757 4623 1100 4696 διείληπται·
1128 4625 1183 4676 τί
1210 4626 1315 4694 χρὴ
1351 4626 1451 4677 καὶ
1470 4624 1656 4692 λέγειν
1684 4626 1778 4678 ἐπὶ
1805 4625 1888 4696 τῷ
1923 4641 2058 4696 προ-

435 4722 438 4724 ’
472 4717 713 4784 κειμένῳ
769 4713 1088 4783 ζητήματι;
1122 4715 1312 4768 Ταῦτα
1365 4714 1800 4785 παρακαλοῦμεν
1839 4716 2055 4786 μαθεῖν.

472 4807 619 4873 Είγε
647 4806 741 4859 καὶ
773 4804 977 4875 μᾶλλον
1012 4807 1040 4857 6
1067 4806 1434 4876 Δαμασκηνὸς
1479 4806 1737 4878 Ἰωάννης
1783 4807 2058 4862 ἐναντιοῦ-

2162 3608 2317 3662 sime.
2359 3607 2416 3661 Si
2441 3621 2572 3661 vero
2609 3607 2728 3662 haec
2775 3607 2848 3660 ita
2895 3607 3120 3668 habent.
3154 3615 3382 3676 propter
3425 3606 3754 3660 inohedien-

2163 3702 2293 3755 tiam
2345 3710 2401 3756 et
2429 3702 2838 3772 corruptionem
2872 3713 2993 3770 quae
3038 3715 3103 3754 ex
3151 3709 3336 3764 morte
3390 3707 3494 3764 est,
3545 3699 3752 3767 nuptiae

2162 3794 2495 3864 principium
2527 3795 2795 3858 habuere,
2839 3801 2901 3848 ut
2926 3793 3355 3864 Chrysostomus
3395 3791 3496 3845 ait.
3540 3790 3596 3843 Si
3629 3797 3755 3860 post

2163 3886 2558 3941 sublimitatem
2592 3885 2918 3947 creationis,
2947 3885 3002 3937 in
3040 3885 3320 3938 hominem
3358 3881 3573 3936 induxit
3605 3881 3752 3935 Deus
3784 3924 3786 3926 τ

2163 3973 2495 4030 irrationalis
2510 3974 2934 4030 constructionis
2957 3973 3369 4044 proprietatem,
3393 3981 3453 4026 ut
3473 3970 3754 4040 Nyssenus

2163 4072 2256 4125 ait.
2276 4067 2334 4123 Si
2367 4077 2454 4123 est
2477 4066 2734 4123 secundae
2764 4066 3062 4122 creationis
3089 4065 3388 4135 ﬁgurarum
3425 4064 3748 4128 discrimen,

2161 4162 2314 4232 juxta
2350 4161 2616 4215 Sinaitem
2651 4158 2900 4214 divinum
2934 4157 3306 4213 Anastasium.
3348 4156 3406 4210 Si
3444 4156 3751 4211 secundum

2164 4255 2405 4325 primum
2445 4252 2598 4306 illum
2633 4251 2942 4313 hominem.
2978 4266 3086 4305 una
3115 4250 3302 4320 specie
3331 4259 3390 4304 et
3431 4265 3536 4302 una
3581 4248 3753 4319 ﬁgura

2165 4361 2361 4402 omnes
2404 4355 2716 4415 resurgent,
2759 4352 2819 4398 ut
2869 4359 3106 4413 magnus
3159 4343 3336 4412 inquit
3384 4341 3750 4406 Athanasius;

2165 4439 2432 4509 siquidem
2463 4439 2632 4492 maris
2669 4446 2723 4492 et
2753 4436 2968 4491 l'eutinm
3010 4435 3309 4489 discrimen
3342 4433 3748 4502 superfabriea-

2165 4542 2280 4586 tum
2330 4538 2418 4586 est
2461 4529 2740 4600 posterius
2789 4542 2820 4581 a
2883 4527 3013 4590 Deo,
3053 4535 3277 4597 propter
3329 4540 3449 4579 eam
3505 4539 3752 4586 causam,

2165 4638 2330 4694 quam
2370 4637 2534 4693 supra
2580 4620 2890 4685 retulimus,
2940 4620 3068 4690 quid
3117 4627 3330 4688 oportet
3371 4618 3553 4671 adhuc
3603 4617 3750 4686 loqui

2166 4729 2335 4785 super
2369 4713 2653 4784 proposita
2693 4710 3035 4782 quarstionc?
3083 4709 3208 4764 llaec
3237 4718 3492 4778 optamus
3517 4707 3750 4763 discere.

2170 4804 2226 4859 Si
2262 4815 2319 4860 et
2351 4802 2524 4874 magis
2568 4804 2944 4858 Damasccnus
2991 4799 3234 4856 Joannes
3262 4798 3425 4854 dictis
3468 4797 3751 4854 adversari

473 4898 597 4951 σθαι
636 4899 747 4958 τοῖς
785 4897 1103 4965 είρημένοις
1159 4897 1328 4951 δοκεῖ.
1377 4899 1466 4952 Ἑν
1505 4900 1614 4969 γὰρ
1651 4901 1730 4971 τῷ
1781 4918 2049 4972 τεσσαρα-

2163 4897 2406 4952 videtur.
2438 4895 2496 4949 In
2545 4892 2965 4976 quadragesimo
2998 4900 3194 4962 quarto
3238 4891 3387 4946 enim
3432 4892 3552 4962 ejus
3605 4893 3754 4961 capi-

472 4990 653 5060 κοστῷ
680 4992 931 5060 τετάρτῳ
975 4989 1086 5041 τῶν
1128 4991 1491 5060 Δογματικῶν
1545 4993 1713 5046 αὑτοῦ
1743 4995 2057 5062 κεφαλαίων

472 5083 568 5136 καί
594 5081 722 5134 τάδε
753 5082 878 5150 περὶ
906 5081 1002 5134 τοῦ
1035 5080 1258 5150 πρώτου
1288 5081 1580 5150 ἀνθρώπου
1600 5085 1778 5154 λέγων
1801 5085 2053 5155 εὓρηται·

480 5193 498 5226 ι
533 5174 736 5228 Τοῦτον
761 5173 947 5242 μέντοι
975 5172 1069 5225 τὸν
1101 5173 1393 5242 ἄνθρωπον
1411 5176 1620 5245 άρῤενα
1647 5178 2056 5230 κατεσκεύασεν

472 5265 500 5316 ὁ
532 5266 665 5328 Θεὸς
694 5263 960 5335 μεταδοὺς
991 5265 1142 5332 αὑτῷ
1168 5267 1271 5336 τῆς
1299 5266 1496 5320 ἑαυτοῦ
1528 5269 1679 5332 θείας
1706 5270 1949 5341 χάριτος,
1975 5270 2054 5324 ἐτι

472 5361 644 5413 δὲκαὶ
669 5361 769 5430 τῆς
791 5357 898 5412 τῶν
933 5358 1198 5427 ἐπιγείων
1229 5361 1449 5414 πάντων
1483 5361 1678 5431 ἀρχῆς.
1709 5382 1727 5414 ι
1774 5362 2057 5423 Ἐντεῦθεν

474 5452 568 5505 οῦν
618 5451 1000 5506 ἐναντιοῦσθαι
1036 5451 1222 5504 δοκεῖ’
1260 5453 1354 5505 τὸν
1415 5453 1520 5523 γὰρ
1569 5453 1789 5524 πρῶτον
1842 5455 2055 5507 ἐκεῖνον

473 5545 765 5610 ἄνθρωπον
815 5544 1024 5615 ἄρρενα
1055 5542 1210 5614 παρὰ
1250 5543 1386 5598 Θεοῦ
1424 5545 1945 5614 κατασκευασθῆναι
1977 5549 2055 5599 εί-

477 5633 619 5699 πὼν,
647 5635 885 5706 ἀπορίαν
913 5636 973 5690 οὺ
1001 5637 1100 5707 τὴν
1127 5637 1402 5707 τυχοῦσαν
1424 5638 1622 5706 ἐνῆκεν
1655 5639 1810 5708 ήμῖν.
1838 5639 1901 5691 El
1927 5639 2058 5711 γὰρ,

477 5729 550 5791 ὡς
581 5731 609 5780 6
642 5729 816 5798 μέγας
869 5732 1036 5801 φησὶν
1071 5730 1418 5798 Ἀθανάσιος,
1454 5733 1512 5784 ὲν
1556 5733 1625 5802 τῇ
1662 5733 2063 5802 παλιγγενεσία

477 5821 684 5884 πάντες
735 5817 816 5884 εἷς
869 5823 1316 5892 ἁναστητόμεθα,
1372 5822 1518 5876 τοῦτ’
1568 5823 1718 5878 ἔστιν
1756 5825 1936 5893 ὁμοῖοι
1983 5824 2061 5892 τῷ

482 5913 683 5986 πρώτῳ
731 5915 1003 5988 ἀνθρώπῳ
1044 5919 1184 5972 κατὰ
1236 5918 1424 5999 σχῆμα
1468 5921 1559 5974 καὶ
1609 5916 1844 5973 πλάσιν⁶
1882 5918 2061 5990 ἄῤῥην

2165 5001 2283 5046 tum
2309 4989 2741 5061 dogmatieorum
2780 4997 2835 5043 et
2866 4988 2982 5042 haec
3009 4988 3077 5041 de
3103 4986 3284 5054 primo
3315 4985 3540 5040 homine
3567 4985 3752 5040 dicere

2166 5081 2641 5154 deprehenditur:
2681 5099 2698 5132 ι
2739 5081 2896 5136 Hunc
2927 5079 3150 5150 quidem
3201 5079 3481 5134 hominem
3534 5094 3751 5134 mascu-

2165 5178 2278 5231 lum
2311 5173 2617 5230 construxit
2644 5173 2811 5239 Deus,
2851 5188 2976 5227 eum
3023 5187 3135 5227 sua:
3167 5171 3369 5227 divinae
3407 5171 3594 5241 gratiae
3631 5185 3754 5239 par-

2166 5270 2390 5340 ticipem
2411 5267 2656 5332 faciens;
2681 5267 2861 5320 adhuc
2880 5281 3010 5320 vero
3039 5275 3095 5320 et
3125 5265 3468 5325 terrestrium
3502 5263 3748 5318 omnium

2167 5363 2530 5434 principatus.
2559 5381 2576 5415 ι
2599 5361 2730 5414 Inde
2759 5359 2922 5432 igitur
2941 5359 3220 5415 adversari
3246 5359 3482 5414 videtur.
3508 5357 3747 5410 Primum

2167 5458 2315 5512 enim
2363 5456 2512 5510 illum
2564 5455 2846 5510 hominem
2893 5454 3216 5509 masculum
3265 5467 3296 5507 a
3346 5442 3458 5504 Deo
3503 5457 3750 5504 creatum

2167 5549 2338 5604 fuisse
2358 5549 2567 5610 dicens,
2595 5563 2706 5602 non
2733 5547 3136 5618 despiciendam
3159 5541 3569 5612 ambiguitatem
3594 5539 3753 5594 nobis

2167 5642 2373 5696 intulit.
2395 5640 2452 5695 Si
2483 5639 2657 5705 enim,
2685 5648 2745 5694 ut
2774 5655 3002 5708 magnus
3032 5636 3366 5693 Athanasius
3386 5633 3480 5696 ait,
3503 5631 3556 5686 in
3592 5645 3750 5701 rege-

2164 5735 2460 5789 neratioue
2494 5749 2688 5788 omnrs
2714 5747 2855 5787 unus
2879 5744 3253 5802 resurgemus,
3285 5727 3392 5781 hoc
3415 5734 3518 5791 est,
3539 5724 3750 5779 similes

2165 5825 2342 5895 primo
2375 5825 2582 5880 homini
2606 5827 2757 5896 juxta
2780 5825 3002 5893 ﬁguram
3049 5831 3104 5877 et
3139 5819 3413 5875 ﬁctionem
3434 5834 3449 5885 ;
3472 5817 3750 5872 masculus

2167 5935 2346 5977 veroa
2379 5921 2488 5978 Deo
2521 5919 2822 5991 productus
2853 5919 3065 5985 primus
3092 5915 3204 5983 ille,
3227 5924 3286 5970 ut
3305 5930 3490 5969 rerum
3527 5911 3746 5968 divina-
