4048 6434
450 447 551 517 781

1785 452 2157 514 EPISTULA
2201 453 2330 515 VII.

3593 454 3704 519 7δέ

453 560 711 636 παρακοὴ
736 559 1025 632 τοιγαροῦν
1060 561 1440 634 ἀνατραπῆναι
1473 562 1652 618 πάντα
1683 562 2022 633 πεποίηκεν·

2134 564 2358 621 nendum
2412 576 2561 633 erat;
2621 566 2992 623 inobedientia
3043 566 3191 623 enim
3250 570 3443 623 c'itucla
3507 568 3707 622 inverti

452 656 574 709 τότε
598 654 708 724 γὰρ
732 654 866 724 θῆλυ
897 656 1213 725 παρήγαγε,
1239 654 1331 709 τὸν
1360 656 1539 727 γάμον
1582 656 1891 727 εἰσήνεγκε,
1924 656 2022 710 καὶ

451 748 552 817 τήν
578 744 773 815 ζωώδη
828 746 1036 812 ταύτην
1088 747 1424 819 προύξένησε
1480 747 1716 816 γένεσιν.
1756 746 1848 801 Ἐν
1882 750 2019 820 τιμῇ

449 839 559 908 γὰρ
589 839 620 891 ὁ
649 837 941 907 ἄνθρωπος
973 835 1069 902 ὢν,
1100 836 1177 901 ὡς
1208 841 1236 891 ὁ
1266 838 1411 903 θεῖος
1454 839 1560 910 ἔφη
1603 838 1786 904 Δωσιδ,
1819 839 1912 893 καὶ
1943 839 2020 908 μὴ

451 929 680 993 συνιεὶς,
710 931 819 992 τοῖς
846 928 1100 999 ἀνοήτοις
1126 928 1319 998 γέγονε
1350 928 1496 983 κατὰ
1520 930 1735 997 γένεσιν
1763 930 2020 1001 κτήνεσιν

449 1021 636 1089 ὁμοῖος
662 1036 681 1054 ο
717 1020 841 1073 ὅθεν
877 1019 1179 1091 σχημάτων
1201 1020 1300 1074 καὶ
1332 1020 1561 1091 ήλικιῶν
1590 1020 1845 1091 διαφορὰ,
1872 1019 2022 1074 νόσοι

448 1128 509 1164 τε
544 1112 866 1176 πολυειδεῖς,
889 1112 1060 1183 ἄωροι
1094 1111 1340 1177 θάνατοι,
1368 1112 1466 1166 καὶ
1503 1111 1674 1184 μυρία
1704 1112 1840 1167 ἄλλα
1869 1110 2021 1166 δεινὰ

452 1204 867 1273 συναντήματα.
918 1205 1017 1255 Διὰ
1052 1202 1260 1274 ταύτην
1302 1203 1405 1274 τήν
1452 1201 1644 1273 ζωὼδη
1678 1203 1911 1273 γένεσιν,
1945 1204 2022 1265 ὡς

446 1295 475 1346 ι
506 1293 728 1362 Νύσσης
757 1297 913 1364 φησὶ,
939 1294 1037 1348 καὶ
1069 1295 1264 1363 μέχρις
1287 1295 1502 1351 αἰώνων
1540 1294 1682 1348 ἑπτὰ
1718 1295 2008 1365 παρέτεινε

446 1386 515 1439 τά
540 1384 639 1455 τῆς
669 1384 820 1455 ζωῆς
848 1384 1009 1456 ήμῶν
1036 1387 1065 1437 ὁ
1090 1385 1244 1450 Θεὸς,
1275 1385 1349 1449 ὡς
1375 1389 1444 1457 τῇ
1471 1386 1697 1456 παρόδῳ
1715 1386 1822 1439 τῶν
1853 1402 2021 1453 προο-

450 1475 738 1546 ρισθεισῶν
769 1476 1275 1548 συναπαρτισθῆναι
1295 1476 1484 1547 ψυχῶν
1510 1494 1522 1507 ·
1555 1476 1650 1531 καὶ
1678 1476 1799 1530 τότε
1830 1477 2021 1544 στῆναι

446 1566 547 1637 τὴν
569 1568 743 1637 ῥοώδη
773 1566 866 1621 τοῦ
892 1569 1089 1639 χρόνου
1115 1570 1323 1639 ταύτην
1349 1569 1588 1639 κίνησιν.
1629 1568 2023 1639 ’Δμφισάλλειν

447 1655 542 1713 οὖν
575 1658 652 1720 ὼς
683 1656 844 1727 οἴμαι
874 1659 978 1713 οὐκ
1005 1658 1252 1729 εὔλογον,
1282 1659 1401 1727 εῐγε
1441 1660 1537 1715 καὶ
1574 1660 1675 1729 μιᾷ
1713 1658 1905 1729 ἡλικίᾳ.
1930 1658 2026 1712 καὶ

450 1750 694 1819 σχήματι
730 1750 815 1803 ἑνὶ
844 1750 965 1803 κατ’
997 1752 1207 1804 ἐκεῖνον
1247 1751 1341 1804 τὸν
1371 1752 1591 1821 πρῶτον
1624 1750 2024 1818 ἀναστήσονται

449 1842 690 1905 ἅπαντες
713 1856 729 1870 °
761 1844 793 1912 η
824 1842 935 1914 γάρ
961 1845 1264 1905 ἀνάστασις
1295 1836 1448 1895 οὐδὲν
1477 1841 1611 1896 ἄλλο
1637 1842 1789 1895 ἐστὶν
1826 1841 1861 1912 ἢ
1887 1841 2023 1910 πρὸς

447 1932 513 1986 τὺ
541 1934 766 2004 ἀρχαῖον
794 1932 904 1987 τῶν
929 1934 1300 1990 πεπτωκότων
1321 1935 1788 1998 ἀποκατάστασις.
1812 1932 2026 1986 Οὐκοῦν

449 2024 513 2079 τὸ
557 2026 773 2096 νήπιον,
812 2024 930 2094 εῐγε
962 2024 1277 2096 τελευτήσει
1329 2027 1547 2096 νήπιον,
1600 2027 2024 2096 τριακονταέτης

444 2114 842 2192 ἀνεστήσεται,
868 2116 964 2169 καὶ
995 2118 1025 2170 ὁ
1055 2116 1453 2185 ἐκατονταέτης
1478 2117 1556 2180 ὡς
1582 2116 1744 2179 αὐτὸς
1776 2132 2027 2185 τριακον-

448 2207 651 2278 ταέτης
697 2207 1061 2279 ἐγερθήσεται
1097 2225 1110 2239 ·
1168 2210 1314 2264 κατὰ
1366 2209 1464 2281 τὴν
1517 2210 1745 2280 ἡλικίαν
1807 2209 2027 2272 πάντως

445 2302 663 2371 ἐκείνην
691 2302 819 2357 καθ’
839 2302 906 2373 ἢν
940 2304 1051 2374 ἄρα
1075 2304 1172 2358 καὶ
1196 2303 1550 2374 παραχθῆναι
1576 2300 1828 2371 ἔμελλον,
1864 2302 2024 2370 εἴπερ

451 2395 746 2450 ὑπακούων
781 2393 1000 2464 ἔμεινεν
1026 2398 1055 2447 ὀ
1089 2396 1306 2462 πρῶτος
1333 2394 1642 2467 ἄνθρωπος.
1673 2393 1865 2463 Τούτῳ
1898 2392 2025 2464 μέν·

446 2503 532 2540 τοι
557 2487 636 2557 τῷ
666 2486 810 2557 λόγῳ
841 2487 936 2540 καὶ
983 2485 1090 2556 ὅλῳ
1142 2485 1243 2556 βίῳ
1273 2485 1468 2556 ὀδύνην
1499 2486 1624 2538 τινὰ
1678 2470 1820 2555 ἔχων
1866 2483 2026 2553 ὑγιὴς

446 2577 829 2650 εὑρεθήσεται,
859 2577 886 2630 ὅ
921 2594 982 2631 τε
1015 2577 1225 2647 μακρὸς
1257 2579 1355 2632 xui.
1383 2577 1412 2630 ὁ
1453 2576 1530 2646 μὴ
1559 2573 1799 2637 τοιοῦτος
1836 2574 2027 2645 inops-

446 2672 553 2741 ρὴς
577 2669 905 2741 ὀφθήσεται.
949 2670 1063 2725 Καὶ⁸
1105 2668 1361 2732 εἰκότως.
1396 2668 1510 2737 Τῆς
1552 2666 1664 2738 γάρ
1710 2666 2028 2736 ἀνισότητος

445 2761 654 2833 ταύτης
694 2764 729 2834 ή
784 2761 1007 2832 ζωὼδης
1050 2762 1190 2832 αὐτὴ
1239 2761 1454 2829 γένεσις
1504 2761 1656 2815 αἰτία
1690 2760 2027 2828 καθέστηκε.

461 2856 629 2911 Ἀλλὰ
654 2854 830 2909 ταῦτα
865 2854 1048 2908 πάντα
1075 2854 1142 2924 τῇ
1172 2851 1272 2921 τῆς
1301 2853 1656 2913 ἀναστάσεως
1688 2850 2029 2922 θεραπευθή-

451 2964 612 3002 σεται
639 2946 851 3017 χάριτι.
884 2945 953 2998 Ἦ
982 2945 1093 3015 γάρ
1122 2943 1549 3014 προσδοκωμένη
1577 2944 1738 3013 χάρις
1766 2942 2028 3005 ὲπάνοζὸς

443 3044 568 3095 ἐστι
596 3040 731 3109 πρὸς
778 3039 1019 3109 ικεινην,
1061 3037 1138 3101 ὡς
1166 3036 1407 3108 εἴρηται,
1455 3036 1555 3107 τὴν
1604 3034 1831 3106 πρώτην
1854 3035 2023 3105 ζωήν.

448 3137 516 3190 Et
557 3134 739 3189 τοίνυν
775 3135 874 3205 μιᾷ
911 3132 1101 3205 ήλικίᾳ
1141 3132 1239 3185 καὶ
1280 3133 1380 3201 μιᾷ
1404 3130 1602 3185 πλάσει
1640 3132 1735 3183 καὶ
1782 3131 2025 3199 σχήματι

2135 656 2293 712 fecit.
2336 656 2494 713 Tunc
2531 658 2677 713 enim
2721 658 2980 713 feminam
3014 659 3298 728 produxit,
3347 659 3567 727 nuptias
3624 658 3711 711 in-

2129 749 2299 813 vexit,
2322 758 2379 804 et
2411 750 2556 806 hanc
2587 749 2883 804 animalem
2928 750 3338 819 generationem
3372 749 3708 804 conciliavit.

2129 839 2189 894 In
2224 840 2435 895 honore
2457 840 2610 894 enim
2642 841 2803 894 homo
2839 854 2964 895 cum
2996 849 3166 904 esset,
3197 850 3252 893 ut
3287 839 3508 894 divinus
3536 838 3703 891 David

2129 932 2369 996 dicebat,
2420 940 2477 987 et
2517 947 2623 987 non
2663 930 3018 1001 intelligeret,
3066 930 3458 999 insipientibus
3508 927 3710 991 evasit,

2127 1023 2433 1080 secundum
2460 1023 2895 1095 generationem,
2930 1022 3194 1094 iumentis
3234 1020 3529 1085 assimilis;
3562 1019 3712 1074 unde

2129 1116 2419 1171 habituum
2457 1124 2747 1172 etaztatum
2769 1114 3089 1182 discrimen,
3110 1113 3398 1182 morbique
3426 1112 3587 1191 varii,
3628 1112 3712 1165 in-

2127 1210 2467 1279 tempestiva!
2488 1218 2719 1270 mortes,
2743 1215 2801 1263 et
2826 1215 3100 1263 sexcenta:
3119 1207 3241 1260 aliae
3281 1221 3486 1274 asperae
3510 1206 3712 1259 adver-

2126 1300 2341 1355 sitates.
2379 1299 2612 1369 PrOpter
2659 1300 2805 1354 hanc
2848 1296 3138 1352 animalem
3185 1297 3619 1368 generationem,
3653 1303 3713 1347 ut

2128 1388 2410 1459 Ngssenus
2437 1390 2534 1455 ait,
2566 1399 2621 1443 et
2663 1403 2837 1458 usque
2864 1387 2932 1443 ad
2967 1396 3179 1459 septem
3220 1388 3416 1443 saecula
3467 1385 3715 1440 extendit

2127 1479 2294 1533 vitam
2322 1487 2565 1535 nostram
2600 1479 2767 1546 Dens,
2816 1479 2871 1532 in
2913 1480 3147 1533 transitu
3197 1474 3713 1548 praedestinatarum

2131 1571 2201 1626 ad
2249 1570 2675 1641 perfectionem’
2702 1572 3048 1636 animarum;
3089 1579 3143 1624 et
3189 1580 3320 1624 tunc
3356 1568 3565 1638 positus
3612 1567 3715 1620 fuit

2127 1661 2310 1720 ﬂuxus
2360 1664 2444 1719 sui
2502 1664 2765 1734 temporis
2821 1670 3030 1717 motus.
3089 1661 3381 1732 Ambigere
3418 1652 3602 1730 igitur,
3655 1665 3717 1710 ut

2127 1753 2390 1819 arbitror,
2432 1755 2728 1810 absurdum
2759 1762 2865 1819 est,
2897 1769 2965 1808 an
2991 1768 3097 1807 una
3116 1762 3300 1817 aetate,
3329 1764 3387 1807 et
3413 1766 3522 1805 una
3546 1750 3716 1820 ﬁgura

2129 1845 2436 1901 secundum
2468 1845 2619 1901 illum
2645 1846 2881 1915 primum
2913 1858 3107 1899 omnes
3149 1852 3458 1914 resurgant.
3508 1840 3717 1897 Resur-

2130 1937 2299 1992 rectio
2325 1937 2474 1993 enim
2501 1937 2634 1991 nihil
2668 1936 2816 1992 aliud
2834 1945 2940 2003 est,
2982 1951 3144 2006 quam
3189 1936 3245 1989 in
3278 1934 3565 2000 antiquum
3596 1944 3712 1988 sta-

2132 2039 2246 2083 tum
2270 2044 2459 2085 eorum
2483 2028 2579 2099 qui
2608 2029 2947 2095 ceciderunt,
2966 2027 3260 2083 restitutio.
3287 2027 3404 2081 Non
3438 2026 3605 2094 igitur
3625 2025 3714 2079 in-

2130 2120 2273 2185 fans.
2293 2121 2340 2176 si
2357 2120 2547 2175 infans
2570 2131 2822 2177 mortuus
2850 2120 3037 2187 fuerit,
3065 2120 3162 2175 sed
3203 2119 3422 2189 triginta
3446 2132 3714 2172 annorum

2131 2220 2383 2283 resurget
2413 2230 2427 2267 :
2460 2221 2519 2267 et
2548 2213 2641 2283 qui
2670 2222 2892 2268 centum
2916 2227 3092 2267 annos
3119 2220 3282 2266 natus
3310 2210 3589 2273 occubuit,
3620 2208 3716 2263 tri-

2137 2305 2289 2374 ginta
2328 2319 2602 2360 annorum
2651 2316 2814 2360 aetate
2845 2305 2964 2373 ipse
3001 2303 3353 2359 excitabitur.
3396 2300 3554 2357 Juxta
3585 2312 3717 2355 tcta-

2132 2404 2251 2449 tem
2301 2393 2531 2449 omnino
2573 2393 2745 2460 illam,
2790 2392 3096 2449 secundum
3152 2408 3317 2462 quam
3375 2392 3716 2462 producendi

2135 2494 2317 2553 erant,
2356 2486 2403 2540 si
2427 2485 2636 2555 primus
2669 2485 2837 2540 homo
2865 2484 3130 2540 obedieus
3163 2484 3576 2555 permansisset.
3604 2483 3717 2540 [lae

2133 2580 2350 2634 ratione
2386 2587 2441 2634 et
2476 2586 2590 2634 tota
2616 2578 2724 2633 vita
2756 2577 2970 2647 species
3001 2577 3266 2647 quasdam
3319 2577 3527 2631 habens
3564 2577 3714 2631 sani-

2135 2673 2267 2728 tatis
2297 2670 2632 2738 invenietur,
2664 2677 2721 2724 et
2761 2670 2885 2724 talis
2915 2680 3133 2739 semper
3163 2670 3335 2737 acturis
3370 2669 3579 2723 Viribus
3606 2683 3717 2723 non

2133 2764 2402 2820 interibit.
2438 2763 2506 2819 Et
2533 2772 2923 2834 congruenter.
2952 2762 3346 2830 Inaequalitatis
3373 2763 3522 2817 enim
3550 2748 3717 2829 huius

2133 2856 2387 2915 animalis
2421 2856 2537 2911 hate
2565 2854 2844 2926 generatio
2870 2867 3033 2908 causa
3065 2853 3190 2907 fuit.
3235 2852 3342 2907 Sed
3392 2853 3507 2907 llaec
3530 2850 3716 2907 omnia

2132 2948 2310 3020 gratia
2342 2947 2766 3004 resurrectionis
2792 2946 3156 3002 curabuntur.
3184 2943 3373 2998 Gratia
3406 2944 3553 2997 enim
3595 2958 3717 3012 quin

2131 3049 2488 3111 exspectatur
2516 3055 2802 3112 regressus
2822 3046 2908 3094 est
2950 3037 3017 3092 ad
3048 3037 3195 3092 illam
3215 3075 3230 3101 ,
3264 3045 3325 3092 ut
3372 3036 3581 3091 dictum
3609 3042 3715 3097 est.

2132 3134 2374 3201 priorem
2412 3131 2598 3187 vitam.
2640 3130 2696 3186 Si
2746 3130 2913 3201 igitur
2958 3129 3149 3184 eadem
3184 3136 3375 3193 aetate,
3421 3134 3479 3183 et
3525 3125 3714 3180 eadem

448 3227 535 3280 ἑνὶ
559 3225 699 3281 κατὰ
726 3226 818 3279 τὸν
847 3224 944 3278 ἕνα
968 3225 1065 3279 καὶ
1101 3223 1328 3294 πρῶτον
1370 3222 1660 3292 ἄνθρωπον
1690 3224 2021 3294 ἀναστήσον-

2134 3224 2301 3278 forma
2327 3232 2382 3278 et
2414 3223 2601 3278 habitu
2629 3208 2934 3278 secundum
2967 3235 3139 3275 unum
3180 3226 3237 3275 et
3273 3219 3509 3289 primum
3540 3217 3719 3273 homi-

452 3335 543 3371 ται
575 3317 837 3382 ἅπαντες,
868 3317 948 3371 ὅτι
971 3316 1067 3369 καὶ
1100 3315 1224 3369 κατ’
1252 3316 1577 3380 ὲκεῐνον,ὼς
1611 3314 1850 3385 εῐρηται,
1885 3330 2031 3384 παρ-

446 3411 690 3481 αχθῆναι
728 3410 933 3472 πάντες
972 3407 1221 3478 ἔμελλον,
1269 3407 1387 3476 εῐγε
1444 3407 1521 3477 μὴ
1585 3404 1794 3476 προέϐη
1828 3405 1899 3459 τὰ
1931 3405 2033 3475 τῆς

418 3524 431 3529 κ
453 3503 743 3573 παρακοῆς
765 3516 782 3534 ⁶
810 3490 863 3555 τί
889 3502 997 3572 χρὴ
1038 3499 1136 3554 καὶ
1162 3500 1347 3570 λέγειν
1385 3500 1480 3553 ἰπὶ
1526 3497 1606 3568 τῷ
1648 3497 2035 3569 προειρημένῳ

452 3594 764 3665 ζητήματις
789 3592 890 3657 Δὸς
914 3592 1009 3646 ἐπὶ
1040 3591 1254 3655 τούτοις
1285 3592 1622 3661 ἀπόκρισιν
1650 3592 1811 3665 ήμεῖς
1841 3590 1950 3658 γὰρ
1983 3588 2033 3641 εἰ

453 3688 551 3739 καὶ
576 3685 774 3754 μικρόν
789 3702 842 3738 τι
864 3685 1115 3756 προήχθη
1125 3701 1226 3753 μεν
1250 3686 1450 3748 εἰπεῖν,
1470 3683 1567 3738 άτε
1588 3686 1701 3748 τοῖς
1717 3681 2035 3751 διαληφθεῑ-

454 3793 544 3831 σιν
565 3775 777 3831 ἄνωθεν
806 3776 987 3844 ἁγίοις
1019 3776 1304 3847 ἑπόμενοι,
1333 3777 1449 3832 ἀλλ’
1483 3777 1626 3849 ὑπὲρ
1659 3778 1808 3848 ἡμᾶς
1838 3778 1873 3846 ἢ
1904 3774 2031 3829 τού-

456 3886 567 3925 των
591 3866 924 3937 κατάληψις.

1040 4001 1387 4060 ΕΠΙΣΤΟΛΗ
1408 4003 1484 4058 Z'.

462 4118 550 4187 Τῷ
577 4119 759 4185 αὐτῷ.
806 4147 878 4160 -
928 4107 1010 4172 Εἴ
1052 4118 1169 4187 χρὴ
1226 4117 1556 4188 προσέχειν
1586 4117 1712 4183 τοῖς
1740 4119 2036 4187 λέγουσιν

428 4242 442 4251 ,
529 4189 622 4244 ὅτι
654 4192 725 4244 οὐ
764 4190 1175 4258 γνωρίσουσιν
1210 4188 1530 4254 ἀλλήλους
1576 4192 1632 4242 ol
1682 4189 2033 4252 ἀναστησό-

523 4276 695 4330 μενοι
737 4261 874 4313 τότε
903 4259 1221 4330 ’ἄνθρωποι
1242 4275 1256 4289 ο
1293 4261 1345 4330 εξ
1390 4258 1461 4312 δὲ
1496 4258 2033 4330 καὶ-ίτνωρισουσι,

521 4325 799 4401 δικαίους
841 4326 960 4397 μὲν
1006 4326 1345 4401 ᾀιιαρτιιλζοὶ
1375 4325 1777 4397 γνωριοῦσινο
1811 4329 1884 4384 οὐ
1904 4325 2037 4397 μὴν

398 4412 419 4419 “
528 4399 598 4454 δὲ
624 4396 724 4454 καὶ
750 4396 1143 4468 ἁμαρτωλοὺς
1172 4399 1227 4452 οι
1257 4396 1496 4452 δίκαιοι.
1790 4419 1798 4425 ·

527 4508 682 4564 lii-5s
715 4527 801 4574 τις
831 4510 957 4578 περὶ
999 4506 1094 4563 τοῦ
1142 4509 1514 4579 γενησομένου
1544 4507 1605 4579 τύ
1636 4524 1696 4561 τε
1725 4507 2034 4579 ἀναγνωρι-

2135 3329 2261 3369 nem
2310 3328 2506 3370 omnes
2563 3320 2872 3384 resurgent,
2926 3311 3054 3381 quia
3094 3319 3151 3364 et
3211 3308 3512 3363 secundum
3565 3307 3716 3363 illum

2134 3422 2349 3471 omnes,
2398 3413 2459 3460 ut
2498 3405 2707 3460 dictum
2756 3410 2876 3470 est,
2918 3402 3254 3473 producendi
3306 3401 3547 3463 fuerant,
3609 3400 3716 3454 nisi

2136 3500 2504 3556 inobedicntia
2530 3500 2651 3570 ejus
2687 3496 3066 3567 processisset,
3098 3493 3230 3562 quid
3261 3508 3400 3561 opus
3433 3493 3506 3546 sit
3535 3491 3718 3549 dicere

2135 3608 2303 3662 super
2324 3591 2585 3661 praedicta
2611 3590 2938 3660 quaestione,
2974 3586 3264 3655 responde.
3297 3584 3409 3639 Nos
3432 3583 3577 3637 enim
3611 3582 3719 3638 etsi

2135 3686 2303 3740 breve
2332 3683 2544 3753 aliquid
2566 3683 2750 3738 dicere
2781 3680 3003 3737 adducti
3034 3692 3245 3742 sumus,
3276 3676 3527 3730 laudatos
3548 3690 3717 3744 supc-

2135 3778 2247 3832 rius
2296 3784 2516 3831 sanctos
2540 3776 2718 3832 secuti
2764 3775 3003 3838 luimus;
3042 3771 3137 3827 sed
3190 3786 3351 3841 supra
3382 3785 3484 3825 nos
3522 3770 3716 3823 horum

2133 3867 2579 3938 comprehensio.

2684 4003 3017 4060 EPISTOLA
3062 4001 3175 4057 VII.

2137 4115 2353 4175 Eidem:
2378 4150 2434 4163 -—
2471 4117 2554 4173 An
2587 4126 2827 4188 oporteat
2869 4117 3138 4171 attendere
3163 4114 3473 4188 dicentibus,
3506 4129 3610 4177 eos,
3631 4114 3722 4181 qui

2207 4188 2556 4245 resurrecturi
2598 4184 2753 4251 sunt,
2804 4187 3036 4240 homines
3074 4198 3305 4241 (unc-se
3350 4184 3569 4237 invicem
3619 4198 3723 4235 non

2208 4260 2611 4327 cognituros;'si
2640 4274 2763 4312 vero
2790 4263 3126 4327 cognoscent,
3155 4271 3228 4308 an
3253 4255 3386 4323 justi
3414 4271 3447 4308 a
3477 4265 3721 4327 peccetu—

2243 4323 2349 4385 i6ns
2379 4323 2760 4401 cogndscentur
2779 4366 2795 4395 ,
2828 4323 2930 4382 non
2957 4342 3077 4381 vero
3107 4333 3402 4395 peccatores
3430 4340 3464 4378 a
3492 4323 3686 4391 justis.

2209 4510 2270 4566 Si
2299 4524 2430 4566 vero
2463 4508 2588 4579 quis
2624 4506 2693 4562 de
2728 4505 2911 4561 futura
2943 4512 3077 4560 tunc
3124 4499 3503 4571 recognitione
3540 4498 3720 4556 disce-

456 4598 598 4670 σμοῦ
624 4598 817 4670 μαθεῖν
844 4599 1093 4670 βούλεται
1115 4601 1169 4654 εῐ
1183 4616 1248 4668 γε
1272 4600 1407 4661 τέως
1428 4601 1741 4671 γενήσεται,
1766 4603 1863 4654 καὶ
1884 4602 2028 4664 ὅπως

2140 4613 2199 4653 re
2219 4598 2355 4658 vult.
2380 4612 2448 4651 an
2484 4610 2614 4651 vere
2640 4594 2768 4659 erit,
2795 4602 2852 4648 et
2884 4592 3159 4663 quomodo
3190 4590 3283 4646 fiet
3306 4630 3322 4656 ,
3352 4598 3408 4645 et
3438 4605 3506 4645 an
3527 4605 3721 4647 omnes

457 4692 568 4761 ἄρα
601 4691 922 4761 γενήσεται,
949 4692 1046 4746 καὶ
1074 4694 1123 4745 εἰ
1152 4692 1357 4755 πάντες
1382 4693 1509 4755 τοὺς
1537 4692 1748 4754 πάντας
1769 4691 2037 4763 γνωριοῦ-

463 4801 563 4853 μεν
582 4799 598 4816 ⁶
615 4782 741 4836 τῶν
774 4784 1148 4851 εύαγγελικῶν
1178 4784 1273 4837 καὶ
1299 4782 1459 4839 θείων
1482 4785 1745 4855 ῥημάτων
1767 4786 2036 4855 πρότερον

458 4873 861 4930 ἁκουὲτω.τῶν
909 4873 1057 4928 οὕτω
1106 4874 1376 4940 λεγόντων
1401 4891 1415 4905 ·
1458 4893 1477 4927 ι
1526 4878 1635 4930 Καὶ
1665 4874 1879 4946 ἐπάρας
1908 4877 2035 4939 τοὺς

459 4963 777 5034 ὀφθαλμοὺς
803 4966 832 5017 ὁ
866 4964 1121 5025 πλούσιος
1150 4966 1209 5017 ιν
1239 4965 1314 5034 τῷ
1340 4965 1444 5037 ᾅδῃ
1475 4965 1744 5037 ἐγνώρισε
1764 4966 1857 5020 τὸν
1886 4985 2031 5021 πτω⁸

460 5055 557 5126 χδν
586 5054 860 5133 Λάζαρον,
893 5057 952 5106 ὲν
981 5052 1059 5123 τῷ
1086 5053 1182 5107 τοῦ
1222 5054 1475 5126 Ἀϐραὰμ
1509 5056 1820 5128 καθήμενον
1848 5058 2036 5127 κόλπῳ

459 5140 613 5218 ἔφἰἶ)
644 5148 741 5202 καὶ
767 5147 925 5214 ἔλεγε
954 5162 969 5178 ·
1021 5147 1207 5217 Πάτερ
1263 5147 1538 5219 Ἀϐραάμ,
1586 5149 1908 5204 ἀπόστειλον
1944 5150 2035 5203 τὸν

459 5239 734 5311 Λάζαρον.
772 5255 797 5290 r
832 5236 1118 5293 Ἐντεῦθεν
1138 5230 1244 5291 ὀὖν
1290 5237 1478 5307 σαφῶς
1526 5239 1928 5305 ἀποδέδεικται,
1958 5238 2034 5301 ὡς

461 5333 623 5401 εἴπερ
656 5331 902 5401 ἀκριϐῶς
929 5330 1029 5384 ούκ
1060 5330 1280 5399 ἐπέγνω
1315 5329 1405 5383 τδν
1435 5330 1712 5402 Λάζαρον,
1750 5334 1846 5386 καὶ
1873 5331 2038 5387 αὑτὸν

460 5424 555 5477 τὸν
586 5423 936 5494 πατριάρχην
969 5421 1070 5475 ούκ
1101 5420 1169 5476 ἂν
1217 5421 1478 5475 ὶκάλεσεν
1505 5422 1564 5488 ἐξ
1594 5422 1885 5492 ὀνόματος.
1928 5424 2037 5477 Καὶ

464 5518 542 5589 μή
573 5534 657 5581 τις
701 5516 857 5587 εἴπῃ,
903 5512 993 5568 διὰ
1027 5514 1088 5567 τὸ
1121 5512 1442 5585 παραϐολὴν
1487 5508 1630 5569 εἶναι
1676 5516 1739 5569 τὸ
1774 5518 2037 5588 πρᾶγμα,

464 5608 555 5665 τὸν
583 5608 787 5662 σκοπόν
808 5625 869 5660 τε
899 5606 1459 5676 ὑπεραναπόδεικτον,
1500 5607 1797 5662 κάντεῦθεν
1835 5611 1911 5681 μὴ
1945 5627 2041 5663 πε-

470 5700 714 5768 ριφέρειν
739 5696 948 5769 εναργῆ
973 5697 1073 5769 τὴν
1097 5697 1358 5768 ἀλήθειαν
1378 5715 1394 5730 τ
1431 5700 1491 5753 αἱ
1519 5699 1631 5770 γάρ
1662 5701 1757 5754 τοῦ
1789 5702 2039 5773 Σωτῆρος

468 5791 629 5862 ήμῶν
665 5790 810 5844 θεῖαι
846 5791 1155 5862 παραδολαὶ
1180 5794 1322 5847 κατὰ
1349 5794 1440 5848 τὸν
1469 5794 1749 5849 θειότατον
1784 5795 2037 5865 Ἰωάννην

468 5884 559 5939 τὸν
589 5883 947 5956 Δαμασκηνδν
992 5888 1334 5955 πραγμάτων
1368 5888 1682 5942 ἐνεστώτων
1727 5888 1818 5942 καὶ
1848 5888 2042 5942 ἀποδε-

2138 4689 2209 4744 ab
2246 4688 2503 4745 omnibus
2533 4693 2953 4757 cognoscentur,
2986 4683 3299 4754 evangelica
3320 4689 3374 4736 ct
3396 4681 3577 4737 divina
3594 4696 3721 4737 ver-

2140 4782 2208 4838 ba
2245 4782 2398 4852 prius
2437 4780 2626 4835 audiat
2666 4781 2741 4849 ita
2772 4778 3054 4835 dicentia:
3092 4796 3112 4829 ε
3163 4777 3229 4831 Ει
3276 4791 3399 4830 cum
3448 4773 3724 4832 elevassct

2140 4875 2331 4929 oculos
2363 4873 2515 4928 dives
2566 4871 2619 4925 in
2667 4871 2908 4937 inferno,
2936 4869 3191 4940 cognovit
3224 4883 3520 4939 pauperem
3554 4867 3722 4923 Laza-

2140 4983 2261 5020 rum
2294 4966 2348 5020 in
2385 4971 2509 5020 sinu
2539 4963 2836 5020 Abrahami
2862 4962 3169 5027 sedentem,
3201 4976 3371 5032 quare
3397 4971 3452 5016 et
3481 4962 3719 5025 dicebat.

2142 5057 2302 5112 Pater
2333 5057 2632 5121 Abraham,
2660 5056 2851 5111 emitte
2879 5053 3167 5116 Lazarum,
3209 5060 3352 5107 etc.»
3390 5052 3524 5106 llinc
3557 5052 3723 5122 igitur

2139 5159 2327 5219 aperte
2355 5157 2642 5203 ostensum
2679 5156 2785 5216 est,
2829 5146 2933 5200 nisi
2967 5145 3135 5213 probe
3169 5145 3431 5200 Lazarum
3461 5154 3513 5200 ct
3538 5144 3716 5216 ipsum

2140 5242 2507 5311 patriarcham
2563 5239 2933 5312 cognovisset,
2976 5254 3075 5295 eos
3122 5238 3347 5297 nomine
3394 5244 3715 5296 vocaturum

2142 5350 2251 5390 non
2280 5333 2471 5390 fuisse.
2502 5332 2612 5388 Nec
2638 5332 2762 5403 quis
2794 5332 2940 5389 dicat
2982 5331 3036 5388 id
3065 5346 3187 5388 esse
3223 5331 3559 5402 parabolam,
3591 5343 3720 5384 σεο·
3797 5337 3837 5405 \_

2143 5442 2385 5498 pumque
2421 5426 2847 5494 incompertum,
2882 5440 2945 5480 ac
2981 5426 3211 5496 proinde
3242 5420 3592 5481 manifestam
3624 5436 3719 5475 ve-

2143 5522 2361 5575 ritatem
2395 5534 2505 5573 non
2553 5517 2935 5574 circumferre.
2981 5517 3185 5573 Divina:
3225 5514 3369 5572 enim
3414 5511 3720 5574 Servatoris

2142 5613 2315 5685 nostri
2363 5610 2816 5681 parabolmjuxta
2870 5610 3275 5665 divinissimum
3310 5605 3574 5662 Joannem
3611 5604 3718 5657 Da-

2146 5719 2484 5768 masccnum,
2513 5719 2697 5758 rerum
2752 5702 3073 5761 instantium
3118 5710 3173 5758 ct
3219 5700 3744 5755 demonstralarum-

2144 5797 2534 5853 similitudines
2560 5805 2707 5851 sunt.
2745 5794 2824 5850 Ita
2866 5794 3009 5850 enim
3045 5809 3133 5849 res
3162 5793 3228 5847 ab
3257 5792 3337 5845 cis
3370 5790 3718 5853 exhibentur,

2145 5890 2602 5961 quemadmodum
2659 5888 2905 5960 profecto
2960 5885 3255 5955 aliquando
3316 5885 3511 5941 futurae
3570 5890 3717 5937 sunt.
