4048 6416
467 416 568 478 783
1739 418 2058 480 MICHAEI

2195 423 2458 485 GLYCx‘E

3635 426 3731 490 181

461 529 600 587 llinc
630 539 686 583 et
735 527 999 585 Ecclesia:
1047 511 1304 586 doctores
1347 530 1696 587 occasionem
1751 532 1879 589 inde
1905 533 2050 589 arri-

2165 537 2599 606 ist79lvwv-ciai‘
2654 537 3003 611 παραϐολαί·
3037 536 3180 592 οὕτω
3239 537 3355 608 7&9
3407 535 3733 606 παριστῶσιν

457 621 672 692 pientes
698 621 768 676 de
792 620 1166 692 recognitione
1182 621 1274 676 illa
1307 623 1569 693 placitum
1591 623 1738 679 inter
1759 639 1818 679 se
1838 625 2049 682 stabili-

457 726 677 770 verunt.
713 714 768 770 Si
801 715 949 769 enim
989 729 1052 769 ex
1087 714 1397 786 insignibus
1415 716 1502 772 hic
1526 717 1780 772 homines
1807 718 2048 776 invicem

460 822 517 862 se
543 816 908 878 cognoscunt,
939 806 1030 861 ubi
1067 807 1359 877 perspicax
1391 808 1590 864 animae
1623 818 1823 865 nostra;
1854 810 2048 866 oculus

457 915 556 968 per
590 910 880 968 peccatum
912 898 1216 954 oﬂuscatus
1244 908 1353 966 est,
1377 909 1537 970 atque
1566 901 1698 956 inde
1725 901 1910 958 videre
1936 917 2046 956 non

457 1000 658 1058 potest,
691 991 765 1046 uti
795 992 949 1062 prius
975 1010 988 1058 ;
1012 992 1106 1048 sed
1131 992 1208 1048 ibi
1240 1002 1297 1046 et
1337 994 1458 1050 sine
1495 994 1692 1066 signis.
1735 995 1854 1052 Una
1896 997 2050 1051 enim

455 1094 589 1140 aetas
643 1086 790 1156 apud
845 1100 1061 1150 omnes,
1119 1095 1177 1141 et
1233 1085 1412 1142 forma
1467 1104 1602 1154 una,
1650 1097 1709 1143 ut
1741 1088 2048 1160 Scriptura:

459 1178 674 1234 dicunt.
728 1178 936 1234 Omnes
977 1179 1045 1234 ab
1076 1179 1334 1235 omnibus
1374 1191 1797 1253 cognoscentur,
1831 1192 1890 1238 ut
1921 1199 2047 1240 mox

463 1288 652 1327 sermo
676 1273 773 1328 tibi
801 1275 1076 1329 ostendet.
1119 1272 1216 1329 Hic
1257 1275 1404 1328 enim
1435 1275 1482 1334 si
1517 1277 1765 1332 eamdem
1795 1284 1849 1332 et
1878 1293 2046 1332 unam

457 1380 651 1420 omnes
683 1365 910 1436 ﬁgurant
949 1365 1236 1432 haberent,
1276 1382 1385 1422 non
1421 1367 1648 1422 minima
1689 1371 1816 1425 vita
1846 1370 2043 1425 confu-

458 1459 544 1515 sio
586 1461 948 1531 contingeret.
981 1460 1125 1514 Cur?
1166 1459 1303 1526 Quia
1335 1459 1681 1517 discernendi
1727 1459 2045 1518 facultatem

458 1565 618 1606 mens
643 1563 834 1608 nostra
858 1565 1049 1606 sanam
1080 1551 1280 1618 adhuc,
1305 1560 1364 1607 ut
1407 1551 1586 1622 prius,
1630 1567 1740 1608 non
1777 1553 2047 1623 possidet.

456 1640 875 1698 lnlirmitatibus
941 1642 1107 1714 igitur
1169 1643 1377 1700 nostris
1451 1643 1637 1700 divina
1697 1646 2049 1715 providentia

463 1749 626 1802 opem
679 1733 888 1802 ferens,
931 1744 985 1789 et
1015 1735 1390 1792 diversitatem
1441 1751 1744 1807 corporum
1783 1753 1886 1810 per
1929 1739 2050 1796 dis-.

457 1826 840 1895 pensationem
881 1827 1080 1883 adesse
1109 1829 1271 1884 nobis
1299 1831 1591 1896 concessit,
1613 1840 1675 1885 ut
1696 1830 1823 1885 inde
1851 1845 2046 1886 omnes

456 1919 526 1973 ab
575 1918 808 1974 invicem
856 1931 1358 1991 cognoscerentur:
1416 1923 1512 1977 sed
1569 1921 1665 1988 ibi,
1707 1923 1893 1978 divino
1941 1923 2051 1992 vir,
2088 1897 2128 1951 Β

457 2011 594 2066 nihil
640 2011 950 2081 hujusmodi
977 2013 1102 2067 erit.
1130 2013 1194 2067 Et
1221 2014 1270 2070 si
1294 2015 1375 2068 vis
1403 2029 1541 2070 auro
1570 2014 1834 2070 ﬂuentem
1881 2015 2050 2071 Joan-

457 2118 585 2157 nem
615 2104 764 2172 prius
787 2103 940 2170 audi,
969 2104 1082 2158 haec
1109 2105 1182 2159 ita
1207 2109 1629 2162 conﬁrmantem
1659 2114 1716 2161 et
1738 2106 2051 2171 dicentem.

457 2196 602 2264 quod
642 2211 748 2250 non
785 2196 962 2250 solum
997 2213 1092 2252 eos
1127 2197 1220 2266 qui
1272 2197 1360 2252 hic
1406 2199 1522 2254 noti
1573 2199 1734 2254 nobis
1780 2209 1928 2263 sunt,
1961 2215 2055 2255 co»

461 2303 810 2357 guuscemus,
847 2289 940 2343 sed
983 2303 1080 2343 eos
1114 2303 1254 2358 quos
1285 2305 1570 2360 nunquam
1613 2291 1878 2346 vidimus.
1923 2292 2055 2348 Ete-

464 2381 579 2432 nim
615 2379 992 2435 Abrahamum
1025 2397 1133 2434 non
1175 2381 1385 2445 vidisti,
1425 2398 1626 2452 neque
1653 2381 1924 2450 lsaacum,
1955 2399 2057 2440 ne—

466 2489 575 2542 que
606 2473 851 2541 reliquos
881 2474 1143 2543 antiquos
1185 2484 1410 2544 patres;
1458 2477 1552 2531 sed
1594 2477 1790 2533 videns
1821 2479 1970 2549 ipsos
1997 2480 2053 2534 in

469 2568 562 2646 illo
591 2566 834 2622 horribili
868 2575 924 2620 et
954 2567 1233 2621 communi
1281 2579 1577 2635 conventu,
1633 2584 1958 2642 cognosces,
2001 2584 2058 2628 et

466 2645 593 2717 cum
623 2663 947 2734 cognoveris
976 2662 1128 2718 dices
1157 2679 1171 2715 :
1209 2661 1349 2718 Ecce
1381 2664 1681 2731 Abraham,
1711 2680 1839 2721 ecce
1879 2665 2057 2734 Isaac,

459 2771 590 2810 ecce
631 2755 818 2820 Jacob,
875 2771 1005 2812 ecce
1047 2756 1266 2820 Petrus,
1291 2765 1346 2810 et
1377 2757 1606 2825 Paulus,
1631 2766 1687 2814 et
1715 2758 1911 2829 reliqui
1958 2760 2059 2815 de-

459 2846 680 2919 inceps.
724 2849 795 2904 Et
833 2849 998 2920 huius
1030 2848 1111 2904 rei
1140 2850 1312 2920 gratia
1347 2866 1416 2904 ne
1447 2850 1668 2913 mirere,
1698 2866 1879 2922 neque
1914 2851 2062 2906 insov

465 2943 587 2998 lens
623 2941 674 2996 id
705 2941 979 2996 existima.
1015 2940 1074 2996 Si
1129 2943 1278 2997 enim
1336 2943 1448 3006 illa,
1477 2958 1613 3013 ,quaa
1665 2943 1722 2997 in
1774 2943 2056 3000 Dominica

473 3035 733 3101 passione
780 3051 810 3089 a
869 3037 1104 3090 mortuis
1149 3049 1579 3091 resurrexerunt
1625 3049 1879 3107 corpora,
1931 3051 2057 3092 cum

464 3127 832 3198 praeﬁguratio
856 3136 1042 3182 essent
1072 3127 1278 3181 ultimae
1322 3137 1375 3182 et
1413 3129 1730 3182 communis
1777 3142 2056 3183 resurrec-

2156 624 2319 684 αὗται
2347 630 2417 684 τὰ
2439 629 2768 702 πράγματα,
2792 631 2936 685 καθὰ
2963 629 3029 702 δὴ
3062 631 3155 684 καὶ⁵
3190 626 3459 697 γενέσθαι
3487 627 3586 698 δηιιὲ
3613 644 3733 682 ποτε

2159 723 2452 791 μέλλουσιν
2476 739 2490 754 ·
2523 723 2681 778 ἐνθεν
2710 741 2796 778 τοι
2844 724 2941 779 καὶ
2975 722 3026 776 οἱ
3071 721 3174 791 τῆς
3218 718 3562 790 Ἐκκλησῑας
3601 719 3735 773 διδά-

2157 816 2349 869 σκαλοι
2385 815 2646 886 ἀφορμῆς
2683 814 2939 869 ἐντεῦθεν
2978 813 3318 886 δραξάμενοι
3363 810 3462 865 καὶ
3503 809 3565 864 τὺ
3614 811 3735 879 περὶ

2156 908 2253 962 τοῦ
2283 908 2715 980 ἁναγνωρισμοῦ
2762 909 2980 962 ἑκείνου
3028 907 3206 974 δόγμα
3247 904 3394 976 πρὸς
3422 904 3536 966 τοῖς
3562 901 3736 966 moi;

2155 999 2648 1055 διεῦεὸαιὼσαντο·
2688 1001 2738 1054 ei
2771 1001 2880 1070 7&9
2913 1001 2978 1052 ἐκ
3023 997 3330 1068 συσσήμων
3365 994 3607 1049 ἐνταῦθα
3630 995 3735 1057 τοῖς

2157 1093 2470 1164 ἀνθρώποις
2502 1095 2766 1163 πρόσεστι
2793 1093 2855 1151 τὸ
2884 1093 3177 1162 γνωρίζειν
3207 1091 3509 1162 ἀλλήλους,
3528 1088 3624 1144 ἅτε
3649 1087 3737 1142 τοῦ

2155 1184 2473 1253 διορατικοῦ
2495 1184 2596 1256 τῆς
2612 1183 2790 1254 ψυχῆς
2817 1183 2978 1252 ἡμῶν
3003 1180 3298 1252 ὀφθαλμοῦ
3317 1181 3412 1236 διὰ
3436 1181 3540 1249 τὴν
3567 1168 3739 1250 ἀμαρ-

2157 1275 2281 1329 τίαν
2305 1275 2761 1347 ἅμαυρωθέντος,
2793 1275 3095 1330 κάντεῦθεν
3138 1275 3276 1344 δρᾷν
3307 1274 3414 1327 οὐκ
3445 1271 3735 1342 ἰσχύοντος,

2121 1357 2126 1362 ’
2155 1366 2346 1439 ὥσπερ
2375 1368 2441 1442 δὴ
2472 1369 2571 1423 καὶ
2603 1369 2665 1422 τὸ
2698 1369 2971 1440 πρότερον
2989 1384 3005 1401 ⁸
3025 1368 3154 1423 ἀλλ’
3178 1369 3298 1421 ἐκεῖ
3320 1367 3420 1419 καὶ
3447 1365 3736 1433 συσσήμων

2155 1460 2284 1515 ἄνευ
2313 1476 2330 1492 ο
2367 1461 2468 1530 μία
2513 1461 2622 1531 γὰρ
2666 1460 2856 1529 ἡλικία
2891 1461 3046 1530 παρὰ
3073 1461 3210 1514 πᾶσι
3237 1461 3342 1514 καὶ¹
3381 1455 3524 1520 εἶδος
3556 1457 3636 1522 ἓν,
3668 1455 3737 1520 ῶς

2156 1569 2323 1622 φασιν
2353 1554 2410 1607 αἱ
2438 1553 2682 1622 Γραφαὶ,
2709 1555 2759 1606 οἱ
2787 1552 2991 1616 πάντες
3015 1551 3320 1622 γνωριοῦσι
3348 1549 3482 1614 τοὺς
3513 1549 3735 1610 πάντας,

2155 1647 2230 1709 ὼς
2263 1648 2291 1702 6
2319 1645 2477 1713 λόγος
2513 1645 2617 1716 ἤδη
2667 1645 2788 1716 μετ’
2833 1645 2895 1697 οὐ
2934 1644 3071 1697 πολὺ
3108 1645 3464 1713 παραστήσει
3501 1658 3585 1693 σοι
3612 1657 3626 1670 ·
3657 1641 3736 1694 ὲν-

2153 1735 2330 1790 ταῦθα
2360 1735 2462 1807 μὲν
2489 1739 2604 1806 7&9
2644 1737 2695 1788 εἰ
2723 1737 2818 1789 τὸν
2853 1735 3018 1789 αὐτὸν
3053 1736 3151 1788 καὶ
3180 1735 3281 1787 ἕνα
3327 1729 3478 1803 εῐχον
3509 1732 3734 1792 ἅπαντες

2157 1832 2506 1902 χαρακτῆρα,
2538 1832 2637 1901 οὐχ
2668 1832 2702 1902 ἡ
2734 1823 2973 1900 τυχοῦσα
3003 1831 3071 1883 ἂν
3098 1828 3176 1899 τῷ
3208 1828 3330 1900 βίον
3363 1828 3546 1898 τούτῳ
3588 1825 3734 1878 συνέ-

2156 1940 2325 1976 πιπτε
2357 1923 2642 1994 σύγχυσις.
2686 1922 2846 1984 Τίνος
2873 1922 3098 1988 ἓνεκενς
3139 1921 3266 1999 Ὅτι
3305 1920 3369 1973 τὸ
3400 1916 3737 1988 διακριτικὶν

2155 2018 2182 2069 6
2209 2014 2334 2078 νοῦς
2363 2017 2392 2067 6
2417 2015 2686 2086 ἡμέτερος
2718 2015 2880 2088 ὑγιὴς
2909 2015 3059 2085 ἄρτι,
3090 2013 3238 2067 καθὰ
3282 2013 3383 2066 καὶ
3429 2010 3638 2080 πρώην,
3679 2008 3736 2058 οὐ

2157 2110 2443 2179 κέκτηται.
2468 2109 2598 2170 Ταῖς
2623 2107 2715 2162 οὖν
2737 2107 3046 2171 ἀσθενείαις
3075 2105 3236 2176 ἡμῶν
3265 2107 3299 2172 ἡ
3330 2104 3454 2157 θεία
3480 2099 3738 2172 βοηθοῦσα

2160 2203 2410 2273 πρόνοια,
2456 2205 2554 2256 καὶ
2587 2203 2688 2272 τὴν
2724 2200 3091 2273 παραλλαγὴν
3139 2199 3248 2252 τῶν
3294 2198 3572 2268 σωμάτων
3599 2195 3737 2246 olito-

2159 2295 2401 2362 νομικῶς
2425 2294 2826 2365 προσγίνεσθαι
2848 2294 2984 2363 ἡμῖν
3008 2291 3470 2362 συγκεχώρηκεν,
3496 2292 3570 2352 ὡς
3586 2291 3739 2340 tusu-

2162 2386 2272 2450 θῶς
2321 2386 2568 2448 ἅπαντας
2616 2384 2866 2439 ἐντεῦθεν
2899 2385 2996 2439 ἀπ’
3045 2383 3300 2452 ἀλλήλων
3350 2373 3731 2450 γνωρίζεσθαι.

2174 2479 2316 2533 Ἀλλ’
2347 2481 2488 2542 ἐκεῖ,
2517 2478 2790 2532 θεοείκελε
2815 2478 2969 2548 ἄνερ,
2991 2475 3235 2530 τοιοῦτον
3268 2475 3373 2528 οὐκ
3397 2474 3545 2528 ἐστιν
3568 2470 3731 2524 οὐδέν.

2161 2575 2272 2629 Καὶ
2325 2575 2373 2626 εἰ
2426 2573 2610 2643 βούλει
2663 2571 3120 2641 χρυσοῤῥήμονος
3167 2568 3426 2622 Ἰωάννου
3483 2564 3735 2634 πρότερον

2160 2669 2349 2732 ἄκουε,
2373 2667 2443 2720 τὰ
2477 2665 2606 2735 περὶ
2657 2663 2866 2718 τούτων
2918 2662 3066 2716 οὕτω
3113 2657 3607 2730 διαϐεϐαιουμένου
3645 2656 3735 2709 καὶ

2161 2761 2437 2827 λέγοντος,
2468 2757 2544 2818 ὡς
2574 2756 2634 2809 οὐ
2669 2756 2834 2825 μόνον
2862 2757 2991 2816 τοὺς
3025 2748 3128 2808 ὧδε
3165 2752 3454 2820 γνωστοὺς
3484 2744 3734 2816 γνωριοῦ·

2168 2875 2291 2928 μεν,
2329 2856 2468 2910 ἀλλὰ
2505 2854 2596 2907 καὶ
2649 2851 2745 2916 οὓς
2795 2851 3052 2905 οὐδέποτε
3104 2849 3320 2919 εἴδομεν
3343 2865 3359 2882 ο
3393 2848 3492 2901 καὶ
3517 2845 3622 2913 7&9
3651 2840 3732 2892 τὸν

2176 2949 2428 3022 Ἀϐραὰμ
2459 2950 2560 3016 οὐχ
2597 2945 2875 3015 ἑώρακας,
2915 2943 3040 2996 οὐδὲ
3083 2942 3178 2995 τὸν
3233 2939 3448 3002 Ἰσαὰκ,
3477 2936 3594 2990 οὐδὲ
3621 2931 3734 2992 τοὺς

2165 3045 2387 3105 λοιποὺς
2437 3039 2895 3112 ἀρχαιοτάτορας
2918 3054 2934 3070 ο
2966 3035 3082 3089 ἀλλ’
3117 3034 3246 3088 ἰδὼν
3278 3033 3482 3094 αὐτοὺς
3518 3027 3607 3080 ἐπὶ
3646 3023 3732 3090 τῆς

2165 3133 2404 3206 φρικτῆς
2454 3132 2674 3201 ἐκείνης
2727 3131 2826 3184 καὶ
2873 3128 3064 3196 κοινῆς
3118 3123 3514 3185 συνελεύσεωςτ
3550 3115 3734 3186 γνωρί-

386 3282 396 3292 ο
467 3221 634 3274 tionis
670 3220 722 3273 iu
767 3227 1013 3274 sanctam
1037 3219 1318 3274 civitatem
1348 3220 1592 3289 ingressa
1619 3229 1769 3284 sunt,
1795 3229 1851 3273 et
1873 3219 2058 3274 multis

2165 3245 2301 3295 σεις,
2328 3228 2422 3282 καὶ
2439 3226 2720 3296 γνωρίσας
2746 3225 2910 3292 ἐρεῖς
2929 3221 3065 3274 Ἰδοὺ
3096 3218 3380 3290 Ἀϐραὰμ,
3405 3215 3512 3268 ἰδοὺ
3538 3207 3734 3301 Ἰσαὰκ,

464 3321 860 3382 apparuerunt,
896 3313 1001 3368 hoc
1027 3321 1132 3377 est,
1181 3312 1399 3382 cognita
1435 3321 1592 3377 sunt;
1637 3312 1744 3368 nisi
1776 3314 1926 3367 enim
1958 3327 2055 3368 co-

466 3402 784 3472 gnoscenda
856 3401 1112 3466 fuissent,
1175 3404 1318 3459 haud
1375 3405 1763 3474 apparuissent
1828 3406 2052 3473 utique;

466 3511 590 3549 cum
619 3503 801 3551 autem
849 3496 1257 3566 apparuissent,
1306 3499 1471 3552 simul
1519 3499 1735 3569 cognita
1783 3507 1934 3555 sunt.
1991 3501 2056 3556 Et

466 3589 584 3642 hmc
618 3589 760 3658 apud
801 3603 902 3643 eos
936 3590 1029 3659 qui
1069 3589 1270 3642 nullam
1323 3589 1528 3644 habent
1569 3605 1750 3645 rerum
1783 3601 2056 3662 spectata-

467 3695 592 3735 rum
619 3683 1007 3752 cognitionem.
1033 3681 1207 3737 Nemo
1230 3682 1377 3736 enim
1396 3698 1588 3737 eorum
1615 3683 1708 3752 qui
1738 3692 1870 3739 tunc
1898 3683 2055 3738 adin-

462 3779 610 3833 venti
646 3778 900 3842 inerunt,
959 3784 1023 3832 ut
1070 3774 1340 3829 auriﬂuus
1399 3775 1681 3829 invenitur
1733 3775 1947 3842 dicere,
1997 3775 2052 3828 in

466 3873 693 3927 humilia
756 3871 825 3926 88
884 3871 941 3924 in
1012 3877 1263 3924 sanetum
1317 3867 1674 3937 Evangelium
1751 3869 2056 3923 secundum

467 3964 903 4029 Matthmum,de
945 3961 1070 4016 visu
1121 3974 1219 4015 eos
1273 3960 1367 4029 qui
1416 3960 1543 4014 olim
1583 3960 2055 4026 obdormiverunt,

464 4061 644 4123 iustos
674 4056 952 4127 cegnovit.
985 4052 1156 4107 Multo
1192 4053 1364 4122 magis
1402 4052 1716 4124 hujusmodi
1753 4052 2058 4122 recognitio

469 4151 527 4205 in
559 4150 648 4204 illa
697 4164 824 4203 vera
866 4155 922 4202 et
960 4154 1208 4202 extrema
1255 4146 1663 4202 resurrectione
1703 4145 1830 4200 crit.
1861 4143 2057 4198 Crassa

469 4242 616 4298 enim
651 4241 754 4296 hac
787 4254 972 4303 carne,
1015 4240 1161 4294 tenui
1196 4247 1252 4294 et
1290 4239 1393 4294 levi
1431 4247 1561 4292 tunc
1595 4247 1652 4294 et
1687 4236 2058 4307 patriarchica

470 4333 684 4400 effecta,
706 4333 985 4404 perspicax
1008 4332 1206 4387 animae
1250 4341 1454 4387 nostra
1473 4330 1667 4385 oculus
1709 4329 2059 4399 apertissime

472 4445 584 4484 non
616 4428 1024 4499 prohibebitur.
1044 4427 1112 4481 Et
1135 4425 1459 4497 persuadeat
1481 4432 1530 4478 te
1554 4423 1766 4493 primus
1793 4423 1884 4477 ille
1916 4420 2062 4476 Ada-

471 4537 614 4578 mus.
637 4523 774 4576 Cum
794 4519 940 4576 enim
958 4519 1475 4575 asomnoexcitatus
1496 4516 1711 4579 fuisset,
1729 4523 1786 4570 et
1805 4515 1970 4568 Evam
1997 4513 2065 4568 il-

2169 3319 2279 3373 ἰδοὺ
2316 3316 2538 3382 Ἰακὼϐ,
2566 3315 2676 3369 ἰδοὺ
2725 3315 2930 3384 Πέτρος
2967 3313 3062 3364 καὶ
3095 3307 3335 3371 Παῦλος,
3369 3309 3462 3360 καὶ
3494 3303 3543 3356 οἱ
3573 3295 3738 3352 λοιποὶ

2165 3411 2427 3480 καθεξῆς.
2461 3409 2569 3464 Καὶ
2605 3406 2798 3461 τούτου
2830 3407 2992 3476 χάριν
3029 3403 3105 3474 μὴ
3133 3399 3410 3472 θαύμαζε,
3442 3394 3573 3469 μηδὲ
3600 3391 3738 3457 ξένον

2165 3523 2218 3558 τι
2248 3503 2408 3576 ἡγοῦ.
2440 3503 2502 3556 Et
2535 3501 2643 3569 7&9
2677 3501 2862 3553 ἐκεῖνα
2887 3498 2956 3553 τὰ
2984 3497 3129 3550 κατά
3156 3511 3218 3564 γε
3250 3495 3315 3548 τὸ
3347 3481 3737 3576 σωτήριονῌπά·

2169 3597 2260 3661 θος
2294 3598 2358 3649 ὲκ
2384 3594 2593 3666 νεκρῶν
2625 3593 2942 3647 ἀναστάντα
2971 3589 3204 3657 σώματα
3229 3583 3585 3656 προτύπωσις
3619 3573 3735 3666 δγτα

2167 3693 2268 3760 τῆς
2296 3687 2618 3750 τελευταίας
2640 3686 2734 3739 καὶ
2757 3683 2944 3752 κοινῆς
2971 3679 3326 3741 ἀναστάσεως
3355 3676 3436 3738 είς
3467 3671 3563 3739 τὴν
3585 3663 3735 3760 α-ίίαν

2169 3755 2327 3834 πολιν
2353 3778 2606 3850 εἰσῆλθον
2625 3777 2721 3829 καὶ
2743 3770 3175 3842 ἑνεφανίσθησαν
3202 3766 3444 3842 πολλοῖς,
3475 3755 3735 3850 τουτέστιν

2169 3844 2547 3944 ἐγνώσθησαν,
2575 3872 2624 3923 εί
2651 3869 2727 3940 μὴ
2757 3869 2868 3936 7&9
2893 3863 3207 3934 γνωσθῆναι
3255 3859 3488 3931 ἔμελλον
3538 3851 3634 3906 οὐκ
3675 3844 3734 3898 ἂν

2169 3966 2631 4036 ἐνεφανίσθησαν,
2664 3957 3091 4031 ἐμφανισθέντες
3121 3956 3178 4008 δὲ
3196 3956 3346 4024 ὅμως
3363 3945 3731 4019 ἐγνώσθησαν*

2172 4062 2266 4114 καὶ
2294 4058 2470 4112 ταῦτα
2495 4055 2649 4126 παρὰ
2681 4056 2796 4116 τοῖς
2832 4051 3106 4123 μηδεμίαν
3133 4046 3440 4118 θεαθέντων
3463 4039 3734 4126 διάγνωσιν

2171 4151 2389 4222 ἔχουσιν
2411 4165 2426 4180 ·
2460 4121 2637 4210 οὐδεὶς
2673 4145 2782 4217 γὰρ
2822 4121 2932 4197 τῶν
2961 4143 3083 4195 τότε
3125 4124 3688 4222 παρευρεθέντων,-ιξις
3710 4121 3735 4172 ὅ

2173 4215 2582 4312 χνρυσορρήμων
2603 4215 2835 4307 εὓρηται
2860 4234 3040 4303 λέγων
3066 4234 3122 4286 ὲν
3144 4234 3212 4300 τῇ
3234 4233 3317 4292 εἰς
3344 4227 3406 4281 τὸ
3435 4220 3576 4278 κατὰ
3598 4215 3736 4272 Ματ-

2174 4337 2328 4390 θαίον
2382 4333 2536 4401 ἅγιον
2608 4327 2945 4396 Εὑαγγέλιον
3009 4324 3350 4394 ὀγδοηκοστῇ
3410 4316 3567 4386 ὀγδόῃ
3622 4312 3734 4401 ὀμι-

2170 4432 2282 4502 λίᾳ,
2309 4429 2409 4499 τὴν
2432 4397 2578 4480 θέαν·
2591 4426 2701 4478 τῶν
2725 4423 2894 4476 πάλαι
2955 4419 3335 4490 κοιμηθέντων
3382 4412 3607 4506 δικαίων
3629 4397 3735 4506 ὲΥίῖ

2180 4500 2378 4576 νωσκεο
2411 4520 2594 4588 πολλῷ
2627 4517 2831 4588 μᾶλλον
2859 4516 2888 4568 6
2917 4513 3164 4574 τοιοῦτος
3181 4500 3598 4579 ἁναγνωρισμὸς
3624 4506 3718 4547 κατ

470 4617 578 4670 lam
605 4615 856 4679 vidisset,
887 4613 1167 4684 cognovit,
1185 4619 1239 4665 ct
1259 4625 1382 4665 cum
1406 4607 1776 4678 cognovisset,
1804 4606 2020 4662 dicebat
2045 4625 2058 4663 :

2170 4619 2391 4688 ἐκείνην
2415 4614 2708 4684 γενήσεται
2736 4611 2836 4681 τὴν
2855 4608 3034 4678 ἀληθῆ
3061 4608 3158 4660 καὶ
3179 4602 3502 4660 τελευταίαν
3523 4593 3734 4688 ἀνάστα-ο

477 4727 496 4760 ι
519 4709 630 4763 lloc
648 4707 884 4780 igituros
898 4721 964 4762 ex
983 4704 1204 4760 ossibus
1221 4703 1378 4764 meis,
1397 4710 1593 4756 etcaro
1606 4700 1674 4755 de
1692 4715 1857 4756 carne
1877 4716 2018 4756 mea.
2039 4721 2058 4753 ι

471 4803 552 4858 Ne
587 4803 751 4875 igitur
781 4800 942 4857 ﬁdem
1005 4797 1270 4853 adhibere
1308 4811 1508 4850 renuas
1533 4795 1600 4848 iis
1631 4810 1754 4864 quae
1783 4795 2064 4853 dicuntur.

473 4895 629 4950 Tunc
657 4894 804 4948 enim
835 4893 903 4947 ad
927 4888 1385 4945 Adamum-illum
1416 4888 1816 4955 regrediemur.
1844 4887 2068 4944 Sienim

473 4986 812 5044 resurrectio
843 4985 982 5040 nihil
1007 4985 1157 5038 aliud
1177 4991 1262 5050 est
1284 4997 1446 5052 quam
1467 4980 1533 5036 ad
1556 4983 1844 5053 antiquum
1864 4993 2067 5038 statum

477 5096 667 5136 eorum
721 5080 814 5147 qui
865 5077 1216 5143 ceciderunt,
1260 5074 1558 5140 restitutio,
1608 5079 1920 5131 necessario
1973 5091 2068 5131 co-

478 5185 811 5242 gnoscemus
841 5179 898 5226 et
931 5185 1068 5239 quos
1124 5185 1404 5239 nunquam
1437 5170 1676 5225 vidimus
1708 5171 1924 5226 fratres.
1945 5168 2070 5224 Ete-

477 5266 592 5318 nim
624 5265 683 5318 in
713 5277 945 5334 corpore
994 5277 1106 5317 uno
1137 5277 1332 5318 omnes
1362 5277 1532 5317 unum
1585 5263 1854 5318 habemus
1905 5271 2070 5330 caput

478 5358 786 5413 Christum.
840 5355 1167 5410 Necessario
1221 5356 1388 5427 igitur
1447 5357 1632 5412 cuncti
1692 5365 1924 5413 cunctos
1978 5372 2070 5412 co-

479 5464 832 5521 gnoscemus.
867 5448 923 5504 Si
953 5449 1102 5503 enim
1147 5458 1202 5504 et
1232 5448 1464 5504 diversis
1511 5450 1855 5520 temporibus
1899 5450 2069 5521 geniti

478 5543 718 5609 fuimus;
756 5542 850 5596 sed
897 5541 1141 5595 omnium
1189 5555 1333 5594 unus
1365 5553 1449 5595 est
1487 5550 1642 5611 pater
1687 5539 1854 5596 Deus.
1893 5543 2072 5607 Quare

480 5644 536 5690 et
559 5635 858 5690 convenire
880 5631 1045 5687 simul
1067 5647 1259 5687 omnes
1299 5647 1328 5684 a
1369 5634 1570 5688 sazculo
1606 5649 1776 5704 usque
1815 5637 1869 5688 in
1907 5635 2072 5688 ﬁnem

481 5728 851 5790 conveniens;
917 5734 972 5781 et
1027 5726 1210 5781 efferri
1273 5727 1642 5781 communiter
1696 5727 2072 5797 patriarchico

483 5819 576 5872 illo
611 5820 830 5888 gaudio.
871 5819 1166 5889 Propterea
1201 5820 1350 5874 enim
1392 5829 1445 5872 et
1497 5820 1588 5890 qui
1644 5819 2071 5889 promissionem

484 5922 889 5982 praeceperunt,
950 5914 1025 5966 illi
1078 5913 1232 5982 juxta
1277 5929 1531 5986 magnum
1568 5913 1796 5969 Paulum
1830 5929 1940 5969 non
1982 5913 2073 5970 dc-

2175 4733 2258 4768 aw
2283 4732 2296 4745 .
2327 4680 2428 4785 ,ἑῆς
2460 4680 2568 4782 γὰρ
2613 4708 2865 4780 ,παχείας
2918 4705 3125 4774 ταύτης
3175 4702 3380 4770 σαρκὸς
3425 4690 3623 4785 λεπτῆς
3648 4680 3733 4785 και

2171 4776 2394 4879 κούφης.
2435 4776 2742 4877 τὴν-ικαῦτα
2791 4801 2890 4856 καὶ
2927 4795 3336 4869 πατριαρχικῆς
3387 4784 3684 4879 γεγονυίας.
3709 4776 3734 4826 ὁ

2169 4875 2505 4973 διορῗατικὺςή
2543 4899 2642 4968 τῆς
2692 4895 2877 4970 ψυχῆς
2929 4893 3088 4963 ἡμῶν
3137 4886 3421 4959 ὀφθαλμὸς
3449 4875 3736 4980 τραγὸτῗῗ

2172 4999 2233 5051 οὐ
2300 4995 2594 5048 κωλύεται.
2658 4992 2768 5044 Καὶ
2819 4987 3055 5041 πειθέτω
3109 5001 3168 5038 σε
3214 4985 3242 5036 6
3289 4980 3502 5051 πρῶτος
3546 4973 3732 5022 ἐκεῖνοῖ

2186 5087 2359 5156 Ἀδάμ
2383 5103 2398 5118 ο
2435 5086 2666 5152 ἔξυπνος
2699 5081 2808 5151 γὰρ
2845 5075 3084 5147 γεγονὼς
3117 5075 3212 5128 καὶ
3242 5072 3340 5140 τὴν
3382 5051 3738 5156 Εὕαν-ὲκείνζιν

2176 5151 2634 5249 ἰδὼν-ἐγνώρισε,
2669 5173 2766 5227 καὶ
2801 5170 3078 5240 γνωρίσας
3131 5165 3286 5233 ἔλεγε
3313 5179 3326 5193 ο
3383 5177 3402 5210 ι
3444 5151 3608 5249 Τοῦτο

2177 5228 2217 5235 "
2233 5228 2266 5232 -ν
2287 5228 2298 5234 '
2345 5228 2363 5232 ν
2382 5228 2394 5246 ι
2421 5228 2426 5230 ν
2447 5228 2454 5229 ί
2489 5228 2501 5249 δ
2622 5228 2634 5240 ι
2813 5228 2823 5240 ι
2921 5228 2932 5240 .
3058 5228 3073 5232 ν
3235 5228 3246 5233 -
3453 5246 3476 5258 _
3713 5242 3733 5258 μ

2173 5270 2370 5326 ὀστοῦν
2405 5271 2469 5323 ὲκ
2499 5269 2607 5321 τῶν
2635 5265 2811 5318 ὀστῶν
2851 5279 2977 5333 μου,
3024 5259 3123 5313 καὶ
3155 5255 3292 5327 σὰρξ
3326 5255 3390 5305 ὲκ
3418 5260 3518 5314 της
3549 5228 3731 5333 σαρξίόν

2354 5322 2376 5413 -ι
2412 5361 2505 5432 Μὴ
2549 5356 2644 5412 οὖν
2697 5322 2918 5411 ἀπίστει
2964 5322 3083 5415 τοῖς
3114 5322 3471 5436 λεγομένοις
3512 5322 3729 5436 (imi?

2175 5413 2533 5528 ξ’ἐιρἰπέτέν
2578 5451 2751 5520 Ἀδὰμ
2791 5449 3000 5502 ἐκεῖνον
3046 5413 3448 5528 ἐπέλθωμεν.ᾕ
3482 5413 3727 5528 “fait

2178 5515 2372 5604 στασις
2403 5541 2558 5594 οὐδὲν
2590 5515 2725 5593 ἄλλο
2751 5537 2901 5590 ἐστὶν
2934 5535 2966 5606 ἢ
2999 5534 3138 5604 πρὸς
3169 5532 3230 5584 τὸ
3263 5525 3484 5599 ἀρχαῖον
3512 5515 3616 5606 τῷν
3643 5515 3727 5554 πε⁶

2176 5637 2476 5690 πτωκὸτων
2510 5633 2984 5693 ἀποκατάστασις,
3020 5627 3080 5691 ἐξ
3111 5626 3357 5694 ἀνάγκης
3407 5605 3728 5684 γνωρίσομεν

2177 5731 2271 5783 καὶ
2303 5729 2395 5790 οὓς
2441 5727 2698 5780 οὐδέποτε
2738 5726 2978 5793 εῑδομεν,
3005 5719 3227 5789 ἀδελφοί
3255 5734 3269 5748 ⁹
3303 5713 3399 5768 καὶ
3447 5704 3547 5773 γάρ
3578 5697 3727 5793 ti?“

2179 5824 2338 5892 σῶμα
2368 5783 2448 5886 έν,
2478 5823 2529 5873 οἱ
2566 5822 2767 5882 πάντες
2807 5783 2936 5888 μίαν
2965 5783 3180 5886 -ἕχομελι
3235 5803 3471 5894 “Sinni?
3496 5793 3582 5846 τὸν

2181 5915 2323 5968 στὸν.
2382 5911 2470 5977 Ἐξ
2506 5911 2751 5981 ἀνάγκης
2802 5907 2894 5964 οῦν
2929 5909 2976 5960 οἱ
3012 5907 3207 5966 πάντες
3240 5889 3566 5972 γνῶριοῦμεν
3613 5887 3719 5928 του*
