4048 6418
277 457 382 522 785

1629 441 2006 524 EPISTOLA
2046 463 2190 529 νη.

3450 462 3564 531 ’186

279 573 554 636 ἅπαντας.
583 571 648 626 Et
691 573 804 644 γὰρ
835 547 935 628 ¹καί
973 575 1120 630 κατὰ
1153 575 1446 647 διαφόρους
1486 577 1713 647 καιροὺς
1746 580 1870 646 ὲγε-

1981 578 2067 634 lati
2098 585 2248 646 sunt,
2286 592 2356 635 ne
2387 578 2510 636 sine
2543 581 2708 637 nobis
2741 581 3119 655 perficiantur.
3176 580 3234 636 Si
3264 595 3396 637 vero
3441 581 3562 636 ba-e

279 667 562 737 τόνειμεν,
586 667 726 720 ἀλλὰ
764 667 988 723 πάντων
1036 667 1116 733 εἷς
1151 671 1271 724 ἐστι
1317 670 1502 742 πατὴρ
1531 671 1560 722 6
1585 669 1742 736 Θεὸς,
1775 670 1862 740 ἐφ’

280 755 327 827 ᾧ
357 759 455 814 καὶ
491 758 769 812 συνελθεῖν
798 760 918 831 ἅμα
947 764 1074 825 τοὺς
1097 763 1194 817 ἀπ’
1219 763 1418 825 αίῶνος
1449 763 1546 816 καὶ
1579 746 1743 834 μέχρι
1771 762 1864 816 τὲ-

282 850 408 912 λους
434 850 584 914 είκδς
617 851 998 922 ἐμφορηθῆναι
1051 854 1249 916 κοινῶς
1297 855 1398 924 τῆς
1445 855 1864 926 πατριαρχικῆς

286 944 507 1014 ἐκείνης
538 945 713 1016 χαρᾶς
737 960 752 974 ·
779 947 875 999 ἐπὶ
907 946 1015 1016 γὰρ
1047 947 1228 1018 τούτῳ
1258 947 1354 1000 καὶ
1393 939 1494 1018 τῆν
1532 947 1868 1017 ἐπαγγελίαν

284 1033 336 1084 οί
363 1033 732 1102 προλαϐόντες
763 1035 960 1088 ἐκεῖνοι
995 1035 1138 1090 κατὰ
1169 1036 1261 1089 τὸν
1296 1037 1470 1107 μέγαν
1515 1033 1728 1090 Παῦλον
1765 1035 1869 1088 οὑκ

287 1126 636 1196 ἐκομίσαντο,
667 1127 755 1181 ἵνα
803 1128 876 1197 μή
915 1130 1084 1197 χωρὶς
1109 1129 1285 1198 γὴμῶν
1334 1128 1690 1184 τελειωθῶσι.
1720 1128 1784 1182 Et
1811 1127 1869 1181 δὲ

188 1205 198 1214 ’
287 1217 462 1271 ταῦτα
491 1217 662 1282 οὕτως
687 1219 822 1288 ἔχει,
857 1219 974 1282 πῶς
1003 1219 1128 1289 οὐχὶ
1157 1219 1252 1273 καὶ
1297 1219 1628 1290 γνωριοῦσιν
1653 1220 1703 1273 οί
1728 1221 1872 1274 πάν-

288 1325 382 1373 τες
418 1310 545 1373 τοὺς
593 1311 843 1375 πάντας;
873 1311 967 1381 Μὴ
1017 1307 1111 1366 οὖν
1161 1313 1252 1364 ἐπὶ
1305 1313 1470 1366 πλέον
1509 1313 1822 1382 ἀμφίϐαλλε
1853 1329 1866 1343 ·

207 1449 216 1464 ,,
290 1403 386 1458 τὸν
418 1403 529 1474 γὰρ
563 1404 742 1456 κοινὸν
791 1406 996 1457 ἐκεῖνον
1029 1405 1454 1477 ἀναγνωρισμὺν
1501 1409 1593 1459 καὶ
1632 1408 1661 1459 6
1697 1405 1876 1476 μακά-

296 1513 410 1565 ριος
452 1495 695 1567 Ἑφρσῗῳ.
731 1497 1014 1568 παριστῶν
1067 1498 1223 1566 ἔλεγε
1251 1514 1266 1529 ο
1298 1499 1436 1552 Τότε
1486 1501 1654 1552 τέκνα
1697 1513 1874 1553 κατα-

294 1590 544 1659 κρινοῦσι
573 1594 770 1658 γονεῖς,
801 1592 877 1655 ὡς
912 1591 989 1660 μὴ
1019 1591 1087 1644 τὰ
1133 1593 1349 1664 χρηστὰ
1395 1592 1874 1662 διαπραξαμένους

294 1683 434 1752 ἔργα
456 1700 470 1715 ο
504 1683 601 1736 καὶ
650 1683 758 1750 γὰρ
792 1684 842 1736 εί
898 1683 976 1753 μὴ
1032 1687 1400 1752 γνωρίσουσιν
1438 1684 1723 1755 ἀλλήλους,
1755 1682 1877 1746 πῶς

295 1773 453 1828 ἔσται
487 1777 597 1838 τοῖς
627 1775 845 1842 γονεῦσι
895 1777 1049 1846 παρᾶ
1083 1777 1191 1830 τῶν
1223 1777 1429 1830 τέκνων
1460 1780 1493 1847 ή
1522 1777 1746 1847 τοιαύτη
1778 1793 1877 1830 κα-

295 1867 550 1935 τάκρισις
575 1882 590 1932 ;
619 1866 694 1920 Οὐ
741 1865 914 1921 ταῦτα
964 1867 1022 1920 δὲ
1077 1867 1262 1936 μόνον,
1293 1867 1431 1920 ἀλλὰ
1470 1868 1567 1921 καὶ
1609 1866 1874 1935 ἀδελφοὺς

295 1959 476 2012 ἐκεῖσε
515 1959 880 2027 γνωρίσουσιν
936 1959 1176 2028 ἀδελφοὶ,
1205 1961 1298 2014 καὶ
1335 1959 1572 2029 μεγίστη
1601 1957 1689 2012 διὰ
1717 1940 1878 2011 τοῦτο

299 2052 583 2107 συνέσεται
628 2053 904 2122 χαρμονή.
957 2053 1068 2106 Καὶ
1104 2052 1318 2122 βεϐαιοῖ
1350 2051 1442 2104 τὸν
1468 2050 1630 2119 λόγον
1654 2053 1681 2104 6
1711 2049 1876 2112 πολὺς

295 2146 354 2198 ὲν
383 2144 636 2215 θεολογίᾳ
670 2145 973 2214 Γρηγόριος
1002 2158 1017 2174 ⁶
1047 2146 1105 2198 ὲν
1134 2143 1245 2213 γὰρ
1275 2144 1351 2214 τῷ
1385 2145 1466 2206 είς
1495 2143 1587 2196 τὸν
1613 2141 1878 2196 αὐτάδελ-

297 2253 398 2307 φον
431 2236 598 2292 αὐτοῦ
631 2237 932 2307 Καισάριον
977 2238 1253 2308 ἐπιταφίῳ
1287 2237 1432 2308 λόγῳ
1479 2238 1571 2292 καὶ
1608 2235 1734 2290 τάδε
1763 2235 1880 2288 δια-

295 2329 597 2399 λαμϐάνων
625 2329 894 2400 εὓρηται*
940 2347 958 2382 ι
1005 2331 1144 2385 Τότε
1177 2332 1484 2400 Καισάρων
1509 2330 1712 2400 ὄψομαι
1739 2329 1880 2398 λαμ-

296 2420 456 2490 πρὸν,
481 2419 710 2486 ἔνδοξον,
743 2421 1136 2491 ἀγαλλόμενον,
1181 2418 1290 2484 οἷός
1325 2439 1417 2491 μοι
1453 2423 1548 2475 καὶ
1577 2420 1703 2474 κατ’
1742 2419 1877 2489 δναρ

297 2508 507 2578 ὤφθης,
529 2508 778 2576 ἀδελφῶν
807 2508 1050 2575 φίλτατε.
1095 2529 1114 2561 ι
1151 2509 1276 2562 Ὅτι
1309 2509 1364 2563 δὲ
1402 2509 1461 2562 οὐ
1503 2508 1626 2562 τότε
1695 2508 1876 2579 μόνον,

295 2601 432 2656 ἀλλὰ
457 2603 554 2654 καὶ
581 2601 674 2655 νῦν
703 2601 752 2654 οί
777 2603 833 2654 ὲν
863 2601 1055 2673 Κυρίῳ
1083 2601 1444 2671 κοιμηθέντες
1461 2603 1522 2654 ὲν
1541 2600 1716 2670 τούτῳ
1749 2617 1878 2654 συν-

237 2711 242 2715 “
295 2693 705 2767 ευφραίνονται,
735 2695 764 2746 6
801 2693 971 2764 μέγας
1008 2694 1327 2757 Ἀθανάσιος
1358 2693 1563 2759 ἔδειξεν
1611 2693 1784 2756 οὕτως
1805 2695 1882 2747 εί-

296 2784 450 2840 πών⁶
481 2786 606 2838 Ὀτι
657 2785 754 2839 καὶ
808 2785 972 2839 τοῦτο
1007 2787 1123 2847 τοῖς
1177 2784 1514 2854 σωζομένοις
1554 2784 1878 2855 κεχάρισται

300 2875 453 2947 παρὰ
493 2873 654 2939 Θεοῦ,
678 2873 739 2926 τὸ
775 2874 942 2944 μέχρι
973 2873 1075 2942 τῆς
1108 2874 1296 2942 κοινῆς
1335 2873 1687 2935 ἀναστάσεως
1718 2871 1881 2942 ψυχι-

301 2964 413 3027 κῶς
440 2964 710 3033 ἀλλήλους
746 2966 988 3018 συνεῖναι
1034 2966 1131 3019 καὶ
1179 2964 1676 3035 συνευφραίνεσθαι
1701 2980 1715 2994 ·
1741 2964 1791 3016 οί
1821 2965 1879 3016 δὲ

300 3058 615 3128 ἁμαρτωλοὶ
643 3057 740 3110 καὶ
763 3057 971 3128 ταύτης
998 3057 1356 3127 παραμυθίας
1387 3056 1730 3128 ἐστέρηνταιο
1756 3058 1880 3112 οὐδὲ

296 3151 404 3221 γὰρ
432 3151 577 3205 καθά
610 3166 777 3220 φησιν
800 3152 830 3203 6
855 3150 1220 3220 Δαμασκηνὸς
1261 3149 1541 3218 Ἰωάννης,
1565 3149 1628 3202 τὸ
1651 3149 1881 3218 διαγνω-

302 3243 487 3298 στικὸν
510 3245 608 3298 καὶ
636 3241 806 3306 οὗτοι,
831 3241 1088 3312 καθάπερ
1132 3242 1182 3295 οί
1232 3241 1406 3310 ἅγιοι,
1441 3242 1741 3309 κέκτηνται
1767 3256 1784 3271 ο
1821 3242 1880 3293 ὲν

301 3335 492 3406 ἐκείνῳ
537 3336 595 3389 δὲ
629 3335 708 3406 τῷ
755 3335 1027 3405 πανδήμῳ
1075 3333 1517 3405 θεάτρῳκκαθὼς
1559 3334 1617 3385 αἱ
1646 3332 1875 3403 πράξεις

299 3427 520 3493 πάντων
553 3428 1082 3498 ἀνακεκαλυμμέναι
1110 3428 1275 3491 είσὶν,
1317 3425 1460 3480 οὕτω
1489 3425 1582 3478 καὶ
1611 3425 1681 3478 τὰ
1706 3426 1877 3496 πρόσ-

296 3537 421 3575 ωπα
447 3521 707 3591 γνώριμα
737 3524 872 3576 πᾶσι
903 3522 1265 3576 καθίστανται
1295 3523 1403 3586 ἓως
1456 3515 1516 3574 οὗ
1545 3521 1578 3590 ή
1603 3520 1880 3590 ἀπ’ἀλλή-

295 3614 404 3668 λων
422 3615 692 3679 διὰζευξις
717 3617 940 3686 γένηται
967 3633 981 3648 ·
1004 3619 1096 3670 καὶ
1119 3618 1624 3688 ἁποπεμφθήσεται
1644 3620 1878 3681 ἕκαστος

297 3709 380 3769 είς
433 3706 491 3759 ὃν
517 3709 697 3776 ἑαυτῷ
725 3709 892 3762 τόπον
923 3711 1242 3778 ήῇτοίμακεν.
1273 3711 1399 3764 Ὅτι
1434 3710 1493 3763 δὲ
1523 3711 1628 3764 ὑπὸ
1659 3711 1878 3764 πάντων

298 3798 786 3868 θεατρισθήσονται
820 3800 887 3852 τὰ
923 3801 1195 3871 ἡμέτερα,
1225 3807 1322 3855 καὶ
1349 3805 1378 3857 6
1417 3800 1594 3873 μέγας
1623 3803 1879 3872 Μάξιμος

295 3889 572 3962 ἁριδήλως
619 3889 780 3944 τοῦτο
819 3890 1154 3962 παρίστησιν
1181 3907 1198 3922 ι
1246 3893 1304 3944 ὲν
1339 3893 1452 3963 γὰρ
1501 3895 1578 3962 τῷ
1613 3897 1746 3962 περὶ
1775 3893 1880 3958 τῆς

299 3983 444 4036 κατὰ
467 3981 601 4036 Θεὸν
631 3983 808 4053 λύπης
834 3983 978 4054 λόγῳ
1030 3984 1220 4051 αὐτοῦ,
1248 3987 1345 4039 καί⁹
1377 3985 1505 4039 τάδε
1550 3987 1694 4039 κατὰ
1725 3988 1879 4056 ῥῆμα

295 4074 557 4140 διέξεισιο
597 4093 616 4127 ι
659 4075 984 4144 Τηνικαῦτα
1035 4075 1210 4145 βίϐλοι
1259 4076 1594 4145 ἀνοίγονται,
1629 4077 1877 4148 δηλονότι

297 4171 356 4223 ὲν
385 4171 452 4238 τῇ
502 4168 688 4238 ἡμέρᾳ
730 4169 829 4238 τῆς
865 4166 1124 4239 κρίσεως,
1153 4166 1264 4222 τῶν
1290 4169 1584 4240 ἡμετέρων
1605 4169 1787 4240 ἔργων
1817 4187 1878 4223 τε

297 4264 394 4317 καὶ
421 4262 621 4330 λόγων,
655 4262 750 4314 καὶ
779 4260 1062 4330 λογισμῶν
1091 4261 1314 4332 ἔχουσαι
1351 4261 1492 4331 μετὰ.
1513 4262 1697 4330 πάσης
1723 4264 1880 4333 ἀκρι-

298 4337 453 4418 ϐείας
473 4354 542 4407 τὰ
561 4354 841 4424 ἔγγραφα,
864 4353 933 4407 δι’
961 4350 1037 4408 ὢν
1064 4354 1324 4409 ἁπάντων
1353 4353 1638 4425 γύμνωσις
1665 4355 1878 4423 γίνεται

297 4449 408 4501 τῶν
462 4449 874 4518 πεπραγμένων
906 4448 1038 4518 ημῖν
1084 4446 1179 4500 ἐπὶ
1225 4446 1410 4517 πάσης
1444 4447 1696 4514 κτίσεως,
1733 4448 1876 4501 ὥστε

297 4544 556 4597 τοσοῦτον
603 4542 850 4612 ἀλλήλων
885 4529 1182 4608 γινώσκειν
1231 4542 1412 4603 πάσας
1443 4541 1540 4604 τὰς
1575 4540 1875 4612 ἁμαρτίας,

1968 669 2044 726 ita
2093 670 2321 736 habent,
2372 676 2651 742 qu‘omodo
2693 677 2942 732 universi
2999 675 3069 730 ab
3115 674 3390 729 universis
3445 687 3556 728 uou

1969 766 2410 835 cognoscentur?
2440 764 2519 820 Ne
2552 767 2724 837 igitur
2752 769 2992 838 amplius
3026 767 3236 824 dubita.
3295 766 3564 822 Commu-

1971 872 2098 912 nem
2129 857 2276 912 cnim
2311 859 2460 913 illam
2489 861 2920 933 recognitionem
2964 870 3020 916 ct
3061 861 3253 914 beatus
3293 857 3562 928 Ephraem

1970 947 2359 1002 demonstrans
2406 949 2664 1004 dicebat:
2705 969 2723 1002 ι
2761 948 2920 1004 Tunc
2969 949 3064 1004 ﬁlii
3113 947 3565 1004 condemuabunt

1969 1048 2246 1112 parentes,
2271 1052 2333 1095 ut
2363 1057 2462 1096 eos
2493 1042 2589 1111 qui
2623 1043 2768 1098 bona
2797 1057 2961 1113 opera
2990 1058 3102 1098 non
3135 1043 3437 1098 fecerunt.»
3463 1041 3564 1096 Et-

1971 1133 2119 1188 enim
2146 1135 2251 1190 nisi
2291 1146 2627 1205 cognoscent
2662 1136 2924 1201 invicem,
2953 1136 3228 1204 quomodo
3256 1143 3508 1204 parentes
3531 1149 3565 1189 a

1976 1225 2104 1280 filiis
2151 1225 2227 1280 ita
2274 1229 2835 1284 condemnabuntur?
2869 1229 2989 1284 Non
3021 1230 3139 1282 haec
3179 1243 3311 1282 vero
3357 1227 3562 1289 solum.

1975 1319 2072 1374 sed
2100 1327 2157 1374 et
2183 1318 2380 1375 fratres
2411 1319 2483 1374 ibi
2509 1335 2537 1374 a
2566 1319 2828 1376 fratribus
2859 1330 3280 1391 cognoscentur,
3303 1330 3358 1374 et
3387 1319 3566 1374 maxi-

1975 1425 2067 1466 mo
2096 1420 2387 1482 propterea
2415 1413 2575 1466 simul
2607 1411 2913 1468 atlicicntur
2944 1412 3165 1482 gaudio,
3195 1420 3252 1466 et
3277 1412 3568 1466 confirmat

1975 1519 2282 1560 sermonem
2341 1519 2586 1574 magnus
2605 1506 2921 1577 Tbeologus
2974 1490 3312 1575 Gregorius,
3364 1503 3424 1558 In
3483 1502 3575 1558 fu-

1976 1596 2134 1651 nebri
2177 1595 2324 1652 enim
2373 1597 2624 1652 oratione
2667 1597 2724 1651 in
2760 1613 2920 1652 suum
2965 1595 3194 1651 fratrem
3247 1596 3570 1662 Caesarium,

1977 1697 2034 1744 et
2073 1688 2191 1743 haec
2219 1687 2497 1743 disserens
2539 1689 2850 1756 reperitur:
2888 1707 2909 1742 ι
2940 1687 3096 1743 Tunc
3131 1687 3430 1743 Caesarium
3483 1689 3567 1742 vi-

1977 1781 2118 1836 debo
2160 1781 2534 1850 splendidum,
2577 1782 2896 1852 gloriosum,
2939 1782 3340 1847 exsultantem,
3378 1782 3564 1850 qualis

1981 1873 2114 1928 mihi
2140 1882 2201 1929 ‘et
2229 1874 2532 1929 secundum
2568 1875 2810 1943 quietem
2833 1875 2986 1930 visus
3009 1884 3130 1940 est,
3163 1873 3397 1928 fratrum
3434 1874 3564 1928 cha-

1981 1964 2216 2021 rissime.
2246 1985 2266 2020 ι
2296 1966 2453 2032 Quod
2483 1982 2614 2022 vero
2646 1982 2758 2021 non
2781 1967 2954 2022 solum
2986 1979 3139 2033 tunc,
3165 1967 3262 2022 sed
3287 1977 3343 2022 et
3371 1967 3564 2031 modo,

1980 2060 2075 2127 qui
2106 2058 2164 2112 in
2203 2057 2439 2114 Domino
2474 2060 2824 2114 dormierunt
2854 2059 2910 2113 in
2961 2059 3068 2113 hoc
3099 2059 3266 2114 simul
3296 2058 3570 2123 lmtantur,

1983 2162 2209 2218 magnus
2257 2149 2586 2206 Athanasius
2623 2149 3006 2213 ostendit'itaf
3035 2149 3261 2204 dicens:
3305 2149 3462 2214 Quod
3519 2159 3574 2204 et

1982 2238 2088 2296 ltoe
2116 2240 2184 2296 iis
2218 2241 2311 2310 qui
2342 2241 2644 2306 salvantur,
2677 2241 2910 2310 largitur
2941 2241 3086 2296 Deus
3122 2253 3295 2310 usque
3323 2240 3392 2294 ad
3424 2255 3576 2295 com-

1981 2349 2204 2390 munem
2239 2337 2723 2401 resurrectionem,
2745 2334 2958 2388 scilicet
2979 2334 3300 2404 spiritalitcr
3335 2334 3574 2388 invicem

1988 2428 2328 2492 conversari,
2350 2435 2415 2482 .et
2441 2427 2605 2483 simul
2634 2427 2807 2482 lactari
2827 2443 2843 2494 ;
2867 2437 3193 2496 peccatores
3226 2442 3358 2481 vero
3389 2437 3444 2481 et
3469 2427 3576 2481 bac

1983 2517 2362 2572 consolatione
2395 2532 2613 2572 carere.
2659 2517 2850 2586 Neque
2883 2516 3055 2581 enim,
3081 2525 3138 2569 ut
3168 2517 3248 2570 ait
3280 2517 3576 2572 Damasce-

1983 2619 2088 2664 nus
2145 2608 2408 2675 Joannes,
2455 2609 2810 2664 discernendi
2885 2611 3202 2675 facultatem
3260 2611 3352 2674 bi,
3415 2608 3576 2662 sicuti

1981 2700 2179 2766 sancti,
2239 2700 2546 2770 possident.
2595 2701 2653 2753 in
2703 2700 2796 2754 illo
2829 2715 2960 2755 vero
3001 2703 3283 2755 communi
3338 2702 3577 2764 theatro,

1982 2794 2143 2852 sicuti
2197 2802 2352 2848 actus
2404 2793 2652 2847 omnium
2702 2793 2933 2847 revelati
2986 2801 3138 2858 sunt,
3191 2793 3263 2846 ita
3313 2800 3369 2847 et
3408 2792 3579 2846 facies

1981 2899 2125 2942 noue
2159 2885 2702 2942 omnibusastabunt
2731 2926 2746 2950 ,
2775 2886 2950 2941 donec
2985 2887 3052 2941 ab
3089 2885 3327 2940 invicem
3363 2885 3577 2954 disjun-

1982 2988 2216 3052 gantur;
2248 2988 2305 3034 et
2332 2977 2642 3034 dimittetur
2677 2978 2911 3048 quilibet
2941 2978 2998 3032 in
3030 2978 3233 3039 locum,
3263 2991 3428 3047 quem
3455 2977 3573 3032 sibi

1982 3070 2331 3142 praeparavit.
2384 3070 2468 3125 Ab
2520 3069 2780 3124 omnibus
2810 3085 2939 3124 vero
2983 3084 3086 3124 nos
3144 3055 3453 3140 spectatum
3501 3066 3573 3122 iri

1981 3163 2148 3219 etiam
2195 3176 2426 3234 magnus
2468 3159 2738 3216 Maximus
2787 3161 3079 3218 manifeste
3125 3163 3304 3216 docet.
3347 3160 3423 3214 In
3475 3175 3577 3215 sua

1911 3264 1954 3323 α
1985 3257 2133 3311 enim
2165 3256 2422 3311 oratione
2461 3255 2529 3310 de
2555 3255 2783 3309 tristitia
2806 3269 2913 3324 quc
2938 3253 3240 3311 secundum
3273 3251 3444 3307 Deum
3469 3261 3577 3318 est,

1985 3357 2042 3404 et
2079 3350 2195 3404 lucc
2219 3349 2288 3403 ad
2319 3348 2549 3405 verbum
2577 3347 2836 3402 dissertat
2863 3365 2878 3401 :
2928 3364 2951 3399 ι
2979 3345 3135 3400 Tuuc
3165 3345 3288 3399 libri
3325 3345 3580 3414 aperien-

1985 3454 2075 3498 tur
2098 3442 2210 3513 (dic
2241 3441 2435 3512 judicii
2462 3441 2739 3510 videlicet)
2762 3449 3083 3494 nostrorum
3103 3453 3360 3508 operum,
3379 3446 3436 3492 et
3457 3452 3576 3492 sero

1987 3547 2252 3593 monum,
2309 3539 2364 3585 et
2421 3529 2855 3600 cogitationum,
2899 3529 3104 3596 scripta
3159 3525 3580 3596 diligentissime

1987 3625 2334 3679 centi'nentes
2389 3637 2475 3689 ea,
2525 3637 2625 3693 per
2686 3636 2807 3690 quas
2865 3621 3117 3674 omnium
3169 3617 3429 3673 revelatio
3485 3617 3580 3671 fiet

1985 3731 2175 3771 eorum
2207 3729 2329 3784 qum
2353 3730 2383 3768 a
2410 3714 2575 3768 nobis
2612 3712 2755 3767 facta
2784 3711 2990 3766 fuerint
3019 3712 3076 3764 in
3105 3709 3254 3764 omni
3295 3717 3576 3770 creatura,

1987 3809 2126 3864 adeo
2158 3817 2220 3863 ut
2249 3808 2487 3863 invicem
2514 3807 2566 3860 in
2600 3814 2818 3860 tantum
2853 3803 3101 3860 omnium
3134 3814 3358 3872 peccata
3391 3801 3577 3855 omnia

1983 3910 2408 3974 cognoscantur,
2457 3906 2724 3969 quantum
2777 3897 3014 3967 quilibet
3061 3911 3180 3960 sua,
3227 3895 3425 3949 librum
3462 3909 3579 3950 sua:

1987 3991 2342 4048 conscientia:
2367 3989 2578 4060 legens.
2616 4005 2636 4039 ι
2687 3986 2868 4056 Atque
2905 3986 2978 4039 ita
3021 3985 3245 4054 quidem
3293 3982 3577 4037 divinissi-

1985 4100 2109 4140 mus
2140 4083 2431 4137 Maximus.
2486 4079 2766 4150 Propheta
2824 4093 2958 4132 vero
2994 4076 3164 4132 lsaias
3209 4074 3576 4139 manifestius,

1987 4178 2033 4233 si
2071 4175 2492 4240 animadvertis,
2526 4173 2791 4243 placitum
2827 4172 2932 4227 hoc
2965 4179 3018 4225 te
3057 4167 3303 4226 docebit.
3353 4168 3427 4223 De
3455 4167 3579 4238 qui-

1985 4268 2219 4324 busdam
2251 4267 2399 4322 enim
2436 4265 2492 4320 in
2518 4273 2747 4335 peccato
2779 4263 3012 4318 mortuis
3041 4263 3208 4318 verba
3247 4261 3456 4316 faciens
3504 4261 3578 4315 ita

1985 4361 2171 4416 dicere
2217 4357 2690 4429 deprehenditur:
2746 4373 2766 4407 ι
2805 4355 3016 4410 Vermis
3068 4369 3262 4408 eorum
3293 4367 3404 4406 non
3454 4367 3576 4406 mo-

1985 4454 2180 4517 rietur,
2212 4461 2268 4507 et
2295 4452 2435 4523 ignis
2467 4465 2659 4506 eorum
2695 4464 2801 4502 non
2829 4448 3230 4517 exstinguetur,
3253 4456 3303 4498 et
3326 4452 3491 4498 erunt
3523 4443 3574 4496 in

1986 4545 2362 4616 Spectaculum
2405 4543 2554 4598 omni
2601 4541 2772 4597 carni.
2818 4560 2836 4594 ι
2887 4541 3071 4595 lstbuc
3129 4539 3308 4608 ipsum
3343 4546 3398 4590 ct
3443 4535 3576 4589 illud

297 4640 421 4692 ὅσον
453 4637 686 4699 ἕκαστος
724 4637 822 4699 τὰς
839 4634 1054 4689 -ιέαυτοῦ
1104 4635 1205 4707 τήν
1262 4634 1446 4704 βίϐλον
1480 4633 1876 4702 ἀναγινώσκων

1984 4638 2368 4708 evangelicum
2392 4637 2753 4704 divinumque
2786 4629 2994 4688 dictum
3025 4630 3294 4685 indicavit
3324 4629 3532 4682 habens
3559 4645 3573 4680 :

294 4732 397 4798 τῆς
425 4728 622 4783 ἑαυτοῦ
664 4728 1046 4797 συνειδήσεως.
1091 4746 1111 4779 ι
1149 4727 1260 4780 Καὶ
1289 4726 1434 4780 οὕτω
1469 4725 1566 4794 μὲν
1604 4727 1633 4778 6
1663 4724 1879 4779 θειόταο

297 4838 386 4884 τος
419 4821 672 4890 Μάξιμος
699 4838 716 4850 ο
745 4820 774 4870 6
806 4820 862 4871 δέ
909 4835 974 4886 γε
1017 4819 1307 4889 προφήτης
1362 4817 1594 4880 Ἡσαΐας
1626 4816 1879 4886 ἀριδηλό-

297 4930 474 4984 τερον,
507 4915 560 4967 εί
591 4931 658 4982 γε
685 4915 984 4983 προσέχῃς,
1010 4913 1072 4966 τὺ
1113 4911 1291 4981 δόγμα
1338 4911 1498 4987 τοῦτο
1530 4910 1734 4976 διδάξει
1769 4927 1832 4962 σε·
1859 4929 1876 4945 ο

297 5007 426 5077 περί
459 5024 620 5061 τινων
640 5006 748 5074 γὰρ
779 5007 836 5057 ὲν
872 5004 1172 5074 ἁμαρτίαις
1217 5003 1566 5074 τεθνηκότων
1596 5003 1689 5056 τὸν
1719 5001 1878 5069 λόγον

295 5103 644 5170 ποιούμενος,
685 5097 860 5160 οὕτως
907 5095 1142 5166 εὓρηται
1192 5096 1404 5162 λέγων·
1464 5113 1483 5148 ι
1543 5095 1606 5150 Ὀ
1655 5093 1876 5163 σκώληξ

294 5192 479 5248 αὐτῶν
505 5192 568 5244 οὐ
596 5190 936 5259 τελευτήσει,
963 5188 1056 5241 καὶ
1085 5189 1146 5239 τὸ
1175 5185 1289 5254 πῦρ
1340 5184 1520 5239 αὐτῶν
1549 5186 1610 5238 οὐ
1646 5184 1878 5254 σϐεσθή-

296 5302 476 5350 σεται,
504 5282 599 5337 καὶ
631 5281 849 5336 ἔσονται
892 5279 974 5342 είς
1023 5279 1217 5347 ὅρασιν
1253 5278 1407 5348 πάσῃ
1444 5275 1630 5345 σαρκί.
1679 5294 1699 5327 ι
1735 5274 1878 5328 Αὐτὸ

293 5378 455 5432 τοῦτο
502 5380 598 5431 καὶ
633 5377 694 5429 τδ
738 5371 1098 5442 εὐαγγελικὸν
1153 5371 1334 5423 ἐκεῖνο
1385 5369 1484 5421 καὶ
1530 5368 1674 5422 θεῖον
1711 5367 1876 5437 ῥητὸν

299 5470 640 5540 ὑπεμφαίνει
682 5469 744 5521 τὸ
774 5468 936 5532 λέγον
961 5479 975 5496 ο
1031 5465 1092 5517 '0
1124 5462 1317 5532 Πατήρ
1353 5478 1448 5514 σου
1481 5464 1510 5515 6
1551 5461 1768 5532 βλέπων
1814 5477 1876 5512 σε

293 5566 354 5618 ὲν
380 5563 457 5632 τῷ
486 5559 715 5632 κρυπτῷ
740 5557 1012 5613 ἀποδώσει
1039 5572 1122 5608 σοι
1168 5557 1226 5608 ὲν
1260 5553 1338 5624 τῷ
1374 5551 1618 5622 φανερῷ·
1670 5572 1688 5604 ι
1721 5569 1878 5606 τουτ-

294 5657 447 5710 έστιν
495 5657 587 5708 ἐπὶ
637 5653 822 5722 πάσης
855 5649 1089 5710 κτίσεως
1115 5663 1130 5679 °
1165 5647 1310 5701 κατὰ
1351 5646 1460 5714 γὰρ
1495 5646 1587 5698 τὸν
1644 5646 1879 5715 χρυσορ-

299 5751 516 5818 ρήμονα
560 5745 835 5814 Ἰωάννην,
879 5741 992 5796 εἴτε
1027 5738 1446 5808 στεφανωθῆναι
1501 5738 1716 5807 μέλλεις
1763 5737 1876 5790 εἴτε

298 5837 723 5908 κατακριθῆναι,
749 5837 902 5888 πᾶσα
933 5834 1095 5887 τοῦτο
1128 5833 1250 5886 τότε
1300 5831 1439 5901 σὰρξ
1487 5833 1709 5899 γνωριεῖ
1735 5847 1750 5862 ο
1785 5832 1878 5884 καὶ

296 5930 409 6003 γὰρ
430 5931 684 5999 ἕκαστος,
715 5931 823 5984 εἴτε
856 5929 1084 5995 δίκαιος,
1113 5926 1222 5981 εἴτε
1251 5926 1345 5980 καὶ
1371 5923 1717 5995 ἁμαρτωλὸς,
1739 5941 1876 5994 γνω-

1993 4747 2012 4780 ι
2051 4731 2216 4783 Pater
2247 4739 2374 4784 tuus
2397 4727 2489 4796 qui
2534 4736 2587 4782 te
2619 4727 2769 4781 videt
2805 4726 2862 4779 in
2897 4723 3134 4787 occulto,
3174 4721 3366 4775 reddet
3391 4720 3488 4772 tibi
3521 4718 3575 4772 in

1990 4821 2300 4873 manifesto.
2334 4838 2352 4871 ι
2391 4819 2507 4873 Hoc
2531 4826 2614 4872 est
2654 4833 2838 4872 coram
2887 4815 3036 4870 omni
3085 4824 3358 4868 creatura.
3401 4809 3570 4866 Juxta

1988 4915 2133 4967 enim
2176 4912 2524 4982 auriloquum
2558 4909 2851 4974 Joannem,
2877 4909 2994 4963 sive
3034 4907 3405 4969 coronandus,
3461 4904 3578 4960 sive

1987 5006 2438 5059 condemnandus
2476 5019 2558 5069 es,
2593 5003 2644 5058 id
2689 5012 2819 5057 tunc
2863 5001 3044 5056 omnis
3084 5014 3210 5054 caro
3249 5007 3569 5069 cognoscet.

1987 5097 2202 5152 Etenim
2230 5097 2459 5168 quilibet
2490 5097 2606 5152 sive
2632 5097 2834 5168 justus,
2885 5095 3000 5150 sive
3036 5103 3292 5164 peccator
3332 5107 3576 5162 cognos-

1987 5199 2075 5244 cct
2101 5199 2233 5246 tunc
2267 5204 2484 5252 omnes,
2516 5196 2575 5241 ut
2609 5189 2720 5259 jam
2753 5187 2962 5242 dictum
2993 5194 3100 5247 est,
3128 5194 3185 5239 et
3223 5184 3292 5239 ab
3321 5184 3577 5240 omnibus

1986 5282 2191 5354 pariter
2227 5283 2344 5352 ipse
2371 5291 2756 5352 cognoscetur.
2806 5281 2870 5335 Et
2916 5280 3021 5334 hoc
3062 5277 3412 5332 manifestius
3465 5275 3577 5329 lin-

1989 5393 2151 5449 guam
2186 5391 2407 5440 aureus,
2441 5375 2495 5429 in
2532 5379 2632 5430 sua
2671 5374 2894 5429 bomilia
2925 5369 2995 5428 '50
3053 5373 3110 5427 in
3169 5370 3571 5443 Hexaemeron,

1990 5467 2251 5523 ostendit.
2290 5466 2432 5520 Dicit
2475 5466 2623 5520 enim
2660 5466 3140 5520 conversationem
3170 5469 3442 5522 nostram,
3475 5473 3576 5512 seu

1989 5559 2156 5624 bona,
2191 5573 2287 5613 seu
2322 5559 2463 5613 mala
2512 5567 2618 5623 est,
2654 5559 2722 5613 ab
2757 5558 3015 5612 omnibus
3045 5556 3120 5609 ibi
3144 5555 3323 5608 visum
3362 5551 3450 5613 iri,
3479 5547 3584 5618 qui

1987 5653 2059 5706 ab
2102 5652 2312 5712 Adamo
2364 5651 2624 5706 videlicet
2680 5665 2853 5720 usque
2911 5648 2979 5702 ad
3038 5642 3590 5702 consummationem

1988 5745 2216 5799 fuerint.
2266 5743 2334 5797 Et
2379 5744 2484 5798 hoc
2516 5742 2780 5812 estquod
2835 5739 3051 5793 dicebat
3107 5735 3291 5790 divina
3324 5731 3574 5785 Littera:

1996 5855 2012 5886 ι
2057 5835 2215 5890 Pater
2253 5821 2380 5889 tuus
2407 5836 2498 5904 qui
2542 5834 2682 5890 videt
2713 5845 2762 5888 te
2799 5834 2854 5886 in
2877 5830 3115 5894 occulto,
3143 5825 3326 5882 mittet
3381 5823 3479 5878 tibi
3515 5823 3590 5877 inc

1990 5927 2306 5982 manifesto.
2348 5946 2363 5977 ι
