4048 6418
513 437 617 510 787
1777 445 2111 508 MICHAEI

2167 447 2201 506 S
2244 446 2504 508 GLYCl‘E
3665 437 3765 506 ’788

519 556 658 626 ρίσει
711 554 832 608 τότε
891 557 1119 623 πάντας,
1170 557 1242 622 ὼς
1299 556 1403 628 ἢδη
1457 559 1784 627 προείρηται
1817 573 1831 586 ο
1865 559 1962 611 καὶ
2031 559 2138 612 ὑπὸ
2170 559 2390 612 πάντων
2428 555 2582 619 αὖθις
2651 555 2813 618 αὐτὸς
2855 554 3314 625 γνωρισθήσεται.
3347 551 3458 607 Καὶ
3491 549 3642 606 τοῦτο
3674 571 3768 608 σα-

517 653 784 720 φέστερον
820 653 846 703 6
881 650 978 720 τὴν
1037 649 1284 719 γλῶτταν
1337 651 1574 723 χρυσοῦς
1629 653 1689 705 ἐν
1753 654 1820 721 τῇ
1880 653 1961 714 εἰς
2013 651 2110 722 τὴν
2161 649 2502 721 Ἐξαὴμερον
2556 652 2853 720 τριακοστῇ
2935 647 3126 717 πρώτῃ
3177 646 3344 701 αὑτοῦ
3375 646 3564 718 ὁμιλίᾳ
3605 649 3768 711 παρί-

518 761 676 814 στησι
709 763 718 774 ο
747 744 896 810 λέγει
923 744 1029 815 γὰρ
1059 744 1142 796 ὅτι
1173 747 1273 814 τὴν
1308 744 1584 798 πολιτείαν
1638 744 1796 814 ἡμῶν
1827 745 1937 797 εἴτε
1969 745 2181 815 χρηστή
2250 747 2420 810 ἐστιν,
2445 744 2557 796 εἴτε
2621 745 2718 797 καὶ
2779 740 2980 811 φαύλη,
3010 742 3139 795 ἰδεῖν
3163 739 3403 803 ἅπαντες
3431 742 3604 792 ἐκεῖσε
3640 741 3768 809 μέλ-

515 837 699 888 λουσιν
731 837 780 888 oi
816 837 925 889 ἀπὸ
959 837 1054 890 τοῦ
1101 837 1274 906 Ἀδὰμ
1309 836 1512 906 δηλαδὴ
1539 837 1634 890 καὶ
1664 838 1825 906 μέχρι
1851 836 1950 904 τῆς
1975 834 2312 897 συντελείας.
2347 836 2458 888 Καὶ
2490 833 2650 887 τοῦτό
2700 835 2868 898 ἐστιν,
2933 835 3070 900 ὅπερ
3111 833 3265 900 ἔλεγε
3328 833 3388 886 τὺ
3451 833 3684 904 γράμμα
3713 838 3772 887 τὸ

518 930 685 981 θεῖονο
725 929 783 982 '0
841 930 1030 998 Πατήρ
1081 944 1176 982 σου
1219 932 1246 983 6
1298 929 1511 996 βλέπων
1555 945 1614 981 σε
1657 931 1714 981 ἐν
1761 926 1840 998 τῷ
1871 927 2102 997 κρυπτῷ
2140 927 2415 981 ἀποδώσει
2453 945 2536 981 σοι
2563 929 2620 980 ἐν
2650 927 2727 997 τῷ
2760 927 3034 998 σφανερῷ.

589 1023 735 1078 Bene
766 1024 934 1091 igitur
959 1038 1142 1077 sermo
1171 1023 1427 1092 superius
1461 1021 1699 1086 dicebat,
1727 1036 2100 1090 unumquem-
2133 1028 2180 1083 Α

2173 1065 2180 1080 ,
2278 1021 2478 1084 Καλῶς
2519 1017 2614 1074 οὖν
2657 1023 2688 1074 6
2738 1021 2898 1088 λόγος
2949 1020 3160 1075 ἀνωθεν
3189 1020 3397 1089 ἔλεγεν,
3426 1022 3509 1076 ὅτι
3542 1022 3771 1086 ἕκαστος

517 1131 627 1185 que
660 1114 985 1168 mittendum
1013 1129 1135 1169 esse
1166 1115 1220 1168 in
1257 1115 1642 1184 locum,quem
1667 1113 1772 1166 sibi
1791 1111 2022 1181 paravit,
2045 1120 2102 1166 et

2268 1109 2708 1179 ιοπεμφθήσεται
2741 1113 2821 1174 είς
2843 1109 2904 1164 ὃν
2932 1110 3116 1180 ἐαυτῷ
3153 1109 3317 1164 τόπον
3347 1111 3614 1182 ήτοίμακε
3641 1129 3655 1144 ο
3685 1113 3774 1166 καὶ

514 1207 648 1275 justi
695 1207 918 1275 quidem
953 1222 1074 1260 cum
1121 1207 1232 1261 Deo
1286 1217 1342 1261 et
1399 1205 1655 1261 invicem.
1713 1205 1783 1260 Et
1839 1205 1912 1261 ita
1953 1199 2110 1260 enim

2202 1203 2254 1256 οἱ
2305 1201 2404 1272 μὲν
2438 1200 2640 1254 δίκαιοι
2695 1204 2836 1275 μετὰ
2883 1198 3019 1254 Θεοῦ
3065 1200 3160 1253 καὶ
3194 1201 3462 1270 ἀλλήλων,
3491 1203 3586 1254 καὶ
3633 1201 3777 1255 οὕτω

518 1302 655 1357 dicit
708 1301 978 1356 maximus
1037 1302 1236 1356 Paulus
1281 1301 1585 1370 inquiens:
1644 1319 1663 1352 ι
1703 1300 1917 1370 Ubique
1971 1316 2098 1355 cum

2203 1296 2335 1366 γὰρ,
2372 1297 2560 1365 φησὶν,
2587 1298 2615 1349 6
2647 1295 2953 1365 πάμμεγας
3001 1295 3212 1358 Παῦλος
3258 1293 3436 1361 ἔλεγε,
3468 1312 3488 1347 ι
3537 1295 3770 1349 Πάντοτε

517 1395 753 1449 Domino
789 1393 1016 1449 erimus.
1060 1413 1078 1446 ι
1127 1394 1452 1449 Peccatores
1483 1409 1612 1448 vero
1644 1395 1698 1448 in
1735 1393 2104 1448 exterioribus

2206 1389 2305 1442 σὺν
2339 1390 2533 1459 Κυρίῳ
2568 1387 2828 1458 ἐσόμεθα.
2879 1406 2898 1440 ι
2935 1389 2998 1440 Οί
3036 1388 3094 1440 δὲ
3125 1387 3444 1458 ἁμαρτωλοὶ
3487 1389 3545 1440 ἐν
3592 1388 3773 1450 τόποις

519 1487 678 1545 locis.
729 1488 820 1554 qui
855 1496 911 1540 et
951 1468 1113 1540 simul
1146 1486 1524 1549 invicem,sed
1563 1486 1726 1541 simul
1761 1487 1882 1540 sine
1911 1496 2102 1541 mutua

2223 1481 2516 1552 ιξωτέροις,
2561 1483 2610 1535 εἰ
2661 1485 2755 1536 καὶ
2792 1481 2912 1552 μετ’
2941 1480 3212 1551 ἀλλήλων,
3263 1480 3379 1534 ἀλλ’
3425 1482 3561 1548 ὁμοῦ
3599 1483 3774 1552 πάσης
3817 1473 3821 1476 ’

519 1578 855 1648 cognitione.
888 1579 955 1632 Et
999 1577 1317 1648 hujusmodi
1357 1577 1508 1632 enim
1558 1578 1939 1634 consolatione
1984 1580 2103 1648 pri-

2206 1573 2566 1644 παραμυθίας
2599 1575 2946 1644 ἐστέρηνται.
2979 1573 3102 1626 Ὅτι
3152 1572 3208 1624 δὲ
3247 1573 3418 1625 ταῦτα
3443 1572 3616 1634 οὕτως
3647 1571 3772 1642 ἔχει,

518 1677 738 1723 vantur.
769 1667 901 1722 Rem
928 1678 1109 1724 autem
1147 1669 1222 1723 ita
1258 1669 1559 1735 habere,et
1593 1680 1908 1738 peccatores
1938 1670 2102 1725 simul

2205 1668 2300 1719 καὶ
2324 1667 2410 1719 ὅτι
2445 1666 2564 1736 μετ’
2590 1666 2840 1737 ἀλλήλων
2873 1669 2922 1720 ol
2951 1666 3273 1736 ἁμαρτωλοὶ
3331 1666 3684 1735 κολαζόμενοι
3715 1666 3770 1716 οὐ

520 1762 752 1816 invicem
804 1762 981 1831 puniti
1023 1777 1136 1816 non
1193 1763 1418 1831 quidem
1475 1764 1697 1819 videant
1751 1779 1810 1819 se
1867 1762 2102 1819 invicem

2209 1758 2308 1829 μὲν
2341 1754 2434 1812 οὖν
2483 1757 2692 1828 ὁρῶσιν
2735 1758 3001 1828 ἀλλήλους
3031 1759 3120 1811 διὰ
3156 1757 3380 1829 μείζονα
3412 1757 3656 1821 κόλασιν,
3686 1760 3775 1810 καὶ

517 1853 739 1922 majoris
787 1852 1049 1908 tormenti
1102 1855 1300 1925 gratia,
1359 1863 1422 1909 et
1485 1855 1666 1926 ipsum
1720 1855 2103 1912 auriﬂuentem

2207 1851 2372 1904 αὑτοῦ
2403 1850 2496 1903 τοῦ
2545 1852 3010 1923 Χρυσορρήμονος
3049 1850 3254 1904 ἄκουεςδ
3288 1854 3343 1903 ἐν
3377 1852 3482 1920 γὰρ
3509 1853 3577 1918 τῇ
3612 1853 3777 1920 ἑρμη-

517 1946 664 2001 auiti.
697 1945 756 1998 In
790 1945 1144 2016 Expositione
1177 1947 1323 2001 enim
1373 1947 1629 2016 Epistolas
1669 1949 1737 2002 ad
1763 1947 2021 2003 Hebraeos
2049 1956 2104 2002 et

2208 1945 2326 2016 νείᾳ
2355 1946 2454 2016 τῆς
2493 1947 2632 2017 πρὸς
2688 1945 2983 2015 Ἐϐραίους
3017 1947 3308 2015 ἐπιστολῆς
3342 1949 3435 1998 καὶ
3484 1945 3613 1998 τάδε
3659 1947 3779 2014 περὶ

517 2037 636 2090 hrc
667 2038 733 2090 tle
771 2037 873 2091 hoc
901 2037 1020 2106 ipso
1051 2035 1309 2090 disserit:
1336 2035 1395 2089 ln
1425 2036 1549 2106 igne
1575 2036 1784 2106 punitis
1814 2037 2107 2091 tenebroso

2208 2040 2400 2092 τούτου
2447 2040 2742 2105 διέξεισινο
2780 2039 2872 2092 Ἐν
2931 2040 3066 2111 πυρὶ
3112 2039 3467 2109 κολαζόμενοι
3518 2039 3778 2107 σκοτεινῷ

516 2136 650 2181 tunc
703 2144 883 2196 neque
921 2128 1202 2198 proximos
1235 2129 1424 2184 videre
1468 2130 1825 2199 permittitur.
1877 2130 2107 2185 Videtur

2205 2132 2326 2185 τότε
2353 2131 2472 2185 οὐδέ
2507 2132 2634 2194 τοὺς
2670 2131 2899 2202 πλησίον
2941 2133 3076 2202 ὸρᾷν
3120 2131 3550 2201 συγχωρούμεθα
3578 2148 3594 2162 ’
3640 2132 3783 2184 δοκεῖ

516 2233 699 2277 autem
736 2225 892 2277 solus
918 2223 1152 2293 quilibet
1184 2223 1295 2294 pati
1329 2239 1394 2278 ex
1422 2239 1488 2279 eo
1523 2225 1668 2293 quod
1699 2239 1880 2293 neque
1901 2223 2105 2289 videat,

2207 2225 2264 2279 δέ
2314 2227 2475 2294 μόνος
2523 2224 2756 2288 ἕκαστος
2808 2224 3038 2293 πάσχειν
3068 2224 3133 2276 ἐκ
3171 2223 3265 2276 τοῦ
3305 2225 3442 2292 μήτε
3478 2225 3615 2293 όρᾷν
3651 2225 3783 2293 μήτε

516 2330 698 2385 neque
736 2315 1009 2371 videatur.
1047 2315 1105 2370 Si
1138 2317 1285 2370 enim
1323 2315 1488 2384 ignis,
1522 2317 1859 2386 caliginosus
1917 2325 2104 2371 tamen

2207 2318 2442 2388 ὁρᾶσθαι
2469 2333 2484 2346 °
2517 2319 2566 2370 εί
2599 2318 2708 2387 γὰρ
2749 2318 2844 2371 καὶ
2877 2315 3009 2386 πῦρ,
3039 2315 3176 2369 ἀλλὰ
3215 2315 3444 2386 ζοφερόν
3484 2317 3661 2380 ἐστιν,
3694 2316 3781 2368 ἆτε

515 2415 624 2472 est,
659 2407 929 2476 siquidem
961 2418 1111 2462 certe
1141 2409 1262 2478 ejus
1276 2407 1572 2462 efficientia
1601 2409 1916 2464 illuminans
1937 2409 2104 2478 iustis

2207 2385 2271 2480 δὴ
2319 2410 2419 2479 τῆς
2455 2385 2794 2478 φωτιστικῆς
2841 2385 3010 2462 αὐτοῦ
3063 2385 3359 2477 ἐνεργείας
3395 2409 3506 2470 τοῖς
3555 2407 3780 2470 δικαίοις

515 2497 812 2552 distributa
837 2507 940 2552 est.
970 2497 1118 2552 Bene
1147 2498 1314 2567 igitur
1342 2498 1618 2568 Propheta
1643 2500 1860 2554 dicebat
1891 2517 1904 2555 :
1935 2520 1954 2552 ι
1987 2500 2101 2555 Vox

2207 2502 2670 2572 ἀπονεμηθείσης.
2693 2501 2888 2564 Καλῶς
2912 2499 3004 2555 οῦν
3025 2503 3053 2553 6
3077 2501 3372 2569 Προφήτης
3401 2499 3570 2567 ἐλεγεο
3586 2518 3607 2551 ι
3639 2500 3781 2552 Φωνὴ

515 2589 734 2642 Domini
785 2589 1142 2660 praecidentis
1191 2589 1464 2644 ﬂatttmam
1505 2590 1670 2662 ignis.
1712 2609 1731 2642 ι
1783 2592 1922 2657 Quia
1973 2607 2105 2648 vero

2208 2592 2416 2659 Κυρίου
2451 2590 2838 2652 διακόπτοντος
2887 2589 3060 2658 φλόγα
3125 2589 3320 2658 πυρός.
3361 2607 3380 2641 ι
3416 2588 3538 2640 ’Ότι
3565 2589 3627 2641 δέ
3653 2592 3781 2641 κατὰ

515 2684 818 2736 secundum
861 2682 1049 2735 divum
1079 2680 1374 2750 Ephraem,
1399 2692 1458 2738 et
1509 2691 1566 2738 se
1604 2685 1844 2738 invicem
1883 2685 2103 2756 cognati

2207 2682 2300 2736 τὸν
2332 2682 2478 2736 θεῖον
2517 2681 2759 2752 Ἐφραῒμ
2803 2683 2899 2734 καὶ
2934 2681 3198 2751 ἀλλήλους
3236 2684 3284 2734 oi
3327 2683 3614 2748 συγγενεῖς
3657 2681 3781 2733 θεω-

513 2773 806 2832 videbunt.
856 2782 912 2827 et
962 2788 1184 2827 manum
1223 2779 1505 2845 porrigere
1540 2792 1649 2832 non
1697 2787 1960 2846 poterunt
2002 2779 2105 2844 eis,

2212 2777 2465 2845 ρήσουσι,
2493 2774 2591 2827 καὶ
2623 2772 2811 2841 ὀρέξαι
2859 2775 3018 2843 χεῖρα
3061 2774 3122 2824 οὐ
3170 2773 3488 2842 δυνήσονται
3518 2775 3635 2836 τοῖς
3669 2772 3781 2824 καθ’

515 2876 710 2922 contra
740 2881 881 2936 quos
909 2866 1139 2922 inducta
1173 2867 1341 2923 fuerit
1372 2869 1614 2939 negatio,
1641 2879 1697 2925 et
1719 2871 1836 2940 ipse
1862 2872 2105 2940 linguam

2209 2860 2285 2920 ὧν
2315 2865 2622 2935 ἐξενεχθείη
2683 2871 2805 2917 τότε
2855 2865 2889 2934 ἡ
2933 2863 3230 2932 ἀπόφασις,
3283 2864 3378 2916 καὶ
3442 2862 3608 2929 αὐτὸς
3636 2865 3664 2914 6
3691 2862 3779 2930 τὴν

517 2951 721 3017 aureus
763 2961 819 3032 in
872 2963 1118 3017 secunda
1150 2963 1390 3032 Epistola
1422 2963 1489 3016 ad
1517 2962 1840 3018 Corinthios
1873 2965 2107 3020 manife-

2211 2959 2462 3027 γλῶτταν
2515 2956 2752 3028 χρυσοῦς
2799 2957 2855 3008 ἐν
2889 2957 2953 3025 τῇ
3008 2955 3147 3024 πρὸς
3189 2953 3511 3023 Κορινθίους
3559 2954 3782 3022 δευτέρᾳ

517 3055 764 3110 stissime
811 3055 1059 3109 ostendit
1084 3053 1326 3109 dicens:
1383 3073 1402 3105 ι
1439 3053 1636 3108 Omnia
1684 3055 1759 3110 ibi
1803 3055 2107 3126 incognita,

2212 3050 2475 3121 ἐπιστολῇ
2516 3049 2832 3117 σαφέστατα
2879 3046 3086 3111 ἔδειξεν
3139 3046 3311 3109 οὕτως
3347 3045 3556 3099 είπών·
3609 3046 3783 3098 Πάντα

517 3147 622 3202 etsi
662 3147 778 3201 Noe
809 3147 902 3211 sit,
933 3157 988 3201 et
1015 3145 1275 3211 Iacobus,
1308 3155 1362 3199 et
1390 3144 1615 3213 Daniel;
1645 3157 1700 3200 et
1729 3147 1776 3201 si
1813 3147 2111 3203 familiares

2213 3147 2394 3198 ἐκεῖσε
2447 3143 2838 3209 ἀσύγγνωστα,
2876 3138 2979 3192 κᾶν
3031 3137 3156 3190 Νῶε
3200 3133 3290 3207 ἦν,
3338 3138 3441 3192 κᾶν
3490 3137 3636 3203 Ἰὼϐ,
3689 3134 3781 3189 κᾶν

523 3239 750 3294 videant
781 3239 1031 3308 punitos,
1070 3252 1294 3291 manum
1317 3236 1507 3290 auxilii
1546 3237 1626 3292 eis
1655 3252 1766 3290 non
1801 3238 2109 3308 porrigunt.

2217 3235 2419 3306 Δανιὴλ
2441 3251 2457 3266 ·
2479 3235 2574 3286 καὶ
2599 3234 2726 3294 τοὺς
2748 3233 2985 3294 οἰκείους
3010 3230 3162 3283 ἴδωσι
3185 3229 3608 3300 κολαζομένους,
3634 3230 3779 3299 χεῖρα

517 3319 740 3386 Etenim
766 3326 1048 3398 continget
1093 3336 1155 3381 ut
1204 3337 1261 3380 et
1295 3326 1562 3381 naturalis
1619 3328 1931 3397 compassio
1981 3338 2112 3384 tunc

2218 3330 2474 3400 βοηθείας
2509 3328 2696 3389 αὐτοῖς
2726 3326 2828 3378 οὐκ
2858 3324 3116 3394 ὀρέγουσι
3139 3339 3152 3352 ο
3197 3323 3293 3377 καὶ
3322 3322 3431 3391 γὰρ
3462 3321 3554 3374 καὶ
3597 3321 3700 3390 τὴν
3728 3321 3783 3371 ἐκ

521 3420 826 3484 auferatur,
872 3427 932 3472 ut
963 3417 1090 3474 inde
1109 3419 1422 3489 perspicere
1445 3420 1515 3474 sit
1537 3420 1810 3489 justorum
1830 3419 2102 3475 laetitiam.

2213 3425 2313 3494 τῆς
2335 3422 2553 3492 φύσεως
2579 3420 2920 3489 ἀναιρεῖσθαι
2951 3416 3242 3487 συμϐαίνει
3270 3415 3388 3469 τότε
3422 3413 3783 3483 συμπάθειαν,

522 3514 592 3568 Ει
628 3512 904 3581 quomodo
939 3513 1089 3567 enim
1119 3527 1257 3582 pura
1295 3522 1425 3569 tunc
1475 3512 1662 3567 la'titia
1707 3527 1816 3567 non
1853 3512 2110 3584 fruentur

2216 3519 2291 3582 ὡς
2323 3515 2576 3570 ἐντεῦθεν
2605 3513 2846 3584 καθορᾷν
2876 3508 3017 3566 εἶναι
3048 3512 3148 3582 τὴν
3174 3509 3285 3563 τῶν
3332 3507 3560 3561 δικαίων
3587 3509 3783 3576 εὐφρο-

518 3609 678 3678 justi,
709 3607 982 3677 siquidem
1015 3615 1070 3661 et
1117 3607 1422 3663 vindictam
1452 3607 1850 3662 existimabunt
1880 3607 2114 3678 injusto-

2221 3611 2412 3678 σύνην.
2445 3610 2558 3662 Καὶ
2587 3606 2708 3669 πῶς
2736 3608 2846 3676 γὰρ
2876 3606 2937 3659 οὐ
2969 3605 3220 3675 καθαρᾶς
3271 3601 3648 3654 ἀπολαύσουσι
3671 3599 3783 3652 τότε

522 3718 645 3756 rum
678 3701 1020 3772 punitionem
1045 3701 1068 3755 ?
1101 3719 1122 3754 ι
1152 3700 1218 3754 Ει
1241 3701 1371 3757 audi
1395 3700 1526 3770 quid
1550 3700 1696 3756 dicat
1723 3700 1946 3755 Juliano
1975 3716 2117 3770 prac-

2185 3758 2187 3776 ,
2217 3707 2316 3776 τῆς
2349 3700 2691 3774 εὐφροσύνης
2720 3701 2770 3753 οἱ
2798 3698 3019 3764 δίκαιοι,
3041 3699 3179 3764 εἴγε
3202 3695 3296 3748 καὶ
3317 3693 3596 3763 ἐκδίκησιν
3621 3691 3783 3762 ἥγην-

521 3795 814 3850 varicatori
854 3810 1086 3867 magnus
1139 3793 1346 3848 Christi
1405 3803 1612 3864 martyr
1653 3803 1710 3848 et
1746 3794 2113 3849 certaminum

2220 3817 2312 3852 ται
2359 3797 2469 3850 τῶν
2519 3795 2722 3848 ἀδίκων
2756 3793 2858 3860 τὴν
2909 3791 3170 3857 κόλασιν;
3224 3789 3333 3842 Καὶ
3365 3787 3530 3840 ἄκουε
3575 3787 3632 3839 τί
3663 3803 3783 3855 φησι

511 3892 700 3944 victor
759 3889 1080 3943 Artemius:
1131 3906 1150 3940 ι
1190 3887 1470 3942 Ultionem
1526 3901 1660 3941 vero
1713 3901 1930 3954 eorum,
1990 3901 2109 3954 qua:

2221 3891 2359 3962 πρὸς
2401 3887 2694 3943 Ἰουλιανὸν
2743 3886 2834 3940 τὸν
2886 3883 3225 3953 Παραϐἀτην
3251 3882 3278 3933 6
3305 3881 3398 3935 τοῦ
3428 3881 3669 3949 Χριστοῦ
3701 3896 3783 3946 ιπε-

522 3982 660 4035 milti
692 3997 724 4035 a
755 3991 806 4034 te
840 3982 999 4045 fiunt,
1041 3988 1172 4033 tunc
1201 3979 1496 4048 accipiam,
1524 3978 1750 4048 quando
1783 3979 1927 4049 ignis
1957 3992 2114 4032 com-

2221 3980 2585 4050 γαλομάρτυρ
2637 3977 2732 4030 καὶ
2762 3976 3064 4044 ἁθλοφόρος
3107 3972 3394 4044 ’Δρτέμιος
3419 3989 3433 4002 ·
3469 3991 3488 4024 ι
3549 3971 3785 4037 Ἐκδίκη-

525 4073 836 4142 prehendet
875 4077 932 4124 et
983 4079 1247 4139 perpetua
1301 4069 1545 4138 punitio.
1586 4088 1606 4121 ι
1653 4070 1720 4123 Ει
1764 4069 1808 4123 si
1849 4069 1956 4134 his,
1992 4067 2115 4137 Quae

2223 4091 2308 4126 σιν
2347 4073 2403 4125 δέ
2444 4071 2554 4124 τῶν
2594 4069 2748 4140 παρὰ
2781 4067 2876 4121 σοῦ
2911 4084 3001 4134 μοι
3049 4066 3409 4135 ἐπαγομένων
3444 4065 3622 4116 ἐκεῖσε
3655 4061 3787 4127 δέξο-

525 4165 806 4227 tlicuntur,
837 4176 947 4216 non
981 4160 1356 4230 persuaderis,
1393 4161 1669 4230 parabolm
1706 4160 1896 4215 divitis
1925 4171 1976 4214 et
2009 4159 2113 4214 La-

2225 4183 2344 4237 μαι,
2373 4165 2538 4235 ἡνίκα
2561 4162 2622 4215 τὸ
2649 4161 2763 4233 πῦρ
2792 4162 2972 4214 ἐκεῖνο
2999 4157 3400 4228 καταλήψεται,
3433 4156 3531 4209 καὶ
3556 4155 3588 4223 ἡ
3612 4155 3787 4208 διαιω·

525 4257 638 4310 zari
673 4256 856 4312 crede.
908 4254 1046 4311 Vide
1097 4256 1245 4310 enim
1299 4255 1576 4324 quomodo
1625 4254 1974 4308 Abrahamus
2017 4255 2110 4308 ille

2219 4260 2443 4325 νίζουσα
2493 4257 2754 4318 κόλασις·
2803 4273 2824 4307 ι
2861 4254 2955 4307 καὶ
2991 4253 3044 4305 ει
3097 4250 3173 4322 μὴ
3213 4251 3392 4304 πείθει
3431 4252 3544 4313 τοῖς
3569 4248 3786 4318 λεγομέ-

429 4343 435 4350 ’
522 4351 860 4416 misericors,
891 4359 948 4406 et
997 4350 1275 4420 hospitum
1325 4363 1542 4411 amans,
1597 4363 1627 4401 a
1667 4347 1841 4402 divite
1889 4362 2027 4418 roga

2221 4371 2354 4420 νοις,
2378 4354 2444 4422 τῇ
2482 4352 2624 4404 κατὰ
2651 4349 2744 4402 τὸν
2771 4347 3030 4402 πλούσιον
3060 4344 3345 4415 παραϐολῇ
3374 4344 3469 4396 καὶ
3497 4343 3589 4394 τὸν
3619 4341 3788 4403 Λάζα-

525 4458 704 4514 ncque
734 4443 1131 4514 aliquantisper
1158 4443 1337 4514 ignem
1356 4440 1618 4496 concidit.
1650 4441 1926 4511 Agitatum
1951 4440 2107 4495 vide-

2223 4462 2316 4514 ρον
2339 4440 2769 4512 πείσθητι.⁰¹ορα
2796 4438 2906 4507 γὰρ
2932 4436 3023 4489 τὸν
3056 4435 3310 4514 ξΑόραὰμ
3333 4435 3538 4487 ἐκεῖνον
3563 4433 3652 4485 τὸν
3683 4431 3787 4485 ἐλε-

522 4536 618 4591 bat
643 4513 889 4602 divitem,
919 4547 972 4592 et
1004 4536 1146 4591 stilla
1172 4513 1348 4605 ipsum
1371 4536 1626 4603 dignatus
1650 4550 1758 4589 non
1786 4544 1890 4589 est.
1917 4534 2111 4590 Ablata

2222 4513 2399 4605 ἦμονα
2427 4533 2522 4586 καὶ
2555 4532 2856 4601 φιλόξενον,
2888 4529 3008 4591 πῶς
3039 4513 3145 4581 ὗπδ
3179 4526 3274 4579 τοῦ
3327 4525 3587 4579 πλουσίου
3619 4540 3787 4594 παρα-

522 4629 673 4684 enim
724 4630 798 4684 ibi
847 4629 1029 4686 fuerat
1070 4629 1299 4685 omnino
1347 4635 1612 4681 consueta
1652 4626 1742 4682 hic
1789 4627 2113 4697 patriarcha:

2220 4624 2579 4695 καλούμενος,
2607 4622 2729 4677 οῦδὲ
2756 4621 2820 4675 τὸ
2850 4620 3010 4691 τυχὸν
3043 4619 3190 4688 αὐτῷ
3239 4618 3538 4672 συνέκοπτε
3566 4616 3627 4670 τὸ
3658 4615 3781 4683 πῦρ’

521 4723 857 4798 compassio.
889 4721 1047 4777 Unde
1081 4719 1397 4774 inﬂexibilis
1441 4718 1579 4773 adeo
1620 4719 1906 4780 videbatur
1959 4719 2110 4773 diviti

2217 4718 2562 4788 πολούμενον
2591 4716 2740 4786 ἐώρα
2774 4717 2868 4767 τὸν
2905 4714 3185 4777 πλούσιον,
3209 4712 3304 4764 καλ⁸
3347 4711 3604 4776 σταγόνος
3634 4707 3787 4762 αὑτὸν

520 4821 576 4866 et
605 4811 1022 4869 immisericors.
2055 4825 2067 4834 '

2217 4812 2317 4864 οὐκ
2367 4811 2638 4879 ἠξίωσεν·
2693 4807 2937 4878 ἀνῄρητο
2974 4805 3084 4874 γὰρ
3141 4805 3321 4857 ἐκεῖσε
3372 4802 3714 4857 παντάπασιν
3757 4798 3787 4865 ὴ

519 4906 768 4970 φυσικῶς
813 4905 1046 4960 ἐνταῦθα
1103 4904 1387 4977 προσοῦσα
1420 4902 1498 4974 τῷ
1531 4905 1845 4974 πατριάρχῃ
1912 4902 2266 4971 συμπάθεια·
2300 4904 2426 4957 ὄθεν
2476 4895 2742 4972 ἇκαμπὴς
2803 4901 2898 4952 ἐπὶ
2963 4897 3224 4954 τοσοῦτον
3265 4899 3478 4965 ἑωρᾶτο
3520 4896 3595 4965 τῷ
3625 4895 3786 4948 πλου-

521 5003 622 5074 σίῳ
651 5005 748 5059 καὶ
775 5003 1142 5073 ἄσπλαγχνος.

592 5097 670 5151 De
712 5097 893 5150 futura
937 5097 1106 5166 igitur
1146 5103 1282 5149 tunc
1315 5095 1598 5149 communi
1641 5094 2025 5163 recognitione
2060 5102 2118 5147 et

2293 5092 2427 5162 Περὶ
2461 5090 2644 5164 μέντοι
2673 5089 2769 5143 τοῦ
2791 5088 3163 5160 γενησομένου
3189 5087 3308 5141 τότε
3341 5083 3523 5140 κοινοῦ
3549 5085 3786 5151 ἀναγνω-

521 5199 749 5245 sanctus
801 5188 1130 5244 Theodorus
1180 5185 1426 5242 Studites
1485 5187 1650 5242 latius
1704 5186 1983 5241 dissertat.
2052 5185 2112 5239 In

2222 5183 2420 5255 ρισμοῦ
2451 5186 2549 5237 καὶ
2595 5185 2624 5238 6
2669 5185 2728 5237 ἐν
2778 5183 2954 5250 ἁγίοις
2999 5181 3272 5250 Θεόδωρος
3299 5181 3327 5232 6
3367 5179 3650 5246 Στουδίτη“ς
3673 5176 3786 5228 δια-

517 5283 593 5336 ‘2‘2
621 5285 770 5340 enim
804 5300 904 5338 sua
949 5283 1238 5340 Catechesi
1279 5291 1335 5338 ct
1369 5281 1485 5335 hrec
1516 5281 1585 5336 tle
1616 5281 1718 5335 hoc
1774 5279 1895 5348 ipso
1927 5278 2115 5348 dispu-

2217 5277 2489 5348 λαμόἀνει
2525 5276 2887 5346 πλατύτερον.
2925 5275 3014 5327 Ἐν
3045 5276 3155 5343 γὰρ
3185 5263 3404 5342 εἰκοστῇ
3432 5271 3660 5339 δευτέρᾳ
3683 5265 3786 5318 τῶν

525 5385 606 5429 tat
636 5395 649 5431 :
690 5395 709 5428 ι
753 5376 948 5431 Verbis
979 5375 1270 5430 inutilibus
1297 5381 1516 5430 certant
1542 5373 1761 5441 quidam
1787 5371 1853 5424 ad
1879 5369 2112 5423 subver-

2216 5371 2381 5425 αὑτοῦ
2411 5369 2822 5438 Κατηχήσεων
2855 5367 2952 5420 καὶ
2990 5366 3120 5420 τάδε
3153 5366 3280 5434 περὶ
3309 5364 3502 5418 τοῦτου
3525 5363 3743 5427 διέξεισι
3769 5375 3778 5389 ·

530 5471 742 5523 sionem
780 5469 1143 5534 audientium,
1176 5467 1230 5521 in
1264 5465 1684 5537 regeneratione
1731 5477 1833 5517 nos
1876 5461 2116 5516 invicem

2237 5481 2254 5513 ι
2309 5460 2694 5531 Λογομαχοῦσί
2722 5475 2866 5522 τινες
2904 5459 2995 5510 ἐπὶ
3035 5459 3387 5525 καταστροφῇ
3426 5456 3536 5510 τῶν
3566 5451 3785 5507 ἀκουόν-

533 5561 680 5616 haud
735 5563 1054 5632 cognituros
1099 5576 1242 5624 esse,
1293 5560 1513 5629 quando
1551 5556 1766 5612 venerit
1811 5554 1982 5608 Filius
2021 5553 2116 5607 Dei

2220 5570 2350 5620 των,
2369 5553 2452 5605 ὅτι
2485 5551 2596 5622 (84)
2657 5549 3003 5620 γνωριοῦμεν
3057 5547 3322 5618 ἀλλήλους
3376 5549 3434 5603 ἐν
3491 5549 3559 5616 τῇ
3599 5546 3787 5606 παλιγ-

535 5655 787 5726 iudicare
831 5659 1110 5713 universa.
1167 5655 1367 5711 Dicunt
1416 5654 1605 5708 cnim:
1652 5649 1941 5716 Quomodo
1993 5661 2116 5701 cum

2223 5645 2466 5715 γενεσίᾳ,
2492 5645 2622 5696 ὅταν
2663 5643 2790 5713 ἔλθῃ
2823 5645 2852 5695 6
2887 5643 3014 5703 Υἱὸς
3041 5643 3139 5694 τοῦ
3169 5640 3304 5716 Θεοῦ
3341 5642 3520 5708 κρῖναι
3549 5637 3616 5691 τὰ
3655 5633 3787 5703 σύμ-

543 5752 943 5808 resurrexerint
971 5751 1226 5806 homines
1255 5746 1563 5816 incorrupti
1593 5749 1926 5814 cognoscent
1951 5755 2009 5796 sc
2037 5739 2118 5794 in-

2223 5753 2421 5792 παντα.
2451 5736 2684 5804 Λέγουσι
2714 5735 2845 5804 γὰρ,
2897 5733 3016 5795 [ιῶς
3063 5732 3376 5802 ἐγερθέντες
3425 5732 3472 5785 oi
3520 5729 3785 5798 ἄνθρωποι

616 5906 726 5976 (Si)
768 5904 986 5960 Videtur
1017 5905 1194 5960 addcn
1220 5905 1326 5958 lunt
1359 5903 1440 5955 οὐ.
