4048 6426
288 458 399 524 78‘9

1632 466 1998 530 EPISTOLA
2035 468 2166 533 VII.

3430 463 3536 538 790

288 580 559 648 ἄφθαρτοι
612 584 971 654 γνωρίσουσιν
999 585 1289 657 ἀλλήλους,
1322 583 1562 655 ὁπηνίκα
1601 586 1854 648 Ἰουδαῖος

1968 600 2156 652 rtcem,
2195 585 2413 655 quando
2440 599 2552 640 non
2580 584 2805 642 Indicus
2836 584 2966 653 erit,
3000 600 3105 641 nec
3135 584 3397 642 διωριιεῖ
3419 604 3533 646 non

289 674 391 726 οὐκ
420 673 503 726 ἔνι
529 676 623 728 καὶ
651 672 873 745 Ἕλλην,
904 676 965 730 οὔ
998 677 1232 748 Σκύθης,
1257 680 1317 732 οὐ
1353 677 1650 748 βάρϐαρος,
1681 679 1743 732 οὐ
1771 696 1861 749 μι-

292 763 445 831 κρὶς,
479 762 576 815 καὶ
601 762 800 833 μέγας,
819 764 918 817 οὐκ
947 765 1136 835 ἄρσεν,
1165 765 1262 817 καὶ
1280 763 1440 832 θῆλυ,
1462 764 1524 817 οὐ
1555 763 1741 832 μέλας,
1765 764 1863 817 καὶ

296 852 505 917 ξανθὸς,
541 855 602 906 οὐ
638 853 844 917 δοῦλος,
868 857 960 909 καὶ
985 856 1287 926 ,ἐλεύθερος
1312 871 1327 887 ο
1357 854 1491 908 ἀλλὰ
1527 856 1728 918 πάντες
1756 854 1863 921 ἀγ·-

294 945 584 1013 γελοειδείς
614 947 758 1013 sict;
789 949 929 1010 Τοὺς
963 947 1239 1010 τοιούτους
1270 948 1492 1010 πάντως
1536 946 1799 1000 ἀδύνατον
1824 946 1860 1017 ἢ

289 1038 562 1108 γνωρίσαι
591 1038 624 1107 ἢ
662 1039 1053 1109 γνωρισθῆναι.
1079 1041 1185 1092 Καὶ
1207 1038 1350 1092 οὕτω
1372 1039 1471 1109 μὲν
1498 1030 1697 1092 ἐκεῖνοι
1724 1054 1861 1106 φρο-

291 1129 469 1198 νοῦσι,
494 1129 592 1182 καὶ
619 1130 873 1211 λέγουσιν
896 1146 911 1163 ⁸
953 1131 1116 1199 ἡμεῖς
1141 1131 1201 1185 δὲ
1230 1131 1370 1201 πρὸς
1401 1130 1600 1191 αὐτοὺς
1627 1128 1863 1182 ἀντιτεί-

291 1238 477 1286 νοντες
541 1222 687 1281 οὕτω
739 1224 1017 1293 λέγομεν·
1062 1226 1126 1277 Οἱ
1173 1225 1455 1293 λογισμοῖς
1501 1222 1863 1292 ἀνθρωπίνοις

295 1313 655 1381 ὲπιδιρόμενοι
690 1314 800 1366 κάκ
834 1313 1029 1367 τούτου
1075 1313 1137 1366 τὸ
1172 1313 1247 1383 μὴ
1277 1312 1571 1381 γνωρίζειν
1599 1311 1863 1382 ἀλλήλους

294 1404 473 1455 ἐκεῖσε
503 1403 920 1474 διατεινάμενοι,
948 1404 1175 1474 πρώτην
1208 1405 1383 1472 αὐτὴν
1417 1402 1777 1472 ἀθετήσουσιν
1799 1403 1864 1455 ἐκ

292 1494 508 1564 νεκρῶν
538 1494 649 1547 τῶν
679 1496 952 1563 σωμάτων
981 1496 1301 1548 ἀνάστασιν·
1323 1496 1417 1547 καὶ
1447 1493 1763 1562 θαυμαστὸν
1800 1493 1863 1546 οὐ

293 1586 554 1640 τοσοῦτόν
577 1589 694 1640 ἐστι
722 1588 866 1641 κατά
890 1584 1120 1655 γελτέως
1150 1586 1209 1639 τὸ
1231 1585 1423 1640 δοκοῦν
1454 1586 1643 1649 αὐτοῖς
1664 1601 1680 1615 ·
1705 1585 1863 1652 σῶμα

294 1677 405 1745 γὰρ
439 1676 719 1748 διαρρυὲν,
755 1677 916 1745 σῶμα
968 1676 1176 1747 βρωθὲν
1209 1676 1317 1730 ὑπὸ
1362 1675 1556 1744 θηρίου
1609 1674 1794 1743 τυχὸν,
1826 1674 1861 1743 ἢ

299 1768 483 1839 ἰχθύος
510 1770 544 1839 ἦ
577 1768 845 1837 πετηνοῦς
867 1769 985 1832 πῶς
1013 1769 1170 1832 αὖθις
1200 1769 1281 1830 είς
1302 1767 1361 1822 ἓν
1390 1767 1538 1836 αὐτῷ
1570 1766 1864 1835 συναχθείη

294 1862 390 1914 καὶ
439 1861 842 1929 ἀναστήσαιτο;
896 1863 1003 1915 Καὶ
1040 1860 1160 1923 πῶς
1206 1860 1350 1912 οὕτω
1382 1858 1639 1928 διαχυθὲν
1665 1857 1746 1920 είς
1768 1856 1865 1926 τήν

299 1951 577 2023 προτέραν
602 1916 879 2024 ἐπανέλθῃ
903 1916 1280 2017 κατάστασινς
1313 1950 1456 2003 Ἀλλ’
1476 1916 1640 2015 ἀφες,
1667 1916 1866 2019 είνβού·

297 2044 403 2107 λει,
451 2047 579 2109 τοὺς
618 2045 844 2098 τοιαῦτα
891 2043 1433 2114 περιεργαζομένους
1461 2058 1477 2075 ο
1523 2041 1746 2111 ψυχικοὶ
1770 2041 1866 2095 καὶ

298 2136 410 2206 γᾶρ
441 2135 593 2199 ὄντες
638 2138 793 2190 αὐτοὶ
823 2136 963 2189 κατά
996 2135 1085 2188 τὸν
1127 2135 1430 2188 ἀπόστολον
1461 2132 1695 2197 Παῦλον,
1719 2134 1773 2185 εί
1800 2148 1866 2201 γε

295 2223 362 2292 δὴ
392 2225 484 2277 τὸν
515 2225 689 2294 μέγαν
724 2225 901 2277 εἰπεῖν
935 2226 997 2277 ού
1027 2225 1274 2294 δέχονται
1307 2222 1376 2277 τά
1401 2224 1494 2276 τοῦ
1532 2222 1863 2290 πνεύματος⁸

296 2317 433 2385 ἀφες
463 2316 660 2378 αὐτοὺς
686 2317 737 2368 εί
770 2334 834 2384 γε
867 2316 931 2369 τὸ
957 2315 1197 2370 τοιοῦτον
1231 2316 1487 2385 φρόνημα
1508 2353 1526 2371 .
1555 2333 1573 2365 ι
1606 2315 1768 2381 Λέγω
1802 2312 1868 2382 δὴ

295 2409 357 2460 τὸ
395 2407 471 2478 μὴ
504 2409 794 2477 γνωρίζειν
829 2408 1095 2476 ἀλλήλους
1143 2409 1349 2471 ἐκεῖσε,
1378 2409 1472 2460 καὶ
1498 2405 1673 2473 αὐτῆς
1711 2404 1869 2456 ἀναι-

300 2502 514 2568 ρετικόν
538 2501 653 2552 ἐστι
676 2501 773 2570 τῆς
800 2500 1102 2569 μελλούσης
1124 2498 1380 2568 κρίσεως,
1405 2496 1480 2561 ὡς
1499 2500 1528 2551 ὁ
1548 2495 1868 2564 διαληφθεὶς

298 2590 403 2659 ἔφη
432 2591 576 2653 θεῖος
603 2591 745 2661 ἀνήρ
765 2606 778 2622 ·
805 2591 992 2660 κρίσις
1039 2590 1148 2659 γὰρ
1179 2589 1614 2657 ἐπεγνωσμένων
1650 2583 1868 2655 προσώ-

298 2697 416 2733 πων
444 2681 602 2734 εἴωθε
632 2680 898 2749 γίνεσθαι,
922 2681 1064 2734 καθά
1110 2680 1202 2733 καὶ
1225 2680 1537 2749 γέγραπται
1556 2694 1572 2710 ο
1606 2694 1627 2729 t
1676 2675 1864 2743 Ἐλέγ-

299 2773 376 2839 ξω
411 2789 494 2838 σε,
545 2774 640 2828 καὶ
686 2774 1022 2844 παραστήσω
1070 2772 1211 2826 κατὰ
1274 2771 1568 2840 πρόσωπόν
1623 2786 1718 2822 σου
1766 2769 1867 2830 τὰς

301 2868 574 2936 ἁμαρτίας
603 2884 720 2931 σου,
745 2867 886 2919 ὥστε
916 2868 965 2923 εί
993 2866 1055 2918 οὐ
1074 2864 1417 2934 γνωρίσομεν
1443 2862 1726 2931 ἀλλήλους,
1748 2861 1870 2914 οὐδὲ

299 2960 719 3031 κριθησόμεθαβ’
739 2961 814 3030 μὴ
841 2961 1152 3030 κρινόμενοι
1178 2959 1235 3012 δὲ
1252 2960 1312 3010 οὐ
1329 2953 1616 3026 ληψόμεθα
1641 2953 1707 3006 τά
1732 2969 1869 3007 κατ-

300 3048 432 3119 ἀξια
481 3053 589 3105 τῶν
649 3053 1000 3121 βεϐιωμένων
1035 3053 1188 3122 ἡμῖν.
1238 3049 1363 3112 Πῶς
1397 3049 1454 3102 δὲ
1488 3049 1582 3102 καὶ
1630 3048 1680 3101 οἱ
1733 3046 1870 3099 ἀπό-

302 3146 480 3199 στολοι
508 3146 601 3199 ἐπὶ
629 3145 841 3199 δώδεκα
868 3143 1074 3213 θρόνων
1100 3142 1385 3195 καθίσουσι
1408 3141 1505 3203 τὰς
1531 3140 1742 3193 δώδεκα
1766 3154 1870 3207 φυ-

1964 676 2184 750 Scytha,
2242 692 2350 732 non
2390 676 2701 732 Barbarus?
2751 690 2858 732 non
2907 692 3115 748 parvus
3153 688 3210 733 et
3264 693 3533 748 magnus;

1962 785 2074 825 non
2111 784 2228 824 mas
2254 779 2309 822 et
2343 768 2545 823 femina
2571 784 2585 832 ;
2614 783 2725 823 non
2756 769 2913 839 niger
2943 779 2997 823 et
3023 767 3234 835 lla‘vus;
3268 782 3378 823 non
3413 783 3534 824 seri

1961 877 2062 916 vus
2095 869 2150 915 et
2179 860 2352 915 liber?
2379 860 2475 915 sed
2518 874 2714 914 omnes
2743 860 3065 929 angelorum
3091 860 3303 913 similes
3326 860 3533 914 erunt?

1963 949 2290 1021 Huiusmodi
2327 950 2553 1005 omnino
2582 949 2923 1019 impossibile
2974 958 3032 1004 ut
3073 960 3412 1020 cognoscant
3448 948 3537 1003 vel

1964 1050 2389 1112 cognoscantur.
2407 1041 2472 1095 Et
2490 1042 2565 1095 ita
2584 1041 2803 1110 quidem
2828 1040 2903 1095 illi
2925 1050 2980 1095 et
2996 1041 3239 1096 sentiunt
3255 1052 3308 1095 et
3323 1041 3533 1097 dicunt.

1958 1132 2072 1186 Nos
2105 1143 2286 1188 autem
2316 1142 2505 1188 contra
2533 1142 2743 1187 stantes
2762 1133 2843 1188 eis
2870 1134 2944 1186 ita
2966 1134 3200 1189 dicimus
3234 1152 3249 1188 :
3273 1132 3536 1188 [iturianis

1964 1224 2473 1280 ratiocinationibus
2500 1224 2726 1288 addicti,
2768 1226 3015 1294 adeoque
3058 1239 3169 1278 non
3218 1224 3536 1294 cognituros

1965 1329 2026 1369 se
2051 1314 2282 1368 invicem
2318 1314 2395 1369 ibi
2432 1320 2844 1383 pertendentes,
2875 1317 3113 1386 primum
3138 1317 3309 1385 ipsam
3340 1329 3537 1385 repro-

1962 1405 2093 1461 bant
2118 1420 2409 1475 corporum
2432 1422 2462 1459 a
2488 1407 2719 1460 mortuis
2756 1408 3241 1462 resurrectionem.
3278 1407 3341 1461 Et
3368 1407 3537 1461 mira.

1962 1498 2093 1553 bilis
2114 1513 2203 1554 res
2240 1499 2356 1553 haec
2386 1505 2539 1551 tanta
2570 1513 2679 1552 non
2713 1509 2818 1564 est,
2853 1509 2914 1553 ut
2942 1500 3075 1569 ipsis
3123 1501 3361 1556 videtur.
3399 1500 3541 1554 Cor»

1964 1606 2069 1660 pus
2096 1590 2243 1645 enim
2265 1591 2411 1660 quod
2440 1589 2696 1654 diﬂluxit.
2728 1604 2932 1659 corpus
2958 1591 3101 1658 quod
3130 1590 3275 1646 forte
3302 1607 3331 1644 a
3362 1592 3538 1646 bestia

1964 1685 2282 1738 devoratum
2314 1691 2420 1748 est,
2454 1682 2541 1737 vel
2567 1682 2715 1753 pisce
2735 1682 2819 1737 vel
2861 1682 3069 1737 volucri
3094 1722 3109 1748 ,
3144 1682 3543 1750 quomodoite-

1964 1790 2084 1831 rum
2100 1776 2157 1829 in
2176 1790 2345 1829 unum
2356 1774 2458 1844 ipsi
2475 1775 2707 1829 collectu
2719 1789 2765 1826 m
2787 1773 2951 1828 fuerit
2966 1783 3020 1829 et
3034 1777 3312 1844 resurget?
3326 1773 3389 1827 Et
3408 1788 3545 1841 quo-

1965 1868 2129 1921 modo
2145 1866 2218 1920 ita
2237 1865 2562 1921 dissolutum
2579 1866 2631 1920 in
2646 1865 2881 1936 priorem
2905 1865 3270 1919 conditionem
3286 1864 3542 1919 redierit?

1968 1957 2073 2014 Sed
2092 1973 2283 2028 apage,
2304 1958 2350 2012 si
2373 1957 2475 2019 vis,
2495 1957 2803 2026 huiusmodi
2827 1956 3043 2011 curiose
3066 1964 3402 2023 scrutantes;
3424 1956 3543 2010 aui-

1967 2049 2137 2102 males
2164 2048 2308 2102 enim
2337 2063 2459 2104 cum
2489 2048 2591 2118 ipsi
2622 2048 2752 2113 sint,
2775 2049 2929 2118 iuxta
2952 2048 3269 2117 Apostolum
3289 2048 3539 2114 Paulum,

1968 2139 2236 2209 siquidem
2267 2155 2521 2209 magnum
2554 2140 2737 2197 dicere
2769 2148 3002 2210 oportet,
3035 2155 3145 2194 non
3167 2141 3394 2209 capiunt
3422 2140 3536 2209 spi—

1969 2231 2170 2287 ritalia.
2204 2230 2385 2301 Apage
2427 2230 2583 2300 ipsos
2626 2230 2895 2297 siquidem
2935 2230 3008 2285 ita
3041 2232 3308 2288 sentiunt.
3342 2228 3542 2285 i‘Dico

1969 2323 2240 2392 profecto,
2290 2338 2401 2376 non
2452 2336 2784 2393 cognoscere
2833 2322 2906 2377 ibi
2953 2337 3013 2376 se
3060 2321 3320 2385 invicem,
3374 2320 3540 2376 etiam

1969 2415 2148 2484 ipsum
2180 2415 2426 2470 futurum
2463 2415 2727 2485 iudicium
2761 2424 3032 2477 evertere,
3065 2423 3129 2468 ut
3159 2413 3418 2468 laudatus
3455 2413 3542 2467 vir

1968 2505 2189 2560 divinus
2222 2504 2318 2560 ait.
2346 2504 2618 2560 Iudicium
2641 2504 2787 2559 enim
2810 2504 3151 2574 cognitarum
3182 2516 3545 2572 personarum

1969 2596 2255 2653 consuevit
2297 2610 2440 2661 esse,
2494 2595 2954 2665 quemadmodum
2994 2604 3051 2649 et
3094 2595 3363 2663 scriptum
3413 2602 3542 2648 est:

1978 2706 1998 2740 ι
2032 2692 2266 2757 Argnam
2294 2697 2371 2753 te,
2399 2698 2453 2741 et
2481 2686 2671 2742 sistam
2707 2694 2895 2740 contra
2918 2683 3114 2739 faciem
3141 2694 3288 2739 tuam
3318 2692 3547 2754 peccata

1973 2793 2082 2834 tua.
2119 2798 2140 2831 ι
2175 2778 2251 2833 lta
2284 2788 2343 2833 ut
2372 2777 2479 2833 nisi
2511 2792 2907 2848 cognoscemus
2937 2790 3041 2830 nos
3066 2775 3299 2829 invicem
3324 2814 3338 2840 ,
3364 2788 3548 2842 neque

1964 2871 2293 2941 iudicemur.
2313 2870 2437 2925 Non
2475 2870 2702 2939 iudicati
2745 2884 2897 2933 vero,
2917 2883 3022 2921 non
3041 2867 3370 2935 accipiemus
3382 2866 3545 2936 digna

1969 2963 2033 3017 iis
2053 2978 2172 3031 quae
2194 2977 2227 3016 a
2244 2960 2479 3017 nobisin
2497 2961 2604 3014 vita
2627 2960 2768 3015 facta
2790 2960 3013 3015 fuerint.
3037 2959 3321 3025 Quomodo
3341 2972 3473 3013 vero
3490 2967 3552 3013 et

1968 3055 2197 3125 apostoli
2211 3069 2374 3125 super
2394 3054 2683 3108 duodecim
2707 3053 2928 3108 sedibus
2950 3051 3240 3113 sedebunt,
3261 3050 3548 3105 duodecim

1970 3147 2148 3203 tribus
2161 3146 2326 3201 Israel
2341 3146 2665 3213 iudicantes.
2706 3145 2751 3200 si
2776 3160 2885 3199 non
2911 3151 3237 3213 cognoscent
3252 3140 3548 3211 quosiudi—

300 3238 398 3300 λάς
430 3238 712 3309 κρίνοντες
761 3235 859 3289 τοῦ
922 3235 1163 3307 Ἰσραὴλ,
1207 3234 1367 3304 εἴπερ
1400 3234 1461 3287 οὐ
1503 3232 1865 3300 γνωρίσουσιν

1973 3248 2098 3293 cant
2113 3239 2136 3292 ‘i
2151 3238 2432 3305 Quomodo
2449 3252 2575 3292 vero
2596 3245 2652 3291 et
2664 3237 2854 3291 beatus
2877 3234 2981 3291 Job
2997 3234 3241 3304 duplices
3259 3234 3394 3287 filios
3411 3233 3550 3287 reci-

305 3329 397 3394 οὓς
437 3331 720 3400 κρίνουσις
759 3331 884 3392 Πῶς
915 3329 971 3382 δὲ
1006 3329 1102 3382 καὶ
1134 3328 1163 3380 ό
1210 3326 1480 3398 μακάριος
1518 3324 1641 3380 ἰὼϐ
1675 3324 1869 3389 διπλατ

305 3424 452 3486 σίους
486 3423 631 3486 ,τοὺς
682 3424 877 3483 παῖδας
931 3421 1298 3493 ἀπολήψεται,
1331 3422 1488 3490 είπερ
1516 3419 1576 3472 οὐ
1610 3417 1869 3487 γνωρίσει

300 3514 497 3575 αὐτοὺς
527 3516 585 3566 ὲν
616 3516 682 3582 τῇ
718 3513 967 3584 βασιλείᾳ
1008 3514 1118 3567 τῶν
1162 3511 1405 3580 οὐρανῶν
1432 3528 1447 3576 ;
1500 3509 1720 3581 Ἐπειδὴ
1744 3507 1871 3571 τοὺς

303 3603 405 3674 μὲν
438 3604 670 3657 ἐνταῦθα
718 3605 991 3673 ἀπείληφε
1019 3619 1034 3634 ο
1066 3605 1193 3666 τοὺς
1232 3605 1290 3656 δὲ
1327 3603 1639 3673 ὲπήγγελτο
1686 3603 1744 3655 ὲν
1793 3599 1871 3668 τῷ

304 3695 557 3764 μέλλοντι
591 3696 750 3747 αἰῶνι
783 3695 1078 3764 λήψεσθαι.
1101 3697 1215 3748 Οὐκ
1241 3695 1354 3756 οὖν,
1381 3695 1623 3762 ἀδελφοὶ,
1648 3691 1871 3747 πιστεύ-

301 3780 469 3849 οντες
488 3786 876 3856 πιστεύσομεν,
909 3788 992 3838 ὃτι
1021 3786 1123 3849 καὶ,
1156 3787 1582 3855 ἀναστησόμεθα
1612 3787 1710 3839 καὶ
1732 3803 1873 3853 γνω-

303 3878 531 3949 ριοῦμεν
566 3879 711 3947 ήμᾶς
762 3878 848 3945 ἐφ’
891 3871 972 3940 οἷς
1008 3878 1210 3944 ἐσμεν⁸
1244 3876 1360 3929 ἀλλ’
1397 3878 1455 3929 ἓν
1487 3878 1601 3940 τοῖς
1624 3884 1633 3901 ³
1657 3877 1758 3944 τῆς
1807 3876 1872 3929 ἀ-

302 3970 580 4040 φθαρσίας
612 3969 858 4032 κάλλεσι,
892 3969 1035 4022 καθὰ
1060 3968 1121 4037 δὴ
1147 3968 1247 4020 καὶ
1276 3968 1624 4038 προείρηται.
1651 3968 1713 4020 Οἱ
1741 3982 1872 4035 προ-

300 4062 542 4130 πάτορες
598 4061 756 4131 ἡμῶν
807 4063 866 4113 ὲν
917 4061 997 4129 τῷ
1068 4059 1388 4129 παραδείσῳ
1445 4061 1539 4111 καὶ
1609 4058 1715 4127 πρὸ
1771 4057 1872 4125 τῆς

302 4152 667 4224 παραϐάσεως
708 4152 819 4221 γὰρ
851 4150 1119 4221 ἀλλήλους
1150 4150 1452 4220 ὲγνώρὲζον
1483 4149 1754 4219 ἄφθαρτοι
1787 4149 1874 4201 ὅν-

301 4260 412 4311 τες,
444 4243 543 4299 καὶ
601 4243 739 4313 μετὰ
782 4244 881 4313 τήν
936 4244 1250 4311 παράϐασιν
1298 4244 1476 4313 φθορᾷ
1522 4242 1872 4311 ὑποκείμενοι

304 4334 567 4397 ὡσαύτως
600 4335 899 4403 ἐγνώριζον
920 4351 936 4366 ο
970 4335 1097 4387 ὅθεν
1146 4334 1464 4388 πιστευτέον
1496 4335 1577 4386 ὃτι
1612 4332 1874 4402 γνωρίσει

305 4427 534 4496 ἀδελφὸς
568 4427 818 4495 ἀδελφὺν,
862 4427 962 4481 καὶ
1007 4427 1192 4497 πατὴρ
1243 4426 1461 4490 τέκνον,
1487 4427 1583 4480 καὶ
1609 4425 1748 4494 γυνὴ
1779 4424 1873 4476 τὸν

309 4518 589 4582 σύνευνον,
613 4518 708 4570 καὶ
736 4519 885 4584 φίλος
919 4517 1011 4569 τὸν
1040 4516 1195 4586 φίλον
1218 4531 1233 4547 ο
1266 4516 1565 4586 προσθείην
1597 4515 1643 4569 δ’
1683 4514 1874 4570 ἀν’καὶ

1971 3330 2103 3400 piet,
2119 3330 2160 3383 si
2177 3344 2284 3383 non
2299 3337 2587 3399 cognoscet
2605 3326 2768 3385 eosin
2789 3340 2954 3395 regno
2971 3324 3233 3380 caelorum
3247 3323 3269 3376 ?
3281 3321 3549 3388 Quoniam

1969 3421 2105 3476 alios
2135 3421 2352 3489 quidem
2371 3420 2455 3474 hic
2477 3418 2684 3487 recepit
2704 3417 2874 3483 ,alios
2900 3431 3031 3472 vero
3055 3415 3107 3469 in
3141 3415 3327 3470 futuro
3345 3415 3547 3471 saeculo

1969 3528 2028 3568 se
2076 3522 2425 3582 recepturum
2461 3509 2880 3578 promiss'onem
2928 3507 3159 3577 accepit.
3202 3506 3323 3561 Non
3357 3506 3544 3577 igitur,

1971 3605 2189 3671 fratres,
2213 3604 2500 3659 credentes
2534 3601 2823 3658 credemus
2839 3606 2894 3653 et
2910 3614 3012 3654 nos
3045 3603 3551 3661 resurrecturus,et

1969 3709 2070 3748 nos
2093 3693 2408 3762 cognituros
2424 3691 2477 3745 in
2500 3692 2585 3745 bis
2602 3690 2657 3743 in
2678 3690 2876 3759 quibus
2894 3702 3079 3743 sumus
3097 3708 3111 3752 ;
3130 3687 3223 3741 sed
3247 3687 3304 3740 in
3325 3686 3550 3740 immor-

1972 3787 2199 3841 talitatis
2233 3783 2752 3855 pulcliritudinibus,
2789 3779 3249 3850 quemadmodum
3293 3785 3350 3833 et
3407 3792 3549 3846 pra:-

1968 3879 2172 3933 dictum
2194 3886 2297 3931 est.
2321 3875 2491 3930 Primi
2508 3875 2651 3929 enim
2688 3872 2863 3928 nostri
2905 3878 3161 3940 parentes
3201 3869 3254 3923 in
3296 3868 3551 3937 paradiso

1971 3984 2025 4026 et
2069 3980 2195 4026 ante
2239 3967 2723 4040 transgressionem
2767 3980 2824 4019 se
2849 3963 3080 4020 invicem
3128 3948 3548 4032 cognoscebant,

1973 4077 2098 4117 cum
2154 4060 2516 4130 corruptionis
2569 4068 2823 4128 expertes
2868 4064 3083 4119 essent;
3112 4062 3170 4109 et
3217 4062 3342 4122 post
3373 4062 3552 4108 trans-

1973 4155 2305 4224 gressionem
2324 4149 2662 4220 corruptiOni
2692 4147 2921 4217 subiecti
2950 4145 3152 4216 pariter
3177 4160 3238 4199 se
3269 4157 3557 4213 cognosce-

1973 4248 2121 4302 bant.
2146 4244 2301 4299 Unde
2322 4242 2648 4299 credendum
2672 4241 2895 4295 fratrem
2924 4254 2953 4292 a
2982 4238 3146 4292 fratre
3166 4237 3443 4304 cognitum
3462 4234 3552 4295 iri.

1973 4348 2030 4393 et
2056 4353 2085 4391 a
2118 4347 2271 4407 patre
2303 4335 2562 4398 lilium,et
2586 4331 2834 4387 maritum
2870 4330 2937 4385 ab
2962 4343 3149 4393 uxore,
3181 4335 3237 4379 et
3273 4326 3340 4379 ab
3377 4325 3554 4378 amico

1976 4430 2242 4484 amicum.
2281 4425 2598 4480 Addiderim
2630 4437 2782 4482 vero,
2831 4430 2886 4476 et
2929 4428 3145 4474 ascetes
3186 4424 3427 4471 ascetem
3465 4427 3556 4467 ro-

1975 4528 2223 4591 gnoscet,
2256 4526 2310 4573 et
2350 4516 2636 4572 confessor
2672 4511 3072 4575 confessorem,
3105 4517 3161 4562 et
3200 4516 3405 4575 martyr
3429 4519 3568 4573 eum,

307 4607 553 4675 ἀσκητὴς
591 4607 682 4659 τὸν
706 4608 975 4677 ἀσκητην,
1026 4609 1122 4660 καὶ
1173 4606 1518 4677 όμολογητὴς
1560 4604 1652 4659 τὸν
1681 4604 1869 4674 69.010-

1980 4588 2072 4681 ιιιιί
2103 4626 2207 4664 una
2253 4608 2569 4672 certaverit,
2624 4614 2679 4659 et
2730 4599 3038 4673 apostolum
3082 4596 3452 4668 coapostolns,
3501 4604 3558 4648 et

302 4702 479 4770 γητήν
503 4715 519 4730 ο
535 4700 755 4770 μάρτυρ
786 4701 878 4752 τὸν
913 4698 1196 4762 σύναθλον,
1223 4699 1317 4755 καὶ
1339 4698 1633 4752 ἀπόστολον
1663 4700 1692 4750 ὁ
1716 4714 1869 4752 συνα-

1979 4703 2226 4757 universi
2257 4701 2563 4762 universos,
2591 4707 2647 4751 ut
2673 4696 2917 4750 omnium
2946 4690 3215 4747 habitatio
3252 4690 3303 4743 in
3319 4689 3431 4742 Deo
3461 4687 3554 4750 sit,

308 4791 588 4855 πόστολος,
642 4791 740 4843 καὶ
776 4791 999 4852 ,πάντες
1023 4791 1146 4851 τοὺς
1184 4791 1414 4851 πάντας,
1445 4789 1534 4842 ἵνα
1578 4790 1611 4856 ἡ
1661 4789 1869 4842 πάντων

1976 4796 2068 4866 qui
2102 4810 2226 4850 cum
2251 4792 2506 4847 omnibus
2529 4789 2687 4843 bonis
2704 4787 2868 4841 etiam
2891 4800 2950 4839 se
2971 4782 3204 4838 invicem
3228 4794 3558 4851 cognoscere

306 4883 558 4936 κατοικία
583 4884 639 4935 ὲν
663 4880 755 4952 ,τῷ
786 4880 907 4951 Θεῷ
956 4881 1036 4952 τῷ
1089 4881 1230 4949 μετὰ
1263 4881 1482 4933 πάντων
1513 4880 1623 4933 τῶν
1653 4865 1869 4947 ἀγαθῶν

1977 4865 2223 4957 largitur.
2246 4884 2350 4938 Sed
2375 4892 2429 4937 et
2448 4882 2743 4949 disponens
2767 4892 2834 4932 eo
2847 4885 3110 4943 tempore,
3125 4887 3233 4943 quo
3247 4871 3560 4941 peregrina-

304 4974 637 5045 δωρουμένῳ
681 4975 777 5027 καὶ
821 4973 884 5026 τὸ
926 4972 1217 5042 γνωρίζειν
1272 4973 1534 5041 ἀλλήλους
1564 4987 1578 5002 ο
1616 4972 1752 5025 ἀλλὰ
1801 4989 1869 5025 κα

1970 4979 2131 5034 batur
2147 4977 2365 5032 divinus
2397 4975 2488 5028 hic
2509 4974 2612 5034 vir,
2631 4982 2685 5024 et
2702 4971 2816 5027 haec
2833 4969 2900 5023 ad
2938 4968 3160 5022 verbum
3185 4964 3436 5020 dicebat:
3460 4983 3477 5015 ι
3498 4963 3556 5019 Si

305 5056 624 5133 διαθέμενος
660 5062 783 5116 καθ’
828 5062 887 5116 ὃν
934 5062 1190 5131 ἐξεδήμει
1235 5063 1428 5132 καιρὸν
1471 5065 1501 5115 ὁ
1531 5063 1673 5125 θεῖος
1715 5057 1869 5124 οὗτος

1976 5070 2208 5126 salutem
2236 5075 2562 5133 consecutus
2580 5063 2758 5127 fuero,
2782 5077 2892 5115 non
2934 5060 3163 5115 cessabo
3192 5074 3351 5113 orare
3381 5057 3560 5114 Domi-

303 5159 442 5229 ἀνὴρ
477 5157 572 5212 καὶ
605 5157 732 5210 τάδε
770 5154 923 5221 κατά
944 5154 1089 5218 λέξιν
1122 5154 1308 5220 ἔλεγεν
1333 5170 1348 5183 ο
1403 5172 1423 5206 t
1469 5153 1599 5207 Ἐὰν
1629 5153 1869 5222 ἐπιτύχω

1977 5176 2107 5216 num
2124 5159 2382 5215 audacter
2403 5171 2500 5227 pro
2516 5154 2768 5209 omnibus
2790 5152 2961 5216 vobis,
2980 5161 3303 5220 exspectans
3321 5149 3561 5220 singulos

305 5249 689 5320 σωτηρίαςλού
736 5248 953 5316 σιγήσω
975 5246 1187 5299 δέεσθαι
1211 5243 1305 5299 τοῦ
1353 5247 1554 5314 Κυρίου
1582 5246 1869 5316 τολμηρῶς

1980 5262 2202 5322 propter
2222 5248 2627 5305 secessionema
2658 5244 2861 5297 mundo
2882 5250 3149 5310 Spectarc,
3173 5251 3228 5296 et
3258 5241 3559 5309 suscipere,

243 5361 247 5363 λ
304 5343 447 5413 ὑπὲρ
478 5344 697 5396 πάντων
727 5339 902 5408 ὑμῶν,
930 5337 1361 5408 προσδεχόμενος
1396 5336 1492 5390 ἕνα
1523 5336 1644 5389 καθ’
1669 5336 1765 5388 ἕνα
1785 5336 1869 5389 διά

1977 5353 2032 5399 et
2059 5341 2376 5411 amplexari.
2399 5337 2587 5393 Talem
2623 5337 2773 5391 enim
2802 5335 3050 5405 fiduciam
3077 5334 3428 5403 habeo,quod
3445 5331 3563 5401 eius

302 5437 399 5505 τῆς
423 5433 637 5491 ἀπὸτοῦ
652 5433 857 5502 κόσμου
883 5431 1285 5501 ἀναχωρήσεως
1311 5429 1555 5498 θεωρεῖν,
1581 5431 1676 5483 καλ⁸
1702 5448 1869 5500 προσ-

1978 5435 2195 5492 bonitas
2216 5430 2404 5487 eodem
2426 5439 2673 5499 tempore
2695 5439 2755 5482 ut
2775 5426 2861 5480 hic
2884 5425 3123 5482 servabit
3139 5434 3369 5480 cunctos
3392 5437 3489 5475 nos
3507 5421 3559 5472 in

300 5527 624 5597 λαμϐάνειν,
656 5525 750 5580 καὶ
798 5523 1324 5592 προσασπεὶξεσθαι·
1379 5522 1704 5591 πεποίθησιν
1762 5525 1870 5595 γὰρ

1977 5527 2159 5582 futuro
2184 5523 2407 5588 smculo,
2435 5522 2525 5591 qui
2550 5522 2672 5590 cius
2702 5530 2968 5589 pra-cepta
3005 5515 3427 5573 servaverimus.
3465 5530 3485 5562 ι

304 5617 565 5687 τοιαύτην
597 5618 726 5688 ἔχω.
757 5617 839 5671 ὅτι
874 5618 919 5684 ἡ,
943 5615 1218 5684 ἀγαθότης
1266 5612 1432 5667 αὑτοῦ
1481 5614 1576 5667 ἐπὶ
1626 5614 1688 5667 τὸ
1744 5615 1878 5667 αὐτὸ
1911 5616 1986 5681 ὡς
2020 5613 2257 5670 ἐνταῦθα
2286 5611 2612 5681 διατηρήσει
2661 5611 2866 5672 πάντας
2907 5608 3053 5678 ἡμᾶς
3083 5607 3142 5659 ἐν
3181 5602 3260 5674 τῷ
3304 5601 3561 5691 μέλλοντι

304 5712 466 5766 αἰῶνι
499 5712 596 5774 τὰς
632 5712 849 5774 ἐντολὰς
882 5710 1046 5763 αὐτοῦ
1077 5709 1478 5778 τετηρηκότας.
1529 5727 1555 5759 ι

378 5804 506 5856 Ὅτι
533 5804 591 5855 δὲ
652 5804 699 5855 οἱ
724 5805 924 5866 πάντες
964 5802 1089 5867 τοὺς
1120 5783 1326 5864 πάντας
1369 5798 1735 5871 γνωριοῦμεν,
1780 5801 1876 5854 καὶ

305 5896 586 5952 ούδίκαιοι
615 5878 853 5960 δικαίους
884 5896 1065 5966 μείνω,
1101 5896 1250 5951 κλθά
1290 5912 1435 5959 τινες
1492 5895 1727 5960 οἴονται,
1777 5898 1872 5950 καὶ

2055 5799 2209 5866 Quod
2263 5812 2391 5852 vero
2439 5796 2624 5851 cuncti
2665 5802 2892 5851 cunctos
2919 5801 3315 5861 cognoscemus
3357 5793 3413 5841 et
3443 5799 3559 5839 non

1975 5894 2103 5962 iusti
2147 5894 2322 5961 iustos
2369 5899 2604 5957 tantum,
2643 5897 2702 5943 ut
2735 5884 2954 5957 quidam
2991 5886 3205 5954 putant,
3249 5890 3303 5935 et
3346 5878 3402 5934 iu
3455 5892 3562 5932 sua
