4048 6420
218 336 228 344 ’
269 376 396 442 793‘

1613 377 1978 440 EPISTOLA
2019 377 2192 443 VIII.

3420 379 3525 442 79i

275 491 544 562 συγγενὴς
567 493 801 558 ἐκείνου,
832 495 950 550 ἀλλ’
983 494 1059 560 ὡς
1104 497 1204 566 τὴν
1230 495 1400 566 αὐτὴν
1435 494 1648 556 πάντως
1675 493 1836 558 δεξα-

1948 493 2181 549 versatio
2207 507 2303 562 per
2333 491 2517 547 omnia
2541 491 2772 556 similis;
2803 500 2858 546 et
2886 499 2936 546 te
2958 505 3083 546 cum
3120 490 3351 545 honesto
3380 489 3526 545 Tlte-

275 585 412 656 μένη
435 585 734 642 πολιτείαν.
774 590 834 642 Εἰ
862 591 972 660 γὰρ
1019 590 1107 644 τον
1139 588 1390 659 Λάζαρον
1435 588 1654 655 ἀγνῶτα
1711 588 1839 640 ὄντα

273 675 350 747 τῷ
378 676 632 747 Ἀϐραὰμ
658 681 738 742 εἰς
763 683 889 746 τοὺς
919 682 1118 746 αὐτοὺς
1172 682 1405 744 κόλπους
1439 680 1623 750 αὐτῷο
1637 680 1837 749 ἤγαγε,

273 769 368 823 καὶ
404 769 633 833 πολλοὺς
658 772 753 824 ἀπ’
780 773 1182 826 ἁνατολῶνκκαί
1215 773 1436 842 δυσμῶν
1481 770 1839 841 ἀνακλιθῆναι

276 861 402 930 μετ’
426 863 596 915 αὐτοῦ
619 867 1027 934 παρασκευάζει
1057 866 1121 919 τὸ
1143 867 1241 936 τῆς
1266 863 1544 926 πολιτείας
1593 864 1843 932 ἀπαράλ-

272 949 493 1016 λακτον,
534 954 628 1006 καί
687 971 746 1007 σε
809 958 945 1024 μετὰ
1006 957 1100 1009 τοῦ
1134 956 1299 1010 καλοῦ
1361 955 1638 1024 Θηρασίου
1692 955 1843 1021 ὁτῆς

272 1042 621 1107 ἀναστάσεως
657 1045 933 1110 ἐκδέξεται
960 1047 1148 1110 τόπος,
1183 1047 1248 1100 ἂν
1272 1046 1464 1112 ἐκείνῳ
1495 1045 1572 1113 τῷ
1599 1044 1702 1114 βίῳ
1749 1043 1842 1095 og-

274 1132 504 1203 λῃςτὺν
548 1135 713 1188 αὐτὸν
767 1137 1164 1200 ἔπιδείξασθαυ
1214 1137 1358 1190 οὕτω
1404 1137 1499 1189 καὶ
1523 1135 1622 1204 τὴν
1675 1133 1844 1202 αὐτὴν

274 1224 470 1293 ἐκείνῳ
496 1227 842 1293 κατοικήσεις
877 1227 1103 1298 σκηνὴν,
1141 1228 1237 1281 καὶ
1285 1226 1625 1297 συναφθῆναι
1679 1225 1844 1279 πάλιν

273 1319 424 1388 αύτῷ
449 1320 670 1390 δυνήσει
725 1323 804 1383 εἰς
838 1325 962 1386 τοὺς
1012 1326 1314 1387 ἀθανάτους
1359 1325 1604 1386 ἐκείνους
1643 1323 1848 1385 αἰῶνας

273 1408 336 1459 οὗ
369 1408 575 1480 ταύτην
609 1413 707 1480 τὴν
752 1412 849 1465 τοῦ
902 1414 1082 1483 γάμου
1136 1415 1456 1484 συνάφειαν,
1513 1412 1627 1467 ἀλλ’
1653 1413 1848 1482 ἑτέραν

275 1500 456 1570 πολλῷ
483 1502 751 1570 βελτίονα.
789 1505 937 1577 Αὕτη
965 1507 1066 1574 μὲν
1097 1507 1203 1578 γὰρ
1227 1507 1495 1576 σωμάτων
1545 1505 1664 1557 ἐστὶ
1713 1521 1852 1573 συμ-

273 1591 454 1661 πλοκὴ
493 1594 675 1662 μόνον·
733 1597 855 1650 τότε
883 1597 940 1649 δὲ
963 1598 1139 1667 ψυχῆς
1190 1601 1308 1650 ἐστι
1339 1598 1474 1665 πρὸς
1509 1596 1688 1666 ψυχὴν
1719 1595 1846 1648 ἕνω-

275 1698 362 1745 σις
386 1685 754 1754 ἀκριϐεστέρα
821 1692 915 1741 καὶ
945 1691 1110 1759 ἡδῖων
1155 1688 1336 1758 πολλῷ
1401 1690 1496 1741 καὶ
1548 1687 1794 1758 βελτίων.
1829 1703 1845 1736 ι

1948 585 2096 640 rasio
2126 584 2556 638 resurrectionis
2603 585 2758 639 locus
2795 583 3054 652 excipiet,
3099 583 3143 637 si
3185 583 3277 636 illa
3306 584 3414 636 vita
3447 583 3529 652 ip-

1947 692 2070 732 sum
2099 676 2365 731 exhibere
2403 661 2664 732 volueris.
2715 677 2793 732 lta
2831 687 2887 731 et
2915 677 3060 731 idem
3109 691 3232 731 cum
3274 675 3394 743 ipso
3440 683 3528 728 ta-

1948 765 2306 822 bernaculum
2360 767 2655 832 habitabis,
2701 777 2757 822 et
2811 768 2976 822 simul
3014 767 3274 837 conjungi
3325 766 3528 820 iterum

1948 861 2156 929 poteris
2187 874 2287 927 per
2340 860 2668 915 immertalia
2718 861 2809 915 illa
2859 863 3078 924 saecula,
3116 877 3224 915 non
3267 861 3369 914 hac
3421 875 3525 913 nu-

1949 947 2188 1017 ptiarqu
2220 949 2436 1016 copula,
2469 951 2566 1005 sed
2595 951 2698 1005 alia
2750 951 2928 1006 multo
2952 951 3186 1006 meliori.
3220 949 3348 1005 Haec
3376 950 3525 1004 enim

1951 1054 2244 1109 corporum
2269 1051 2487 1100 tantum
2519 1052 2604 1096 est
2631 1045 2981 1113 complexus;
3012 1053 3143 1098 tunc
3171 1057 3298 1096 vero
3331 1045 3528 1098 anima:

1951 1133 2061 1188 erit
2095 1148 2220 1188 eum
2257 1134 2441 1187 anima
2470 1135 2792 1204 conjunctio
2818 1136 3086 1200 exactior,
3117 1145 3173 1190 et
3201 1135 3372 1188 multo
3401 1149 3530 1188 sua-

1952 1227 2073 1280 vior
2125 1240 2188 1280 ac
2248 1226 2608 1294 praestantior.
2654 1246 2673 1279 ι
2733 1228 2792 1282 Si
2848 1243 2981 1282 vero
3030 1228 3145 1282 hac
3193 1227 3268 1281 ita
3303 1227 3528 1288 habent,

1947 1318 2120 1373 satius
2177 1328 2260 1372 est
2311 1327 2370 1372 ut
2421 1328 2702 1374 taceamus
2739 1329 2795 1374 et
2825 1312 3118 1391 diligamus
3171 1334 3290 1387 quae
3325 1317 3529 1386 scripta

1947 1410 2190 1472 fuerunt,
2226 1419 2282 1464 et
2314 1426 2424 1464 non
2462 1411 2739 1465 contraria
2763 1413 3064 1466 sentiamus
3091 1409 3380 1479 prephetis
3408 1408 3532 1477 Spi-

1947 1501 2119 1566 ritus;
2150 1515 2222 1556 ne
2260 1501 2402 1556 forte
2429 1511 2484 1556 et
2511 1512 2701 1558 contra
2743 1518 2844 1558 nos
2870 1503 3140 1558 inferatur
3178 1500 3531 1571 propheticus

1950 1607 2132 1648 sermo
2157 1593 2251 1662 qui
2275 1593 2410 1647 dicit
2435 1609 2452 1650 :
2485 1612 2502 1645 ι
2535 1593 2623 1649 ναι
2648 1594 2715 1648 iis
2734 1594 2826 1663 qui
2852 1595 2960 1650 sibi
2991 1593 3129 1664 ipsis
3150 1601 3279 1648 sunt
3307 1591 3528 1659 sapien-

1955 1694 2058 1751 les,
2087 1690 2142 1735 et
2169 1698 2354 1738 coram
2388 1699 2450 1738 se
2480 1685 2664 1754 periti.
2707 1703 2726 1736 ›

273 1771 338 1824 Εἰ
359 1772 415 1824 δὲ
438 1773 610 1826 ταῦτα
639 1775 814 1841 οὕτως
845 1777 983 1847 ἔχει,
1013 1782 1233 1849 σιωπᾷν
1275 1781 1422 1850 ἡμᾶς
1447 1778 1672 1848 ἄμεινον
1729 1775 1979 1844 στέργειν
2030 1789 2090 1826 τε
2158 1773 2228 1826 τὰ
2291 1775 2680 1845 γεγραμμένα,
2731 1776 2827 1829 καί
2873 1775 2948 1846 μὴ
2997 1775 3259 1830 τάναντία
3314 1775 3532 1845 φρονεῖν

275 1870 388 1930 τοίς
410 1869 718 1941 ύποφήταις
743 1871 834 1924 τοῦ
894 1875 1232 1942 Πνεύματος·
1287 1875 1374 1928 ίνα
1439 1874 1514 1944 μὴ
1567 1875 1662 1926 καὶ
1725 1871 1849 1925 καθ’
1885 1867 2044 1938 ἡμῶν
2073 1871 2102 1923 6
2133 1869 2475 1940 προφητικὸς
2501 1869 2812 1941 ἐξενεχθείη
2855 1871 3013 1938 λόγος
3051 1873 3079 1925 6
3117 1872 3317 1939 λέγων’
3360 1868 3525 1923 ιούαὶ

275 1966 324 2019 οἰ
355 1969 488 2036 παρ’
525 1969 739 2033 ἑαυτοῖς
771 1972 945 2038 σοφοὶ,
971 1972 1067 2024 καὶ
1090 1971 1325 2026 ἐνώπιον
1375 1971 1558 2024 αὐτῶν
1619 1969 2009 2038 ἐπιστήμονες.
2044 1981 2064 2016 ι

809 2085 1152 2139 ΕΠΙΣΤΟΑΗ
1184 2069 1290 2140 'n'.

283 2183 719 2261 Τῷμτιμιωτὰτῳ
740 2191 984 2260 μοναχῷ
1010 2194 1171 2260 κυρῷ
1220 2193 1458 2260 Ἡσαΐᾳ.
1489 2220 1556 2232 -—
1577 2193 1717 2261 Περί
1740 2193 1846 2246 τοῦ

346 2259 468 2332 εἴτε
491 2259 852 2326 προκόπτειν
874 2259 929 2316 σι
957 2259 1172 2317 δίκαιοι
1225 2259 1520 2332 μέλλουσι
1585 2259 1735 2316 κατὰ
1779 2279 1848 2330 γε

346 2325 600 2394 γνῶσιν,
635 2332 732 2384 καί
774 2333 986 2398 δόξαν,
1012 2334 1132 2387 εἴτε
1152 2325 1346 2403 καὶμὴ
1379 2336 1528 2403 μετὰ
1557 2333 1671 2402 τῂν
1702 2325 1847 2385 ἐκεῖ·

346 2412 423 2450 σε
451 2397 978 2453 ἀποκατάστασιν.

346 2412 423 2450 σε
451 2412 978 2458 αποκαταστασιν.

349 2510 578 2581 Πρῶτον
606 2513 707 2582 μὲν
739 2511 832 2568 οὖν
883 2518 976 2570 ἐπὶ
1035 2518 1248 2581 τούτοις
1303 2517 1601 2586 ἀναγκαῖον
1648 2519 1844 2582 εἰπεῖν,

277 2597 547 2654 θεοείκελε
583 2603 733 2674 ἄνερ,
765 2607 925 2659 ὁποία
959 2607 1042 2668 τίς
1072 2610 1225 2660 ἐστιν
1297 2610 1330 2678 ἡ
1364 2611 1544 2661 ἐκεῖσε
1601 2611 1714 2672 τοῖς
1763 2609 1846 2662 δι-

277 2688 461 2752 καίοις
493 2691 975 2764 ἀποταμιευομένη
1006 2698 1365 2759 κατάστασις-ο
1422 2699 1515 2750 καὶ
1546 2697 1692 2760 ὅπως
1751 2699 1850 2752 αύ-

275 2780 386 2833 τῶν
412 2781 640 2846 ἕκαστος
672 2789 768 2840 καὶ
787 2787 909 2839 τίνα
940 2787 1144 2857 τρόπον
1201 2789 1344 2858 μετὰ
1385 2789 1601 2842 ἐνθένδε
1661 2790 1846 2861 βιοτὴν

276 2879 676 2934 ἀναπαύσεται·
701 2882 843 2936 οὕτω
873 2885 980 2955 γὰρ
1017 2884 1082 2937 ἂν
1103 2886 1244 2955 καὶὴ
1271 2887 1397 2956 περί
1428 2886 1523 2939 τοῦ
1547 2887 1844 2955 κεφαλαίου

276 2970 432 3024 τοῦδε
506 2971 803 3045 συζήτησις
861 2976 1310 3047 ἐκφαντικωτέρα
1370 2981 1666 3049 γενήσεται
1731 2987 1847 3044 τοῖς

279 3065 664 3134 προσέχουσιν.
725 3068 784 3120 Εἰ
852 3070 960 3136 γὰρ
1009 3069 1103 3121 καὶ
1163 3071 1412 3141 Σωτῆρος
1449 3073 1611 3142 ἡμῶν
1666 3071 1846 3143 Ἰησοῦ

277 3154 515 3222 Χριστοῦ
547 3157 606 3209 ὲν
633 3157 989 3225 Εὐαγγελίοις
1036 3161 1378 3231 ἀκούσαιμεν
1435 3163 1708 3230 λέγοντος,
1761 3165 1846 3218 ὅτι

284 3260 304 3293 ι
337 3243 428 3298 Ἐν
460 3248 528 3315 τῇ
557 3247 704 3316 οἰκίᾳ
729 3248 822 3300 τοῦ
843 3249 1052 3317 Πατρός
1082 3268 1183 3320 μου
1212 3252 1406 3305 πολλαί
1457 3255 1614 3320 μοναί
1645 3256 1839 3319 slew,»

280 3334 394 3388 ἀλλ’
419 3338 478 3390 οὐ
503 3339 767 3408 διαφορὰν
789 3341 1105 3410 οἰκημάτων
1126 3342 1280 3396 ἔνθεν
1307 3347 1570 3399 κακεῖθεν
1606 3349 1844 3418 ἐγηγερ-

2483 2077 2822 2134 EPISTOLA
2867 2080 3001 2135 Vill.

1956 2186 2249 2240 Admodum
2320 2187 2613 2242 venerando
2672 2187 2924 2256 monac/to
2984 2187 3174 2241 domno
3237 2187 3529 2241 Esaia--

2029 2256 2214 2328 Utrum
2242 2259 2371 2324 justi
2402 2259 2658 2326 proﬁcere
2699 2258 2918 2310 debeant
2957 2260 3174 2311 scientia
3239 2269 3288 2311 et
3333 2259 3526 2328 gloria,

2025 2327 2106 2379 vel
2135 2342 2258 2392 non,
2287 2337 2402 2396 post
2430 2344 2567 2394 eam,
2597 2343 2716 2397 quae
2758 2328 2830 2381 ibi
2861 2330 2984 2394 erit,
3022 2327 3427 2382 restitutionem.

2024 2505 2268 2561 Primum
2321 2506 2545 2574 quidem
2595 2506 2758 2577 igitur
2805 2507 2873 2562 de
2928 2508 3016 2563 his
3063 2508 3248 2564 dicere
3300 2522 3532 2563 necesse

1953 2605 2058 2661 est,
2085 2595 2272 2653 divine
2295 2599 2400 2662 vir,
2435 2600 2612 2668 qualis
2649 2600 2908 2654 videlicet
2955 2602 3200 2655 conditio
3251 2611 3359 2667 est,
3408 2617 3532 2670 quae

1953 2691 2031 2747 ibi
2063 2691 2226 2760 iustis
2258 2702 2575 2747 reservatur
2597 2742 2611 2767 ,
2653 2701 2710 2746 ει
2761 2693 3041 2760 quomodo
3087 2694 3332 2763 ipsorum
3363 2695 3528 2764 quili-

1953 2783 2046 2837 bet
2080 2791 2204 2852 post
2260 2785 2400 2836 hanc
2442 2783 2610 2837 vitam
2667 2785 2998 2853 requiescet.
3051 2783 3128 2837 lta
3175 2787 3320 2838 enim
3367 2796 3420 2839 et
3465 2788 3530 2841 de

1953 2878 2133 2944 capite
2167 2875 2271 2930 hoc
2325 2876 2558 2944 qurestio
2607 2877 3017 2932 attendentibus
3055 2879 3360 2932 evidentior
3415 2880 3526 2934 ﬁet.

1955 2965 2011 3022 Si
2063 2967 2211 3020 enim
2262 2977 2318 3021 ct
2346 2966 2696 3022 Servatorem
2732 2979 2977 3024 nostrum
3015 2969 3205 3024 Jesum
3249 2971 3526 3027 Christum

1955 3057 2009 3110 in
2040 3058 2351 3129 Evangeliis
2380 3060 2654 3114 dicentem
2702 3060 3010 3123 audiamus,
3054 3063 3110 3116 in
3158 3065 3321 3116 domo
3355 3065 3528 3117 Patris

1953 3148 2037 3202 sui
2093 3150 2289 3204 multas
2316 3165 2436 3205 esse
2492 3152 2845 3212 mansiones,
2891 3168 3002 3207 non
3055 3155 3245 3222 utique
3300 3157 3527 3209 domici-

1953 3235 2150 3291 liorum
2201 3239 2568 3295 ditl‘erentiam
2609 3241 2712 3297 hac
2763 3252 2819 3297 et
2854 3243 2977 3298 illac
3033 3246 3418 3313 excitaturum,
3471 3259 3527 3302 et

1953 3341 1984 3381 a
2047 3328 2212 3397 justis
2269 3333 2584 3388 haereditate
2629 3335 3032 3403 adeundorum,
3073 3339 3169 3391 sed
3223 3337 3575 3394 charisma“

279 3428 460 3496 μένων
495 3431 725 3496 καὶτοῖς
775 3433 1002 3497 δικαίοις
1062 3437 1628 3508 ἀποκεκληρωμὲνωνζ
1689 3458 1844 3511 χαρι-

1955 3427 2068 3473 tum
2125 3424 2490 3491 proprietates
2545 3427 2897 3497 evangelicus
2951 3436 3007 3482 et
3059 3429 3280 3484 divinus
3344 3446 3525 3486 sermo

276 3521 502 3589 σμάτων
539 3523 596 3576 δὲ
631 3523 898 3594 ἰδιότητας
929 3529 957 3579 6
981 3528 1339 3596 εὐαγγελικὺς
1381 3533 1475 3583 καὶ
1517 3531 1658 3596 θεῖος
1687 3532 1844 3599 λόγος

270 3609 525 3664 ἐντεῦθεν
565 3613 938 3684 ὑπεμνήσατο.
983 3619 1118 3687 Περὶ
1153 3623 1266 3683 τοῖς
1325 3624 1634 3692 χαρίσμασι
1657 3610 1843 3677 λοιπὸν

265 3702 334 3752 τδ
388 3701 668 3772 διάφορον·
737 3708 790 3776 η’
841 3709 949 3777 γὰρ
1036 3710 1173 3780 μονὴ
1255 3714 1351 3781 μία
1433 3715 1529 3767 καὶ
1582 3715 1644 3767 οὐ
1716 3715 1844 3768 πολ-

269 3791 382 3844 λαί.
429 3793 525 3854 Τίς
584 3793 640 3846 δὲ
691 3796 724 3865 ή
783 3800 919 3866 μονὴ
981 3799 1166 3869 ἐκείνη
1214 3803 1310 3855 καὶ
1370 3804 1536 3856 πόοεν
1589 3808 1703 3868 τοῖς
1763 3808 1844 3860 δι-

269 3883 447 3946 καίοις
475 3885 884 3955 ἀπονενέμηται
913 3888 981 3941 τὰ
1003 3890 1341 3960 χαρίσματα,
1371 3894 1535 3957 αὐτὸς
1579 3897 1608 3948 ὀ
1639 3898 1844 3968 Κύριος

265 3975 430 4046 ήμῶν
467 3976 676 4046 Ἰησοῦς
704 3979 939 4045 Χριστὸς
969 3983 1081 4042 τοῖς
1113 3983 1249 4036 πᾶσι
1289 3985 1463 4038 πάντα
1510 3987 1630 4040 τότε
1687 3989 1842 4041 καθί-

272 4083 488 4123 σταται.
520 4069 692 4130 Αὐτός
717 4072 867 4124 ἐστιν
906 4073 938 4142 ἡ
975 4075 1132 4142 μονὴ,
1165 4075 1260 4126 καὶ
1290 4077 1322 4147 ἡ
1356 4076 1719 4148 ἀνεκλάλητος
1736 4081 1844 4135 τῶν

267 4157 497 4212 δικαίων
546 4161 692 4230 χαρά
721 4176 734 4191 ·
760 4157 921 4224 αὐτὸς
965 4164 997 4234 ή
1029 4164 1348 4232 ἀπόλαυσις,
1378 4165 1591 4237 αύτὸςή
1623 4169 1844 4222 πάντων

269 4253 591 4316 ἀνάστασις.
621 4256 732 4308 Καὶ
763 4254 922 4310 τοῦτο
959 4257 1120 4325 δῆλον
1153 4251 1309 4322 si.th
1337 4261 1365 4312 6
1399 4259 1662 4328 Θεολόγος
1703 4263 1875 4340 Γρηο.

269 4344 455 4415 γὸριος
472 4345 649 4410 οὕτως
677 4347 909 4418 εὕρηται
937 4347 1132 4418 λέγων’
1187 4369 1206 4401 ι
1247 4351 1443 4404 Οὐκέτι
1495 4353 1680 4406 λοιπὸν
1715 4355 1843 4408 ἀθε-

265 4441 424 4508 τήσω
447 4439 514 4493 τὰ
538 4441 942 4514 ὁμολογηθέντα
973 4460 1065 4512 μοι
1091 4444 1152 4496 ἐν
1197 4443 1275 4513 τῷ
1335 4445 1701 4516 βαπτίσματι,
1753 4449 1841 4502 ἵνα

272 4532 349 4602 μὴ
381 4535 480 4604 τῆς
502 4534 710 4586 ἐκεῖθεν
742 4535 966 4588 ὲκπέσω
1013 4538 1442 4608 μακαριότητος.
1491 4538 1555 4592 Ἦ
1583 4540 1641 4593 δέ
1692 4541 1842 4594 ἐστιν

267 4622 303 4693 ἠ
361 4623 460 4691 τῆς
511 4625 741 4694 Τριάδος
800 4626 1159 4695 ἑκτυπωτέρα
1217 4628 1543 4699 κατάληψις.
1591 4647 1611 4680 ι
1681 4631 1835 4702 Πρὸς

1948 3511 2076 3566 inde
2124 3507 2597 3570 Commemoravit.
2658 3519 2926 3574 Cmterum
2982 3521 3376 3578 charismatum
3433 3526 3522 3578 di-

1947 3606 2184 3660 scrimeu
2225 3616 2330 3672 est,
2385 3623 2488 3661 una
2519 3609 2664 3663 enim
2705 3612 2945 3678 mansio,
2986 3629 3094 3667 non
3142 3615 3344 3669 multm.
3391 3615 3524 3681 Quae

1945 3711 2080 3751 vero
2120 3699 2334 3754 mansio
2361 3700 2476 3764 illa,
2507 3711 2563 3754 et
2590 3701 2734 3756 unde
2759 3705 2924 3772 justis
2969 3705 3299 3760 charismata
3335 3706 3522 3760 distri-

1945 3788 2204 3852 buantur,
2239 3789 2354 3858 ipse
2401 3792 2666 3847 Dominus
2697 3804 2884 3849 noster
2913 3793 3072 3850 Jesus
3105 3797 3358 3853 Christus
3381 3815 3518 3853 cun-

1945 3880 2050 3935 ctis
2077 3881 2261 3936 omnia
2295 3892 2424 3938 tunc
2455 3886 2788 3942 constitutus
2835 3897 2936 3942 est.
2988 3888 3108 3958 Ipse
3157 3901 3240 3946 est
3286 3893 3518 3959 mansio,

1945 3985 1999 4026 et
2027 3973 2303 4030 ineﬂ‘abile
2339 3976 2610 4046 justorum
2642 3979 2940 4048 gaudium;
2992 3981 3109 4052 ipse
3157 3982 3370 4050 fruitio,
3401 3985 3522 4054 ipse

1947 4066 2197 4120 omnium
2234 4071 2588 4124 resurrectio.
2620 4070 2688 4124 Et
2715 4071 2766 4125 id
2801 4072 3154 4128 manifestum
3183 4089 3250 4129 ex
3285 4074 3352 4130 iis
3400 4093 3522 4146 quae

1945 4156 2255 4230 Tlteologus
2304 4161 2603 4232 Gregorius
2649 4164 2721 4226 ita
2761 4163 2946 4220 dicere
2989 4170 3260 4236 reperitur
3295 4188 3310 4222 :
3354 4189 3372 4223 ι
3404 4173 3520 4225 Cae-

1947 4255 2123 4303 terum
2159 4265 2232 4305 ne
2274 4253 2506 4320 amplius
2551 4264 2926 4322 contemnam,
2967 4274 3089 4327 quae
3143 4260 3195 4313 in
3246 4261 3519 4332 baptismo

1945 4341 2234 4398 confessus
2263 4359 2407 4408 sum,
2446 4361 2516 4401 ne
2566 4345 2654 4400 illa
2689 4347 3030 4404 beatitudine
3071 4352 3345 4408 excidam.
3391 4355 3518 4408 llaec

1945 4445 2128 4489 autem
2165 4445 2250 4491 est
2309 4435 2591 4492 Trinitatis
2637 4440 2958 4509 expressior
3013 4443 3455 4512 comprehensio.
3491 4462 3510 4497 t

1943 4525 2174 4597 insuper
2227 4536 2282 4583 et
2351 4529 2731 4584 sanctissimus
2785 4531 3055 4596 Barlaatn,
3094 4534 3224 4601 quid
3296 4535 3366 4588 sit
3427 4550 3516 4589 re-

1943 4634 2114 4690 gnum
2165 4622 2432 4676 caelorum
2471 4622 2856 4692 interrogatus,
2905 4623 3067 4677 talem
3114 4621 3390 4694 Joasaplto
3442 4625 3516 4678 illi

267 4713 475 4778 τούτοις
504 4713 562 4768 δὲ
596 4715 692 4769 καὶ
719 4718 746 4769 6
796 4717 1094 4780 ὁσιώτατος
1156 4717 1444 4789 Βαρλαὰμ,
1491 4721 1578 4782 τίς
1621 4723 1772 4774 ἐστιν
1805 4723 1838 4793 ἡ

1948 4713 2364 4782 responsionem
2396 4711 2545 4768 dedit
2571 4731 2586 4767 :
2626 4733 2645 4765 ι
2674 4714 2744 4770 Ut
2773 4731 2836 4769 ex
2863 4716 3148 4786 Scriptura
3181 4717 3300 4786 ipse
3329 4718 3517 4783 didici,

269 4769 518 4876 βασιλεία
550 4807 660 4859 τῶν
713 4808 963 4878 οὗρανῶν
999 4769 1320 4880 ἑρωτηθελς,
1379 4769 1640 4884 τόιαύτην
1703 4769 1842 4886 πρὸς

1948 4804 2392 4873 contemplationi
2435 4817 2641 4860 sancta:
2687 4804 2976 4862 Trinitatis
3023 4810 3330 4876 proximum
3377 4810 3515 4878 ﬁeri,

267 4900 360 4951 τὸν
424 4899 666 4969 Ἰωάσαφ
740 4903 954 4956 ἐκεῖνον
1014 4906 1314 4974 ἐποιήσατο
1367 4908 1469 4975 τῆν
1525 4909 1842 4978 ἀπόκρισιν,

1948 4904 2000 4948 et
2037 4895 2274 4950 revelata
2315 4896 2452 4949 facie
2503 4895 2736 4967 gloriam
2790 4899 2912 4967 ejus
2959 4897 3181 4952 intueri.
3217 4917 3236 4950 ι
3276 4899 3415 4955 llinc
3455 4911 3520 4956 et

276 5005 294 5039 ι
339 4990 430 5052 Ὧς
456 4993 521 5042 ἐκ
550 4990 589 5042 Γ
596 4989 775 5060 ραφῆς
806 4991 1105 5063 μεμάθηκα
1147 4993 1325 5062 ἔγωγε
1377 4997 1437 5048 τὸ
1478 4996 1710 5065 πλησίον
1753 5013 1844 5065 γε-

1948 4989 2014 5042 ab
2062 4988 2391 5058 intelligibili
2436 4989 2659 5058 quidem
2713 4989 2816 5068 soli
2856 4989 3279 5045 illustrabuntur
3325 5008 3519 5049 omnes

268 5081 456 5135 νέσθαι
489 5085 588 5152 τῆς
619 5081 853 5152 θεωρίας
883 5083 987 5153 τῆς
1015 5084 1180 5152 ἁγίας
1201 5086 1451 5157 Τριὰδσς·
1504 5095 1598 5141 καὶ
1652 5091 1844 5142 ἀνακε-

1948 5079 2100 5149 justi,
2132 5087 2189 5132 et
2222 5079 2421 5132 divinae
2473 5077 2619 5132 illius
2654 5079 2793 5132 lucis
2841 5081 3134 5150 pattieipes
3189 5081 3338 5144 ﬁent.
3394 5085 3521 5140 licet

241 5207 244 5211 -
269 5173 610 5244 καλυμμένῳ
640 5173 719 5244 τῷ
751 5175 1031 5246 προσώπῳ
1059 5176 1159 5246 τὴν
1195 5177 1354 5245 δόξαν
1383 5179 1560 5249 αὐτῆς
1589 5180 1844 5252 ἔνοπτρί-

1948 5189 2058 5227 non
2088 5187 2156 5226 ex
2191 5187 2348 5238 aequo
2381 5187 2595 5237 omnes,
2628 5173 2723 5226 sed
2755 5173 2910 5240 juxta
2937 5187 3090 5227 suam
3129 5177 3332 5244 pariter
3359 5193 3518 5232 mun-

267 5265 482 5330 ξασθαι.
518 5266 714 5322 Ἔνθεν
732 5283 817 5320 τοι
870 5269 966 5322 καὶ
1025 5269 1103 5339 τῷ
1138 5271 1316 5342 νοητῷ
1355 5272 1454 5341 μὲν
1490 5271 1626 5342 ἡλίῳ
1679 5275 1840 5328 ἐπεν-

1948 5265 2143 5320 ditiam
2174 5263 2421 5332 quilibet.
2459 5262 2631 5318 Sicuti
2672 5263 2817 5317 enim
2857 5264 3078 5319 sensilis
3122 5267 3212 5321 hic
3248 5267 3328 5321 sol
3365 5283 3518 5322 eom-
3573 5300 3584 5308 ο

265 5356 622 5425 τρανίσουσιν
679 5343 918 5421 ἅπαντες
949 5359 1168 5425 δίκαιοι,
1210 5363 1417 5416 καὶτοῦ
1446 5362 1590 5416 θείου
1623 5363 1834 5417 ἐκείνου

1948 5361 2127 5414 munis
2186 5357 2251 5412 ad
2306 5358 2682 5427 spectaculum
2736 5357 2996 5413 omnibus
3053 5361 3412 5431 proponitur,
3463 5368 3519 5414 et

267 5449 445 5516 φωτὸς
468 5455 791 5520 γενήσονται
815 5455 1135 5524 ’μέτοχοι,εί
1171 5457 1264 5508 καί
1297 5455 1372 5526 μὴ
1427 5458 1627 5524 ἐπίσης
1662 5458 1840 5510 ᾶπαν-

267 5558 356 5604 τες
391 5556 405 5571 ·
436 5542 574 5598 ἀλλὰ
608 5545 750 5598 κατὰ
777 5545 876 5618 τὴν
903 5547 1100 5600 ἑαυτοῦ
1121 5548 1269 5616 ὅμως
1310 5547 1666 5618 καθαρότητα
1713 5549 1841 5601 ’ἐκα-

1948 5545 2036 5599 sed
2077 5545 2292 5612 Epariter
2340 5543 2492 5612 juxta
2545 5544 2832 5598 oculorum
2883 5546 3300 5615 dispositionem
3344 5544 3514 5613 quili-

269 5650 411 5699 στος.
452 5637 721 5708 Καθάπερ
755 5640 864 5709 γὰρ
891 5642 917 5692 ό
942 5639 1199 5710 αἰσθητὸς
1241 5635 1401 5703 οὗτος
1451 5641 1604 5710 ἥλιος
1663 5641 1840 5704 κοινὸς

1948 5640 2031 5693 bet
2060 5646 2114 5694 ct
2169 5636 2294 5691 inde
2330 5636 2596 5706 fulgorem
2632 5638 2852 5710 recipit;
2907 5640 2980 5694 ita
3032 5648 3088 5693 et
3121 5639 3190 5695 de
3220 5639 3312 5693 illo
3362 5638 3516 5691 inac-

267 5727 348 5789 εἰς
379 5728 508 5781 θέαν
533 5729 707 5782 ἅπασι
735 5736 1040 5801 πρόκειται,
1074 5734 1174 5788 καὶ
1208 5732 1354 5786 οὕτω
1377 5732 1476 5803 μὲν
1499 5734 1745 5797 ἔλασσον,
1766 5734 1842 5804 τῷ

1948 5746 2096 5788 cesso
2148 5730 2464 5799 Splendore,
2514 5739 2569 5784 ct
2615 5730 2712 5794 eis,
2759 5732 2853 5801 qui
2890 5732 3012 5800 ipsi]
3047 5731 3338 5795 inhaerent,
3387 5739 3518 5784 tunc

269 5817 326 5870 δὲ
356 5818 713 5889 σφοδρότερον
733 5823 832 5885 τὰς
870 5822 1097 5888 ἀκτῖνας
1128 5824 1290 5879 αὐτοῦ
1355 5825 1676 5895 ἐπαφίησιν
1724 5825 1842 5878 ἀλλ’

1948 5825 2057 5878 l'ore
2088 5824 2268 5879 crede.
2311 5823 2473 5879 Juxta
2523 5825 2670 5880 enim
2711 5825 2932 5881 beatum
2970 5823 3198 5880 Paulum
3252 5824 3517 5880 transfor-

1935 5452 2068 5506 huic
2097 5451 2306 5512 minus,
2352 5450 2429 5504 illi
2466 5450 2863 5507 vehementius
2896 5453 3080 5508 radios
3118 5468 3249 5508 suos
3275 5453 3514 5516 emittit,
3613 5507 3620 5516 θ
