4048 6424
286 368 391 432 79?

1644 340 2016 432 Eptsfom
2056 368 2227 429 VIII.

3458 375 3565 442 798

285 503 387 557 νην
446 482 823 555 καῖ’πρώτην
879 484 1244 547 κατάστασιν,
1300 483 1376 542 ὡς
1434 483 1717 552 ὁλύσσης
1771 484 1875 553 ἔφη

1982 483 2132 552 ipsos
2172 482 2395 551 angelos
2426 474 2658 542 scientia
2688 490 2745 535 et
2782 480 2956 551 gloria
2994 480 3285 550 proficere,
3325 492 3384 539 ut
3431 502 3573 554 prm-

288 579 432 640 θεῖος
461 577 787 648 Γρηγόριος,
819 575 1301 646 εὔδηλονπάντως
1337 578 1433 629 καὶ
1486 577 1689 639 αὐτοὺς
1744 575 1874 640 τοὺς

287 667 558 738 ἀγγέλους
581 668 723 723 κατά
785 685 851 737 γε
902 668 1107 735 γνῶσιν
1141 668 1236 722 καὶ
1294 667 1457 733 δόξαν
1514 667 1874 738 προκόπτειν,

286 759 365 835 ᾡς
393 761 423 812 6
450 758 608 826 λόγος
643 758 858 827 φθάσας
904 757 1196 828 ἐγνώρισε·
1226 756 1323 811 καὶ
1370 759 1566 810 τούτου
1589 757 1754 827 χάριν
1795 756 1874 825 μὴ

289 850 568 919 θαύμαζε.
596 851 656 903 Εἰ
679 850 790 919 γὰρ
821 851 918 904 καὶ
945 847 1227 921 μυστήρια
1246 866 1369 904 τινα
1400 849 1522 902 τότε
1552 848 1876 919 μεμαθηκὲ-

289 961 379 996 ναι
404 943 712 1012 μέλλουσιν,
738 943 883 1012 ἅπερ
910 943 1166 998 ἐντεῦθεν
1195 943 1282 996 διὰ
1324 945 1386 997 τὸ
1413 943 1744 1013 άδιάληπτον
1774 942 1877 995 αὐ-

285 1035 399 1090 τῶν
420 1035 831 1090 καταλαϐέσθαι
857 1037 957 1090 οὐκ
980 1035 1236 1107 ἴσχυσαν,
1269 1036 1345 1099 ὡς
1373 1038 1404 1088 6
1447 1035 1711 1103 Θεολόγος
1767 1034 1874 1105 ἐφη

289 1129 614 1199 Γρηγόριος,
650 1127 770 1192 πῶς
803 1128 926 1199 οὐχὶ
962 1130 1059 1183 καὶ
1105 1128 1309 1197 γνῶσιν
1339 1126 1434 1181 ἐπὶ
1480 1125 1683 1194 γνώσει
1735 1126 1874 1195 φαίη

290 1239 375 1284 τις
444 1221 510 1274 ἂν
564 1223 676 1286 τοῖς
745 1221 1009 1285 τοιούτοις
1072 1218 1501 1292 προστίθεσθαι;
1577 1218 1876 1274 κάντεῦθεν

293 1314 630 1383 προκόπτειν
662 1312 860 1375 αὐτοὺς
888 1313 984 1365 καὶ
1013 1314 1128 1374 τοῖς
1187 1311 1507 1381 ἔμπροσθεν
1561 1311 1876 1365 ἐπεκτείνε-

293 1406 421 1459 σθαι
449 1404 538 1458 διὰ
593 1404 696 1474 τῆς
741 1404 852 1458 τῶν
908 1388 1172 1458 τοιούτων
1223 1405 1550 1474 μαθήσεωςς
1580 1405 1633 1457 εἰ
1665 1420 1730 1472 γε
1779 1403 1876 1457 καὶ

296 1493 502 1565 μᾶλλον
552 1496 583 1550 6
656 1493 927 1568 ἡμέτερος
987 1498 1112 1560 νοῦς
1173 1496 1511 1566 προκόπτειν
1555 1496 1715 1549 εἴωθε
1765 1497 1875 1567 τρῖς

297 1588 644 1659 μαθήμασιν,
685 1588 762 1648 ὡς
820 1590 849 1640 6
913 1589 1089 1657 μέγας
1126 1587 1265 1657 φησὶ
1308 1584 1627 1650 Βασιλείας.
1691 1585 1870 1638 Τοῦτο

192 1679 210 1696 ⁸
296 1680 484 1748 μέντοι
531 1677 595 1731 τὸ
628 1678 807 1746 δόγμα
837 1680 932 1733 καὶ
979 1681 1008 1732 6
1041 1679 1346 1750 πάμμεγας
1418 1678 1630 1741 Παῦλος
1681 1678 1877 1745 ἐνέφη-

293 1787 383 1823 νεν
404 1768 581 1834 οὕτως
618 1769 811 1824 εἰπών’
849 1789 868 1822 ι
912 1772 1009 1825 Ἐκ
1060 1772 1262 1842 μέρους
1323 1772 1450 1841 ἄρτι
1505 1768 1873 1840 γινώσκομεν,

1978 575 2182 630 cedens
2216 588 2402 629 sermo
2444 573 2838 629 rnauil'estavit.
2894 575 2961 629 Et
3006 574 3296 645 pr0pterc'a
3346 592 3416 632 ne
3471 580 3573 631 mi-

1983 684 2131 724 rere.
2166 667 2222 722 Si
2256 668 2403 723 enim
2435 677 2490 721 et
2527 668 2787 738 mysteria
2815 667 3063 735 quaedam
3104 676 3237 723 tunc
3263 678 3324 722 ut
3353 670 3571 726 discant

1979 758 2230 813 futurum
2280 768 2390 822 est,
2439 773 2562 827 quae
2592 758 2686 813 hic
2734 758 2806 813 ob
2835 773 3024 812 eorum
3063 760 3387 821 tenuitatem
3415 770 3570 816 coni-

1977 850 2330 920 prehendere
2380 865 2489 905 non
2528 858 2784 920 potuere,
2835 863 2896 906 ut
2926 851 3241 924 Theologus
3272 853 3571 923 Gregorius

1979 942 2080 1006 ait,
2110 942 2386 1011 quomodo
2443 958 2556 997 non
2605 954 2660 998 et
2716 943 3005 999 scientiam
3066 932 3234 1012 supra
3282 947 3571 1000 scientiam

1978 1036 2129 1092 dicat
2161 1036 2287 1105 quis
2341 1035 2543 1090 talibus
2574 1024 2691 1090 non
2741 1037 2889 1101 addi,
2924 1051 2989 1093 ac
3033 1038 3266 1107 proinde
3299 1042 3571 1108 prolicere

1979 1130 2153 1197 ipsos,
2204 1135 2261 1182 et
2308 1127 2396 1189 iis,
2449 1142 2582 1203 qua:
2605 1141 2768 1182 antea
2813 1130 3195 1198 possidebant,
3249 1131 3569 1201 adiungere.

1979 1235 2082 1291 per
2135 1216 2323 1275 rerum
2393 1204 2711 1291 hujusmodi
2769 1211 3223 1301 doctrinamiisi
3289 1232 3344 1279 et
3400 1225 3571 1296 magis

1978 1323 2167 1368 nostra
2190 1327 2349 1367 mens
2378 1314 2650 1382 proﬁcere
2681 1318 2973 1370 consuevit
3001 1316 3331 1385 disciplinis,
3369 1328 3422 1372 ut
3458 1334 3571 1372 n:a-

1978 1420 2120 1474 gnus
2154 1404 2396 1459 Basilius
2444 1406 2646 1473 inquit.
2688 1405 2804 1462 Hoc
2845 1420 2999 1463 certe
3045 1409 3306 1477 placitum
3347 1396 3417 1463 et
3455 1426 3568 1463 om-

1979 1499 2116 1552 nino
2171 1506 2401 1568 magnus
2450 1496 2657 1553 Paulus
2720 1501 2936 1569 aperuit
3003 1503 3077 1555 ita
3127 1502 3317 1557 dicens
3368 1518 3379 1554 :
3435 1519 3453 1552 ι
3493 1502 3568 1555 Ex

1980 1601 2136 1660 parte
2182 1590 2458 1660 siquidem
2509 1592 2917 1663 euguosrimus,
2952 1603 3006 1647 et
3031 1610 3094 1648 ex
3142 1605 3294 1665 parte
3328 1597 3566 1664 prophe-

1979 1693 2198 1749 tamus;
2250 1698 2375 1738 cuiu
2457 1693 2640 1739 autem
2699 1686 2964 1756 perfectio
3028 1688 3262 1753 venerit,
3321 1697 3453 1741 tunc
3502 1704 3569 1741 ex

1982 1784 2138 1846 parte
2169 1777 2564 1843 evacuabitur;
2599 1786 2731 1834 tunc
2772 1793 3175 1850 cognoscemus
3204 1782 3347 1837 sicut
3383 1781 3568 1848 utique

293 1861 389 1914 καὶ
415 1864 480 1915 ἐκ
511 1864 715 1932 μέρους
742 1863 1187 1934 προφητεύομεν·
1242 1863 1374 1917 ὅταν
1414 1862 1473 1914 δέ
1507 1860 1640 1931 ἔλθῃ
1677 1864 1739 1914 τδ
1789 1858 1878 1912 τέ-

1981 1879 2038 1926 et
2074 1870 2278 1941 cogniti
2308 1885 2519 1928 sumus.
2544 1890 2563 1925 ι

292 1955 459 2022 λειον,
484 1959 610 2010 τότε
634 1957 701 2010 ἐκ
735 1957 938 2027 μέρους
966 1957 1478 2028 καταργηθήσεται,
1500 1954 1624 2008 τότε
1645 1951 1882 2021 ἐπιγνώ-

295 2062 484 2115 σομεν,
514 2043 701 2106 καθὼς
732 2045 840 2116 ἄρα
873 2046 967 2098 καὶ
988 2045 1440 2116 ἐπεγνώσθημεν.
1479 2062 1501 2098 ι

366 2136 577 2189 Οὖκοῦν
604 2135 978 2206 ἀμφιϐάλλειν
1030 2138 1126 2190 ἐπὶ
1172 2137 1338 2191 πλέον
1391 2137 1493 2192 οὐκ
1538 2135 1781 2205 εὔλογον·
1828 2136 1881 2190 εἰ

296 2231 408 2298 γὰρ
456 2229 623 2283 αὐτὸν
676 2231 704 2284 ὁ
734 2229 999 2300 Θεολόγος
1055 2230 1148 2284 τὸν
1183 2229 1413 2301 Κύριον,
1456 2230 1620 2301 ήνίκα
1672 2229 1742 2283 τὰ
1771 2228 1881 2284 τῶν
1926 2295 1930 2299 φ

291 2321 624 2390 ἀπορρήτων
652 2319 875 2373 ἐκείνων
905 2322 1020 2385 τοῖς
1052 2320 1225 2388 ἀξίοις
1257 2323 1633 2391 παραγυμνοῖ,
1674 2307 1870 2392 ἓτρέφε-

304 2415 431 2468 σθαι
482 2413 632 2480 λέγει
692 2413 834 2468 κατὰ
888 2413 1054 2484 νόμον
1113 2413 1478 2485 ἀνθρώπινον·
1530 2414 1705 2485 τροφὴ
1768 2415 1880 2484 γάρ

296 2510 448 2585 ἐστιν
470 2507 505 2576 ἡ
525 2505 728 2572 δίδαξις
751 2507 850 2560 καὶ
882 2506 978 2560 τοῦ
1004 2506 1278 2575 λέγοντοςο
1325 2507 1381 2560 τί
1408 2506 1514 2578 χρὴ
1554 2504 1650 2561 καὶ
1697 2506 1879 2575 λέγειν

296 2598 568 2671 περὶτῶν
617 2599 1029 2670 διδασκομένων
1077 2599 1295 2667 αύτῶν;
1333 2600 1445 2653 Καὶ
1498 2599 1878 2669 τραφήσονται

295 2692 520 2753 πάντως
548 2692 662 2754 τοῖς
693 2691 918 2744 ἐκείνων
967 2689 1287 2761 διδάγμασι,
1353 2691 1452 2745 καὶ
1498 2691 1879 2760 πνευματικὴν

296 2784 540 2838 ἐπίδοσιν
565 2762 1050 2846 ὲπιδὼσουσινῗώς
1070 2784 1098 2835 6
1123 2781 1283 2850 λόγος
1304 2781 1522 2851 ’φθάσας
1540 2781 1875 2851 ἐγνώρισεν;

295 2875 441 2930 οὕτω
480 2875 580 2946 μὲν
603 2873 745 2928 οὕτω
766 2875 863 2928 καὶ
883 2877 1007 2938 ταῖς
1031 2875 1366 2947 ὑπερτάταις
1413 2873 1568 2927 ἔσται
1591 2871 1876 2942 δυνάμεσι.

298 2968 478 3022 Πολλὰ
521 2967 633 3039 γὰρ
664 2967 762 3021 καὶ
790 2966 962 3021 ταῦτα
995 2966 1456 3031 διαδιδάσκουσιν,
1481 2965 1557 3027 ὡς
1611 2962 1880 3019 ὁιθειότα-

292 3066 388 3126 τός
438 3079 575 3133 φησι
606 3061 902 3123 Διονύσιος.
935 3059 1048 3113 Καὶ
1068 3060 1173 3130 δρα
1195 3059 1302 3130 πρὸ
1332 3058 1443 3112 τῶν
1502 3057 1681 3112 ἄλλων
1735 3054 1877 3111 αὐτὰ

293 3159 364 3210 τὰ
394 3153 745 3223 ἐξαπτέρυγα
767 3146 1155 3251 captatam-6w-
1205 3154 1234 3205 6
1285 3152 1578 3251 προφήτης
1646 3149 1873 3251 Ἥσαίεας
1901 3193 1943 3251 c

299 3249 502 3316 θεωρὸς
533 3244 932 3316 ἐχρημάτισεν.
995 3241 1063 3296 Et
1095 3241 1172 3311 μὴ
1202 3245 1311 3310 γὰρ
1344 3242 1439 3294 ἐπὶ
1488 3239 1649 3311 δόξης
1704 3239 1875 3308 ἐπλη»

300 3338 459 3409 ροῦτο
487 3335 850 3405 θεοπρεποῦς,
909 3335 959 3388 εί
1011 3333 1088 3404 μὴ
1135 3333 1258 3386 καθ’
1284 3333 1435 3406 ὥραν
1497 3332 1878 3403 ἠστρὶιπτοντο

296 3432 694 3502 μαρμαρυγαῖς
719 3445 834 3483 τισι
866 3425 1146 3496 γνώσεως,
1211 3426 1313 3479 οὐκ
1362 3426 1430 3480 ἂν
1490 3423 1877 3494 ὑπερεκπλητ-

289 3527 495 3595 τόμενα
520 3523 640 3585 ταῖς
670 3519 882 3574 ἑαυτῶν
920 3519 1294 3573 ἐκαλύπτοντο
1339 3515 1629 3586 πτέρυξιν,
1683 3515 1785 3568 οὐκ
1810 3515 1876 3568 ἂν

290 3613 373 3680 εἷς
400 3615 538 3686 πρὸς
567 3616 658 3667 τὸν
688 3614 882 3683 ἕτερον
915 3612 1258 3676 ἀτενίζοντες
1283 3610 1487 3663 οὑτωσὶ
1523 3608 1620 3662 καὶ⁵
1665 3624 1876 3678 κεκρα-

289 3711 448 3776 γέναι
474 3703 895 3775 παρεϐιάζοντο,
929 3722 948 3755 ι
976 3705 1188 3772 Ἀγιος,
1217 3701 1395 3769 ἅγιος,
1426 3700 1580 3769 ἅγιος
1611 3700 1871 3770 Κύριος.»

289 3798 464 3853 Τοῦτο
488 3797 597 3865 γὰρ
626 3797 655 3849 6
676 3796 1096 3868 ,χρυσορῤήμων
1128 3793 1387 3863 Ἰωάννης
1431 3793 1601 3863 φησὶν
1624 3792 1877 3862 ἀνεκδιη-

286 3893 460 3960 γήτου
497 3888 727 3959 σημεῖον
759 3884 1094 3954 ἐκπλήξεως.

360 3982 426 4036 Et
469 3982 528 4035 δέ
565 3978 740 4033 ταῦτα
788 3977 964 4040 οὕτως
1018 3975 1157 4046 ἔχει,
1193 3975 1410 4039 πάντως
1467 3976 1770 4047 ἐπαπορεῖν
1814 3992 1875 4028 σε

286 4074 390 4129 οὐκ
415 4072 591 4139 ἄξιον,
616 4067 674 4122 εἴ
700 4085 759 4138 γε
782 4069 911 4131 τοὺς
944 4067 1138 4135 ἁγίους
1170 4066 1313 4120 κατά
1343 4081 1410 4134 γε
1443 4065 1649 4136 γνῶσιν
1668 4065 1764 4120 καὶ
1790 4065 1877 4118 66-

288 4167 387 4231 ξαν
414 4160 754 4234 προκόπτειν
786 4163 845 4223 ἐς
877 4157 1128 4229 διηνεκὲς
1165 4157 1216 4210 oi
1241 4157 1380 4211 θεῖοι
1408 4158 1654 4229 Πατὲρες
1683 4174 1867 4227 παρα⁸

214 4258 229 4266 ’
284 4257 611 4313 δεδώκασιν·
693 4254 788 4308 τὸν
842 4252 954 4322 γὰρ
1024 4251 1405 4322 ἁκατανόητον
1457 4251 1872 4321 ἐπιχειροῦντες

284 4347 409 4402 τότε
438 4344 772 4416 κατανοῆσαι
803 4343 854 4401 οἱ
884 4341 1084 4396 δίκαιοι
1140 4339 1261 4404 πῶς
1318 4341 1416 4410 τῆς
1466 4339 1728 4411 τοιαύτης
1782 4344 1874 4412 ὁρ-

290 4444 397 4514 μῆς
428 4439 867 4495 ἀποπαύσονταιο
921 4436 1016 4491 καὶ
1060 4434 1184 4488 τίνα
1236 4433 1445 4503 τρόπον
1512 4431 1868 4504 ἐπιθήσονται

284 4538 458 4610 πέρας
486 4533 566 4605 τῷ
586 4532 955 4604 ἐγχειρήματι
982 4529 1080 4583 τὸν
1121 4528 1510 4597 ἀκατάληπτον
1561 4525 1869 4597 τηνικαῦτα
1903 4533 1946 4589 ι)

282 4626 697 4684 καταλαϐέσθαι
722 4625 1085 4695 πειρώμενοι,
1117 4623 1235 4685 πῶς
1278 4621 1383 4691 τῆς
1409 4621 1655 4692 ἐφέσεως
1695 4620 1869 4689 αὐτῆς

283 4718 641 4790 ἐπιτύχωσιν,
677 4717 731 4770 εῐ
760 4731 896 4768 ποτε
931 4712 1325 4785 προϐαίνοντες
1355 4711 1452 4765 τοῦ
1486 4711 1692 4781 δρόμου
1717 4710 1871 4773 τέλος

283 4813 648 4879 είσδέξονταις
718 4805 1010 4875 -Ἒφίενται
1049 4805 1150 4875 μὲν
1201 4805 1312 4857 τῶν
1387 4802 1723 4872 ἔμπροσθει
1775 4801 1870 4853 καὶ

283 4906 404 4967 ταῖς
432 4901 635 4973 ὁρμαῖς
665 4898 948 4967 ἀναλόγως
980 4896 1316 4966 προκόπτειν
1369 4895 1691 4964 νομίζουσιν
1736 4894 1871 4946 ’ἐκα-

286 5010 430 5059 στος,
464 4993 579 5048 ἁλλῗ
612 4994 690 5056 εἰς
714 4989 847 5045 αὐτὸ
869 4990 931 5043 τδ
956 4989 1134 5057 πέρας
1163 4985 1463 5057 ἀφικέσθαι
1493 4990 1554 5039 ού
1585 4985 1868 5040 δύνανται.

282 5091 406 5154 Πῶς
433 5088 543 5158 γὰρ
564 5087 687 5141 ὅλου
714 5082 882 5140 αὐτοῦ
903 5080 1294 5155 περιλαϐέσθαι
1320 5079 1634 5151 ἰσχύσουσιν
1665 5080 1873 5151 ἀπρόσ-

280 5199 392 5236 ιτον
459 5181 591 5234 ὂντα
649 5176 988 5242 παντάπασι,
1049 5176 1145 5229 καὶ
1202 5173 1636 5244 ἀκατάληπτονς
1684 5173 1872 5244 Ταύτῃ

278 5288 360 5328 τοι
390 5272 486 5329 καὶ
503 5272 763 5326 διώκουσι
791 5268 914 5339 μὲν,
948 5266 1010 5320 οὐ
1039 5264 1530 5336 καταλαμϐάνουσι
1557 5265 1634 5330 δὲ,
1664 5263 1871 5334 γνῶσιν

276 5366 369 5420 ἀεὶ
402 5361 929 5436 προσλαμϐάνοντες
973 5355 1068 5413 ἐπὶ
1089 5356 1317 5426 γνώσει,
1339 5359 1437 5415 καὶ
1466 5359 1562 5412 ἐπὶ
1610 5358 1869 5428 προκοπῇ

280 5460 595 5531 προκοπήν
626 5456 744 5512 ἀλλ’
776 5453 1166 5526 ὑπερπλήρους
1201 5453 1358 5524 ὄντος
1405 5451 1501 5508 τοῦ
1567 5470 1870 5509 κατανοου.

281 5556 469 5628 μένου,
504 5545 620 5616 πῶς
664 5552 819 5606 ἔσται
861 5548 1072 5613 τούτοις
1102 5547 1285 5602 τελεία
1322 5545 1420 5600 τοῦ
1463 5548 1713 5603 τοιούτου
1772 5553 1871 5604 καί·
1898 5591 1913 5599 -

279 5645 543 5716 τάληψις;
582 5645 717 5697 Πότε
739 5642 796 5696 δὲ
822 5642 916 5697 καὶ
946 5641 1049 5711 τῆς
1078 5641 1170 5694 ἐπὶ
1199 5640 1267 5694 τὰ
1296 5640 1486 5710 πρόσω
1521 5642 1698 5711 φορᾶς
1747 5641 1871 5695 ἐπι-

278 5741 584 5804 λάθωνταις
648 5738 786 5790 Πότε
840 5736 1248 5809 προκόπτοντες
1327 5734 1662 5804 στήσονται;
1728 5734 1868 5790 Πότε

280 5834 381 5907 τῆς
460 5829 672 5887 ἐκεῖθεν
728 5828 885 5900 δόξης
942 5822 1864 5920 ἐμφορούμενοι.κορεσθήσονται;

2051 2138 2174 2195 Non
2212 2140 2378 2211 igitur
2408 2140 2737 2195 rationabile
2788 2148 2873 2196 est
2912 2140 3151 2211 amplius
3201 2140 3470 2196 dubitare.
3512 2140 3568 2195 Si

1982 2231 2129 2287 enim
2162 2231 2305 2286 idem
2336 2232 2648 2297 Theologus
2683 2231 3001 2296 Dominum,
3041 2247 3165 2286 cum
3226 2247 3421 2286 arcana
3478 2233 3571 2286 illa

1981 2321 2167 2390 dignis
2210 2320 2596 2390 denudaverit,
2650 2323 2720 2377 ali
2767 2324 2898 2378 dicit
2953 2325 3108 2395 juxta
3161 2323 3457 2377 humanam
3492 2325 3574 2379 le-

1983 2430 2138 2487 gem;
2173 2415 2494 2470 alimentum
2525 2416 2670 2470 enim
2701 2425 2786 2470 est
2817 2416 3061 2471 doctrina
3101 2415 3265 2470 etiam
3303 2415 3587 2480 dicentis;

1982 2509 2118 2577 quid
2148 2517 2367 2579 oportet
2401 2508 2587 2564 dicere
2619 2510 2685 2563 de
2721 2508 2831 2574 his,
2865 2509 2956 2580 qui
2980 2508 3290 2565 docentur?
3327 2491 3390 2562 Et
3417 2509 3572 2563 alen-

1985 2613 2077 2656 tur
2108 2601 2337 2656 omnino
2366 2600 2587 2655 illorum
2627 2602 3000 2664 documentis,
3029 2606 3097 2655 'et
3132 2601 3433 2671 spiritalem
3484 2617 3574 2654 ac-

1982 2700 2289 2755 cessionem
2318 2698 2607 2767 adjieient,
2626 2706 2688 2751 nt
2713 2698 3034 2769 prmcedens
3058 2712 3247 2752 sermo
3274 2698 3530 2766 exposuit
3554 2735 3568 2749 .

1983 2792 2060 2847 Ita
2091 2792 2347 2861 quidem,
2384 2791 2457 2846 ita
2505 2792 2671 2846 etiam
2716 2790 2989 2861 supremis
3018 2791 3124 2845 erit
3168 2789 3569 2859 potestatibus:

1981 2884 2154 2939 multa
2201 2883 2347 2939 enim
2377 2892 2433 2938 et
2482 2884 2596 2947 haec
2635 2882 2877 2944 discunt,
2922 2891 2982 2938 ut
3035 2882 3412 2936 divinissimus
3447 2882 3574 2936 Dio-

1982 2980 2175 3048 nysius
2221 2976 2433 3047 inquit;
2465 2985 2522 3032 et
2556 2975 2681 3031 vide
2731 2984 2856 3031 ante
2906 2976 3009 3029 alia
3055 2976 3173 3046 ipsa
3204 2989 3300 3030 sex
3354 2975 3453 3032 alis
3493 2977 3574 3030 iu-

1982 3078 2190 3128 structa
2236 3067 2540 3141 Seraphim
2610 3084 2846 3136 quorum
2895 3069 3161 3139 propheta
3215 3068 3382 3125 ls’aias
3445 3087 3575 3141 spe-

1980 3173 2160 3221 ctator
2184 3162 2305 3217 fuit.
2333 3159 2447 3216 Nisi
2476 3162 2625 3216 enim
2659 3160 2845 3217 divina
2880 3162 3051 3230 gleria
3085 3162 3290 3233 repleta
3314 3163 3569 3226 luissem.

1980 3257 2086 3310 nisi
2137 3252 2440 3310 identidem
2481 3253 2814 3323 quibusdam
2881 3254 3127 3308 scientiae
3185 3239 3570 3324 splenddribus

1982 3348 2375 3421 fulgurasseut,
2412 3361 2519 3401 non
2556 3346 2749 3417 utique
2778 3346 3135 3402 mirabilitate
3175 3347 3425 3418 perculsa
3456 3347 3571 3401 suis

1970 3454 2040 3515 ﬁsa
2099 3440 2203 3496 alis
2276 3438 2756 3503 abscondissent;
2825 3454 2937 3492 non
3026 3439 3216 3508 utique
3279 3454 3447 3497 unum
3514 3439 3567 3493 in

1983 3534 2150 3588 alium
2200 3531 2497 3586 intendens
2555 3530 2631 3584 ita
2690 3537 2745 3584 et
2801 3529 3041 3584 clamare
3092 3530 3565 3598 compelleretur:

1988 3645 2006 3676 ι
2046 3625 2311 3690 Sanctus,
2340 3632 2590 3685 sanctus,
2626 3630 2851 3678 sanctus
2891 3621 3177 3676 Dominus.
3215 3641 3232 3672 ι
3275 3622 3390 3676 Hoc
3420 3624 3566 3677 enim

1979 3733 2147 3775 aurea
2195 3718 2363 3773 verba
2398 3715 2641 3771 fundens
2685 3712 2931 3770 Joannes
2974 3715 3051 3770 ait
3101 3714 3396 3787 ineﬂ‘abilis
3454 3728 3540 3772 stu

1980 3810 2133 3882 poris
2171 3810 2412 3879 signum.

2051 3992 2107 4048 Si
2143 4005 2276 4047 vero
2313 3991 2435 4047 haec
2461 3991 2538 4045 ita
2570 3990 2797 4056 habent,
2830 3990 3144 4060 ambiguum
3188 3998 3242 4046 te
3276 3991 3564 4051 traducere

1979 4085 2264 4156 indignum
2305 4083 2533 4140 omnino
2560 4094 2667 4148 est,
2690 4099 2763 4138 an
2794 4093 3018 4140 sanctos
3049 4085 3354 4141 secundum
3385 4085 3567 4141 scien-

1980 4180 2110 4234 tiam
2147 4186 2202 4233 et
2230 4178 2462 4250 gloriam
2502 4177 2767 4232 continuo
2815 4177 3085 4248 proﬁcere
3136 4178 3312 4233 divini
3379 4177 3569 4235 Patres

1978 4272 2322 4329 tradiderint.
2345 4271 2966 4342 Incomprchensibilem
2994 4271 3141 4327 enim
3178 4274 3567 4343 aggredientes

1979 4374 2108 4420 tunc
2172 4364 2479 4433 intelligere
2532 4363 2815 4433 quomodo
2878 4362 2948 4418 ab
3007 4363 3325 4433 huiusmodi
3361 4365 3565 4434 impetu

1975 4459 2309 4529 quiescent,
2365 4465 2420 4512 et
2475 4471 2717 4527 quonam
2749 4456 2911 4511 modo
2944 4457 3208 4526 adjicient
3268 4458 3563 4513 terminum
3614 4510 3619 4511 ,

1976 4551 2355 4624 aggressioni?
2403 4551 2963 4622 incomprehensibile
3015 4538 3148 4607 tunc
3195 4555 3565 4621 comprehea-
3640 4560 3656 4571 ‘

1975 4643 2108 4698 dere
2154 4652 2443 4706 conantes,
2483 4640 2763 4711 quomodo
2799 4641 3057 4697 desiderii
3103 4651 3388 4712 compotes
3432 4653 3563 4709 snt,

1975 4734 2020 4788 si
2066 4748 2306 4802 unquam
2337 4731 2752 4803 progredientes
2799 4748 2996 4788 cursus
3045 4733 3209 4788 tinem
3264 4749 3565 4803 assequan-

1976 4825 2116 4880 tur?
2148 4825 2567 4896 Concupiscth
2620 4827 2838 4896 quidem
2874 4840 2959 4889 ea,
3004 4842 3125 4898 qua:
3180 4834 3309 4882 ante
3362 4827 3567 4882 habue-

1974 4925 2126 4981 runt,
2164 4926 2221 4971 et
2271 4915 2572 4986 impetibus
2626 4927 2998 4989 congruenter
3050 4915 3321 4986 proiicere
3370 4929 3566 4988 putant

1975 5007 2239 5081 quilibet;
2275 5008 2368 5062 sed
2409 5008 2475 5063 ad
2524 5008 2708 5076 ipsum
2745 5008 2909 5063 ﬁnem
2956 5009 3249 5078 pervenire
3294 5026 3402 5065 non
3437 5027 3567 5080 pos-

1975 5107 2125 5152 sunt.
2156 5095 2445 5164 Quomodo
2474 5098 2622 5153 enim
2663 5098 2842 5167 ipsum
2880 5106 3055 5154 totum
3089 5100 3567 5170 comprehendere

1972 5189 2258 5254 valebunt,
2300 5205 2422 5244 cum
2461 5190 2533 5243 sit
2583 5190 2917 5246 omnimodis
2959 5192 3308 5247 inaccessum
3358 5200 3414 5247 et
3480 5194 3567 5246 in-

1975 5282 2527 5352 comprehensibile?
2561 5281 2655 5338 Sic
2692 5270 3110 5354 persequuntur
3163 5285 3411 5356 quidem,
3454 5301 3562 5339 non

1977 5384 2159 5429 autem
2213 5375 2723 5443 comprehendunt,
2781 5377 3071 5433 scientiam
3125 5393 3345 5448 semper
3400 5393 3563 5446 supra

1977 5465 2264 5521 scientiam
2302 5466 2654 5535 recipientes,
2692 5477 2749 5523 et
2796 5469 3105 5540 profectum
3153 5486 3320 5540 supra
3373 5470 3560 5540 profe-

1976 5568 2149 5612 ctum.
2178 5555 2287 5611 Sed
2319 5558 2656 5627 superpleno
2683 5563 2987 5616 exsistente
3021 5576 3111 5624 eo.
3132 5560 3276 5630 quod
3311 5574 3562 5627 compre'

1979 5650 2259 5713 henditur,
2292 5650 2570 5719 quomodo
2601 5652 2708 5706 erit
2734 5653 3028 5707 terminata
3059 5652 3563 5722 hujusmodi.eom-

1975 5742 2314 5813 prehensio?
2344 5742 2650 5814 Aliquando
2680 5760 2813 5799 vero
2844 5744 3138 5799 delationis
3186 5744 3252 5797 ad
3298 5743 3559 5798 uiteriora

1975 5832 2125 5890 obliti
2169 5832 2392 5905 fuerint,
2432 5832 2727 5902 aliquando
2779 5833 3129 5898 proﬁcientes
3162 5836 3388 5890 Stabunt
3458 5836 3556 5889 ali-

2881 6046 2891 6081 l
