4048 6422
352 322 465 392 861

1697 312 2066 387 EPISTOLA
2105 323 2270 386 xxv.
3360 372 3388 391 κ

3518 321 3625 389 862

365 459 484 512 μιν,
513 438 580 495 δι’
619 433 686 509 ἦς
729 439 797 493 τὰ
837 437 969 510 ἔθνη
1015 439 1194 494 πάντα
1240 438 1536 508 ἑλκόμενα,
1577 439 1668 492 καὶ
1709 437 1946 506 προσπί-

2056 433 2276 499 divitiis,
2309 433 2674 492 substantiis?
2704 433 2850 490 Nihil
2902 433 3012 492 tale
3058 444 3178 491 erat
3227 434 3286 499 in
3328 433 3497 504 ipsis;
3529 437 3625 490 sed

363 549 565 586 πτοντα
592 530 671 602 τῷ
717 530 964 602 Χριστῷ,
1003 530 1104 600 τῆς
1163 529 1436 600 προτέρας
1481 528 1666 586 αὐτῶν
1707 545 1940 598 καταγι-

362 623 638 677 νώσκουσι
693 622 788 676 καὶ
821 622 1030 693 πλάνης
1064 622 1160 676 καὶ
1196 622 1577 692 ματαιότητος.
1629 622 1740 674 Καὶ
1771 621 1940 676 ἄκουε

360 715 460 769 τοῦ
497 712 767 784 Ἰερεμίου
800 715 1082 783 λέγοντος·
1130 733 1148 768 ι
1180 715 1376 784 Κύριε,
1411 713 1474 766 σὺ
1514 713 1666 784 ίσχύς
1694 723 1817 782 μου,
1845 713 1939 766 καὶ

365 807 656 875 καταφυγή
684 824 784 875 μου
815 808 874 859 ὲν
900 807 1088 877 ἡμέρᾳ.
1109 805 1296 859 κακῶν
1317 820 1330 835 ·
1364 805 1502 872 πρός
1530 821 1590 858 σε
1621 805 1749 873 ἔθνη
1779 805 1938 874 ἥξου-

367 917 452 950 σιν
507 898 602 951 ἀπ’
655 898 886 966 ἐσχάτου
932 899 1034 968 τῆς
1085 899 1210 968 γῆς,
1247 900 1343 953 καὶ
1389 896 1606 967 ἐροῦσιν
1645 896 1720 960 ὡς
1765 897 1937 966 ψευδῆ

365 990 666 1056 ἐκτήσαντο
696 990 745 1041 οἱ
781 988 1016 1058 πατέρες
1051 989 1212 1058 ἡμῶν
1257 989 1473 1053 εἴδωλα,
1521 988 1616 1040 καὶ
1651 989 1752 1040 οὐκ
1783 983 1851 1058 ἦν
1882 991 1940 1040 ὲν

366 1079 553 1139 αὐτοῖς
585 1078 850 1145 ὠφέλεια.
891 1097 910 1130 ›
944 1078 1086 1152 Λέγε
1109 1079 1320 1142 λοιπὸν,
1360 1081 1386 1132 ό
1419 1079 1758 1148 προφητικδς
1782 1072 1939 1140 οὗτος

363 1171 522 1235 λόγος
551 1169 656 1222 τίνι
687 1172 1120 1240 προσαρμόττει,
1152 1171 1230 1240 τῷ
1260 1169 1501 1241 Χριστῷ,
1535 1171 1566 1239 ἢ
1595 1171 1766 1240 ἑτέρῳ
1794 1171 1936 1237 τινί;

366 1261 607 1313 Πειθέτω
641 1262 733 1314 καὶ
777 1262 1056 1332 Σοφωνίας
1112 1264 1255 1333 ὑμᾶς
1309 1262 1514 1332 Κύριον
1560 1261 1652 1314 τὸν
1704 1262 1942 1331 Χριστὸν

362 1355 671 1420 ὁμολογεῖν,
729 1353 872 1406 οὕτω
913 1355 1125 1423 λέγων·
1185 1374 1203 1406 ι
1255 1355 1680 1424 Ἐπιφανήσεται
1735 1355 1939 1423 Κύριος

364 1446 459 1497 ἐπὶ
505 1446 680 1499 πάντα
712 1447 780 1498 τά
822 1447 975 1516 ἔθνη,
1023 1447 1118 1500 καὶ
1161 1445 1536 1514 ἐξολοθρεύσει
1573 1447 1778 1506 πάντας
1811 1447 1940 1508 τοὺς

333 1529 336 1533 ’
367 1537 524 1599 θεοὺς
556 1537 663 1588 τῶν
697 1537 889 1601 ἐθνῶν,
939 1539 1034 1591 καὶ
1081 1539 1555 1607 προσκυνήσουσιν
1588 1537 1770 1600 αὑτὸν,
1811 1537 1936 1590 ἔκαε
1970 1555 1974 1558 ‘

369 1645 491 1689 στος
522 1629 627 1680 ἀπὸ
652 1629 750 1682 τοῦ
776 1628 940 1682 τόπου
977 1629 1167 1684 αὐτοῦ.
1196 1649 1212 1679 ι
1265 1629 1330 1680 Τί
1362 1630 1497 1698 πρὸς
1550 1628 1723 1683 ταῦτά
1760 1645 1895 1696 φατε
1921 1646 1935 1694 ;

379 1714 668 1785 Ἐλήλυθεν
700 1718 733 1785 ἡ
759 1719 998 1788 κυριακὴ
1030 1719 1168 1788 αὕτη
1210 1718 1525 1784 ἐπιφάνεια,
1559 1717 1591 1787 ἢ
1629 1715 1728 1782 ob;
1773 1715 1939 1780 Ἐξω-

369 1779 744 1877 λοθρεύθησαν
794 1779 849 1861 οἱ.
892 1779 1006 1862 θεοί
1050 1779 1168 1862 τῶν,
1208 1779 1397 1882 ἐθνῶν,
1430 1779 1591 1873 Ζεύς,
1640 1779 1937 1874 Ἀπόλλων,
1975 1779 2014 1834 Β

379 1896 670 1968 Ἀφροδίτη
729 1884 822 1952 καὶ
855 1887 1144 1969 Ἄρτεμις,
1182 1899 1214 1968 ἢ
1242 1898 1340 1965 ού;
1387 1900 1662 1968 Ἐπέφανε
1691 1899 1882 1952 λοιπὸν
1915 1901 1943 1952 ὁ

370 1989 575 2060 Κύριος
598 1992 738 2045 κατὰ
762 1991 858 2062 τὴν
883 1993 978 2044 τοῦ
1011 1991 1283 2059 Σοφωνίου
1311 1991 1618 2061 πρόρρησιν
1646 1992 1737 2044 ἐπὶ
1765 1993 1946 2046 πάντα

369 2085 437 2135 τὰ.
468 2081 619 2151 ἔθνη.
665 2083 762 2146 Τίς
801 2084 858 2136 δὲ
902 2077 1058 2146 οὗτός
1090 2087 1273 2152 ὲστιν;
1319 2085 1385 2160 ,Ὀ
1412 2085 1616 2154 Κύριος
1643 2084 1800 2154 ἡμῶν
1838 2085 1944 2151 Ἰη-

375 2174 502 2238 σοῦς
559 2176 826 2246 Χριστόςο
859 2177 924 2246 τῇ
987 2177 1094 2245 γὰρ
1133 2175 1300 2230 αὐτοῦ
1333 2176 1610 2246 παρουσίᾳ
1653 2177 1860 2240 πάντες
1897 2177 1944 2229 οί

373 2267 480 2320 τῶν
515 2267 685 2320 ἐθνῶν
721 2267 833 2321 θεοὶ
879 2268 1323 2339 κατεϐλήθησαν.
1360 2268 1486 2322 Ὀτι
1526 2269 1582 2323 δὲ
1627 2256 1851 2338 τά,ἔθνη
1879 2269 1948 2322 τὰ

378 2361 516 2430 μήτε
573 2361 737 2424 νόμον
806 2362 1009 2426 είδότα,
1069 2362 1209 2432 μήτε
1269 2347 1565 2432 προφητῶν
1617 2361 1945 2424 ἀκούσαντα,

377 2453 516 2521 μήτε
564 2452 700 2514 ὅλως
746 2451 838 2504 τὸν
884 2452 1090 2523 Κύριον
1137 2453 1540 2524 ὲκζητήσαντα,
1597 2452 1796 2523 καιροῦ
1844 2469 1947 2504 κα-

375 2544 596 2608 λοῦντος
623 2546 1004 2616 προσδραμεῖν
1028 2545 1242 2616 ἔμελλε,
1277 2549 1372 2600 καὶ
1401 2545 1620 2616 ἀληθῶς
1653 2546 1949 2617 εὑρηκέναι

376 2637 468 2688 τὶν
503 2637 730 2707 Κύριον,
760 2638 917 2708 δῆλον
947 2637 1196 2692 ἐντεῦθεν
1216 2655 1229 2667 ·
1271 2657 1290 2690 ι
1321 2638 1564 2707 Εὑρέθην
1596 2640 1706 2701 τοῖς
1737 2637 1836 2704 ἐμὲ
1873 2637 1949 2706 μὴ

378 2727 656 2798 ζητοῦσιν,
706 2731 954 2800 ἐμφανὴς
999 2731 1268 2800 ἐγενόμην
1319 2733 1434 2792 τοῖς
1483 2730 1585 2798 ἐμὲ
1628 2729 1704 2800 μὴ
1737 2731 1952 2800 ἐπερω-

376 2821 513 2875 τῶσι
545 2839 557 2853 ·
599 2841 619 2875 ι
650 2825 743 2877 καὶ
767 2820 950 2890 αὖθις,
985 2843 1003 2877 ι
1028 2819 1120 2886 Οἷς
1171 2825 1272 2878 οὐκ
1304 2822 1613 2893 ἀνηγγέλθη
1648 2822 1780 2892 περὶ
1817 2819 1952 2890 ἐμοῦ

378 2911 625 2980 ὄψονται,
657 2915 751 2967 καὶ
787 2913 835 2967 οἳ
865 2916 966 2968 οὐκ
996 2914 1267 2984 ἀκηκόασι
1297 2915 1645 2983 συνήσουσι.»
1681 2911 1954 2965 Τοιούτων

303 3000 306 3002 ’
379 3003 484 3074 μὲν
519 3002 610 3058 οὖν
638 3007 734 3058 καὶ
757 3007 1029 3059 τοσούτων
1064 3006 1415 3076 προφητικῶν
1446 3004 1712 3076 ῥημάτων
1732 3003 1958 3058 ἀκούον-

2043 524 2174 579 nudi
2226 526 2446 596 quidem
2490 536 2650 582 erant
2691 538 2750 582 et
2790 527 3005 599 inopes,
3060 527 3351 597 indutique
3410 536 3624 582 tantum

2043 635 2149 674 una
2178 619 2416 689 Spiritus
2444 621 2645 675 virtute
2678 636 2776 690 per
2805 637 2968 690 quam
3008 621 3280 676 universae
3313 629 3503 689 gentes
3541 628 3627 674 at-

2043 720 2235 767 tracta:
2264 752 2280 778 ,
2315 722 2371 767 et
2398 713 2466 768 ad
2497 712 2779 768 Chtistum
2810 722 3164 776 accurrentes
3198 722 3442 768 veterem
3464 727 3625 767 suum

2041 820 2306 868 errorem,
2352 814 2407 859 et
2475 806 2776 859 vanitatem
2846 807 3238 860 condemnant.
3299 804 3439 858 Audi
3491 817 3626 858 sane

2039 893 2328 949 Jeremiam
2367 896 2639 951 dicentem
2690 913 2704 948 :
2745 916 2762 948 ι
2798 897 3045 959 Domine.
3102 907 3159 951 ttt
3203 895 3370 950 robur
3415 910 3624 957 meum,

2039 993 2096 1038 et
2141 985 2410 1056 refugium
2458 1003 2639 1041 meum
2673 988 2727 1041 in
2765 989 2862 1042 'die
2886 989 3186 1054 malorum;
3236 989 3302 1041 ad
3340 995 3393 1039 te
3433 996 3624 1056 gentes

2042 1076 2263 1129 venient
2318 1077 2384 1130 ab
2412 1089 2654 1132 extremo
2683 1089 2864 1145 terrm,
2913 1089 2970 1133 et
3012 1079 3219 1143 dicent,
3279 1078 3428 1147 quod
3487 1093 3624 1132 con-

2041 1165 2230 1220 sectati
2283 1176 2414 1220 sunt
2462 1169 2804 1223 mendacium
2860 1180 3044 1238 patres
3076 1172 3244 1224 nostri
3277 1169 3436 1224 idolis
3465 1170 3625 1225 obse-

2040 1268 2288 1327 quentes,
2316 1269 2370 1313 et
2398 1275 2505 1314 non
2543 1270 2661 1314 erat
2683 1261 2735 1313 in
2761 1264 2841 1315 eis
2859 1262 3286 1331 adjumentum.»
3318 1261 3412 1315 Die
3441 1261 3621 1324 sodes,

2042 1349 2397 1417 propheticus
2466 1351 2552 1403 hic
2601 1365 2785 1404 sermo
2839 1351 3136 1418 reSpicitne
3189 1349 3497 1414 Christttm,
3554 1366 3624 1404 an

2041 1440 2348 1510 quempiam
2421 1443 2627 1496 alium?
2685 1436 3022 1499 Persuadéat
3095 1442 3252 1496 vobis
3313 1439 3627 1510 Sophonias

2040 1532 2317 1587 Christum
2353 1533 2640 1588 Dominum
2667 1536 2916 1590 confiteri
2945 1535 3016 1594 ita
3049 1535 3270 1589 dicens:
3303 1535 3629 1604 «Apparebit

2045 1625 2302 1682 Dominus
2352 1628 2418 1682 ad
2478 1643 2671 1682 omnes
2727 1639 2935 1698 gentes,
2990 1637 3045 1682 et
3103 1629 3384 1698 disperdet
3434 1643 3628 1681 omnes

2043 1718 2176 1772 deos
2219 1718 2502 1772 nationum
2532 1758 2547 1782 ,
2587 1728 2640 1773 et
2671 1721 2922 1774 adorabit
2951 1736 3076 1773 eum
3109 1721 3342 1788 quisque
3385 1721 3454 1773 de
3507 1719 3628 1773 loco

2045 1824 2196 1866 suo.)
2220 1809 2358 1874 Quid
2380 1820 2572 1878 praster
2600 1811 2705 1864 hoc
2736 1810 3314 1864 dicendunﬂAdvenit
3345 1810 3627 1864 Dominica

2047 1903 2160 1956 luce
2212 1904 2506 1972 apparitio,
2527 1902 2753 1956 necne?
2791 1901 3108 1968 Dispersine
3158 1910 3289 1955 sunt
3338 1902 3626 1954 nationum

2046 1994 2142 2055 dii.
2180 1993 2418 2064 Jupiter,
2453 1995 2665 2064 Apollo.
2708 1997 2912 2058 Venus,
2948 1995 3140 2058 Diana,
3176 2008 3242 2046 an
3270 1994 3418 2046 non?
3446 1995 3627 2061 Appa-

2048 2085 2159 2138 ruit
2189 2087 2371 2155 itaque
2396 2086 2666 2141 Dominus
2697 2102 2866 2156 super
2897 2101 3090 2140 omnes
3123 2095 3316 2154 gentes
3340 2085 3497 2154 juxta
3530 2085 3631 2138 So-

2049 2178 2271 2247 phonise
2303 2181 2646 2234 vaticinium.
2682 2179 2817 2245 Quis
2849 2196 2978 2234 vero
3023 2179 3112 2232 hic
3151 2187 3256 2242 est,
3287 2176 3393 2232 nisi
3437 2175 3630 2230 Domi-

2049 2285 2156 2323 nns
2192 2281 2380 2325 noster
2409 2272 2569 2326 Jesus
2589 2271 2880 2328 Christus?
2903 2271 3030 2338 Ejus
3059 2271 3204 2325 enim
3235 2271 3473 2324 adventu
3509 2283 3630 2322 om-

2051 2376 2150 2416 nes
2187 2377 2412 2432 prorsus
2461 2364 2748 2420 nationum
2796 2365 2872 2420 dii
2915 2372 3266 2420 corruerunt.
3311 2361 3466 2429 Quod
3501 2377 3630 2417 vero

2053 2465 2246 2523 gentes
2274 2471 2451 2526 neque
2481 2458 2724 2512 scientes
2756 2457 2952 2526 legem,
2983 2471 3163 2525 neque
3203 2455 3496 2524 prOphetas
3529 2468 3630 2506 au-

2053 2551 2291 2616 dientes,
2317 2565 2498 2618 neque
2526 2550 2746 2618 penitus
2775 2550 3124 2618 exquirentes
3152 2547 3467 2608 Dominum,
3505 2545 3633 2600 data

2039 2644 2322 2714 temporis
2363 2645 2775 2714 Opportunitate
2820 2615 3066 2695 futurum
3109 2649 3227 2694 erat
3271 2650 3333 2693 ut
3381 2652 3636 2693 accurre-

2054 2745 2198 2800 rent,
2247 2744 2304 2789 et
2342 2750 2471 2789 vere
2513 2733 2804 2790 Dominum
2855 2731 3208 2795 invenirent,
3258 2740 3408 2800 patet
3461 2729 3633 2796 hinc,

2055 2827 2200 2897 quod
2251 2845 2270 2879 ι
2318 2826 2576 2881 Inventus
2625 2841 2744 2879 sum
2789 2840 2820 2879 a
2870 2839 2981 2878 non
3021 2823 3392 2892 querentibus
3428 2836 3533 2887 me,
3566 2817 3638 2875 'et

2025 2935 2169 2982 .non
2223 2917 2697 2991 interrogantibus
2749 2932 2836 2971 me
2889 2916 3158 2986 apparui;
3217 2932 3234 2965 ι
3287 2924 3342 2968 et
3387 2927 3634 2969 rursus:

2065 3031 2084 3065 ι
2120 3012 2335 3079 Quibus
2367 3027 2473 3066 non
2507 3009 2894 3064 annnntiatum
2932 3015 3013 3062 est
3053 3007 3124 3062 de
3147 3021 3234 3061 me
3266 3005 3551 3071 videbunt,
3585 3013 3639 3058 et

378 3112 467 3157 τες
506 3096 608 3167 τὴν
657 3097 751 3149 τοῦ
798 3097 1052 3166 Σωτῆρος
1104 3095 1345 3167 Χριστοῦ
1393 3095 1777 3166 κηρυσσόντων
1819 3112 1955 3165 προ-

2060 3103 2155 3175 qui
2190 3118 2300 3158 non
2356 3102 2685 3165 audierunt.
2729 3107 3085 3172 cognoscent.
3133 3116 3151 3150 ι
3189 3096 3341 3152 Talia
3380 3097 3548 3168 igitur
3573 3111 3640 3152 ae

381 3187 565 3256 φανῶς
599 3189 950 3256 ἐπιφάνειαν,
987 3189 1040 3241 τί
1068 3188 1259 3242 λοιπὸν
1291 3187 1628 3258 ματαιάζετε
1658 3204 1955 3259 καιροσκο-

383 3278 612 3340 ποῦντες
663 3279 754 3329 ἐπὶ
791 3279 970 3337 κενοῖς
1016 3277 1270 3348 Χριστὸν,
1309 3277 1625 3343 ἐλπίζοντες
1681 3278 1957 3349 Ἀντίχρια

383 3387 545 3436 στον;
577 3370 787 3438 κωφοὶ,
841 3370 1114 3423 ἀκούσατε
1139 3385 1154 3401 ·
1189 3371 1217 3423 ὁ
1244 3370 1352 3439 γὰρ
1391 3370 1618 3434 Ἡσαΐας
1651 3371 1744 3424 τὸν
1778 3387 1958 3439 σωτηι

380 3463 502 3533 ρίου
550 3461 977 3531 προσαγορεύων
1011 3463 1228 3534 καιρὸν,
1265 3463 1360 3516 καὶ
1403 3464 1487 3516 ὅτι
1535 3463 1596 3515 οὐ
1645 3460 1714 3513 δι’
1763 3459 1958 3531 ἑτέρου

381 3553 674 3622 γενήσεται
721 3555 755 3622 ἡ
809 3555 1057 3624 σωτηρία
1103 3556 1386 3624 προφήτου
1440 3553 1626 3625 τυχὸν,
1665 3552 1702 3623 ᾖ
1750 3552 1958 3606 δικαίου

383 3646 549 3711 τινὸς,
590 3648 686 3699 καὶ
737 3648 865 3702 τάδε
921 3646 1129 3716 φησίν·
1184 3647 1402 3710 «Αὐτὸς
1456 3645 1599 3717 ἥξει,
1650 3645 1745 3700 καὶ
1797 3643 1962 3696 σώσει

384 3737 558 3804 ἡμᾶς.
611 3737 743 3787 Τότε
794 3735 1068 3806 ὀφθαλμοὶ
1115 3737 1336 3804 τυφλῶν
1390 3741 1792 3806 ἀνοιγήσονται,
1845 3729 1963 3788 ὦτα

386 3826 588 3894 κωφῶν
627 3828 981 3893 ἀκούσονται,
1011 3829 1107 3882 καὶ
1136 3828 1307 3898 χωλὸς
1348 3827 1560 3880 ἀλεῖται
1589 3829 1664 3890 ὡς
1703 3827 1955 3893 ἔλαφος.»

395 3917 649 3984 Ἐγένετο
680 3917 856 3970 ταῦτα
903 3919 996 3972 ἐπὶ
1041 3921 1108 3989 τῇ
1167 3918 1443 3986 παρουσίᾳ
1492 3917 1586 3970 τοῦ
1638 3916 1768 3986 παρ’
1808 3916 1964 3984 ὑμῶν

388 4013 799 4083 σταυρωθέντος
835 4011 1098 4082 Χριστοῦ,
1127 4011 1159 4082 ἢ
1187 4009 1246 4064 οὗ
1275 4027 1290 4075 ;
1325 4009 1449 4062 Ἷνα
1493 4011 1546 4062 τί
1587 4012 1869 4063 ἀπιστεῖτε
1895 4009 1963 4062 τὰ

386 4105 497 4158 τῶν
537 4104 836 4175 προφητῶν
867 4103 1098 4174 ὁρῶντες
1130 4105 1213 4156 ἐπ’
1242 4104 1393 4172 αὐτῷ
1427 4102 1505 4170 τῷ
1535 4101 1758 4171 Χριστῷ
1791 4102 1963 4171 πέρας

385 4197 776 4267 λαμϐάνοντας
842 4196 982 4250 Ἀλλ’
1039 4197 1122 4249 ὅτι
1185 4197 1282 4265 μὲν
1333 4194 1425 4248 οὖν
1455 4197 1513 4246 τὸ
1559 4181 1700 4246 κατά
1727 4192 1964 4263 Χριστὸν

392 4293 694 4362 μυστήριον
739 4289 1088 4343 ἀπιστεῖσθαι
1130 4288 1260 4358 παρ’
1313 4288 1470 4357 ὑμῶν
1507 4286 1698 4356 ἔμελλε
1730 4287 1821 4339 διὰ
1864 4287 1964 4356 τὴν

387 4386 480 4438 τοῦ
509 4385 788 4454 θαύματος
817 4381 1148 4453 ὑπερϐολὴν,
1193 4379 1429 4433 ἔκπαλαι
1472 4381 1628 4432 τοῦτο
1659 4380 1963 4449 δεδήλωκεν

2060 3203 2210 3251 tanta
2256 3192 2648 3262 prephetarum
2682 3191 2829 3246 dicta
2866 3189 3160 3245 audientes
3189 3182 3397 3244 Christi
3442 3187 3640 3243 Serva-

2060 3285 2200 3344 toris
2228 3285 2628 3356 apparitionem
2671 3283 3020 3352 apertissime
3050 3282 3421 3338 nuntiantium
3446 3319 3462 3345 ,
3507 3280 3640 3350 quid

2061 3371 2327 3450 praeterea
2357 3377 2630 3446 desipitis,
2654 3392 2708 3430 In
2733 3376 2892 3431 vanis
2912 3374 3316 3446 prospicientes
3336 3372 3638 3438 Christum,

2062 3471 2466 3525 Antichristum
2498 3470 2824 3540 sperantes?
2857 3467 3020 3522 Surdi
3048 3466 3236 3521 audite
3261 3483 3276 3520 :
3304 3465 3473 3521 Isaias
3494 3466 3642 3521 enim

2064 3563 2362 3618 Salvatoris
2422 3562 2798 3632 praenuntians
2857 3569 3112 3630 tempus,
3161 3567 3220 3614 et
3269 3574 3300 3613 a
3342 3561 3496 3614 nullo
3535 3561 3642 3615 alio

2065 3653 2333 3725 propheta
2368 3652 2730 3707 salvationem
2781 3649 2899 3704 ﬁeri
2949 3662 3138 3720 posse,
3176 3648 3278 3702 nisi
3328 3664 3356 3700 a
3404 3649 3642 3718 quodam

2064 3745 2241 3810 Justo,
2284 3744 2402 3798 hme
2433 3756 2567 3798 sane
2595 3742 2672 3796 ait
2702 3757 2716 3794 :
2757 3759 2775 3792 ι
2812 3739 2933 3809 ipse
2967 3739 3147 3793 veniet
3177 3747 3234 3792 et
3259 3739 3490 3794 salvahit
3518 3755 3640 3795 nos.

2067 3835 2224 3890 Tune
2256 3835 2402 3890 oculi
2447 3848 2720 3888 caecorum
2767 3831 3109 3900 aperientur,
3147 3845 3309 3886 aures
3352 3832 3642 3888 surdorum

2065 3928 2314 3992 audient,
2349 3934 2406 3981 et
2453 3924 2682 3979 claudus
2713 3922 2872 3977 saliet
2907 3931 2966 3976 ut
2994 3935 3210 3977 cervus.
3255 3941 3275 3974 ι
3324 3920 3485 3977 Facta
3517 3930 3640 3978 sunt

2068 4022 2208 4084 haec,
2239 4035 2438 4081 necne,
2476 4033 2601 4072 cum
2637 4016 2891 4087 apparuit
2933 4016 3188 4070 Christus
3217 4030 3249 4068 a
3274 4017 3432 4070 vobis
3468 4015 3636 4070 eruci-

2069 4113 2249 4167 [ixns?
2278 4111 2484 4180 thuid
2512 4126 2644 4180 ergo
2680 4125 2786 4164 non
2819 4101 3050 4164 creditis
3079 4109 3468 4178 prophetarum
3502 4109 3645 4163 dicta

2068 4205 2320 4258 videntes
2354 4204 2411 4257 in
2449 4203 2568 4272 ipso
2590 4201 2811 4257 Christo
2837 4202 3002 4256 tinem
3035 4202 3322 4270 accipere?
3342 4199 3495 4267 Quod
3518 4217 3645 4256 vero

2071 4297 2314 4350 futurum
2335 4303 2456 4349 erat
2486 4305 2598 4349 uta
2629 4294 2789 4349 vobis
2814 4310 2922 4348 non
2950 4294 3272 4348 crederetur
3302 4294 3502 4349 Christi
3536 4313 3643 4366 my—

2070 4387 2320 4446 sterium.
2352 4395 2576 4456 prepter
2603 4385 2850 4465 miraculi
2881 4384 3285 4448 excellentiam,
3313 4385 3441 4439 olim
3466 4395 3651 4440 osten-

387 4481 413 4529 ό
448 4478 579 4542 Θεὸς
612 4478 782 4531 εἰπών
806 4495 818 4508 ’
857 4496 875 4529 ι
909 4478 1078 4530 Ἴδετε
1116 4477 1166 4530 οί
1211 4474 1645 4544 καταφρονηταὶ,
1691 4475 1788 4527 καὶ
1832 4475 1955 4526 θαυ-

2071 4477 2152 4532 dit
2185 4477 2328 4532 Dens
2360 4477 2546 4532 dicens
2579 4492 2594 4529 :
2630 4496 2648 4529 ι
2683 4462 2875 4531 Videte
2907 4485 3346 4544 contemptores,
3385 4487 3442 4530 et
3472 4477 3615 4530 admi
3645 4511 3650 4516 -

394 4573 628 4640 μάσατε,
652 4571 745 4623 καὶ
777 4570 1143 4640 ἀφανίσθητε,
1175 4569 1256 4620 ὅτι
1289 4568 1451 4636 ἔργον
1502 4567 1613 4635 ἐγὼ
1658 4567 1967 4637 ἐργάζομαι

391 4667 447 4714 ἐν
480 4663 597 4724 ταῖς
632 4661 870 4730 ἡμέραις
904 4659 1059 4727 ὑμῶν
1085 4675 1099 4690 ο
1130 4660 1289 4728 ἔργον
1326 4657 1352 4709 ὃ
1381 4657 1443 4710 οὐ
1490 4654 1565 4726 μὴ
1612 4658 1966 4728 πιστεύσητε,

391 4757 486 4806 ὲάν
512 4770 594 4815 τις
624 4753 1023 4820 ὲκδιηγήσηται
1069 4751 1253 4820 ὑμῖν.»
1290 4750 1484 4811 Καλῶς
1520 4748 1577 4802 δὲ
1615 4749 1643 4800 ὁ
1677 4750 1966 4818 προφήτης

390 4845 573 4899 εἶπεν·
607 4863 624 4896 ι
657 4845 827 4906 Αὐτὸς
884 4845 1028 4914 ἥξει,
1083 4845 1176 4896 καὶ
1235 4845 1398 4896 σώσει
1441 4844 1652 4913 ἡμᾶς.»
1709 4844 1806 4895 Ὃν
1854 4844 1964 4912 γάρ

389 4941 591 5006 τρόπον
627 4937 748 4990 κατ’
784 4937 957 5006 ἀρχὰς
997 4939 1024 4990 ὁ
1055 4937 1185 4998 Θεὸς
1231 4936 1482 4988 πλάττων
1525 4935 1613 4988 τὸν
1667 4934 1961 5004 ἄνθρωπον

392 5032 491 5099 οὐχ
524 5029 784 5101 ὑπουργῷ
823 5045 929 5080 τινι
979 5029 1277 5097 ἐχρήσατο,
1331 5027 1504 5088 οὕτως
1556 5026 1678 5078 οὐδὲ
1729 5025 1825 5078 νῦν
1871 5027 1971 5094 τὴν

393 5122 578 5174 εἰκόνα
619 5121 922 5189 φθαρεῖσαν
955 5118 1346 5188 ἀνανεούμενος
1370 5118 1512 5186 ἄλλῳ
1543 5119 1640 5186 τὴν
1663 5119 1971 5171 ἀνάπλασιν

394 5213 721 5284 ἐνεχείρισε.

395 5321 631 5390 Spiritus
655 5321 744 5390 qui
778 5317 1161 5390 ipsosialilavit
1189 5314 1492 5371 mirandam
1528 5318 1634 5390 vim
1673 5320 1972 5387 praedicare

397 5388 504 5444 neu
545 5388 896 5444 destiterunt.
933 5388 1318 5448 thnotatnen
1365 5395 1450 5439 est
1478 5388 1566 5455 qui
1612 5391 1824 5442 nesciat
1869 5407 1970 5443 nn-

397 5475 560 5530 gaces
617 5463 866 5514 homines
918 5460 1052 5512 vitio
1101 5460 1331 5512 vertisse
1369 5456 1562 5530 Joanni
1608 5457 1858 5513 Latninio
1894 5461 1971 5529 τῷ

398 5527 674 5600 πανσόφῳ.
701 5540 755 5584 et
776 5530 1048 5600 haereseos
1070 5543 1209 5600 pene
1230 5537 1411 5600 notam
1439 5527 1659 5600 inurere
1687 5527 1969 5585 studuisse

398 5616 467 5654 eo
502 5595 640 5668 quia"
665 5599 984 5655 rusticitatis
1037 5595 1092 5652 et
1140 5595 1437 5668 imperitia;
1472 5596 1533 5649 υ.
1566 5595 1829 5651 Joannem
1879 5615 1970 5653 ar-

399 5665 600 5738 guisset
624 5671 868 5725 nondum
897 5668 1104 5739 Spiritu
1133 5665 1325 5721 saneto
1349 5665 1641 5739 imbutum.
1669 5669 1846 5723 A'deas
1865 5672 1964 5724 ab-

399 5737 791 5794 Solutissimum
821 5737 1106 5811 ejus‘opus
1137 5741 1204 5794 de
1229 5737 1537 5793 eruditione
1564 5741 1960 5816 apostolorum,

2074 4571 2294 4631 ramini,
2321 4579 2378 4624 et
2408 4569 2816 4639 disperdimini,
2852 4571 3112 4638 quoniam
3143 4585 3282 4639 Opus
3314 4585 3415 4638 ego
3451 4577 3672 4639 operor.

2073 4665 2127 4718 in
2169 4664 2366 4718 diebus
2405 4646 2806 4730 vestriszopus
2837 4657 3072 4716 cuinon
3105 4661 3432 4715 adhibebitis
3467 4664 3646 4727 (idem,

2071 4760 2116 4814 si
2159 4761 2282 4827 quis
2310 4759 2652 4812 enarraverit
2678 4757 2855 4813 vobis.
2889 4776 2907 4807 ι
2937 4756 3152 4824 Optime
3183 4771 3313 4815 vero
3344 4755 3482 4808 dixit
3527 4771 3645 4825 pro-

2074 4852 2278 4921 pheta:
2315 4870 2331 4902 ι
2370 4850 2492 4918 Ipse
2536 4849 2740 4910 veniet.
2775 4858 2831 4903 et
2875 4847 3108 4902 salvahit
3142 4863 3278 4911 nos;
3323 4867 3340 4899 ι
3389 4849 3624 4916 qucmad

2073 4943 2292 4998 modum
2328 4945 2472 4996 enim
2507 4942 2560 4995 in
2587 4942 2860 5010 principio
2892 4941 3032 4994 Deus
3062 4939 3338 5008 plasmans
3372 4940 3648 4994 hominem

2072 5035 2222 5089 nullo
2252 5036 2358 5089 alio
2393 5035 2720 5088 administro
2747 5049 2878 5088 usus
2914 5041 3017 5097 est,
3054 5036 3126 5087 ita
3158 5047 3304 5087 nunc
3337 5042 3648 5103 corruptam

2072 5120 2365 5197 imaginem
2381 5141 2650 5182 renovans
2670 5126 2874 5180 nemini
2896 5125 3338 5180 reformationem
3358 5126 3648 5180 commisit.

2081 5320 2386 5390 omnigente
2418 5321 2746 5375 eruditionis
2779 5335 2949 5375 sacrm
2979 5319 3444 5390 promptuarinm,
3475 5330 3518 5390 Ac
3545 5330 3649 5382 quo

2079 5385 2307 5464 velntt'e
2342 5407 2482 5459 penu
2516 5393 2736 5446 haurire
2767 5391 2951 5445 licebit
2982 5385 3182 5458 quibus
3219 5390 3433 5464 doctior
3465 5385 3562 5438 tias
3598 5395 3649 5464 et

2077 5457 2368 5534 eruditior,
2412 5477 2514 5516 nec
2549 5457 3012 5534 nonAcognosr-es’
3032 5473 3255 5534 quanto
3304 5459 3502 5534 rubore
3542 5457 3650 5534 sui}.

2077 5531 2231 5583 luntli
2271 5525 2527 5605 _dcbner_e
2580 5531 2718 5585 male
2776 5525 2956 5605 feriati
3008 5525 3248 5605 illitqni
3293 5525 3650 5605 maledicendi

2075 5603 2345 5676 cacoethe
2369 5603 2601 5671 quadam
2631 5603 2809 5658 adacti
2844 5610 3052 5676 tantum
3092 5601 3263 5656 virum
3299 5607 3427 5652 sunt
3457 5601 3651 5665 injuria

2073 5673 2372 5727 criminati.
