4048 6424
370 305 480 374 869

1723 276 2087 373 arts-Tom
2131 309 2294 376 xw.

3540 311 3651 389 810

371 421 494 474 οὐδὲ
535 421 645 490 γὰρ
686 418 862 485 ἄλλως
896 422 962 477 τὰ
1007 422 1126 478 θεῖα
1159 422 1434 494 γνωρίσαι·
1462 422 1738 494 δυνάμεθα
1764 441 1775 454 ⁸
1811 422 1951 477 οὕτω

2057 422 2297 479 demisse
2337 431 2392 478 et
2419 422 2760 480 mconomice
2792 432 3018 495 propter
3053 431 3301 482 nostram
3358 425 3649 486 inﬁrmittv

371 513 676 570 κάνταῦθα.
729 514 876 585 Πλὴν
903 515 1069 570 ἄκουε
1095 531 1109 548 ο
1151 517 1210 570 Ὀ
1236 517 1370 580 Θεὸς
1396 517 1606 580 πλάσας
1631 516 1722 568 τὸν
1749 516 1844 570 ἄνθ
1855 534 1960 584 ρω-

373 622 510 672 πον,
541 605 775 674 φυσικὸν
806 607 956 678 αὐτῷ
987 609 1151 678 νόμον
1181 607 1443 678 ἐνέθηκεν
1462 647 1479 674 ,
1511 609 1662 673 ὅπως
1693 608 1836 679 ὁρῶν
1869 609 1959 662 οὐ·

375 698 537 767 ρανὸν
556 738 571 763 ,
603 698 710 768 γῆν
731 740 744 765 ,
778 700 1058 755 θάλασσαν
1087 701 1182 754 καὶ
1212 701 1394 754 πάντα
1425 703 1482 754 ἐν
1511 701 1648 771 αὐτῇ
1671 738 1686 766 ,
1720 699 1920 774 ὼξάςῃ
1940 740 1955 764 ,

374 791 470 843 καὶ
514 794 797 862 προσκυνῇ
838 793 933 854 τὸν
972 792 1311 863 δημιουργὸν
1350 795 1448 847 καὶ
1488 793 1717 863 κτίστην
1753 792 1954 847 αὐτῶν.

387 882 486 935 Ἐκ
521 883 788 952 μεγέθους
818 884 964 954 γὰρ,
999 885 1167 956 φησὶ,
1201 885 1299 938 καὶ
1334 875 1600 954 καλλονῆς
1638 885 1958 955 κτισμάτων

375 975 658 1044 ἀναλόγως
686 975 714 1026 ὁ
742 977 1129 1048 γενεσιουργὸς
1157 977 1340 1030 αὐτῶν
1371 977 1684 1048 θεωρεῖται.
1723 972 1878 1030 Ἐπεὶ
1902 977 1958 1030 δὲ

371 1060 481 1118 εἶδε
528 1065 889 1137 μηδὲνήμᾶς
931 1067 997 1120 ὲκ
1020 1067 1230 1122 τούτων
1270 1067 1365 1122 ἐπὶ
1405 1068 1506 1138 τὴν
1548 1066 1716 1122 αὐτοῦ
1759 1067 1958 1137 γνῶσιν

333 1161 341 1168 ’
374 1158 810 1228 προκόπτοντας,
840 1158 919 1220 είς
948 1158 1149 1212 κακίαν
1180 1158 1237 1214 δὲ
1268 1160 1451 1213 πᾶσαν
1476 1151 1956 1230 ὲγκυλιουμένους,

373 1249 567 1318 ἑτέραν
599 1248 900 1318 θεραπείαν
932 1253 1285 1320 μετέρχεται,
1319 1252 1413 1304 καὶ
1442 1251 1535 1305 τὸν
1564 1251 1767 1305 Μωσέα
1796 1267 1958 1320 νομο-

374 1342 538 1411 θέτην
579 1335 851 1413 καθιστᾷ,
893 1343 992 1398 καὶ
1043 1342 1132 1396 διὰ
1184 1343 1528 1414 πραγμάτων
1571 1344 1708 1412 ἡμῖν
1754 1341 1954 1411 δμιλεῖ.

342 1477 345 1496 ,
385 1436 542 1489 Ἐπεὶ
572 1434 628 1488 δὲ
659 1435 758 1491 καὶ
789 1434 882 1491 τοῦ
917 1435 1206 1504 γεγονότος
1238 1435 1362 1489 οὐδὲ
1397 1435 1640 1489 τοιούτου
1672 1433 1961 1505 ὠφελήθη-

340 1510 346 1568 ῗ
376 1544 510 1598 μεν,
543 1527 605 1580 ού
643 1527 797 1596 παρὰ
825 1528 928 1596 τὴν
960 1527 1055 1581 τοῦ
1091 1526 1280 1599 ίατροῦ
1310 1527 1511 1598 τέχνην
1534 1566 1548 1590 ,
1584 1526 1739 1598 παρὰ
1773 1525 1830 1578 δὲ
1859 1525 1958 1597 τὴν

375 1618 656 1689 μοχθηρὰν
695 1619 856 1686 ήμῶν
893 1618 1144 1672 δίαιταν·
1189 1616 1392 1687 ηὔξανε
1433 1618 1491 1672 δὲ
1533 1618 1594 1672 τὸ
1636 1617 1836 1683 κακὸν,
1875 1617 1956 1672 ἔτι

370 1711 464 1765 καὶ
490 1712 572 1764 ἐτι
599 1711 633 1780 ή
662 1711 816 1773 νόσος
845 1711 1189 1781 προέκοπτεν
1213 1727 1228 1742 ⁸
1259 1713 1432 1782 ἑτέρῳ
1463 1710 1672 1780 μείζονι
1701 1712 1794 1764 καὶ
1823 1710 1954 1764 θαυο

2064 521 2172 567 tem
2204 512 2487 580 dicuntur,
2549 528 2730 584 neque
2772 515 2922 570 enim
2971 515 3128 570 aliter
3173 515 3357 570 divina
3415 531 3650 574 noscere

2062 615 2392 674 possumus,
2448 601 2523 657 ita
2573 613 2629 658 et
2693 603 2806 659 hic.
2875 605 3148 661 Praeterea
3203 606 3434 662 audias:
3504 607 3650 668 Deus

2062 694 2342 762 plasmans
2372 694 2673 762 hominem,
2712 696 2996 767 physicam
3030 697 3081 752 ei
3111 698 3408 753 constituit
3446 698 3647 770 legem,

2062 793 2122 838 ut
2147 785 2341 839 videns
2387 787 2612 850 caelum,
2640 795 2868 853 terram,
2907 803 3059 844 mare
3093 795 3150 844 et
3187 790 3370 844 omnia
3411 806 3533 860 qua:
3588 791 3646 846 in

2060 890 2126 932 eo
2151 885 2304 942 sunt,
2339 877 2627 948 gloriﬁcet,
2661 893 2725 934 ac
2761 890 3058 934 veneretur
3081 880 3336 952 opiﬁcem
3367 891 3424 935 et
3453 883 3648 938 condio

2061 965 2237 1022 torem
2267 982 2498 1034 eorum;
2551 983 2615 1023 ex
2642 968 3058 1039 pulchritudine
3085 972 3256 1036 enim,
3293 973 3391 1036 ait,
3425 982 3482 1028 et
3533 990 3650 1028 am.

2061 1059 2330 1130 plitudine
2353 1061 2694 1118 conditarum
2721 1077 2904 1120 rerum
2928 1080 3039 1121 non
3073 1065 3375 1134 incongrue
3403 1067 3646 1138 ipsarum

2061 1151 2242 1224 opifex
2276 1153 2642 1225 dignoscitur.
2677 1154 2956 1222 Quoniam
2993 1173 3126 1215 vero
3163 1159 3300 1215 vidit
3337 1175 3438 1215 nos
3464 1177 3529 1215 ex
3564 1161 3650 1216 his

2061 1245 2286 1302 minime
2304 1245 2604 1316 profecisse
2635 1247 2690 1302 in
2708 1248 2829 1318 ejus
2858 1249 3192 1318 cOgnitione,
3228 1252 3339 1307 imo
3363 1253 3420 1306 in
3452 1255 3650 1324 quovis

2061 1336 2206 1390 malo
2239 1331 2576 1405 implicatos,
2606 1337 2834 1412 alteram
2867 1341 3174 1396 curationis
3207 1343 3452 1413 speciem
3483 1343 3647 1400 adhi-

2061 1430 2172 1496 bet,
2211 1441 2266 1485 et
2289 1429 2510 1499 Moysen
2573 1431 2944 1503 legislatorem
2981 1436 3198 1501 statuit,
3237 1446 3294 1491 et
3331 1453 3430 1506 per
3481 1453 3650 1506 opera

2059 1523 2218 1579 nobis
2250 1523 2514 1593 loquitur.
2551 1523 2658 1580 Sed
2685 1541 2809 1581 cum
2847 1541 3029 1598 neque
3059 1543 3127 1583 ex
3160 1529 3264 1584 hoc
3292 1529 3436 1585 facto
3487 1532 3649 1600 quid;

2059 1632 2222 1687 quam
2281 1617 2534 1673 utilitatis
2599 1621 3107 1696 ceperirnus,~nop
3166 1633 3394 1693 propter
3449 1585 3662 1686 medi:

2061 1719 2256 1777 artem,
2297 1699 2489 1766 verum
2521 1721 2748 1782 propter
2791 1713 2916 1772 vitae
2957 1723 3161 1770 nostra:
3205 1717 3650 1786 improbitatem;

374 1804 554 1872 μασὶῳ
587 1803 788 1877 χρᾶται
821 1804 1121 1874 φαρμάκῳ,
1153 1803 1250 1857 καὶ
1273 1803 1341 1856 δι’
1367 1803 1563 1858 ἑαυτοῦ
1597 1803 1729 1874 ἡμῖν
1758 1803 1951 1872 ἐπιδη-

2062 1805 2266 1866 malum
2290 1819 2425 1860 vero
2450 1806 2506 1860 in
2541 1805 2663 1860 dies
2701 1816 3023 1875 augeretur,
3053 1819 3107 1862 et
3146 1810 3372 1863 morbus
3398 1809 3648 1878 ingrave-

371 1897 486 1964 μετ.
527 1915 545 1947 ι
578 1894 751 1957 Αὐτὸς
780 1895 912 1964 γὰρ,
944 1896 1111 1965 φησιν
1135 1895 1164 1947 ὁ
1198 1891 1452 1960 Ἡσαΐας,
1477 1894 1622 1965 ἥξει,
1653 1895 1750 1948 καὶ
1790 1894 1953 1948 σώσει

367 1988 514 2057 ἡμᾶς
539 2002 553 2016 '
598 2006 618 2038 ι
654 1987 818 2048 αὐτὸς
861 1987 958 2039 καὶ
996 1987 1095 2057 ούχ
1121 1988 1308 2059 ἕτερος
1337 1987 1584 2051 κενώσας
1631 1988 1825 2042 ἑαυτὸν
1867 1988 1962 2041 καὶ

368 2079 492 2134 καθ’
521 2082 669 2150 ἡμᾶς
705 2078 1056 2150 χρηματίσας
1092 2078 1415 2152 ἄνθρωπος,
1450 2081 1540 2136 ἵνα
1578 2078 1810 2152 περιέλῃ
1849 2081 1958 2134 πᾶσ-

369 2188 470 2227 σαν
501 2172 658 2244 ἡμῶν
688 2172 970 2243 ἀφορμήν.

361 2374 363 2377 ’
434 2373 652 2444 Μηκέτι
685 2375 874 2432 λοιπὸν
905 2373 1242 2448 ἀμφίόαλλε,
1279 2376 1355 2449 μή
1390 2377 1622 2450 θορυδοῦ
1662 2375 1788 2432 καθ’
1816 2379 1949 2432 ἑαυι

363 2469 454 2523 τὸν
485 2469 767 2538 σάρκωσιν
798 2469 1016 2524 ἀκούων
1044 2470 1182 2523 Θεοῦ
1205 2510 1221 2536 ,
1254 2473 1350 2524 καὶ
1380 2469 1452 2523 τὰ
1480 2471 1580 2540 τῆς
1614 2468 1950 2543 σαρκώσεως

365 2563 495 2616 ίδια.
527 2562 757 2624 Ἡσαΐας
787 2561 888 2633 βοᾷ
913 2578 998 2616 σοι
1022 2576 1038 2592 ο
1070 2580 1091 2614 ι
1139 2562 1269 2617 Ἰδοὺ
1299 2564 1332 2632 ή
1367 2561 1634 2632 παρθένος
1661 2562 1722 2615 ὲν
1750 2567 1953 2632 γαστρὶ

362 2654 598 2726 λήψεται
630 2657 729 2708 καὶ
757 2656 978 2723 τέξεται
1023 2655 1164 2722 υίδν,
1197 2656 1295 2710 καὶ
1324 2655 1618 2710 καλέσουσι
1679 2656 1740 2709 τὸ
1774 2656 1950 2728 ὄνομα

363 2746 532 2801 αὐτοῦ
580 2747 936 2817 Ἐμμανουήλ
959 2763 974 2778 ο
1015 2746 1137 2816 μέλι
1167 2748 1260 2800 καὶ
1307 2745 1570 2817 βούτυρον
1609 2748 1848 2818 φάγεται
1872 2763 1886 2778 ο
1924 2767 1948 2800 ν

366 2839 465 2894 καὶ
505 2835 698 2902 αὖθιςο
739 2857 758 2891 ι
793 2839 1016 2893 Παιδίον
1044 2839 1308 2908 ἐγεννήθη
1341 2842 1499 2911 ἡμῖν,
1528 2841 1625 2895 καὶ
1656 2841 1766 2905 υίὸς
1792 2841 1948 2912 ἐδόθη

363 2933 522 3003 ήμίν,
552 2929 612 2983 οῦ
655 2921 863 3001 ήὰρχὴ
897 2931 992 2983 ἐπὶ
1029 2931 1124 2984 τοῦ
1171 2929 1328 3002 ὤμου
1378 2931 1571 2992 αὑτοῦ.
1632 2932 1946 3003 θαυμαστὸς

367 3021 695 3092 σύμϐουλος,
763 3022 898 3086 Θεὸς
962 3022 1203 3093 ίσχυρδς,
1258 3023 1442 3094 πατὴρ
1499 3023 1595 3078 τοῦ
1651 3026 1942 3093 μέλλοντος

365 3115 615 3179 αἰῶνος.»
649 3115 710 3168 Et
736 3115 918 3168 τοίνυν
941 3115 1004 3168 τὸ
1025 3114 1287 3184 γεννηθὲν
1317 3114 1533 3170 παιδίον
1558 3115 1696 3174 Θεὸν
1725 3115 1948 3186 ἰσχυρὸν
1974 3143 2020 3207 c

365 3209 395 3261 δ
423 3210 712 3279 προφήτης
745 3208 880 3278 φησὶ
909 3209 1004 3262 καὶ
1033 3207 1130 3261 τοῦ
1165 3208 1452 3278 μέλλοντος
1484 3209 1682 3273 αἰῶνος
1715 3209 1945 3281 πατέρα,

368 3303 483 3367 πῶς
523 3303 648 3372 οὐχὶ
688 3302 938 3364 θεοτόκος
968 3301 1079 3377 ,καὶ
1119 3300 1394 3372 παρθένος
1436 3301 1665 3372 κληθείη
1705 3302 1772 3356 ἂν
1814 3303 1848 3373 ἡ
1887 3302 1950 3356 τὸ

364 3395 579 3451 παιδίον
605 3396 766 3450 τοῦτο
793 3394 1139 3466 γεννήσασα;
1170 3394 1290 3446 Ἷνα
1314 3393 1367 3447 τί
1397 3392 1588 3448 λοιπὸν
1620 3394 1948 3465 ματαιάζεις

363 3493 459 3544 καὶ
489 3491 585 3546 ἐπὶ
614 3492 794 3554 κενοῖς
827 3491 1192 3559 κακουργεῖς;
1221 3491 1345 3543 Ἱνα
1365 3489 1420 3541 τί
1447 3490 1542 3554 τὰς
1573 3488 1749 3554 λέξεις
1778 3489 1949 3542 ύπαλ·

362 3582 597 3645 λάιττεις,
631 3581 725 3634 καλ⁸
752 3583 932 3638 νεᾶνιν
963 3581 1084 3634 ἀντὶ
1116 3579 1389 3650 παρθένου
1419 3579 1840 3646 ἀναγινώσκεις,
1868 3577 1947 3648 τῷ

366 3671 446 3739 σῷ
475 3671 784 3741 διδασκάλῳ
814 3674 919 3724 κάν
947 3673 1158 3736 τούτοις
1190 3671 1526 3736 ἀκολουθῶν,
1567 3670 1774 3742 Ἀκύλᾳ
1803 3671 1949 3741 λέγω

364 3762 442 3832 τῷ
475 3741 874 3830 μῖιταιόφρονις
916 3763 1111 3831 Ἡμεῖς
1145 3764 1274 3834 περὶ
1303 3765 1403 3833 τήν
1432 3763 1578 3828 λέξιν
1606 3765 1668 3817 ού
1701 3741 1947 3834 ζυγομαη

362 3835 568 3926 χοῦμεν
590 3869 604 3883 ·
645 3853 846 3908 ταυτὸν
879 3853 988 3923 γὰρ
1026 3854 1266 3918 νεάνιδος
1302 3859 1398 3913 καὶ
1433 3856 1712 3926 παρθένου
1749 3858 1810 3910 τὸ
1851 3873 1948 3924 ση-

364 3950 557 4018 μαῖνον
589 3946 732 4000 κατὰ
761 3946 862 4016 τὴν
893 3946 987 3998 τοῦ
1020 3949 1447 4018 Δευτερονομίου
1480 3935 1803 4018 παράδοσιν.
1839 3950 1947 4004 Καὶ

359 4039 414 4092 τί
444 4041 552 4108 χρὴ
581 4039 750 4091 πολλὰ
778 4039 996 4107 λέγειν;
1028 4040 1090 4092 ΕΞ
1127 4041 1202 4109 μή
1233 4043 1324 4093 τὸν
1354 4040 1518 4094 τόκον
1541 4040 1847 4110 παράδοξον
1872 4041 1949 4094 εί-

363 4146 563 4199 πομεν,
603 4130 654 4182 εί
695 4132 934 4196 γυναῖκα
977 4128 1250 4199 παρθένον
1291 4130 1506 4199 μητέρα
1544 4129 1761 4183 παιδίου
1799 4130 1948 4197 γενέ-

362 4223 489 4276 σθαι
530 4221 970 4292 ὁμολογήσομεν,
1013 4220 1268 4290 ψεύδεται
1312 4223 1341 4274 ὀ
1390 4221 1678 4290 προφήτης
1720 4223 1946 4290 σημεῖον

360 4313 438 4382 τῷ
461 4312 637 4380 ’Δχαζ
667 4312 884 4381 δοθῆναι
911 4311 1086 4380 λέγων
1118 4311 1270 4382 παρὰ
1297 4311 1455 4365 Θεοῦ.
1499 4311 1659 4364 Ἀλλά
1685 4313 1737 4364 τί
1763 4311 1946 4378 τοῦτο,

361 4405 453 4458 καὶ
486 4404 732 4457 ποταπόν
761 4404 882 4456 ἐστι
909 4403 972 4456 τὸ
1005 4405 1267 4472 σημεῖον;
1303 4402 1615 4473 Πρόσσχες,
1649 4406 1697 4455 εί
1731 4404 1942 4473 βούλει,

2067 1907 2248 1956 sceret
2276 1917 2292 1953 :
2322 1898 2434 1953 alio
2468 1897 2718 1954 validiori
2747 1910 2802 1954 et
2829 1899 3059 1956 miriﬁco
3096 1901 3274 1955 utitur
3304 1903 3566 1966 remedio,
3597 1914 3653 1958 ct

2066 2007 2160 2061 per
2185 2006 2243 2047 se
2269 1992 2448 2061 ipsum
2479 1992 2544 2047 ad
2571 2007 2673 2048 nos
2701 1993 2872 2048 venit.
2905 2011 2923 2046 ι
2963 1993 3098 2078 ipse
3140 1995 3310 2060 enim,
3345 1995 3517 2052 Isaias
3549 1998 3648 2061 ait,

2065 2084 2269 2149 veniet,
2296 2095 2352 2138 et
2376 2085 2610 2139 salvahit
2641 2099 2765 2150 nos,
2814 2104 2833 2137 ι
2872 2085 2990 2155 ipse
3017 2096 3073 2141 et
3120 2102 3232 2141 non
3259 2088 3423 2153 alius,
3455 2090 3652 2144 exinao

2065 2177 2227 2231 niens
2260 2177 2646 2246 sen'etipsum,
2679 2185 2735 2232 et
2757 2178 2899 2247 apud
2926 2194 3028 2234 nos
3055 2193 3226 2251 agens
3257 2188 3316 2235 ut
3367 2181 3554 2250 homo,
3590 2192 3652 2238 ut

2067 2283 2290 2326 omnem
2326 2283 2358 2323 a
2386 2269 2546 2331 nobis
2571 2269 2786 2326 auferat
2809 2271 2980 2326 animi
3016 2274 3466 2330 commotionem.

2129 2365 2211 2422 Ne
2232 2366 2472 2436 amplius
2496 2365 2664 2438 igitur
2691 2367 2930 2434 dubites,
2964 2383 3144 2439 neque
3181 2371 3418 2426 turberis
3453 2373 3509 2428 in
3566 2385 3652 2429 tea

2057 2459 2186 2515 meti
2195 2473 2292 2529 pso
2322 2459 2598 2514 carnalem
2621 2459 2854 2516 audiens
2879 2463 3288 2532 generationem
3309 2465 3428 2533 Dei,
3455 2476 3510 2522 et
3530 2483 3650 2538 qua:

2059 2555 2288 2626 hujusce
2320 2553 2558 2610 carnalis
2582 2557 2962 2626 generationis
2989 2567 3120 2614 sunt
3156 2561 3399 2631 propria,
3429 2578 3648 2620 annun-

2057 2647 2229 2702 tiante
2260 2647 2434 2702 Isaia:
2491 2667 2510 2700 ι
2543 2649 2682 2704 Ecce
2719 2648 2874 2720 virgo
2919 2650 2974 2704 in
3000 2661 3190 2706 ventre
3246 2655 3542 2725 concipiet,
3596 2666 3653 2712 et

2059 2739 2240 2810 pariet
2277 2740 2472 2804 lilium,
2506 2749 2563 2795 et
2586 2739 2866 2818 vocabunt
2908 2756 3110 2798 nomen
3138 2744 3258 2813 ejus
3288 2744 3648 2815 Emmanuel;

2059 2832 2166 2886 mel
2201 2841 2255 2887 et
2280 2832 2535 2904 butyrum
2573 2833 2824 2888 comedet
2859 2848 2876 2899 ;
2914 2852 2934 2886 ι
2967 2842 3024 2889 et
3050 2834 3286 2890 iterum:
3331 2856 3349 2888 ι
3381 2834 3524 2892 Puer
3553 2855 3625 2894 na

2060 2933 2147 2980 tus
2171 2935 2255 2981 est
2287 2925 2471 2991 nobis,
2499 2925 2646 2981 ﬁlius
2669 2926 2829 2982 datus
2879 2937 2970 2984 est
3020 2929 3200 2994 nobis,
3247 2933 3406 3000 cujus
3441 2932 3649 3002 princio

2056 3025 2218 3088 patus
2251 3032 2422 3086 super
2482 3016 2776 3072 humerum
2807 3019 2931 3087 ejus
2959 3059 2976 3087 ,
3011 3019 3350 3076 admirabilis
3393 3023 3651 3078 consilia-

2058 3111 2194 3175 rius,
2245 3109 2394 3164 Deus
2423 3109 2606 3175 fortis,
2633 3120 2788 3180 pater
2839 3110 3007 3167 futuri
3063 3112 3271 3168 saaculi.
3311 3133 3330 3165 ι
3363 3114 3422 3170 Si
3481 3115 3651 3188 igitur

2052 3212 2242 3258 natum
2293 3203 2692 3272 lilium,Deum
2741 3205 2940 3261 fortem
2968 3205 3108 3262 dixit
3143 3207 3434 3279 propheta,
3459 3219 3514 3266 et
3563 3210 3648 3266 fu-

2053 3297 2158 3351 turi
2212 3297 2398 3352 smculi
2462 3306 2718 3367 patrem,
2783 3300 3061 3368 quomodo
3117 3316 3231 3356 non
3297 3301 3392 3357 Dei
3451 3319 3654 3373 parens

2049 3399 2104 3444 et
2135 3391 2286 3460 virgo
2319 3389 2624 3455 vocabitur,
2665 3403 2788 3459 qua:
2822 3390 2994 3445 ﬁlium
3055 3391 3206 3446 hunc
3265 3393 3487 3463 genuit?
3529 3395 3651 3450 Cm-

2053 3489 2232 3534 teruin
2261 3482 2390 3551 quid
2420 3482 2606 3537 inania
2630 3493 2845 3554 captas,
2878 3493 2934 3540 et
2958 3485 3015 3538 in
3053 3485 3310 3542 inanibus
3333 3489 3479 3541 male
3509 3504 3648 3558 opoo

2051 3573 2226 3627 raris?
2285 3574 2430 3639 Quid
2489 3575 2768 3631 dictiones
2818 3576 3076 3642 invertis,
3139 3587 3196 3632 et
3252 3578 3491 3646 puellam
3551 3596 3652 3649 pro

2050 3662 2260 3734 virgine
2292 3664 2447 3735 legis,
2478 3680 2605 3720 cum
2653 3666 2918 3737 magistro
2952 3676 3048 3722 tuo
3102 3676 3158 3722 et
3207 3669 3260 3722 in
3297 3669 3451 3726 hisce
3508 3686 3649 3726 con-

2051 3755 2319 3819 sentiens,
2359 3758 2576 3827 Aquila,
2604 3757 2752 3825 dico,
2805 3759 3150 3829 desipienti?
3223 3759 3334 3817 Nos
3385 3764 3530 3817 circa
3563 3764 3650 3818 di-

2050 3849 2288 3904 ctionem
2313 3865 2426 3906 non
2456 3851 2724 3914 rixamur,
2769 3853 2966 3907 eadem
3020 3852 3170 3907 enim
3223 3853 3418 3923 puella:
3478 3864 3643 3925 atque
3685 3863 3689 3866 ’

2050 3941 2276 4010 virginis
2306 3941 2629 4012 signiﬁcatio
2648 3943 2804 4013 juxta
2831 3943 3241 4000 Deuteronomii
3263 3947 3642 4003 traditionem.

2052 4031 2254 4086 Verum
2293 4033 2426 4102 quid
2467 4034 2804 4104 pluraiNisi
2829 4046 3045 4107 partum
3073 4039 3458 4096 admirandum
3501 4042 3652 4096 dicas-

2051 4141 2196 4188 mus,
2231 4126 2336 4181 nisi
2374 4128 2662 4184 mulierem
2688 4129 2952 4200 virginem
2985 4130 3143 4200 pueri
3192 4143 3424 4187 matrem
3474 4133 3645 4190 fuisse

2051 4216 2436 4278 conliteamur.
2499 4219 2767 4272 mentitur
2817 4221 3082 4290 propheta
3144 4221 3360 4294 signum
3395 4224 3514 4280 dari
3567 4227 3650 4280 di-

2052 4322 2188 4361 cens
2210 4306 2396 4362 Achaz
2431 4324 2462 4363 a
2502 4309 2636 4365 Deo.
2671 4309 2779 4366 Sed
2814 4313 3089 4380 quodnam
3127 4314 3232 4369 hoc
3265 4325 3318 4368 et
3353 4315 3515 4383 quale
3565 4328 3648 4370 est

2052 4399 2303 4468 signum?
2335 4399 2594 4466 Attende,
2629 4401 2674 4457 si
2713 4402 2874 4469 libet,
2916 4403 3094 4470 Isaiaa;
3130 4405 3475 4474 praphetiam
3529 4405 3646 4476 lege

359 4496 436 4563 τῷ
473 4495 672 4564 Ἡσαΐᾳ
692 4534 707 4555 ,
739 4493 836 4563 τὴν
869 4495 1212 4564 προφητείαν
1247 4494 1528 4561 ἀνάγνωθι
1565 4494 1686 4548 καθ’
1715 4495 1939 4564 εἱρμὸν,

2056 4504 2148 4556 per
2175 4489 2424 4545 ordinem
2448 4508 2464 4556 ;
2512 4508 2631 4562 qua:
2657 4493 2760 4548 sibi
2791 4505 3044 4550 constant
3070 4512 3139 4550 ne
3162 4497 3530 4565 detorquens;
3557 4485 3644 4551 iu-

365 4583 440 4654 μὴ
466 4584 643 4644 καλῶς
669 4584 883 4639 ἑστῶτα
907 4586 1224 4654 διάστρεφε,
1249 4587 1357 4648 τοίς
1385 4586 1535 4639 κάτω
1557 4587 1626 4639 τὰ
1649 4586 1761 4640 ἄνω
1786 4587 1946 4641 (niva-

361 4694 462 4729 πτε
485 4693 500 4708 ·
533 4679 628 4729 καὶ
658 4675 801 4728 οῦτω
835 4676 1060 4747 μαθήσῃ
1089 4676 1184 4730 τοῦ
1221 4677 1528 4747 μυστηρίου
1558 4679 1659 4746 τὴν
1688 4676 1940 4746 δύναμιν.

358 4769 466 4822 T06
503 4773 614 4840 γὰρ
638 4768 846 4838 Ἀχαζ,
879 4770 1044 4838 ήνίκα
1079 4770 1230 4838 παρὰ
1261 4768 1356 4822 τοῦ
1396 4771 1677 4839 προφήτου
1716 4773 1944 4839 σημεῖον

360 4864 582 4932 αἰτῆσαι
633 4861 1030 4932 παρεόιάζετο,
1084 4862 1362 4928 εἰπόντος,
1419 4881 1436 4914 ‹
1473 4864 1546 4915 Ού
1710 4864 1942 4932 αἰτήσω,

361 4956 482 5008 οὐδὲ
518 4956 579 5008 οὐ
621 4954 697 5024 μὴ
731 4953 978 5024 πειράσω
1020 4953 1108 5006 τὸν
1133 4953 1346 5022 ,Κύριον
1371 4970 1385 4983 ·
1420 4975 1438 5006 ι
1471 4957 1500 5007 ὁ
1531 4957 1818 5024 προφήτης
1848 4956 1944 5009 αῦ-

362 5047 446 5109 θις
473 5047 723 5116 ὶπήγαγε
748 5045 926 5112 λέγων
947 5060 962 5076 ο
1008 5061 1027 5096 ι
1057 5044 1153 5097 Διὰ
1185 5045 1342 5098 τοῦτο
1364 5045 1522 5100 δώσει
1555 5046 1757 5115 Κύριος
1784 5046 1944 5110 αὐτὸς

310 5151 314 5154 ’
360 5139 493 5206 ύμῖν
541 5140 804 5208 σημεῖονο
851 5137 958 5189 ἰδοὺ
1012 5139 1046 5206 ἠ
1102 5135 1371 5206 παρθένος
1407 5138 1464 5191 ὲν
1519 5139 1720 5205 γαστρὶ
1777 5137 1946 5207 λήψε-

359 5247 505 5286 ται.»
536 5230 793 5284 Μάνθανε
829 5222 922 5281 οῦν
951 5227 1200 5284 ἐντεῦθεν
1231 5229 1315 5282 ὅτι
1337 5229 1396 5282 τὸ
1429 5229 1581 5282 δοθὲν
1613 5231 1840 5298 σημεῖον
1870 5230 1947 5300 τῷ

367 5323 543 5394 Ἀχαζ
573 5324 674 5392 οὺχ
706 5321 895 5390 ἕτερόν
926 5321 1075 5372 ἐστιν
1109 5320 1142 5390 ἢ
1174 5320 1236 5374 τὸ
1267 5323 1509 5388 γυναῖκα
1542 5322 1643 5392 μὲν
1673 5322 1857 5376 λαϐεῖν
1889 5326 1946 5376 ἐν

360 5435 498 5487 γαστ
511 5419 561 5487 ρ“ι
581 5454 596 5478 ,
629 5416 804 5485 ἑτέρῳ
833 5412 890 5466 δέ
919 5429 1030 5467 τινι
1060 5413 1250 5483 τρόπῳ
1279 5413 1728 5484 παρηλλαγμένῳ
1759 5415 1853 5469 καὶ
1883 5416 1944 5474 οὐ

360 5509 604 5580 συνήθει.
641 5507 706 5562 Et
749 5506 858 5576 γὰρ
896 5504 958 5559 τὸ
1000 5508 1227 5575 σημεῖον
1270 5505 1420 5569 ξένον
1459 5506 1512 5559 τί
1556 5509 1671 5560 ἐστι
1710 5510 1945 5576 πρᾶγμα

359 5603 453 5653 καὶ
480 5600 646 5668 ἄηθες
665 5643 678 5666 ,
707 5601 960 5662 τοιοῦτος.
978 5599 1186 5667 ὀφείλει
1214 5601 1306 5650 καὶ
1332 5600 1360 5651 ὁ
1385 5599 1543 5662 τόκος
1568 5595 1709 5652 εἶναι
1735 5600 1942 5654 λοιπόν.

359 5691 436 5744 Τὸ
464 5691 521 5742 δὲ
543 5694 604 5742 ἐκ
626 5691 933 5760 θελήματος
955 5691 1146 5763 ἀνδρὸς
1174 5689 1461 5759 γεννηθὲν,
1490 5688 1726 5757 ὁπηνίκα
1757 5689 1946 5757 δηλον-

363 5780 450 5836 ότι
477 5782 700 5852 γυναικὶ
733 5781 1108 5854 συμπλακείη,
1157 5781 1251 5836 καὶ
1280 5779 1455 5835 ταυτα
1496 5779 1717 5845 νεάνιδι,
1749 5782 1850 5834 οὐκ
1879 5783 1945 5837 ἄν

2050 4580 2343 4636 feriorihus
2385 4583 2669 4652 superiora
2711 4586 2991 4657 conjuge:
3033 4603 3097 4641 ac
3134 4589 3214 4642 sic
3245 4589 3460 4643 edisces
3526 4605 3641 4660 my-

2049 4671 2202 4724 sterii
2238 4673 2562 4741 potentiam.
2589 4673 2822 4739 Quando
2851 4676 2997 4730 enim
3024 4677 3229 4732 ’Achaz
3273 4681 3571 4749 cogebatur
3606 4697 3637 4735 a

2049 4765 2315 4833 propheta
2355 4777 2414 4820 ut
2455 4777 2666 4836 peteret
2711 4769 2954 4839 signum,
2992 4787 3118 4825 cum
3159 4772 3423 4827 dixisset:
3461 4793 3478 4824 ι
3521 4772 3640 4828 Non

2050 4864 2250 4922 petam,
2292 4874 2469 4927 neque
2527 4861 2753 4916 oninino
2805 4863 3030 4918 tentabo
3071 4863 3386 4928 Dominum,
3457 4885 3475 4918 ι
3515 4881 3640 4937 pro-

2048 4946 2210 5014 pheta
2243 4951 2438 5003 iterum
2460 4952 2705 5016 subdidit
2739 4953 2972 5011 dicens:
3037 4974 3053 5004 ι
3098 4955 3330 5025 Propter
3360 4944 3475 5011 hoc.
3517 4959 3636 5026 ipse

2050 5038 2312 5095 Dominus
2342 5042 2491 5096 dabit
2540 5044 2698 5099 vobis
2719 5047 2970 5116 signum:
3030 5063 3161 5102 ecce
3193 5050 3345 5118 virgo
3393 5050 3447 5104 in
3482 5059 3639 5105 utero

2049 5131 2340 5201 concipiet.
2381 5152 2400 5186 ι
2438 5133 2594 5189 Disce
2623 5136 2788 5205 igitur
2815 5152 2882 5191 ex
2915 5139 3044 5202 hoc,
3079 5141 3225 5209 quod
3279 5142 3492 5212 signum
3547 5145 3639 5199 da-

2052 5235 2164 5288 tum
2197 5225 2380 5280 Achaz
2435 5227 2645 5282 nullum
2681 5229 2830 5284 aliud
2884 5241 2968 5286 est
3019 5249 3180 5302 quam
3240 5238 3386 5305 quod
3442 5238 3640 5300 mulier

2049 5319 2268 5386 quidem
2299 5319 2574 5389 concipiet
2606 5321 2660 5375 in
2693 5332 2911 5389 ventre,
2946 5326 3043 5381 sed
3081 5326 3188 5383 alio
3217 5330 3450 5398 quodam
3475 5335 3637 5383 modo

2051 5410 2270 5464 diverso
2319 5415 2374 5464 et
2426 5411 2667 5468 insolito.
2733 5413 2790 5470 Si
2825 5417 2974 5471 enim
3032 5419 3246 5489 signum
3311 5436 3511 5474 novum
3552 5430 3636 5474 est

2050 5503 2360 5578 aliquidiet
2410 5503 2770 5570 inusitatum,
2823 5519 3014 5578 partus
3068 5512 3230 5566 etiam
3281 5527 3415 5565 sane
3473 5512 3635 5570 debet

2051 5610 2171 5650 esse
2200 5577 2328 5664 quid
2357 5597 2560 5651 simile.
2619 5595 2777 5663 Quod
2809 5615 2939 5655 vero
2981 5603 3224 5656 nascitur
3253 5617 3318 5654 ex
3356 5601 3636 5658 voluntate

2051 5691 2178 5754 viri,
2201 5690 2423 5759 quando
2458 5691 2718 5745 nimirum
2757 5707 2882 5745 cum
2927 5708 3097 5747 uxore
3122 5694 3494 5764 conjungitur,
3551 5699 3634 5750 vel

2053 5784 2220 5838 etiam
2255 5797 2377 5840 cum
2429 5775 2637 5854 puella,
2676 5798 2958 5851 nunquam
3015 5799 3145 5841 sane
3177 5784 3426 5857 signum,
3459 5802 3635 5850 usque
