4048 6442
377 448 483 545 885

1723 489 2089 552 EPISTOLA
2134 493 2288 555 XIV.

3452 446 3453 449 γ
3521 450 3626 565 sse

377 591 627 662 ἀπῆλθον
653 589 1086 664 ἀποδιδράσκων,
1118 598 1343 653 κὲκεϊσε
1391 599 1686 672 ἠγαγόμην
1717 600 1927 669 ἀλλόφυη

2057 619 2206 668 nam,
2243 604 2315 660 ita
2357 613 2411 660 et
2444 605 2533 660 ille
2564 621 2592 661 a
2624 607 3029 663 contribulihus
3060 607 3315 679 rejectus,
3349 580 3433 665 ad.
3461 611 3624 665 aliam

374 683 492 751 λον,
519 685 663 740 οὕτω
712 689 965 752 κάκεῖνος
1030 692 1139 743 τῶν
1189 690 1482 761 ὁμοφύλων
1539 693 1948 761 ἀποπεμφθεὶς,

377 773 515 843 πρὸς
550 773 968 845 ἀλλογενήματα
996 778 1246 851 βήσεται,
1277 783 1376 851 τὴν
1428 781 1487 847 ἐξ
1516 781 1687 834 ἐθνῶν
1741 782 1948 853 δηλαδὴ

374 863 696 936 ἐκκλησίαν.
729 866 866 931 «Ὦς
888 872 1049 936 ἐμέ.»
1087 870 1299 941 Ὠσπερ
1351 872 1462 941 ἐγὼ
1497 873 1649 944 παρὰ
1676 875 1769 929 τοῦ
1809 872 1947 928 Θεοῦ

374 957 687 1030 ἀπεστάλην
719 961 811 1013 ἐπὶ
844 962 936 1015 τὸν
981 962 1111 1016 λαὸν
1176 964 1274 1018 ἀπ’
1307 964 1588 1033 Αἰγύπτου
1645 964 1947 1034 ἐξελέσθαι,

375 1046 520 1102 οὕτω
550 1051 801 1115 κάκεῖ-λος
830 1051 982 1122 παρὰ
1015 1050 1111 1106 τοῦ
1166 1054 1370 1109 οἰκείου
1430 1055 1665 1127 Πατρδς,
1735 1056 1822 1110 ἵνα
1854 1057 1947 1110 τὸν

377 1143 585 1210 κόσμον
610 1143 764 1219 ἐξέλῃ
794 1144 894 1213 τῆς
930 1146 1272 1218 κατεχοῦσης
1312 1148 1477 1201 αὐτὸν
1538 1146 1774 1218 ζοφερᾶς
1804 1147 1945 1201 πλά-

374 1251 471 1303 νης
505 1235 600 1288 καὶ
629 1232 921 1304 ἁμαρτίας.
984 1255 1003 1289 ι
1049 1234 1139 1302 Ὠς
1191 1240 1313 1309 ἐμέ.
1353 1252 1373 1291 ι
1409 1240 1623 1312 Ὥσπερ
1683 1239 1797 1308 ἐγὼ
1854 1240 1946 1294 διὰ

372 1326 472 1390 τῆς
501 1326 612 1379 τῶν
635 1327 837 1398 χειρῶν
865 1330 1140 1394 ἐκτάσεως
1188 1331 1591 1402 έτροπωσάμην
1645 1332 1736 1385 τὸν
1779 1331 1947 1403 Ἀμα-

373 1415 496 1485 λὴκ,
527 1415 670 1470 οὕτω
700 1419 952 1481 κάκεῖνος
982 1421 1081 1483 τὰς
1113 1423 1303 1492 χεῖρας
1343 1421 1588 1486 ἐκτείνας
1652 1421 1745 1474 ἐπὶ
1782 1439 1946 1475 σταυο

376 1505 467 1573 ροῦ
498 1502 586 1558 τὸν
616 1506 805 1577 νοητὸν
825 1506 1098 1578 τροπώσει
1132 1509 1224 1564 τὸν
1263 1508 1538 1578 Ἀμαλήκ.
1580 1526 1600 1560 ι
1621 1506 1636 1526 ⁹
1656 1508 1726 1571 Ως
1757 1508 1882 1578 ἐμέ.
1917 1526 1937 1559 ι

374 1596 588 1669 Ὠσπερ
608 1601 716 1667 γὰρ
735 1597 867 1669 ἐγὼ,
888 1601 975 1654 ἵνα
1001 1602 1076 1672 μὴ
1094 1596 1238 1670 λέγω
1266 1600 1334 1654 τὰ
1360 1598 1481 1654 καθ’
1509 1598 1764 1666 ἕκαστον,
1786 1616 1946 1669 νομο-

373 1684 534 1761 θέτης
561 1691 692 1746 λαοῦ
717 1694 809 1745 καὶ
825 1693 1011 1763 ἄρχων
1028 1694 1378 1765 κεχειροτόνη
1388 1711 1508 1763 μαι,
1526 1684 1671 1746 ὀῦτω
1688 1693 1943 1756 κάκεῖνος

370 1781 669 1850 νομοθέτης
697 1784 814 1846 νέος
844 1776 1221 1855 ὀφθήσεται,ἰ
1258 1783 1370 1838 Καὶ
1402 1782 1578 1848 ἔσται,
1610 1783 1761 1836 πᾶσα
1793 1781 1942 1854 ψυχὴ

367 1870 485 1942 ἣτις
520 1871 622 1925 οὐκ
650 1870 1031 1929 εἰσακούσεται
1056 1872 1245 1939 αὑτοῦ,
1273 1871 1805 1944 έξολοθρευθήσεται.
1842 1890 1863 1926 ι

2052 703 2269 764 gentem
2313 696 2631 764 descendet,
2684 699 2751 754 ad
2787 706 2990 753 emtum
3033 699 3244 754 scilicet
3275 693 3340 754 ex
3367 701 3623 772 gentibus

2049 784 2329 840 coalitum.
2373 806 2392 839 ι
2425 788 2496 842 Ut
2546 806 2655 845 me.
2686 809 2705 841 ι
2760 791 3231 857 Quemadmodum
3286 807 3385 862 ego
3425 808 3453 844 a
3514 794 3623 846 Deo

2049 874 2248 929 missus
2299 892 2420 933 sum
2458 888 2518 933 ut
2570 880 2833 950 populum
2866 880 2934 935 ab
2975 878 3212 950 Egyplo
3265 881 3620 946 viu.licaretn,

2049 965 2128 1019 sic
2159 976 2215 1021 et
2260 967 2351 1023 ille
2386 971 2454 1023 ab
2488 971 2735 1039 ejusdem
2782 980 2991 1026 naturae
3040 972 3198 1026 Patre
3251 972 3521 1030 mittetur.
3565 980 3622 1026 ut

2046 1058 2311 1121 mundum
2360 1070 2517 1116 eruat
2560 1078 2589 1116 a
2625 1062 2924 1131 coliginoso
2959 1079 3067 1133 quo
3098 1062 3378 1118 detinetur
3432 1078 3621 1117 errore

2049 1152 2103 1197 et
2124 1155 2370 1214 peccato.
2415 1166 2434 1199 ι
2470 1149 2539 1203 Ut
2588 1163 2696 1205 me.
2738 1169 2756 1201 ι
2808 1152 3279 1216 Quemadmodum
3325 1152 3471 1206 enim
3519 1167 3620 1221 ego

2045 1234 2350 1291 elevatione
2382 1254 2636 1293 manuum
2682 1241 2819 1311 fuga:
2866 1241 2991 1296 dedi
3035 1243 3276 1308 Amalec,
3311 1243 3390 1297 sic
3419 1251 3475 1297 et
3530 1242 3620 1297 ille

2048 1340 2241 1380 manus
2286 1329 2589 1384 extendens
2652 1330 2707 1384 in
2769 1347 2935 1387 cruce
2998 1332 3340 1402 spiritualem
3394 1333 3618 1388 Amalec

2013 1407 2349 1473 'subvertet.
2421 1436 2438 1468 ι
2472 1415 2543 1473 Ut
2585 1435 2693 1475 me.
2727 1439 2745 1472 ι
2781 1421 3248 1488 Quemadmodum
3292 1422 3439 1477 enim
3475 1437 3577 1491 ego
3599 1462 3614 1487 ,

2044 1519 2114 1560 ne
2153 1508 2356 1575 qua-vis
2406 1510 2682 1580 sigillatim
2725 1528 3072 1583 percurram,
3121 1513 3400 1585 legislator
3432 1515 3616 1584 populi

2044 1606 2098 1651 et
2129 1596 2236 1651 dux
2279 1598 2597 1668 designatus
2628 1600 2743 1667 fui,
2781 1605 2856 1658 ita
2903 1611 2960 1657 et
3001 1604 3093 1659 ille
3132 1618 3308 1659 novus
3342 1605 3639 1676 legislator'

2044 1689 2348 1758 apparebit,
2393 1710 2412 1741 ι
2440 1692 2508 1746 Ει
2540 1694 2716 1748 omnis
2747 1693 2948 1748 anima'
2979 1708 3100 1764 quae
3130 1694 3307 1766 ipsum
3361 1709 3467 1751 non
3517 1711 3619 1752 au-

2044 1777 2228 1844 dierit,
2272 1777 2639 1849 disperdetur.
2675 1799 2694 1833 ι

438 1963 550 2018 Kal
577 1963 750 2019 ταῦτα
789 1963 888 2034 μὲν
918 1963 1110 2018 τοῦτον
1135 1936 1247 2039 ἔχει
1281 1936 1376 2023 τον
1402 1936 1627 2031 τρόπον.
1663 1963 1737 2016 Σὺ
1769 1961 1815 2014 δ’
1853 1961 1927 2016 ἔτι

2108 1949 2174 2003 Ει
2211 1949 2327 2005 haec
2372 1952 2592 2021 quidem
2645 1952 2719 2007 ita
2769 1967 2829 2009 se
2875 1954 3101 2011 habent.
3134 1952 3218 2012 Tu
3271 1970 3404 2013 vero
3436 1957 3616 2014 adhuc

363 2047 707 2116 άντιπίπτεις
724 2056 818 2107 ἐπὶ
846 2056 913 2126 τῇ
947 2054 1193 2125 ἀληθείᾳ,
1232 2057 1351 2116 ταῖς
1378 2055 1783 2124 παραγραφαῖς
1834 2069 1931 2106 σου

364 2141 607 2218 θαρρεῖς,
637 2148 729 2201 ἐπὶ
759 2150 851 2203 τὸν
875 2148 968 2202 τοῦ
993 2148 1042 2201 Ν
1050 2149 1154 2218 α.υῆ
1197 2147 1408 2219 Ἰησοῦν
1437 2148 1646 2217 ταύτην
1680 2144 1933 2219 ἐπανάγῃ

361 2238 463 2311 τὴν
513 2240 872 2310 προφητείαν.
940 2241 1178 2312 Δέχομαι
1210 2240 1310 2309 τὴν
1369 2239 1749 2310 παραγραφήν
1810 2253 1928 2292 σου.

364 2320 475 2382 Ποῦ
507 2329 564 2383 δὲ
588 2329 830 2400 θήσομεν
853 2329 915 2383 τδ
937 2329 1032 2383 τοῦ
1070 2330 1319 2396 Ἡσαΐου,
1370 2328 1649 2400 τρισάθλιε
1719 2327 1784 2380 σὺ
1835 2327 1933 2380 καὶ

360 2422 716 2492 ταλαίπωρες
750 2420 878 2496 Ἆρ’
910 2423 1154 2494 ἰσχύσεις
1197 2425 1291 2476 καὶ
1348 2423 1448 2492 τήν
1488 2416 1654 2475 αὐτοῦ
1709 2435 1930 2491 προφηο

359 2514 509 2568 τείαν
538 2513 977 2585 ὲκκρούσσσθαι;
1015 2514 1237 2577 Πάντως
1268 2513 1411 2586 οὐχί.
1471 2511 1634 2581 Λέγει
1693 2512 1806 2583 γὰρ
1862 2510 1931 2564 δι’

359 2605 526 2660 αὐτοῦ
559 2607 694 2678 πρὸς
725 2607 816 2661 τὸν
858 2604 1078 2677 Ἰσραὴλ
1099 2609 1126 2659 ὁ
1156 2604 1313 2666 Θεός’
1355 2622 1375 2657 α
1420 2604 1603 2674 Ὑμᾶς
1626 2603 1726 2674 μὲν
1754 2601 1932 2655 ἅνελῶ

358 2697 424 2766 τῇ
459 2695 704 2767 μαχαίρᾳ
742 2712 865 2766 μου,
896 2698 1007 2758 τοῖς
1034 2695 1091 2749 δὲ
1120 2693 1434 2749 δουλεύουσί
1493 2708 1586 2764 μοι
1630 2692 1932 2763 ἐπικληθῆ-

360 2804 513 2841 σεται
547 2787 719 2857 ὄνομα
746 2786 807 2840 το
836 2786 1044 2843 καινόν.
1077 2804 1097 2839 ι
1122 2785 1192 2840 Τί
1212 2786 1428 2855 λέγειςς
1490 2784 1728 2840 Ἀνεῖλεν
1758 2784 1925 2855 ὑμᾶς,

358 2878 583 2949 ἢούχίς
634 2878 993 2933 Δουλεύουσιν
1018 2877 1198 2950 έτεροι
1252 2878 1332 2950 τῷ
1381 2876 1525 2949 Θεῷ,
1576 2878 1610 2948 ἢ
1643 2875 1748 2944 ob;
1804 2876 1928 2931 Κᾶν

360 2973 425 3025 σὺ
467 2973 542 3043 μὴ
565 2973 874 3042 ὁμολογεῖς,
905 2970 1021 3025 ἀλλ’
1048 2970 1181 3026 αὐτὸ
1210 2969 1272 3024 τὺ
1300 2969 1487 3025 καινὸν
1514 2969 1688 3039 ὄνομα
1728 2969 1928 3041 τρανόο

354 3074 513 3135 τερον
539 3063 841 3133 σάλπιγγος
871 3062 993 3134 βοᾷ,
1049 3062 1143 3118 καὶ
1170 3058 1632 3133 διαμαρτύρεται.
1694 3060 1767 3114 Ἢ
1791 3059 1926 3129 γοῦν

359 3153 543 3208 καινὸν
567 3153 742 3219 δεῖξον
773 3154 963 3224 ἕτερον
993 3152 1186 3222 ὄνομα,
1222 3153 1256 3225 ἢ
1314 3152 1376 3207 τὸ
1406 3152 1515 3206 τῶν
1575 3149 1926 3223 Χριστιανῶν

357 3244 448 3300 καὶ
494 3246 643 3300 ἄκων
706 3245 1027 3311 κατάδεξαι.
1080 3243 1189 3300 Τοῦ
1218 3245 1329 3316 γὰρ
1385 3242 1678 3312 ἐπωνύμου
1729 3242 1920 3298 τούτου

356 3340 668 3409 καινότερον
694 3336 792 3406 οὐχ
824 3337 975 3409 εὖροι
1003 3354 1089 3403 τις
1142 3337 1231 3394 ἄν.
1286 3337 1349 3391 El
1402 3336 1461 3390 δὲ
1518 3334 1690 3390 ταῦτα
1747 3333 1923 3399 οὕτως

353 3430 487 3502 ἔχει,
520 3429 607 3484 ἵνα
635 3430 689 3484 τί
718 3431 812 3483 καὶ
844 3429 1012 3483 εἰσέτι
1046 3428 1406 3499 ματαιάζεις;
1441 3426 1565 3483 Ἵνα
1593 3427 1648 3481 τί
1674 3426 1771 3481 καὶ
1800 3444 1926 3481 και-

355 3525 643 3592 ρυσκοπεῖς
665 3522 758 3574 ἐπὶ
788 3523 989 3588 κενοῖς,
1019 3522 1114 3576 καὶ
1147 3522 1314 3576 αὑτὸν
1362 3521 1565 3593 ἐκδέχῃ
1614 3520 1704 3575 τὸν
1730 3521 1924 3591 ἠλειμ-

356 3613 536 3679 μένον,
569 3612 702 3681 μηδὲ
731 3613 912 3672 τοῦτο.
949 3612 1054 3665 κᾶν
1082 3613 1337 3678 ὲννοῆσαι
1382 3611 1642 3682 δυνηθῇς,
1696 3610 1778 3674 τίς
1807 3627 1865 3663 τε
1895 3610 1925 3664 ὁ

355 3698 682 3767 ήλειμμένος
705 3701 840 3762 ἐστὶ,
867 3701 964 3753 καὶ
996 3701 1164 3754 πόθεν
1208 3701 1357 3771 αὐτῷ
1388 3701 1646 3771 ¹συσταίη
1700 3701 1771 3755 τὰ
1824 3703 1925 3771 τῆς

352 3788 642 3857 γενέσεως.
690 3790 848 3843 Ἀλλὰ
877 3791 1033 3863 ψιλὸς
1061 3791 1354 3862 ἄνθρωπος
1377 3811 1393 3859 ;
1421 3795 1537 3848 Kal
1572 3793 1682 3865 μὴν
1707 3796 1757 3848 oi
1780 3810 1920 3865 προ-

353 3882 523 3951 φῆται
550 3881 628 3952 τῷ
655 3881 938 3953 ἐρχομένῳ
972 3884 1178 3953 σημεῖα
1212 3882 1467 3954 θεότητος
1506 3884 1921 3954 προστιθέασιν.

363 3974 528 4029 Ἀλλὰ
563 3972 959 4046 θεάνθριυποςς
994 3975 1103 4028 Kal
1129 3974 1183 4028 τί
1213 3976 1320 4046 χρὴ
1372 3977 1467 4029 καὶ
1505 3976 1727 4046 λέγειν;
1788 3977 1922 4032 Ἰδοὺ

350 4067 459 4136 γὰρ
484 4065 673 4138 ἕτερον
699 4065 953 4136 θεότητος
983 4066 1282 4134 πρόσωπον
1303 4066 1587 4122 λανθάνων
1614 4068 1922 4138 όμολογεῖςυ

352 4158 428 4229 μὴ
461 4157 569 4228 γὰρ
610 4155 703 4210 τὸν
738 4156 955 4227 πατέρα
1016 4156 1162 4226 ἔχεις
1203 4158 1406 4223 εἰπεῖν,
1441 4159 1535 4211 καὶ
1592 4156 1767 4212 ταῦτα
1823 4154 1921 4209 τοῦ

351 4253 630 4322 προφήτου
661 4251 934 4320 λέγοντος·
971 4269 990 4302 ι
1023 4250 1245 4305 Παιδίον
1293 4251 1567 4322 ἔγεννήθη
1611 4251 1769 4322 ήμῖν,
1807 4251 1925 4314 υἱὸς

349 4345 446 4400 καὶ
492 4343 651 4415 ὲδόθη
684 4345 837 4412 ήμῖν.
872 4361 891 4394 ι
942 4342 1073 4412 Ὀψέ
1106 4359 1239 4397 ποτε
1293 4343 1387 4396 τὸν
1424 4342 1522 4397 τοῦ
1592 4343 1925 4415 γράμματος

351 4438 546 4509 βότρυν
576 4435 961 4508 ἐκθλίψαντες,
996 4435 1157 4491 πίετε
1185 4433 1334 4491 οἶνον
1363 4435 1661 4509 ἀνθρώπου
1690 4436 1924 4508 καρδίαν

349 4533 738 4603 εὐφραίνοντα.

2035 2040 2301 2097 obniteris
2328 2051 2520 2099 contra
2574 2044 2879 2113 veritatem,
2935 2046 2992 2101 in
3036 2048 3450 2103 commentariis
3500 2047 3613 2104 tuis

2034 2129 2289 2196 conﬁdis,
2322 2138 2376 2185 et
2412 2132 2479 2187 ad
2530 2133 2718 2189 Jesum
2769 2135 2920 2190 Nave
2968 2135 3235 2192 transfers
3284 2135 3428 2192 hanc
3481 2150 3614 2206 pro-

2033 2214 2299 2284 phetiam.
2355 2217 2821 2274 Commentariun:
2873 2229 3024 2276 tuum
3081 2237 3192 2277 non
3248 2237 3449 2289 renuo;
3514 2222 3610 2278 sed

2031 2302 2308 2371 quomodo
2334 2302 2488 2359 illud
2540 2303 2694 2361 Isaia:
2743 2306 3166 2377 explicabimus,
3211 2324 3245 2363 o
3299 2310 3610 2365 miserrime

2029 2399 2086 2448 et
2111 2395 2456 2448 aarumnose?
2496 2392 2783 2452 Poterisne
2809 2405 2866 2452 et
2909 2397 3052 2453 hanc
3098 2398 3219 2467 ejus
3261 2399 3637 2467 prophetiam»

2030 2480 2336 2552 repellere?
2366 2480 2529 2538 Nullo
2568 2485 2732 2541 modo
2777 2494 2949 2542 certe.
2998 2486 3089 2543 Ait
3121 2487 3269 2543 enim
3318 2486 3461 2543 Deus
3509 2501 3611 2558 per

2029 2574 2208 2645 ipsum
2263 2573 2543 2649 atl‘lsrael
2573 2596 2590 2630 :
2626 2596 2646 2630 ι
2676 2577 2936 2635 Auferam
2989 2579 3210 2650 quidem
3265 2596 3362 2637 vos
3411 2580 3610 2636 robore

2028 2660 2188 2732 gladii
2223 2662 2354 2726 mei,
2394 2673 2452 2717 et
2487 2663 2581 2734 qui
2635 2664 2933 2721 famulatur
2985 2665 3142 2730 mihi,
3196 2667 3421 2722 nomine
3464 2680 3608 2721 novo

2027 2749 2466 2821 compellabitur.
2501 2770 2520 2803 ι
2562 2750 2681 2819 Dic,
2703 2753 2888 2817 sodes,
2925 2754 3148 2809 sustulit
3176 2769 3292 2819 vos,
3332 2768 3404 2808 an
3455 2752 3608 2807 non?

2026 2840 2385 2897 Famulantur
2413 2842 2526 2899 Deo
2580 2843 2694 2911 alii,
2741 2847 2973 2901 necne?
3016 2844 3133 2902 Hoc
3179 2845 3226 2901 si
3275 2854 3334 2900 tu
3382 2846 3607 2902 minime

2025 2929 2360 2994 conﬁtearis,
2402 2932 2583 3003 ipsum
2635 2941 2820 2987 tamen
2868 2948 3070 2989 novum
3119 2948 3326 2988 nomen
3381 2940 3437 2989 et
3489 2933 3608 2990 cla-

2025 3020 2139 3077 rius
2169 3020 2300 3076 tuba
2348 3021 2569 3076 insonat
2620 3030 2678 3077 et
2720 3031 3085 3079 contestatur.
3130 3023 3230 3080 Vel
3264 3022 3430 3094 igitur
3455 3022 3605 3078 aliud

2023 3124 2228 3166 novun
2256 3110 2464 3166 indices
2484 3124 2707 3176 nomen,
2732 3110 2817 3165 vel
2836 3110 2969 3167 illud
2987 3111 3421 3167 Christianorum
3440 3110 3605 3167 etiam

2026 3200 2236 3257 invitus
2280 3215 2678 3271 recOgnoscas;
2736 3201 2883 3257 haud
2929 3202 3035 3258 erit
3068 3204 3211 3259 enim
3252 3203 3347 3272 qui
3396 3217 3607 3273 cogno-

1948 3279 1993 3339 C
2027 3300 2152 3343 men
2192 3285 2467 3342 invenerit
2500 3286 2606 3342 hoc
2635 3288 2936 3343 recentius.
2986 3287 3144 3355 Quod
3184 3287 3231 3342 si
3286 3288 3402 3342 haec
3431 3287 3506 3340 ita
3546 3299 3608 3341 se

2025 3375 2251 3443 habent,
2281 3376 2481 3447 ecquid
2527 3376 2708 3434 adhuc
2743 3375 2988 3448 desipis?
3033 3376 3178 3445 Quid
3223 3375 3427 3433 frustra
3467 3385 3608 3432 temo

2029 3481 2165 3537 pora
2197 3456 2482 3537 expendis,
2519 3475 2575 3523 et
2626 3467 2808 3538 ipsum
2855 3476 3144 3538 exspectas
3197 3476 3447 3532 unctum,
3481 3479 3607 3521 cum

2026 3571 2203 3628 neque
2231 3557 2348 3627 ipse
2377 3558 2554 3628 possis
2587 3559 2929 3630 dignoscere,
2984 3567 3039 3614 et
3093 3560 3217 3631 quis
3251 3559 3324 3614 sit
3352 3559 3471 3628 ipse
3508 3569 3611 3613 un-

2024 3656 2168 3713 ctus,
2198 3657 2254 3702 et
2283 3647 2427 3704 unde
2461 3646 2564 3718 ipsi
2614 3648 2685 3707 sit
2716 3647 3090 3719 generationis
3123 3647 3318 3718 origo?
3350 3646 3512 3702 Forte
3562 3645 3609 3701 is

2023 3739 2207 3796 nudus
2237 3738 2440 3793 homo?
2470 3737 2726 3792 Attamen
2757 3745 2989 3793 venturo
3021 3737 3303 3807 prophetae
3347 3735 3609 3790 divinita-

2027 3827 2094 3883 tis
2150 3828 2349 3884 indicia
2402 3828 2730 3897 tribuerunt.
2790 3826 2953 3881 Forte
3017 3825 3161 3881 Deus
3208 3825 3410 3880 homo?
3463 3822 3593 3894 quid

2027 3918 2223 3990 plura?
2254 3919 2395 3974 Ecce
2442 3919 2590 3973 enim
2616 3918 2777 3973 aliam
2832 3914 3135 3972 divinitatis
3164 3930 3458 3986 personam
3503 3915 3606 3969 im-

2024 4011 2268 4084 prudens
2332 4011 2646 4078 confiteris;
2705 4024 2813 4065 non
2867 4010 3016 4065 enim
3072 4017 3232 4080 potes
3282 4006 3466 4066 dicere
3511 4022 3609 4078 pa-

2026 4094 2186 4169 trem,
2218 4116 2340 4157 eum
2374 4101 2640 4172 propheta
2661 4098 2806 4155 dicat
2832 4115 2846 4151 :
2871 4116 2890 4151 ι
2921 4097 3063 4154 Puer
3092 4104 3255 4153 natus
3300 4106 3384 4153 est
3418 4096 3603 4163 nobis,

2026 4194 2170 4248 ﬁlius
2209 4193 2370 4249 datus
2402 4201 2487 4248 est
2517 4191 2699 4247 nobis.
2730 4209 2751 4244 ι
2801 4188 3044 4247 Tandem
3075 4187 3367 4259 aliquando
3406 4187 3610 4245 litterat-

2025 4292 2302 4337 racemum
2353 4282 2745 4350 exprimentes,
2790 4276 2965 4336 bibite
3017 4278 3206 4336 vinum
3240 4292 3335 4335 cor
3363 4277 3609 4338 hominis

2027 4373 2456 4430 exhilarantan

429 4627 590 4682 Ἀλλὰ
618 4628 729 4696 γάρ
761 4643 880 4692 πως
908 4626 990 4685 ἔτι
1020 4624 1164 4683 κατὰ
1191 4627 1293 4698 τῆς
1348 4623 1609 4696 ἀληθείας
1674 4625 1921 4697 φρονεῖς,

2104 4612 2307 4695 Verum
2371 4632 2654 4693 enimvero
2697 4628 3080 4704 quoquomodo
3135 4630 3193 4687 et
3254 4626 3436 4684 adhuc
3469 4641 3608 4684 con-

346 4719 440 4774 καὶ
479 4719 580 4790 τὴν
625 4718 720 4774 τοῦ
761 4719 1001 4790 Χριστοῦ
1041 4719 1352 4790 παρουσίαν
1397 4715 1554 4783 olim
1605 4716 1923 4786 λέγειςογεο

344 4811 548 4877 νέσθχι,
573 4809 674 4874 τὰς
706 4809 962 4881 ἀφορμὰς
990 4809 1151 4881 δῆθεν
1177 4810 1243 4864 ὲκ
1272 4807 1369 4862 τοῦ
1396 4807 1627 4863 Ἦσαῖου
1649 4806 1925 4875 λέγοντοςο

350 4922 370 4957 ι
412 4905 520 4958 Καὶ
567 4901 900 4973 συγκόψουσι
957 4904 1081 4956 τότε
1126 4902 1224 4965 τὰς
1281 4900 1557 4972 μαχαίρας
1619 4899 1803 4954 αὐτῶν
1844 4898 1925 4963 είς

343 4995 572 5066 ἄροτρα,
605 4996 700 5048 καὶ
737 4994 835 5058 τὰς
885 4992 1111 5057 ζιὸύνας
1161 4992 1347 5046 αὐτῶν
1396 4993 1480 5056 είς
1508 4991 1755 5061 δρέπανα
1779 5005 1794 5022 ⁸
1830 4991 1926 5045 καὶ

343 5088 406 5142 οὐ
431 5086 662 5157 λήψεται
706 5085 861 5150 ἔθνος
918 5084 1187 5147 ἐπ’έθνος
1243 5084 1545 5156 μάχαιραν,
1590 5084 1689 5137 καὶ
1722 5083 1785 5137 οὐ
1841 5083 1920 5154 μὴ

346 5179 587 5253 μάθωσιν
616 5178 1003 5247 έτιπολεμεῖν.
1048 5197 1071 5231 ι
1122 5176 1244 5230 Ἵνα
1275 5175 1328 5229 τί
1359 5179 1486 5239 τοὺς
1534 5175 1732 5238 ἄλλους
1785 5191 1920 5245 προ-

342 5273 518 5343 φήτας
548 5272 709 5341 ἀφεὶς
733 5274 861 5334 τοὺς
889 5268 1305 5339 λαμπροτέρους
1330 5268 1589 5337 κήρυκας
1640 5269 1738 5321 τοῦ
1769 5265 1909 5335 Χρι-

343 5364 491 5435 στοῦ,
519 5366 741 5436 καὶτῆς
770 5364 1075 5436 παρουσίας
1132 5360 1322 5427 αὐτοῦ,
1381 5360 1443 5415 τὸ
1501 5359 1598 5413 τοῦ
1681 5359 1910 5414 Ἡσαΐου

341 5456 499 5510 τοῦτο
522 5457 686 5528 ῥητὸν
738 5455 891 5520 ὅλαις
932 5455 1190 5526 κατέχεις
1247 5457 1427 5524 χερσὶ,
1483 5453 1581 5507 καὶ
1629 5451 1907 5522 πανταχοῦ

341 5546 646 5617 περιάγεις,
708 5547 807 5600 καὶ
855 5546 1036 5619 ψυχας
1094 5543 1496 5615 ἀπειροκάλους
1550 5543 1906 5614 διαστρέφειν

412 5700 754 5777 (ΞζνλΜθι-ἰιο
782 5720 919 5777 sane
945 5703 1135 5774 Glycas
1161 5712 1349 5760 noster
1379 5703 1596 5777 Iudaeos
1615 5702 1703 5757 hic
1726 5703 1905 5773 arguit

342 5773 487 5847 quod
530 5773 841 5847 Scripturas
889 5773 1258 5847 distorqueant
1313 5790 1428 5847 pro
1460 5775 1652 5847 lihitu;
1709 5784 1901 5847 contra

342 5845 556 5901 omnem
610 5846 892 5900 veritatem
938 5846 1140 5901 etenim
1180 5845 1579 5915 apertissimam
1637 5845 1777 5915 hanc
1835 5845 1903 5898 de

344 5914 560 5971 Christo
591 5915 933 5987 prophetiam
973 5914 1264 5993 explicant,
1301 5924 1355 5971 et
1380 5916 1616 5971 reditum
1656 5914 1897 5984 ipsorum

2034 4739 2118 4786 tra
2161 4729 2446 4784 veritatem
2499 4723 2695 4787 sentis,
2736 4734 2796 4778 et
2842 4721 3119 4779 Christum
3153 4719 3398 4776 nondum
3436 4719 3606 4775 adve-

2032 4821 2182 4879 nisse
2212 4820 2374 4882 dicis.
2421 4815 2731 4887 perfugium
2766 4814 2979 4870 scilicet
3034 4812 3330 4882 exquirens
3368 4825 3439 4866 ex
3465 4809 3608 4865 Isaia

2030 4910 2295 4966 dicente:
2333 4926 2352 4960 ι
2381 4908 2443 4963 Et
2492 4917 2628 4962 tunc
2659 4900 2979 4961 conflabunt
3001 4903 3211 4976 gladios
3261 4916 3391 4958 suos
3420 4892 3477 4956 in
3511 4915 3610 4957 vo-

2029 5013 2228 5063 meres,
2257 5007 2315 5053 et
2351 4995 2620 5052 venabula
2663 5010 2761 5051 sua
2794 4995 2849 5049 iu
2903 4993 3089 5060 falces,
3120 5008 3222 5049 nec
3249 5006 3383 5066 gens
3409 4991 3611 5050 levabit

2025 5091 2262 5162 gladium
2300 5090 2355 5144 in
2390 5096 2632 5161 gentem,
2684 5101 2865 5156 neque
2915 5085 3317 5141 exercebantur
3341 5083 3485 5140 ultra
3536 5081 3606 5138 ad

2023 5176 2291 5249 praelium.
2322 5195 2341 5228 ι
2413 5175 2520 5231 Sed
2581 5172 2710 5244 quid
2754 5174 2893 5230 alios
2926 5173 3259 5244 prephetas.
3320 5172 3415 5243 qni
3449 5171 3609 5227 lucu-

2020 5270 2226 5327 lentius
2248 5266 2641 5322 annuntiarunt
2661 5266 2729 5322 de
2752 5265 2968 5320 Christo
2998 5266 3173 5336 deque
3200 5265 3319 5336 ejus
3348 5263 3606 5329 adventu,

2018 5361 2291 5429 rejiciens,
2310 5358 2413 5414 hoc
2440 5358 2595 5414 Isaiae
2621 5355 2836 5413 eﬂ'atum
2861 5369 3088 5428 utraque
3125 5355 3472 5428 amplecteris
3489 5368 3612 5408 ma-

2014 5470 2112 5517 nu,
2153 5462 2205 5508 et
2240 5466 2566 5522 quocunque
2597 5448 2939 5512 circumfers,
2973 5459 3030 5505 et
3077 5448 3358 5520 imperitas
3394 5445 3605 5500 animas

2017 5551 2330 5615 pervertere
2372 5540 2658 5597 contendis
2705 5538 2858 5612 (25)?
2892 5538 3128 5595 Advenit
3172 5550 3300 5594 vere
3352 5533 3607 5591 Christus

2012 5717 2076 5757 ex
2129 5698 2404 5769 Babylone
2440 5700 2508 5755 ab
2564 5699 2704 5756 Isaia
2743 5698 2846 5758 .his
2883 5695 3067 5769 verbis
3116 5691 3336 5769 praedici
3385 5700 3601 5769 putant,

2010 5771 2146 5825 falso
2177 5762 2356 5826 tamen
2383 5788 2397 5833 ;
2433 5772 2666 5836 Πόλεμοι
2710 5770 2839 5837 γὰρ,
2869 5769 2945 5822 ait
2978 5762 3606 5837 Theodoretuspeudt};

2008 5842 2162 5910 λη).οι
2185 5837 2324 5909 ἦσαν
2351 5842 2491 5894 κατὰ
2514 5833 2697 5892 πᾶσαν
2714 5833 2812 5905 τὴν
2827 5836 3280 5910 οξκουμένηνηείς
3300 5833 3472 5910 πολλα
3492 5834 3597 5902 τῆς

2010 5903 2286 5981 βασιλείας
2324 5903 2888 5981 μεμερισμένηςῇκαὶ
2915 5903 3024 5961 τῶν
3070 5904 3193 5977 κατ’
3227 5903 3379 5978 ἔθνος
3439 5903 3600 5974 βασις
