4048 6416
560 271 662 343 891

1846 264 2263 331 MICHAELIS
2300 263 2565 331 GLYCIE

3688 274 3775 338 892

562 389 701 446 dicit
775 387 1064 445 Dominus.
1115 406 1133 439 ι
1206 386 1479 453 Quoniam
1560 386 1727 469 igitur
1796 383 2154 439 novissimam

2261 377 2371 469 ρῆς
2396 379 2495 432 τοῦ
2520 378 2679 469 ναοῦ,
2704 379 2801 436 καὶ
2827 382 2988 469 ἔσται
3022 382 3054 455 ἡ
3091 383 3220 451 δόξα
3278 384 3467 440 τούτου
3517 386 3548 458 ἠ
3602 389 3774 465 ἐσχάτη

563 482 723 547 dixit,
760 482 1053 554 perspicue
1100 480 1283 535 innuit
1337 491 1392 536 et
1430 489 1786 549 postremam,
1828 477 1973 532 idem
2004 476 2154 531 enim

564 582 645 629 est
696 573 999 628 novissima
1045 579 1099 625 et
1145 579 1449 641 postrema.
1507 567 1664 623 Sicut
1727 567 1875 625 enim
1921 582 2029 621 non
2073 574 2157 622 εει

567 666 739 736 prima
766 665 937 734 prior.
963 662 1044 719 sic
1074 676 1256 732 neque
1290 671 1565 733 postrema
1593 660 1886 732 posterior.
1927 656 1983 712 Si
2008 658 2155 712 enim

565 757 865 814 secundam
902 755 1154 819 dixisset,
1209 751 1354 809 haud
1408 754 1506 809 abs
1550 766 1610 809 re
1645 758 1794 807 esset
1830 759 1886 807 et
1938 750 2154 805 tertiam

563 848 981 903 aediﬁcationem
1007 853 1350 915 exspectare.
1385 844 1654 910 Quoniam
1685 857 1814 898 vero
1836 842 2152 905 secundam,

564 938 916 992 novissimam
954 935 1288 1006 appellavit,
1334 942 1521 1005 aperte
1561 942 1617 988 et
1657 942 1988 1003 postremam
2035 929 2156 986 fore

564 1029 734 1100 ipsam
767 1028 1091 1084 declaravit.
1126 1025 1339 1082 Erratis
1374 1041 1505 1097 ergo
1539 1025 2024 1081 reaediﬁcationem
2060 1037 2157 1078 ex-

561 1128 875 1189 Spectantes
912 1126 1038 1188 post
1097 1117 1330 1189 hujusce
1373 1117 1828 1173 destructionem.
1881 1114 2153 1171 Praeterea

560 1220 618 1266 ct
651 1211 899 1266 divinum
932 1210 1101 1265 Amos
1120 1209 1392 1266 habemus
1414 1210 1689 1266 dicentem
1716 1226 1730 1264 :
1767 1228 1784 1261 ι
1814 1207 2011 1264 Audite
2037 1223 2155 1264 ser-

562 1318 783 1357 monem
822 1303 1014 1367 istum,
1072 1316 1234 1372 quem
1295 1314 1461 1373 super
1507 1317 1603 1357 vos
1650 1301 1857 1371 arripio
1906 1316 2029 1357 cum
2070 1301 2152 1356 la-

559 1394 901 1448 mentatione
949 1412 963 1449 :
1027 1393 1229 1448 Domus
1274 1393 1443 1448 Israel
1492 1393 1729 1460 cecidit,
1777 1408 1959 1465 neque
2014 1394 2154 1465 adji-

559 1488 663 1541 ciet
706 1497 764 1541 ut
822 1497 1090 1555 resurgat.
1147 1485 1311 1557 Virgo
1364 1484 1528 1541 Israel
1590 1488 1835 1557 projecta
1873 1497 1957 1543 est
1988 1502 2155 1559 super

561 1589 761 1633 terram
827 1594 1007 1642 suam,
1068 1592 1249 1646 neque
1302 1589 1386 1634 est
1436 1579 1530 1650 qui
1585 1594 1704 1635 eam
1752 1580 2005 1635 suscitet.
2037 1598 2056 1633 ι
2095 1580 2153 1636 Si

560 1672 724 1742 igitur
780 1673 1064 1742 prophetis
1126 1672 1203 1726 ita
1272 1671 1416 1726 clare
1470 1670 1901 1728 vociferantibus
1953 1688 2150 1743 exspe-

2261 467 2402 541 ὑπὲρ
2426 470 2527 542 τὴν
2555 466 2805 543 πρώτην,
2830 466 2980 542 λέγει
3002 473 3261 545 Κύριος.»
3304 474 3453 530 Ἐπεὶ
3473 475 3559 531 οὖν
3580 480 3778 552 ἐσχάτην

2259 559 2437 628 εἶπεν,
2464 562 2699 636 ἐνέφηνε
2749 567 2846 620 καὶ
2910 566 3254 633 τελευταίαν,
3306 568 3468 623 ταυτδ
3508 571 3606 641 γάρ
3657 574 3782 628 ἐστιν

2259 652 2474 723 ἐσχάτη
2498 654 2595 708 καὶ
2625 656 2928 712 τελευταία.
2967 656 3056 720 Ὠς
3084 659 3193 730 γάρ
3222 660 3324 712 ούκ
3349 660 3460 714 ἔστι
3478 660 3568 732 τῆς
3594 663 3782 735 πρώτης

2260 742 2533 812 προτέρα,
2565 739 2738 811 οὕτως
2769 745 2890 801 οὐδὲ
2926 747 3028 818 τῆς
3052 750 3287 822 ἐσχάτης
3338 753 3687 824 ἐσχατωτέρα.
3733 757 3784 810 El

2261 833 2363 903 μὲν
2388 834 2498 907 γὰρ
2531 836 2797 906 δευτέραν
2826 834 3006 904 εἶπεν,
3032 843 3181 905 εἰκὸς
3222 836 3292 913 ἦν
3336 845 3432 898 καὶ
3458 846 3637 914 τρίτην
3666 848 3787 899 οἱκο-

2256 926 2430 994 δομὴν
2483 930 2835 1001 προσδοκᾷνο
2885 932 3009 984 ἐπεὶ
3038 931 3096 987 δὲ
3141 933 3241 1004 τὴν
3301 933 3552 1005 δευτέραν
3584 937 3786 1009 ἐσχάτην

2256 1018 2509 1085 ἐκάλεσε,
2543 1024 2799 1094 φανερῶς
2837 1025 2931 1077 καὶ
2958 1023 3285 1080 τελευταίαν
3316 1024 3483 1097 αὐτὴν
3510 1029 3787 1099 παρεδήλω-

2260 1125 2376 1166 σεν.
2408 1113 2724 1169 Ἀπατᾶσθε
2751 1115 2940 1169 λοιπδν
2970 1117 3400 1185 παλιγγενεσίαν
3423 1099 3789 1191 προσδοκῶντες

2260 1206 2400 1276 μετὰ
2422 1207 2521 1276 τὴν
2550 1206 2796 1262 τοιούτου
2828 1208 3176 1281 καθαίρεσιν.
3203 1211 3347 1280 Πρὸς
3371 1212 3462 1265 ἐπὶ
3493 1196 3682 1278 τούτοις
3715 1219 3789 1271 καὶ

2256 1298 2347 1353 τὸν
2376 1299 2662 1355 θεσπέσιον
2700 1300 2883 1371 ’Δμὼς
2912 1300 3112 1374 ἔχομεν
3159 1303 3392 1371 λέγοντα
3413 1323 3426 1335 ·
3458 1323 3478 1356 ι
3527 1307 3787 1365 Ἀκούσατε

2256 1391 2351 1445 τδν
2374 1391 2537 1462 λόγον
2584 1390 2779 1446 τοῦτον
2812 1392 2874 1447 ὃν
2909 1392 3203 1464 ’λαμὸάνω
3259 1394 3345 1464 ἐφ’
3393 1393 3534 1465 ὑμᾶς
3585 1396 3784 1467 θρηνῶν·

2261 1480 2432 1547 Οἶκος
2485 1480 2709 1559 Ἰσραὴλ
2733 1484 2951 1551 ἔπεσεν,
3011 1486 3198 1539 οὐκέτι
3229 1486 3528 1558 προσθήσει
3572 1491 3656 1542 τοῦ
3681 1492 3785 1544 ἀνα-

2259 1578 2503 1647 στῆναι..
2537 1575 2820 1648 Παρθένος
2883 1576 3391 1650 Ἰσραὴλ-ἔσφηλεν
3438 1581 3530 1633 ὲπὶ
3575 1581 3664 1652 τῆς
3703 1585 3784 1651 γῆς

2256 1667 2484 1738 ταύτης,
2510 1669 2610 1722 οὐκ
2637 1669 2785 1724 ἔστιν
2811 1669 2840 1721 ὁ
2865 1670 3190 1741 ἀναστήσων
3213 1671 3408 1742 αὐτην.
3445 1690 3463 1724 ι
3515 1665 3673 1744 Εἴπερ
3711 1673 3785 1727 οὖν

558 1771 672 1818 ctas
703 1764 1127 1830 revocationem,
1166 1765 1449 1833 prOphctae
1496 1763 1586 1819 isti
1610 1762 1954 1828 mentiuntur
1977 1806 1991 1831 ,
2027 1778 2145 1817 ma-

2256 1760 2360 1814 τῶν
2410 1762 2709 1832 προφητῶν
2760 1761 2906 1816 οὕτω
2967 1762 3267 1835 διαρρήδην
3335 1740 3577 1834 βοώντων
3625 1740 3784 1837 ἐκδέχῃ

557 1857 638 1925 gis
680 1863 859 1910 autem
914 1857 1006 1926 qui
1053 1872 1153 1926 per
1192 1858 1342 1929 ipsos
1386 1856 1606 1913 locutus
1648 1865 1734 1911 est
1788 1857 1968 1923 Deus;
2004 1855 2150 1926 quod

555 1949 773 2017 quidem
836 1948 1202 2019 impossibile.
1259 1942 1457 2006 Verum
1513 1961 1569 2006 et
1634 1966 1829 2006 rursus
1887 1950 2013 2005 audi
2059 1948 2150 2005 Je-

557 2039 783 2093 retniam
847 2040 917 2094 de
966 2039 1122 2095 vobis
1164 2040 1438 2096 dicentem
1486 2058 1501 2095 :
1551 2057 1571 2093 ι
1627 2039 1695 2095 Ει
1746 2040 1940 2095 delebo
2001 2041 2151 2110 ipsos

556 2130 735 2201 gladio
788 2130 845 2184 in
896 2139 1197 2200 conspectu
1244 2132 1611 2198 inimicorum,
1659 2139 1714 2186 et
1764 2146 1966 2201 ponam
2014 2132 2149 2186 civi-

558 2232 726 2276 tatem
788 2224 930 2276 hanc
968 2222 1023 2275 in
1088 2235 1374 2293 stuporem
1433 2233 1491 2279 et
1550 2226 1607 2279 in
1668 2223 1890 2279 sibilum
1951 2223 2152 2295 sempi-

558 2320 802 2374 ternum,
829 2321 885 2366 et
913 2312 1081 2367 edent
1101 2326 1294 2366 carnes
1320 2311 1555 2367 ﬁliorum
1572 2322 1627 2367 et
1647 2313 1876 2367 ﬁliarum
1901 2327 2147 2381 suarum,

556 2412 614 2457 et
643 2412 925 2457 conteram
973 2404 1252 2459 civitatem
1297 2406 1439 2460 hanc
1466 2407 1617 2462 velut
1660 2419 1758 2463 vas
1791 2414 1967 2473 testa,
2001 2406 2149 2476 quod

557 2510 671 2550 non
698 2497 900 2566 poterit
929 2496 1168 2567 amplius
1199 2498 1439 2554 restitui.
1477 2514 1498 2551 δ
1763 2508 1773 2519 ‘

626 2666 709 2724 Ne
732 2669 1076 2724 contendatis
1125 2669 1311 2741 itaque
1339 2679 1623 2739 caeterum,
1668 2689 1702 2729 ο
1727 2672 1904 2743 stulti,
1935 2675 1992 2731 in
2029 2675 2148 2734 solo

557 2774 816 2821 sermone
878 2775 943 2814 ac
996 2767 1224 2831 propter
1274 2770 1517 2818 vestram
1573 2765 2013 2836 resipiscentiam
2060 2767 2149 2823 di-

558 2854 749 2910 vinam
788 2855 1277 2911 comminationem
1328 2857 1660 2913 consistere.
1714 2857 1773 2912 Si
1826 2858 1975 2913 enim
2022 2867 2150 2929 post

558 2945 854 3003 salutarem
917 2949 1124 3003 Christi
1193 2949 1505 3019 passionem
1565 2957 1622 3004 et
1667 2949 1848 3021 gladio
1901 2951 2145 3022 gentium

559 3042 804 3114 percussi
843 3041 1145 3108 cecidistis,
1183 3050 1240 3096 et
1290 3041 1536 3096 ﬁliorum
1564 3050 1874 3097 vestrorum
1931 3057 2143 3108 carnes,
2177 3082 2222 3141 ϐ

555 3133 709 3205 juxta
740 3130 967 3201 Josephi
989 3130 1202 3200 \27-28)
1232 3131 1547 3196 historiam,
1583 3140 1826 3187 vestium
1859 3131 2043 3187 cibum
2068 3131 2151 3187 fec

558 3224 736 3289 cistis,
761 3224 1139 3280 conﬁtendum
1164 3233 1252 3280 est
1272 3225 1438 3280 etiam
1469 3226 1861 3282 contritionem
1892 3236 2150 3296 vestram,

561 3316 869 3371 secundum
908 3315 1150 3370 divinam
1195 3315 1660 3383 enuntiationem,
1704 3315 1760 3370 in
1797 3314 1991 3371 saecula
2022 3332 2154 3387 per-

562 3421 901 3462 mansuram.
940 3404 999 3461 Si
1025 3422 1159 3462 vero
1193 3408 1312 3463 haec
1355 3409 1430 3463 ita
1473 3422 1535 3463 se
1560 3408 1785 3473 habent,
1819 3407 1865 3463 si
1891 3408 1966 3463 ita
1996 3409 2155 3465 lucu-

560 3497 737 3554 lenter
776 3509 832 3555 et
894 3515 1026 3556 vere
1080 3502 1365 3571 propheta:
1423 3503 1490 3556 de
1538 3501 1798 3557 omnibus
1869 3501 2153 3559 vociferati

560 3598 715 3655 sunt,
746 3591 1023 3661 quomodo
1063 3591 1260 3646 faciem
1288 3600 1435 3646 tuam
1477 3607 1589 3647 non
1616 3591 1936 3659 abscondis,
1963 3594 2155 3650 miser-

560 3685 703 3739 rime
734 3701 748 3751 ;
785 3685 1066 3754 quomodo
1101 3694 1158 3740 et
1187 3684 1367 3740 adhuc
1384 3684 1539 3740 labra
1567 3700 1780 3754 moves,
1805 3695 1859 3740 et
1911 3687 1966 3742 in
2015 3698 2155 3743 can-

560 3776 916 3861 tradictiones
943 3777 1206 3848 proruis?
1248 3777 1525 3843 Quidnam
1581 3794 1712 3836 vero
1767 3788 1825 3834 et
1860 3780 2033 3838 libros
2072 3782 2156 3838 sic

561 3868 770 3925 retines
801 3869 1109 3936 incassum,
1146 3869 1192 3924 si
1243 3870 1459 3926 nullum
1519 3870 1615 3927 tibi
1670 3872 1886 3929 lucrum
1917 3874 2156 3931 exinde?

559 3962 834 4030 Quidnam
866 3963 1126 4035 superbis
1155 3964 1227 4021 ob
1257 3964 1436 4035 ipsos,
1490 3970 1801 4035 praesertim
1832 3983 1960 4022 cum
1999 3969 2066 4023 tle
2102 3978 2155 4023 te

560 4056 744 4126 deque
780 4064 875 4110 tuo
907 4070 1112 4128 genere
1138 4056 1287 4112 dicat
1314 4058 1492 4114 Deus:
1537 4078 1556 4112 ι
1584 4059 1911 4130 Disperdam
1939 4062 2161 4131 sapien-

563 4147 694 4201 tiam
728 4148 1063 4217 Sapientum,
1091 4158 1145 4204 et
1172 4148 1512 4206 intellectum
1563 4151 1896 4221 prudentum
1936 4151 2157 4207 irritum

562 4236 808 4292 faciam?
841 4258 860 4291 ι
896 4238 1168 4304 Quidnam
1218 4238 1461 4313 Moysem
1515 4256 1613 4296 ore
1669 4256 1888 4312 semper
1936 4244 2157 4311 iactas?

558 4330 847 4397 Quomodo
874 4342 927 4385 te
974 4331 1206 4387 decoras
1248 4332 1371 4402 ejus
1416 4334 1675 4403 scriptis?
1706 4332 1960 4389 Concede
2011 4350 2155 4404 pro-

2256 1858 2320 1909 σὺ
2343 1857 2745 1928 ὲπανάκλησιν,
2768 1855 3060 1926 ψεύδονται
3087 1858 3139 1909 οἱ
3171 1857 3452 1927 προφῆται
3481 1855 3639 1920 οὗτοι,
3678 1860 3786 1927 μάλ·

2252 1947 2342 2000 λον
2364 1949 2419 2002 δὲ
2441 1950 2469 2002 ὁ
2492 1948 2562 2001 δι’
2621 1950 2804 2003 αὐτῶν
2842 1948 3083 2018 λαλήσας
3137 1948 3273 2014 Θεός
3305 1963 3320 1977 ·
3355 1949 3489 2018 ὅπερ
3546 1948 3783 2002 ἀδύνατον.

2265 2039 2431 2093 Ἀλλὰ
2480 2039 2580 2094 καὶ¹
2633 2035 2790 2103 αὖθις
2827 2039 2922 2092 τοῦ
2969 2040 3243 2110 Ἰερεμίου
3296 2040 3463 2095 ἄκουε
3495 2041 3614 2110 περὶ
3664 2041 3783 2109 ὑμῶν

2250 2129 2525 2198 λέγοντος·
2553 2147 2573 2181 ι
2612 2128 2723 2182 Καὶ
2754 2128 3050 2183 καταϐαλῶ
3089 2129 3293 2190 αὐτοὺς
3348 2132 3405 2182 ὲν
3456 2130 3519 2200 τῇ
3578 2130 3783 2200 μαχαίρᾳ

2252 2218 2493 2273 ἐναντίον
2516 2217 2624 2271 τῶν
2665 2216 2904 2289 ιχθρῶν,
2951 2219 3048 2271 καὶ
3091 2216 3243 2283 τάξω
3278 2216 3378 2289 τὴν
3414 2217 3560 2271 πόλιν
3618 2218 3783 2283 ταύτην

2252 2312 2334 2373 είς
2357 2309 2675 2381 ἀφανισμὸν
2705 2308 2805 2363 καὶ
2825 2310 2907 2372 είς
2939 2309 3208 2379 συρισμὸν
3237 2310 3480 2376 αἰώνιον,
3505 2309 3596 2361 καὶ
3616 2307 3781 2360 ἔδονται

2249 2403 2351 2467 τὰς
2386 2404 2593 2473 σάρκας
2615 2402 2727 2456 τῶν
2771 2401 2906 2456 υίῶν
2954 2398 3051 2455 καὶ
3105 2401 3214 2455 τῶν
3279 2398 3587 2473 θυγατέρων
3622 2398 3780 2463 αὐτῶν,

2251 2496 2660 2568 καὶοσυντρίψω
2687 2496 2787 2565 τὴν
2820 2494 2977 2549 πόλιν
3016 2494 3224 2562 ταύτην
3258 2493 3333 2557 ὡς
3356 2493 3523 2562 ἄγγος
3568 2491 3783 2561 ὀστράκι-

2251 2601 2366 2652 νον,
2393 2586 2422 2640 δ
2452 2588 2514 2640 ού
2549 2586 2842 2657 δυνήσεται
2889 2584 3111 2656 ίαθῆναι
3137 2584 3241 2640 ἔτι.
3279 2603 3300 2638 ι

2320 2681 2538 2751 Μηκέτι
2570 2679 2779 2742 λοιπὸν,
2815 2672 2862 2737 ὢ
2908 2678 3159 2749 μάταιοι,
3199 2680 3265 2732 ὲν
3329 2678 3472 2749 λόγῳ
3506 2675 3596 2730 καὶ
3648 2676 3779 2745 μόνῳ.

2250 2774 2346 2827 καὶ
2380 2773 2543 2843 χάριν
2584 2772 2930 2841 διορθώσεως
2972 2770 3043 2824 τὰ
3096 2772 3199 2842 τῆς
3232 2770 3392 2836 θείας
3443 2768 3658 2838 ἀπειλῆς
3699 2766 3784 2819 κιτ-

2251 2866 2375 2920 σθαι
2410 2864 2791 2934 φιλονεικεῖτε.
2835 2863 3061 2935 Ἐπειδὴ
3094 2864 3204 2934 γὰρ
3240 2864 3343 2919 καὶ
3399 2866 3464 2935 τῇ
3521 2861 3622 2916 τῶν
3650 2858 3781 2914 ἐθνῶν

2253 2958 2504 3033 μαχαίρᾳ
2546 2956 2688 3028 μετὰ
2716 2956 2779 3010 to
2811 2957 3083 3026 σωτήριον
3123 2955 3220 3009 τοῦ
3252 2954 3494 3027 Χριστοῦ
3531 2954 3684 3017 πάθος
3711 2967 3785 3004 πει

2252 3050 2536 3123 πτῶκατε,
2575 3048 2792 3113 καὶτὰς
2821 3049 2929 3103 τῶν
2952 3049 3160 3104 παίδων
3201 3048 3367 3119 ὑμῶν
3407 3050 3629 3119 σάρκας,
3674 3045 3786 3099 κατὰ

2255 3147 2356 3217 τὴν
2387 3142 2483 3198 τοῦ
2520 3145 2797 3213 Ἰωσήπου
2850 3141 3119 3213 ἱστορίαν,
3171 3140 3377 3212 βρῶμα
3423 3142 3549 3194 ἴδιον
3601 3135 3789 3206 πεποιήο

2257 3252 2416 3303 κατε,
2454 3235 2912 3307 ὁμολογουμένως
2942 3237 3038 3288 καὶ
3068 3234 3138 3287 τά
3168 3232 3276 3303 τῆς
3325 3232 3605 3306 συντρισῆς
3644 3228 3785 3299 ὑμῶν.

2255 3330 2397 3384 κατὰ
2415 3328 2512 3401 την
2537 3328 2688 3382 θείαν
2718 3327 3020 3396 ἀπόφασιν,
3061 3327 3143 3389 είς
3167 3325 3378 3391 αἰῶνας
3428 3324 3626 3378 κεῖσθαι
3671 3319 3786 3388 mt-

2256 3423 2463 3477 λουσιν.
2488 3421 2553 3476 Εἰ
2578 3422 2634 3475 δὲ
2663 3420 2837 3475 ταῦτα
2867 3419 3041 3481 οὕτως
3073 3419 3210 3489 ἔχει,
3242 3420 3297 3472 εἰ
3329 3417 3539 3489 τρανῶς
3559 3415 3684 3470 οὕτω
3716 3408 3788 3466 καὶ

2255 3513 2472 3584 άληθῶς
2500 3514 2548 3567 ol
2582 3514 2865 3586 προφῆται
2896 3528 2962 3564 πε
2972 3511 3028 3581 pl
3054 3512 3163 3565 πᾶν
3185 3513 3543 3585 κεκράγασιη
3569 3508 3669 3570 πῶς
3706 3502 3786 3558 οὐκ

2255 3605 2604 3676 ἐγκαλύπτῃ,
2635 3602 2945 3674 τρισάθλιε,
3007 3602 3128 3666 πῶς
3159 3602 3243 3656 ἔτι
3297 3602 3367 3656 τὰ
3409 3602 3560 3673 χείλη
3630 3598 3767 3658 κινεῖς

2256 3702 2353 3754 καὶ
2418 3700 2500 3763 είς
2580 3696 2896 3765 ἀντιλογίας
2961 3697 3217 3767 οχωρεῖς;
3300 3696 3416 3750 Ἵνα
3464 3697 3516 3749 τί
3596 3694 3649 3748 δὲ
3714 3691 3788 3743 καὶ

2255 3794 2356 3857 τὰς
2413 3791 2633 3865 βίϐλους
2686 3790 2832 3844 οὕτω
2871 3790 3127 3859 κατέχεις
3187 3788 3472 3860 διακενῆς,
3546 3790 3591 3840 εί
3650 3782 3788 3856 μηδέν

2257 3904 2340 3942 σοι
2414 3886 2475 3939 τὸ
2542 3883 2736 3956 κέρδος
2805 3880 3097 3949 ἑντεῦθενς
3160 3881 3283 3934 Ἵνα
3350 3881 3405 3935 τί
3471 3876 3787 3952 μεγαφρονείς

2255 3978 2344 4032 ἐπ’
2375 3976 2585 4042 αὐτοῖς,
2630 3976 2728 4029 καὶ
2756 3973 2939 4030 ταῦτα
2964 3973 3061 4027 τοῦ
3094 3973 3234 4027 Θεοῦ
3269 3962 3359 4030 διά
3396 3977 3455 4028 σὲ
3502 3974 3590 4028 καὶ
3639 3972 3692 4025 τὸ
3719 3968 3789 4037 γέο

2257 4081 2344 4128 νος
2363 4080 2457 4117 σου
2487 4064 2762 4131 λέγοντος·
2801 4079 2820 4114 t
2868 4059 3084 4115 ’Δπολῶ
3109 4060 3210 4132 τὴν
3238 4061 3437 4133 σοφίαν
3480 4061 3585 4115 τῶν
3620 4056 3789 4125 σοφῶν,

2257 4156 2350 4211 ml
2381 4155 2480 4227 τὴν
2528 4155 2748 4209 σύνεσιν
2777 4153 2891 4209 τῶν
2945 4155 3186 4208 συνετῶν
3220 4156 3516 4227 άθετήσως
3551 4172 3570 4206 ι
3629 4146 3791 4204 ἰνα-τί

2255 4249 2348 4301 τὸν
2381 4248 2590 4301 Μωσέα
2620 4246 2713 4300 διά
2744 4245 3015 4317 στόματος
3047 4247 3235 4318 φέρεις
3262 4264 3278 4314 ;
3306 4248 3430 4309 Πῶς
3450 4241 3790 4314 ἐγκαλλωπίζῃ

2255 4341 2368 4402 τοῖς
2399 4338 2612 4391 ἐκείνου
2647 4337 3118 4408 συγγράμμασινς
3159 4337 3333 4407 Ἄφες
3392 4336 3513 4398 τοὺς
3552 4333 3790 4404 προφήτα;

562 4422 758 4493 phetas
783 4423 928 4494 apud
956 4438 1059 4479 nos
1092 4423 1438 4480 Christianos
1467 4439 1797 4491 remanere;
1837 4442 1937 4482 nos
1977 4442 2149 4497 pecu-

2256 4427 2389 4500 παρ’
2418 4430 2553 4500 ἡμῖν
2576 4426 2718 4483 εἶναι
2744 4430 2858 4492 τοῖς
2882 4428 3262 4499 Χριστιανοῖς·
3335 4431 3497 4501 ἡμεῖς
3520 4431 3548 4483 ό
3602 4421 3787 4497 περιοῦσι

561 4513 714 4570 Iiaris
746 4515 862 4585 ejus
893 4515 1133 4586 populus
1157 4530 1387 4571 sumus:
1422 4535 1441 4568 ι
1470 4516 1686 4572 Vocabo
1718 4517 1890 4583 enim,
1922 4518 2149 4583 ait,non

560 4607 846 4679 populum,
880 4608 1144 4680 populum
1186 4623 1402 4674 meum;
1438 4625 1456 4659 ι
1489 4623 1592 4663 nos
1645 4624 1837 4679 magna
1869 4610 1954 4665 illa
1993 4628 2148 4684 gens,

560 4700 630 4756 de
659 4716 766 4771 qua
810 4699 952 4756 Deus
977 4701 1199 4756 loculus
1222 4710 1309 4755 est
1339 4699 1514 4771 Moysi
1541 4700 1733 4756 dicens
1758 4719 1771 4756 :
1815 4721 1833 4755 ι
1860 4703 1993 4760 Sine
2038 4721 2147 4772 me,

561 4802 617 4848 et
654 4794 830 4848 iratus
878 4802 1163 4850 conteram
1230 4793 1408 4862 ipsos,
1439 4802 1495 4847 et
1523 4794 1855 4849 constituam
1902 4807 1955 4853 te
1986 4815 2165 4871 super-

565 4895 783 4954 gentem
816 4899 1097 4956 magnam.
1126 4902 1145 4935 ι
1182 4883 1323 4949 Quid
1360 4883 1484 4937 ais?
1514 4882 1769 4941 Divinum
1811 4887 1915 4942 hoc
1959 4903 2157 4945 oracu-

561 4974 675 5032 lum
707 4976 1044 5033 eﬁ‘ectumne
1100 4975 1314 5039 habuit,
1349 4990 1419 5029 an
1446 4977 1603 5035 non?
1632 4978 1917 5035 Contritus
1973 4997 2054 5048 es,
2092 4994 2153 5038 ut

563 5086 659 5126 vas
700 5071 878 5141 ﬁguli,
920 5068 1145 5124 necne!
1200 5068 1440 5124 Necesse
1489 5080 1610 5125 erat
1648 5086 1872 5140 prorsus
1907 5077 2053 5144 quod
2097 5086 2153 5132 ct

564 5161 780 5235 Moyses
808 5176 975 5231 super
1000 5168 1220 5231 gentem
1257 5160 1401 5216 hanc
1434 5177 1686 5233 magnam
1727 5168 2155 5223 constitueretur

564 5270 592 5307 a
633 5253 949 5324 Deo;quid
1000 5267 1136 5307 vero
1162 5254 1343 5323 majus
1401 5266 1564 5326 gente
1614 5266 1804 5313 nostra
1838 5258 1907 5314 de
1945 5258 2150 5315 Christi

561 5348 787 5400 nomine
822 5353 1139 5415 nuncupata
1155 5344 1197 5400 7-
1215 5346 1334 5401 Non
1372 5349 1522 5403 enim
1553 5350 1639 5405 est
1673 5351 1848 5417 locus,
1879 5368 1990 5407 non
2020 5353 2156 5411 οἰνί-

565 5446 666 5501 tas,
695 5454 808 5495 non
849 5440 1018 5510 regio,
1064 5439 1120 5492 in
1150 5440 1377 5509 quibus
1415 5457 1526 5496 non
1574 5443 1836 5499 adoretur
1870 5444 2150 5503 Christus.

634 5596 848 5670 (ΞΠ-28)
905 5597 1144 5654 lmmane
1196 5601 1289 5655 hic
1344 5616 1570 5670 prorsus
1623 5602 1877 5657 innuitur
1929 5605 2145 5662 facinus

564 5663 747 5741 hilaria:
786 5663 1028 5727 Eleazari
1084 5671 1242 5736 tiliae,
1271 5663 1394 5741 quae
1427 5673 1617 5726 adacta
1662 5676 1803 5727 fame
1852 5675 2143 5731 lactentem

567 5736 738 5794 ﬁlium
775 5741 1070 5813 interemit,
1116 5736 1331 5815 sibique
1365 5743 1422 5799 in
1458 5744 1641 5800 cibum
1688 5745 1996 5812 constituit,
2034 5762 2165 5802 non'

2262 4539 2379 4584 σιος
2409 4522 2556 4584 λαός.
2602 4541 2620 4575 ι
2656 4521 2894 4575 Καλέσω
2920 4522 3053 4593 γάρ,
3093 4522 3250 4593 φησι,
3291 4524 3385 4577 τὸν
3438 4524 3498 4577 οὐ
3547 4521 3664 4574 λαόν
3711 4533 3786 4587 μου

2257 4614 2407 4670 λαόν.
2444 4632 2466 4667 ι
2512 4612 2712 4684 Ἡμεῖς
2744 4615 2804 4665 τὸ
2836 4613 3168 4684 μέγα·ἑθνος
3220 4616 3425 4682 ἐκεῖνο,
3476 4617 3602 4685 περὶ
3637 4605 3694 4666 οὗ
3734 4606 3787 4676 τῷ

2257 4707 2449 4760 Μωσεῖ
2476 4706 2778 4776 λελάληκεν
2805 4710 2830 4760 ὸ
2854 4708 3043 4770 θε6,ἰ
3071 4706 3273 4760 Ἐαοόν
3309 4725 3400 4778 με,
3431 4707 3525 4761 καὶ
3556 4701 3782 4775 θυμωθεὶς

2258 4799 2506 4871 ὲκτρίψω
2524 4800 2749 4865 αὐτοὺς,
2768 4800 2866 4854 καὶ
2897 4802 3230 4870 καταστήσω
3258 4817 3320 4854 σε
3347 4800 3427 4863 είς
3449 4798 3596 4863 ἔθνος
3627 4797 3785 4868 μέγαν

2255 4897 2323 4949 Τί
2370 4896 2598 4963 λέγειςς
2657 4894 2718 4946 '0
2767 4893 2911 4957 θεῖος
2983 4889 3140 4958 οὗτος
3208 4894 3594 4966 χρηματισμὸς
3647 4888 3788 4956 πέρας

2255 4989 2435 5060 ἔσχεν,
2464 4991 2497 5059 ἦ
2534 4987 2633 5055 οὓς
2669 4977 3008 5058 Συνετρίϐης
3049 4987 3129 5051 ὡς
3177 4989 3346 5056 ἄγγος
3405 4985 3723 5055 ὀστράκινον,
3763 4974 3786 5040 ἦ

2260 5078 2323 5133 ού
2352 5097 2368 5145 ;
2402 5080 2650 5149 ’Δνάγκη
2701 5082 2853 5133 πᾶσα
2897 5079 2994 5132 καὶ
3038 5077 3130 5133 τὸν
3175 5079 3383 5134 ’ίίωσέα
3413 5077 3493 5140 είς
3552 5074 3708 5129 ἐκεῖνο
3744 5064 3789 5117 τὸ

2258 5173 2404 5243 μέγα
2423 5171 2576 5236 ἔθνος
2611 5171 2767 5243 παρὰ
2794 5171 2932 5225 Θεοῦ
2969 5171 3335 5241 καταστῆσαι·
3360 5171 3414 5225 τί
3437 5169 3492 5223 δὲ
3515 5165 3684 5239 μεῖζον
3715 5153 3788 5209 τοῦ

2255 5264 2662 5336 Χριστωνύμου
2695 5266 2888 5334 γένους
2922 5264 3123 5335 ῆμῶνς
3165 5252 3241 5317 ὀύ
3267 5262 3378 5333 γάρ
3406 5264 3517 5314 ἐστι
3547 5259 3711 5316 τόπος,
3743 5246 3788 5299 οὗ

2262 5359 2439 5425 πόλις,
2469 5359 2529 5411 ού
2557 5357 2733 5428 χώρα,
2764 5359 2820 5410 ἐν
2859 5353 2942 5422 οἷς
2985 5359 3045 5409 οὐ
3077 5358 3468 5429 προσκυνεῖται
3525 5345 3785 5419 ὀΧριστός·

2265 5451 2376 5505 Καὶ
2418 5451 2471 5503 τί
2513 5449 2622 5521 χρὴ
2650 5450 2826 5504 πολλὰ
2862 5449 3084 5519 λέγεινς
3144 5449 3207 5503 El
3242 5450 3317 5518 μὴ
3356 5450 3451 5516 τῆς
3498 5443 3641 5515 ῥίζης
3671 5432 3790 5504 έφ⁵ί⁹

2256 5609 2376 5664 sine
2412 5625 2610 5679 magno
2645 5608 2879 5665 militum
2931 5609 3179 5679 ipsorum
3232 5608 3477 5679 horrore,
3528 5599 3600 5656 uti
3650 5594 3797 5679 balbe!

2256 5680 2399 5767 apud
2418 5663 2764 5752 ’Jd‘ééphuin,
2795 5680 2889 5736 lib.
2930 5663 3014 5736 v‘tt
3038 5678 3117 5773 De
3148 5679 3281 5737 bello
3304 5663 3548 5741 Judai'ca,
3577 5682 3683 5738 cap.
3706 5663 3756 5716 8.
