4048 6462
355 333 462 431 893

1733 356 2102 421 EPISTOLA
2146 358 2299 422 XIV.

3505 363 3612 429 894

359 497 492 536 σατο
537 471 658 532 κατ’
689 475 865 547 ἀρχὰς
914 478 942 529 6
1001 473 1160 540 Θεὸς,
1214 474 1309 528 are
1363 474 1426 542 δὴ
1489 473 1754 544 προειδὼς
1811 476 1937 536 τοὺς

2047 472 2153 527 Sed
2205 473 2332 542 quid
2395 472 2738 544 plura‘3Nisi
2807 471 2975 528 radici
3017 473 3354 542 pepercfsset
3411 474 3521 545 jam
3553 478 3622 532 ab

357 567 748 638 ὶλευσομένους
782 565 840 630 ἐξ
869 565 1040 635 αὐτῆς
1071 564 1307 635 ὡραίους
1370 562 1644 634 καρποὺς,
1705 564 1938 633 εὐαγγε-

353 658 550 722 λιστάς
596 658 868 728 δηλονότι,
937 658 1296 722 ἀποστόλους,
1352 657 1621 720 δικαίους,
1679 659 1776 710 καὶ
1831 658 1936 728 πρὸ

356 753 579 808 πάντων
609 751 780 824 αὐτὴν
817 751 919 822 τὴν
961 751 1056 804 τοῦ
1080 748 1320 820 Χριστοῦ
1349 749 1442 804 καὶ
1483 749 1738 819 Σωτῆρος
1775 751 1934 819 ἡμῶν

356 836 1074 916 ἑνανθρώπησινμὰνηλεῶς
1108 841 1174 895 ἂν
1202 842 1389 895 ἔκτοτε
1427 842 1519 895 τὸν
1561 841 1778 913 Ἰσραὴλ
1810 853 1937 895 συν-

358 937 580 1007 έτριψεν
611 934 852 990 ἅπαντα.
881 937 992 990 Kal
1019 933 1179 987 τοῦτο
1213 934 1390 1003 δηλῶν
1421 935 1448 986 6
1472 934 1762 1004 προφήτης
1817 932 1937 985 ἐλε-

357 1048 480 1101 γεν·
509 1048 528 1082 ι
566 1027 628 1083 Ei
678 1028 754 1098 μὴ
781 1027 986 1096 Κύριος
1020 1028 1152 1098 ἡμῖν
1181 1026 1517 1094 ἐγκατέλιπε
1573 1026 1822 1096 σπέρμα,
1855 1025 1931 1088 ὡς

360 1121 571 1191 Σόδομα
604 1123 669 1176 ἂν
694 1121 1062 1190 ἐγενήθημεν,
1121 1122 1219 1175 καὶ
1249 1119 1324 1181 ὡς
1353 1119 1608 1189 Γόμορρα
1628 1118 1694 1170 ἂν
1723 1114 1938 1185 ὡμοιώ-

266 1208 268 1211 ’
361 1213 556 1282 θημὲν*
605 1229 623 1262 ι
663 1211 951 1264 τουτέστιν
992 1209 1246 1280 ἀπωλείᾳ
1302 1209 1580 1263 παντελείγ
1630 1206 1931 1278 παρεδόθη-

365 1319 489 1372 μεν.
532 1301 709 1372 Χάριν
740 1297 854 1368 οὖν,
903 1301 980 1364 ὡς
1007 1301 1243 1371 ἔφημεν,
1275 1302 1384 1353 τῶν
1421 1300 1649 1371 καρπῶν
1693 1301 1794 1369 τῆς
1850 1299 1934 1369 ῥί-

362 1393 463 1462 ζης
492 1393 920 1463 ἀγνωμονούσης
947 1391 1252 1462 τηνικαῦτα
1282 1391 1563 1458 ἐφείσατο,
1595 1391 1682 1442 ἵνα
1729 1388 1805 1459 μὴ
1839 1391 1938 1442 σὺν

363 1488 504 1558 αὐτῇ
529 1485 822 1546 κάκείνους
862 1481 1172 1550 ὲκκόψοιενο
1205 1481 1346 1534 ὲπὰν
1374 1481 1434 1532 δὲ
1472 1481 1785 1550 προήνεγκε
1809 1477 1940 1539 τοὺς

364 1579 638 1647 καρποὺς,
672 1575 858 1628 οὐκέτι
891 1572 1109 1642 στέγειν
1137 1571 1424 1645 ἠνέσχετο,
1451 1571 1568 1625 ἀλλ’
1600 1567 1943 1639 ἀσυμπαθῶς

361 1671 530 1742 αὐτὴν
559 1668 888 1738 ἐξεθέρισεν.

437 1857 610 1925 Ἀφες
637 1853 827 1907 λοιπὸν
854 1853 981 1915 τοὺς
1016 1852 1326 1922 προφήταςο
1353 1933 1357 1938 ε
1380 1849 1559 1920 μάτην
1611 1847 1800 1920 διέρκη
1838 1846 1938 1910 τὰς
1968 1812 2017 1874 Β

366 1947 582 2017 βίϐλους
645 1945 844 1999 αὐτῶν
878 1945 1034 1998 οὐδέν
1079 1961 1162 1998 σοι
1205 1944 1269 1997 τὸ
1307 1944 1499 2015 κέρδος
1529 1942 1800 1994 ἐντεῦθεν.
1849 1942 1940 1994 Βί-

363 2041 490 2095 ὅλον
515 2041 966 2110 ἐσφραγισμένην
1021 2039 1196 2100 οὐδεὶς
1246 2037 1460 2105 ἀνέγνω
1516 2037 1674 2089 ποτε.
1733 2033 1852 2088 Ἵνα
1880 2035 1934 2087 τί

360 2134 547 2188 λοιπὸν
575 2134 716 2187 ἑκὼν
753 2131 981 2186 σεαυτὸν
1011 2131 1231 2202 ἀπατᾷς
1257 2149 1270 2196 ;
1304 2131 1481 2183 Γνῶθι
1504 2131 1589 2192 τες
1621 2147 1682 2182 τε
1724 2125 1797 2192 εἷ,
1843 2128 1938 2181 καὶ

362 2229 468 2281 ποῦ
507 2227 798 2296 δυστυχίας
851 2226 1225 2294 κατήντησας’
1284 2225 1446 2286 σύνες
1493 2224 1578 2276 ὅτι
1635 2222 1772 2290 πρὸς
1823 2222 1936 2284 τοῖς

277 2317 280 2320 ’
362 2323 545 2384 ἄλλοις
571 2323 667 2374 καὶ
701 2321 866 2375 αὐτὸν
904 2320 1190 2391 ἀφῃρέθης
1235 2317 1325 2371 τὸν
1357 2319 1590 2372 πλοῦτον
1642 2318 1742 2386 τῆς
1789 2315 1937 2384 γνώ-

363 2428 523 2475 σεως.
555 2411 667 2464 Καὶ
693 2411 794 2462 οὐκ
827 2409 936 2479 ἐμὰ
966 2409 1034 2461 τά
1071 2408 1317 2478 ῥήματαο
1341 2409 1369 2460 6
1401 2407 1494 2469 σὸς
1526 2404 1758 2466 Ἡσαΐας
1789 2404 1938 2474 διαρο

365 2507 537 2576 ρήδην
566 2503 666 2574 βοᾷ
696 2519 799 2555 σοι’
835 2520 852 2553 ι
900 2503 1010 2555 Καὶ
1043 2501 1197 2554 ἔσται
1226 2500 1358 2569 ὑμῖν
1385 2500 1452 2552 τὰ
1506 2500 1729 2570 ῥήματα
1763 2496 1940 2550 ταῦτα

361 2597 436 2661 ὡς
467 2599 518 2650 οί
566 2597 719 2663 λόγοι
772 2593 870 2648 τοῦ
950 2592 1169 2664 βιϐλίου
1216 2591 1314 2646 τοῦ
1392 2590 1853 2660 ὲσφραγισμὲνόυ.
1914 2605 1935 2640 ι

363 2687 678 2760 Ἐπαχύνθη
706 2688 803 2742 καὶ
833 2686 945 2758 γὰρ
974 2690 1008 2757 ἡ
1038 2685 1241 2756 καρδία
1274 2701 1390 2751 σου,
1437 2685 1552 2746 τοῖς
1581 2681 1686 2735 ὠσὶ
1729 2679 1940 2752 βαρέως

363 2785 625 2854 ἢκουσας,
655 2782 899 2843 καὶτοὺς
928 2778 1246 2850 ὀφθαλμοὺς
1278 2777 1419 2832 ἑκὼν
1448 2776 1806 2846 ὲκόιμμυσας.
1831 2771 1940 2826 Καί

368 2896 454 2930 σοι
488 2876 587 2945 μὲν
617 2875 696 2946 τῷ
725 2875 896 2929 πάλαι
931 2872 1138 2944 συνετῷ
1187 2873 1284 2926 καὶ
1342 2869 1491 2941 σοφῷ
1535 2869 1606 2923 τὰ
1645 2868 1741 2938 τῆς
1793 2865 1943 2926 θείας

370 2969 740 3040 ἑσφράγισται
809 2968 1065 3035 γνώσεως
1103 2981 1118 2997 ⁸
1170 2965 1305 3036 ἡμῖν
1357 2963 1414 3016 δὲ
1480 2963 1593 3022 τοῖς
1662 2958 1943 3018 ἀσυνέτοις

368 3059 547 3114 ιθ·.εσι
578 3063 671 3114 καὶ
697 3059 840 3113 πάνυ
871 3055 1331 3127 ἐξὴπλωται.Καὶ
1368 3055 1444 3124 μὴ
1477 3051 1749 3122 θαύμαζε·
1781 3051 1943 3120 ἡμεῖς

365 3153 474 3222 γὰρ
504 3149 840 3223 ⁴ἠκούσαμεν,
878 3151 1035 3220 ἡμεῖς
1082 3149 1180 3202 καὶ
1215 3147 1562 3242 ἑωράκαμεν,
1603 3145 1765 3242 lipsi;
1804 3159 1944 3242 eov:
1966 3178 2014 3242 ο

367 3245 609 3308 ήκαμεν,
659 3241 753 3292 καὶ
813 3238 914 3308 τὴν
987 3236 1246 3306 ἀλήθειαν
1300 3235 1572 3305 ἔγνωμεν.
1618 3233 1728 3308 Καὶ
1770 3234 1820 3286 εί
1866 3231 1940 3302 μὴ

369 3331 546 3383 πείθει
596 3330 709 3392 τοῖς
764 3325 1105 3397 λεγομένοις,
1155 3326 1302 3397 αὐτῷ
1343 3327 1437 3380 καὶ
1476 3310 1630 3388 αὖθις
1679 3323 1758 3395 τῷ
1809 3339 1944 3392 προ-

367 3425 515 3495 φήτῃ
551 3439 646 3476 σου
698 3419 979 3490 πείσθητιο
1031 3419 1181 3488 λέγει
1220 3421 1361 3490 γάιρο
1399 3437 1416 3470 ι
1467 3419 1578 3472 Καὶ
1613 3417 1941 3472 ἀκούσονται

367 3516 426 3567 ὲν
459 3517 524 3584 τῇ
577 3514 764 3586 ἡμέρᾳ
806 3513 994 3584 ἐκείνῃ
1053 3511 1234 3580 κωφοὶ
1275 3511 1470 3579 λόγους
1502 3509 1732 3579 βιϐλίου,
1766 3507 1862 3560 καὶ
1893 3506 1942 3558 οἱ

367 3609 427 3660 ἐν
469 3608 549 3676 τῷ
594 3608 799 3672 σκότει,
841 3606 936 3659 καὶ
966 3607 1016 3658 oi
1045 3607 1102 3660 ὲν
1151 3607 1220 3675 τῇ
1270 3603 1472 3674 ὁμίχλῃ
1527 3599 1799 3670 ὀφθαλμοὶ
1843 3617 1940 3651 τυ-

370 3697 517 3765 φλῶν
545 3697 790 3764 ὄψονται.
828 3715 848 3748 ›
884 3696 1059 3766 Δῆλον
1095 3692 1190 3751 οὖν
1217 3693 1487 3759 ἐντεῦθεν,
1543 3693 1618 3756 ὡς
1680 3691 1740 3756 ἐξ
1787 3691 1943 3762 ὑμῶν

373 3786 474 3856 μὲν
513 3785 622 3838 τῶν
659 3784 936 3838 Ἰουδαίων
972 3788 1006 3856 ἡ
1046 3786 1251 3853 γνῶσις
1309 3786 1544 3856 ἀπέστη’
1604 3784 1674 3837 τὰ
1727 3781 1786 3835 δὲ
1837 3798 1944 3834 κω-

368 3878 605 3948 φεύοντα
657 3877 787 3942 ἔθνη
819 3879 920 3930 καὶ
947 3878 1153 3947 ἀνόητα
1183 3878 1432 3940 νοοῦντες
1486 3879 1546 3932 ὲν
1601 3875 1805 3943 γνώσει
1844 3873 1940 3926 τοῦ

368 3971 536 4040 νόμου
564 3969 876 4037 γεγόνασιν·
933 3986 950 4019 ι
993 3962 1110 4034 Οἷς,
1146 3967 1254 4038 γάρ
1291 3985 1479 4037 φησιν,
1531 3967 1631 4019 οὐκ
1675 3965 1944 4034 ἀνηγγέλ-

368 4061 462 4133 θη,
495 4062 626 4132 περὶ
665 4059 804 4130 ἐμοῦ
833 4060 1079 4130 ὄψονται,
1113 4060 1210 4114 καὶ
1241 4059 1292 4113 οἳ
1321 4061 1422 4112 οὐκ
1455 4060 1780 4129 ἀκηκόασιν.
1822 4076 1841 4108 ο
1878 4058 1942 4110 El

365 4155 477 4225 γὰρ
509 4154 605 4207 καὶ
629 4153 980 4224 πρωτότοκος
1006 4153 1123 4216 υίὸς
1163 4151 1408 4223 Ἰσραὴλ,
1444 4153 1494 4204 εί
1555 4151 1654 4213 τὰς
1694 4152 1941 4219 ἐπαγγε-

364 4244 482 4307 λίας
505 4243 724 4312 πρῶτος
751 4242 994 4308 ἐδέξατο,
1039 4242 1155 4295 ἀλλ’
1195 4241 1269 4304 ὡς
1301 4241 1642 4311 πατραλοίας
1700 4241 1944 4310 ἐκκήρυ-

367 4353 492 4399 κτος
539 4337 758 4404 γέγονε,
819 4334 1124 4390 κάντεῦθεν
1173 4336 1202 4387 6
1254 4333 1440 4397 ἄθλιος
1485 4332 1595 4386 τῶν
1645 4332 1742 4385 τοῦ
1804 4330 1940 4384 Θεοῦ

364 4427 584 4498 δωρεῶν
610 4427 837 4490 δικαίως
861 4427 1246 4480 ὲκπέπτωκενο
1273 4426 1360 4494 ἐφ’
1390 4420 1434 4493 ᾧ
1487 4426 1584 4479 καὶ
1637 4423 1942 4488 ταλανίζων

2045 565 2206 619 initio
2251 566 2416 630 Deus,
2452 576 2640 635 utpote
2671 566 2893 636 quidem
2927 565 3234 634 praevidens
3266 565 3528 622 venturos
3557 584 3624 624 ex

2047 659 2163 728 ipsa
2220 659 2501 727 speciosos
2569 660 2826 724 fructus,
2881 653 3255 725 "evangelistas
3325 661 3622 727 nimirum,

2049 753 2352 820 apostolos,
2389 751 2567 820 iustos
2608 765 2672 804 ac
2702 765 2837 826 prar
2862 748 3080 803 czctz'ris
3125 749 3296 818 ipsam
3332 750 3536 806 Christi
3571 759 3627 806 et

2048 844 2361 898 Servatoris
2389 844 2560 896 nostri
2603 839 2939 913 assumptam
3000 842 3419 904 humanitatem,
3445 845 3626 898 immi-

2045 935 2395 988 sericorditer
2422 949 2488 988 ex
2530 942 2660 988 tunc
2697 949 2916 986 omnem
2960 933 3316 988 contrivisset
3347 933 3622 988 lsraelcm.

2045 1023 2224 1092 Atque
2297 1025 2400 1078 hoc
2445 1025 2711 1093 propheta
2783 1035 2972 1093 aperte
3031 1025 3272 1080 innuens
3355 1027 3622 1082 dicebat:

2051 1113 2213 1168 «Nisi
2267 1115 2530 1170 Dominus
2598 1117 2917 1185 reliquisset
2980 1117 3140 1171 nobis
3190 1133 3398 1182 semen,
3467 1120 3624 1186 quasi

2047 1206 2286 1262 Sodoma
2315 1193 2454 1263 facti.
2482 1208 2798 1270 fuissemus,
2819 1219 2872 1262 et
2903 1211 3058 1278 quasi
3088 1211 3390 1264 Gomorrlia
3418 1211 3627 1265 similes

2043 1315 2328 1363 essemus,
2361 1319 2376 1352 ι
2415 1301 2709 1370 perditioni
2749 1302 2962 1355 scilicet
3006 1303 3233 1371 integrae
3265 1304 3448 1357 traditi
3489 1305 3627 1358 fuis-

2039 1407 2242 1447 scmus.
2285 1394 2469 1446 Gratia
2509 1394 2696 1463 igitur,
2736 1395 2794 1446 u't
2820 1393 3081 1454 diximus.
3112 1393 3419 1458 fructuum,
3453 1398 3625 1452 radici

2042 1480 2271 1550 ingratae
2299 1491 2428 1536 tunc
2459 1483 2728 1551 pepercit,
2753 1498 2827 1536 ne
2853 1497 2977 1536 cum
3008 1483 3122 1552 ipsa
3152 1494 3205 1537 ct
3248 1485 3368 1539 illos
3415 1485 3625 1540 rescin-

2041 1573 2234 1639 deret;
2267 1585 2554 1643 postquam
2622 1590 2751 1628 voro
2798 1560 3013 1628 fructus
3072 1577 3320 1645 protulit,
3354 1592 3472 1630 eam
3515 1593 3624 1631 non

2044 1666 2282 1734 amplius
2315 1667 2592 1720 custodire
2649 1667 2932 1730 sustinuit,
2987 1667 3083 1722 sed
3120 1667 3629 1723 immisericorditer

2045 1757 2366 1814 demessuit.
2697 1743 2720 1750 ’

2118 1851 2388 1905 Caeterum
2425 1852 2639 1907 dimitte
2672 1854 3006 1923 ,propbetas,
3044 1867 3237 1907 eorum
3293 1853 3495 1910 frustra
3555 1855 3626 1910 li-

2045 1941 2174 1998 bros
2225 1944 2518 2012 pervolvis,
2555 1946 2764 1998 nullum
2823 1947 2970 2000 enim
3034 1947 3126 2000 tibi
3198 1946 3324 2000 inde
3388 1949 3623 2002 lucrum.

2045 2035 2268 2090 Librum
2299 2037 2488 2104 sigillis
2516 2039 2789 2091 munitum
2827 2054 2989 2093 nemo
3025 2041 3156 2109 legit
3192 2058 3450 2109 unquam.
3482 2042 3624 2118 Quid

2046 2129 2228 2184 adhuc
2259 2144 2387 2197 ergo
2419 2130 2602 2183 sciens
2640 2131 2959 2200 tibimetipsi
2994 2133 3221 2187 illudis?
3252 2134 3424 2188 Nosce
3454 2145 3506 2187 et
3533 2137 3626 2204 qui

2046 2221 2143 2287 sis,
2173 2230 2226 2274 et
2257 2221 2311 2274 in
2346 2237 2510 2290 quam
2560 2223 2934 2278 calamitatem
2973 2225 3269 2291 incideris;
3307 2228 3547 2298 intelligo
3595 2245 3627 2284 a

2047 2319 2100 2366 te
2133 2322 2330 2381 praeter
2357 2313 2462 2365 alia
2495 2313 2675 2382 ipsum
2706 2329 2926 2383 quoque
2953 2315 3195 2370 ablatum
3238 2317 3408 2373 fuisse
3439 2322 3632 2389 cogni—

2047 2404 2212 2460 tionis
2249 2405 2589 2460 thesaurum.
2649 2406 2838 2476 Neque
2890 2423 3008 2462 mea
3074 2410 3240 2464 verba
3289 2411 3402 2464 Ita-c
3459 2420 3626 2478 sunt;

2047 2497 2214 2551 Isaias
2241 2505 2364 2550 tuus
2394 2496 2615 2551 disertis
2645 2497 2832 2567 utique
2861 2499 3044 2554 verbis
3076 2503 3143 2554 ad
3179 2511 3230 2555 te
3259 2502 3458 2556 clamat
3486 2521 3498 2556 :
3533 2503 3630 2558 «Et

2046 2600 2212 2644 erunt
2245 2589 2401 2644 vobis
2455 2590 2570 2642 haec
2627 2591 2794 2644 verba
2847 2592 2924 2644 uti
2967 2607 3254 2649 sermones
3309 2595 3429 2648 libri
3485 2575 3632 2650 obsi:

2046 2681 2216 2752 gnati.
2247 2700 2264 2733 ι
2303 2682 2704 2752 lmpinguatum
2744 2684 2950 2738 etenim
2981 2696 3067 2739 est
3096 2701 3191 2740 cor
3225 2697 3402 2751 tuum,
3440 2689 3628 2757 gravi-

2047 2782 2130 2828 ter
2186 2775 2412 2827 auribus
2465 2774 2692 2839 audisti,
2725 2785 2780 2830 et
2817 2777 2960 2831 ultro
3023 2779 3215 2832 oculos
3263 2779 3630 2835 clausisti.Et

2051 2865 2146 2920 tibi
2199 2865 2444 2934 quidem,
2471 2866 2598 2920 olim
2656 2868 2984 2939 iiitclligenti
3040 2881 3094 2924 et
3150 2871 3410 2940 sapienti,
3443 2873 3628 2928 divina

2047 2957 2290 3026 cognitio
2314 2956 2598 3026 obsignata
2640 2959 2773 3024 fuit;
2802 2961 2961 3016 nobis
2995 2977 3144 3026 vero,
3174 2979 3279 3016 nou
3310 2965 3626 3033 intelligen-

2049 3047 2194 3101 tibus
2254 3049 2593 3111 nationibus,
2629 3050 2944 3106 omnimode
3010 3054 3276 3121 explicata
3346 3054 3467 3110 fuit.
3513 3056 3628 3110 Nec

2049 3137 2304 3204 mireris;
2337 3154 2437 3194 nos
2467 3140 2616 3195 enim
2647 3142 2981 3207 audivimus,
3017 3160 3120 3198 nos
3151 3141 3315 3200 etiain
3370 3149 3628 3214 vidimus,

2049 3246 2152 3287 nos
2210 3231 2582 3286 intelleximus
2637 3244 2691 3290 ct
2751 3237 3034 3290 veritatem
3104 3240 3382 3294 novimus.
3442 3243 3515 3294 Ac
3574 3243 3628 3295 ni

2049 3323 2230 3379 credis
2265 3323 2373 3393 jam
2405 3324 2584 3390 dictis,
2621 3325 2720 3392 ipsi
2778 3336 2872 3380 tuo
2930 3343 3121 3382 rursus
3177 3333 3457 3399 propheta:
3510 3348 3633 3386 cre-

2049 3415 2183 3481 das;
2220 3414 2360 3470 dicit‘
2379 3415 2524 3468 enim
2552 3433 2565 3469 :
2608 3435 2626 3466 ι
2657 3415 2721 3469 Ει
2749 3418 2973 3470 audient
3003 3418 3054 3471 in
3079 3418 3170 3473 die
3202 3420 3290 3472 illa
3329 3422 3478 3475 surdi
3509 3437 3630 3476 ser-

2051 3521 2242 3560 mones
2287 3505 2434 3571 libri,
2474 3517 2530 3560 ct
2576 3507 2725 3560 oculi
2791 3522 3083 3569 caecorum,
3113 3511 3202 3578 qui
3274 3512 3326 3564 iu
3393 3515 3634 3569 tenebris

2049 3605 2179 3653 sunt
2208 3607 2263 3651 et
2291 3598 2345 3650 in
2372 3599 2607 3670 caligine
2637 3599 2921 3654 videbunt.
2957 3619 2975 3652 ι
3009 3599 3166 3654 Patet
3195 3604 3359 3673 igitur
3402 3605 3547 3672 quod
3601 3621 3630 3660 a

2051 3688 2206 3744 vobis
2237 3689 2459 3758 quidem
2510 3691 2717 3745 Judaeis
2775 3692 3020 3762 cognitio
3067 3696 3336 3761 recessit;
3381 3699 3631 3754 nationes

2051 3794 2180 3834 vero
2229 3791 2391 3835 antea
2435 3780 2664 3837 hebetes
2729 3792 2784 3837 et
2847 3782 3175 3853 insipientes
3207 3785 3260 3838 in
3296 3785 3430 3856 legis
3474 3791 3632 3859 agni-

2053 3872 2201 3928 tione
2223 3874 2525 3943 prudentes
2555 3873 2712 3930 l‘actaa
2744 3887 2898 3931 sunt.
2945 3893 2964 3927 ι
2993 3876 3205 3942 Quibus
3235 3879 3382 3934 enim
3415 3881 3530 3951 (ait)
3562 3883 3631 3938 de

2051 3982 2136 4020 me
2171 3981 2279 4021 non
2305 3973 2388 4022 est
2439 3969 2776 4033 nuntiatum,
2805 3977 2859 4023 et
2894 3969 2987 4040 qui
3028 3987 3137 4025 non
3178 3972 3495 4040 audierunt,
3525 3975 3630 4044 ipsi

2049 4057 2379 4113 videbunt.»
2447 4056 2852 4130 Primogenitus
2892 4077 3025 4116 sane
3081 4063 3227 4120 ﬁlius
3286 4064 3450 4120 Israel
3503 4067 3627 4133 fuit,

2049 4149 2454 4217 promissioncs
2488 4153 2700 4220 primus
2761 4153 2996 4222 accepit,
3027 4171 3215 4210 verum
3248 4167 3309 4210 ut
3359 4158 3630 4228 parritida

2049 4241 2203 4295 exsul
2235 4242 2408 4297 factus
2452 4245 2554 4303 esl.
2584 4253 2746 4313 atque
2777 4247 2980 4300 exinde
3035 4248 3225 4303 infelix
3261 4265 3290 4303 a
3331 4251 3491 4306 donis
3535 4251 3629 4306 Dei

2049 4334 2245 4389 merito
2277 4335 2519 4398 excidit;
2557 4351 2726 4404 quare
2771 4337 3172 4411 commiserans
3216 4355 3312 4393 eos
3361 4345 3627 4411 propltrta

2049 4424 2305 4479 dicebat:
2347 4445 2364 4478 ι
2401 4426 2606 4481 Divites
2646 4442 2919 4495 pauperes
2982 4429 3110 4483 facti
3159 4444 3288 4484 sunt
3335 4443 3390 4486 et
3419 4435 3632 4487 esurie-

365 4520 564 4583 αὐτοὺς
593 4521 622 4573 6
653 4520 946 4592 προφήτης
987 4520 1196 4589 ἔλεγενο
1229 4537 1248 4571 ι
1280 4517 1536 4572 Πλούσιοι
1587 4519 1943 4589 ὲπτώχευσαν

2049 4525 2198 4570 runt.
2227 4534 2245 4567 ι
2281 4515 2347 4570 Ει
2398 4517 2596 4572 merito
2634 4533 2789 4585 sane,
2824 4533 3022 4588 panem
3051 4522 3198 4574 enim
3257 4523 3376 4576 vitae
3433 4525 3626 4579 interi-

365 4613 461 4666 καὶ
487 4613 804 4668 ἐπείνασαν.
842 4633 862 4666 ι
921 4614 1031 4668 Καὶ
1058 4615 1311 4676 είκότωςο
1341 4614 1436 4667 τὸν
1467 4612 1574 4681 γὰρ
1621 4610 1788 4681 ἄρτον
1839 4609 1940 4678 τῆς

365 4702 512 4771 ζωῆς
567 4704 1016 4769 ἀποκτείναντες,
1053 4703 1218 4776 πείνῃ
1250 4703 1494 4771 διηνεκεῖ
1513 4699 1942 4769 συνεσχέθησαν.

364 4794 584 4863 Μηκέτι
633 4791 824 4846 λοιπὸν
866 4793 966 4862 τῆς
1018 4793 1260 4856 παλαιᾶς
1310 4789 1594 4844 ἀντιποιοῦ
1656 4788 1827 4857 τιμῆς
1882 4802 1944 4840 τε

367 4888 462 4938 καὶ
491 4884 723 4949 τάξεως·
751 4882 964 4935 ἐκεῖθεν
996 4885 1103 4953 γάρ
1149 4884 1513 4947 ἐκπεσόντας,
1566 4880 1822 4951 καθάπερ
1863 4880 1944 4933 εἴ·

367 4993 566 5046 πομεν,
601 4973 930 5027 ἐπανελθεῖν
961 4970 1118 5037 αὖθις
1142 4975 1450 5045 ἀμήχανον.
1495 4975 1555 5025 '0
1587 4973 1726 5027 Κάῖν
1789 4988 1944 5043 πρω-

366 5069 587 5129 τότοκος
617 5062 708 5137 ἦν,
737 5065 856 5119 ἁλλ’
879 5066 1032 5119 οὐδὲν
1063 5066 1317 5118 ἐντεῦθεν
1363 5065 1642 5120 ἀπώνατο·
1688 5065 1777 5122 διὰ
1836 5055 1945 5134 γὰρ

365 5159 428 5211 τὸ
462 5157 556 5212 τοῦ
591 5157 760 5210 Ἀϐελ
789 5153 928 5227 αἷμα
958 5157 1054 5210 καὶ
1087 5157 1180 5210 τὸν
1225 5157 1412 5210 ἄδικον
1453 5157 1638 5226 φόνον,
1696 5155 1756 5208 δν
1786 5154 1944 5208 ὢδινε

369 5249 490 5302 κατ’
520 5247 710 5313 αὐτοῦ,
747 5245 910 5316 ἐξέϐη
935 5262 996 5299 τε
1055 5248 1166 5300 ἀπὸ
1198 5246 1496 5314 προσώπου
1532 5247 1694 5312 Θεοῦ,
1729 5245 1820 5298 καὶ
1874 5241 1945 5314 ἦν

369 5341 554 5394 ἔκτοτε
607 5339 811 5393 στένων
851 5339 946 5391 καὶ
979 5337 1203 5408 τρέμων
1231 5337 1337 5391 ἀνά
1378 5338 1560 5390 πᾶσαν
1628 5337 1795 5388 αὑτοῦ
1845 5336 1944 5405 τὴν

369 5438 537 5507 ζωήν.
568 5436 919 5506 Πρωτότοκος
942 5431 1012 5507 ἦν
1037 5437 1064 5488 6
1085 5433 1312 5496 Ἦσαοῦ,
1342 5433 1480 5486 ἀλλά
1511 5433 1602 5485 διὰ
1641 5433 1743 5501 τὴν
1774 5431 1943 5483 αὐτοῦ

369 5530 575 5582 κακίαν
628 5527 724 5581 καὶ
758 5527 1073 5598 ἀπληστίαν
1111 5527 1254 5580 αὑτά
1301 5541 1360 5577 τε
1411 5525 1740 5593 πρωτότοκα
1777 5521 1945 5592 προῦ-

269 5604 272 5607 ’
367 5621 510 5674 δωκε
534 5619 632 5673 καὶ
663 5617 764 5688 τῆς
792 5617 1043 5686 εὐλογίας
1089 5617 1444 5672 ὲκπέπτωκε.
1498 5613 1690 5668 Ταῦτα
1727 5613 1826 5683 μὲν
1850 5609 1944 5668 οὖν

369 5711 465 5764 καὶ
490 5711 560 5765 τὰ
583 5709 814 5764 τοιαῦτα
843 5711 1078 5765 πειθέτω
1107 5711 1204 5764 καί
1236 5726 1298 5763 σε
1322 5709 1416 5763 τὸν
1464 5709 1814 5780 πρωτότοκον
1850 5705 1943 5759 καὶ

368 5803 580 5859 ἄκοντα,
614 5802 868 5874 στέργειν
902 5803 1000 5875 τὴν
1040 5804 1338 5869 ἔκπτωσιν,
1374 5804 1478 5856 καὶ.
1495 5801 1575 5873 μὴ
1598 5800 1668 5856 τὰ
1696 5800 1943 5870 πρωτεῖα

2046 4615 2258 4661 mentes
2293 4615 2558 4676 perpetua
2599 4605 2746 4662 (alite
2809 4616 2938 4662 sunt
2971 4609 3232 4664 devincti.
3266 4610 3344 4664 Ne
3391 4614 3627 4681 amplius

2047 4697 2232 4767 itaque
2262 4698 2548 4767 antiquum
2592 4708 2648 4753 et
2678 4699 2909 4770 gradum
2951 4711 3004 4754 et
3033 4703 3298 4755 honorem
3345 4703 3625 4768 viudaces;

2047 4789 2171 4844 inde
2197 4791 2344 4844 enim
2402 4792 2625 4860 elapsis,
2656 4801 2846 4862 utpote
2895 4793 3153 4856 diximus,
3191 4795 3335 4847 nulla
3386 4801 3629 4864 ευριπ-ιιι

2047 4882 2190 4936 ratio
2220 4891 2279 4936 ut
2310 4884 2438 4956 illuc
2465 4885 2713 4938 redeant.
2743 4886 2878 4939 Cain
2935 4886 3338 4954 primogenitus
3385 4900 3522 4951 erat,
3553 4893 3627 4944 nil

2049 4984 2231 5029 tamen
2283 4977 2358 5030 illi
2404 4977 2460 5030 id
2488 4977 2727 5046 profuit;
2759 4980 2964 5032 etenim
3021 4989 3243 5049 prouter
3302 4985 3625 5052 sanguinem

2047 5068 2235 5122 Abelis
2270 5076 2323 5124 et
2395 5069 2663 5138 iniustum
2717 5073 3074 5126 homicidium
3134 5077 3278 5143 quod
3341 5079 3414 5131 iu‘
3451 5080 3625 5146 ipsum

2048 5163 2305 5228 patravit,
2331 5168 2387 5214 et
2414 5175 2443 5213 a
2475 5160 2617 5214 facie
2650 5161 2742 5214 Dei
2777 5165 3030 5230 recessit,
3053 5177 3108 5219 et
3159 5184 3224 5220 ex
3276 5185 3342 5222 eo
3381 5177 3628 5236 ιυηυνιιτρ

2048 5265 2272 5321 gemens
2321 5252 2659 5321 pavidusque
2687 5253 2870 5310 lactus
2897 5265 2984 5311 cst
3034 5257 3088 5311 in
3142 5262 3290 5315 omni
3343 5263 3472 5316 νίιςι.
3508 5261 3626 5313 Pei-

2049 5343 2358 5412 mogenilus
2391 5353 2513 5396 erat
2536 5343 2702 5410 Esau,
2737 5361 2928 5400 verum
2964 5359 3189 5418 propter
3224 5367 3377 5405 suam
3424 5353 3624 5418 impro-

2047 5432 2275 5486 bitatcm
2338 5441 2395 5486 et
2447 5433 2740 5502 ingluviem
2798 5447 2856 5491 et
2913 5438 3029 5507 ipsa
3096 5441 3445 5510 primogeniti
3505 5445 3628 5507 jura

2048 5511 2403 5587 vendidit,et
2441 5542 2471 5580 a
2499 5528 2885 5584 benedictione
2940 5533 3164 5588 decidit.
3197 5534 3322 5587 llaec
3379 5535 3542 5602 igitur
3572 5545 3629 5588 et.

2048 5617 2134 5672 his
2154 5617 2349 5672 similia
2384 5618 2605 5687 quidem
2653 5621 3120 5692 animadvertens,
3160 5627 3542 5693 persuade-aris
3572 5638 3629 5682 ct

2049 5721 2105 5765 tu
2152 5711 2552 5780 primogenitus
2607 5714 2693 5768 vel
2781 5715 2988 5772 invitus
3043 5717 3393 5786 acquiescere
3449 5721 3636 5787 casui,

2049 5820 2231 5874 neque
2267 5805 2492 5877 antiqua
2527 5807 2580 5864 in
2628 5810 2984 5872 memoriam_
3008 5824 3290 5866 revocare.
3326 5810 3404 5867 Ne
3463 5811 3630 5884 igitur
