4048 6430
314 345 420 408 89‘!

1657 335 2022 398 EPISTULA
2064 335 2182 396 XV.

3473 329 3580 393 8‘98

316 464 464 518 οὕτω
487 463 734 533 ποιῶμεν
763 463 871 531 ἀεὶ,
903 463 999 539 ἐὰν
1038 462 1180 518 οὕτω
1213 461 1314 530 τὴν
1365 455 1545 528 ψυχὴν
1598 453 1760 526 ἡμῶν
1790 450 1890 505 alio

2002 458 2154 508 turos
2193 452 2246 505 in
2275 450 2495 507 Christo
2520 450 2652 507 Jcsu
2694 449 2922 506 Domino
2953 457 3166 514 nostro,
3201 448 3288 504 cui
3320 445 3490 519 gloria
3526 449 3578 502 in

313 560 458 612 λακα
495 559 811 627 τέμνωμεν,
833 557 933 612 καὶ
954 555 1184 611 τοιαῦτα
1216 553 1514 621 σπέρματα
1563 543 1888 601 καταϐάλω-

1997 543 2213 612 saecula.
2246 544 2442 599 Amen.

317 667 440 721 μιν,
477 649 776 720 θαρρῶμεν
801 649 884 704 ὅτι
911 651 1010 704 καὶ
1042 648 1260 720 καρπὸν
1286 641 1531 713 ἀνδρῷον
1555 638 1903 711 κομισόμεθα
1941 638 2001 692 ὲν
2052 636 2280 709 Χριστῷ
2323 635 2501 708 Ἰησοῦ
2551 633 2628 707 τῷ
2679 632 2871 706 Κυρίῳ
2903 632 3082 705 ἡμῶν,
3123 629 3168 702 ᾧ
3203 636 3238 705 ή
3312 635 3440 704 δόξα
3493 641 3574 700 εἰς

313 749 443 812 τοὺς
468 746 698 812 αἰῶνας.
738 746 937 818 ’Δμήν.

837 889 1183 944 ΕΠΙΣΤοΛῆ
1241 889 1319 942 IE'
1361 887 1460 958 (ι).

318 994 431 1074 Τιῖί
450 1004 1081 1087 πανςζτιμοτάτῳρκαὲ
1113 1004 1184 1058 ἐν
1196 1003 1418 1087 ,Κυρίφ-
1431 1001 1620 1083 ’,ἡμῶν
1644 998 1890 1087 ἀδελφῷ

386 1069 571 1158 me.
590 1069 856 1158 Ἰωάνην.
1008 1069 1326 1158 ,τριχᾶεέ
1359 1069 1500 1158 ἔζῶέ
1527 1069 1793 1158 rents”.
1818 1069 1888 1158 ῖὸ

382 1143 475 1202 ἐν’
497 1146 571 1214 τῇ
601 1143 1025 1214 Ἆποκαλύψεί
1056 1143 1173 1198 τοῦ
1231 1144 1534 1214 Θεολότου
1581 1143 1888 1214 εὑᾳγτεαίι-

381 1208 862 1296 στοῦξδιωὰνγοιζ
884 1208 1323 1296 εὖρισκᾴμενοις
1343 1229 1356 1241 ο
1383 1229 1414 1296 ἰ
1426 1208 1607 1296 Elige?
1628 1210 1891 1296 σὺρανόιή

385 1286 604 1341 καινὸν
653 1286 753 1339 καί
789 1285 907 1356 γῆν
952 1280 1198 1352 καινὴν,
1227 1282 1326 1336 καί
1364 1283 1404 1352 ἡ
1459 1280 1746 1337 θάλασσα
1777 1280 1890 1333 οὐκ

385 1358 560 1408 ἐστιν
590 1355 700 1408 ἔτι.
739 1372 759 1408 ι

383 1358 560 1412 ἐστιν
590 1358 700 1409 ἔτι.
739 1372 759 1408 ι

394 1493 618 1558 ’1στέον,
645 1494 748 1561 ζὸτι
798 1491 856 1544 ὲν
901 1489 1188 1562 ἑξηκοστῷ
1223 1489 1464 1560 πέμπτῳ
1495 1486 1782 1559 κεφαλαίῳ
1807 1485 1887 1558 (2)

311 1586 413 1656 τῆς
467 1583 898 1654 Ἀποκαλύψεως
957 1583 1050 1636 τοῦ
1121 1579 1515 1651 εὐαγγελιστοῦ
1584 1579 1680 1633 καὶ⁵
1737 1578 1886 1632 θείου

324 1679 574 1732 Ἰωάννου
609 1681 704 1732 καὶ
732 1677 859 1730 τάδε
903 1676 1233 1745 διείληπται·
1257 1671 1443 1730 Εἶδον
1475 1671 1740 1742 οὐρανὸν
1762 1687 1888 1724 και-

2541 871 2877 928 EPISTOLA
2918 871 3035 928 XV.

2005 991 2461 1046 Venerandirsimo
2497 989 2550 1042 in
2584 987 2808 1060 Domino
2840 989 3009 1060 fratri
3027 990 3214 1043 domno
3236 989 3432 1060 ,ιοαιιιιὶ
3464 989 3584 1043 Tri—

2070 1060 2278 1116 chw.—
2306 1059 2734 1130 Quonammodo
2760 1059 3253 1130 sit’intelligeudum
3281 1059 3415 1114 illud
3444 1063 3584 1129 quod

2065 1132 2120 1183 in
2165 1130 2487 1200 Apocalypsi
2537 1128 2701 1200 divini
2733 1128 3068 1198 evangelium
3105 1128 3330 1184 Joannis
3378 1128 3583 1184 inueni-

2067 1218 2184 1254 mus
2214 1216 2233 1254 :
2288 1220 2306 1252 ι
2338 1199 2456 1253 νιάὶ
2487 1199 2674 1252 caelum
2705 1215 2892 1254 novum
2951 1207 3002 1252 et
3048 1207 3250 1254 terram
3289 1216 3498 1265 novam,
3535 1210 3584 1254 et

2063 1287 2213 1324 mare
2234 1271 2359 1340 jam
2398 1285 2502 1324 non
2529 1280 2626 1324 est.
2663 1287 2682 1321 ι
3205 1293 3222 1303 -

2069 1471 2223 1529 Scire
2259 1487 2488 1528 necesse
2539 1482 2643 1539 est,
2699 1475 2842 1544 quod
2903 1475 2959 1529 in
3011 1476 3192 1548 capite
3249 1479 3587 1549 sexagesimo

1996 1563 2192 1633 quinto
2222 1565 2573 1637 Apocalypsis
2600 1565 2744 1621 beati
2773 1565 3004 1622 Joannis
3032 1568 3382 1640 evangelistae
3420 1571 3435 1602 ¹
3472 1573 3589 1626 lucc

1995 1656 2160 1711 etiam
2191 1657 2586 1727 reperiuntur:
2621 1677 2639 1710 ι
2676 1658 2794 1713 Vidi
2829 1659 3030 1714 caelum
3063 1675 3264 1716 novum
3299 1670 3355 1716 et
3384 1671 3585 1718 terram

309 1772 424 1826 νόν
462 1769 562 1824 καὶ
605 1769 726 1839 τῆν
750 1767 993 1835 καινὴν,
1025 1767 1125 1821 καί
1171 1767 1209 1835 ἠ
1257 1765 1542 1821 θάλασσα
1574 1765 1686 1818 οὐκ
1717 1761 1888 1817 ἐστιν

2001 1749 2219 1816 novam,
2252 1755 2506 1805 et’marc
2533 1749 2644 1820 jam
2681 1766 2793 1806 non
2825 1758 2967 1806 est.»
3003 1753 3260 1808 Animum
3301 1754 3466 1827 igitur
3494 1757 3590 1812 ad-

309 1865 418 1918 ἔτι.
454 1862 700 1933 Πρόσεχε
752 1859 869 1916 οὖν.
907 1859 1030 1912 Ἐπὶ
1077 1858 1175 1928 μὲν
1220 1857 1331 1930 γὰρ
1380 1853 1608 1925 οὐρανοῦ
1651 1855 1748 1908 καὶ
1781 1851 1885 1920 γῆς

311 1955 415 2010 οὐκ
449 1954 791 2025 ἀνυπαρξίαν
815 1952 1096 2021 ἐνέφηνεν,
1127 1950 1240 2003 ἀλλ’
1275 1947 1670 2017 ἀνακαινισμδν
1707 1945 1801 1998 ἐπὶ
1823 1943 1886 1997 τὸ

314 2045 527 2116 βέλτιον
552 2047 580 2099 ὁ
611 2045 766 2113 λόγος
809 2044 1224 2114 ὑπεσημήνατο.
1270 2040 1428 2095 Κατὰ
1474 2041 1584 2109 γὰρ
1615 2037 1707 2091 τὸν
1737 2036 1889 2107 πάμ-

316 2154 494 2207 μεγαν
529 2135 764 2203 Παῦλον,
799 2136 896 2190 καὶ
929 2135 1071 2206 αὐτὴ
1103 2135 1138 2206 ἡ
1175 2133 1356 2197 κτίσις
1381 2131 1886 2201 ἐλευθερωθήσεται

313 2227 422 2284 ἀπὸ
451 2228 550 2298 τῆς
575 2227 824 2290 δουλείας
857 2226 959 2296 τῆς
990 2225 1196 2294 φθορᾶς
1222 2224 1301 2288 είς
1322 2223 1422 2294 τὴν
1444 2220 1761 2292 ἐλευθερίαν
1788 2220 1888 2290 τῆς

315 2319 475 2390 δόξης
501 2319 612 2373 τῶν
643 2319 851 2372 τέκνων
878 2316 974 2370 τοῦ
998 2314 1162 2373 Θεοῦ.
1191 2317 1301 2370 Καὶ
1329 2316 1358 2370 ό
1396 2314 1537 2378 θεῖος
1566 2313 1623 2366 δὲ
1654 2311 1917 2382 μελῳδὸς,

314 2412 459 2466 οὕτω
495 2411 626 2482 περὶ
674 2410 783 2464 τῶν
822 2408 1069 2480 οὐρανῶν
1093 2407 1322 2478 εὕρηται
1354 2405 1529 2475 λέγων
1549 2421 1566 2436 ·
1591 2420 1611 2455 r
1661 2401 1890 2467 Ἐλίξεις

316 2505 540 2571 αὐτοὺς,
568 2504 663 2558 καὶ
689 2503 1112 2573 ἀλλαγήσονται.
1146 2519 1164 2554 ι
1193 2501 1266 2554 Τὸ
1291 2501 1401 2570 γὰρ
1427 2495 1736 2551 παλαιωθὶν
1764 2495 1894 2550 ἀνα·-

317 2599 706 2670 καινιζόμενον
759 2596 819 2650 οὐ
866 2597 966 2666 τῆς
1014 2593 1205 2658 οὐσίας
1251 2592 1585 2663 ἀφανισμὸν,
1621 2588 1758 2644 ἀλλὰ
1796 2587 1890 2643 τοῦ

317 2692 504 2762 γήρως
540 2691 636 2743 καὶ
677 2688 785 2742 τῶν
820 2687 1050 2759 ῥυτίδων
1083 2685 1394 2757 ἐπιδέχεται
1460 2687 1562 2755 τὴν
1611 2681 1891 2750 ἀπόξεσιν.

317 2787 432 2840 Καὶ
457 2783 600 2838 οὕτω
647 2781 747 2851 μὲν
774 2781 951 2834 εἰπεῖν
980 2778 1180 2848 ἔφθασε
1212 2777 1340 2848 περὶ
1374 2775 1609 2848 οὐρανοῦ
1639 2776 1735 2829 καὶ
1764 2774 1888 2846 γῆς’

318 2874 450 2945 περὶ
496 2873 552 2926 δὲ
597 2873 698 2942 τῆς
747 2871 1026 2941 θαλάσσης
1090 2871 1191 2940 οὐχ
1228 2868 1424 2934 οὕτως,
1460 2867 1597 2923 ἀλλά
1666 2867 1753 2932 τί;
1786 2865 1894 2921 Kal

318 2969 358 3036 ἡ
388 2967 673 3022 θάλασσα
702 2965 816 3020 οὐκ
864 2963 1038 3017 ἐστιν
1080 2963 1190 3016 ἔτι.
1221 2961 1318 3022 Τίς
1355 2961 1463 3031 γὰρ
1497 2960 1660 3031 χρεία
1696 2958 1892 3013 θαλάσ-

322 3077 445 3131 σης,
475 3057 550 3130 μὴ
580 3057 852 3126 δεομένων
884 3053 1190 3126 ἀνθρώπων
1214 3052 1308 3105 τοῦ
1343 3051 1501 3106 πλεῖν
1535 3050 1786 3122 aii-rth
1826 3049 1915 3128 6t“

318 3151 491 3220 αὐτῆς
545 3146 869 3220 πορίζεσθαι
919 3147 987 3199 τὰ
1038 3146 1096 3199 ὲν
1157 3147 1276 3209 ταῖς
1332 3143 1554 3215 μακρὰν
1611 3143 1893 3213 κειμέναις

321 3242 528 3316 χώραις
574 3239 976 3311 γεωργούμενα
1023 3237 1322 3308 ἀγώγιμα;
1366 3235 1657 3290 Πιστοῦται
1691 3237 1897 3306 ταύτην

318 3336 417 3406 τὴν
445 3335 706 3390 ὑπόνοιαν
735 3335 827 3386 καὶ
858 3335 886 3386 ό
926 3332 1099 3402 μέγας
1129 3331 1432 3394 Βασίλειος,
1462 3329 1759 3400 προφέρων
1795 3329 1893 3398 τὴν

317 3429 410 3482 τοῦ
447 3427 672 3482 Ἡσαΐου
708 3427 870 3498 ῥῆσιν
920 3426 1019 3495 τὴν
1085 3423 1391 3491 λέγουσαν·
1465 3421 1529 3476 '0
1581 3421 1776 3492 λέγων
1823 3418 1898 3490 τῇ

317 3519 598 3584 ἁϐύσσῳ,
653 3515 1051 3587 Ἐρημωθήσῃ
1077 3553 1092 3580 ,
1130 3515 1229 3568 καὶ
1265 3513 1497 3579 πάντας
1526 3513 1669 3579 τοὺς
1717 3529 1898 3568 ποτα-

315 3613 479 3680 μούς
503 3627 621 3664 σου
653 3607 915 3678 ξηρανῶ.
948 3609 1058 3663 Καὶ
1107 3607 1251 3662 οὕτω
1287 3607 1388 3677 μὲν
1434 3608 1483 3660 oi
1511 3607 1579 3660 τὰ
1607 3606 1706 3676 τῆς
1733 3607 1899 3661 Ἀπο-

321 3697 611 3767 καλύψεως
647 3698 1077 3768 ὲπεξηγούμενοι
1105 3696 1226 3750 θεῖα
1249 3698 1412 3768 ῥητά·
1455 3699 1483 3751 ὁ
1519 3697 1578 3752 δέ
1629 3715 1693 3767 γε
1726 3702 1901 3769 μέγας

319 3790 608 3852 Βασίλειο’ς
656 3789 715 3842 ὲν
764 3792 831 3859 τῇ
882 3789 964 3852 είς
995 3787 1096 3858 τὴν
1137 3784 1480 3860 Ἐξαήμερδν
1526 3790 1688 3860 τρίτῃ
1732 3790 1898 3842 αὑτοῦ

319 3882 511 3955 ὁμιλίᾳ
534 3881 918 3954 ἀριδηλότερον
944 3879 1038 3934 τὸν
1067 3882 1196 3950 περὶ
1220 3881 1416 3955 τούτου
1453 3880 1613 3950 λόγον
1643 3883 1896 3944 ποιεῖται,

318 3953 416 4029 καὶ
469 3953 611 4028 οὕτω
653 3974 809 4044 φησι·
841 3973 993 4027 Διατί
1033 3977 1128 4026 καὶ
1165 3953 1534 4037 τίνοξένεκεν
1569 3975 1596 4026 ὁ
1647 3973 1751 4044 τῆς
1775 3973 1898 4027 καθ’

319 4069 469 4139 ἡμᾶς
494 4067 828 4136 οἰκουμένης
853 4065 1019 4128 τόπος
1067 4064 1226 4118 ὕδατι
1279 4063 1698 4135 περιείληπται,
1737 4065 1902 4118 πελά-

318 4159 444 4228 γεσί
467 4177 527 4212 τε
568 4159 828 4220 ἀπλέτοις
855 4155 1224 4226 ἐνδεδεμένος,
1254 4157 1354 4209 καὶ
1386 4155 1602 4226 μυρίοις
1631 4158 1902 4226 ποταμοῖς

319 4253 569 4314 ἀεννάοις
601 4249 992 4321 κατάρῤυτος;
1037 4250 1135 4302 Διά
1168 4248 1268 4318 τὴν
1306 4249 1549 4318 ἄρρητον
1578 4250 1775 4316 σοφίαν
1803 4246 1901 4301 τοῦ

316 4346 416 4417 τὴν
445 4344 738 4400 ἀντίπαλον
767 4342 845 4412 τῷ
876 4343 1017 4412 πυρὶ
1080 4340 1246 4408 φύσιν
1293 4339 1732 4404 δυσεξανάλωτον
1759 4337 1898 4393 εἶναι

268 4419 273 4432 ’
317 4436 811 4506 οἱκονομήσαντος.
851 4435 1008 4508 ’ῌδει
1040 4434 1136 4488 καὶ
1177 4432 1285 4504 γὰρ
1329 4435 1357 4485 ὁ
1383 4432 1483 4501 τῆς
1529 4433 1762 4496 κτίσεως
1802 4431 1896 4502 δη·
1931 4471 1976 4526 D

321 4529 606 4599 μιουργδς,
638 4529 764 4583 ὅσον
789 4530 1038 4598 ἀφώρισε
1070 4525 1266 4597 χρόνον
1312 4526 1379 4595 τῇ
1413 4523 1506 4578 τοῦ
1538 4525 1747 4595 κόσμου
1775 4523 1898 4577 τοῦς

317 4623 372 4674 δε
402 4621 682 4686 συστάσει,
725 4621 820 4674 καὶ
845 4621 935 4674 διὰ
967 4619 1124 4693 τοῦτο
1148 4617 1420 4689 τοσαύτην
1447 4620 1657 4682 ἐκεῖνος
1683 4633 1899 4689 προαπ-

317 4715 474 4767 έθετο
527 4714 608 4782 τῷ
669 4715 805 4784 πυρὶ
849 4713 1121 4782 δαπάνην,
1153 4712 1296 4766 ὥστε
1347 4710 1424 4781 μὴ
1470 4710 1897 4779 καταφρυγῆναι

315 4806 410 4858 καὶ
435 4805 543 4876 πρὸ
572 4804 768 4870 καιροῦ
797 4805 950 4857 τουτὶ
968 4804 1029 4857 τὸ
1060 4804 1342 4873 περίγειον
1393 4805 1456 4873 τῇ
1489 4802 1764 4872 ὑπερϐολῇ
1803 4801 1897 4854 τοῦ

318 4894 760 4966 θερμοῦοἜσται
820 4896 1048 4965 μέντοι,
1091 4895 1178 4947 ὅτε
1227 4895 1325 4948 καὶ
1366 4894 1545 4948 πάντα
1603 4895 1671 4946 τὰ
1730 4891 1896 4946 ὕδατα

318 4987 810 5057 καταφρυγήσεται
837 4986 914 5057 τῷ
937 4987 1094 5058 πυρὶ,
1124 4986 1200 5050 ὥς
1228 5004 1397 5057 φησιν
1437 4987 1693 5053 Ἡσαΐας,
1725 4989 1783 5040 ἐν
1815 4982 1898 5050 οἷς

318 5079 458 5148 πρὸς
487 5078 576 5131 τὸν
615 5077 722 5132 τῶν
753 5078 890 5132 ὅλων
921 5079 1054 5132 Θεὸν
1084 5078 1433 5146 διαλέγεται·
1475 5079 1532 5133 '0
1577 5078 1774 5150 λέγων
1821 5078 1897 5148 τῇ

317 5170 591 5237 ἀϐύσσῳ,
635 5169 1062 5240 Ἔρημωθήση,
1115 5169 1216 5224 καὶ
1248 5169 1483 5237 πάντας
1532 5169 1678 5237 τοὺς
1714 5187 1897 5226 ποτα·

315 5263 472 5330 μούς
525 5279 644 5317 σου
705 5262 970 5332 ξηρανῶ.
1013 5264 1126 5318 Καὶ
1179 5263 1351 5316 ταῦτα
1398 5265 1586 5316 τοῦτον
1639 5265 1752 5334 ἔχει
1804 5266 1896 5318 τὸν

393 5447 409 5476 ¹
449 5449 619 5518 Apoc.
655 5461 767 5511 xxr,
812 5446 864 5498 l.

391 5605 626 5676 (“Hanc
645 5601 932 5676 epistolam
960 5614 1082 5654 eum
1116 5597 1327 5676 duabus
1359 5597 1722 5676 sequentibus
1735 5597 1908 5676 edidit

322 5667 408 5734 (ἒξ
429 5676 487 5732 F.
521 5667 850 5737 Matth'aaius,
881 5671 1136 5741 Mosquae.
1160 5667 1659 5741 A1176,excodice
1709 5667 1908 5741 biblio-

325 5751 496 5804 theca:
562 5743 928 5814 typograpbiau
991 5738 1299 5811 Synodalis.
1378 5738 1901 5806 lnterpretatiouem

599 5862 870 5920 Ριτιιοι..
921 5859 1040 5920 Gtt.
1086 5856 1352 5920 CLVIII.

1994 1848 2147 1896 verte
2188 1857 2204 1896 :
2241 1841 2466 1898 minime
2501 1843 2648 1898 enim
2682 1844 2806 1899 coeli
2842 1854 3109 1916 terraeque
3145 1847 3584 1905 inexsistentiam

1993 1933 2084 1990 hic
2106 1933 2427 1998 declaravit,
2455 1935 2566 1992 imo
2591 1937 2647 1990 in
2677 1937 2874 1993 melius
2917 1937 3374 1995 instaurationem
3406 1957 3590 1999 sermo

1996 2027 2098 2083 iste
2131 2028 2366 2095 aperuit.
2399 2027 2648 2098 Namque
2669 2031 2825 2099 juxta
2851 2045 3106 2102 magnum
3134 2030 3360 2088 Paulum
3390 2044 3448 2092 et
3471 2037 3587 2107 ipsa

1995 2126 2255 2175 creatura
2283 2118 2605 2176 liberabitur
2634 2138 2664 2176 a
2696 2122 2959 2178 servitute
2995 2127 3375 2196 corruptionis
3429 2129 3484 2184 in
3523 2131 3590 2186 li-

1995 2213 2260 2270 bertatem
2312 2213 2496 2283 gloria:
2549 2215 2780 2270 ﬁliorum
2813 2216 2931 2272 Dei.
2973 2216 3197 2274 Divinus
3223 2221 3389 2275 etiam
3435 2224 3588 2292 psal-

2000 2303 2162 2360 mista
2201 2305 2274 2360 ita
2305 2305 2374 2359 de
2409 2305 2564 2361 cadis
2595 2306 2823 2377 loquens
2855 2308 3164 2363 invenitur:
3191 2329 3209 2362 ι
3238 2310 3472 2369 Mntabis
3493 2328 3588 2369 eos

1999 2405 2054 2450 et
2084 2398 2496 2453 mutabuntur.»
2529 2398 2664 2454 Illud
2694 2400 2857 2472 igitur
2883 2402 3026 2471 quod
3059 2391 3344 2460 veterascit
3374 2406 3591 2462 instau-

1998 2489 2130 2557 rari,
2168 2506 2279 2545 non
2326 2491 2580 2546 essentia:
2626 2491 3082 2560 destructionem,
3145 2495 3242 2550 sed
3293 2499 3589 2554 vetustatis

1999 2583 2368 2653 rugarumque
2407 2582 2737 2638 ablutionem
2787 2585 3034 2640 exhibet.
3077 2585 3143 2641 Et
3201 2587 3317 2643 haec
3365 2591 3588 2658 quidem
3671 2655 3678 2663 ι

2000 2674 2068 2728 de
2099 2672 2237 2728 coelo
2275 2683 2330 2728 et
2358 2684 2502 2729 terra
2541 2674 2698 2739 dixit,
2745 2675 2813 2730 de
2852 2677 2989 2730 mari
3023 2692 3155 2734 vero
3205 2694 3316 2734 non
3353 2681 3452 2747 ita,
3493 2686 3589 2739 sed

2001 2764 2176 2835 quid?
2205 2782 2224 2816 ι
2261 2765 2327 2820 Et
2360 2779 2512 2820 mare
2555 2766 2669 2836 jam
2718 2781 2831 2822 non
2880 2778 2983 2824 est.
3021 2786 3040 2820 ι
3075 2769 3209 2836 Quae
3257 2773 3404 2828 cnim
3459 2785 3576 2840 est,

2002 2873 2208 2928 quaeso,
2237 2856 2406 2912 maris
2435 2858 2663 2924 utilitas,
2702 2874 2823 2915 cum
2858 2861 3111 2919 homines
3139 2878 3244 2921 nec
3274 2866 3406 2924 illud
3437 2871 3584 2942 traji.

1966 2963 2129 3014 .cere
2157 2949 2410 3022 navigiis,
2443 2965 2546 3006 nec
2593 2965 2688 3021 per
2719 2952 2896 3023 ipsum
2948 2970 3160 3011 merces
3214 2965 3588 3030 transportare

2005 3040 2073 3096 ad
2113 3035 2436 3114 longinquas
2493 3049 2672 3100 terras
2717 3047 2960 3100 curent?
2997 3046 3148 3104 Hanc
3181 3052 3427 3108 eamdem
3460 3070 3590 3110 seu-

1921 3123 1964 3180 C
1998 3133 2226 3188 tentiam
2261 3151 2494 3206 magnus
2524 3138 2704 3208 aperit
2735 3138 2992 3205 Basilius,
3025 3139 3174 3196 Isaia:
3206 3144 3370 3200 verba
3402 3146 3588 3217 profe-

2001 3241 2130 3281 rens
2149 3228 2328 3283 htecce
2351 3245 2364 3281 :
2393 3247 2412 3282 ι
2443 3229 2546 3295 Qui
2565 3230 2690 3286 dico
2712 3232 3004 3302 profundo,
3025 3233 3306 3301 Desolare,
3323 3244 3379 3291 et
3397 3240 3582 3292 omnia

2000 3317 2225 3375 ﬂumina
2257 3329 2346 3375 tua
2377 3321 2724 3378 arefaciam.»
2757 3323 2824 3379 Et
2859 3325 2971 3380 haec
2999 3325 3222 3395 quidem
3251 3340 3589 3385 censuerunt

1999 3411 2093 3481 qui
2148 3412 2334 3468 divina
2381 3413 2737 3488 Apocalypsis
2774 3417 2935 3472 verba
2983 3419 3439 3490 explanaverunt.
3477 3422 3588 3478 Ma-
3639 3404 3663 3416 ’

2000 3519 2137 3576 guns
2165 3505 2406 3562 Basilius
2439 3507 2493 3561 in
2519 3507 2741 3562 homilia
2772 3510 2929 3563 tertia
2973 3507 3028 3563 in
3062 3509 3438 3568 Hexaemeron
3479 3516 3591 3571 cla-

2001 3597 2201 3652 riorem
2244 3597 2424 3653 adhuc
2469 3598 2540 3654 de
2585 3600 2686 3655 hoc
2741 3613 3055 3656 sermonem
3104 3603 3338 3658 habuit:
3379 3606 3583 3672 Quare,

2001 3688 2200 3758 inquit,
2253 3688 2477 3758 cujusve
2524 3690 2696 3758 gratia
2751 3690 2996 3759 planitiei
3047 3700 3250 3748 nostrae
3303 3695 3419 3750 lora
3475 3699 3588 3752 sint

2001 3782 2156 3850 aquis
2193 3782 2624 3854 circumscripta,
2661 3783 2905 3838 maribus
2945 3785 3109 3839 etiam
3145 3785 3426 3846 immensis
3457 3805 3587 3846 con-

2001 3875 2214 3940 stricta,
2258 3891 2360 3932 nec
2413 3891 2522 3930 non
2582 3877 2888 3932 innumeris
2942 3877 3263 3935 ﬂuminibus
3308 3893 3579 3952 perpetuo

2002 3967 2370 4023 deﬂuentibus
2403 3968 2622 4039 irrigata
2643 3969 2764 4024 10b
2795 3971 3091 4032 inauditam
3125 3953 3274 4028 sane
3296 3974 3441 4030 illius
3486 3992 3577 4031 sa-

2002 4057 2260 4126 pientiam
2293 4058 2384 4128 qui
2419 4059 2749 4114 contrariam
2775 4059 2883 4130 igni
2917 4069 3168 4116 naturam
3200 4063 3578 4122 incxhaustam

2002 4165 2123 4204 esse
2177 4150 2435 4205 decrevit.
2479 4150 2770 4206 Enimvero
2816 4153 3044 4209 Creator
3113 4155 3354 4211 universi
3429 4161 3583 4213 norit

2003 4252 2267 4312 quantum
2359 4243 2592 4314 hujusce
2651 4245 2842 4299 mundi
2923 4245 3297 4302 subsistentia
3363 4259 3582 4320 tempus

2005 4334 2186 4390 ﬁxerit
2242 4347 2644 4407 proptereaque
2688 4347 2891 4393 tantam
2937 4340 3053 4409 ipse
3077 4339 3308 4411 largitus
3341 4351 3427 4396 est
3469 4341 3578 4413 igni

2005 4420 2372 4495 adustionem,
2398 4439 2458 4484 ut
2478 4439 2606 4485 ante
2637 4441 2852 4500 tempus
2877 4432 2980 4489 hoc
3003 4433 3294 4503 perigmum
3320 4435 3579 4488 succendi

2008 4531 2247 4589 nequeat
2282 4521 2480 4578 caloris
2515 4531 2684 4588 testu;
2717 4523 2863 4592 quod
2905 4533 3085 4579 tamen
3131 4525 3226 4580 ﬁet
3251 4565 3266 4588 ,
3299 4526 3387 4580 ubi
3421 4541 3581 4596 aqua:

2008 4627 2200 4668 omnes
2241 4614 2366 4686 igne
2405 4616 2974 4683 consummabuntur,
3013 4617 3164 4686 juxta
3204 4616 3339 4672 illud
3386 4619 3575 4682 Isaiae,

2005 4706 2246 4762 universi
2281 4707 2450 4762 Deum
2484 4707 2556 4762 ita
2589 4707 2918 4776 alloqucntis
2953 4727 2965 4762 :
3003 4728 3020 4760 ι
3057 4708 3170 4774 (ὶυίΔ
3199 4709 3322 4763 dico
3357 4709 3586 4778 profun-

2003 4797 2092 4866 do,
2131 4799 2411 4868 Desolare,
2452 4811 2508 4856 et
2557 4803 2741 4857 omnia
2794 4803 3018 4856 ﬂumina
3061 4812 3150 4858 tua
3198 4802 3515 4858 arefaciam.
3557 4823 3575 4854 ι

2005 4893 2293 4950 Sententia
2320 4901 2404 4947 est
2433 4909 2445 4943 :
2476 4892 2532 4946 Si
2569 4893 2792 4963 quidem
2829 4893 3062 4950 desolari
3095 4904 3223 4948 tunc
3248 4893 3582 4963 profundum

2003 4987 2226 5053 dixerit,
2289 4986 2505 5041 areﬂeri
2565 5002 2694 5041 vero
2745 4989 2797 5040 in
2851 4985 3169 5041 ﬂuminibus
3224 4994 3281 5042 el.
3336 4988 3584 5044 maribus

2001 5094 2192 5148 aquas,
2228 5077 2414 5132 mirari
2448 5094 2558 5133 non
2593 5079 2771 5142 decet,
2793 5079 2937 5149 quod
2961 5090 3015 5133 et
3044 5081 3162 5149 ipse
3202 5079 3396 5134 beatus
3413 5079 3584 5136 Joan-

2001 5186 2098 5225 nes
2139 5173 2194 5224 in
2237 5171 2557 5241 Apocalypsi
2592 5171 2733 5225 inter
2763 5171 2868 5225 alia
2901 5170 3004 5226 hoc
3049 5173 3242 5228 dicat:
3276 5189 3294 5223 ι
3338 5171 3404 5228 Et
3433 5189 3586 5227 mare

1999 5267 2111 5336 jam
2160 5280 2269 5318 non
2321 5275 2426 5318 est.
2473 5285 2490 5316 ι
2528 5263 2661 5320 Nam
2711 5258 2945 5321 desolari
2992 5277 3123 5321 tunc
3171 5267 3499 5337 profundum
3531 5275 3586 5320 et

2011 5599 2266 5653 Latinam
2299 5600 2640 5658 addidimus.
2670 5603 2832 5659 Ειιτ.

2079 5669 2156 5747 (2)
2195 5669 2437 5747 llespicit
2464 5671 2792 5747 divisigtem
2814 5675 3050 5747 Andreae
3071 5675 3365 5747 Cretensis,
3386 5674 3456 5732 de
3476 5692 3586 5747 qua

2007 5741 2129 5796 vide
2159 5741 2454 5797 editionem
2482 5740 2613 5797 Novi
2645 5742 2977 5798 Testamenti
3015 5744 3180 5798 Millii.

3194 5864 3273 5922 29
