4048 6418
367 361 379 372 -
405 327 508 394 901

1755 315 2124 380 EPISTOLA
2166 318 2321 382 XVI.

3562 315 3671 374 ςυιι

404 449 568 518 ἀχρις
604 439 668 500 οὗ
708 444 1005 517 ἐλεύσομαι
1036 448 1124 502 διὰ
1147 450 1248 521 τῆς
1285 446 1602 515 Ῥωμαῖκῆς
1630 438 1832 513 ῥάὁῒου
1870 453 1965 490 παν
2006 481 2010 490 .

2114 443 2155 487 La
2189 433 2256 490 de
2307 452 2373 493 eo
2423 438 2667 508 loquitur
2696 455 2708 492 :
2740 426 3020 492 Mittent-ur
3061 430 3286 489 llenoeh
3319 444 3378 488 et
3409 429 3580 496 Elius,
3621 444 3676 487 ιιι

407 541 588 608 τάξων
631 542 760 604 τοὺς
809 541 1236 612 σταυρώσαντάς
1291 557 1381 610 με.
1434 536 1598 591 Ἀλλά
1633 534 1728 588 καὶ
1786 531 1815 584 6
1856 546 1990 600 πρε-

412 633 675 704 σσύτερος
696 631 1015 702 Ἀμμώνιος
1039 633 1101 685 τὸ
1120 628 1372 684 τοιοῦτον
1401 623 1765 708 εὐαγγελικὸν
1797 615 1986 692 ῥητὸν.

409 721 491 792 τοι
529 721 668 779 Ἐὰν
704 727 896 779 αὐτὸν
947 726 1104 781 θέλω
1159 722 1401 793 μένειν,
1445 719 1556 785 ἕως
1592 716 1842 785 ἔρχομαι
1874 752 1888 776 ,
1928 711 1992 762 τὸ

418 818 720 888 μακρόϐιον
761 816 865 886 τῆς
911 814 1081 868 αὐτοῦ
1130 813 1278 882 ζωῆς
1318 811 1572 864 ἐντεῦθεν
1618 807 1770 873 λέγει
1823 799 1993 855 αἰνίτ-

414 913 629 966 τεσθαι.
676 910 766 962 Ἐν
813 907 926 978 γὰρ
971 909 1085 969 τοῖς
1141 905 1358 975 χρόνοις
1418 896 1694 971 Τραῖανοῦ
1752 894 1990 947 ἀπέθανε

414 1003 690 1072 τιμωρίας
718 999 874 1054 ἄνευ.
927 998 1071 1068 Πρὸς
1113 997 1329 1058 τούτοις
1375 993 1433 1047 δὲ
1479 992 1576 1044 καὶ
1603 992 1634 1043 6
1663 983 1990 1040 ’Δπολλινά-

423 1095 537 1164 ριός
566 1109 724 1162 φησι,
766 1093 849 1146 ὅτι
883 1089 943 1155 ἐξ
970 1089 1202 1157 ἀγνοίας
1248 1084 1520 1140 ὑπέλαϐον
1554 1082 1604 1135 oi
1634 1076 1880 1146 ἀδελφοὶ,
1913 1075 1993 1128 ὅτι

418 1186 520 1238 οὐκ
551 1184 929 1238 ἀποθανεῖται.
967 1183 1078 1235 Καὶ
1135 1182 1165 1233 6
1215 1180 1271 1231 ὲν
1319 1176 1494 1244 ἁγίοις
1547 1173 1605 1226 δὲ
1667 1171 1924 1238 Ἰωάννης
1967 1168 1995 1218 ὁ

418 1274 786 1346 Δαμασκηνὸς
817 1274 911 1327 καὶ
939 1272 1065 1326 τάδε
1109 1271 1236 1340 περὶ
1269 1267 1464 1323 τούτου
1503 1264 1692 1336 φησιν,
1721 1260 1998 1314 ’Δποστα-

419 1370 650 1439 λήσεται
681 1365 856 1436 Ἑνὼχ
921 1363 1124 1434 δηλαδὴ
1177 1362 1272 1415 καὶ
1297 1359 1485 1420 Ἠλίας
1515 1397 1531 1422 ,
1582 1354 1681 1409 καὶ
1736 1351 1996 1439 ἐπιστρέῗ

421 1437 843 1529 ψουσικαρδίας
903 1453 1155 1522 πατέρων
1209 1451 1304 1503 ἐπὶ
1361 1449 1556 1510 τέκνα,
1613 1443 1710 1498 καὶ
1767 1441 1873 1494 ὑπὸ
1903 1437 1995 1492 τοῦ

425 1549 798 1622 ’Δντιχρίστου
842 1545 1319 1617 ἀναιρεθήσονται.
1365 1538 1474 1592 Τοῦ
1525 1537 1713 1608 μέντοι
1758 1534 1994 1602 εὐαγγε-

424 1640 608 1696 λιστοῦ
636 1640 890 1694 Ἰωάννου
924 1629 1573 1718 οὐδαμῶς’μνημονεύει,
1605 1629 1639 1700 ἢ
1689 1626 1822 1696 γοῦν
1869 1626 1999 1678 ἑπε-

2093 525 2260 583 corda
2294 536 2510 598 patrum
2541 528 2597 582 in
2630 527 2772 583 filios
2822 534 3167 589 convertant,
3191 533 3246 578 et
3279 523 3346 578 ab
3393 521 3675 577 Antichri-

2093 627 2178 674 sto
2209 616 2488 690 peribunt.
2523 618 2886 691 Evangelistze
2949 628 3134 674 tamen
3187 615 3418 672 Joannis
3469 616 3676 671 nullam

2093 712 2429 766 mentionem
2468 712 2630 778 facit;
2657 721 2750 765 aut
2782 712 2956 781 ipsius
2985 710 3156 780 igitur
3191 708 3395 764 oblitus
3418 715 3526 772 est,
3549 724 3675 761 cum

2096 811 2308 859 tantum
2339 805 2567 859 Henoch
2621 813 2677 858 et
2727 803 2898 857 Eliam
2953 815 3293 856 memorasse
3341 800 3678 860 inveniatur,

2096 895 2182 949 vel
2215 897 2396 964 ipsum
2430 893 2697 950 Joannem
2730 894 2870 950 vivis
2896 909 3006 949 non
3031 893 3385 947 adnumerat.
3416 891 3522 946 Sed
3562 907 3680 945 ma-

2095 1001 2236 1057 gnus
2285 988 2566 1058 apostolus
2610 987 2748 1042 duos
2781 997 2951 1042 testes
3002 987 3058 1040 in
3093 983 3421 1055 Apocalypsi
3471 983 3683 1046 induci;

2096 1080 2188 1150 qui
2231 1080 2439 1135 ultimis
2483 1081 2678 1137 diebus
2705 1079 3116 1152 prophetabunt
3171 1087 3226 1132 et
3275 1079 3428 1148 signa
3476 1075 3683 1131 facient

2097 1190 2196 1244 per
2228 1183 2338 1230 tres
2368 1190 2543 1231 annos
2570 1190 2634 1228 ac
2664 1173 2923 1238 medium,
2957 1173 3111 1227 hisce
3142 1171 3364 1226 verbis:
3396 1188 3416 1222 ι
3448 1169 3512 1245 Et
3543 1170 3685 1224 dabo

2100 1265 2320 1320 duobus
2357 1266 2589 1321 testibus
2623 1265 2783 1328 meis,
2811 1275 2865 1320 et
2887 1264 3294 1332 prophetabunt
3321 1261 3516 1316 diebus
3539 1261 3686 1314 mille

2099 1355 2351 1412 ducentis
2384 1357 2687 1426 sexaginta,
2718 1354 2902 1410 amicti
2929 1355 3128 1410 saccis.
3173 1372 3192 1406 ι
3233 1351 3339 1408 Per
3382 1353 3484 1406 hos
3518 1359 3688 1406 testes

2101 1447 2324 1504 Henoch
2381 1459 2438 1503 et
2497 1448 2668 1502 Eliam
2730 1438 3126 1504 intellexerunl
3183 1455 3686 1507 commentatores,

2101 1540 2241 1594 alius
2288 1544 2418 1594 vero
2449 1540 2501 1594 in
2537 1539 2861 1611 Apocalypsi
2895 1555 3004 1594 nou
3044 1537 3386 1608 designatur.
3424 1536 3488 1590 Et
3527 1537 3690 1605 paulo

2101 1644 2225 1702 post
2250 1631 2420 1697 addit,
2444 1650 2462 1683 ι
2486 1631 2553 1686 Et
2580 1630 2952 1685 inhabitantes
2967 1637 3170 1684 terram
3190 1627 3504 1699 gaudebunt
3525 1642 3693 1710 super

426 1736 621 1792 λάθετο
676 1733 771 1788 τοῦ
829 1730 1099 1795 τοιούτου,
1131 1717 1427 1782 κάντεῦθεν
1482 1721 1593 1775 τῶν
1656 1717 1753 1773 δύο
1819 1717 1997 1787 μόνων

2114 1726 2230 1781 illos
2283 1724 2666 1795 interemptos,
2700 1732 2756 1780 et
2783 1738 3008 1777 munera
3032 1723 3136 1777 sibi
3167 1721 3388 1776 mittent
3417 1721 3689 1776 invicem:

430 1821 878 1892 ὲκείνων,Ἐνὼχ
920 1819 1122 1890 δηλαδὴ
1157 1821 1256 1872 καὶ
1299 1813 1481 1879 Ἠλία,
1507 1811 1866 1882 μνημονεύων
1913 1808 2006 1861 εὖ-

435 1919 704 1990 ρίσκεται.
747 1916 874 1978 Τοῖς
922 1912 1089 1977 ζῶσιν
1137 1912 1241 1964 οὐκ
1291 1905 1436 1978 εἶχεν
1466 1906 1627 1959 αὑτὸν
1663 1902 2001 1973 ἐναρίθμιον.

429 2007 593 2061 Ἀλλά
619 2005 714 2060 καὶ
742 2001 904 2065 αὐτὸς
953 2001 980 2053 ό
1026 2000 1197 2070 μέγας
1227 1995 1530 2058 ἀπόστολος
1577 1995 1635 2048 ὲν
1669 1995 1736 2063 τῇ
1772 1993 2008 2045 Ἀποκα-

433 2099 595 2170 λύψει
631 2098 801 2152 αὐτοῦ
839 2096 932 2150 δύο
974 2094 1128 2155 τινὰς
1157 2092 1490 2161 παρεισάγει
1523 2085 2008 2157 προφητεύσοντας

434 2197 494 2247 ὲν
523 2191 786 2263 ἐσχάταις
821 2189 1057 2260 ἡμέραις
1101 2187 1199 2240 καὶ
1236 2186 1440 2254 σημεῖα
1470 2179 1886 2241 ἐπιτελέσαντας
1912 2176 2010 2243 ἐτη

433 2285 562 2356 τρία
585 2284 679 2337 καὶ
705 2283 905 2354 ἥμισυ,
939 2281 1112 2350 λέγων
1138 2277 1330 2339 οὕτως·
1365 2273 1475 2329 Kal
1503 2269 1677 2326 δώσω
1708 2269 1832 2336 τοῖς
1864 2269 2008 2322 δυσὶ

430 2375 702 2446 μάρτυσί
721 2392 862 2446 μου,
881 2373 980 2426 καί
1004 2370 1546 2440 προφητεύσουσιν
1570 2364 1794 2434 ἡμέρας
1811 2363 2010 2432 χιλίας

431 2470 757 2535 διακοσίας
793 2467 1116 2534 ἐξήκοντα,
1158 2459 1654 2531 περιϐεϐλημένοι
1711 2456 2007 2520 σάκκους.

438 2563 674 2626 Τούτους
726 2563 828 2632 μὲν
877 2559 972 2614 οὖν
995 2552 1173 2628 Ἑνὼχ
1229 2557 1323 2610 καὶ
1371 2552 1560 2607 Ἠλίαν
1606 2551 1839 2621 ἐνόησαν
1871 2548 2012 2602 οίτά

438 2656 665 2713 τοιαῦτα
709 2651 1186 2724 ἐπεξηγησάμενοι
1207 2665 1220 2680 ⁸
1259 2649 1445 2717 ἕτερος
1473 2645 1532 2699 δέ
1573 2661 1656 2707 τις
1688 2645 1753 2713 τῇ
1787 2640 2014 2711 τοιαύτῃ

441 2749 810 2814 Ἀποκαλύῴει
859 2746 960 2800 οὐκ
1013 2743 1327 2814 ἐκφέρεται.
1376 2740 1485 2796 Καὶ
1518 2737 1636 2809 μετ’
1664 2736 1820 2805 ὀλίγα
1848 2751 1863 2766 ο
1897 2732 2015 2788 Καὶ

439 2844 494 2896 οι
517 2839 947 2902 κατοικοῦντες
996 2835 1094 2889 ἐπὶ
1136 2829 1248 2903 τῆς
1284 2831 1394 2902 γῆς
1431 2829 1758 2899 χαίρουσιν
1788 2823 1881 2879 ἐπ’
1911 2826 2015 2879 αὺ-

439 2930 564 2997 τοῖς
586 2921 977 2998 ἀναιρεθεῒσι,
1001 2924 1100 2980 καί
1121 2921 1279 2992 δῶρα
1310 2908 1666 2990 πέμψουσιν
1695 2916 2013 2983 ἀλλήλοις,

438 3025 530 3078 ὅτι
561 3019 729 3080 οὗτοι
757 3023 813 3075 ol
839 3019 950 3074 δύο
979 3015 1280 3086 προφῆται
1300 3009 1676 3068 ἐϐασάνισαν
1709 3011 1853 3074 τοὺς
1875 3023 2015 3062 κατ-

2111 1815 2373 1886 quoniam
2416 1816 2472 1871 hi
2523 1815 2633 1871 duo
2685 1815 2970 1886 propheta:
3022 1814 3412 1870 cruciaverunt
3453 1829 3549 1870 eos
3596 1817 3688 1876 qui

2110 1899 2430 1962 habitabant
2477 1923 2641 1978 super
2674 1916 2914 1975 terram;
2940 1917 3129 1978 postea
3165 1922 3298 1962 vero
3335 1917 3686 1985 resurgent.»

2109 1999 2338 2054 Aliunde
2374 1998 2697 2070 Hippolytus
2721 1998 3013 2055 historicus
3041 1998 3108 2053 de
3132 1998 3395 2068 apostolis
3442 1997 3695 2066 loquens,

2111 2091 2330 2146 beatum
2359 2091 2626 2148 Joannem
2659 2091 3073 2162 evangelistam,
3096 2089 3310 2145 Nerone
3341 2090 3692 2159 imperatore,

2111 2185 2179 2239 ab
2234 2183 2430 2239 exsilio
2485 2193 2798 2239 revocatum
2848 2181 3020 2239 fuisse
3066 2191 3339 2250 testatur,
3397 2182 3693 2253 ipsumque

2112 2286 2304 2347 postea
2335 2277 2408 2331 ita
2444 2277 2610 2330 vitam
2649 2277 2880 2342 finiissc,
2906 2287 2968 2332 ut
2999 2280 3118 2346 ejus
3154 2275 3402 2346 reliquiae
3431 2290 3696 2346 nusquam

2114 2369 2225 2424 sint
2275 2380 2528 2439 repertae.
2581 2369 2678 2424 His
2739 2377 3114 2424 consentanea
3174 2367 3480 2424 Prochorus
3531 2368 3694 2424 etiam

2115 2463 2357 2518 tradidit.
2386 2463 2531 2519 Dicit
2560 2463 2712 2518 enim.
2741 2463 2888 2535 quod
2917 2463 3070 2518 illius
3115 2463 3270 2532 jussu
3302 2462 3515 2519 foveam
3562 2461 3700 2516 επο-

2114 2555 2329 2624 derant,
2353 2556 2409 2610 in
2432 2571 2595 2626 quant
2623 2557 2915 2626 prolapsus
2939 2555 3454 2626 molequeobru-tus
3487 2570 3517 2609 a
3545 2555 3701 2610 nobis

2114 2647 2300 2702 emisit
2326 2647 2597 2717 Spiritum.
2639 2646 2778 2703 Cum
2812 2647 2927 2702 haec
2969 2656 3159 2717 postea
3227 2645 3464 2701 civitatis
3503 2645 3699 2701 incolis

2116 2739 2438 2794 annuntiata
2459 2747 2666 2808 essent,
2686 2739 2890 2796 reversi
2907 2740 3088 2795 locum
3110 2753 3340 2794 vacuum
3362 2737 3698 2796 invenimus.

2119 2829 2227 2885 Sed
2267 2829 2440 2886 divini
2486 2829 2736 2903 Gregorii
2781 2831 2943 2886 frater
2997 2829 3271 2885 Caesarius
3324 2829 3394 2884 de
3426 2829 3531 2884 hoc
3557 2826 3703 2882 Cou—

2115 2923 2470 2994 stantlnopoli
2499 2932 2712 2980 secrete
2733 2923 3122 2995 interrogatus,
3152 2919 3505 2991 dixit,ipsum
3529 2918 3699 2974 Joan-

2119 3030 2246 3070 nem
2276 3015 2330 3070 in
2365 3015 2662 3086 Evangelia
2696 3031 2799 3072 suo
2826 3016 2895 3070 de
2924 3017 3031 3071 hoc
3055 3025 3242 3087 aperte
3269 3015 3581 3070 declarasse
3614 3013 3702 3067 his

441 3115 765 3180 οικοῦντας
835 3110 933 3165 ἐπὶ
990 3107 1102 3177 τῆς
1152 3107 1301 3179 γῆς,
1348 3101 1475 3160 εἶτα
1537 3102 2010 3169 ἀναστήσονται.

2125 3106 2305 3162 verbis
2331 3124 2347 3162 :
2389 3125 2410 3159 ι
2449 3105 2594 3162 Exiit
2626 3123 2755 3179 ergo
2795 3123 2976 3183 sermo
3007 3109 3149 3162 inter
3179 3107 3403 3171 fratres,
3435 3105 3590 3160 illum
3619 3105 3702 3160 di-

445 3205 612 3261 Ἀλλά
657 3204 752 3260 καὶ
793 3205 822 3256 ὁ
882 3201 1152 3268 ἱστορικὸς
1205 3197 1520 3260 Ἱππόλυτος
1567 3198 1697 3266 περὶ
1739 3195 1850 3248 τῶν
1879 3193 2016 3246 ἀπο-

446 3295 652 3349 στόλων
709 3289 925 3356 διεξιὼν
967 3289 1115 3359 λέγει
1171 3288 1278 3356 τὸν,
1327 3285 1719 3355 εὐαγγελιστῇν
1758 3284 2016 3352 Ἰωάννην

444 3385 892 3458 ἑπανακληθῆναι
919 3383 1020 3454 τῆς
1059 3380 1274 3452 ὲξορίας
1315 3379 1422 3432 ὑπὸ
1450 3379 1699 3448 Νερούα,
1736 3377 1833 3430 καὶ
1872 3374 2018 3429 οὕτω

449 3479 586 3550 μειά
611 3478 785 3534 ταῦτα
815 3475 1168 3546 τελευτῆσαι,
1200 3466 1261 3529 οὗ
1289 3473 1382 3525 καὶ
1407 3472 1468 3525 τὸ
1497 3470 1748 3540 λείψανον
1781 3467 2018 3538 ζητηθὲν

443 3573 550 3644 οὑχ,
570 3573 794 3642 εὑρέθη.
834 3564 916 3626 Τὰ
944 3570 1084 3626 αὐτὰ
1113 3574 1225 3634 τοῖς
1269 3563 1612 3640 διαληφθεῖσι
1645 3565 1738 3620 καὶ
1763 3563 1842 3636 τῷ
1878 3565 2020 3634 Προ-

447 3661 614 3734 χώρῳ
665 3663 999 3732 διείληπται.
1032 3663 1197 3730 Λέγει
1265 3663 1398 3730 γὰρ,
1458 3660 1538 3713 ὅτι
1587 3659 1710 3712 κατ’
1751 3655 2020 3728 ἐπιταγὴν

447 3754 664 3808 ἐκείνου
694 3754 897 3816 λάκκος
947 3753 1184 3825 ὦρυκτο,
1251 3755 1308 3808 ὲν
1337 3749 1379 3823 ᾧ
1425 3751 1608 3806 πεσὼν
1660 3753 1757 3805 καὶ
1804 3749 2020 3822 χώματι

452 3846 788 3910 σκεπασθεὶς
827 3845 958 3917 παρ’
1001 3845 1161 3917 ἡμῶν
1193 3847 1479 3918 παρέδωκε
1523 3847 1584 3900 τὸ
1612 3845 1854 3914 πνεῦμα.
1887 3841 2023 3900 Εἶτα

445 3939 847 4010 διηγησάμενος
876 3938 1051 3994 ταῦτα
1077 3941 1190 4002 τοῖς
1223 3941 1281 3993 ὲν
1312 3941 1378 4010 τῇ
1419 3941 1594 4004 πόλει,
1627 3939 1723 3993 καὶ
1753 3940 2019 4009 ὑποστρέ-

446 4032 648 4100 ψαντες
682 4032 839 4084 κενὸν
871 4029 964 4085 τὸν
987 4031 1156 4085 τόπον
1179 4031 1529 4101 εὑρήκαμεν.
1560 4031 1728 4085 Ἀλλά
1753 4037 1850 4086 καὶ
1877 4033 1906 4084 6
1933 4031 2022 4084 τοῦ

448 4122 713 4192 Θευλόγου
743 4123 1055 4194 Γρηγορίου
1091 4122 1322 4192 ἀδελφὸς
1352 4123 1680 4193 Καισάριος,
1724 4115 2024 4194 ἐρωτηθείς

448 4217 542 4268 ἐπὶ
585 4215 848 4284 σεκρέτου
901 4216 961 4268 ἐν
999 4213 1580 4276 Κωνσταντινουπόλει
1627 4216 1760 4285 περὶ
1803 4217 2024 4278 τούτου,

445 4301 624 4372 εἶπεν,
665 4308 748 4361 ὅτι
782 4307 943 4369 αὐτὸς
975 4307 1004 4358 ό
1034 4305 1290 4374 Ἰωάννης
1323 4306 1380 4357 ὲν
1413 4303 1490 4376 τῷ
1517 4305 1642 4358 κατ’
1664 4305 1826 4358 αὐτὸν
1853 4307 2028 4374 Εὐαγ-

2119 3201 2390 3272 scipulum
2413 3219 2521 3256 non
2545 3203 2875 3258 moriturum
2898 3218 3042 3259 esse.
3065 3203 3253 3258 Etnon
3280 3202 3417 3258 dixit
3446 3201 3496 3256 ei
3519 3199 3696 3258 Jesus:

2121 3295 2239 3350 Non
2271 3295 2541 3361 moritur;
2576 3296 2698 3362 sed,
2727 3296 2785 3351 Si
2821 3313 2944 3351 eum
2982 3297 3107 3352 volo
3136 3290 3361 3352 manere
3386 3297 3562 3352 donec
3589 3301 3703 3366 ipse

2123 3388 2366 3454 veniam,
2417 3389 2549 3458 quid
2578 3390 2646 3446 ad
2680 3389 2776 3445 te?
2821 3400 2878 3444 tu
2923 3405 3012 3445 me
3043 3405 3300 3459 sequere.
3343 3407 3362 3441 ›
3397 3389 3462 3445 Et
3488 3390 3612 3461 jure
3649 3389 3701 3443 id

2120 3481 2294 3548 dixit,
2351 3481 2514 3536 falsas
2545 3496 2741 3536 eorum
2789 3482 3131 3550 suspiciones
3166 3481 3520 3551 redarguens,
3554 3482 3698 3550 quod

2122 3573 2324 3643 sapius
2371 3574 2482 3644 egit
2505 3612 2526 3637 ,
2558 3573 2756 3628 stultos
2802 3576 2950 3642 ipsos
2984 3588 3186 3628 vocans
3217 3582 3274 3628 et
3313 3573 3481 3628 duros
3502 3574 3701 3627 corde.

2127 3666 2182 3719 In
2212 3666 2456 3735 epistola
2491 3681 2620 3721 vero
2663 3660 2966 3735 Polycratis
3023 3666 3362 3721 successoris
3391 3665 3705 3736 Ephesique

2125 3758 2526 3828 archiepiscopi
2559 3759 2629 3814 ad
2659 3755 2935 3814 Victorem
2969 3772 3352 3815 successorem
3385 3773 3704 3830 magnaeque
3781 3770 3786 3773 '

2125 3853 2313 3908 Rouias
2367 3851 2843 3922 archiepiscopum
2894 3853 3012 3906 haec
3066 3850 3230 3906 etiam
3283 3850 3489 3921 scripta
3535 3861 3701 3906 sunt:

2129 3945 2317 4017 Magna
2341 3959 2441 4016 per
2459 3945 2643 4000 Asiam
2666 3944 2944 3999 elementa
2967 3944 3335 4007 dormierunt,
3363 3958 3484 4012 qua:
3514 3942 3706 3995 ultimo

2125 4039 2216 4093 die
2249 4044 2557 4107 resurgent.
2583 4035 2868 4105 Philippus
2902 4050 3046 4090 unus
3069 4050 3132 4088 ex
3165 4034 3457 4090 duodecim
3487 4043 3709 4103 aposto—

2126 4127 2214 4194 lis,
2259 4128 2350 4197 qui
2379 4126 2651 4197 Hierapoli
2704 4141 2812 4180 una
2861 4141 2986 4180 cum
3017 4125 3233 4180 ﬁliabus
3266 4124 3381 4180 suis
3407 4123 3706 4187 dormivit;

2127 4219 2370 4275 Joannes
2421 4220 2584 4274 etiam
2629 4219 2722 4288 qui
2769 4233 2932 4289 supra
2997 4229 3186 4288 pectus
3234 4216 3363 4273 Jesu
3425 4217 3705 4283 recubuit,

2129 4311 2330 4382 Ephesi
2365 4325 2582 4381 quoque
2609 4307 2860 4364 dormiit.
2889 4309 3117 4381 Magnus
3162 4309 3517 4372 Athanasius,
3550 4311 3603 4362 in
3641 4310 3707 4362 li-

443 4399 606 4468 γελίῳ
629 4397 1006 4484 διεσάφησετά
1024 4397 1151 4468 περὶ
1166 4397 1382 4462 τούτου,
1408 4398 1464 4449 ὲν
1482 4381 1722 4458 οἷςόὕτω
1747 4396 2002 4462 διέξεισιν

2138 4403 2233 4458 bro
2266 4403 2342 4456 De
2372 4402 2791 4464 resurrectione,
2821 4400 3042 4456 Henoch
3070 4409 3125 4455 et
3148 4401 3323 4456 Eliam
3380 4403 3524 4457 inter
3554 4403 3708 4458 vivos

458 4488 749 4559 Ἐξῆλθεν
793 4477 910 4544 οὖν
944 4492 976 4542 d
1013 4491 1218 4558 ,λόγος
1245 4491 1337 4554 εἰς
1387 4488 1534 4553 τοὺς
1561 4487 1887 4557 ἀδελφοὺς,
1939 4488 2007 4542 ὅτ

2139 4496 2343 4553 versari
2388 4493 2544 4561 dixit,
2591 4507 2691 4548 nec
2729 4491 2896 4546 alium
2948 4507 3331 4560 quemcunque
3378 4491 3496 4546 ullo
3542 4491 3706 4546 modo

447 4585 479 4637 ὁ
506 4581 784 4652 μαθητὴς
818 4581 1056 4646 ἐκεῖνος
1112 4583 1227 4636 οὐκ
1279 4581 1681 4648 ἀποθνήσκει.
1751 4582 1860 4635 Kal
1917 4584 2028 4635 οὐκ

445 4672 618 4730 εἶπεν
661 4673 823 4738 αὐτῷ
889 4677 922 4727 ό
988 4673 1257 4741 Ἰησοῦς,
1319 4673 1407 4727 ὅτι
1458 4675 1572 4728 οὐκ
1626 4674 2023 4740 ἀποθνήσκει,

445 4768 586 4823 ἀλλ’
632 4762 768 4819 Ἐὰν
798 4765 987 4820 αὐτὸν
1022 4767 1175 4820 θέλω
1199 4765 1431 4834 μένειν,
1467 4765 1578 4832 ἕως
1627 4766 1878 4836 ἔρχομαι
1901 4807 1916 4830 ,
1970 4766 2026 4820 τι

444 4861 597 4929 πρὸς
651 4860 755 4935 σέ;
806 4859 890 4913 Σὺ
940 4859 1261 4914 ἀκολούθει
1307 4878 1429 4929 μοι.
1471 4860 1644 4914 Τοῦτο
1698 4863 1805 4932 γὰρ
1870 4857 2045 4914 εἶπεν,

447 4957 669 5023 ἄριστα,
720 4951 1108 5023 διορθούμενος
1154 4951 1254 5024 τὴν
1287 4954 1638 5024 ἐσφαλμένην
1669 4955 1853 5008 αὐτῶν
1890 4954 2024 5008 ὑπό-

442 5066 614 5114 νοιαν,
643 5046 718 5110 ὡς
761 5039 1033 5115 πολλαχοῦ
1065 5045 1226 5100 τοῦτο
1259 5047 1581 5117 πεποίηκεν,
1617 5048 1880 5118 ἀνοήτους
1924 5065 2023 5102 κα-

2133 4585 2480 4642 memoravit.
2530 4584 2650 4655 ipse
2686 4585 2852 4639 etiam
2887 4581 3186 4652 Gregorius
3223 4582 3449 4651 Magnus
3481 4583 3708 4637 Sermo-

2131 4679 2346 4735 cinator
2390 4677 2658 4732 Jacobum
2723 4686 2978 4730 necatum
3034 4690 3160 4730 esse
3219 4674 3390 4739 dicit,
3440 4673 3706 4729 Joannem

2135 4787 2261 4827 vero
2289 4771 2341 4825 in
2375 4784 2508 4841 pace
2538 4785 2571 4825 e
2600 4770 2706 4824 vita
2732 4767 3055 4826 decessisse.
3077 4767 3463 4822 Divinissimus
3487 4767 3708 4824 tandem

2132 4866 2380 4935 Ephraam
2403 4865 2459 4918 in
2487 4876 2743 4918 sermone
2772 4863 2838 4916 de
2860 4859 3105 4916 secundo
3127 4864 3364 4915 adventu
3415 4860 3550 4916 duos
3589 4871 3709 4916 tan-

2125 4971 2242 5014 tum
2272 4959 2424 5014 viros
2447 4955 2864 5027 prienuntiatos,
2893 4951 3117 5009 llenoch
3167 4953 3380 5008 scilicet
3421 4963 3482 5008 et
3505 4952 3703 5018 Etiam,

2119 5050 2325 5105 citasse
2367 5048 2664 5118 reperitur.
2698 5048 2765 5102 Et
2796 5045 2913 5100 lucc
2933 5045 3154 5115 quidem
3187 5045 3254 5099 de
3286 5046 3442 5100 beato
3466 5052 3709 5116 evange-

443 5141 550 5195 λῶν
598 5140 796 5204 αὐτοὺς
850 5138 945 5192 καὶ
1000 5137 1216 5208 βραδεῖς
1270 5141 1335 5209 τῇ
1389 5142 1607 5213 καρδίᾳ.
1644 5140 1809 5194 Ἀλλά
1835 5141 1930 5196 καὶ
1963 5143 2010 5195 ἐι

2124 5141 2249 5196 [ista
2280 5140 2495 5196 Joanne
2552 5156 2581 5194 a
2634 5139 2893 5194 Patribus
2929 5137 3265 5208 supradictis
3313 5138 3510 5192 tradita
3557 5148 3708 5192 sunt.

439 5237 508 5306 τῇ
557 5233 693 5303 πρὸς
741 5233 982 5300 Βίκτορα
1027 5232 1124 5284 τὸν
1175 5231 1423 5304 διάδοχον
1455 5234 1551 5287 καὶ
1583 5234 2010 5303 ἀρχιεπισκοπον

2127 5233 2261 5288 Sive
2290 5231 2472 5287 adhuc
2498 5230 2658 5285 vivus
2683 5228 2909 5286 choch
2939 5238 2997 5284 et
3036 5228 3162 5284 Elia:
3197 5228 3564 5294 consocietur,
3595 5227 3710 5283 sive

438 5325 538 5391 τῆς
571 5325 812 5396 μεγάλης
850 5323 1074 5394 Ῥώμης
1097 5325 1356 5394 ἐπιστολῇ
1406 5325 1790 5396 Πολυκράτους
1835 5330 2010 5383 διαδό-

2120 5341 2250 5390 ηοη,
2289 5341 2317 5378 a
2337 5323 2675 5380 sublimitate
2698 5334 2788 5379 tua
2807 5321 3220 5392 diiudicandum
3250 5329 3355 5389 cst,
3387 5336 3487 5376 nec
3517 5335 3709 5376 nonor

440 5434 540 5487 χου
582 5417 1019 5488 ἀρχιεπισκόπου
1063 5414 1295 5485 Ἐφέσου
1355 5417 1450 5470 καὶ
1495 5418 1621 5472 τάδε
1666 5420 2008 5491 γέγραπται·

2122 5435 2276 5476 more
2303 5416 2671 5473 nescientium
2689 5415 2865 5471 oculis
2882 5412 3410 5470 subministrandum
3435 5413 3708 5482 relinquo.

441 5515 598 5568 Κατά
645 5517 754 5586 τὴν⁴
795 5513 982 5568 Ἀσίαν
1040 5516 1259 5586 μεγάλα
1311 5517 1554 5588 στοιχεῖα
1609 5520 2016 5591 κεκοίμηνται,
2077 5525 2237 5580 ἅτινα
2274 5520 2674 5582 ἀναστήσονται
2737 5519 2802 5585 τῇ
2865 5518 3072 5587 ἐσχάτη
3105 5518 3305 5590 ἡμέρᾳ.
3333 5518 3598 5576 Φίλιππος
3629 5507 3710 5576 εἷς

446 5614 521 5666 ὢν
570 5613 680 5664 τῶν
737 5611 947 5666 δώδεκα
998 5615 1337 5682 ἀποστόλων,
1392 5616 1449 5678 ὃς
1514 5614 1846 5684 κεκοίμηται
1881 5620 1939 5671 ὲν
1982 5618 2288 5691 Ἱεραπόλει
2321 5614 2420 5667 καὶ
2465 5611 2765 5688 θυγατέρες
2801 5613 2992 5667 αὑτοῦ.
3031 5613 3152 5666 Ἔτι
3174 5613 3232 5665 δὲ
3266 5613 3362 5666 καὶ
3388 5611 3643 5679 Ἰωάννης
3683 5622 3712 5671 ὁ

449 5708 545 5766 ἐπὶ
596 5704 673 5774 τῷ
727 5706 914 5775 στήθει
945 5707 1036 5763 τοῦ
1087 5709 1262 5780 Ἰησοῦ
1326 5707 1616 5765 ἀναπεσὼν
1645 5724 1658 5741 ο
1689 5705 1845 5773 οὗτος
1899 5712 1954 5765 ἐν
1999 5711 2211 5781 Ἐφέσῳ
2245 5711 2616 5786 κεκοίμηται.-
2649 5710 2760 5763 Καὶ
2809 5710 2835 5760 ό
2893 5708 3064 5776 μέγας
3109 5707 3164 5758 δὲ
3194 5706 3512 5771 Ἀθανάσιος
3547 5705 3607 5761 ὲν
3635 5703 3712 5780 τῷ
