4048 6416
380 471 491 533 905

1715 461 2087 526 EPISTULA
2129 461 2327 526 XVII.

3535 451 3644 516 906
3663 465 3674 472 '

379 596 474 635 σεν
502 617 520 644 ,
553 581 644 651 ὑφ’
683 569 760 634 ὧν
811 577 907 632 καὶ
949 579 1010 632 τὸ
1059 579 1304 634 τοιοῦτον
1346 577 1551 649 χωρίον
1593 576 1908 647 ήγόρασται
1936 587 1950 602 ⁸

2059 572 2100 626 si
2136 573 2207 627 ita
2255 587 2340 628 res
2371 586 2430 628 se
2465 569 2692 637 habent,
2723 565 3009 624 evidenter
3054 571 3382 621 erraverunt
3430 562 3522 633 qui
3568 563 3642 615 ob

377 673 500 728 οὐδὲ
531 672 640 743 γὰρ
675 671 806 745 ἐξῆν
845 670 1022 727 ταῦτα
1055 672 1241 743 βαλεῖν
1270 673 1350 735 είς
1380 671 1474 725 τὸν
1515 670 1824 742 κορϐωνᾶς),
1877 685 1955 721 τι-

385 766 492 836 μὴν
541 764 860 837 ὑπάρχοντα
898 763 1130 832 αἵματος
1155 777 1170 793 ·
1211 762 1348 816 πότε
1408 761 1600 815 λοιπὸν
1660 759 1693 831 ﬁ
1727 757 1896 811 πόθεν
1927 757 1956 810 ό

378 857 582 921 Ἰούδας
611 855 818 927 χωρίον
849 856 1125 924 ἐκτήσατο
1152 871 1166 921 ;
1202 854 1364 926 είπερ
1414 854 1507 909 καὶ
1544 850 1748 923 μᾶλλον
1790 853 1848 905 έν
1877 849 1956 921 τῷ

319 988 326 990 -
375 947 486 1019 ναῷ
519 947 684 1020 ῥίψας
706 948 797 1002 τὸν
822 949 920 1018 τῆς
945 947 1160 1009 ἀδικίας
1193 946 1387 1017 μισθὸν
1407 949 1616 1019 ἀγχόνῃ
1646 945 1956 1017 τηνικαῦτα

375 1044 673 1114 ἐχρήσατο.
722 1043 937 1097 ΙἈλλων
984 1043 1168 1096 τοίνυν
1222 1044 1588 1115 ήγορακότων
1622 1042 1790 1106 αὐτὸς
1821 1043 1958 1110 ἀγο·

379 1133 541 1206 ράσαι
580 1133 800 1202 λέγεται
827 1174 842 1200 ,
888 1135 966 1196 ὡς
1013 1133 1226 1188 ἀνωθεν
1275 1135 1519 1206 εἴρηται.
1587 1133 1647 1187 El
1684 1133 1742 1187 δὲ
1781 1131 1957 1187 ταῦτα

373 1225 550 1291 οὕτως
601 1227 742 1297 ιχει,
793 1225 1173 1298 πεπλάνηνται
1225 1227 1525 1299 προφανῶς
1551 1229 1600 1282 οί
1629 1227 1720 1281 διά
1757 1245 1820 1294 γε
1857 1226 1957 1298 τὴν

373 1319 467 1373 τοῦ
497 1319 701 1390 χωρίου
743 1319 904 1388 δῆθεν
961 1319 1232 1390 ὲξὼνησιν
1282 1322 1378 1374 καὶ
1409 1320 1575 1391 ζῆσαι
1622 1320 1713 1373 τὸν
1754 1319 1957 1374 Ἰούδαν

378 1411 516 1480 μετὰ
559 1411 659 1479 τὴν
717 1411 958 1482 ἀγχόνην
1007 1412 1360 1480 νομίσαντες.
1403 1411 1468 1464 El
1521 1411 1579 1464 δὲ
1621 1411 1718 1464 καὶ
1771 1409 1955 1481 πρηνῆ

374 1504 564 1555 πεσεῖν
599 1501 695 1554 τὸν
726 1501 935 1556 Ἰούδαν
959 1541 975 1566 ,
1024 1503 1251 1555 λακίσαι
1289 1519 1350 1555 τε
1405 1502 1575 1570 μέσον
1613 1501 1783 1556 αύτδν
1811 1503 1844 1572 ή
1877 1501 1957 1572 βί-

375 1593 501 1655 ϐλος
531 1591 845 1663 διαγορεύει
885 1592 995 1645 τῶν
1028 1592 1292 1664 Πράξεων
1317 1635 1332 1660 ,
1372 1594 1447 1657 ὡς
1477 1592 1684 1647 ἄνωθεν
1715 1593 1955 1664 είρηται,

374 1683 447 1744 di;
495 1683 749 1737 ἐντεῦθεν
799 1684 980 1738 δοκεῖν
1034 1684 1412 1739 ἐναντιοῦσθαι
1447 1684 1703 1754 ἀλλήλοις
1755 1684 1856 1754 τήν
1897 1701 1958 1737 τε

373 1775 766 1845 διαληφθεῖσαν
795 1776 975 1846 βίϐλον
1024 1777 1119 1830 καὶ
1167 1776 1308 1831 αὐτὰ
1339 1776 1416 1831 τὰ
1446 1777 1567 1847 ιερὰ
1588 1776 1954 1859 σΕύαγγέλια·

372 1867 491 1921 ἀλλ’
537 1868 599 1922 οὐ
633 1867 890 1923 τοσοῦτον
936 1867 1245 1937 θαυμάζειν
1293 1870 1388 1924 hri
1421 1869 1638 1934 τούτοις
1677 1887 1736 1923 σε
1775 1869 1955 1934 ἀξιον.
1991 1901 2032 1960 Β

374 1961 538 2024 Εἰκὸς
567 1961 676 2031 γὰρ
710 1962 806 2015 καὶ
855 1960 1154 2031 ἀμφότερα
1189 1963 1372 2017 ταῦτα
1427 1961 1504 2032 τῷ
1535 1965 1656 2017 τότε
1697 1962 1765 2035 [Ῑ.
1793 1963 1850 2015 ὲν
1879 1963 1960 2033 τῷ

374 2055 497 2106 τότε
540 2050 740 2124 χρόνῳ]
772 2051 1052 2120 γενέσθαι,
1105 2053 1166 2105 τὸ
1220 2042 1578 2121 τελειωθῆναι
1609 2071 1668 2107 τε
1697 2055 1765 2107 δι’
1789 2053 1957 2124 ἀγχό-

365 2133 474 2212 νης
507 2144 692 2212 αὐτὸν,
739 2145 836 2198 καὶ
874 2145 936 2199 τὸ
985 2148 1053 2201 τὰ
1089 2147 1376 2218 σπλάγχνα
1425 2146 1591 2201 αὐτοῦ
1635 2147 1957 2218 ἐκχυθῆναι,

348 2235 450 2300 ,ὡς
479 2235 743 2299 πολλάκις
768 2236 1104 2308 διείληπται,
1149 2237 1247 2293 ἅτε
1287 2236 1382 2292 τοῦ
1425 2238 1692 2293 καλωδίου
1732 2237 1961 2311 διαρρα-

374 2327 588 2393 γέντος,
637 2328 696 2380 ὲν
737 2319 781 2395 ᾧ
834 2327 1156 2400 ἀπηὼρητο,
1197 2327 1495 2384 κάντεῦθεν
1528 2330 1610 2393 είς
1649 2328 1758 2400 γῆν
1798 2345 1959 2382 κατε-

375 2418 658 2489 liquem;
698 2420 910 2472 ἐκείνου
941 2460 958 2486 ,
1019 2421 1114 2473 καὶ
1172 2421 1315 2475 οῦτω
1367 2421 1535 2493 μέσον
1577 2420 1959 2487 λελακικότος,

374 2508 449 2571 ὡς
501 2507 685 2580 θέαμα
745 2512 1072 2581 προκεῖσθαι
1123 2515 1238 2576 τοῖς
1278 2513 1446 2568 πᾶσιν
1490 2513 1752 2581 ἐξαίσιον.
1796 2513 1961 2578 Ποῖος

371 2601 471 2654 καὶ
504 2601 612 2673 γὰρ
643 2602 808 2656 αὑτὸν
838 2603 1034 2659 ἑαυτοῦ
1069 2607 1340 2675 γεγονότα
1372 2607 1676 2681 αὐτόχειρα
1708 2609 1742 2681 ἢ
1772 2609 1957 2682 ταφῆς

373 2693 510 2757 ὅλως
555 2695 812 2765 ἠξίωσεν,
846 2699 880 2768 ἢ
917 2699 1060 2753 κατά
1111 2715 1239 2755 τινα
1282 2701 1488 2772 τρόπον
1519 2706 1957 2776 περιεποιήσατο

371 2783 597 2854 ἕτερον;
655 2787 910 2842 Μάνθανε
967 2787 1062 2844 οἷον
1125 2791 1405 2856 ἐντεῦθεν,
1440 2791 1517 2858 ὡς
1576 2795 1634 2847 ὲν
1692 2795 1834 2866 αὐτῇ
1886 2797 1955 2867 τῇ

371 2877 581 2949 ἀγχόνῃ
614 2879 673 2932 τὸ
718 2879 815 2934 τοῦ
853 2880 969 2951 βίου
1015 2882 1172 2947 τέλος
1209 2885 1452 2952 ἐδέξατο.
1483 2886 1590 2942 Ἴδε
1621 2887 1732 2959 γὰρ
1755 2888 1836 2942 ὅτι
1860 2888 1958 2944 καὶ

372 2970 403 3023 ὁ
458 2968 557 3041 τὴν
606 2971 857 3040 γλῶτταν
885 2973 1122 3044 χρυσοῦς
1175 2977 1234 3030 εν
1283 2979 1350 3048 τῇ
1388 2980 1473 3041 είς
1521 2978 1582 3032 τὸ
1633 2982 1778 3034 κατὰ
1807 2981 1957 3037 Ματ-

303 3121 312 3134 δ
375 3061 528 3114 θαῖον
563 3062 904 3130 Εὐαγγέλιον
927 3065 1265 3139 ὀγδοηκοστῇ
1296 3068 1524 3141 πέμπτῃ
1555 3070 1747 3144 ὁμιλίᾳ
1779 3072 1952 3127 αὐτοῦ

372 3151 733 3222 διαλαμϐάνει
763 3156 865 3224 μὲν
901 3157 1036 3227 περὶ
1085 3159 1185 3228 τῆς
1242 3159 1483 3231 ἀγχόνης
1507 3159 1603 3214 τοῦ
1629 3160 1826 3229 Ἰούδα,
1860 3164 1957 3217 καὶ

2059 666 2172 736 agri
2206 666 2540 736 emptionem
2597 662 2791 719 Judam
2828 672 2954 734 post
2999 659 3416 730 suspensionem
3443 657 3644 712 vixisse

2057 759 2483 815 contenderunt.
2527 755 2772 828 Namque
2797 756 2841 812 si
2889 753 3086 811 Judam
3142 765 3472 821 suspensum
3523 763 3648 804 cre-

2058 849 2250 920 puisse
2279 850 2522 906 medium
2550 849 2605 904 in
2632 841 2867 902 Actuum
2899 847 3042 902 libro
3075 851 3354 908 narratur,
3386 849 3448 895 ut
3479 855 3646 910 supra

2058 939 2328 1006 diximus,
2369 941 2567 996 exinde
2597 937 2959 1008 sibimetipsis
2997 934 3379 991 contradicere
3413 932 3642 986 videan-

2059 1039 2148 1087 tur
2183 1031 2322 1087 liber
2353 1031 2704 1102 supradictus
2731 1039 2787 1084 et
2816 1031 2932 1100 ipsa
2957 1037 3146 1083 sancta
3177 1025 3508 1096 Evangelia;
3546 1021 3643 1078 sed

2057 1139 2170 1180 non
2197 1125 2337 1180 adeo
2365 1123 2432 1179 de
2462 1123 2549 1178 his
2579 1123 2766 1178 mirari
2800 1122 2979 1177 decet.
3011 1119 3225 1175 Etenim
3250 1119 3360 1174 duo
3385 1118 3489 1173 ista
3515 1124 3648 1171 tunc

2059 1216 2178 1272 fieri
2213 1215 2477 1286 oportuit,
2509 1215 2686 1284 ipsum
2716 1213 2974 1269 videlicet
3006 1212 3201 1283 laqueo
3234 1225 3262 1266 e
3298 1210 3406 1265 vita
3437 1198 3647 1263 disces-

2058 1309 2220 1374 sisse,
2263 1317 2317 1365 et
2348 1307 2544 1363 diﬂ‘usa
2577 1307 2881 1378 procidisse
2912 1306 3124 1361 viscera
3156 1303 3309 1372 ejus,
3345 1303 3488 1358 sicut
3536 1317 3644 1354 sa:-

2059 1404 2182 1475 pius
2210 1401 2472 1473 scriptum
2503 1409 2620 1466 est;
2650 1400 2930 1470 siquidem
2955 1398 3125 1454 fracto
3169 1397 3374 1466 laqueo,
3391 1409 3498 1466 quo
3526 1393 3648 1447 fue-

2061 1505 2147 1550 rat
2181 1507 2500 1564 suspensus,
2557 1503 2611 1548 et
2644 1493 2724 1547 sic
2758 1492 2877 1562 ipso
2914 1491 2968 1544 in
3007 1497 3206 1545 terram
3238 1487 3480 1557 delapso,
3532 1500 3647 1539 me-

2061 1588 2186 1642 dius
2219 1585 2456 1656 crepuit,
2491 1593 2553 1639 ut
2583 1585 2782 1638 mirum
2817 1582 2984 1638 veluti
3016 1583 3247 1652 aliquod
3267 1582 3482 1652 signum
3530 1595 3652 1635 om-

2061 1679 2222 1734 nibus
2256 1686 2568 1748 appareret.
2611 1675 2748 1742 Quis
2778 1675 2926 1731 enim
2955 1658 3219 1729 suicidam
3255 1676 3334 1728 vel
3363 1673 3647 1742 sepultura

2061 1772 2286 1841 dignum
2320 1768 2585 1833 habebit,
2617 1768 2705 1823 vel
2749 1767 2858 1822 alio
2889 1765 3125 1836 quodam
3173 1766 3337 1820 modo
3390 1765 3647 1820 auxiliari

2061 1861 2355 1922 voletZAb
2392 1864 2495 1918 hoc
2536 1862 2700 1931 igitur
2723 1861 2898 1924 disce,
2921 1859 3068 1930 quod
3106 1858 3306 1929 laqueo
3345 1870 3649 1927 sn~5pensus

2059 1973 2091 2014 e
2124 1960 2234 2012 vita
2267 1957 2540 2012 disressit.
2591 1957 2728 2033 Ecce
2761 1953 2907 2009 enim
2943 1953 3214 2023 quomodo
3233 1951 3650 2022 Chrysostomus

2061 2050 2118 2104 in
2154 2051 2488 2120 octogesima
2540 2048 2735 2115 quinta
2787 2047 2842 2101 in
2890 2045 3286 2112 evangelistam
3338 2043 3651 2097 IlIattha-um

2059 2143 2307 2208 humilia,
2329 2142 2398 2197 de
2423 2139 2576 2197 Iudae
2598 2140 2899 2212 proditoris
2928 2137 3224 2210 suspendio
3246 2139 3472 2209 ejusque
3497 2137 3649 2191 exitu

2059 2234 2373 2297 disserens,
2427 2234 2502 2288 nil
2556 2233 2792 2303 amplius
2846 2230 3012 2298 dicit;
3071 2231 3406 2301 proindeque
3453 2226 3647 2284 ludam

2058 2338 2247 2398 postea
2288 2329 2636 2396 superstitem
2668 2342 2776 2382 non
2811 2324 2980 2380 fuisse
3008 2325 3125 2380 viro
3155 2323 3231 2378 illi
3249 2331 3440 2378 sancto
3473 2313 3651 2378 visun't

2059 2428 2179 2487 est,
2237 2429 2294 2474 ut
2343 2418 2588 2490 plerique
2629 2419 2998 2474 crediderunt.
3057 2417 3207 2472 Idem
3262 2416 3478 2470 divinus
3520 2430 3654 2468 eon-

2061 2508 2249 2566 fitetur
2282 2509 2437 2564 Nilus
2485 2511 2671 2566 dicens
2699 2528 2716 2568 :
2757 2509 2896 2577 Quid
2927 2509 3080 2565 Judae
3105 2507 3427 2577 profuerunt
3449 2506 3654 2563 Christi

2059 2603 2295 2666 monita,
2342 2602 2473 2672 quid
2506 2603 2642 2670 ’ejus
2686 2602 2970 2666 miracula,
3003 2617 3127 2657 cum
3161 2611 3352 2672 postea
3391 2599 3588 2670 laqueo
3621 2613 3654 2653 e

2061 2696 2172 2750 vita
2211 2695 2542 2751 dicesserit?
2578 2693 2704 2751 Haec
2755 2695 2922 2750 etiam
2966 2693 3317 2750 confirmavit
3365 2692 3656 2762 presbyter

2058 2787 2404 2856 Ammonius,
2435 2787 2625 2844 dicens
2656 2827 2674 2852 ,
2703 2787 2848 2860 quod
2875 2803 3000 2844 cum
3029 2787 3283 2843 Christus
3343 2785 3408 2840 ad
3447 2784 3670 2840 inferos.

2060 2881 2454 2947 descendisset,
2491 2882 2690 2937 anima:
2721 2897 2936 2946 omnes.
2970 2888 3029 2938 et
3060 2879 3234 2952 ipsius
3261 2879 3415 2935 Iudae
3441 2878 3651 2943 anima,

2059 2991 2090 3030 a
2119 2974 2354 3031 vinculis
2384 2977 2575 3031 solutae
2617 2978 2771 3040 sunt,
2821 2991 3016 3032 omnes
3050 2990 3180 3031 vero
3210 2973 3494 3032 Christum
3541 2988 3660 3026 non

2060 3077 2284 3132 secutae,
2318 3066 2414 3123 sed
2443 3077 2658 3124 tantum
2687 3067 3028 3124 credentium
3063 3071 3280 3122 animae.
3312 3066 3669 3136 Quapropter-

2060 3162 2106 3218 si
2139 3170 2265 3233 post
2314 3162 2672 3234 suspendium
2720 3163 2892 3218 Judas
2942 3173 3221 3232 superstes
3269 3161 3486 3225 fuisset,
3517 3174 3656 3230 quo-
3759 3229 3762 3232 ἢ

371 3244 471 3310 τῆς
525 3242 691 3297 αὑτοῦ
729 3245 1006 3317 τελευτῆς·
1047 3245 1195 3318 λέγει
1243 3249 1301 3302 δὲ
1343 3251 1494 3320 ὅμως
1547 3252 1737 3308 πλεῖον
1775 3254 1950 3310 οὐδέν.

2059 3255 2221 3311 modo
2264 3255 2322 3310 in
2364 3255 2557 3311 inferis
2606 3254 2847 3310 animam
2904 3257 3026 3323 ejus
3081 3253 3300 3324 ligatam
3355 3251 3670 3307 invenisset-

387 3331 478 3396 Ὦς
526 3333 782 3390 ἐντεῦθεν
833 3338 1206 3409 ύπεμφαίνειν
1247 3341 1342 3395 τὸν
1398 3343 1560 3412 ἅγιον
1597 3348 1732 3416 μηδὲ
1769 3348 1831 3402 τὸ
1862 3366 1957 3402 τυ-

373 3424 468 3494 χὸν
523 3426 787 3497 έπιζῆσαι
838 3429 932 3484 τὸν
959 3431 1168 3487 Ἰούδαν
1217 3432 1575 3508 ὕστερον,ὡς
1622 3441 1673 3494 οί
1731 3441 1954 3508 πλείους

372 3513 652 3585 ᾠήθησαν.
682 3519 847 3574 Ἀλλὰ
878 3524 974 3575 καὶ
1027 3525 1056 3576 ό
1097 3524 1375 3592 θειότατος
1403 3528 1598 3594 Νεῖλος
1625 3531 1760 3586 αύτδ
1789 3534 1951 3600 τοῦτο

374 3607 693 3698 παρίστησι,
719 3612 914 3682 λέγων·
946 3614 1012 3669 Τί
1051 3618 1144 3670 τὸν
1176 3619 1383 3675 Ἰούδαν
1439 3621 1726 3694 ὠφέλησεν
1779 3628 1813 3698 ή
1855 3627 1953 3682 τοῦ

375 3697 617 3767 Χριστοῦ
674 3705 813 3773 πρὸς
847 3707 1014 3762 αὐτὸν
1067 3709 1397 3768 διδασκαλία
1448 3718 1544 3768 καὶ
1599 3697 1957 3791 θαυματουρ-

375 3791 492 3860 γία,
541 3793 701 3859 είπερ
749 3799 806 3851 ὲν
835 3800 1047 3872 ἀγχόνῃ
1085 3805 1178 3855 τὸν
1230 3805 1345 3874 βίον
1388 3807 1764 3880 κατέστρεψεν
1797 3810 1956 3865 ὕστε-

379 3903 506 3956 ρον;
553 3888 896 3943 Ἐπιϐεϐαιοῖ
943 3892 999 3944 δὲ
1027 3893 1201 3948 ταῦτα
1230 3900 1326 3950 καὶ
1352 3901 1378 3951 ὁ
1410 3900 1788 3972 πρεσϐύτερος
1819 3904 1957 3975 Ἀμ-

379 3977 581 4046 μώνιος
638 3979 854 4050 λέγων,
896 3983 979 4038 ὅτι
1034 3985 1130 4039 τοῦ
1178 3988 1422 4057 Χριστοῦ
1467 3993 1824 4060 κατελθόντος
1875 3998 1956 4063 εἰς

375 4069 512 4141 ᾅδην
564 4073 814 4145 αῖψυχαὶ
861 4078 1033 4131 πᾶσαι
1078 4079 1174 4132 καὶ
1209 4081 1348 4153 αύτὴ
1390 4084 1424 4153 ή
1484 4084 1578 4138 τοῦ
1627 4086 1800 4142 ’ἰούδα
1847 4089 1957 4142 τῶν

373 4161 594 4232 δεσμῶν
661 4165 760 4234 μὲν
813 4167 1166 4240 ἀπελύθησαν
1194 4210 1209 4235 ,
1246 4173 1430 4226 οὐκέτι
1460 4175 1518 4229 δὲ
1547 4178 1643 4231 καὶ
1673 4181 1847 4233 πᾶσαι
1875 4181 1956 4252 τῷ

378 4253 603 4326 Χριστῷ
660 4259 1092 4329 συνανήλθοσαν,
1152 4263 1313 4334 μόναι
1360 4265 1416 4318 δὲ
1452 4267 1508 4320 αί
1563 4253 1954 4330 πιστεύσασαι.

378 4347 589 4400 Οὐκοῦν
633 4351 683 4403 εί
718 4352 859 4421 μετά
887 4353 985 4412 τὴν
1015 4355 1258 4426 ἀγχόνην
1285 4358 1312 4410 ό
1338 4358 1542 4424 Ἰούδας
1570 4361 1766 4433 ἔζησεν
1797 4363 1956 4419 ὕστε-

374 4454 488 4507 ρον,
522 4439 642 4505 πῶς
672 4444 732 4494 ὲν
760 4443 864 4514 ᾅδῃ
887 4445 988 4516 τήν
1021 4445 1205 4518 ψυχήν
1250 4449 1422 4504 αὑτοῦ
1468 4453 1767 4526 δεδεμένην
1792 4456 1956 4529 εὗρεν

2060 3346 2323 3402 Dominus
2359 3346 2538 3401 ?lmle
2583 3347 2745 3400 etiam
2808 3345 2973 3401 vitam
3002 3345 3201 3416 laqueo
3255 3359 3381 3400 eum
3448 3342 3674 3398 [iniisse

2062 3450 2305 3511 apparet.
2346 3439 2453 3494 Sed
2493 3449 2677 3494 tamen
2733 3454 2844 3494 non
2883 3442 2988 3494 hac
3047 3439 3260 3494 ratione
3300 3436 3368 3491 ad
3399 3437 3651 3506 laqueum

2062 3533 2236 3599 venit,
2289 3532 2630 3604 utquidam
2692 3533 3098 3598 existimarunt,
3165 3541 3225 3586 ut
3285 3532 3655 3584 anteverteret

2062 3626 2368 3692 Christum,
2415 3634 2471 3681 et
2523 3625 2589 3680 ad
2626 3623 2832 3679 inferos
2875 3623 3218 3679 descendens
3252 3621 3321 3677 ab
3354 3636 3420 3677 eo
3453 3621 3560 3676 sibi
3588 3635 3680 3676 eo-

2063 3719 2119 3775 in
2152 3721 2274 3773 loco
2309 3719 2524 3773 veniam
2555 3719 2896 3788 impetraret.
2929 3713 2988 3770 Id
3024 3715 3171 3770 enim
3204 3728 3372 3769 nemo
3403 3726 3651 3783 unquam

2063 3809 2366 3875 admiserit,
2415 3809 2718 3865 dummodo
2757 3807 2972 3863 consilii
3007 3820 3232 3878 compos
3274 3806 3364 3860 sit.
3398 3804 3502 3876 Qui
3535 3813 3654 3860 ete-

2061 3902 2177 3956 nim
2237 3903 2578 3956 tantumdem
2631 3900 2798 3956 corde
2848 3899 3156 3954 obdutatus
3213 3908 3416 3963 est,et
3476 3897 3656 3952 modis

2063 3993 2322 4048 omnibus
2369 3993 2438 4049 de
2487 3993 2706 4064 propria
2741 3991 2916 4046 salute
2969 3991 3306 4060 desperavit,
3368 3990 3670 4060 quomodo,-

2062 4095 2158 4141 aut
2208 4101 2444 4156 quanam
2499 4086 2709 4141 ratione
2765 4086 2822 4140 in
2877 4100 3000 4141 sese
3047 4086 3250 4143 similia
3309 4085 3657 4142 resolvebat?

2061 4177 2349 4244 Quomodo
2383 4179 2751 4234 meditabatur
2792 4177 2858 4234 ad
2906 4178 3114 4234 inferos
3146 4178 3503 4244 descendere,
3548 4177 3673 4233 ibis

2061 4286 2169 4342 que
2196 4270 2580 4342 panitentiam
2611 4270 2818 4342 agere?
2854 4270 3086 4342 Insuper
3124 4271 3396 4324 undenam
3430 4271 3518 4326 ille
3551 4287 3654 4326 au-

2061 4363 2185 4428 diit,
2217 4371 2314 4419 aut
2341 4378 2450 4433 quo
2481 4362 2534 4418 id
2565 4361 2838 4418 referente
2869 4362 3114 4427 edidicit,
3147 4362 3420 4419 descensu
3453 4378 3554 4418 suo
3583 4363 3655 4420 ad

2061 4455 2273 4512 inferos
2319 4455 2604 4512 Christum
2654 4454 3038 4527 paenitentiam
3083 4455 3196 4526 illis
3241 4455 3334 4525 qui
3383 4455 3456 4512 ibi
3492 4466 3654 4513 erant

372 4530 403 4622 δ
457 4530 662 4600 Κύριος
689 4548 704 4598 ;
743 4533 982 4605 Εὔδηλον
1015 4531 1112 4590 οὖν
1141 4539 1463 4607 κάντεῦθεν,
1494 4542 1570 4607 ὡς
1617 4545 1676 4600 ἐν
1707 4547 1847 4620 αὐτῇ
1881 4552 1947 4622 τῇ

2059 4550 2503 4622 ρτιεᾱίοιιιιιτιιιη,
2537 4562 2722 4618 eoque
2742 4546 3082 4618 potissimum
3114 4547 3162 4601 si
3192 4546 3380 4602 audiat
3406 4547 3655 4618 quotidie

371 4619 577 4692 ἀγχόνῃ
608 4623 669 4674 τ’)
698 4623 878 4694 χρεὼν
928 4627 1380 4702 ιλειτούργησεν.
1417 4635 1565 4706 Πλὴν
1626 4637 1726 4709 οὐχ
1775 4619 1951 4706 οὕτως

371 4711 466 4765 ἐπὶ
487 4712 587 4785 τὴν
619 4716 860 4786 ἀγχόνην
889 4719 1144 4789 ἐλήλυθε,
1192 4724 1338 4779 καθᾶ
1367 4742 1515 4792 τινες
1544 4729 1950 4802 ὑπειλήφασιν,

369 4804 512 4860 ὥστε
549 4808 842 4878 προλαϐεῖν
873 4812 962 4864 τὸν
991 4812 1226 4884 Χριστὸν
1268 4817 1372 4890 (Ι),
1415 4821 1510 4875 καὶ
1551 4824 1634 4886 είς
1654 4823 1790 4896 ᾅδην
1814 4843 1956 4880 κατ-ο

367 4899 546 4991 ελθεῖν
607 4902 703 4954 ἰπὶ
747 4902 828 4974 τῷ
881 4908 1067 4974 τυχεῖν
1127 4912 1310 4964 ἐκεῖσε
1361 4915 1494 4985 παρ’
1516 4916 1686 4971 αὑτοῦ
1728 4934 1951 4991 συγχω-

377 4990 614 5060 ρήσεως.
665 4993 840 5046 Τοῦτο
883 4997 994 5066 γὰρ
1036 4999 1138 5052 οὐκ
1184 5000 1252 5053 ἄν
1282 5003 1416 5057 ποτέ
1459 5021 1543 5068 τις
1586 4990 1951 5074 καταδέξαιτο

369 5079 636 5149 λογισμοῦ
672 5081 858 5154 κύριος
882 5083 977 5140 ἄν.
1018 5087 1077 5139 '0
1117 5089 1225 5160 γάρ
1257 5092 1546 5160 πωρωθεὶς
1569 5097 1664 5150 επὶ
1689 5098 1950 5156 τοσοῦτον

371 5173 473 5242 τὴν
501 5174 771 5240 διάνοιαν,
824 5179 853 5231 ό
903 5181 1224 5236 παντάπασι
1271 5185 1373 5255 τὴν
1435 5187 1636 5244 ἑαυτοῦ
1673 5191 1980 5260 ἀπογνοὺς¹

376 5269 682 5337 σωτηρίαν,
710 5269 830 5331 πῶς
876 5269 908 5340 ἢ
941 5271 1082 5342 ποίῳ
1108 5273 1296 5345 τρόπῳ
1330 5276 1459 5331 καθ’
1499 5279 1696 5336 ἑαυτὸν
1723 5269 1950 5340 τοιαῦτα

373 5358 736 5429 συνέστρεψε;
766 5361 886 5425 πῶς
920 5362 1157 5432 ἐμελέτα
1181 5367 1466 5423 κατελθεῖν
1493 5388 1556 5426 τε
1581 5374 1662 5438 είς
1687 5374 1826 5446 ᾅδην
1855 5377 1954 5432 κόι-

371 5453 523 5504 κεῖσε
557 5451 730 5507 θεῖναι
790 5455 1124 5524 μετάνοιαν;
1171 5460 1384 5526 ¹Ἄλλως
1433 5479 1495 5517 τε
1546 5465 1713 5520 πόθεν
1743 5467 1952 5534 ἐκεῖνος

370 5544 642 5614 ἤκουσεν,
677 5545 710 5617 ἦ
783 5547 929 5612 τίνος
964 5551 1219 5617 εἰπόντος
1268 5553 1428 5608 τοῦτο
1475 5559 1827 5629 μεμάθηκεν,
1865 5562 1949 5615 ὅτι

371 5637 510 5707 πρὸς
536 5637 670 5710 ᾅδην
707 5641 987 5697 κατελθὼν
1012 5645 1041 5698 ό
1071 5645 1312 5717 Χριστὸς
1340 5648 1609 5720 κήρυγμα
1658 5654 1950 5721 μετανοίας

2055 4641 2384 4711 Prophetam
2421 4641 2692 4696 dicentem
2722 4653 2736 4693 :
2767 4657 2786 4692 ι
2825 4640 2886 4695 In
2913 4638 3129 4694 inferno
3157 4646 3341 4694 autem
3373 4639 3494 4708 quis
3518 4627 3654 4694 coni

2052 4735 2300 4790 fitebitur
2348 4733 2487 4789 tibi?
2542 4752 2562 4787 ι
2615 4731 2819 4789 Praeter
2851 4732 2962 4803 iam
2995 4731 3163 4797 dicta,
3203 4745 3251 4786 oi
3284 4730 3652 4788 sacratissime

2051 4839 2155 4889 var,
2188 4823 2318 4894 quid
2345 4823 2411 4880 de
2438 4820 2578 4879 Iuda
2599 4820 2864 4894 Georgius
2888 4820 3172 4877 Cedrenus
3195 4808 3651 4893 chronograpbus

2057 4929 2084 4968 r
2120 4913 2257 4969 ferat
2293 4913 2435 4970 scire
2465 4919 2540 4981 te,
2574 4921 2634 4968 ut
2667 4911 2721 4968 id
2752 4925 3114 4984 quoquenon
3160 4920 3214 4967 te
3238 4911 3429 4977 lateat,
3460 4913 3649 4984 cupio.

2057 5006 2250 5063 Tradit
2281 5007 2431 5062 enim
2464 5006 2610 5078 quod
2639 5005 2711 5061 ab
2740 5005 3004 5076 apostolis
3037 5005 3360 5062 sollicitatus
3388 5004 3559 5062 Judas
3588 5013 3650 5061 ut

2060 5097 2354 5152 accederet
2383 5095 2624 5167 factique
2656 5096 2974 5167 paeniteret,
3007 5105 3328 5153 constanter
3353 5112 3649 5153 recusave-

2061 5188 2152 5254 rit,
2177 5189 2411 5257 ideoque
2441 5187 2996 5244 audiensChristunL
3013 5187 3068 5242 in
3088 5190 3268 5245 celos
3305 5189 3644 5252 ascendisse,

2060 5281 2125 5335 in.
2176 5290 2388 5337 tantum
2439 5280 2767 5336 tumefactus
2801 5290 2918 5356 est,
2956 5290 3017 5337 ut
3066 5283 3347 5352 crepuerit
3410 5280 3648 5335 medius.

2061 5374 2128 5429 Et
2160 5373 2279 5428 haec
2306 5372 2529 5444 quidem
2558 5374 2628 5430 de
2669 5374 3164 5446 huiussententim.
3189 5375 3472 5434 inanitate.
3506 5371 3649 5428 Eum

2059 5482 2225 5539 porro
2251 5467 2319 5523 de
2353 5467 2570 5539 propria
2601 5469 2778 5525 salute
2802 5469 3208 5542 desperantem,
3242 5483 3354 5522 non
3382 5466 3524 5540 apud
3558 5467 3643 5519 in-

2060 5562 2207 5619 feros
2239 5561 2307 5617 de
2343 5561 2518 5618 salute
2549 5571 2862 5634 sperantem
2899 5563 3096 5633 laqueo
3127 5561 3253 5616 vita:
3298 5559 3462 5614 tinem
3497 5572 3651 5628 συπ-

2059 5654 2240 5721 siisse,
2264 5670 2494 5729 magnus
2511 5655 2848 5714 Athanasius
2878 5653 3169 5711 manifesto
3189 5650 3379 5709 docuit
3412 5650 3468 5706 in
3496 5663 3654 5720 quam

441 5815 518 5886 (I)
546 5815 694 5889 Haec,
728 5822 785 5878 ni
820 5823 1005 5895 fallor,
1043 5831 1328 5886 sententia
1359 5841 1444 5889 est
1476 5831 1728 5898 Gregorii
1769 5833 2128 5894 Nazianzeni.
