4048 6422
302 416 413 482 909

1638 420 1998 482 EPISTOLA
2044 419 2262 481 XVIII.

3467 415 3571 476 illi)

310 535 654 602 μεταναστὰς
687 535 746 591 ἐν
779 537 892 601 τοῖς
927 538 1050 593 κατ’
1071 536 1304 607 οὐρανὸν
1339 535 1636 608 βασιλείοις
1671 536 1885 602 αὐλίζε-

2014 533 2123 588 nine
2155 533 2416 594 discedit,
2464 533 2533 586 in-
2569 530 2721 589 eoa-lis
2765 531 2939 603 regias
2983 531 3142 587 sedes
3187 528 3422 584 incolit:
3456 527 3573 581 limo

306 639 398 678 ται
423 638 436 652 ·
469 623 564 677 δύο
597 625 771 680 ταῦτά
804 629 955 681 ἔστιν
989 627 1229 698 στοιχεῖα
1263 628 1326 680 ἐκ
1357 627 1468 682 τῶν
1497 627 1669 681 ὅντων
1699 627 1880 681 κτίσει

306 717 442 787 πρὸς
472 719 751 790 διαγωγὴν
779 719 878 790 τῆς
907 721 1132 788 λογικῆς
1165 721 1382 789 φύσεως
1415 720 1818 791 μεμερισμένοι,
1849 720 1902 789 ’θ’

306 807 378 880 γῆ
417 825 476 862 τε
522 810 619 864 καὶ
659 813 688 864 6
728 811 957 884 οὐρανός
984 829 998 844 ·
1044 813 1208 874 τόπος
1247 813 1358 866 τῶν
1396 813 1486 866 διὰ
1533 812 1738 883 σαρκὸς
1779 813 1882 882 τὴν

309 898 458 968 ζωὴν
484 901 782 972 εἰληχότων
806 904 840 972 ὴ
867 905 936 975 γῆ
957 946 972 967 ,
1001 907 1030 958 6
1057 905 1115 959 δὲ
1145 906 1376 975 οὐρανὸς
1399 905 1510 958 τῶν
1535 904 1848 975 ἀσωμάτων
1869 919 1885 935 ο

309 991 524 1062 ἀνάγκη
546 995 726 1049 τοίνυν
745 996 965 1060 πάντως
987 991 1257 1052 εἷναίνπου
1273 999 1380 1070 ,τὴν
1400 998 1680 1069 ἡμετέραν
1702 997 1849 1068 ζωήν
1869 1013 1884 1029 ⁸

305 1085 401 1139 ἐὰν
432 1086 489 1140 δὲ
533 1087 609 1159 μὴ
645 1089 970 1161 διωχθῶμεν
1003 1092 1114 1146 ἀπὸ
1147 1092 1246 1162 τῆς
1285 1092 1424 1161 γῆς,
1459 1093 1525 1162 τῇ
1568 1093 1639 1163 γῇ
1684 1090 1890 1153 πάντες

307 1179 721 1250 ὲναπομένομεν
743 1198 759 1215 ο
793 1183 888 1238 ὲάν
917 1184 973 1239 δὲ
1005 1185 1260 1240 ἐντεῦθεν
1292 1184 1643 1255 ἀπέλθωμεν,
1675 1183 1768 1238 ἐπὶ
1798 1183 1892 1238 τὸν

306 1272 537 1343 οὐρανὸν
569 1275 1127 1349 μετοικισθησόμεθα.
1159 1279 1270 1332 Καὶ
1299 1279 1362 1332 οὐ
1397 1277 1559 1348 μόνον
1588 1277 1895 1350 ἀναγνωρί-

308 1365 497 1431 ζουσιν
521 1369 578 1421 αί
605 1367 808 1438 ψυχαὶ,
837 1371 973 1424 ἀλλά
1000 1373 1092 1424 καὶ
1119 1375 1396 1441 κρεῖττον,
1426 1372 1459 1441 ἢ
1487 1372 1577 1425 ὅτε
1603 1372 1661 1425 ὲν
1686 1369 1766 1442 τῷ
1793 1370 1893 1442 βίῳ

312 1459 566 1522 συνόντες
591 1459 850 1530 ἀλλήλαις
873 1462 1174 1532 ἐγνώριζον
1192 1479 1208 1496 ·
1239 1464 1323 1516 ναὶ
1349 1463 1412 1532 δὴ
1437 1464 1530 1517 καὶ
1557 1477 1895 1531 συνευφραι-

309 1551 537 1620 νόμεναι
553 1553 658 1622 τῆς
679 1553 964 1623 ἀφράστοιο
992 1557 1087 1609 καὶ
1114 1557 1393 1627 μακαρίας
1416 1556 1633 1627 ἐκείνης
1656 1555 1750 1608 καὶ
1771 1555 1896 1608 ἀνε-

313 1646 572 1715 πινοήτου
613 1646 722 1700 τῶν
763 1647 1058 1718 θεαμάτων
1099 1650 1293 1718 αἴγλης
1330 1648 1581 1720 τρυφῶσι
1617 1647 1720 1720 τὴν
1757 1645 1896 1702 ἀπό-

312 1734 526 1792 λαυσιν.
570 1756 590 1790 ι
622 1738 748 1793 Ὅτι
784 1739 841 1793 δὲ
886 1741 1025 1810 μετά
1057 1741 1156 1808 τὴν
1192 1740 1470 1806 διάζευξιν
1506 1740 1601 1795 τοῦ
1644 1742 1896 1810 σώματος

313 1827 630 1898 ἐνεργοῦσιν
662 1832 720 1884 αἱ
751 1832 955 1903 ψυχαὶ,
991 1833 1234 1888 διδάσκει
1269 1834 1416 1905 ἡμᾶς
1447 1835 1477 1887 6
1515 1833 1686 1903 μέγας
1720 1830 1898 1902 κῆρυξ

1991 628 2104 683 duo
2136 638 2266 682 sunt
2302 627 2572 681 elementa
2629 625 2682 678 in
2737 632 2846 678 tota
2885 623 3165 678 creatione
3203 635 3298 692 per
3331 619 3572 674 transfu-

1989 721 2200 776 sionem
2235 729 2444 775 natura:
2476 719 2755 782 rationalis
2788 717 2982 780 divisa,
3029 725 3172 770 terra
3201 711 3513 782 coelumque
3554 727 3567 775 ;

1991 811 2150 868 locus
2215 827 2405 867 eorum
2469 810 2562 880 qui
2611 811 2664 863 in
2724 825 2889 863 carne
2942 808 3111 861 vitam
3172 803 3358 859 sortiti
3415 810 3567 862 sunt.

1994 915 2176 971 terra;
2201 906 2404 960 coelum
2453 919 2585 958 vero
2615 903 3067 972 incorporeorum
3103 917 3117 954 :
3151 899 3378 952 omnino
3409 896 3574 966 igitur

1995 1011 2224 1054 necesse
2250 1005 2333 1052 est
2369 996 2571 1051 alicubi
2601 1011 2702 1050 nos
2731 995 2894 1048 vitam
2933 1008 3094 1064 agere
3114 1007 3129 1047 :
3147 995 3321 1052 donec
3343 998 3520 1044 autem
3543 1003 3573 1041 a

1998 1098 2139 1144 terra
2183 1088 2724 1158 transplantabimur,
2753 1095 2912 1140 terrae
2958 1098 3152 1140 omnes
3198 1082 3576 1144 adbaaremus;

1996 1180 2045 1235 si.
2069 1197 2193 1236 vero
2224 1181 2352 1236 inde
2400 1179 2810 1245 recesserimus,
2835 1179 2890 1232 in
2918 1178 3118 1232 coelum
3155 1171 3574 1245 transmigrabi-

1995 1287 2138 1327 mus.
2167 1271 2287 1327 Non
2338 1271 2515 1326 solum
2570 1285 2697 1325 vero
2731 1284 2853 1324 sese
2885 1279 3188 1340 agnoscunt
3229 1266 3446 1330 animae,
3483 1265 3576 1319 scil

1997 1363 2164 1421 etiam
2222 1363 2396 1417 multo
2444 1362 2638 1418 melius
2695 1376 2856 1432 quam
2892 1376 3014 1415 cum
3068 1361 3230 1416 vitam
3290 1373 3398 1414 una
3445 1373 3573 1427 per-

2000 1465 2192 1528 agrent
2248 1454 2353 1510 sibi
2425 1455 2662 1509 invicem
2743 1454 3130 1517 innotuerant;
3191 1451 3301 1504 imo
3356 1447 3581 1519 partici-

1999 1564 2096 1620 pes
2130 1548 2336 1604 effectae
2377 1545 2758 1602 inenarrabilis
2806 1545 2962 1599 istius
3004 1532 3258 1613 beatique
3309 1555 3412 1596 nec
3467 1554 3580 1593 non

1993 1638 2576 1709 incomprehensibilis
2616 1637 3054 1708 spectaculorum
3096 1633 3404 1705 splendoris
3439 1648 3542 1702 gau
3564 1660 3578 1670 -

2003 1731 2109 1787 diis
2163 1731 2540 1802 perfruuntur.
2604 1749 2623 1782 ι
2674 1729 2831 1797 Quod
2901 1736 3080 1782 autem
3133 1736 3261 1796 post
3331 1725 3580 1794 corporis

2003 1823 2404 1894 sejunctionem
2431 1831 2734 1893 operantur
2761 1819 2981 1883 animae,
3010 1833 3112 1872 nos
3145 1816 3307 1872 docet
3352 1827 3582 1882 magnus

327 1918 646 1988 Ἀθανάσιος
674 1939 688 1952 ·
723 1924 874 1994 λέγει
904 1925 1085 1980 τοίνυν
1117 1927 1178 1980 ὲν
1205 1926 1282 1996 τῷ
1315 1928 1458 1981 κατά
1492 1924 1728 1980 εἰδώλων
1755 1925 1900 1996 λόγῳ

2014 1927 2158 1974 vates
2188 1916 2522 1971 Athanasius
2556 1933 2570 1969 :
2606 1915 2727 1969 haec
2752 1913 2902 1968 enim
2935 1912 2990 1966 in
3025 1921 3280 1964 sermone
3311 1907 3379 1962 de
3423 1905 3582 1960 idolis

315 2010 481 2066 αὐτοῦ
513 2013 738 2068 τοιαῦτα
758 2032 773 2047 ο
814 2033 833 2068 ι
871 2017 933 2070 Εί
963 2018 997 2087 ἠ
1028 2017 1181 2088 ψυχὴ
1205 2017 1266 2072 τὺ
1298 2017 1458 2087 σῶμα
1485 2017 1648 2083 κινεῖ,
1678 2015 1905 2070 ἀκόλου-

317 2102 410 2157 θόν
458 2107 606 2159 ἐστιν
655 2105 748 2175 ὑφ’
779 2109 984 2176 ἑαυτῆς
1033 2109 1372 2179 κινουμένην
1414 2107 1514 2179 τὴν
1561 2107 1763 2178 ψυχὴν,
1811 2105 1904 2160 καὶ

321 2195 462 2262 μετά
499 2196 600 2266 τὴν
638 2198 717 2260 εἰς
760 2199 864 2269 γῆν
902 2199 1164 2254 ἀπόθεσιν
1199 2202 1296 2255 τοῦ
1340 2199 1594 2270 σώματος
1636 2197 1904 2253 κινεῖσθαι

320 2289 486 2343 πάλιν
527 2291 699 2360 αὐτὴν
740 2281 830 2361 ὑφ’
860 2293 1064 2363 ἑαυτῆς
1090 2311 1105 2326 ο
1149 2295 1212 2346 οὐ
1258 2294 1370 2364 γὰρ
1414 2295 1448 2363 ὴ
1491 2293 1636 2364 ψυχή
1684 2293 1830 2345 ἐστιν
1869 2291 1904 2362 ἠ

319 2382 774 2452 ἀποθνῄσκουσα,
823 2385 960 2438 ἀλλὰ
1010 2385 1100 2440 διὰ
1145 2386 1248 2455 τὴν
1300 2385 1511 2455 ταύτης
1557 2383 1908 2454 ἀναχώρησιν

319 2471 657 2544 ἀποθνήσκει
687 2476 751 2528 τὸ
781 2477 966 2545 σῶμα.
995 2470 1096 2529 Ὧν
1154 2476 1261 2547 γὰρ
1313 2477 1354 2546 ἡ
1399 2475 1561 2545 φύσις
1619 2475 1753 2545 μία,
1782 2474 1907 2528 τού-

319 2579 428 2615 των
464 2565 558 2616 καὶ
598 2564 656 2618 αί
697 2566 970 2636 ἐνέργειαι
1010 2565 1214 2622 αὗται·
1255 2563 1332 2623 ὧν
1365 2567 1425 2622 δὲ
1458 2567 1519 2621 τὸ
1556 2566 1720 2638 ἔργον
1756 2566 1906 2633 ἴσον,

317 2656 526 2710 τούτων
557 2658 584 2711 6
617 2659 806 2728 μισθὸς
834 2659 863 2712 ὁ
891 2659 1074 2723 αὐτός.
1114 2677 1135 2712 ι

397 2748 466 2818 β’.
487 2749 881 2820 ’Δμέλει,ξκατά
904 2747 1346 2820 τοὺς“ἀγγέλους,
1361 2748 1455 2807 τοῦ
1482 2749 1800 2822 σωματ;κοῦ
1816 2751 1910 2804 λυ-

323 2838 478 2894 θεῖσα
503 2842 733 2914 δεσμοῦ,
756 2844 1044 2899 ἀναϐαίνει
1065 2861 1128 2898 τε
1157 2846 1253 2898 καὶ
1279 2843 1626 2910 καταϐαίνει,
1651 2845 1746 2898 καὶ
1771 2846 1911 2898 ἀπο-

329 2935 609 2990 στέλλεται
656 2937 724 2990 δι’
752 2938 1080 3008 εὐεργεσίαν
1129 2939 1224 2992 καὶ
1271 2938 1546 3008 ὠφέλειαν
1591 2939 1791 3008 ἑτέρων
1833 2937 1911 3001 ώς

327 3028 458 3097 ἁγία
488 3031 584 3082 καὶ
619 3030 797 3101 ἀγαιοὴ
829 3048 842 3060 ·
875 3032 973 3086 καὶ
1004 3034 1154 3085 πᾶσα
1181 3031 1326 3102 ψυχὴ
1355 3032 1540 3084 δικαία
1573 3031 1713 3101 μετά
1743 3031 1910 3098 ἀγγέ-

293 3172 296 3175 .
328 3125 438 3179 λων
507 3124 836 3194 συγχορεύει
893 3126 988 3179 καὶ
1027 3124 1422 3192 ωναγάλλεται
1449 3139 1463 3155 °
1506 3125 1569 3177 τὸ
1605 3123 1664 3178 δδ
1714 3139 1912 3194 συγχο-

333 3221 513 3292 ρεύειν
547 3220 802 3289 ἀγγέλοις
837 3220 1122 3290 ἐνεργείας
1156 3213 1296 3284 εἶδός
1335 3223 1521 3286 ἐστιν,
1557 3219 1680 3290 οὐχὶ
1715 3221 1772 3273 δὲ
1808 3221 1911 3290 ἀρ·
1936 3247 1982 3310 C

331 3316 452 3383 γίας
473 3333 490 3350 ο
521 3317 630 3369 τῶν
659 3315 829 3382 ἁγίων
858 3314 970 3383 γὰρ
1000 3313 1058 3368 at
1087 3311 1259 3383 ψυχαὶ
1292 3313 1430 3383 πρὸς
1455 3313 1548 3366 τὸν
1578 3311 1784 3367 σκοπὸν
1809 3310 1912 3381 τῆς

331 3409 594 3479 ἀληθινῆς
657 3409 753 3462 καλ⁸
773 3407 1038 3478 ὀμοτίμου
1059 3407 1172 3471 τοῖς
1197 3404 1449 3475 ἀγγέλοις
1473 3403 1720 3466 δουλείας
1743 3406 1915 3458 ἀπευ-

330 3501 628 3570 θυνόμεναι
651 3517 664 3532 ·
696 3500 908 3554 δουλεία
936 3499 993 3552 δὲ
1023 3498 1130 3552 τῶν
1155 3496 1404 3566 ἀγγέλων
1427 3497 1462 3566 ἡ
1494 3496 1630 3567 πρὸς
1660 3496 1752 3549 τὸν
1777 3494 1916 3549 Θεὸν

333 3593 756 3655 ἀκατάπαυστος
805 3592 1106 3659 δοξολογία,
1155 3591 1252 3645 καὶ
1296 3590 1358 3644 τὸ
1403 3590 1768 3659 λειτουργεῖν,
1818 3588 1913 3642 καὶ¹

332 3683 624 3745 διακονεῖν,
661 3685 756 3736 καὶ
787 3682 1241 3750 ἀποστέλλεσθαι,
1276 3684 1366 3736 καὶ
1402 3682 1621 3753 βοηθεῖν
1651 3683 1766 3744 τοῖς
1793 3681 1910 3734 δεο-

338 3771 542 3841 μένοις,
573 3773 668 3824 καὶ
698 3774 1066 3842 χειραγωγεῖν
1092 3776 1216 3836 τοὺς
1248 3775 1706 3844 πεπλανημένους
1725 3791 1739 3808 ·
1772 3771 1916 3843 πλὴν

333 3865 459 3920 οὔτε
486 3868 537 3920 al
563 3866 710 3935 ἅγιοι
740 3865 988 3935 ἄγγελοι,
1015 3863 1140 3918 οὔτε
1171 3865 1282 3935 μὴν
1303 3867 1410 3918 τῶν
1439 3865 1613 3934 ἁγίων
1639 3867 1694 3920 αἱ
1721 3865 1918 3935 ψυχαὶ,-

335 3959 470 4015 Θεοῦ
498 3959 803 4022 κελεύσεως
829 3958 952 4027 et”
973 3959 1072 4021 τὰς
1104 3957 1406 4028 ἐμφανείας
1434 3956 1719 4032 ποιοῦνται
1747 3973 1880 4011 ποτε
1899 3971 1914 3986 ο

335 4056 475 4108 ἀλλὰ
509 4056 616 4124 μὴν
649 4054 744 4107 καὶ
774 4053 904 4122 περὶ
931 4051 1044 4106 τῶν
1079 4051 1266 4122 μεῖζον
1300 4049 1637 4120 συγγνώμης
1667 4050 1917 4120 ἐξημαρ-

333 4146 604 4216 τηκότων.
643 4145 757 4199 Καὶ
785 4145 894 4213 γὰρ
925 4145 1134 4207 ἐκεῖνος
1159 4145 1188 4196 6
1216 4145 1285 4196 ἐν
1307 4141 1696 4213 φιλανθρωπίᾳ
1725 4142 1916 4207 πένης.

337 4240 432 4294 καὶ
465 4238 722 4300 πλούσιος
751 4236 851 4306 τὴν
877 4235 1163 4305 ὠμότητα,
1189 4235 1288 4296 τὰς
1318 4233 1550 4294 εὐθύνας
1581 4224 1659 4286 ὧν
1687 4230 1921 4300 ὠφειλεν

334 4329 818 4401 είσπραττόμενος,
845 4330 903 4380 οὑ
934 4329 1043 4399 μὴν
1067 4327 1188 4380 οὐδὲ
1213 4327 1324 4380 τῶν
1351 4324 1599 4393 ἀδελφῶν
1626 4322 1922 4394 ὑπερεώρα

332 4427 437 4492 τὴν
475 4425 754 4493 πρόνοιαν,
797 4422 872 4486 ὡς
919 4421 986 4474 ἂν
1027 4418 1342 4474 ἐπανελθὼν
1381 4419 1524 4488 πρὸς
1567 4415 1774 4487 ἀρετὴν
1813 4415 1922 4470 ἀπὸ

335 4515 539 4577 κακίας
571 4517 699 4578 τοὺς
731 4513 792 4578 ἐξ
823 4513 1080 4583 αἵματος,
1116 4512 1213 4565 καὶ
1245 4513 1346 4581 τῆς
1385 4509 1686 4582 μελλούσης
1721 4509 1922 4570 αὐτοὺς

2003 2008 2172 2065 dicit:
2207 2025 2228 2059 ι
2259 2006 2314 2064 Si
2351 2020 2546 2076 corpus
2575 2006 2642 2061 ab
2670 2005 2855 2060 anima
2893 2011 3160 2069 movetur,
3183 1999 3432 2070 sequitur
3465 1997 3586 2050 ani-

2003 2116 2151 2156 mam
2179 2116 2208 2154 a
2243 2115 2303 2155 se
2353 2100 2472 2170 ipsa
2502 2097 2736 2162 moveri,
2789 2097 3133 2168 proindeque
3183 2101 3309 2170 post
3335 2090 3586 2160 corporis

2007 2194 2446 2250 inbumationem
2503 2193 2674 2263 ipsam
2733 2189 2917 2246 denuo
2970 2204 3000 2242 a
3062 2202 3120 2242 se
3152 2187 3272 2257 ipsa
3329 2182 3583 2240 moveri:

2005 2287 2189 2342 anima
2213 2286 2360 2342 enim
2399 2299 2511 2340 non
2544 2288 2798 2348 moritur,
2828 2283 3020 2337 sed'ex
3049 2279 3223 2351 ipsius
3245 2277 3584 2334 discessione
3617 2313 3634 2322 -

2006 2393 2210 2450 corpus
2241 2377 2513 2444 moritur;
2545 2389 2781 2448 quorum
2813 2375 2961 2430 enim
2995 2383 3186 2428 natura
3222 2386 3352 2436 una,
3392 2372 3597 2424 horum-

2007 2480 2065 2525 et
2089 2468 2443 2540 operationes
2470 2483 2486 2523 :
2524 2481 2761 2539 quorum
2781 2478 2916 2522 vero
2952 2478 3092 2535 opus
3125 2461 3356 2534 aequale,
3388 2461 3584 2516 horum

2008 2570 2066 2619 et
2089 2576 2320 2620 merces.

2079 2743 2136 2797 2.
2172 2743 2273 2805 Ita,
2308 2753 2368 2797 ut
2402 2739 2610 2811 angeli,
2633 2737 2908 2809 corporali
2941 2737 3120 2794 soluta
3150 2733 3373 2792 vinculo
3395 2748 3588 2790 ascen-

2010 2835 2092 2892 dit
2140 2842 2198 2890 et
2251 2829 2558 2895 descendit,
2589 2837 2647 2885 et
2676 2829 2746 2885 ad
2800 2836 3127 2884 czeterorum
3184 2822 3474 2880 commoda
3531 2829 3587 2876 et

2010 2926 2306 2984 utilitatem
2366 2923 2622 2988 mittitur,
2658 2931 2720 2978 ut
2769 2929 2958 2977 sancta
2985 2927 3044 2976 et
3081 2918 3336 2989 benigna.
3369 2915 3587 2972 Etenim

2011 3021 2191 3076 omnis
2223 3020 2405 3072 anima
2434 3017 2578 3085 justa
2608 3015 2926 3086 angelorum
2985 3012 3172 3067 choris
3227 3010 3508 3070 miscetur,
3535 3017 3588 3062 et

2013 3112 2251 3168 exsultat
2279 3126 2294 3165 :
2321 3109 2641 3181 angelorum
2664 3121 2794 3164 vero
2815 3104 3000 3161 choris
3059 3101 3301 3165 misceri,
3323 3100 3589 3169 operatio-

2013 3207 2104 3262 nis
2126 3203 2321 3261 activm
2349 3202 2517 3274 ﬁgura
2539 3209 2646 3268 est,
2676 3197 2902 3254 minime
2930 3211 3059 3251 vero
3089 3194 3300 3248 inertiae
3331 3210 3344 3246 :
3376 3198 3594 3246 sancto-

2015 3314 2135 3354 rum
2158 3297 2306 3353 enim
2327 3295 2524 3350 animae
2554 3290 2802 3349 veritatis
2817 3288 2989 3344 cultui
3021 3302 3086 3342 ac
3103 3285 3218 3357 pari
3237 3288 3362 3339 cum
3385 3280 3613 3352 angelis.

2015 3387 2267 3446 servituti
2287 3385 2677 3458 subjiciuntur;
2703 3381 3020 3454 angelorum
3047 3392 3182 3435 vero
3204 3373 3442 3432 servitus
3473 3387 3594 3441 per-

2013 3491 2210 3554 petuas
2256 3481 2371 3536 Deo
2403 3477 2594 3534 laudes
2645 3489 2846 3532 canere
2873 3483 2930 3529 et
2988 3485 3144 3528 sacra
3190 3483 3352 3540 agere
3379 3475 3435 3521 et
3490 3463 3595 3519 mi-

2015 3572 2250 3627 nistrare
2313 3577 2370 3624 et
2430 3565 2596 3631 mitti,
2638 3564 2885 3618 inﬁrmos
2922 3561 3205 3630 adjuvare,
3235 3564 3608 3624 errantesque

2017 3675 2184 3718 manu
2213 3661 2414 3717 ducere
2443 3675 2460 3725 ;
2496 3664 2736 3712 attamen
2770 3668 2874 3709 nec
2895 3650 3070 3706 sancti
3098 3648 3300 3720 angeli,
3333 3662 3435 3703 nec
3469 3661 3598 3701 san-

2017 3763 2230 3811 ctorum
2266 3752 2483 3816 animae,
2513 3751 2719 3818 absque
2761 3745 2856 3800 Dei
2896 3746 3078 3815 jussu.
3131 3740 3232 3796 sub
3262 3739 3432 3794 forma
3467 3739 3599 3792 visi-

2019 3848 2119 3904 bili
2173 3844 2466 3915 aliquando
2511 3848 2803 3912 apparent,
2833 3837 2944 3891 imo
2966 3836 3093 3889 item
3119 3833 3187 3888 de
3212 3829 3600 3902 peccatoribus

2019 3940 2114 4011 qui
2159 3937 2330 4008 magis
2360 3939 2728 4005 peccaverunt
2753 3945 2919 4000 quam
2954 3934 3015 3981 ut
3047 3925 3262 3980 veniam
3285 3923 3595 3978 obtineant.

2022 4031 2116 4086 Vir
2145 4029 2290 4085 enim
2342 4024 2628 4081 charitatis
2677 4034 2899 4092 expers,
2962 4017 3150 4075 cordis
3207 4030 3338 4070 vero
3389 4014 3600 4069 duriti:.

2021 4123 2247 4194 plenus,
2304 4119 2615 4176 debitorum
2673 4113 2890 4170 reddita
2963 4111 3179 4166 ratione
3233 4109 3382 4162 nullo
3441 4107 3602 4162 modo

2022 4215 2253 4270 fratrum
2306 4225 2495 4272 curam
2539 4207 2863 4278 negligeret,
2900 4202 2978 4260 ita
3030 4212 3089 4280 ut
3117 4201 3366 4265 rediens,
3417 4215 3449 4255 a
3503 4214 3603 4252 nem

2022 4307 2194 4379 quitia
2219 4307 2286 4361 ad
2312 4305 2572 4359 virtutem
2611 4297 3053 4368 consanguineos
3082 4310 3113 4349 a
3152 4292 3334 4364 ptenis
3363 4307 3604 4362 .quoqne

2026 4400 2225 4456 futuris
2264 4397 2488 4454 eximat.
2511 4394 2663 4449 Licet
2689 4391 2836 4446 enim
2861 4389 3036 4460 justas
3064 4401 3258 4457 pmnas
3280 4401 3380 4456 pro
3407 4385 3630 4439 debitis

2025 4494 2304 4557 dederint,
2359 4505 2468 4545 non
2521 4487 2630 4558 jam
2680 4486 2736 4539 in
2766 4481 3062 4537 amentiam
3113 4479 3248 4548 ipsis
3311 4493 3410 4547 pro
3441 4491 3604 4547 pmna

333 4569 615 4678 τιμωρίας
647 4569 1136 4678 ἐξαρπάσειενῗεί
1166 4605 1277 4676 γὰρ
1303 4569 1402 4659 atati.
1429 4604 1586 4674 δίκην
1614 4569 1818 4657 διδόασι
1847 4569 1913 4654 ὧν

2031 4602 2188 4643 mens
2243 4592 2521 4648 vertetur;
2579 4591 2813 4649 quorum
2875 4573 3022 4630 enim
3074 4570 3128 4625 in
3177 4585 3344 4626 carne
3395 4569 3606 4624 lirmam
3679 4604 3685 4609 ι

334 4701 650 4772 ὀφείλουσι,
678 4699 794 4752 ἀλλ’
819 4699 941 4752 οὐδέ
971 4697 1076 4751 πού
1105 4715 1170 4766 γε
1203 4700 1298 4752 καὶ
1326 4697 1388 4751 τὸ
1415 4698 1603 4767 νοερὸν
1631 4695 1816 4757 αὐτοῖς
1845 4694 1924 4756 είς

335 4794 525 4848 ἄνοιαν
558 4791 704 4859 λόγῳ
736 4791 1007 4859 τιμωρίας
1043 4790 1457 4860 παρατρέπεται
1484 4805 1498 4820 ·
1530 4781 1751 4857 ὦν-γάρ
1786 4785 1926 4856 μετά

338 4884 546 4957 σαρκὸς
578 4879 724 4954 εῐχον
753 4882 976 4952 ἀσφαλῆ
1005 4884 1104 4953 τὴν
1132 4881 1356 4951 εἴδησιν,
1381 4881 1442 4935 οὑ
1475 4881 1637 4950 μόνον
1669 4879 1927 4940 ἐλάττους

338 4981 564 5050 φανεῖεν
588 4964 1178 5046 τῆςὴπροῦπαρχούσης
1205 4976 1485 5043 γνώσεως,
1511 4973 1647 5027 ἀλλά
1671 4971 1766 5025 καὶ
1789 4970 1928 5041 πρὸς

340 5067 746 5140 ἀκριϐεστέραν
782 5065 1093 5134 κατάληψιν
1128 5064 1493 5136 ἀναφέροιντο
1515 5079 1529 5094 ·
1566 5063 1664 5116 καὶ
1700 5055 1776 5115 ὧν
1814 5077 1930 5113 κοι-

345 5162 548 5222 νωνοὺς
581 5153 726 5229 εἶχον
757 5159 848 5210 ἐπὶ
877 5157 987 5209 τῶν
1013 5155 1268 5226 πράξεων
1295 5155 1404 5208 τῶν
1432 5157 1674 5219 ἀτόπων,
1699 5154 1813 5216 τοῖς
1844 5153 1929 5204 λο-

347 5250 568 5318 γισμοῖς
616 5243 1249 5316 συνδιαμνημονεύεσθαι
1291 5245 1476 5315 ἔχουσι
1501 5260 1516 5276 ·
1562 5242 1704 5314 πλὴν
1744 5242 1930 5304 δοῦλος

344 5343 538 5396 δοῦλον
580 5342 683 5395 οὐκ
728 5341 1031 5410 ἐλευθεροῖ,
1082 5337 1198 5392 ἀλλ’
1229 5336 1356 5390 οὔτε
1402 5336 1595 5407 νεκρὸς
1646 5334 1932 5400 ζωοποιεῖν

346 5433 602 5492 δύναται.
628 5434 692 5487 Εἰ
717 5431 810 5488 οὖν
832 5435 864 5488 6
883 5433 1165 5487 καθεύδων
1189 5433 1298 5486 τῶν
1327 5429 1444 5503 μεθ’
1467 5432 1748 5502 ἡμερινῶν
1771 5445 1933 5499 φρον-

347 5527 509 5580 τίδων
542 5527 760 5590 εἰκόνας
794 5528 850 5579 ὲν
883 5525 1112 5595 ὀνείροις
1146 5525 1340 5597 φέρει,
1375 5523 1473 5577 καὶ
1509 5523 1789 5594 μέμνηται
1824 5519 1933 5572 τῶν

351 5615 482 5689 πάρ’
505 5619 689 5673 αὐτοῦ.
718 5617 1096 5690 πραχθέντων,
1137 5617 1213 5680 ὡς
1251 5618 1347 5670 καὶ
1387 5617 1466 5687 τῷ
1515 5615 1742 5686 μεγάλῳ
1786 5614 1937 5668 δοκεῖ

349 5706 649 5778 Βασιλείῳ,
679 5709 774 5763 καὶ
806 5708 931 5777 περὶ
961 5707 1141 5760 αὐτῶν
1172 5710 1228 5760 ὲν
1257 5706 1488 5778 ὀνείροις
1519 5707 1552 5774 ἡ
1585 5704 1734 5775 ψυχὴ
1766 5701 1933 5756 αὐτοῦ

341 5799 560 5870 ἑτέροις
593 5800 690 5855 καὶ
721 5801 888 5872 ἑαυτῇ
921 5800 1274 5869 διαλέγεται·
1307 5800 1403 5853 καὶ
1437 5798 1602 5852 πάλιν
1635 5797 1936 5866 ἀφυπνιζό-

343 5907 517 5962 μενος
561 5893 670 5950 τῶν
719 5893 1024 5968 ὀρᾳθέντων
1073 5891 1240 5948 αὑτοῦ
1290 5893 1412 5948 καθ’
1442 5891 1642 5956 ὕπνους
1696 5889 1935 5958 ἐνεργῶς

419 5982 454 6007 κ

2029 4679 2315 4735 scientiam
2347 4676 2707 4732 'ltabuerunt,
2763 4666 2963 4722 nedum
3017 4663 3188 4734 priori
3217 4661 3482 4733 agnitioni
3524 4661 3609 4715 in—

2030 4774 2261 4830 feriores
2311 4771 2378 4825 ad
2414 4769 2702 4824 clariorem
2753 4763 2938 4819 adhuc
2971 4759 3338 4836 cognitionem
3385 4771 3610 4827 promo-

2030 4877 2268 4931 ventur;
2333 4864 2442 4917 imo
2513 4875 2653 4930 quos
2725 4870 3017 4927 pravarum
3087 4852 3374 4907 actionum
3430 4850 3612 4905 socios

2031 4959 2346 5014 habuerunt
2381 4953 2497 5009 suis
2531 4949 2782 5007 consiliis
2827 4963 2935 5003 una
2990 4944 3279 5000 metnorari
3335 4950 3610 5013 possunt:

2033 5061 2396 5125 praeterquam
2458 5060 2653 5101 servus
2706 5056 2924 5098 servum
2977 5053 3094 5093 non
3141 5036 3473 5112 emancipat,
3512 5049 3615 5089 nec

2032 5155 2284 5200 mortuus
2348 5137 2634 5194 viviﬁcare
2699 5133 2867 5189 valet.
2932 5131 3090 5198 Quod
3161 5129 3206 5184 si
3264 5129 3622 5184 obdormiens

2033 5250 2290 5296 curarum
2340 5231 2672 5288 diurnarumt
2722 5225 2994 5296 imagines
3052 5223 3109 5277 in
3196 5220 3426 5276 somniis
3481 5217 3612 5278 fert,

2035 5343 2328 5399 rerumque
2369 5342 2400 5380 a
2429 5340 2489 5381 se
2517 5331 2764 5381 actarum
2791 5311 3064 5382 meminit,
3100 5324 3161 5372 ut
3187 5329 3384 5385 magno
3413 5309 3628 5365 Basilio

2035 5423 2275 5484 videtur,
2300 5433 2364 5474 ac
2388 5418 2456 5473 de
2481 5417 2568 5472 his
2598 5415 2650 5468 in
2704 5409 2936 5468 somniis
2959 5411 3158 5465 anima:
3215 5420 3342 5460 cum
3399 5401 3612 5457 caeteris

2036 5526 2334 5583 secumque
2401 5505 2788 5565 confabulatur
2843 5521 2858 5558 :
2937 5511 3128 5577 postea
3201 5493 3616 5566 expergefactus

2037 5620 2268 5681 quaeque
2300 5600 2473 5658 oculis
2505 5613 2601 5670 per
2650 5609 2904 5652 somnum
2954 5593 3136 5648 oblata
3186 5588 3254 5642 ad
3296 5583 3616 5641 memoriam

2036 5709 2277 5764 revocat,
2315 5695 2487 5752 multo
2512 5690 2685 5762 magis
2723 5690 2905 5744 anima
2957 5693 3081 5755 post
3117 5681 3327 5737 obitum
3365 5691 3627 5747 corporis

2041 5794 2274 5853 vinculis
2307 5790 2486 5846 soluta
2516 5783 2909 5850 doloribusque
2930 5779 3044 5834 suis
3067 5775 3348 5840 immunis,
3376 5773 3618 5844 apertius

2041 5889 2121 5946 sui
2157 5885 2330 5954 ipsius
2353 5880 2670 5938 memoriam
2698 5874 3072 5946 majorcmquc
3107 5868 3478 5950 cognitionem
3507 5881 3631 5937 pra;-
