  <div class='ocr_page' id='page_1' title='image "/cluster/home/n/w/nwhite01/storage/ocr_20150623/158/coo.31924054870633/492.png"; bbox 0 0 4048 6416; ppageno 0'>
   <div class='ocr_carea' id='block_1_1' title="bbox 317 425 426 492">
    <p class='ocr_par' dir='ltr' id='par_1_1' title="bbox 317 425 426 492">
     <span class='ocr_line' id='line_1_1' title="bbox 317 425 426 492; baseline -0.046 -1"><span class='ocrx_word' id='word_1_1' title='bbox 317 425 426 492; x_wconf 71' lang='lat'><strong>913</strong></span> 
     </span>
    </p>
   </div>
   <div class='ocr_carea' id='block_1_2' title="bbox 862 538 1357 597">
    <p class='ocr_par' dir='ltr' id='par_1_2' title="bbox 862 538 1357 597">
     <span class='ocr_line' id='line_1_2' title="bbox 862 538 1357 597; baseline 0 -2"><span class='ocrx_word' id='word_1_2' title='bbox 862 538 1212 597; x_wconf 79' lang='grc' dir='ltr'><strong>ΕΠΙΣΤΟΛΗ</strong></span> <span class='ocrx_word' id='word_1_3' title='bbox 1251 541 1357 596; x_wconf 76' lang='grc' dir='ltr'><strong>ιη’.</strong></span> 
     </span>
    </p>
   </div>
   <div class='ocr_carea' id='block_1_3' title="bbox 326 653 1898 725">
    <p class='ocr_par' dir='ltr' id='par_1_3' title="bbox 326 653 1898 725">
     <span class='ocr_line' id='line_1_3' title="bbox 326 653 1898 725; baseline 0.001 -15"><span class='ocrx_word' id='word_1_4' title='bbox 326 655 359 710; x_wconf 85' lang='grc' dir='ltr'><strong><em>Ί</em></strong></span> <span class='ocrx_word' id='word_1_5' title='bbox 371 653 415 722; x_wconf 79' lang='grc' dir='ltr'>ᾧ</span> <span class='ocrx_word' id='word_1_6' title='bbox 433 654 759 724; x_wconf 81' lang='grc' dir='ltr'><strong>τιμιωτάτῳ</strong></span> <span class='ocrx_word' id='word_1_7' title='bbox 769 654 1015 725; x_wconf 82' lang='grc' dir='ltr'><em>μοναχῷ</em></span> <span class='ocrx_word' id='word_1_8' title='bbox 1032 655 1130 709; x_wconf 72' lang='grc' dir='ltr'><strong>καὶ</strong></span> <span class='ocrx_word' id='word_1_9' title='bbox 1147 653 1483 722; x_wconf 80' lang='grc' dir='ltr'><em>δομεστίκῳ</em></span> <span class='ocrx_word' id='word_1_10' title='bbox 1499 654 1658 722; x_wconf 85' lang='grc' dir='ltr'><em>κυρῷ</em></span> <span class='ocrx_word' id='word_1_11' title='bbox 1672 655 1898 723; x_wconf 77' lang='grc' dir='ltr'><strong>Ἡσαΐᾳ.</strong></span> 
     </span>
    </p>
   </div>
   <div class='ocr_carea' id='block_1_4' title="bbox 391 725 1902 795">
    <p class='ocr_par' dir='ltr' id='par_1_4' title="bbox 391 725 1902 795">
     <span class='ocr_line' id='line_1_4' title="bbox 391 725 1902 795; baseline 0.001 -16"><span class='ocrx_word' id='word_1_12' title='bbox 391 756 461 766; x_wconf 95' lang='lat'><strong>—</strong></span> <span class='ocrx_word' id='word_1_13' title='bbox 479 728 547 780; x_wconf 81' lang='lat' dir='ltr'><strong>El</strong></span> <span class='ocrx_word' id='word_1_14' title='bbox 571 725 686 795; x_wconf 81' lang='grc' dir='ltr'><strong>χρὴ</strong></span> <span class='ocrx_word' id='word_1_15' title='bbox 707 726 1036 794; x_wconf 78' lang='grc' dir='ltr'><strong>προσέχειν</strong></span> <span class='ocrx_word' id='word_1_16' title='bbox 1054 725 1177 790; x_wconf 84' lang='grc' dir='ltr'><em>τοῖς</em></span> <span class='ocrx_word' id='word_1_17' title='bbox 1200 725 1512 795; x_wconf 70' lang='grc' dir='ltr'><em>λέγουσιν,</em></span> <span class='ocrx_word' id='word_1_18' title='bbox 1529 725 1619 779; x_wconf 85' lang='grc' dir='ltr'><em>ὅτι</em></span> <span class='ocrx_word' id='word_1_19' title='bbox 1639 730 1699 780; x_wconf 84' lang='lat' dir='ltr'><strong>al</strong></span> <span class='ocrx_word' id='word_1_20' title='bbox 1718 728 1902 782; x_wconf 73' lang='grc' dir='ltr'><em>ἀπελ-</em></span> 
     </span>
    </p>
   </div>
   <div class='ocr_carea' id='block_1_5' title="bbox 391 794 1900 864">
    <p class='ocr_par' dir='ltr' id='par_1_5' title="bbox 391 794 1900 864">
     <span class='ocr_line' id='line_1_5' title="bbox 391 794 1900 864; baseline 0 -14"><span class='ocrx_word' id='word_1_21' title='bbox 391 794 610 850; x_wconf 78' lang='grc' dir='ltr'><em>θοῦσαι</em></span> <span class='ocrx_word' id='word_1_22' title='bbox 635 795 754 850; x_wconf 81' lang='grc' dir='ltr'><em>τῶν</em></span> <span class='ocrx_word' id='word_1_23' title='bbox 775 796 960 864; x_wconf 79' lang='grc' dir='ltr'><em>ἁγίων</em></span> <span class='ocrx_word' id='word_1_24' title='bbox 982 795 1176 864; x_wconf 65' lang='grc' dir='ltr'><em>ψυχαὶ</em></span> <span class='ocrx_word' id='word_1_25' title='bbox 1203 794 1354 864; x_wconf 78' lang='grc' dir='ltr'><em>κατά</em></span> <span class='ocrx_word' id='word_1_26' title='bbox 1382 812 1514 864; x_wconf 78' lang='grc' dir='ltr'><em>τινα</em></span> <span class='ocrx_word' id='word_1_27' title='bbox 1540 796 1730 854; x_wconf 81' lang='grc' dir='ltr'><em>τόπον</em></span> <span class='ocrx_word' id='word_1_28' title='bbox 1751 799 1900 852; x_wconf 78' lang='grc' dir='ltr'><em>ἀνα-</em></span> 
     </span>
    </p>
   </div>
   <div class='ocr_carea' id='block_1_6' title="bbox 394 863 1902 936">
    <p class='ocr_par' dir='ltr' id='par_1_6' title="bbox 394 863 1902 936">
     <span class='ocr_line' id='line_1_6' title="bbox 394 863 1902 936; baseline 0.001 -18"><span class='ocrx_word' id='word_1_29' title='bbox 394 867 730 936; x_wconf 66' lang='grc' dir='ltr'><em>παυόμεναι</em></span> <span class='ocrx_word' id='word_1_30' title='bbox 750 863 887 918; x_wconf 79' lang='grc' dir='ltr'><em>οὔτε</em></span> <span class='ocrx_word' id='word_1_31' title='bbox 919 863 1158 919; x_wconf 76' lang='grc' dir='ltr'><em>δέονται</em></span> <span class='ocrx_word' id='word_1_32' title='bbox 1179 863 1331 936; x_wconf 64' lang='grc' dir='ltr'><em>ὑπὲρ</em></span> <span class='ocrx_word' id='word_1_33' title='bbox 1355 863 1549 936; x_wconf 29' lang='grc' dir='ltr'><strong>ἡμῶν..</strong></span> <span class='ocrx_word' id='word_1_34' title='bbox 1563 869 1902 934; x_wconf 79' lang='grc' dir='ltr'><em>αὐτοπροσ-</em></span> 
     </span>
    </p>
   </div>
   <div class='ocr_carea' id='block_1_7' title="bbox 393 933 1902 1003">
    <p class='ocr_par' dir='ltr' id='par_1_7' title="bbox 393 933 1902 1003">
     <span class='ocr_line' id='line_1_7' title="bbox 393 933 1902 1003; baseline 0.001 -15"><span class='ocrx_word' id='word_1_35' title='bbox 393 933 565 1001; x_wconf 69' lang='grc' dir='ltr'><em>ώπωιξ</em></span> <span class='ocrx_word' id='word_1_36' title='bbox 611 933 691 998; x_wconf 83' lang='grc' dir='ltr'><em>τῷ</em></span> <span class='ocrx_word' id='word_1_37' title='bbox 722 936 958 1003; x_wconf 82' lang='grc' dir='ltr'><strong>Χριστῷ</strong></span> <span class='ocrx_word' id='word_1_38' title='bbox 986 933 1446 1002; x_wconf 80' lang='grc' dir='ltr'><strong>παριστάμεναι,</strong></span> <span class='ocrx_word' id='word_1_39' title='bbox 1480 934 1619 988; x_wconf 82' lang='grc' dir='ltr'><em>οὔτε</em></span> <span class='ocrx_word' id='word_1_40' title='bbox 1653 933 1779 1002; x_wconf 66' lang='grc' dir='ltr'><em>τοῖζ-</em></span> <span class='ocrx_word' id='word_1_41' title='bbox 1804 937 1902 990; x_wconf 80' lang='grc' dir='ltr'><strong>ἐν-</strong></span> 
     </span>
    </p>
   </div>
   <div class='ocr_carea' id='block_1_8' title="bbox 390 1004 1763 1075">
    <p class='ocr_par' dir='ltr' id='par_1_8' title="bbox 390 1004 1763 1075">
     <span class='ocr_line' id='line_1_8' title="bbox 390 1004 1763 1075; baseline 0.003 -17"><span class='ocrx_word' id='word_1_42' title='bbox 390 1004 582 1060; x_wconf 83' lang='grc' dir='ltr'><em>ταῦθα</em></span> <span class='ocrx_word' id='word_1_43' title='bbox 610 1005 770 1072; x_wconf 72' lang='grc' dir='ltr'><em>ὅλως</em></span> <span class='ocrx_word' id='word_1_44' title='bbox 797 1006 1157 1075; x_wconf 74' lang='grc' dir='ltr'><strong>ἐφίστανται</strong></span> <span class='ocrx_word' id='word_1_45' title='bbox 1180 1019 1195 1034; x_wconf 76' lang='grc' dir='ltr'><strong>ο</strong></span> <span class='ocrx_word' id='word_1_46' title='bbox 1226 1005 1329 1059; x_wconf 72' lang='grc' dir='ltr'><em>καὶ</em></span> <span class='ocrx_word' id='word_1_47' title='bbox 1362 1005 1497 1072; x_wconf 74' lang='grc' dir='ltr'><em>περὶ</em></span> <span class='ocrx_word' id='word_1_48' title='bbox 1529 1005 1763 1074; x_wconf 68' lang='grc' dir='ltr'><strong>ψυχῆς.</strong></span> 
     </span>
    </p>
   </div>
   <div class='ocr_carea' id='block_1_9' title="bbox 392 1115 1903 1188">
    <p class='ocr_par' dir='ltr' id='par_1_9' title="bbox 392 1115 1903 1188">
     <span class='ocr_line' id='line_1_9' title="bbox 392 1115 1903 1188; baseline 0.003 -18"><span class='ocrx_word' id='word_1_49' title='bbox 392 1122 464 1170; x_wconf 85' lang='grc' dir='ltr'><strong>α’.</strong></span> <span class='ocrx_word' id='word_1_50' title='bbox 486 1116 550 1172; x_wconf 85' lang='grc' dir='ltr'><strong>οι</strong></span> <span class='ocrx_word' id='word_1_51' title='bbox 577 1116 905 1180; x_wconf 79' lang='grc' dir='ltr'><strong>ἀπελθόντες</strong></span> <span class='ocrx_word' id='word_1_52' title='bbox 930 1116 1101 1187; x_wconf 72' lang='grc' dir='ltr'><em>ἅγιοι,</em></span> <span class='ocrx_word' id='word_1_53' title='bbox 1129 1115 1314 1179; x_wconf 78' lang='grc' dir='ltr'><em>καθὼς</em></span> <span class='ocrx_word' id='word_1_54' title='bbox 1339 1117 1724 1188; x_wconf 75' lang='grc' dir='ltr'><strong>ἐδιδάχθημεν,</strong></span> <span class='ocrx_word' id='word_1_55' title='bbox 1749 1118 1903 1174; x_wconf 78' lang='grc' dir='ltr'><em>οὔπω</em></span> 
     </span>
    </p>
   </div>
   <div class='ocr_carea' id='block_1_10' title="bbox 327 1209 1904 1282">
    <p class='ocr_par' dir='ltr' id='par_1_10' title="bbox 327 1209 1904 1282">
     <span class='ocr_line' id='line_1_10' title="bbox 327 1209 1904 1282; baseline 0.002 -20"><span class='ocrx_word' id='word_1_56' title='bbox 327 1209 427 1278; x_wconf 74' lang='grc' dir='ltr'><em>μὲν</em></span> <span class='ocrx_word' id='word_1_57' title='bbox 477 1210 810 1280; x_wconf 71' lang='grc' dir='ltr'><strong>ἐκομίσαντο</strong></span> <span class='ocrx_word' id='word_1_58' title='bbox 859 1212 958 1278; x_wconf 84' lang='grc' dir='ltr'><strong>τὴν</strong></span> <span class='ocrx_word' id='word_1_59' title='bbox 1004 1211 1338 1279; x_wconf 78' lang='grc' dir='ltr'><strong>ἐπαγγελίαν</strong></span> <span class='ocrx_word' id='word_1_60' title='bbox 1389 1211 1634 1282; x_wconf 78' lang='grc' dir='ltr'><em>δι’ήμᾶς</em></span> <span class='ocrx_word' id='word_1_61' title='bbox 1682 1213 1904 1275; x_wconf 81' lang='grc' dir='ltr'><em>πάντως</em></span> 
     </span>
    </p>
   </div>
   <div class='ocr_carea' id='block_1_11' title="bbox 324 1303 1904 1377">
    <p class='ocr_par' dir='ltr' id='par_1_11' title="bbox 324 1303 1904 1377">
     <span class='ocr_line' id='line_1_11' title="bbox 324 1303 1904 1377; baseline 0.003 -21"><span class='ocrx_word' id='word_1_62' title='bbox 324 1305 469 1357; x_wconf 88' lang='grc' dir='ltr'><strong>κατά</strong></span> <span class='ocrx_word' id='word_1_63' title='bbox 494 1303 588 1357; x_wconf 87' lang='grc' dir='ltr'><strong>τδν</strong></span> <span class='ocrx_word' id='word_1_64' title='bbox 619 1305 794 1375; x_wconf 77' lang='grc' dir='ltr'><em>μέγαν</em></span> <span class='ocrx_word' id='word_1_65' title='bbox 828 1305 1176 1369; x_wconf 78' lang='grc' dir='ltr'><em>Ἀπόστολον,</em></span> <span class='ocrx_word' id='word_1_66' title='bbox 1209 1305 1298 1358; x_wconf 76' lang='grc' dir='ltr'><em>ἴνα</em></span> <span class='ocrx_word' id='word_1_67' title='bbox 1330 1306 1405 1377; x_wconf 81' lang='grc' dir='ltr'><strong>μή</strong></span> <span class='ocrx_word' id='word_1_68' title='bbox 1435 1307 1603 1377; x_wconf 79' lang='grc' dir='ltr'><em>χωρὶς</em></span> <span class='ocrx_word' id='word_1_69' title='bbox 1631 1308 1664 1377; x_wconf 83' lang='grc' dir='ltr'>ἡ</span> <span class='ocrx_word' id='word_1_70' title='bbox 1675 1306 1792 1376; x_wconf 87' lang='grc' dir='ltr'><strong>μῶν</strong></span> <span class='ocrx_word' id='word_1_71' title='bbox 1817 1323 1904 1360; x_wconf 86' lang='grc' dir='ltr'><em>τε·</em></span> 
     </span>
    </p>
   </div>
   <div class='ocr_carea' id='block_1_12' title="bbox 320 1396 1903 1486">
    <p class='ocr_par' dir='ltr' id='par_1_12' title="bbox 320 1396 1903 1486">
     <span class='ocr_line' id='line_1_12' title="bbox 320 1396 1903 1486; baseline 0.004 -40"><span class='ocrx_word' id='word_1_72' title='bbox 320 1396 624 1451; x_wconf 83' lang='grc' dir='ltr'><em>λειωθῶσιν</em></span> <span class='ocrx_word' id='word_1_73' title='bbox 646 1413 659 1428; x_wconf 78' lang='grc'><strong><em>⁸</em></strong></span> <span class='ocrx_word' id='word_1_74' title='bbox 687 1397 985 1486; x_wconf 71' lang='grc' dir='ltr'><em>ἀρραϐῶνα</em></span> <span class='ocrx_word' id='word_1_75' title='bbox 1011 1397 1058 1451; x_wconf 88' lang='grc' dir='ltr'><em>δ’</em></span> <span class='ocrx_word' id='word_1_76' title='bbox 1076 1399 1226 1468; x_wconf 85' lang='grc' dir='ltr'><em>ὅμως</em></span> <span class='ocrx_word' id='word_1_77' title='bbox 1253 1399 1520 1469; x_wconf 75' lang='grc' dir='ltr'><strong>ἐσχήκασι</strong></span> <span class='ocrx_word' id='word_1_78' title='bbox 1546 1400 1654 1453; x_wconf 85' lang='grc' dir='ltr'><em>τῶν</em></span> <span class='ocrx_word' id='word_1_79' title='bbox 1679 1400 1903 1454; x_wconf 85' lang='grc' dir='ltr'><em>ἀποκει-</em></span> 
     </span>
    </p>
   </div>
   <div class='ocr_carea' id='block_1_13' title="bbox 329 1488 1903 1561">
    <p class='ocr_par' dir='ltr' id='par_1_13' title="bbox 329 1488 1903 1561">
     <span class='ocr_line' id='line_1_13' title="bbox 329 1488 1903 1561; baseline 0 -20"><span class='ocrx_word' id='word_1_80' title='bbox 329 1491 512 1557; x_wconf 82' lang='grc' dir='ltr'><strong>μένων</strong></span> <span class='ocrx_word' id='word_1_81' title='bbox 546 1489 731 1552; x_wconf 79' lang='grc' dir='ltr'><em>αύτοῖς</em></span> <span class='ocrx_word' id='word_1_82' title='bbox 773 1488 998 1556; x_wconf 80' lang='grc' dir='ltr'>ἀγαθῶν</span> <span class='ocrx_word' id='word_1_83' title='bbox 1033 1489 1176 1543; x_wconf 86' lang='grc' dir='ltr'><strong>κατά</strong></span> <span class='ocrx_word' id='word_1_84' title='bbox 1208 1488 1302 1542; x_wconf 79' lang='grc' dir='ltr'><strong>τὸν</strong></span> <span class='ocrx_word' id='word_1_85' title='bbox 1337 1491 1766 1561; x_wconf 80' lang='grc' dir='ltr'><em>χρυσορῤήμονα</em></span> <span class='ocrx_word' id='word_1_86' title='bbox 1810 1489 1903 1542; x_wconf 73' lang='grc' dir='ltr'><strong>κα)⁸</strong></span> 
     </span>
    </p>
   </div>
   <div class='ocr_carea' id='block_1_14' title="bbox 322 1577 1904 1650">
    <p class='ocr_par' dir='ltr' id='par_1_14' title="bbox 322 1577 1904 1650">
     <span class='ocr_line' id='line_1_14' title="bbox 322 1577 1904 1650; baseline -0.001 -19"><span class='ocrx_word' id='word_1_87' title='bbox 322 1578 469 1632; x_wconf 83' lang='grc' dir='ltr'><em>θεῖον</em></span> <span class='ocrx_word' id='word_1_88' title='bbox 502 1577 754 1648; x_wconf 80' lang='grc' dir='ltr'><strong>Ἰωάννην</strong></span> <span class='ocrx_word' id='word_1_89' title='bbox 787 1579 849 1631; x_wconf 85' lang='grc' dir='ltr'><em>τὸ</em></span> <span class='ocrx_word' id='word_1_90' title='bbox 888 1577 1029 1647; x_wconf 89' lang='grc' dir='ltr'><strong>μετά</strong></span> <span class='ocrx_word' id='word_1_91' title='bbox 1066 1577 1384 1650; x_wconf 78' lang='grc' dir='ltr'><em>παρρησίας</em></span> <span class='ocrx_word' id='word_1_92' title='bbox 1421 1577 1791 1649; x_wconf 74' lang='grc' dir='ltr'><strong>παρίστασθαι</strong></span> <span class='ocrx_word' id='word_1_93' title='bbox 1825 1577 1904 1648; x_wconf 86' lang='grc' dir='ltr'><em>τῷ</em></span> 
     </span>
    </p>
   </div>
   <div class='ocr_carea' id='block_1_15' title="bbox 323 1666 1903 1738">
    <p class='ocr_par' dir='ltr' id='par_1_15' title="bbox 323 1666 1903 1738">
     <span class='ocr_line' id='line_1_15' title="bbox 323 1666 1903 1738; baseline 0.001 -18"><span class='ocrx_word' id='word_1_94' title='bbox 323 1666 464 1736; x_wconf 85' lang='grc' dir='ltr'><em>Θεῷ,</em></span> <span class='ocrx_word' id='word_1_95' title='bbox 490 1667 550 1721; x_wconf 78' lang='grc' dir='ltr'><em>τὸ</em></span> <span class='ocrx_word' id='word_1_96' title='bbox 583 1666 804 1720; x_wconf 78' lang='grc' dir='ltr'><em>δέεσθαι</em></span> <span class='ocrx_word' id='word_1_97' title='bbox 843 1667 983 1738; x_wconf 73' lang='grc' dir='ltr'><em>ὑπὲρ</em></span> <span class='ocrx_word' id='word_1_98' title='bbox 1007 1667 1201 1736; x_wconf 84' lang='grc' dir='ltr'><em>ἡμῶν,</em></span> <span class='ocrx_word' id='word_1_99' title='bbox 1237 1668 1334 1720; x_wconf 78' lang='grc' dir='ltr'><em>καὶ</em></span> <span class='ocrx_word' id='word_1_100' title='bbox 1365 1667 1426 1720; x_wconf 80' lang='grc' dir='ltr'><em>τὸ</em></span> <span class='ocrx_word' id='word_1_101' title='bbox 1465 1667 1731 1736; x_wconf 77' lang='grc' dir='ltr'><strong>κατάγειν</strong></span> <span class='ocrx_word' id='word_1_102' title='bbox 1765 1667 1903 1738; x_wconf 81' lang='grc' dir='ltr'><em>πρὸς</em></span> 
     </span>
    </p>
   </div>
   <div class='ocr_carea' id='block_1_16' title="bbox 321 1757 1904 1828">
    <p class='ocr_par' dir='ltr' id='par_1_16' title="bbox 321 1757 1904 1828">
     <span class='ocr_line' id='line_1_16' title="bbox 321 1757 1904 1828; baseline -0.001 -16"><span class='ocrx_word' id='word_1_103' title='bbox 321 1760 470 1828; x_wconf 79' lang='grc' dir='ltr'><em>ἡμᾶς</em></span> <span class='ocrx_word' id='word_1_104' title='bbox 497 1759 706 1812; x_wconf 84' lang='grc' dir='ltr'><em>ἀνωθεν</em></span> <span class='ocrx_word' id='word_1_105' title='bbox 733 1759 843 1812; x_wconf 82' lang='grc' dir='ltr'><em>πᾶν</em></span> <span class='ocrx_word' id='word_1_106' title='bbox 867 1758 1100 1827; x_wconf 84' lang='grc' dir='ltr'><strong>δώρημα</strong></span> <span class='ocrx_word' id='word_1_107' title='bbox 1125 1757 1352 1812; x_wconf 79' lang='grc' dir='ltr'><em>τέλειον.</em></span> <span class='ocrx_word' id='word_1_108' title='bbox 1377 1759 1500 1811; x_wconf 86' lang='grc' dir='ltr'><em>Ὅτι</em></span> <span class='ocrx_word' id='word_1_109' title='bbox 1529 1758 1586 1811; x_wconf 80' lang='grc' dir='ltr'><em>δὲ</em></span> <span class='ocrx_word' id='word_1_110' title='bbox 1611 1757 1785 1814; x_wconf 86' lang='grc' dir='ltr'><em>ταῦτα</em></span> <span class='ocrx_word' id='word_1_111' title='bbox 1813 1757 1904 1811; x_wconf 75' lang='grc' dir='ltr'><em>οῦ·-</em></span> 
     </span>
    </p>
   </div>
   <div class='ocr_carea' id='block_1_17' title="bbox 318 1845 1900 1917">
    <p class='ocr_par' dir='ltr' id='par_1_17' title="bbox 318 1845 1900 1917">
     <span class='ocr_line' id='line_1_17' title="bbox 318 1845 1900 1917; baseline 0.002 -19"><span class='ocrx_word' id='word_1_112' title='bbox 318 1845 428 1909; x_wconf 83' lang='grc' dir='ltr'><strong>τως</strong></span> <span class='ocrx_word' id='word_1_113' title='bbox 462 1845 610 1916; x_wconf 71' lang='grc' dir='ltr'><em>ἔχει,</em></span> <span class='ocrx_word' id='word_1_114' title='bbox 647 1849 743 1902; x_wconf 77' lang='grc' dir='ltr'><em>καὶ</em></span> <span class='ocrx_word' id='word_1_115' title='bbox 777 1845 944 1901; x_wconf 83' lang='grc' dir='ltr'><em>αὑτοῦ</em></span> <span class='ocrx_word' id='word_1_116' title='bbox 973 1846 1070 1900; x_wconf 87' lang='grc' dir='ltr'><strong>τοῦ</strong></span> <span class='ocrx_word' id='word_1_117' title='bbox 1105 1846 1377 1917; x_wconf 82' lang='grc' dir='ltr'><em>Κυρίλλου</em></span> <span class='ocrx_word' id='word_1_118' title='bbox 1410 1846 1664 1916; x_wconf 74' lang='grc' dir='ltr'><em>λέγοντος</em></span> <span class='ocrx_word' id='word_1_119' title='bbox 1693 1848 1858 1904; x_wconf 78' lang='grc' dir='ltr'><em>ἄκουε</em></span> <span class='ocrx_word' id='word_1_120' title='bbox 1884 1863 1900 1880; x_wconf 80' lang='grc' dir='ltr'><strong>ο</strong></span> 
     </span>
    </p>
   </div>
   <div class='ocr_carea' id='block_1_18' title="bbox 329 1905 1976 2012">
    <p class='ocr_par' dir='ltr' id='par_1_18' title="bbox 329 1905 1976 2012">
     <span class='ocr_line' id='line_1_18' title="bbox 329 1905 1976 2012; baseline -0.001 -18"><span class='ocrx_word' id='word_1_121' title='bbox 329 1905 625 2009; x_wconf 32' lang='grc' dir='ltr'><em>Ἡνλογική</em></span> <span class='ocrx_word' id='word_1_122' title='bbox 658 1932 814 2010; x_wconf 62' lang='grc' dir='ltr'><em>ψυχή</em></span> <span class='ocrx_word' id='word_1_123' title='bbox 839 1940 932 1993; x_wconf 69' lang='grc' dir='ltr'><em>καὶ</em></span> <span class='ocrx_word' id='word_1_124' title='bbox 969 1941 1109 2009; x_wconf 83' lang='grc' dir='ltr'><strong>μετά</strong></span> <span class='ocrx_word' id='word_1_125' title='bbox 1135 1905 1236 2008; x_wconf 61' lang='grc' dir='ltr'><strong>τήν</strong></span> <span class='ocrx_word' id='word_1_126' title='bbox 1265 1940 1361 1994; x_wconf 88' lang='grc' dir='ltr'><strong>τοῦ</strong></span> <span class='ocrx_word' id='word_1_127' title='bbox 1395 1905 1660 2010; x_wconf 67' lang='grc' dir='ltr'><em>σώματος</em></span> <span class='ocrx_word' id='word_1_128' title='bbox 1682 1941 1900 2012; x_wconf 74' lang='grc' dir='ltr'><em>ἀναχώο</em></span> <span class='ocrx_word' id='word_1_129' title='bbox 1933 1905 1976 1960; x_wconf 69' lang='grc' dir='ltr'><strong>Β</strong></span> 
     </span>
    </p>
   </div>
   <div class='ocr_carea' id='block_1_19' title="bbox 321 2030 1898 2105">
    <p class='ocr_par' dir='ltr' id='par_1_19' title="bbox 321 2030 1898 2105">
     <span class='ocr_line' id='line_1_19' title="bbox 321 2030 1898 2105; baseline 0.001 -20"><span class='ocrx_word' id='word_1_130' title='bbox 321 2049 483 2102; x_wconf 90' lang='grc' dir='ltr'><em>ρησιν</em></span> <span class='ocrx_word' id='word_1_131' title='bbox 521 2034 616 2085; x_wconf 83' lang='grc' dir='ltr'><em>καὶ</em></span> <span class='ocrx_word' id='word_1_132' title='bbox 655 2030 723 2102; x_wconf 79' lang='grc' dir='ltr'><strong>ζῇ</strong></span> <span class='ocrx_word' id='word_1_133' title='bbox 764 2031 859 2084; x_wconf 78' lang='grc' dir='ltr'><em>καὶ</em></span> <span class='ocrx_word' id='word_1_134' title='bbox 894 2031 1142 2102; x_wconf 85' lang='grc' dir='ltr'><em>διαμένει</em></span> <span class='ocrx_word' id='word_1_135' title='bbox 1183 2031 1280 2086; x_wconf 75' lang='grc' dir='ltr'><em>καὶ</em></span> <span class='ocrx_word' id='word_1_136' title='bbox 1319 2031 1474 2086; x_wconf 76' lang='grc' dir='ltr'><em>λαλεῖ</em></span> <span class='ocrx_word' id='word_1_137' title='bbox 1513 2033 1898 2105; x_wconf 84' lang='grc' dir='ltr'><em>καταλλήλως,</em></span> 
     </span>
    </p>
   </div>
   <div class='ocr_carea' id='block_1_20' title="bbox 322 2123 1900 2196">
    <p class='ocr_par' dir='ltr' id='par_1_20' title="bbox 322 2123 1900 2196">
     <span class='ocr_line' id='line_1_20' title="bbox 322 2123 1900 2196; baseline -0.001 -18"><span class='ocrx_word' id='word_1_138' title='bbox 322 2125 416 2178; x_wconf 76' lang='grc' dir='ltr'><em>καὶ</em></span> <span class='ocrx_word' id='word_1_139' title='bbox 443 2126 656 2196; x_wconf 67' lang='grc' dir='ltr'><em>ἐνεργεῖ</em></span> <span class='ocrx_word' id='word_1_140' title='bbox 677 2140 692 2156; x_wconf 77' lang='grc' dir='ltr'><strong>ο</strong></span> <span class='ocrx_word' id='word_1_141' title='bbox 721 2123 989 2189; x_wconf 84' lang='grc' dir='ltr'><em>ὡσαύτως</em></span> <span class='ocrx_word' id='word_1_142' title='bbox 1015 2125 1113 2179; x_wconf 75' lang='grc' dir='ltr'><em>καὶ</em></span> <span class='ocrx_word' id='word_1_143' title='bbox 1136 2123 1272 2178; x_wconf 83' lang='grc' dir='ltr'><strong>Θεοῦ</strong></span> <span class='ocrx_word' id='word_1_144' title='bbox 1301 2125 1740 2196; x_wconf 78' lang='grc' dir='ltr'><em>προστάσσοντος</em></span> <span class='ocrx_word' id='word_1_145' title='bbox 1767 2125 1900 2178; x_wconf 81' lang='grc' dir='ltr'><em>ἀπο-</em></span> 
     </span>
    </p>
   </div>
   <div class='ocr_carea' id='block_1_21' title="bbox 319 2215 1896 2288">
    <p class='ocr_par' dir='ltr' id='par_1_21' title="bbox 319 2215 1896 2288">
     <span class='ocr_line' id='line_1_21' title="bbox 319 2215 1896 2288; baseline 0 -20"><span class='ocrx_word' id='word_1_146' title='bbox 319 2215 600 2269; x_wconf 79' lang='grc' dir='ltr'><em>στέλλεται</em></span> <span class='ocrx_word' id='word_1_147' title='bbox 627 2217 709 2278; x_wconf 83' lang='grc' dir='ltr'><strong>είς</strong></span> <span class='ocrx_word' id='word_1_148' title='bbox 739 2215 890 2270; x_wconf 83' lang='grc' dir='ltr'><strong>τόνδε</strong></span> <span class='ocrx_word' id='word_1_149' title='bbox 919 2217 1010 2270; x_wconf 80' lang='grc' dir='ltr'><em>τὸν</em></span> <span class='ocrx_word' id='word_1_150' title='bbox 1040 2217 1155 2287; x_wconf 77' lang='grc' dir='ltr'><strong>βῖον</strong></span> <span class='ocrx_word' id='word_1_151' title='bbox 1183 2216 1272 2271; x_wconf 80' lang='grc' dir='ltr'><em>διὰ</em></span> <span class='ocrx_word' id='word_1_152' title='bbox 1301 2215 1503 2288; x_wconf 78' lang='grc' dir='ltr'><em>πολλὴν</em></span> <span class='ocrx_word' id='word_1_153' title='bbox 1532 2215 1856 2286; x_wconf 77' lang='grc' dir='ltr'><em>εὐεργεσίαν</em></span> <span class='ocrx_word' id='word_1_154' title='bbox 1882 2231 1896 2246; x_wconf 88' lang='grc'><strong>·</strong></span> 
     </span>
    </p>
   </div>
   <div class='ocr_carea' id='block_1_22' title="bbox 318 2303 1900 2379">
    <p class='ocr_par' dir='ltr' id='par_1_22' title="bbox 318 2303 1900 2379">
     <span class='ocr_line' id='line_1_22' title="bbox 318 2303 1900 2379; baseline 0.001 -20"><span class='ocrx_word' id='word_1_155' title='bbox 318 2308 412 2359; x_wconf 78' lang='grc' dir='ltr'><em>καὶ</em></span> <span class='ocrx_word' id='word_1_156' title='bbox 458 2308 568 2378; x_wconf 84' lang='grc' dir='ltr'><em>γὰρ</em></span> <span class='ocrx_word' id='word_1_157' title='bbox 617 2306 973 2378; x_wconf 82' lang='grc' dir='ltr'><em>αὐτοκίνητος</em></span> <span class='ocrx_word' id='word_1_158' title='bbox 1019 2303 1191 2374; x_wconf 79' lang='grc' dir='ltr'><em>οὖσα,</em></span> <span class='ocrx_word' id='word_1_159' title='bbox 1235 2307 1490 2362; x_wconf 81' lang='grc' dir='ltr'><em>οὐδέποτε</em></span> <span class='ocrx_word' id='word_1_160' title='bbox 1537 2307 1900 2379; x_wconf 77' lang='grc' dir='ltr'><em>ἀνενέργητος</em></span> 
     </span>
    </p>
   </div>
   <div class='ocr_carea' id='block_1_23' title="bbox 322 2399 1900 2470">
    <p class='ocr_par' dir='ltr' id='par_1_23' title="bbox 322 2399 1900 2470">
     <span class='ocr_line' id='line_1_23' title="bbox 322 2399 1900 2470; baseline 0 -18"><span class='ocrx_word' id='word_1_161' title='bbox 322 2401 500 2468; x_wconf 79' lang='grc' dir='ltr'><em>μένει.</em></span> <span class='ocrx_word' id='word_1_162' title='bbox 538 2399 706 2454; x_wconf 84' lang='grc' dir='ltr'><em>Ταῦτ’</em></span> <span class='ocrx_word' id='word_1_163' title='bbox 728 2400 822 2454; x_wconf 83' lang='grc' dir='ltr'><strong>οῦν</strong></span> <span class='ocrx_word' id='word_1_164' title='bbox 858 2399 1169 2453; x_wconf 72' lang='grc' dir='ltr'><em>ἐπιϐεϐαιοῐ</em></span> <span class='ocrx_word' id='word_1_165' title='bbox 1206 2400 1304 2453; x_wconf 80' lang='grc' dir='ltr'><em>καὶ</em></span> <span class='ocrx_word' id='word_1_166' title='bbox 1339 2401 1368 2452; x_wconf 97' lang='lat'><strong>6</strong></span> <span class='ocrx_word' id='word_1_167' title='bbox 1408 2399 1580 2470; x_wconf 82' lang='grc' dir='ltr'><strong>μέγας</strong></span> <span class='ocrx_word' id='word_1_168' title='bbox 1624 2399 1900 2464; x_wconf 82' lang='grc' dir='ltr'><em>Βασίλειος</em></span> 
     </span>
    </p>
   </div>
   <div class='ocr_carea' id='block_1_24' title="bbox 316 2490 1900 2562">
    <p class='ocr_par' dir='ltr' id='par_1_24' title="bbox 316 2490 1900 2562">
     <span class='ocr_line' id='line_1_24' title="bbox 316 2490 1900 2562; baseline 0 -18"><span class='ocrx_word' id='word_1_169' title='bbox 316 2490 463 2545; x_wconf 77' lang='grc' dir='ltr'><em>οὕτω</em></span> <span class='ocrx_word' id='word_1_170' title='bbox 503 2491 678 2559; x_wconf 87' lang='grc' dir='ltr'><em>λέγων</em></span> <span class='ocrx_word' id='word_1_171' title='bbox 702 2506 720 2524; x_wconf 76' lang='grc' dir='ltr'><strong>ο</strong></span> <span class='ocrx_word' id='word_1_172' title='bbox 757 2491 978 2562; x_wconf 79' lang='grc' dir='ltr'><strong>Ἀμέλει</strong></span> <span class='ocrx_word' id='word_1_173' title='bbox 1014 2492 1109 2545; x_wconf 75' lang='grc' dir='ltr'><em>καὶ</em></span> <span class='ocrx_word' id='word_1_174' title='bbox 1149 2490 1296 2545; x_wconf 79' lang='grc' dir='ltr'><em>κατὰ</em></span> <span class='ocrx_word' id='word_1_175' title='bbox 1333 2491 1461 2554; x_wconf 80' lang='grc' dir='ltr'><em>τοὺς</em></span> <span class='ocrx_word' id='word_1_176' title='bbox 1501 2491 1767 2559; x_wconf 74' lang='grc' dir='ltr'><em>ἀγγέλους</em></span> <span class='ocrx_word' id='word_1_177' title='bbox 1805 2490 1900 2544; x_wconf 82' lang='grc' dir='ltr'><strong>τοῦ</strong></span> 
     </span>
    </p>
   </div>
   <div class='ocr_carea' id='block_1_25' title="bbox 316 2581 1900 2654">
    <p class='ocr_par' dir='ltr' id='par_1_25' title="bbox 316 2581 1900 2654">
     <span class='ocr_line' id='line_1_25' title="bbox 316 2581 1900 2654; baseline 0.002 -19"><span class='ocrx_word' id='word_1_178' title='bbox 316 2584 636 2654; x_wconf 78' lang='grc' dir='ltr'><em>σωματικοῦ</em></span> <span class='ocrx_word' id='word_1_179' title='bbox 683 2581 908 2637; x_wconf 78' lang='grc' dir='ltr'><strong>λυθεῖσα</strong></span> <span class='ocrx_word' id='word_1_180' title='bbox 955 2583 1159 2653; x_wconf 82' lang='grc' dir='ltr'><em>δεσμοῦ</em></span> <span class='ocrx_word' id='word_1_181' title='bbox 1209 2585 1244 2654; x_wconf 77' lang='grc' dir='ltr'>ἡ</span> <span class='ocrx_word' id='word_1_182' title='bbox 1289 2583 1458 2654; x_wconf 80' lang='grc' dir='ltr'><strong>ψυχὴ,</strong></span> <span class='ocrx_word' id='word_1_183' title='bbox 1503 2583 1788 2638; x_wconf 77' lang='grc' dir='ltr'><em>ἀναϐαίνει</em></span> <span class='ocrx_word' id='word_1_184' title='bbox 1839 2601 1900 2638; x_wconf 87' lang='grc' dir='ltr'><strong>τε</strong></span> 
     </span>
    </p>
   </div>
   <div class='ocr_carea' id='block_1_26' title="bbox 313 2675 1902 2746">
    <p class='ocr_par' dir='ltr' id='par_1_26' title="bbox 313 2675 1902 2746">
     <span class='ocr_line' id='line_1_26' title="bbox 313 2675 1902 2746; baseline 0 -16"><span class='ocrx_word' id='word_1_185' title='bbox 313 2679 410 2731; x_wconf 75' lang='grc' dir='ltr'><em>καὶ</em></span> <span class='ocrx_word' id='word_1_186' title='bbox 435 2677 758 2732; x_wconf 72' lang='grc' dir='ltr'><em>καταϐαίνει</em></span> <span class='ocrx_word' id='word_1_187' title='bbox 776 2717 793 2745; x_wconf 87' lang='grc'><em>,</em></span> <span class='ocrx_word' id='word_1_188' title='bbox 821 2677 917 2731; x_wconf 75' lang='grc' dir='ltr'><em>καὶ</em></span> <span class='ocrx_word' id='word_1_189' title='bbox 941 2676 1336 2731; x_wconf 81' lang='grc' dir='ltr'><em>ἀποστέλλεται</em></span> <span class='ocrx_word' id='word_1_190' title='bbox 1361 2675 1430 2729; x_wconf 84' lang='grc' dir='ltr'><em>δι’</em></span> <span class='ocrx_word' id='word_1_191' title='bbox 1454 2675 1778 2746; x_wconf 83' lang='grc' dir='ltr'><em>εὐεργεσίαν</em></span> <span class='ocrx_word' id='word_1_192' title='bbox 1805 2677 1902 2730; x_wconf 75' lang='grc' dir='ltr'><em>καὶ</em></span> 
     </span>
    </p>
   </div>
   <div class='ocr_carea' id='block_1_27' title="bbox 313 2767 1902 2841">
    <p class='ocr_par' dir='ltr' id='par_1_27' title="bbox 313 2767 1902 2841">
     <span class='ocr_line' id='line_1_27' title="bbox 313 2767 1902 2841; baseline -0.001 -18"><span class='ocrx_word' id='word_1_193' title='bbox 313 2771 584 2839; x_wconf 71' lang='grc' dir='ltr'><em>ὠφέλειαν</em></span> <span class='ocrx_word' id='word_1_194' title='bbox 632 2769 846 2824; x_wconf 75' lang='grc' dir='ltr'><em>πολλῶν</em></span> <span class='ocrx_word' id='word_1_195' title='bbox 871 2785 887 2802; x_wconf 78' lang='grc' dir='ltr'><strong>ο</strong></span> <span class='ocrx_word' id='word_1_196' title='bbox 937 2771 1178 2841; x_wconf 82' lang='grc' dir='ltr'><em>ὁπηνίκα</em></span> <span class='ocrx_word' id='word_1_197' title='bbox 1228 2769 1415 2822; x_wconf 77' lang='grc' dir='ltr'><em>λοιπὸν</em></span> <span class='ocrx_word' id='word_1_198' title='bbox 1463 2767 1750 2838; x_wconf 77' lang='grc' dir='ltr'><em>δεηθῶμεν</em></span> <span class='ocrx_word' id='word_1_199' title='bbox 1801 2769 1902 2838; x_wconf 85' lang='grc' dir='ltr'><em>τῆς</em></span> 
     </span>
    </p>
   </div>
   <div class='ocr_carea' id='block_1_28' title="bbox 314 2861 1899 2933">
    <p class='ocr_par' dir='ltr' id='par_1_28' title="bbox 314 2861 1899 2933">
     <span class='ocr_line' id='line_1_28' title="bbox 314 2861 1899 2933; baseline -0.001 -17"><span class='ocrx_word' id='word_1_200' title='bbox 314 2863 498 2916; x_wconf 84' lang='grc' dir='ltr'><em>αὐτῶν</em></span> <span class='ocrx_word' id='word_1_201' title='bbox 528 2862 810 2933; x_wconf 85' lang='grc' dir='ltr'><em>μεσιτείας</em></span> <span class='ocrx_word' id='word_1_202' title='bbox 833 2878 894 2915; x_wconf 85' lang='grc' dir='ltr'><strong>τε</strong></span> <span class='ocrx_word' id='word_1_203' title='bbox 924 2863 1019 2915; x_wconf 78' lang='grc' dir='ltr'><em>καὶ</em></span> <span class='ocrx_word' id='word_1_204' title='bbox 1050 2861 1419 2932; x_wconf 79' lang='grc' dir='ltr'><strong>ἀντιλήψεως,</strong></span> <span class='ocrx_word' id='word_1_205' title='bbox 1446 2862 1580 2915; x_wconf 75' lang='grc' dir='ltr'><em>ποτὲ</em></span> <span class='ocrx_word' id='word_1_206' title='bbox 1611 2862 1711 2932; x_wconf 74' lang='grc' dir='ltr'><strong>μὲν</strong></span> <span class='ocrx_word' id='word_1_207' title='bbox 1737 2861 1899 2915; x_wconf 83' lang='grc' dir='ltr'><em>αὗται</em></span> 
     </span>
    </p>
   </div>
   <div class='ocr_carea' id='block_1_29' title="bbox 312 2951 1900 3026">
    <p class='ocr_par' dir='ltr' id='par_1_29' title="bbox 312 2951 1900 3026">
     <span class='ocr_line' id='line_1_29' title="bbox 312 2951 1900 3026; baseline 0.001 -19"><span class='ocrx_word' id='word_1_208' title='bbox 312 2954 384 3008; x_wconf 85' lang='grc' dir='ltr'><em>δι’</em></span> <span class='ocrx_word' id='word_1_209' title='bbox 405 2954 616 3008; x_wconf 80' lang='grc' dir='ltr'><em>ἑαυτῶν</em></span> <span class='ocrx_word' id='word_1_210' title='bbox 643 2955 773 3026; x_wconf 73' lang='grc' dir='ltr'><strong>ἡμῖν</strong></span> <span class='ocrx_word' id='word_1_211' title='bbox 799 2955 1143 3024; x_wconf 70' lang='grc' dir='ltr'><em>ἐφίστανται,</em></span> <span class='ocrx_word' id='word_1_212' title='bbox 1171 2954 1304 3008; x_wconf 81' lang='grc' dir='ltr'><em>ποτὲ</em></span> <span class='ocrx_word' id='word_1_213' title='bbox 1330 2951 1388 3008; x_wconf 75' lang='grc' dir='ltr'><em>δὲ</em></span> <span class='ocrx_word' id='word_1_214' title='bbox 1414 2954 1532 3008; x_wconf 84' lang='grc' dir='ltr'><em>ἀντ’</em></span> <span class='ocrx_word' id='word_1_215' title='bbox 1553 2954 1738 3008; x_wconf 81' lang='grc' dir='ltr'><em>αὐτῶν</em></span> <span class='ocrx_word' id='word_1_216' title='bbox 1763 2955 1900 3008; x_wconf 78' lang='grc' dir='ltr'><em>θεῖοι</em></span> 
     </span>
    </p>
   </div>
   <div class='ocr_carea' id='block_1_30' title="bbox 315 3044 1899 3116">
    <p class='ocr_par' dir='ltr' id='par_1_30' title="bbox 315 3044 1899 3116">
     <span class='ocr_line' id='line_1_30' title="bbox 315 3044 1899 3116; baseline -0.001 -16"><span class='ocrx_word' id='word_1_217' title='bbox 315 3049 625 3102; x_wconf 85' lang='grc' dir='ltr'><em>στέλλονται</em></span> <span class='ocrx_word' id='word_1_218' title='bbox 656 3047 905 3116; x_wconf 74' lang='grc' dir='ltr'><em>ἄγγελοι,</em></span> <span class='ocrx_word' id='word_1_219' title='bbox 931 3046 1028 3098; x_wconf 81' lang='grc' dir='ltr'><em>καὶ</em></span> <span class='ocrx_word' id='word_1_220' title='bbox 1057 3045 1233 3098; x_wconf 69' lang='grc' dir='ltr'><em>ἐνίοτε</em></span> <span class='ocrx_word' id='word_1_221' title='bbox 1263 3044 1404 3116; x_wconf 84' lang='grc' dir='ltr'><em>αὐτὴ</em></span> <span class='ocrx_word' id='word_1_222' title='bbox 1436 3045 1470 3115; x_wconf 86' lang='grc' dir='ltr'><strong>ή</strong></span> <span class='ocrx_word' id='word_1_223' title='bbox 1499 3044 1592 3098; x_wconf 86' lang='grc' dir='ltr'><strong>τοῦ</strong></span> <span class='ocrx_word' id='word_1_224' title='bbox 1625 3045 1899 3114; x_wconf 89' lang='grc' dir='ltr'><em>παναγίου</em></span> 
     </span>
    </p>
   </div>
   <div class='ocr_carea' id='block_1_31' title="bbox 315 3137 1904 3212">
    <p class='ocr_par' dir='ltr' id='par_1_31' title="bbox 315 3137 1904 3212">
     <span class='ocr_line' id='line_1_31' title="bbox 315 3137 1904 3212; baseline -0.002 -17"><span class='ocrx_word' id='word_1_225' title='bbox 315 3141 630 3212; x_wconf 83' lang='grc' dir='ltr'><em>Πνεύματος</em></span> <span class='ocrx_word' id='word_1_226' title='bbox 678 3141 858 3212; x_wconf 87' lang='grc' dir='ltr'><em>χάρις,</em></span> <span class='ocrx_word' id='word_1_227' title='bbox 905 3139 981 3203; x_wconf 84' lang='grc' dir='ltr'><em>ὡς</em></span> <span class='ocrx_word' id='word_1_228' title='bbox 1026 3138 1157 3203; x_wconf 73' lang='grc' dir='ltr'><em>οἵδε,</em></span> <span class='ocrx_word' id='word_1_229' title='bbox 1191 3137 1514 3209; x_wconf 81' lang='grc' dir='ltr'><em>παραδόξως</em></span> <span class='ocrx_word' id='word_1_230' title='bbox 1561 3137 1860 3193; x_wconf 83' lang='grc' dir='ltr'><em>ὀπτάνεται</em></span> <span class='ocrx_word' id='word_1_231' title='bbox 1889 3153 1904 3170; x_wconf 80' lang='grc'><em>’</em></span> 
     </span>
    </p>
   </div>
   <div class='ocr_carea' id='block_1_32' title="bbox 1664 429 2302 494">
    <p class='ocr_par' dir='ltr' id='par_1_32' title="bbox 1664 429 2302 494">
     <span class='ocr_line' id='line_1_32' title="bbox 1664 429 2302 494; baseline 0.002 -4"><span class='ocrx_word' id='word_1_232' title='bbox 1664 429 2038 492; x_wconf 79' lang='lat' dir='ltr'><strong>EPISTULA</strong></span> <span class='ocrx_word' id='word_1_233' title='bbox 2079 431 2302 494; x_wconf 80' lang='lat' dir='ltr'><strong>XVIII.</strong></span> 
     </span>
    </p>
   </div>
   <div class='ocr_carea' id='block_1_33' title="bbox 1929 547 1983 606">
    <p class='ocr_par' dir='ltr' id='par_1_33' title="bbox 1929 547 1983 606">
     <span class='ocr_line' id='line_1_33' title="bbox 1929 547 1983 606; baseline 0 0"><span class='ocrx_word' id='word_1_234' title='bbox 1929 547 1983 606; x_wconf 78' lang='grc' dir='ltr'><strong>Δ</strong></span> 
     </span>
    </p>
   </div>
   <div class='ocr_carea' id='block_1_34' title="bbox 3485 429 3586 492">
    <p class='ocr_par' dir='ltr' id='par_1_34' title="bbox 3485 429 3586 492">
     <span class='ocr_line' id='line_1_34' title="bbox 3485 429 3586 492; baseline 0 -1"><span class='ocrx_word' id='word_1_235' title='bbox 3485 429 3586 492; x_wconf 78' lang='lat' dir='ltr'><strong>9N</strong></span> 
     </span>
    </p>
   </div>
   <div class='ocr_carea' id='block_1_35' title="bbox 2507 547 3095 605">
    <p class='ocr_par' dir='ltr' id='par_1_35' title="bbox 2507 547 3095 605">
     <span class='ocr_line' id='line_1_35' title="bbox 2507 547 3095 605; baseline 0 -1"><span class='ocrx_word' id='word_1_236' title='bbox 2507 547 2847 605; x_wconf 73' lang='lat' dir='ltr'><strong>EPISTULA</strong></span> <span class='ocrx_word' id='word_1_237' title='bbox 2906 547 3095 604; x_wconf 77' lang='lat' dir='ltr'><strong>XVIII.</strong></span> 
     </span>
    </p>
   </div>
   <div class='ocr_carea' id='block_1_36' title="bbox 2004 659 3588 719">
    <p class='ocr_par' dir='ltr' id='par_1_36' title="bbox 2004 659 3588 719">
     <span class='ocr_line' id='line_1_36' title="bbox 2004 659 3588 719; baseline -0.003 -3"><span class='ocrx_word' id='word_1_238' title='bbox 2004 661 2244 716; x_wconf 74' lang='lat' dir='ltr'><strong>Maxime</strong></span> <span class='ocrx_word' id='word_1_239' title='bbox 2297 665 2592 718; x_wconf 70' lang='lat' dir='ltr'><strong>uenerando</strong></span> <span class='ocrx_word' id='word_1_240' title='bbox 2645 664 2898 718; x_wconf 85' lang='lat' dir='ltr'><strong>monacho</strong></span> <span class='ocrx_word' id='word_1_241' title='bbox 2948 671 3000 719; x_wconf 83' lang='lat' dir='ltr'><strong>et</strong></span> <span class='ocrx_word' id='word_1_242' title='bbox 3061 662 3344 717; x_wconf 73' lang='lat' dir='ltr'><strong>dontestico</strong></span> <span class='ocrx_word' id='word_1_243' title='bbox 3394 659 3588 713; x_wconf 79' lang='lat' dir='ltr'><strong>domno</strong></span> 
     </span>
    </p>
   </div>
   <div class='ocr_carea' id='block_1_37' title="bbox 2073 729 3590 802">
    <p class='ocr_par' dir='ltr' id='par_1_37' title="bbox 2073 729 3590 802">
     <span class='ocr_line' id='line_1_37' title="bbox 2073 729 3590 802; baseline -0.003 -16"><span class='ocrx_word' id='word_1_244' title='bbox 2073 731 2334 789; x_wconf 70' lang='lat' dir='ltr'><strong>Isaiw.-—</strong></span> <span class='ocrx_word' id='word_1_245' title='bbox 2368 733 2514 788; x_wconf 87' lang='lat' dir='ltr'><strong>Num</strong></span> <span class='ocrx_word' id='word_1_246' title='bbox 2538 736 2830 788; x_wconf 83' lang='lat' dir='ltr'><strong>adhibenda</strong></span> <span class='ocrx_word' id='word_1_247' title='bbox 2862 735 2989 802; x_wconf 71' lang='lat' dir='ltr'><strong>ﬁdes</strong></span> <span class='ocrx_word' id='word_1_248' title='bbox 3017 735 3082 787; x_wconf 78' lang='lat' dir='ltr'><strong>sit</strong></span> <span class='ocrx_word' id='word_1_249' title='bbox 3109 732 3422 794; x_wconf 77' lang='lat' dir='ltr'><strong>dicentibus,</strong></span> <span class='ocrx_word' id='word_1_250' title='bbox 3449 729 3590 802; x_wconf 71' lang='lat' dir='ltr'><strong>quod</strong></span> 
     </span>
    </p>
   </div>
   <div class='ocr_carea' id='block_1_38' title="bbox 2073 799 3592 874">
    <p class='ocr_par' dir='ltr' id='par_1_38' title="bbox 2073 799 3592 874">
     <span class='ocr_line' id='line_1_38' title="bbox 2073 799 3592 874; baseline -0.002 -19"><span class='ocrx_word' id='word_1_251' title='bbox 2073 805 2195 856; x_wconf 83' lang='lat' dir='ltr'><strong>hinc</strong></span> <span class='ocrx_word' id='word_1_252' title='bbox 2223 806 2469 874; x_wconf 70' lang='lat' dir='ltr'><strong>profectw</strong></span> <span class='ocrx_word' id='word_1_253' title='bbox 2501 814 2807 858; x_wconf 79' lang='lat' dir='ltr'><strong>sanctorum</strong></span> <span class='ocrx_word' id='word_1_254' title='bbox 2836 799 3032 857; x_wconf 64' lang='lat' dir='ltr'><strong>animm</strong></span> <span class='ocrx_word' id='word_1_255' title='bbox 3057 804 3114 856; x_wconf 85' lang='lat' dir='ltr'><strong>in</strong></span> <span class='ocrx_word' id='word_1_256' title='bbox 3143 802 3374 874; x_wconf 76' lang='lat' dir='ltr'><strong>aliquem</strong></span> <span class='ocrx_word' id='word_1_257' title='bbox 3397 799 3592 874; x_wconf 71' lang='lat' dir='ltr'><strong>quietis</strong></span> 
     </span>
    </p>
   </div>
   <div class='ocr_carea' id='block_1_39' title="bbox 2075 869 3593 944">
    <p class='ocr_par' dir='ltr' id='par_1_39' title="bbox 2075 869 3593 944">
     <span class='ocr_line' id='line_1_39' title="bbox 2075 869 3593 944; baseline -0.004 -19"><span class='ocrx_word' id='word_1_258' title='bbox 2075 869 2270 936; x_wconf 74' lang='lat' dir='ltr'><strong>locum,</strong></span> <span class='ocrx_word' id='word_1_259' title='bbox 2311 869 2447 944; x_wconf 21' lang='lat' dir='ltr'><strong>noni</strong></span> <span class='ocrx_word' id='word_1_260' title='bbox 2455 874 2575 942; x_wconf 87' lang='lat' dir='ltr'><strong>jam</strong></span> <span class='ocrx_word' id='word_1_261' title='bbox 2609 891 2702 942; x_wconf 88' lang='lat' dir='ltr'><strong>pro</strong></span> <span class='ocrx_word' id='word_1_262' title='bbox 2744 873 2892 926; x_wconf 85' lang='lat' dir='ltr'><strong>nobis</strong></span> <span class='ocrx_word' id='word_1_263' title='bbox 2945 888 3120 944; x_wconf 79' lang='lat' dir='ltr'><strong>preces</strong></span> <span class='ocrx_word' id='word_1_264' title='bbox 3174 869 3394 944; x_wconf 68' lang='lat' dir='ltr'><strong>faciunt,</strong></span> <span class='ocrx_word' id='word_1_265' title='bbox 3427 885 3489 921; x_wconf 86' lang='lat' dir='ltr'><strong>ac</strong></span> <span class='ocrx_word' id='word_1_266' title='bbox 3532 869 3593 920; x_wconf 83' lang='lat' dir='ltr'><strong>in</strong></span> 
     </span>
    </p>
   </div>
   <div class='ocr_carea' id='block_1_40' title="bbox 2075 942 3592 1006">
    <p class='ocr_par' dir='ltr' id='par_1_40' title="bbox 2075 942 3592 1006">
     <span class='ocr_line' id='line_1_40' title="bbox 2075 942 3592 1006; baseline -0.004 -11"><span class='ocrx_word' id='word_1_267' title='bbox 2075 952 2348 1006; x_wconf 74' lang='lat' dir='ltr'><strong>conspectu</strong></span> <span class='ocrx_word' id='word_1_268' title='bbox 2409 943 2607 998; x_wconf 76' lang='lat' dir='ltr'><strong>Christi</strong></span> <span class='ocrx_word' id='word_1_269' title='bbox 2653 953 2886 997; x_wconf 75' lang='lat' dir='ltr'><strong>astantes</strong></span> <span class='ocrx_word' id='word_1_270' title='bbox 2931 942 3079 996; x_wconf 76' lang='lat' dir='ltr'><strong>nullo</strong></span> <span class='ocrx_word' id='word_1_271' title='bbox 3123 942 3279 996; x_wconf 84' lang='lat' dir='ltr'><strong>modo</strong></span> <span class='ocrx_word' id='word_1_272' title='bbox 3339 943 3404 993; x_wconf 80' lang='lat' dir='ltr'><strong>de</strong></span> <span class='ocrx_word' id='word_1_273' title='bbox 3447 947 3592 990; x_wconf 80' lang='lat' dir='ltr'><strong>terra</strong></span> 
     </span>
    </p>
   </div>
   <div class='ocr_carea' id='block_1_41' title="bbox 2074 1011 3667 1086">
    <p class='ocr_par' dir='ltr' id='par_1_41' title="bbox 2074 1011 3667 1086">
     <span class='ocr_line' id='line_1_41' title="bbox 2074 1011 3667 1086; baseline 0.002 -20"><span class='ocrx_word' id='word_1_274' title='bbox 2074 1024 2262 1086; x_wconf 75' lang='lat' dir='ltr'><strong>curant</strong></span> <span class='ocrx_word' id='word_1_275' title='bbox 2292 1027 2311 1066; x_wconf 89' lang='lat'><strong><em>:</em></strong></span> <span class='ocrx_word' id='word_1_276' title='bbox 2343 1015 2466 1068; x_wconf 83' lang='lat' dir='ltr'><strong>item</strong></span> <span class='ocrx_word' id='word_1_277' title='bbox 2495 1015 2556 1067; x_wconf 84' lang='lat' dir='ltr'><strong>de</strong></span> <span class='ocrx_word' id='word_1_278' title='bbox 2585 1014 2790 1069; x_wconf 83' lang='lat' dir='ltr'><strong>anima.</strong></span> <span class='ocrx_word' id='word_1_279' title='bbox 3658 1011 3667 1024; x_wconf 72' lang='grc'><em>“</em></span> 
     </span>
    </p>
   </div>
   <div class='ocr_carea' id='block_1_42' title="bbox 2076 1126 3588 1197">
    <p class='ocr_par' dir='ltr' id='par_1_42' title="bbox 2076 1126 3588 1197">
     <span class='ocr_line' id='line_1_42' title="bbox 2076 1126 3588 1197; baseline 0.001 -17"><span class='ocrx_word' id='word_1_280' title='bbox 2076 1129 2129 1182; x_wconf 83' lang='grc'><strong>1.</strong></span> <span class='ocrx_word' id='word_1_281' title='bbox 2172 1127 2359 1182; x_wconf 86' lang='lat' dir='ltr'><strong>Sancti</strong></span> <span class='ocrx_word' id='word_1_282' title='bbox 2398 1127 2525 1182; x_wconf 89' lang='lat' dir='ltr'><strong>hinc</strong></span> <span class='ocrx_word' id='word_1_283' title='bbox 2557 1128 2786 1197; x_wconf 79' lang='lat' dir='ltr'><strong>profecti</strong></span> <span class='ocrx_word' id='word_1_284' title='bbox 2813 1168 2830 1193; x_wconf 93' lang='lat'><strong>,</strong></span> <span class='ocrx_word' id='word_1_285' title='bbox 2866 1137 2926 1183; x_wconf 91' lang='lat' dir='ltr'><strong>ut</strong></span> <span class='ocrx_word' id='word_1_286' title='bbox 2959 1127 3305 1191; x_wconf 85' lang='lat' dir='ltr'><strong>audivimus,</strong></span> <span class='ocrx_word' id='word_1_287' title='bbox 3337 1126 3588 1182; x_wconf 85' lang='lat' dir='ltr'><strong>nondum</strong></span> 
     </span>
    </p>
   </div>
   <div class='ocr_carea' id='block_1_43' title="bbox 2005 1219 3591 1292">
    <p class='ocr_par' dir='ltr' id='par_1_43' title="bbox 2005 1219 3591 1292">
     <span class='ocr_line' id='line_1_43' title="bbox 2005 1219 3591 1292; baseline -0.003 -16"><span class='ocrx_word' id='word_1_288' title='bbox 2005 1219 2399 1292; x_wconf 86' lang='lat' dir='ltr'><strong>promissiones</strong></span> <span class='ocrx_word' id='word_1_289' title='bbox 2419 1231 2644 1291; x_wconf 75' lang='lat' dir='ltr'><strong>propter</strong></span> <span class='ocrx_word' id='word_1_290' title='bbox 2664 1223 2768 1276; x_wconf 81' lang='lat' dir='ltr'><strong>nos</strong></span> <span class='ocrx_word' id='word_1_291' title='bbox 2795 1222 3312 1290; x_wconf 78' lang='lat' dir='ltr'><strong>acceperunt,jtuta</strong></span> <span class='ocrx_word' id='word_1_292' title='bbox 3331 1232 3591 1289; x_wconf 86' lang='lat' dir='ltr'><strong>magnum</strong></span> 
     </span>
    </p>
   </div>
   <div class='ocr_carea' id='block_1_44' title="bbox 2005 1309 3593 1382">
    <p class='ocr_par' dir='ltr' id='par_1_44' title="bbox 2005 1309 3593 1382">
     <span class='ocr_line' id='line_1_44' title="bbox 2005 1309 3593 1382; baseline -0.003 -16"><span class='ocrx_word' id='word_1_293' title='bbox 2005 1311 2350 1382; x_wconf 82' lang='lat' dir='ltr'><strong>Apostolum,</strong></span> <span class='ocrx_word' id='word_1_294' title='bbox 2389 1327 2460 1367; x_wconf 88' lang='lat' dir='ltr'><strong>ne</strong></span> <span class='ocrx_word' id='word_1_295' title='bbox 2495 1312 2726 1368; x_wconf 86' lang='lat' dir='ltr'><strong>seorsim</strong></span> <span class='ocrx_word' id='word_1_296' title='bbox 2759 1328 2790 1366; x_wconf 89' lang='lat' dir='ltr'><strong>a</strong></span> <span class='ocrx_word' id='word_1_297' title='bbox 2827 1311 2985 1366; x_wconf 91' lang='lat' dir='ltr'><strong>nobis</strong></span> <span class='ocrx_word' id='word_1_298' title='bbox 3027 1309 3382 1380; x_wconf 81' lang='lat' dir='ltr'><strong>perﬁciantur</strong></span> <span class='ocrx_word' id='word_1_299' title='bbox 3428 1323 3443 1362; x_wconf 89' lang='lat'><strong>:</strong></span> <span class='ocrx_word' id='word_1_300' title='bbox 3491 1309 3593 1362; x_wconf 81' lang='lat' dir='ltr'><strong>bo-</strong></span> 
     </span>
    </p>
   </div>
   <div class='ocr_carea' id='block_1_45' title="bbox 2003 1399 3684 1476">
    <p class='ocr_par' dir='ltr' id='par_1_45' title="bbox 2003 1399 3684 1476">
     <span class='ocr_line' id='line_1_45' title="bbox 2003 1399 3684 1476; baseline -0.007 -15"><span class='ocrx_word' id='word_1_301' title='bbox 2003 1421 2199 1461; x_wconf 86' lang='lat' dir='ltr'><strong>norum</strong></span> <span class='ocrx_word' id='word_1_302' title='bbox 2240 1421 2372 1460; x_wconf 91' lang='lat' dir='ltr'><strong>vero</strong></span> <span class='ocrx_word' id='word_1_303' title='bbox 2402 1406 2551 1476; x_wconf 86' lang='lat' dir='ltr'><strong>ipsos</strong></span> <span class='ocrx_word' id='word_1_304' title='bbox 2589 1405 2928 1459; x_wconf 86' lang='lat' dir='ltr'><strong>manentium</strong></span> <span class='ocrx_word' id='word_1_305' title='bbox 2980 1402 3178 1472; x_wconf 89' lang='lat' dir='ltr'><strong>pignus</strong></span> <span class='ocrx_word' id='word_1_306' title='bbox 3204 1399 3588 1465; x_wconf 89' lang='lat' dir='ltr'><strong>obtinuerunt,</strong></span> <span class='ocrx_word' id='word_1_307' title='bbox 3681 1413 3684 1418; x_wconf 65' lang='grc'><strong><em>“</em></strong></span> 
     </span>
    </p>
   </div>
   <div class='ocr_carea' id='block_1_46' title="bbox 2005 1487 3594 1562">
    <p class='ocr_par' dir='ltr' id='par_1_46' title="bbox 2005 1487 3594 1562">
     <span class='ocr_line' id='line_1_46' title="bbox 2005 1487 3594 1562; baseline -0.004 -14"><span class='ocrx_word' id='word_1_308' title='bbox 2005 1496 2302 1548; x_wconf 90' lang='lat' dir='ltr'><strong>secundum</strong></span> <span class='ocrx_word' id='word_1_309' title='bbox 2334 1493 2580 1548; x_wconf 89' lang='lat' dir='ltr'><strong>divinum</strong></span> <span class='ocrx_word' id='word_1_310' title='bbox 2614 1491 2882 1548; x_wconf 83' lang='lat' dir='ltr'><strong>Joannem</strong></span> <span class='ocrx_word' id='word_1_311' title='bbox 2919 1492 3400 1562; x_wconf 82' lang='lat' dir='ltr'><strong>Chrysostomum,</strong></span> <span class='ocrx_word' id='word_1_312' title='bbox 3441 1487 3594 1542; x_wconf 85' lang='lat' dir='ltr'><strong>vide-</strong></span> 
     </span>
    </p>
   </div>
   <div class='ocr_carea' id='block_1_47' title="bbox 2003 1570 3594 1655">
    <p class='ocr_par' dir='ltr' id='par_1_47' title="bbox 2003 1570 3594 1655">
     <span class='ocr_line' id='line_1_47' title="bbox 2003 1570 3594 1655; baseline -0.005 -13"><span class='ocrx_word' id='word_1_313' title='bbox 2003 1587 2132 1642; x_wconf 92' lang='lat' dir='ltr'><strong>licet</strong></span> <span class='ocrx_word' id='word_1_314' title='bbox 2165 1586 2220 1640; x_wconf 92' lang='lat' dir='ltr'><strong>in</strong></span> <span class='ocrx_word' id='word_1_315' title='bbox 2245 1595 2543 1655; x_wconf 89' lang='lat' dir='ltr'><strong>conspectu</strong></span> <span class='ocrx_word' id='word_1_316' title='bbox 2573 1585 2666 1640; x_wconf 86' lang='lat' dir='ltr'><strong>Dei</strong></span> <span class='ocrx_word' id='word_1_317' title='bbox 2704 1583 3026 1639; x_wconf 86' lang='lat' dir='ltr'><strong>liducialiter</strong></span> <span class='ocrx_word' id='word_1_318' title='bbox 3056 1592 3237 1638; x_wconf 88' lang='lat' dir='ltr'><strong>astare</strong></span> <span class='ocrx_word' id='word_1_319' title='bbox 3267 1619 3281 1644; x_wconf 90' lang='lat'><strong>,</strong></span> <span class='ocrx_word' id='word_1_320' title='bbox 3307 1570 3594 1650; x_wconf 51' lang='lat' dir='ltr'><strong>pro&#39;nobis</strong></span> 
     </span>
    </p>
   </div>
   <div class='ocr_carea' id='block_1_48' title="bbox 2005 1670 3594 1757">
    <p class='ocr_par' dir='ltr' id='par_1_48' title="bbox 2005 1670 3594 1757">
     <span class='ocr_line' id='line_1_48' title="bbox 2005 1670 3594 1757; baseline -0.006 -22"><span class='ocrx_word' id='word_1_321' title='bbox 2005 1691 2187 1757; x_wconf 66' lang='lat' dir='ltr'><strong>orare,</strong></span> <span class='ocrx_word' id='word_1_322' title='bbox 2226 1685 2284 1734; x_wconf 80' lang='lat' dir='ltr'><strong>et</strong></span> <span class='ocrx_word' id='word_1_323' title='bbox 2319 1678 2389 1734; x_wconf 90' lang='lat' dir='ltr'><strong>ad</strong></span> <span class='ocrx_word' id='word_1_324' title='bbox 2421 1693 2524 1732; x_wconf 90' lang='lat' dir='ltr'><strong>nos</strong></span> <span class='ocrx_word' id='word_1_325' title='bbox 2561 1691 2728 1731; x_wconf 89' lang='lat' dir='ltr'><strong>omne</strong></span> <span class='ocrx_word' id='word_1_326' title='bbox 2765 1676 2969 1731; x_wconf 85' lang='lat' dir='ltr'><strong>donum</strong></span> <span class='ocrx_word' id='word_1_327' title='bbox 3012 1673 3320 1745; x_wconf 74' lang='lat' dir='ltr'><strong>perfectura</strong></span> <span class='ocrx_word' id='word_1_328' title='bbox 3352 1670 3594 1741; x_wconf 80' lang='lat' dir='ltr'><strong>desuper</strong></span> 
     </span>
    </p>
   </div>
   <div class='ocr_carea' id='block_1_49' title="bbox 2003 1762 3591 1836">
    <p class='ocr_par' dir='ltr' id='par_1_49' title="bbox 2003 1762 3591 1836">
     <span class='ocr_line' id='line_1_49' title="bbox 2003 1762 3591 1836; baseline -0.006 -11"><span class='ocrx_word' id='word_1_329' title='bbox 2003 1769 2222 1826; x_wconf 71' lang='lat' dir='ltr'><strong>afferre.</strong></span> <span class='ocrx_word' id='word_1_330' title='bbox 2251 1768 2409 1836; x_wconf 85' lang='lat' dir='ltr'><strong>Quod</strong></span> <span class='ocrx_word' id='word_1_331' title='bbox 2466 1776 2649 1824; x_wconf 88' lang='lat' dir='ltr'><strong>autem</strong></span> <span class='ocrx_word' id='word_1_332' title='bbox 2708 1770 2822 1822; x_wconf 68' lang='lat' dir='ltr'><strong>haec</strong></span> <span class='ocrx_word' id='word_1_333' title='bbox 2867 1767 2939 1820; x_wconf 88' lang='lat' dir='ltr'><strong>ita</strong></span> <span class='ocrx_word' id='word_1_334' title='bbox 2995 1780 3055 1820; x_wconf 86' lang='lat' dir='ltr'><strong>se</strong></span> <span class='ocrx_word' id='word_1_335' title='bbox 3107 1763 3364 1828; x_wconf 89' lang='lat' dir='ltr'><strong>habeant,</strong></span> <span class='ocrx_word' id='word_1_336' title='bbox 3413 1762 3591 1831; x_wconf 84' lang='lat' dir='ltr'><strong>ipsum</strong></span> 
     </span>
    </p>
   </div>
   <div class='ocr_carea' id='block_1_50' title="bbox 2003 1853 3592 1934">
    <p class='ocr_par' dir='ltr' id='par_1_50' title="bbox 2003 1853 3592 1934">
     <span class='ocr_line' id='line_1_50' title="bbox 2003 1853 3592 1934; baseline -0.007 -18"><span class='ocrx_word' id='word_1_337' title='bbox 2003 1861 2267 1934; x_wconf 86' lang='lat' dir='ltr'><strong>Cyrillum</strong></span> <span class='ocrx_word' id='word_1_338' title='bbox 2303 1861 2577 1917; x_wconf 77' lang='lat' dir='ltr'><strong>dicentem</strong></span> <span class='ocrx_word' id='word_1_339' title='bbox 2610 1860 2736 1914; x_wconf 90' lang='lat' dir='ltr'><strong>audi</strong></span> <span class='ocrx_word' id='word_1_340' title='bbox 2777 1874 2792 1911; x_wconf 87' lang='lat'><strong>:</strong></span> <span class='ocrx_word' id='word_1_341' title='bbox 2829 1855 3137 1912; x_wconf 82' lang='lat' dir='ltr'><strong>Rationalis</strong></span> <span class='ocrx_word' id='word_1_342' title='bbox 3188 1854 3373 1909; x_wconf 87' lang='lat' dir='ltr'><strong>anima</strong></span> <span class='ocrx_word' id='word_1_343' title='bbox 3423 1853 3592 1908; x_wconf 87' lang='lat' dir='ltr'><strong>etiam</strong></span> 
     </span>
    </p>
   </div>
   <div class='ocr_carea' id='block_1_51' title="bbox 2005 1947 3593 2024">
    <p class='ocr_par' dir='ltr' id='par_1_51' title="bbox 2005 1947 3593 2024">
     <span class='ocr_line' id='line_1_51' title="bbox 2005 1947 3593 2024; baseline -0.011 -15"><span class='ocrx_word' id='word_1_344' title='bbox 2005 1961 2131 2024; x_wconf 91' lang='lat' dir='ltr'><strong>post</strong></span> <span class='ocrx_word' id='word_1_345' title='bbox 2165 1951 2416 2022; x_wconf 88' lang='lat' dir='ltr'><strong>corporis</strong></span> <span class='ocrx_word' id='word_1_346' title='bbox 2441 1950 2776 2006; x_wconf 84' lang='lat' dir='ltr'><strong>solutionem</strong></span> <span class='ocrx_word' id='word_1_347' title='bbox 2810 1956 2865 2002; x_wconf 89' lang='lat' dir='ltr'><strong>et</strong></span> <span class='ocrx_word' id='word_1_348' title='bbox 2901 1947 3074 2013; x_wconf 85' lang='lat' dir='ltr'><strong>vivit,</strong></span> <span class='ocrx_word' id='word_1_349' title='bbox 3101 1951 3160 1999; x_wconf 88' lang='lat' dir='ltr'><strong>et</strong></span> <span class='ocrx_word' id='word_1_350' title='bbox 3193 1949 3500 2013; x_wconf 77' lang='lat' dir='ltr'><strong>permanet,</strong></span> <span class='ocrx_word' id='word_1_351' title='bbox 3536 1947 3593 1994; x_wconf 93' lang='lat' dir='ltr'><strong>et</strong></span> 
     </span>
    </p>
   </div>
   <div class='ocr_carea' id='block_1_52' title="bbox 2005 2031 3591 2114">
    <p class='ocr_par' dir='ltr' id='par_1_52' title="bbox 2005 2031 3591 2114">
     <span class='ocr_line' id='line_1_52' title="bbox 2005 2031 3591 2114; baseline -0.008 -15"><span class='ocrx_word' id='word_1_352' title='bbox 2005 2045 2257 2100; x_wconf 82' lang='lat' dir='ltr'><strong>similiter</strong></span> <span class='ocrx_word' id='word_1_353' title='bbox 2281 2043 2544 2114; x_wconf 87' lang='lat' dir='ltr'><strong>loquitur,</strong></span> <span class='ocrx_word' id='word_1_354' title='bbox 2569 2050 2625 2098; x_wconf 92' lang='lat' dir='ltr'><strong>et</strong></span> <span class='ocrx_word' id='word_1_355' title='bbox 2645 2041 2794 2112; x_wconf 81' lang='lat' dir='ltr'><strong>agit;</strong></span> <span class='ocrx_word' id='word_1_356' title='bbox 2822 2039 2897 2095; x_wconf 93' lang='lat' dir='ltr'><strong>ita</strong></span> <span class='ocrx_word' id='word_1_357' title='bbox 2921 2039 3109 2103; x_wconf 88' lang='lat' dir='ltr'><strong>etiam,</strong></span> <span class='ocrx_word' id='word_1_358' title='bbox 3133 2035 3244 2090; x_wconf 90' lang='lat' dir='ltr'><strong>Deo</strong></span> <span class='ocrx_word' id='word_1_359' title='bbox 3269 2034 3498 2104; x_wconf 77' lang='lat' dir='ltr'><strong>iubente</strong></span> <span class='ocrx_word' id='word_1_360' title='bbox 3521 2031 3591 2086; x_wconf 93' lang='lat' dir='ltr'><strong>ob</strong></span> 
     </span>
    </p>
   </div>
   <div class='ocr_carea' id='block_1_53' title="bbox 2004 2123 3591 2192">
    <p class='ocr_par' dir='ltr' id='par_1_53' title="bbox 2004 2123 3591 2192">
     <span class='ocr_line' id='line_1_53' title="bbox 2004 2123 3591 2192; baseline -0.008 0"><span class='ocrx_word' id='word_1_361' title='bbox 2004 2139 2228 2192; x_wconf 86' lang='lat' dir='ltr'><strong>multam</strong></span> <span class='ocrx_word' id='word_1_362' title='bbox 2261 2137 2548 2192; x_wconf 86' lang='lat' dir='ltr'><strong>utilitatem</strong></span> <span class='ocrx_word' id='word_1_363' title='bbox 2581 2135 2638 2190; x_wconf 92' lang='lat' dir='ltr'><strong>in</strong></span> <span class='ocrx_word' id='word_1_364' title='bbox 2679 2135 2820 2189; x_wconf 85' lang='lat' dir='ltr'><strong>hanc</strong></span> <span class='ocrx_word' id='word_1_365' title='bbox 2853 2132 3022 2187; x_wconf 89' lang='lat' dir='ltr'><strong>vitam</strong></span> <span class='ocrx_word' id='word_1_366' title='bbox 3049 2129 3292 2184; x_wconf 78' lang='lat' dir='ltr'><strong>mittitur</strong></span> <span class='ocrx_word' id='word_1_367' title='bbox 3321 2141 3336 2178; x_wconf 91' lang='lat'><strong>:</strong></span> <span class='ocrx_word' id='word_1_368' title='bbox 3382 2123 3591 2182; x_wconf 87' lang='lat' dir='ltr'><strong>etenim</strong></span> 
     </span>
    </p>
   </div>
   <div class='ocr_carea' id='block_1_54' title="bbox 2004 2216 3592 2299">
    <p class='ocr_par' dir='ltr' id='par_1_54' title="bbox 2004 2216 3592 2299">
     <span class='ocr_line' id='line_1_54' title="bbox 2004 2216 3592 2299; baseline -0.009 -14"><span class='ocrx_word' id='word_1_369' title='bbox 2004 2246 2033 2285; x_wconf 91' lang='lat' dir='ltr'><strong>a</strong></span> <span class='ocrx_word' id='word_1_370' title='bbox 2063 2229 2243 2299; x_wconf 85' lang='lat' dir='ltr'><strong>seipsa</strong></span> <span class='ocrx_word' id='word_1_371' title='bbox 2283 2235 2490 2284; x_wconf 88' lang='lat' dir='ltr'><strong>motum</strong></span> <span class='ocrx_word' id='word_1_372' title='bbox 2523 2226 2823 2297; x_wconf 88' lang='lat' dir='ltr'><strong>accipiens,</strong></span> <span class='ocrx_word' id='word_1_373' title='bbox 2851 2234 2976 2280; x_wconf 89' lang='lat' dir='ltr'><strong>actu</strong></span> <span class='ocrx_word' id='word_1_374' title='bbox 3007 2235 3198 2278; x_wconf 83' lang='lat' dir='ltr'><strong>carere</strong></span> <span class='ocrx_word' id='word_1_375' title='bbox 3227 2219 3437 2288; x_wconf 88' lang='lat' dir='ltr'><strong>nequit.</strong></span> <span class='ocrx_word' id='word_1_376' title='bbox 3463 2216 3592 2272; x_wconf 64' lang='lat' dir='ltr'><strong>llaec</strong></span> 
     </span>
    </p>
   </div>
   <div class='ocr_carea' id='block_1_55' title="bbox 2003 2307 3583 2392">
    <p class='ocr_par' dir='ltr' id='par_1_55' title="bbox 2003 2307 3583 2392">
     <span class='ocr_line' id='line_1_55' title="bbox 2003 2307 3583 2392; baseline -0.01 -15"><span class='ocrx_word' id='word_1_377' title='bbox 2003 2321 2171 2392; x_wconf 87' lang='lat' dir='ltr'><strong>igitur</strong></span> <span class='ocrx_word' id='word_1_378' title='bbox 2211 2321 2378 2376; x_wconf 89' lang='lat' dir='ltr'><strong>etiam</strong></span> <span class='ocrx_word' id='word_1_379' title='bbox 2424 2332 2652 2390; x_wconf 80' lang='lat' dir='ltr'><strong>magnus</strong></span> <span class='ocrx_word' id='word_1_380' title='bbox 2697 2315 2928 2372; x_wconf 81' lang='lat' dir='ltr'><strong>Basilius</strong></span> <span class='ocrx_word' id='word_1_381' title='bbox 2965 2313 3050 2369; x_wconf 87' lang='lat' dir='ltr'><strong>his</strong></span> <span class='ocrx_word' id='word_1_382' title='bbox 3091 2310 3275 2368; x_wconf 81' lang='lat' dir='ltr'><strong>verbis</strong></span> <span class='ocrx_word' id='word_1_383' title='bbox 3300 2307 3532 2364; x_wconf 77' lang='lat' dir='ltr'><strong>aﬂlrmat</strong></span> <span class='ocrx_word' id='word_1_384' title='bbox 3569 2325 3583 2361; x_wconf 90' lang='lat'><strong>:</strong></span> 
     </span>
    </p>
   </div>
   <div class='ocr_carea' id='block_1_56' title="bbox 2005 2401 3592 2481">
    <p class='ocr_par' dir='ltr' id='par_1_56' title="bbox 2005 2401 3592 2481">
     <span class='ocr_line' id='line_1_56' title="bbox 2005 2401 3592 2481; baseline -0.008 -13"><span class='ocrx_word' id='word_1_385' title='bbox 2005 2412 2201 2468; x_wconf 85' lang='lat' dir='ltr'><strong>Procul</strong></span> <span class='ocrx_word' id='word_1_386' title='bbox 2231 2411 2422 2477; x_wconf 81' lang='lat' dir='ltr'><strong>dubio,</strong></span> <span class='ocrx_word' id='word_1_387' title='bbox 2453 2410 2597 2466; x_wconf 84' lang='lat' dir='ltr'><strong>sicut</strong></span> <span class='ocrx_word' id='word_1_388' title='bbox 2629 2408 2832 2481; x_wconf 88' lang='lat' dir='ltr'><strong>angeli,</strong></span> <span class='ocrx_word' id='word_1_389' title='bbox 2859 2405 3130 2477; x_wconf 87' lang='lat' dir='ltr'><strong>corporali</strong></span> <span class='ocrx_word' id='word_1_390' title='bbox 3163 2405 3341 2460; x_wconf 88' lang='lat' dir='ltr'><strong>soluta</strong></span> <span class='ocrx_word' id='word_1_391' title='bbox 3369 2401 3592 2458; x_wconf 88' lang='lat' dir='ltr'><strong>vinculo</strong></span> 
     </span>
    </p>
   </div>
   <div class='ocr_carea' id='block_1_57' title="bbox 2004 2497 3590 2573">
    <p class='ocr_par' dir='ltr' id='par_1_57' title="bbox 2004 2497 3590 2573">
     <span class='ocr_line' id='line_1_57' title="bbox 2004 2497 3590 2573; baseline -0.008 -13"><span class='ocrx_word' id='word_1_392' title='bbox 2004 2505 2188 2560; x_wconf 88' lang='lat' dir='ltr'><strong>anima</strong></span> <span class='ocrx_word' id='word_1_393' title='bbox 2220 2503 2485 2570; x_wconf 87' lang='lat' dir='ltr'><strong>ascendit,</strong></span> <span class='ocrx_word' id='word_1_394' title='bbox 2517 2511 2681 2573; x_wconf 89' lang='lat' dir='ltr'><strong>atque</strong></span> <span class='ocrx_word' id='word_1_395' title='bbox 2709 2499 3015 2561; x_wconf 81' lang='lat' dir='ltr'><strong>descendit.</strong></span> <span class='ocrx_word' id='word_1_396' title='bbox 3068 2506 3125 2554; x_wconf 91' lang='lat' dir='ltr'><strong>et</strong></span> <span class='ocrx_word' id='word_1_397' title='bbox 3169 2498 3242 2553; x_wconf 94' lang='lat' dir='ltr'><strong>ob</strong></span> <span class='ocrx_word' id='word_1_398' title='bbox 3287 2497 3590 2551; x_wconf 88' lang='lat' dir='ltr'><strong>multorum</strong></span> 
     </span>
    </p>
   </div>
   <div class='ocr_carea' id='block_1_58' title="bbox 2005 2587 3590 2663">
    <p class='ocr_par' dir='ltr' id='par_1_58' title="bbox 2005 2587 3590 2663">
     <span class='ocr_line' id='line_1_58' title="bbox 2005 2587 3590 2663; baseline -0.008 -11"><span class='ocrx_word' id='word_1_399' title='bbox 2005 2596 2271 2652; x_wconf 84' lang='lat' dir='ltr'><strong>utilitates</strong></span> <span class='ocrx_word' id='word_1_400' title='bbox 2301 2595 2580 2660; x_wconf 88' lang='lat' dir='ltr'><strong>mittitur;</strong></span> <span class='ocrx_word' id='word_1_401' title='bbox 2621 2608 2748 2650; x_wconf 88' lang='lat' dir='ltr'><strong>cum</strong></span> <span class='ocrx_word' id='word_1_402' title='bbox 2785 2607 2888 2647; x_wconf 89' lang='lat' dir='ltr'><strong>nos</strong></span> <span class='ocrx_word' id='word_1_403' title='bbox 2936 2591 3182 2663; x_wconf 86' lang='lat' dir='ltr'><strong>ipsarum</strong></span> <span class='ocrx_word' id='word_1_404' title='bbox 3224 2587 3590 2660; x_wconf 88' lang='lat' dir='ltr'><strong>patrocinium</strong></span> 
     </span>
    </p>
   </div>
   <div class='ocr_carea' id='block_1_59' title="bbox 2001 2681 3592 2758">
    <p class='ocr_par' dir='ltr' id='par_1_59' title="bbox 2001 2681 3592 2758">
     <span class='ocr_line' id='line_1_59' title="bbox 2001 2681 3592 2758; baseline -0.007 -14"><span class='ocrx_word' id='word_1_405' title='bbox 2001 2698 2058 2744; x_wconf 90' lang='lat' dir='ltr'><strong>et</strong></span> <span class='ocrx_word' id='word_1_406' title='bbox 2085 2688 2480 2758; x_wconf 87' lang='lat' dir='ltr'><strong>protectionem</strong></span> <span class='ocrx_word' id='word_1_407' title='bbox 2507 2685 2894 2756; x_wconf 88' lang='lat' dir='ltr'><strong>deprecamur,</strong></span> <span class='ocrx_word' id='word_1_408' title='bbox 2919 2682 3212 2753; x_wconf 87' lang='lat' dir='ltr'><strong>aliquando</strong></span> <span class='ocrx_word' id='word_1_409' title='bbox 3237 2681 3371 2750; x_wconf 72' lang='lat' dir='ltr'><strong>ipsa:</strong></span> <span class='ocrx_word' id='word_1_410' title='bbox 3395 2686 3592 2749; x_wconf 89' lang='lat' dir='ltr'><strong>sponte</strong></span> 
     </span>
    </p>
   </div>
   <div class='ocr_carea' id='block_1_60' title="bbox 2001 2768 3591 2846">
    <p class='ocr_par' dir='ltr' id='par_1_60' title="bbox 2001 2768 3591 2846">
     <span class='ocr_line' id='line_1_60' title="bbox 2001 2768 3591 2846; baseline -0.008 -11"><span class='ocrx_word' id='word_1_411' title='bbox 2001 2780 2164 2836; x_wconf 91' lang='lat' dir='ltr'><strong>nobis</strong></span> <span class='ocrx_word' id='word_1_412' title='bbox 2213 2778 2567 2843; x_wconf 80' lang='lat' dir='ltr'><strong>auxiliantur,</strong></span> <span class='ocrx_word' id='word_1_413' title='bbox 2611 2776 2910 2846; x_wconf 82' lang='lat' dir='ltr'><strong>aliquando</strong></span> <span class='ocrx_word' id='word_1_414' title='bbox 2958 2775 3200 2846; x_wconf 91' lang='lat' dir='ltr'><strong>ipsarum</strong></span> <span class='ocrx_word' id='word_1_415' title='bbox 3249 2771 3374 2826; x_wconf 89' lang='lat' dir='ltr'><strong>loco</strong></span> <span class='ocrx_word' id='word_1_416' title='bbox 3418 2768 3591 2825; x_wconf 80' lang='lat' dir='ltr'><strong>divini</strong></span> 
     </span>
    </p>
   </div>
   <div class='ocr_carea' id='block_1_61' title="bbox 2004 2861 3592 2942">
    <p class='ocr_par' dir='ltr' id='par_1_61' title="bbox 2004 2861 3592 2942">
     <span class='ocr_line' id='line_1_61' title="bbox 2004 2861 3592 2942; baseline -0.008 -16"><span class='ocrx_word' id='word_1_417' title='bbox 2004 2872 2296 2926; x_wconf 90' lang='lat' dir='ltr'><strong>mittuntur</strong></span> <span class='ocrx_word' id='word_1_418' title='bbox 2332 2868 2534 2942; x_wconf 89' lang='lat' dir='ltr'><strong>angeli,</strong></span> <span class='ocrx_word' id='word_1_419' title='bbox 2579 2867 2873 2937; x_wconf 81' lang='lat' dir='ltr'><strong>aliquando</strong></span> <span class='ocrx_word' id='word_1_420' title='bbox 2901 2866 3069 2922; x_wconf 89' lang='lat' dir='ltr'><strong>etiam</strong></span> <span class='ocrx_word' id='word_1_421' title='bbox 3121 2863 3300 2920; x_wconf 81' lang='lat' dir='ltr'><strong>sancti</strong></span> <span class='ocrx_word' id='word_1_422' title='bbox 3349 2861 3592 2933; x_wconf 83' lang='lat' dir='ltr'><strong>Spiritus</strong></span> 
     </span>
    </p>
   </div>
   <div class='ocr_carea' id='block_1_62' title="bbox 2008 2953 3593 3036">
    <p class='ocr_par' dir='ltr' id='par_1_62' title="bbox 2008 2953 3593 3036">
     <span class='ocr_line' id='line_1_62' title="bbox 2008 2953 3593 3036; baseline -0.006 -19"><span class='ocrx_word' id='word_1_423' title='bbox 2008 2963 2205 3036; x_wconf 86' lang='lat' dir='ltr'><strong>gratia,</strong></span> <span class='ocrx_word' id='word_1_424' title='bbox 2229 2972 2291 3018; x_wconf 94' lang='lat' dir='ltr'><strong>ut</strong></span> <span class='ocrx_word' id='word_1_425' title='bbox 2337 2962 2439 3023; x_wconf 87' lang='lat' dir='ltr'><strong>illi.</strong></span> <span class='ocrx_word' id='word_1_426' title='bbox 2474 2961 2803 3018; x_wconf 88' lang='lat' dir='ltr'><strong>mirabiliter</strong></span> <span class='ocrx_word' id='word_1_427' title='bbox 2840 2965 3108 3030; x_wconf 87' lang='lat' dir='ltr'><strong>apparet,</strong></span> <span class='ocrx_word' id='word_1_428' title='bbox 3144 2955 3412 3026; x_wconf 87' lang='lat' dir='ltr'><strong>siquidem</strong></span> <span class='ocrx_word' id='word_1_429' title='bbox 3473 2953 3593 3008; x_wconf 85' lang='lat' dir='ltr'><strong>sive</strong></span> 
     </span>
    </p>
   </div>
   <div class='ocr_carea' id='block_1_63' title="bbox 2011 3044 3594 3123">
    <p class='ocr_par' dir='ltr' id='par_1_63' title="bbox 2011 3044 3594 3123">
     <span class='ocr_line' id='line_1_63' title="bbox 2011 3044 3594 3123; baseline -0.007 -15"><span class='ocrx_word' id='word_1_430' title='bbox 2011 3053 2218 3117; x_wconf 85' lang='lat' dir='ltr'><strong>sancti,</strong></span> <span class='ocrx_word' id='word_1_431' title='bbox 2257 3053 2373 3109; x_wconf 88' lang='lat' dir='ltr'><strong>sive</strong></span> <span class='ocrx_word' id='word_1_432' title='bbox 2411 3051 2612 3123; x_wconf 73' lang='lat' dir='ltr'><strong>angeli,</strong></span> <span class='ocrx_word' id='word_1_433' title='bbox 2644 3060 2834 3121; x_wconf 89' lang='lat' dir='ltr'><strong>utpote</strong></span> <span class='ocrx_word' id='word_1_434' title='bbox 2883 3047 2990 3120; x_wconf 89' lang='lat' dir='ltr'><strong>ipsi</strong></span> <span class='ocrx_word' id='word_1_435' title='bbox 3017 3048 3204 3104; x_wconf 85' lang='lat' dir='ltr'><strong>cuncti</strong></span> <span class='ocrx_word' id='word_1_436' title='bbox 3237 3044 3594 3102; x_wconf 78' lang='lat' dir='ltr'><strong>circumscri-</strong></span> 
     </span>
    </p>
   </div>
   <div class='ocr_carea' id='block_1_64' title="bbox 2012 3137 3591 3215">
    <p class='ocr_par' dir='ltr' id='par_1_64' title="bbox 2012 3137 3591 3215">
     <span class='ocr_line' id='line_1_64' title="bbox 2012 3137 3591 3215; baseline -0.006 -17"><span class='ocrx_word' id='word_1_437' title='bbox 2012 3143 2089 3214; x_wconf 91' lang='lat' dir='ltr'><strong>pti</strong></span> <span class='ocrx_word' id='word_1_438' title='bbox 2119 3159 2224 3200; x_wconf 88' lang='lat' dir='ltr'><strong>una</strong></span> <span class='ocrx_word' id='word_1_439' title='bbox 2257 3144 2558 3215; x_wconf 86' lang='lat' dir='ltr'><strong>eademque</strong></span> <span class='ocrx_word' id='word_1_440' title='bbox 2607 3143 2760 3198; x_wconf 87' lang='lat' dir='ltr'><strong>hora-</strong></span> <span class='ocrx_word' id='word_1_441' title='bbox 2797 3141 2964 3196; x_wconf 85' lang='lat' dir='ltr'><strong>variis</strong></span> <span class='ocrx_word' id='word_1_442' title='bbox 3010 3139 3064 3194; x_wconf 89' lang='lat' dir='ltr'><strong>in</strong></span> <span class='ocrx_word' id='word_1_443' title='bbox 3097 3137 3230 3194; x_wconf 91' lang='lat' dir='ltr'><strong>locis</strong></span> <span class='ocrx_word' id='word_1_444' title='bbox 3271 3143 3591 3192; x_wconf 87' lang='lat' dir='ltr'><strong>occurrunt.</strong></span> 
     </span>
    </p>
   </div>
   <div class='ocr_carea' id='block_1_65' title="bbox 311 3228 3596 3311">
    <p class='ocr_par' dir='ltr' id='par_1_65' title="bbox 311 3228 3596 3311">
     <span class='ocr_line' id='line_1_65' title="bbox 311 3228 3596 3311; baseline -0.003 -18"><span class='ocrx_word' id='word_1_445' title='bbox 311 3238 408 3294; x_wconf 73' lang='grc' dir='ltr'><em>ἅτε</em></span> <span class='ocrx_word' id='word_1_446' title='bbox 436 3238 502 3309; x_wconf 79' lang='grc' dir='ltr'><em>δὴ</em></span> <span class='ocrx_word' id='word_1_447' title='bbox 533 3237 610 3308; x_wconf 81' lang='grc' dir='ltr'><strong>μή</strong></span> <span class='ocrx_word' id='word_1_448' title='bbox 639 3235 957 3306; x_wconf 84' lang='grc' dir='ltr'><em>δυναμένων</em></span> <span class='ocrx_word' id='word_1_449' title='bbox 985 3235 1096 3287; x_wconf 87' lang='grc' dir='ltr'><em>εῑτε</em></span> <span class='ocrx_word' id='word_1_450' title='bbox 1123 3231 1234 3286; x_wconf 85' lang='grc' dir='ltr'><strong>τῶν</strong></span> <span class='ocrx_word' id='word_1_451' title='bbox 1263 3232 1438 3300; x_wconf 85' lang='grc' dir='ltr'><em>ἁγίων</em></span> <span class='ocrx_word' id='word_1_452' title='bbox 1466 3270 1481 3297; x_wconf 86' lang='grc'><strong><em>,</em></strong></span> <span class='ocrx_word' id='word_1_453' title='bbox 1532 3229 1645 3283; x_wconf 85' lang='grc' dir='ltr'><em>είτε</em></span> <span class='ocrx_word' id='word_1_454' title='bbox 1704 3229 1816 3283; x_wconf 85' lang='grc' dir='ltr'><strong>τῶν</strong></span> <span class='ocrx_word' id='word_1_455' title='bbox 1847 3232 2100 3304; x_wconf 82' lang='grc' dir='ltr'><em>ἀγγέλων</em></span> <span class='ocrx_word' id='word_1_456' title='bbox 2119 3279 2135 3304; x_wconf 88' lang='grc'><strong><em>,</em></strong></span> <span class='ocrx_word' id='word_1_457' title='bbox 2171 3228 2540 3311; x_wconf 81' lang='grc' dir='ltr'><em>περιγραπτοι</em></span> <span class='ocrx_word' id='word_1_458' title='bbox 2578 3237 2677 3309; x_wconf 69' lang='grc' dir='ltr'><em>μιν</em></span> <span class='ocrx_word' id='word_1_459' title='bbox 2713 3236 2824 3308; x_wconf 85' lang='grc' dir='ltr'><strong>γὰρ</strong></span> <span class='ocrx_word' id='word_1_460' title='bbox 2858 3228 3006 3290; x_wconf 80' lang='grc' dir='ltr'><em>οῦτοι</em></span> <span class='ocrx_word' id='word_1_461' title='bbox 3052 3236 3255 3296; x_wconf 80' lang='grc' dir='ltr'><em>πάντες</em></span> <span class='ocrx_word' id='word_1_462' title='bbox 3311 3231 3596 3302; x_wconf 78' lang='grc' dir='ltr'><em>ὑπάρχου-</em></span> 
     </span>
    </p>
   </div>
   <div class='ocr_carea' id='block_1_66' title="bbox 314 3323 2456 3404">
    <p class='ocr_par' dir='ltr' id='par_1_66' title="bbox 314 3323 2456 3404">
     <span class='ocr_line' id='line_1_66' title="bbox 314 3323 2456 3404; baseline 0.006 -26"><span class='ocrx_word' id='word_1_463' title='bbox 314 3348 431 3394; x_wconf 73' lang='grc' dir='ltr'><em>σιν,</em></span> <span class='ocrx_word' id='word_1_464' title='bbox 469 3333 529 3385; x_wconf 70' lang='grc' dir='ltr'><strong>ὲν</strong></span> <span class='ocrx_word' id='word_1_465' title='bbox 577 3329 679 3402; x_wconf 76' lang='grc' dir='ltr'><em>μιᾷ</em></span> <span class='ocrx_word' id='word_1_466' title='bbox 722 3328 821 3382; x_wconf 76' lang='grc' dir='ltr'><em>καὶ</em></span> <span class='ocrx_word' id='word_1_467' title='bbox 863 3331 932 3400; x_wconf 78' lang='grc' dir='ltr'><em>τῇ</em></span> <span class='ocrx_word' id='word_1_468' title='bbox 965 3327 1102 3397; x_wconf 79' lang='grc' dir='ltr'><em>αὐτῇ</em></span> <span class='ocrx_word' id='word_1_469' title='bbox 1153 3324 1275 3397; x_wconf 80' lang='grc' dir='ltr'><strong>ὥρᾳ</strong></span> <span class='ocrx_word' id='word_1_470' title='bbox 1321 3323 1466 3378; x_wconf 80' lang='grc' dir='ltr'><em>κατὰ</em></span> <span class='ocrx_word' id='word_1_471' title='bbox 1515 3323 1812 3394; x_wconf 78' lang='grc' dir='ltr'><em>διαφόρους</em></span> <span class='ocrx_word' id='word_1_472' title='bbox 1841 3325 2040 3393; x_wconf 84' lang='grc' dir='ltr'><em>τόπους</em></span> <span class='ocrx_word' id='word_1_473' title='bbox 2074 3331 2456 3404; x_wconf 84' lang='grc' dir='ltr'><em>εὑρίσκεσθαι.</em></span> 
     </span>
    </p>
   </div>
   <div class='ocr_carea' id='block_1_67' title="bbox 384 3419 1902 3504">
    <p class='ocr_par' dir='ltr' id='par_1_67' title="bbox 384 3419 1889 3500">
     <span class='ocr_line' id='line_1_67' title="bbox 384 3419 1889 3500; baseline -0.007 -16"><span class='ocrx_word' id='word_1_474' title='bbox 384 3430 630 3500; x_wconf 82' lang='grc' dir='ltr'><strong>β’.”Αφες</strong></span> <span class='ocrx_word' id='word_1_475' title='bbox 659 3421 773 3490; x_wconf 80' lang='grc' dir='ltr'><em>οῦν,</em></span> <span class='ocrx_word' id='word_1_476' title='bbox 802 3426 852 3480; x_wconf 87' lang='grc' dir='ltr'><strong>εί</strong></span> <span class='ocrx_word' id='word_1_477' title='bbox 881 3425 1085 3495; x_wconf 80' lang='grc' dir='ltr'><strong>βούλει,</strong></span> <span class='ocrx_word' id='word_1_478' title='bbox 1113 3423 1205 3475; x_wconf 80' lang='grc' dir='ltr'><em>τὸν</em></span> <span class='ocrx_word' id='word_1_479' title='bbox 1235 3422 1408 3491; x_wconf 87' lang='grc' dir='ltr'><em>μέγαν</em></span> <span class='ocrx_word' id='word_1_480' title='bbox 1423 3419 1743 3475; x_wconf 78' lang='grc' dir='ltr'><em>Ἀθανάσιον</em></span> <span class='ocrx_word' id='word_1_481' title='bbox 1764 3436 1780 3453; x_wconf 89' lang='grc'><strong>·</strong></span> <span class='ocrx_word' id='word_1_482' title='bbox 1813 3422 1889 3493; x_wconf 83' lang='grc' dir='ltr'><em>μὴ</em></span> 
     </span>
    </p>
   </div>
   <div class='ocr_carea' id='block_1_68' title="bbox 2009 3419 3593 3504">
    <p class='ocr_par' dir='ltr' id='par_1_68' title="bbox 2068 3422 3593 3504">
     <span class='ocr_line' id='line_1_68' title="bbox 2068 3422 3593 3504; baseline -0.005 -22"><span class='ocrx_word' id='word_1_483' title='bbox 2068 3429 2124 3485; x_wconf 79' lang='lat'><strong>2.</strong></span> <span class='ocrx_word' id='word_1_484' title='bbox 2155 3430 2524 3488; x_wconf 64' lang='lat' dir='ltr'><strong>Pretermitte</strong></span> <span class='ocrx_word' id='word_1_485' title='bbox 2563 3447 2718 3504; x_wconf 88' lang='lat' dir='ltr'><strong>ergo,</strong></span> <span class='ocrx_word' id='word_1_486' title='bbox 2755 3431 2803 3486; x_wconf 92' lang='lat' dir='ltr'><strong>si</strong></span> <span class='ocrx_word' id='word_1_487' title='bbox 2827 3430 3026 3502; x_wconf 89' lang='lat' dir='ltr'><strong>placet,</strong></span> <span class='ocrx_word' id='word_1_488' title='bbox 3056 3440 3320 3500; x_wconf 86' lang='lat' dir='ltr'><strong>magnum</strong></span> <span class='ocrx_word' id='word_1_489' title='bbox 3348 3422 3593 3480; x_wconf 83' lang='lat' dir='ltr'><strong>Athana-</strong></span> 
     </span>
    </p>
   </div>
   <div class='ocr_carea' id='block_1_69' title="bbox 315 3513 1898 3591">
    <p class='ocr_par' dir='ltr' id='par_1_69' title="bbox 315 3513 1898 3591">
     <span class='ocr_line' id='line_1_69' title="bbox 315 3513 1898 3591; baseline -0.003 -18"><span class='ocrx_word' id='word_1_490' title='bbox 315 3523 452 3591; x_wconf 69' lang='grc' dir='ltr'><em>πρὸς</em></span> <span class='ocrx_word' id='word_1_491' title='bbox 498 3519 656 3590; x_wconf 75' lang='grc' dir='ltr'><em>ὕϐριν</em></span> <span class='ocrx_word' id='word_1_492' title='bbox 701 3517 904 3590; x_wconf 75' lang='grc' dir='ltr'><em>ἑτέρων</em></span> <span class='ocrx_word' id='word_1_493' title='bbox 944 3516 1013 3570; x_wconf 76' lang='grc' dir='ltr'><em>τὰ</em></span> <span class='ocrx_word' id='word_1_494' title='bbox 1053 3515 1262 3569; x_wconf 80' lang='grc' dir='ltr'><em>ἐκείνου</em></span> <span class='ocrx_word' id='word_1_495' title='bbox 1302 3513 1612 3585; x_wconf 81' lang='grc' dir='ltr'><em>παρείσαγε</em></span> <span class='ocrx_word' id='word_1_496' title='bbox 1636 3528 1652 3546; x_wconf 80' lang='grc' dir='ltr'><strong><em>ο</em></strong></span> <span class='ocrx_word' id='word_1_497' title='bbox 1698 3514 1747 3568; x_wconf 86' lang='grc' dir='ltr'><strong>εί</strong></span> <span class='ocrx_word' id='word_1_498' title='bbox 1787 3514 1898 3585; x_wconf 83' lang='grc' dir='ltr'><strong>γὰρ</strong></span> 
     </span>
    </p>
   </div>
   <div class='ocr_carea' id='block_1_70' title="bbox 317 3604 1900 3680">
    <p class='ocr_par' dir='ltr' id='par_1_70' title="bbox 317 3604 1900 3680">
     <span class='ocr_line' id='line_1_70' title="bbox 317 3604 1900 3680; baseline -0.002 -18"><span class='ocrx_word' id='word_1_499' title='bbox 317 3613 417 3664; x_wconf 73' lang='grc' dir='ltr'><em>καὶ</em></span> <span class='ocrx_word' id='word_1_500' title='bbox 447 3613 584 3680; x_wconf 77' lang='grc' dir='ltr'><em>πρὸς</em></span> <span class='ocrx_word' id='word_1_501' title='bbox 621 3611 894 3679; x_wconf 80' lang='grc' dir='ltr'><em>Ἀντίοχον</em></span> <span class='ocrx_word' id='word_1_502' title='bbox 922 3610 951 3663; x_wconf 89' lang='lat'><strong>6</strong></span> <span class='ocrx_word' id='word_1_503' title='bbox 983 3607 1126 3670; x_wconf 83' lang='grc' dir='ltr'><em>θεῖος</em></span> <span class='ocrx_word' id='word_1_504' title='bbox 1157 3606 1314 3670; x_wconf 83' lang='grc' dir='ltr'><em>οὗτος</em></span> <span class='ocrx_word' id='word_1_505' title='bbox 1350 3605 1490 3678; x_wconf 78' lang='grc' dir='ltr'><em>ἀνὴρ</em></span> <span class='ocrx_word' id='word_1_506' title='bbox 1519 3604 1750 3660; x_wconf 86' lang='grc' dir='ltr'><em>τοιαῦτά</em></span> <span class='ocrx_word' id='word_1_507' title='bbox 1777 3623 1900 3660; x_wconf 86' lang='grc' dir='ltr'><em>τινα</em></span> 
     </span>
    </p>
   </div>
   <div class='ocr_carea' id='block_1_71' title="bbox 319 3701 1900 3772">
    <p class='ocr_par' dir='ltr' id='par_1_71' title="bbox 319 3701 1900 3772">
     <span class='ocr_line' id='line_1_71' title="bbox 319 3701 1900 3772; baseline 0 -17"><span class='ocrx_word' id='word_1_508' title='bbox 319 3703 483 3770; x_wconf 75' lang='grc' dir='ltr'><em>δῆθεν</em></span> <span class='ocrx_word' id='word_1_509' title='bbox 522 3703 841 3771; x_wconf 72' lang='grc' dir='ltr'><em>εὑρίσκεται</em></span> <span class='ocrx_word' id='word_1_510' title='bbox 879 3703 1131 3772; x_wconf 80' lang='grc' dir='ltr'><strong>γράφων,</strong></span> <span class='ocrx_word' id='word_1_511' title='bbox 1173 3702 1290 3756; x_wconf 80' lang='grc' dir='ltr'><em>ἀλλ’</em></span> <span class='ocrx_word' id='word_1_512' title='bbox 1312 3703 1415 3756; x_wconf 81' lang='grc' dir='ltr'><em>οὐκ</em></span> <span class='ocrx_word' id='word_1_513' title='bbox 1460 3702 1552 3755; x_wconf 76' lang='grc' dir='ltr'><strong>ἐπὶ</strong></span> <span class='ocrx_word' id='word_1_514' title='bbox 1591 3701 1774 3772; x_wconf 83' lang='grc' dir='ltr'><em>τούτῳ</em></span> <span class='ocrx_word' id='word_1_515' title='bbox 1811 3718 1900 3755; x_wconf 83' lang='grc' dir='ltr'><em>τε·-</em></span> 
     </span>
    </p>
   </div>
   <div class='ocr_carea' id='block_1_72' title="bbox 320 3793 1900 3868">
    <p class='ocr_par' dir='ltr' id='par_1_72' title="bbox 320 3793 1900 3868">
     <span class='ocr_line' id='line_1_72' title="bbox 320 3793 1900 3868; baseline -0.003 -18"><span class='ocrx_word' id='word_1_516' title='bbox 320 3795 658 3868; x_wconf 79' lang='grc' dir='ltr'><em>θαῤῥηκέναι</em></span> <span class='ocrx_word' id='word_1_517' title='bbox 703 3811 764 3847; x_wconf 91' lang='grc' dir='ltr'><strong>σε</strong></span> <span class='ocrx_word' id='word_1_518' title='bbox 814 3794 942 3863; x_wconf 80' lang='grc' dir='ltr'><strong>χρὴ,</strong></span> <span class='ocrx_word' id='word_1_519' title='bbox 993 3793 1290 3848; x_wconf 82' lang='grc' dir='ltr'><em>κάντεῦθεν</em></span> <span class='ocrx_word' id='word_1_520' title='bbox 1331 3795 1460 3858; x_wconf 81' lang='grc' dir='ltr'><em>τοὺς</em></span> <span class='ocrx_word' id='word_1_521' title='bbox 1501 3794 1900 3865; x_wconf 79' lang='grc' dir='ltr'><em>διαληφθέντας</em></span> 
     </span>
    </p>
   </div>
   <div class='ocr_carea' id='block_1_73' title="bbox 318 3883 1901 3955">
    <p class='ocr_par' dir='ltr' id='par_1_73' title="bbox 318 3883 1901 3955">
     <span class='ocr_line' id='line_1_73' title="bbox 318 3883 1901 3955; baseline -0.003 -14"><span class='ocrx_word' id='word_1_522' title='bbox 318 3889 526 3942; x_wconf 81' lang='grc' dir='ltr'><em>ἀνωθεν</em></span> <span class='ocrx_word' id='word_1_523' title='bbox 556 3885 738 3950; x_wconf 82' lang='grc' dir='ltr'><em>ὁσίους</em></span> <span class='ocrx_word' id='word_1_524' title='bbox 772 3885 973 3955; x_wconf 75' lang='grc' dir='ltr'><em>ἄνδρας</em></span> <span class='ocrx_word' id='word_1_525' title='bbox 1011 3883 1340 3954; x_wconf 81' lang='grc' dir='ltr'><em>κακολογεῖν</em></span> <span class='ocrx_word' id='word_1_526' title='bbox 1366 3899 1380 3915; x_wconf 86' lang='grc'><strong>·</strong></span> <span class='ocrx_word' id='word_1_527' title='bbox 1414 3885 1556 3954; x_wconf 78' lang='grc' dir='ltr'><em>τάχα</em></span> <span class='ocrx_word' id='word_1_528' title='bbox 1592 3884 1701 3954; x_wconf 90' lang='grc' dir='ltr'><strong>γάρ</strong></span> <span class='ocrx_word' id='word_1_529' title='bbox 1737 3885 1901 3954; x_wconf 81' lang='grc' dir='ltr'><em>ἠγνό-</em></span> 
     </span>
    </p>
   </div>
   <div class='ocr_carea' id='block_1_74' title="bbox 319 3976 1899 4050">
    <p class='ocr_par' dir='ltr' id='par_1_74' title="bbox 319 3976 1899 4050">
     <span class='ocr_line' id='line_1_74' title="bbox 319 3976 1899 4050; baseline -0.003 -17"><span class='ocrx_word' id='word_1_530' title='bbox 319 3996 463 4050; x_wconf 75' lang='grc' dir='ltr'><em>ηκας</em></span> <span class='ocrx_word' id='word_1_531' title='bbox 482 4017 498 4043; x_wconf 84' lang='grc'><strong><em>,</em></strong></span> <span class='ocrx_word' id='word_1_532' title='bbox 529 3979 612 4033; x_wconf 78' lang='grc' dir='ltr'><em>ὅτι</em></span> <span class='ocrx_word' id='word_1_533' title='bbox 640 3979 708 4031; x_wconf 84' lang='grc' dir='ltr'><em>τὰ</em></span> <span class='ocrx_word' id='word_1_534' title='bbox 737 3977 908 4031; x_wconf 86' lang='grc' dir='ltr'><em>πλείω</em></span> <span class='ocrx_word' id='word_1_535' title='bbox 936 3976 1045 4032; x_wconf 83' lang='grc' dir='ltr'><strong>τῶν</strong></span> <span class='ocrx_word' id='word_1_536' title='bbox 1077 3976 1214 4048; x_wconf 82' lang='grc' dir='ltr'><em>πρὸς</em></span> <span class='ocrx_word' id='word_1_537' title='bbox 1249 3977 1524 4046; x_wconf 81' lang='grc' dir='ltr'><em>Ἀντίοχον</em></span> <span class='ocrx_word' id='word_1_538' title='bbox 1554 3977 1863 4030; x_wconf 86' lang='grc' dir='ltr'><em>νενόθευται</em></span> <span class='ocrx_word' id='word_1_539' title='bbox 1883 4016 1899 4043; x_wconf 84' lang='grc'><em>,</em></span> 
     </span>
    </p>
   </div>
   <div class='ocr_carea' id='block_1_75' title="bbox 321 4069 1900 4152">
    <p class='ocr_par' dir='ltr' id='par_1_75' title="bbox 321 4069 1900 4152">
     <span class='ocr_line' id='line_1_75' title="bbox 321 4069 1900 4152; baseline -0.004 -24"><span class='ocrx_word' id='word_1_540' title='bbox 321 4076 416 4128; x_wconf 84' lang='grc' dir='ltr'><em>καὶ</em></span> <span class='ocrx_word' id='word_1_541' title='bbox 448 4074 530 4127; x_wconf 83' lang='grc' dir='ltr'><em>ὅτι</em></span> <span class='ocrx_word' id='word_1_542' title='bbox 561 4071 639 4143; x_wconf 87' lang='grc' dir='ltr'><em>τῷ</em></span> <span class='ocrx_word' id='word_1_543' title='bbox 669 4070 899 4140; x_wconf 85' lang='grc' dir='ltr'><em>καθαρῷ</em></span> <span class='ocrx_word' id='word_1_544' title='bbox 933 4071 1065 4138; x_wconf 88' lang='grc' dir='ltr'><em>σίτῳ</em></span> <span class='ocrx_word' id='word_1_545' title='bbox 1099 4069 1193 4124; x_wconf 77' lang='grc' dir='ltr'><em>καὶ</em></span> <span class='ocrx_word' id='word_1_546' title='bbox 1227 4069 1466 4152; x_wconf 72' lang='grc' dir='ltr'><em>ῥυπὼδη</em></span> <span class='ocrx_word' id='word_1_547' title='bbox 1484 4069 1610 4122; x_wconf 74' lang='grc' dir='ltr'><em>τινὰ</em></span> <span class='ocrx_word' id='word_1_548' title='bbox 1642 4069 1900 4141; x_wconf 76' lang='grc' dir='ltr'><em>παραμέο</em></span> 
     </span>
    </p>
   </div>
   <div class='ocr_carea' id='block_1_76' title="bbox 323 4161 1902 4236">
    <p class='ocr_par' dir='ltr' id='par_1_76' title="bbox 323 4161 1902 4236">
     <span class='ocr_line' id='line_1_76' title="bbox 323 4161 1902 4236; baseline -0.003 -17"><span class='ocrx_word' id='word_1_549' title='bbox 323 4183 536 4236; x_wconf 88' lang='grc' dir='ltr'><em>μικται.</em></span> <span class='ocrx_word' id='word_1_550' title='bbox 573 4165 722 4229; x_wconf 77' lang='grc' dir='ltr'><strong>Καὶ,</strong></span> <span class='ocrx_word' id='word_1_551' title='bbox 755 4163 805 4216; x_wconf 87' lang='grc' dir='ltr'><strong>εί</strong></span> <span class='ocrx_word' id='word_1_552' title='bbox 839 4161 1058 4232; x_wconf 85' lang='grc' dir='ltr'><em>βούλει,</em></span> <span class='ocrx_word' id='word_1_553' title='bbox 1089 4162 1369 4232; x_wconf 79' lang='grc' dir='ltr'><em>ἀνάγνωθι</em></span> <span class='ocrx_word' id='word_1_554' title='bbox 1403 4163 1472 4214; x_wconf 83' lang='grc' dir='ltr'><em>τὰ</em></span> <span class='ocrx_word' id='word_1_555' title='bbox 1505 4161 1811 4232; x_wconf 76' lang='grc' dir='ltr'><em>κεφάλαια,</em></span> <span class='ocrx_word' id='word_1_556' title='bbox 1843 4164 1902 4216; x_wconf 68' lang='grc' dir='ltr'><strong>ἐν</strong></span> 
     </span>
    </p>
   </div>
   <div class='ocr_carea' id='block_1_77' title="bbox 321 4255 1901 4330">
    <p class='ocr_par' dir='ltr' id='par_1_77' title="bbox 321 4255 1901 4330">
     <span class='ocr_line' id='line_1_77' title="bbox 321 4255 1901 4330; baseline -0.002 -18"><span class='ocrx_word' id='word_1_557' title='bbox 321 4255 402 4324; x_wconf 81' lang='grc' dir='ltr'><em>οἷς</em></span> <span class='ocrx_word' id='word_1_558' title='bbox 440 4260 570 4330; x_wconf 79' lang='grc' dir='ltr'><em>περὶ</em></span> <span class='ocrx_word' id='word_1_559' title='bbox 605 4256 791 4312; x_wconf 86' lang='grc' dir='ltr'><em>κοινοῦ</em></span> <span class='ocrx_word' id='word_1_560' title='bbox 826 4258 1071 4311; x_wconf 86' lang='grc' dir='ltr'><em>διδάσκει</em></span> <span class='ocrx_word' id='word_1_561' title='bbox 1103 4257 1214 4312; x_wconf 86' lang='grc' dir='ltr'><strong>τῶν</strong></span> <span class='ocrx_word' id='word_1_562' title='bbox 1247 4256 1559 4326; x_wconf 84' lang='grc' dir='ltr'><em>ἀνθρώπων</em></span> <span class='ocrx_word' id='word_1_563' title='bbox 1591 4257 1901 4326; x_wconf 81' lang='grc' dir='ltr'><em>ἀναγνωρι-</em></span> 
     </span>
    </p>
   </div>
   <div class='ocr_carea' id='block_1_78' title="bbox 323 4348 1900 4421">
    <p class='ocr_par' dir='ltr' id='par_1_78' title="bbox 323 4348 1900 4421">
     <span class='ocr_line' id='line_1_78' title="bbox 323 4348 1900 4421; baseline -0.002 -17"><span class='ocrx_word' id='word_1_564' title='bbox 323 4352 466 4420; x_wconf 88' lang='grc' dir='ltr'><em>σμοῦ</em></span> <span class='ocrx_word' id='word_1_565' title='bbox 492 4391 509 4416; x_wconf 84' lang='grc'><em>,</em></span> <span class='ocrx_word' id='word_1_566' title='bbox 555 4351 651 4406; x_wconf 81' lang='grc' dir='ltr'><em>καὶ</em></span> <span class='ocrx_word' id='word_1_567' title='bbox 693 4351 882 4421; x_wconf 74' lang='grc' dir='ltr'><em>γνοίης</em></span> <span class='ocrx_word' id='word_1_568' title='bbox 930 4349 998 4404; x_wconf 76' lang='grc' dir='ltr'><strong>ἂν</strong></span> <span class='ocrx_word' id='word_1_569' title='bbox 1042 4349 1294 4403; x_wconf 72' lang='grc' dir='ltr'><em>ἐντεῦθεν</em></span> <span class='ocrx_word' id='word_1_570' title='bbox 1339 4348 1582 4420; x_wconf 82' lang='grc' dir='ltr'><em>εὐχερῶς</em></span> <span class='ocrx_word' id='word_1_571' title='bbox 1622 4350 1721 4420; x_wconf 80' lang='grc' dir='ltr'><strong>τὴν</strong></span> <span class='ocrx_word' id='word_1_572' title='bbox 1765 4351 1900 4420; x_wconf 73' lang='grc' dir='ltr'><em>ἀλήο</em></span> 
     </span>
    </p>
   </div>
   <div class='ocr_carea' id='block_1_79' title="bbox 324 4421 1902 4514">
    <p class='ocr_par' dir='ltr' id='par_1_79' title="bbox 324 4421 1902 4514">
     <span class='ocr_line' id='line_1_79' title="bbox 324 4421 1902 4514; baseline -0.001 -18"><span class='ocrx_word' id='word_1_573' title='bbox 324 4445 478 4498; x_wconf 84' lang='grc' dir='ltr'><em>θειαν</em></span> <span class='ocrx_word' id='word_1_574' title='bbox 500 4459 516 4475; x_wconf 83' lang='grc'><em>’</em></span> <span class='ocrx_word' id='word_1_575' title='bbox 555 4444 692 4514; x_wconf 77' lang='grc' dir='ltr'><em>μηδὲ</em></span> <span class='ocrx_word' id='word_1_576' title='bbox 728 4446 836 4514; x_wconf 84' lang='grc' dir='ltr'><em>γὰρ</em></span> <span class='ocrx_word' id='word_1_577' title='bbox 869 4445 928 4505; x_wconf 70' lang='grc' dir='ltr'><em>ἐς</em></span> <span class='ocrx_word' id='word_1_578' title='bbox 961 4441 1221 4496; x_wconf 88' lang='grc' dir='ltr'><em>τοσοῦτον</em></span> <span class='ocrx_word' id='word_1_579' title='bbox 1257 4443 1596 4512; x_wconf 82' lang='grc' dir='ltr'><em>μανείημεν,</em></span> <span class='ocrx_word' id='word_1_580' title='bbox 1629 4443 1704 4506; x_wconf 85' lang='grc' dir='ltr'><em>ὠς</em></span> <span class='ocrx_word' id='word_1_581' title='bbox 1739 4421 1902 4496; x_wconf 73' lang='grc' dir='ltr'><em>αὐτὸν</em></span> 
     </span>
    </p>
   </div>
   <div class='ocr_carea' id='block_1_80' title="bbox 325 4532 1902 4606">
    <p class='ocr_par' dir='ltr' id='par_1_80' title="bbox 325 4532 1902 4606">
     <span class='ocr_line' id='line_1_80' title="bbox 325 4532 1902 4606; baseline -0.001 -17"><span class='ocrx_word' id='word_1_582' title='bbox 325 4538 500 4590; x_wconf 74' lang='grc' dir='ltr'><em>εἰπεῖν</em></span> <span class='ocrx_word' id='word_1_583' title='bbox 534 4537 627 4589; x_wconf 82' lang='grc' dir='ltr'><em>τὸν</em></span> <span class='ocrx_word' id='word_1_584' title='bbox 663 4535 842 4606; x_wconf 88' lang='grc' dir='ltr'><em>μέγαν</em></span> <span class='ocrx_word' id='word_1_585' title='bbox 878 4533 1202 4589; x_wconf 79' lang='grc' dir='ltr'><em>Ἀθανάσιον</em></span> <span class='ocrx_word' id='word_1_586' title='bbox 1233 4532 1615 4587; x_wconf 70' lang='grc' dir='ltr'><em>ἐναντιοῦσθαί</em></span> <span class='ocrx_word' id='word_1_587' title='bbox 1651 4551 1786 4587; x_wconf 88' lang='grc' dir='ltr'><em>ποτε</em></span> <span class='ocrx_word' id='word_1_588' title='bbox 1822 4534 1902 4605; x_wconf 84' lang='grc' dir='ltr'><em>τῷ</em></span> 
     </span>
    </p>
   </div>
   <div class='ocr_carea' id='block_1_81' title="bbox 326 4625 1901 4699">
    <p class='ocr_par' dir='ltr' id='par_1_81' title="bbox 326 4625 1901 4699">
     <span class='ocr_line' id='line_1_81' title="bbox 326 4625 1901 4699; baseline -0.001 -18"><span class='ocrx_word' id='word_1_589' title='bbox 326 4629 426 4698; x_wconf 67' lang='grc' dir='ltr'><em>τῆς</em></span> <span class='ocrx_word' id='word_1_590' title='bbox 463 4628 790 4699; x_wconf 82' lang='grc' dir='ltr'><em>Ἐκκλησίας</em></span> <span class='ocrx_word' id='word_1_591' title='bbox 825 4626 1093 4699; x_wconf 79' lang='grc' dir='ltr'><em>όρθοδόξῳ</em></span> <span class='ocrx_word' id='word_1_592' title='bbox 1131 4630 1468 4698; x_wconf 85' lang='grc' dir='ltr'><em>φρονήματι.</em></span> <span class='ocrx_word' id='word_1_593' title='bbox 1503 4625 1649 4697; x_wconf 83' lang='grc' dir='ltr'><em>Πρὸς</em></span> <span class='ocrx_word' id='word_1_594' title='bbox 1688 4625 1901 4690; x_wconf 85' lang='grc' dir='ltr'><em>τούτοις</em></span> 
     </span>
    </p>
   </div>
   <div class='ocr_carea' id='block_1_82' title="bbox 326 4715 1899 4790">
    <p class='ocr_par' dir='ltr' id='par_1_82' title="bbox 326 4715 1899 4790">
     <span class='ocr_line' id='line_1_82' title="bbox 326 4715 1899 4790; baseline -0.001 -15"><span class='ocrx_word' id='word_1_595' title='bbox 326 4724 383 4775; x_wconf 83' lang='grc' dir='ltr'><em>δὲ</em></span> <span class='ocrx_word' id='word_1_596' title='bbox 413 4725 440 4776; x_wconf 92' lang='lat'><strong>6</strong></span> <span class='ocrx_word' id='word_1_597' title='bbox 472 4722 614 4786; x_wconf 81' lang='grc' dir='ltr'><em>θεῖος</em></span> <span class='ocrx_word' id='word_1_598' title='bbox 643 4715 799 4786; x_wconf 65' lang='grc' dir='ltr'><em>οὗτος</em></span> <span class='ocrx_word' id='word_1_599' title='bbox 828 4722 966 4790; x_wconf 76' lang='grc' dir='ltr'><em>ἀνὴρ</em></span> <span class='ocrx_word' id='word_1_600' title='bbox 997 4721 1252 4788; x_wconf 75' lang='grc' dir='ltr'><em>φαίνεται</em></span> <span class='ocrx_word' id='word_1_601' title='bbox 1283 4715 1637 4789; x_wconf 77' lang='grc' dir='ltr'><em>μεμνημένος</em></span> <span class='ocrx_word' id='word_1_602' title='bbox 1669 4719 1764 4773; x_wconf 88' lang='grc' dir='ltr'><strong>τοῦ</strong></span> <span class='ocrx_word' id='word_1_603' title='bbox 1799 4737 1899 4789; x_wconf 70' lang='grc' dir='ltr'><em>μευ</em></span> 
     </span>
    </p>
   </div>
   <div class='ocr_carea' id='block_1_83' title="bbox 2000 3515 3592 3592">
    <p class='ocr_par' dir='ltr' id='par_1_83' title="bbox 2000 3515 3592 3592">
     <span class='ocr_line' id='line_1_83' title="bbox 2000 3515 3592 3592; baseline -0.005 -14"><span class='ocrx_word' id='word_1_604' title='bbox 2000 3523 2163 3590; x_wconf 90' lang='lat' dir='ltr'><strong>sium,</strong></span> <span class='ocrx_word' id='word_1_605' title='bbox 2184 3537 2282 3578; x_wconf 89' lang='lat' dir='ltr'><strong>nec</strong></span> <span class='ocrx_word' id='word_1_606' title='bbox 2311 3539 2437 3579; x_wconf 91' lang='lat' dir='ltr'><strong>eum</strong></span> <span class='ocrx_word' id='word_1_607' title='bbox 2458 3524 2578 3578; x_wconf 89' lang='lat' dir='ltr'><strong>aliis</strong></span> <span class='ocrx_word' id='word_1_608' title='bbox 2604 3525 2655 3577; x_wconf 93' lang='lat' dir='ltr'><strong>in</strong></span> <span class='ocrx_word' id='word_1_609' title='bbox 2681 3522 3032 3592; x_wconf 77' lang='lat' dir='ltr'><strong>approbrium</strong></span> <span class='ocrx_word' id='word_1_610' title='bbox 3052 3519 3180 3574; x_wconf 84' lang='lat' dir='ltr'><strong>cita.</strong></span> <span class='ocrx_word' id='word_1_611' title='bbox 3208 3517 3322 3572; x_wconf 88' lang='lat' dir='ltr'><strong>Etsi</strong></span> <span class='ocrx_word' id='word_1_612' title='bbox 3347 3517 3492 3571; x_wconf 85' lang='lat' dir='ltr'><strong>enim</strong></span> <span class='ocrx_word' id='word_1_613' title='bbox 3522 3515 3592 3570; x_wconf 88' lang='lat' dir='ltr'><strong>ad</strong></span> 
     </span>
    </p>
   </div>
   <div class='ocr_carea' id='block_1_84' title="bbox 1999 3606 3594 3680">
    <p class='ocr_par' dir='ltr' id='par_1_84' title="bbox 1999 3606 3594 3680">
     <span class='ocr_line' id='line_1_84' title="bbox 1999 3606 3594 3680; baseline -0.007 -10"><span class='ocrx_word' id='word_1_614' title='bbox 1999 3616 2331 3671; x_wconf 86' lang='lat' dir='ltr'><strong>Antiochum</strong></span> <span class='ocrx_word' id='word_1_615' title='bbox 2361 3615 2590 3671; x_wconf 76' lang='lat' dir='ltr'><strong>divinus</strong></span> <span class='ocrx_word' id='word_1_616' title='bbox 2613 3614 2703 3670; x_wconf 89' lang='lat' dir='ltr'><strong>ille</strong></span> <span class='ocrx_word' id='word_1_617' title='bbox 2748 3612 2833 3668; x_wconf 89' lang='lat' dir='ltr'><strong>vir</strong></span> <span class='ocrx_word' id='word_1_618' title='bbox 2861 3613 2986 3667; x_wconf 89' lang='lat' dir='ltr'><strong>talia</strong></span> <span class='ocrx_word' id='word_1_619' title='bbox 3031 3609 3324 3680; x_wconf 88' lang='lat' dir='ltr'><strong>scripsisse</strong></span> <span class='ocrx_word' id='word_1_620' title='bbox 3388 3606 3594 3678; x_wconf 90' lang='lat' dir='ltr'><strong>reperi-</strong></span> 
     </span>
    </p>
   </div>
   <div class='ocr_carea' id='block_1_85' title="bbox 2004 3704 3595 3776">
    <p class='ocr_par' dir='ltr' id='par_1_85' title="bbox 2004 3704 3595 3776">
     <span class='ocr_line' id='line_1_85' title="bbox 2004 3704 3595 3776; baseline -0.009 -12"><span class='ocrx_word' id='word_1_621' title='bbox 2004 3717 2113 3776; x_wconf 88' lang='lat' dir='ltr'><strong>tur,</strong></span> <span class='ocrx_word' id='word_1_622' title='bbox 2156 3725 2258 3765; x_wconf 90' lang='lat' dir='ltr'><strong>nec</strong></span> <span class='ocrx_word' id='word_1_623' title='bbox 2295 3707 2426 3763; x_wconf 87' lang='lat' dir='ltr'><strong>huic</strong></span> <span class='ocrx_word' id='word_1_624' title='bbox 2466 3706 2566 3762; x_wconf 87' lang='lat' dir='ltr'><strong>tibi</strong></span> <span class='ocrx_word' id='word_1_625' title='bbox 2596 3704 2982 3762; x_wconf 80' lang='lat' dir='ltr'><strong>conﬁdendum</strong></span> <span class='ocrx_word' id='word_1_626' title='bbox 3013 3711 3120 3766; x_wconf 89' lang='lat' dir='ltr'><strong>est,</strong></span> <span class='ocrx_word' id='word_1_627' title='bbox 3148 3716 3247 3756; x_wconf 91' lang='lat' dir='ltr'><strong>nec</strong></span> <span class='ocrx_word' id='word_1_628' title='bbox 3285 3715 3446 3770; x_wconf 87' lang='lat' dir='ltr'><strong>supra</strong></span> <span class='ocrx_word' id='word_1_629' title='bbox 3477 3713 3595 3752; x_wconf 82' lang='lat' dir='ltr'><strong>me-</strong></span> 
     </span>
    </p>
   </div>
   <div class='ocr_carea' id='block_1_86' title="bbox 2001 3791 3594 3857">
    <p class='ocr_par' dir='ltr' id='par_1_86' title="bbox 2001 3791 3594 3857">
     <span class='ocr_line' id='line_1_86' title="bbox 2001 3791 3594 3857; baseline -0.006 1"><span class='ocrx_word' id='word_1_630' title='bbox 2001 3811 2244 3857; x_wconf 88' lang='lat' dir='ltr'><strong>moratos</strong></span> <span class='ocrx_word' id='word_1_631' title='bbox 2274 3809 2494 3857; x_wconf 90' lang='lat' dir='ltr'><strong>sanctos</strong></span> <span class='ocrx_word' id='word_1_632' title='bbox 2555 3799 2704 3852; x_wconf 92' lang='lat' dir='ltr'><strong>viros</strong></span> <span class='ocrx_word' id='word_1_633' title='bbox 2754 3794 3080 3852; x_wconf 84' lang='lat' dir='ltr'><strong>calumniari</strong></span> <span class='ocrx_word' id='word_1_634' title='bbox 3141 3794 3269 3849; x_wconf 89' lang='lat' dir='ltr'><strong>licet</strong></span> <span class='ocrx_word' id='word_1_635' title='bbox 3311 3808 3326 3846; x_wconf 88' lang='lat'><strong>:</strong></span> <span class='ocrx_word' id='word_1_636' title='bbox 3361 3791 3594 3848; x_wconf 78' lang='lat' dir='ltr'><strong>fortasse</strong></span> 
     </span>
    </p>
   </div>
   <div class='ocr_carea' id='block_1_87' title="bbox 2002 3883 3590 3963">
    <p class='ocr_par' dir='ltr' id='par_1_87' title="bbox 2002 3883 3590 3963">
     <span class='ocr_line' id='line_1_87' title="bbox 2002 3883 3590 3963; baseline -0.008 -15"><span class='ocrx_word' id='word_1_637' title='bbox 2002 3895 2151 3948; x_wconf 85' lang='lat' dir='ltr'><strong>enim</strong></span> <span class='ocrx_word' id='word_1_638' title='bbox 2236 3891 2505 3963; x_wconf 64' lang='lat' dir='ltr'><strong>praeteriit</strong></span> <span class='ocrx_word' id='word_1_639' title='bbox 2573 3890 2723 3961; x_wconf 91' lang='lat' dir='ltr'><strong>quod</strong></span> <span class='ocrx_word' id='word_1_640' title='bbox 2785 3888 2933 3958; x_wconf 85' lang='lat' dir='ltr'><strong>apud</strong></span> <span class='ocrx_word' id='word_1_641' title='bbox 3008 3886 3338 3941; x_wconf 82' lang='lat' dir='ltr'><strong>Antiochum</strong></span> <span class='ocrx_word' id='word_1_642' title='bbox 3403 3883 3590 3955; x_wconf 64' lang='lat' dir='ltr'><strong>plerao</strong></span> 
     </span>
    </p>
   </div>
   <div class='ocr_carea' id='block_1_88' title="bbox 2003 3975 3592 4055">
    <p class='ocr_par' dir='ltr' id='par_1_88' title="bbox 2003 3975 3592 4055">
     <span class='ocr_line' id='line_1_88' title="bbox 2003 3975 3592 4055; baseline -0.008 -16"><span class='ocrx_word' id='word_1_643' title='bbox 2003 4000 2109 4055; x_wconf 89' lang='lat' dir='ltr'><strong>que</strong></span> <span class='ocrx_word' id='word_1_644' title='bbox 2145 3984 2256 4039; x_wconf 90' lang='lat' dir='ltr'><strong>sint</strong></span> <span class='ocrx_word' id='word_1_645' title='bbox 2321 3983 2650 4048; x_wconf 86' lang='lat' dir='ltr'><strong>adulterata,</strong></span> <span class='ocrx_word' id='word_1_646' title='bbox 2685 3989 2740 4037; x_wconf 89' lang='lat' dir='ltr'><strong>et</strong></span> <span class='ocrx_word' id='word_1_647' title='bbox 2785 3981 2932 4050; x_wconf 85' lang='lat' dir='ltr'><strong>quod</strong></span> <span class='ocrx_word' id='word_1_648' title='bbox 2957 3980 3102 4034; x_wconf 90' lang='lat' dir='ltr'><strong>bono</strong></span> <span class='ocrx_word' id='word_1_649' title='bbox 3125 3978 3399 4032; x_wconf 80' lang='lat' dir='ltr'><strong>frumento</strong></span> <span class='ocrx_word' id='word_1_650' title='bbox 3425 3975 3592 4055; x_wconf 83' lang='lat' dir='ltr'><strong>etiam</strong></span> 
     </span>
    </p>
   </div>
   <div class='ocr_carea' id='block_1_89' title="bbox 2002 4053 3594 4147">
    <p class='ocr_par' dir='ltr' id='par_1_89' title="bbox 2002 4053 3594 4147">
     <span class='ocr_line' id='line_1_89' title="bbox 2002 4053 3594 4147; baseline -0.007 -17"><span class='ocrx_word' id='word_1_651' title='bbox 2002 4053 2250 4147; x_wconf 71' lang='lat' dir='ltr'><strong>quaedam</strong></span> <span class='ocrx_word' id='word_1_652' title='bbox 2285 4075 2473 4145; x_wconf 87' lang='lat' dir='ltr'><strong>spuria</strong></span> <span class='ocrx_word' id='word_1_653' title='bbox 2515 4081 2644 4128; x_wconf 87' lang='lat' dir='ltr'><strong>sunt</strong></span> <span class='ocrx_word' id='word_1_654' title='bbox 2674 4071 2962 4127; x_wconf 86' lang='lat' dir='ltr'><strong>immista?</strong></span> <span class='ocrx_word' id='word_1_655' title='bbox 2991 4069 3050 4124; x_wconf 87' lang='lat' dir='ltr'><strong>Si</strong></span> <span class='ocrx_word' id='word_1_656' title='bbox 3091 4069 3292 4140; x_wconf 86' lang='lat' dir='ltr'><strong>placet,</strong></span> <span class='ocrx_word' id='word_1_657' title='bbox 3321 4053 3594 4138; x_wconf 59' lang='lat' dir='ltr'><strong>praecipua</strong></span> 
     </span>
    </p>
   </div>
   <div class='ocr_carea' id='block_1_90' title="bbox 2004 4159 3594 4238">
    <p class='ocr_par' dir='ltr' id='par_1_90' title="bbox 2004 4159 3594 4238">
     <span class='ocr_line' id='line_1_90' title="bbox 2004 4159 3594 4238; baseline -0.005 -18"><span class='ocrx_word' id='word_1_658' title='bbox 2004 4168 2142 4238; x_wconf 83' lang='lat' dir='ltr'><strong>lege,</strong></span> <span class='ocrx_word' id='word_1_659' title='bbox 2192 4166 2393 4237; x_wconf 89' lang='lat' dir='ltr'><strong>quibus</strong></span> <span class='ocrx_word' id='word_1_660' title='bbox 2432 4165 2501 4220; x_wconf 88' lang='lat' dir='ltr'><strong>de</strong></span> <span class='ocrx_word' id='word_1_661' title='bbox 2544 4163 2827 4220; x_wconf 87' lang='lat' dir='ltr'><strong>communi</strong></span> <span class='ocrx_word' id='word_1_662' title='bbox 2883 4163 3167 4218; x_wconf 91' lang='lat' dir='ltr'><strong>hominum</strong></span> <span class='ocrx_word' id='word_1_663' title='bbox 3228 4175 3395 4215; x_wconf 87' lang='lat' dir='ltr'><strong>sensu</strong></span> <span class='ocrx_word' id='word_1_664' title='bbox 3457 4159 3594 4213; x_wconf 86' lang='lat' dir='ltr'><strong>edo-</strong></span> 
     </span>
    </p>
   </div>
   <div class='ocr_carea' id='block_1_91' title="bbox 2003 4251 3597 4327">
    <p class='ocr_par' dir='ltr' id='par_1_91' title="bbox 2003 4251 3597 4327">
     <span class='ocr_line' id='line_1_91' title="bbox 2003 4251 3597 4327; baseline -0.006 -12"><span class='ocrx_word' id='word_1_665' title='bbox 2003 4261 2170 4327; x_wconf 89' lang='lat' dir='ltr'><strong>ceris,</strong></span> <span class='ocrx_word' id='word_1_666' title='bbox 2203 4267 2258 4314; x_wconf 89' lang='lat' dir='ltr'><strong>et</strong></span> <span class='ocrx_word' id='word_1_667' title='bbox 2304 4259 2380 4314; x_wconf 90' lang='lat' dir='ltr'><strong>ibi</strong></span> <span class='ocrx_word' id='word_1_668' title='bbox 2426 4258 2571 4313; x_wconf 84' lang='lat' dir='ltr'><strong>forte</strong></span> <span class='ocrx_word' id='word_1_669' title='bbox 2597 4258 2885 4312; x_wconf 85' lang='lat' dir='ltr'><strong>veritatem</strong></span> <span class='ocrx_word' id='word_1_670' title='bbox 2933 4255 3092 4311; x_wconf 82' lang='lat' dir='ltr'><strong>facile</strong></span> <span class='ocrx_word' id='word_1_671' title='bbox 3140 4253 3383 4309; x_wconf 85' lang='lat' dir='ltr'><strong>noveris.</strong></span> <span class='ocrx_word' id='word_1_672' title='bbox 3440 4251 3597 4307; x_wconf 78' lang='lat' dir='ltr'><strong>Absit</strong></span> 
     </span>
    </p>
   </div>
   <div class='ocr_carea' id='block_1_92' title="bbox 2003 4343 3597 4418">
    <p class='ocr_par' dir='ltr' id='par_1_92' title="bbox 2003 4343 3597 4418">
     <span class='ocr_line' id='line_1_92' title="bbox 2003 4343 3597 4418; baseline -0.008 -10"><span class='ocrx_word' id='word_1_673' title='bbox 2003 4355 2150 4408; x_wconf 88' lang='lat' dir='ltr'><strong>enim</strong></span> <span class='ocrx_word' id='word_1_674' title='bbox 2179 4353 2317 4407; x_wconf 91' lang='lat' dir='ltr'><strong>adeo</strong></span> <span class='ocrx_word' id='word_1_675' title='bbox 2349 4368 2452 4407; x_wconf 88' lang='lat' dir='ltr'><strong>nos</strong></span> <span class='ocrx_word' id='word_1_676' title='bbox 2478 4349 2747 4413; x_wconf 90' lang='lat' dir='ltr'><strong>insanire,</strong></span> <span class='ocrx_word' id='word_1_677' title='bbox 2780 4359 2839 4403; x_wconf 90' lang='lat' dir='ltr'><strong>ut</strong></span> <span class='ocrx_word' id='word_1_678' title='bbox 2864 4348 3045 4418; x_wconf 88' lang='lat' dir='ltr'><strong>ipsum</strong></span> <span class='ocrx_word' id='word_1_679' title='bbox 3072 4361 3328 4416; x_wconf 86' lang='lat' dir='ltr'><strong>magnum</strong></span> <span class='ocrx_word' id='word_1_680' title='bbox 3354 4343 3597 4398; x_wconf 82' lang='lat' dir='ltr'><strong>Athana-</strong></span> 
     </span>
    </p>
   </div>
   <div class='ocr_carea' id='block_1_93' title="bbox 2003 4438 3597 4509">
    <p class='ocr_par' dir='ltr' id='par_1_93' title="bbox 2003 4438 3597 4509">
     <span class='ocr_line' id='line_1_93' title="bbox 2003 4438 3597 4509; baseline -0.009 -7"><span class='ocrx_word' id='word_1_681' title='bbox 2003 4446 2147 4502; x_wconf 89' lang='lat' dir='ltr'><strong>sium</strong></span> <span class='ocrx_word' id='word_1_682' title='bbox 2173 4445 2498 4501; x_wconf 71' lang='lat' dir='ltr'><strong>orthodoxa:</strong></span> <span class='ocrx_word' id='word_1_683' title='bbox 2533 4443 2791 4499; x_wconf 62' lang='lat' dir='ltr'><strong>Ecclesiae</strong></span> <span class='ocrx_word' id='word_1_684' title='bbox 2819 4441 3084 4497; x_wconf 59' lang='lat' dir='ltr'><strong>doctrinae</strong></span> <span class='ocrx_word' id='word_1_685' title='bbox 3111 4438 3405 4509; x_wconf 85' lang='lat' dir='ltr'><strong>aliquando</strong></span> <span class='ocrx_word' id='word_1_686' title='bbox 3431 4451 3597 4506; x_wconf 84' lang='lat' dir='ltr'><strong>repu-</strong></span> 
     </span>
    </p>
   </div>
   <div class='ocr_carea' id='block_1_94' title="bbox 2004 4527 3593 4613">
    <p class='ocr_par' dir='ltr' id='par_1_94' title="bbox 2004 4527 3593 4613">
     <span class='ocr_line' id='line_1_94' title="bbox 2004 4527 3593 4613; baseline -0.009 -18"><span class='ocrx_word' id='word_1_687' title='bbox 2004 4555 2170 4613; x_wconf 87' lang='lat' dir='ltr'><strong>gnare</strong></span> <span class='ocrx_word' id='word_1_688' title='bbox 2191 4538 2459 4593; x_wconf 86' lang='lat' dir='ltr'><strong>dicamus.</strong></span> <span class='ocrx_word' id='word_1_689' title='bbox 2483 4537 2756 4592; x_wconf 66' lang='lat' dir='ltr'><strong>Praeterea</strong></span> <span class='ocrx_word' id='word_1_690' title='bbox 2783 4533 3000 4589; x_wconf 85' lang='lat' dir='ltr'><strong>divinus</strong></span> <span class='ocrx_word' id='word_1_691' title='bbox 3021 4532 3111 4586; x_wconf 89' lang='lat' dir='ltr'><strong>ille</strong></span> <span class='ocrx_word' id='word_1_692' title='bbox 3133 4532 3216 4585; x_wconf 88' lang='lat' dir='ltr'><strong>vir</strong></span> <span class='ocrx_word' id='word_1_693' title='bbox 3240 4527 3421 4600; x_wconf 83' lang='lat' dir='ltr'><strong>magni</strong></span> <span class='ocrx_word' id='word_1_694' title='bbox 3444 4527 3593 4582; x_wconf 78' lang='lat' dir='ltr'><strong>Basi-</strong></span> 
     </span>
    </p>
   </div>
   <div class='ocr_carea' id='block_1_95' title="bbox 2005 4620 3595 4691">
    <p class='ocr_par' dir='ltr' id='par_1_95' title="bbox 2005 4620 3595 4691">
     <span class='ocr_line' id='line_1_95' title="bbox 2005 4620 3595 4691; baseline -0.009 -5"><span class='ocrx_word' id='word_1_695' title='bbox 2005 4621 2064 4686; x_wconf 85' lang='lat' dir='ltr'><strong>lii</strong></span> <span class='ocrx_word' id='word_1_696' title='bbox 2098 4631 2418 4686; x_wconf 87' lang='lat' dir='ltr'><strong>meminisse</strong></span> <span class='ocrx_word' id='word_1_697' title='bbox 2447 4627 2666 4683; x_wconf 87' lang='lat' dir='ltr'><strong>videtur</strong></span> <span class='ocrx_word' id='word_1_698' title='bbox 2691 4667 2706 4691; x_wconf 95' lang='lat'><strong>,</strong></span> <span class='ocrx_word' id='word_1_699' title='bbox 2734 4639 2841 4690; x_wconf 83' lang='lat' dir='ltr'><strong>nec</strong></span> <span class='ocrx_word' id='word_1_700' title='bbox 2864 4639 2976 4679; x_wconf 93' lang='lat' dir='ltr'><strong>non</strong></span> <span class='ocrx_word' id='word_1_701' title='bbox 2997 4621 3191 4677; x_wconf 90' lang='lat' dir='ltr'><strong>Isidori</strong></span> <span class='ocrx_word' id='word_1_702' title='bbox 3220 4620 3534 4683; x_wconf 76' lang='lat' dir='ltr'><strong>Pelusiotae,</strong></span> <span class='ocrx_word' id='word_1_703' title='bbox 3564 4635 3595 4672; x_wconf 90' lang='lat' dir='ltr'><strong>a</strong></span> 
     </span>
    </p>
   </div>
   <div class='ocr_carea' id='block_1_96' title="bbox 2007 4710 3596 4794">
    <p class='ocr_par' dir='ltr' id='par_1_96' title="bbox 2007 4710 3596 4794">
     <span class='ocr_line' id='line_1_96' title="bbox 2007 4710 3596 4794; baseline -0.01 -15"><span class='ocrx_word' id='word_1_704' title='bbox 2007 4740 2117 4794; x_wconf 89' lang='lat' dir='ltr'><strong>quo</strong></span> <span class='ocrx_word' id='word_1_705' title='bbox 2138 4723 2336 4778; x_wconf 85' lang='lat' dir='ltr'><strong>melius</strong></span> <span class='ocrx_word' id='word_1_706' title='bbox 2384 4721 2567 4776; x_wconf 88' lang='lat' dir='ltr'><strong>adhuc</strong></span> <span class='ocrx_word' id='word_1_707' title='bbox 2597 4718 2790 4775; x_wconf 89' lang='lat' dir='ltr'><strong>audire</strong></span> <span class='ocrx_word' id='word_1_708' title='bbox 2819 4718 2966 4784; x_wconf 89' lang='lat' dir='ltr'><strong>licet,</strong></span> <span class='ocrx_word' id='word_1_709' title='bbox 2993 4715 3138 4786; x_wconf 90' lang='lat' dir='ltr'><strong>quod</strong></span> <span class='ocrx_word' id='word_1_710' title='bbox 3172 4712 3444 4783; x_wconf 60' lang='lat' dir='ltr'><strong>prgncipua</strong></span> <span class='ocrx_word' id='word_1_711' title='bbox 3476 4710 3596 4764; x_wconf 91' lang='lat' dir='ltr'><strong>loca</strong></span> 
     </span>
    </p>
   </div>
   <div class='ocr_carea' id='block_1_97' title="bbox 326 4781 1902 4885">
    <p class='ocr_par' dir='ltr' id='par_1_97' title="bbox 326 4781 1901 4885">
     <span class='ocr_line' id='line_1_97' title="bbox 326 4781 1901 4885; baseline -0.004 -15"><span class='ocrx_word' id='word_1_712' title='bbox 326 4817 497 4885; x_wconf 77' lang='grc' dir='ltr'><em>γάλου</em></span> <span class='ocrx_word' id='word_1_713' title='bbox 538 4781 823 4870; x_wconf 77' lang='grc' dir='ltr'><em>Βασιλείου</em></span> <span class='ocrx_word' id='word_1_714' title='bbox 845 4852 862 4880; x_wconf 86' lang='grc'><em>,</em></span> <span class='ocrx_word' id='word_1_715' title='bbox 1009 4781 1300 4883; x_wconf 45' lang='grc' dir='ltr'><em>’Ἰσιδώρού</em></span> <span class='ocrx_word' id='word_1_716' title='bbox 1334 4781 1430 4865; x_wconf 73' lang='grc' dir='ltr'><strong>τοῦ</strong></span> <span class='ocrx_word' id='word_1_717' title='bbox 1454 4781 1859 4882; x_wconf 47' lang='grc' dir='ltr'><em>’ᾗηλουσιώτου</em></span> <span class='ocrx_word' id='word_1_718' title='bbox 1885 4851 1901 4876; x_wconf 88' lang='grc'><em>,</em></span> 
     </span>
    </p>
   </div>
   <div class='ocr_carea' id='block_1_98' title="bbox 2009 4781 3598 4885">
    <p class='ocr_par' dir='ltr' id='par_1_98' title="bbox 2013 4803 3598 4880">
     <span class='ocr_line' id='line_1_98' title="bbox 2013 4803 3598 4880; baseline -0.011 -9"><span class='ocrx_word' id='word_1_719' title='bbox 2013 4815 2321 4871; x_wconf 86' lang='lat' dir='ltr'><strong>adulterata</strong></span> <span class='ocrx_word' id='word_1_720' title='bbox 2380 4823 2541 4880; x_wconf 88' lang='lat' dir='ltr'><strong>sunt;</strong></span> <span class='ocrx_word' id='word_1_721' title='bbox 2583 4811 2629 4868; x_wconf 90' lang='lat' dir='ltr'><strong>si</strong></span> <span class='ocrx_word' id='word_1_722' title='bbox 2661 4810 2810 4866; x_wconf 89' lang='lat' dir='ltr'><strong>enim</strong></span> <span class='ocrx_word' id='word_1_723' title='bbox 2872 4809 2946 4862; x_wconf 85' lang='lat' dir='ltr'><strong>ita</strong></span> <span class='ocrx_word' id='word_1_724' title='bbox 2993 4822 3052 4862; x_wconf 82' lang='lat' dir='ltr'><strong>se</strong></span> <span class='ocrx_word' id='word_1_725' title='bbox 3082 4821 3171 4862; x_wconf 88' lang='lat' dir='ltr'><strong>res</strong></span> <span class='ocrx_word' id='word_1_726' title='bbox 3205 4821 3317 4858; x_wconf 91' lang='lat' dir='ltr'><strong>non</strong></span> <span class='ocrx_word' id='word_1_727' title='bbox 3347 4803 3598 4866; x_wconf 85' lang='lat' dir='ltr'><strong>haberet,</strong></span> 
     </span>
    </p>
   </div>
   <div class='ocr_carea' id='block_1_99' title="bbox 326 4891 1902 4989">
    <p class='ocr_par' dir='ltr' id='par_1_99' title="bbox 326 4904 1902 4989">
     <span class='ocr_line' id='line_1_99' title="bbox 326 4904 1902 4989; baseline -0.006 -21"><span class='ocrx_word' id='word_1_728' title='bbox 326 4912 419 4982; x_wconf 79' lang='grc' dir='ltr'><strong>ἀφ’</strong></span> <span class='ocrx_word' id='word_1_729' title='bbox 444 4904 505 4966; x_wconf 81' lang='grc' dir='ltr'><strong>οῦ</strong></span> <span class='ocrx_word' id='word_1_730' title='bbox 535 4911 629 4964; x_wconf 78' lang='grc' dir='ltr'><em>καὶ</em></span> <span class='ocrx_word' id='word_1_731' title='bbox 661 4910 862 4980; x_wconf 80' lang='grc' dir='ltr'><em>μᾶλλον</em></span> <span class='ocrx_word' id='word_1_732' title='bbox 891 4907 1327 4989; x_wconf 83' lang='grc' dir='ltr'><em>διαγινώσκομεν</em></span> <span class='ocrx_word' id='word_1_733' title='bbox 1355 4908 1429 4972; x_wconf 85' lang='grc' dir='ltr'><em>ὼς</em></span> <span class='ocrx_word' id='word_1_734' title='bbox 1459 4909 1517 4960; x_wconf 69' lang='grc' dir='ltr'><strong>ἐν</strong></span> <span class='ocrx_word' id='word_1_735' title='bbox 1550 4907 1781 4978; x_wconf 78' lang='grc' dir='ltr'><em>ἀληθείᾳ</em></span> <span class='ocrx_word' id='word_1_736' title='bbox 1812 4923 1902 4960; x_wconf 84' lang='grc' dir='ltr'><strong>νε-</strong></span> 
     </span>
    </p>
   </div>
   <div class='ocr_carea' id='block_1_100' title="bbox 2009 4891 3660 4989">
    <p class='ocr_par' dir='ltr' id='par_1_100' title="bbox 2013 4891 3660 4980">
     <span class='ocr_line' id='line_1_100' title="bbox 2013 4891 3660 4980; baseline -0.008 -17"><span class='ocrx_word' id='word_1_737' title='bbox 2013 4909 2342 4979; x_wconf 65' lang='grc' dir='ltr'><em>ρτίοτςωιιιιε</em></span> <span class='ocrx_word' id='word_1_738' title='bbox 2373 4917 2716 4980; x_wconf 76' lang='lat' dir='ltr'><strong>posterorum</strong></span> <span class='ocrx_word' id='word_1_739' title='bbox 2745 4891 3058 4958; x_wconf 77' lang='lat' dir='ltr'><strong>meminisse</strong></span> <span class='ocrx_word' id='word_1_740' title='bbox 3093 4917 3224 4956; x_wconf 84' lang='lat' dir='ltr'><strong>sane</strong></span> <span class='ocrx_word' id='word_1_741' title='bbox 3252 4915 3360 4954; x_wconf 89' lang='lat' dir='ltr'><strong>non</strong></span> <span class='ocrx_word' id='word_1_742' title='bbox 3394 4903 3599 4969; x_wconf 78' lang='lat' dir='ltr'><strong>posset&#39;</strong></span> <span class='ocrx_word' id='word_1_743' title='bbox 3655 4903 3660 4906; x_wconf 86' lang='lat'>&#39;</span> 
     </span>
    </p>
   </div>
   <div class='ocr_carea' id='block_1_101' title="bbox 328 4997 3604 5084">
    <p class='ocr_par' dir='ltr' id='par_1_101' title="bbox 328 4997 3604 5084">
     <span class='ocr_line' id='line_1_101' title="bbox 328 4997 3604 5084; baseline -0.005 -19"><span class='ocrx_word' id='word_1_744' title='bbox 328 5011 576 5065; x_wconf 81' lang='grc' dir='ltr'><em>νόθευται</em></span> <span class='ocrx_word' id='word_1_745' title='bbox 629 5009 702 5084; x_wconf 57' lang='grc' dir='ltr'><strong>τὰ⁴</strong></span> <span class='ocrx_word' id='word_1_746' title='bbox 756 5005 1119 5076; x_wconf 77' lang='grc' dir='ltr'><em>διαληφθέντα</em></span> <span class='ocrx_word' id='word_1_747' title='bbox 1175 5005 1483 5078; x_wconf 76' lang='grc' dir='ltr'><strong>κεφάλαια⁹</strong></span> <span class='ocrx_word' id='word_1_748' title='bbox 1515 5006 1564 5060; x_wconf 81' lang='grc' dir='ltr'><em>ει</em></span> <span class='ocrx_word' id='word_1_749' title='bbox 1597 5005 1676 5078; x_wconf 78' lang='grc' dir='ltr'><em>μὴ</em></span> <span class='ocrx_word' id='word_1_750' title='bbox 1700 5005 1810 5076; x_wconf 80' lang='grc' dir='ltr'><strong>γὰρ</strong></span> <span class='ocrx_word' id='word_1_751' title='bbox 1835 5005 1992 5060; x_wconf 54' lang='grc' dir='ltr'><em>τοῦτο</em></span> <span class='ocrx_word' id='word_1_752' title='bbox 2019 5002 2088 5073; x_wconf 72' lang='grc' dir='ltr'><strong>ἦν</strong></span> <span class='ocrx_word' id='word_1_753' title='bbox 2109 5049 2125 5074; x_wconf 85' lang='grc'>,</span> <span class='ocrx_word' id='word_1_754' title='bbox 2155 5009 2257 5062; x_wconf 81' lang='grc' dir='ltr'><em>οὐκ</em></span> <span class='ocrx_word' id='word_1_755' title='bbox 2287 5007 2353 5062; x_wconf 80' lang='grc' dir='ltr'><strong>ἂν</strong></span> <span class='ocrx_word' id='word_1_756' title='bbox 2384 5011 2412 5061; x_wconf 89' lang='lat'><strong>6</strong></span> <span class='ocrx_word' id='word_1_757' title='bbox 2445 5003 2880 5076; x_wconf 86' lang='grc' dir='ltr'><em>προγενέστερος</em></span> <span class='ocrx_word' id='word_1_758' title='bbox 2910 5001 3020 5054; x_wconf 81' lang='grc' dir='ltr'><em>τῶν</em></span> <span class='ocrx_word' id='word_1_759' title='bbox 3047 4997 3424 5069; x_wconf 81' lang='grc' dir='ltr'><em>ύστερογενῶν</em></span> <span class='ocrx_word' id='word_1_760' title='bbox 3461 5012 3604 5065; x_wconf 85' lang='grc' dir='ltr'><em>μεμ-</em></span> 
     </span>
    </p>
   </div>
   <div class='ocr_carea' id='block_1_102' title="bbox 327 5102 3023 5176">
    <p class='ocr_par' dir='ltr' id='par_1_102' title="bbox 327 5102 3023 5176">
     <span class='ocr_line' id='line_1_102' title="bbox 327 5102 3023 5176; baseline -0.004 -20"><span class='ocrx_word' id='word_1_761' title='bbox 327 5122 390 5175; x_wconf 86' lang='grc' dir='ltr'><strong>νη</strong></span> <span class='ocrx_word' id='word_1_762' title='bbox 399 5105 560 5176; x_wconf 87' lang='grc' dir='ltr'><em>μένος</em></span> <span class='ocrx_word' id='word_1_763' title='bbox 585 5102 852 5171; x_wconf 68' lang='grc' dir='ltr'><em>ἐφαίνετο.</em></span> <span class='ocrx_word' id='word_1_764' title='bbox 3019 5142 3023 5146; x_wconf 90' lang='grc'>.</span> 
     </span>
    </p>
   </div>
   <div class='ocr_carea' id='block_1_103' title="bbox 398 5189 1902 5272">
    <p class='ocr_par' dir='ltr' id='par_1_103' title="bbox 398 5195 1902 5272">
     <span class='ocr_line' id='line_1_103' title="bbox 398 5195 1902 5272; baseline -0.005 -16"><span class='ocrx_word' id='word_1_765' title='bbox 398 5200 470 5272; x_wconf 84' lang='grc' dir='ltr'><strong>γ’.</strong></span> <span class='ocrx_word' id='word_1_766' title='bbox 501 5202 626 5256; x_wconf 85' lang='grc' dir='ltr'><em>Ὀτι</em></span> <span class='ocrx_word' id='word_1_767' title='bbox 667 5200 725 5254; x_wconf 70' lang='grc' dir='ltr'><em>δὲ</em></span> <span class='ocrx_word' id='word_1_768' title='bbox 758 5198 932 5252; x_wconf 83' lang='grc' dir='ltr'><em>ταῦτα</em></span> <span class='ocrx_word' id='word_1_769' title='bbox 950 5195 1124 5260; x_wconf 75' lang='grc' dir='ltr'><em>οὔτως</em></span> <span class='ocrx_word' id='word_1_770' title='bbox 1164 5195 1302 5267; x_wconf 72' lang='grc' dir='ltr'><em>ἔχει,</em></span> <span class='ocrx_word' id='word_1_771' title='bbox 1336 5196 1431 5252; x_wconf 71' lang='grc' dir='ltr'><em>καὶ</em></span> <span class='ocrx_word' id='word_1_772' title='bbox 1466 5195 1542 5260; x_wconf 84' lang='grc' dir='ltr'><em>ὡς</em></span> <span class='ocrx_word' id='word_1_773' title='bbox 1579 5196 1680 5250; x_wconf 77' lang='grc' dir='ltr'><em>οὐκ</em></span> <span class='ocrx_word' id='word_1_774' title='bbox 1715 5195 1773 5249; x_wconf 78' lang='grc' dir='ltr'>ἐν</span> <span class='ocrx_word' id='word_1_775' title='bbox 1802 5212 1902 5249; x_wconf 88' lang='grc' dir='ltr'><em>τινι</em></span> 
     </span>
    </p>
   </div>
   <div class='ocr_carea' id='block_1_104' title="bbox 2009 5189 3603 5272">
    <p class='ocr_par' dir='ltr' id='par_1_104' title="bbox 2088 5189 3603 5265">
     <span class='ocr_line' id='line_1_104' title="bbox 2088 5189 3603 5265; baseline -0.007 -13"><span class='ocrx_word' id='word_1_776' title='bbox 2088 5199 2141 5252; x_wconf 74' lang='grc'><strong>5.</strong></span> <span class='ocrx_word' id='word_1_777' title='bbox 2179 5198 2336 5265; x_wconf 81' lang='lat' dir='ltr'><strong>Quod</strong></span> <span class='ocrx_word' id='word_1_778' title='bbox 2362 5206 2546 5252; x_wconf 86' lang='lat' dir='ltr'><strong>autem</strong></span> <span class='ocrx_word' id='word_1_779' title='bbox 2582 5197 2697 5252; x_wconf 64' lang='lat' dir='ltr'><strong>hac</strong></span> <span class='ocrx_word' id='word_1_780' title='bbox 2723 5195 2794 5251; x_wconf 89' lang='lat' dir='ltr'><strong>ita</strong></span> <span class='ocrx_word' id='word_1_781' title='bbox 2828 5210 2890 5250; x_wconf 86' lang='lat' dir='ltr'><strong>se</strong></span> <span class='ocrx_word' id='word_1_782' title='bbox 2923 5193 3176 5259; x_wconf 77' lang='lat' dir='ltr'><strong>habeant,</strong></span> <span class='ocrx_word' id='word_1_783' title='bbox 3219 5197 3274 5245; x_wconf 87' lang='lat' dir='ltr'><strong>et</strong></span> <span class='ocrx_word' id='word_1_784' title='bbox 3301 5189 3445 5260; x_wconf 87' lang='lat' dir='ltr'><strong>quod</strong></span> <span class='ocrx_word' id='word_1_785' title='bbox 3477 5204 3603 5243; x_wconf 87' lang='lat' dir='ltr'><strong>san-</strong></span> 
     </span>
    </p>
   </div>
   <div class='ocr_carea' id='block_1_105' title="bbox 326 5277 1902 5365">
    <p class='ocr_par' dir='ltr' id='par_1_105' title="bbox 326 5277 1902 5365">
     <span class='ocr_line' id='line_1_105' title="bbox 326 5277 1902 5365; baseline -0.005 -17"><span class='ocrx_word' id='word_1_786' title='bbox 326 5295 478 5365; x_wconf 81' lang='grc' dir='ltr'><em>τόπῳ</em></span> <span class='ocrx_word' id='word_1_787' title='bbox 498 5333 514 5360; x_wconf 87' lang='grc'><em>,</em></span> <span class='ocrx_word' id='word_1_788' title='bbox 548 5291 802 5359; x_wconf 80' lang='grc' dir='ltr'><em>καθάπερ</em></span> <span class='ocrx_word' id='word_1_789' title='bbox 831 5290 881 5342; x_wconf 81' lang='grc' dir='ltr'><strong>οἱ</strong></span> <span class='ocrx_word' id='word_1_790' title='bbox 913 5289 1134 5352; x_wconf 79' lang='grc' dir='ltr'><em>πλείους</em></span> <span class='ocrx_word' id='word_1_791' title='bbox 1167 5277 1464 5352; x_wconf 65' lang='grc' dir='ltr'><em>εἰώθασιν,</em></span> <span class='ocrx_word' id='word_1_792' title='bbox 1495 5288 1544 5340; x_wconf 82' lang='grc' dir='ltr'><strong>οἱ</strong></span> <span class='ocrx_word' id='word_1_793' title='bbox 1574 5287 1902 5352; x_wconf 82' lang='grc' dir='ltr'><em>ἀπελθόντες</em></span> 
     </span>
    </p>
   </div>
   <div class='ocr_carea' id='block_1_106' title="bbox 2009 5277 3604 5365">
    <p class='ocr_par' dir='ltr' id='par_1_106' title="bbox 2017 5279 3604 5356">
     <span class='ocr_line' id='line_1_106' title="bbox 2017 5279 3604 5356; baseline -0.006 -16"><span class='ocrx_word' id='word_1_794' title='bbox 2017 5284 2093 5340; x_wconf 87' lang='lat' dir='ltr'><strong>cti</strong></span> <span class='ocrx_word' id='word_1_795' title='bbox 2132 5286 2258 5341; x_wconf 87' lang='lat' dir='ltr'><strong>hinc</strong></span> <span class='ocrx_word' id='word_1_796' title='bbox 2290 5285 2542 5356; x_wconf 84' lang='lat' dir='ltr'><strong>profecti,</strong></span> <span class='ocrx_word' id='word_1_797' title='bbox 2578 5300 2687 5340; x_wconf 90' lang='lat' dir='ltr'><strong>non</strong></span> <span class='ocrx_word' id='word_1_798' title='bbox 2723 5284 2780 5338; x_wconf 91' lang='lat' dir='ltr'><strong>in</strong></span> <span class='ocrx_word' id='word_1_799' title='bbox 2829 5283 3187 5352; x_wconf 86' lang='lat' dir='ltr'><strong>aliquoloco,</strong></span> <span class='ocrx_word' id='word_1_800' title='bbox 3222 5282 3302 5335; x_wconf 85' lang='lat' dir='ltr'><strong>uti</strong></span> <span class='ocrx_word' id='word_1_801' title='bbox 3352 5279 3604 5350; x_wconf 87' lang='lat' dir='ltr'><strong>plerique</strong></span> 
     </span>
    </p>
   </div>
   <div class='ocr_carea' id='block_1_107' title="bbox 331 5371 1902 5458">
    <p class='ocr_par' dir='ltr' id='par_1_107' title="bbox 331 5380 1902 5458">
     <span class='ocr_line' id='line_1_107' title="bbox 331 5380 1902 5458; baseline -0.005 -16"><span class='ocrx_word' id='word_1_802' title='bbox 331 5389 480 5457; x_wconf 78' lang='grc' dir='ltr'><em>ἅγιοι</em></span> <span class='ocrx_word' id='word_1_803' title='bbox 509 5386 941 5458; x_wconf 74' lang='grc' dir='ltr'><em>περιορίζονται,</em></span> <span class='ocrx_word' id='word_1_804' title='bbox 975 5383 1112 5438; x_wconf 73' lang='grc' dir='ltr'><em>ἀλλὰ</em></span> <span class='ocrx_word' id='word_1_805' title='bbox 1145 5383 1282 5452; x_wconf 78' lang='grc' dir='ltr'><em>μετὰ</em></span> <span class='ocrx_word' id='word_1_806' title='bbox 1313 5380 1632 5452; x_wconf 70' lang='grc' dir='ltr'><em>παρρησίας</em></span> <span class='ocrx_word' id='word_1_807' title='bbox 1663 5381 1748 5434; x_wconf 83' lang='grc' dir='ltr'><em>ὅτι</em></span> <span class='ocrx_word' id='word_1_808' title='bbox 1779 5380 1902 5434; x_wconf 82' lang='grc' dir='ltr'><em>πολ·</em></span> 
     </span>
    </p>
   </div>
   <div class='ocr_carea' id='block_1_108' title="bbox 2009 5371 3600 5458">
    <p class='ocr_par' dir='ltr' id='par_1_108' title="bbox 2018 5371 3600 5450">
     <span class='ocr_line' id='line_1_108' title="bbox 2018 5371 3600 5450; baseline -0.005 -17"><span class='ocrx_word' id='word_1_809' title='bbox 2018 5377 2224 5443; x_wconf 86' lang='lat' dir='ltr'><strong>solent,</strong></span> <span class='ocrx_word' id='word_1_810' title='bbox 2254 5378 2806 5442; x_wconf 83' lang='lat' dir='ltr'><strong>circumscribantur,</strong></span> <span class='ocrx_word' id='word_1_811' title='bbox 2844 5377 2939 5432; x_wconf 90' lang='lat' dir='ltr'><strong>sed</strong></span> <span class='ocrx_word' id='word_1_812' title='bbox 2982 5389 3178 5446; x_wconf 85' lang='lat' dir='ltr'><strong>magna</strong></span> <span class='ocrx_word' id='word_1_813' title='bbox 3225 5389 3351 5429; x_wconf 84' lang='lat' dir='ltr'><strong>cum</strong></span> <span class='ocrx_word' id='word_1_814' title='bbox 3399 5371 3600 5450; x_wconf 65' lang='lat' dir='ltr'><strong>ﬁducia</strong></span> 
     </span>
    </p>
   </div>
   <div class='ocr_carea' id='block_1_109' title="bbox 328 5460 1902 5551">
    <p class='ocr_par' dir='ltr' id='par_1_109' title="bbox 328 5473 1902 5551">
     <span class='ocr_line' id='line_1_109' title="bbox 328 5473 1902 5551; baseline -0.004 -18"><span class='ocrx_word' id='word_1_815' title='bbox 328 5480 428 5548; x_wconf 87' lang='grc' dir='ltr'><strong>λῆς</strong></span> <span class='ocrx_word' id='word_1_816' title='bbox 458 5479 820 5551; x_wconf 82' lang='grc' dir='ltr'><em>παρίστανται</em></span> <span class='ocrx_word' id='word_1_817' title='bbox 849 5477 926 5543; x_wconf 83' lang='grc' dir='ltr'><em>τῷ</em></span> <span class='ocrx_word' id='word_1_818' title='bbox 955 5475 1106 5546; x_wconf 82' lang='grc' dir='ltr'><strong>Θεῷ,</strong></span> <span class='ocrx_word' id='word_1_819' title='bbox 1137 5473 1304 5528; x_wconf 84' lang='grc' dir='ltr'><em>αὐτοῦ</em></span> <span class='ocrx_word' id='word_1_820' title='bbox 1336 5473 1432 5528; x_wconf 89' lang='grc' dir='ltr'><strong>τοῦ</strong></span> <span class='ocrx_word' id='word_1_821' title='bbox 1467 5474 1722 5546; x_wconf 83' lang='grc' dir='ltr'><em>Σωτῆρος</em></span> <span class='ocrx_word' id='word_1_822' title='bbox 1753 5473 1902 5544; x_wconf 60' lang='grc' dir='ltr'><em>ήμῶτ</em></span> 
     </span>
    </p>
   </div>
   <div class='ocr_carea' id='block_1_110' title="bbox 2009 5460 3601 5551">
    <p class='ocr_par' dir='ltr' id='par_1_110' title="bbox 2021 5460 3601 5538">
     <span class='ocr_line' id='line_1_110' title="bbox 2021 5460 3601 5538; baseline -0.007 -12"><span class='ocrx_word' id='word_1_823' title='bbox 2021 5486 2207 5526; x_wconf 84' lang='lat' dir='ltr'><strong>coram</strong></span> <span class='ocrx_word' id='word_1_824' title='bbox 2267 5471 2381 5524; x_wconf 86' lang='lat' dir='ltr'><strong>Deo</strong></span> <span class='ocrx_word' id='word_1_825' title='bbox 2406 5479 2610 5534; x_wconf 89' lang='lat' dir='ltr'><strong>astent,</strong></span> <span class='ocrx_word' id='word_1_826' title='bbox 2643 5469 2984 5524; x_wconf 83' lang='lat' dir='ltr'><strong>Salvatorem</strong></span> <span class='ocrx_word' id='word_1_827' title='bbox 3017 5467 3193 5538; x_wconf 89' lang='lat' dir='ltr'><strong>ipsum</strong></span> <span class='ocrx_word' id='word_1_828' title='bbox 3227 5473 3475 5518; x_wconf 89' lang='lat' dir='ltr'><strong>nostrum</strong></span> <span class='ocrx_word' id='word_1_829' title='bbox 3505 5460 3601 5516; x_wconf 79' lang='lat' dir='ltr'><strong>Je-</strong></span> 
     </span>
    </p>
   </div>
   <div class='ocr_carea' id='block_1_111' title="bbox 348 5552 1902 5644">
    <p class='ocr_par' dir='ltr' id='par_1_111' title="bbox 348 5565 1902 5644">
     <span class='ocr_line' id='line_1_111' title="bbox 348 5565 1902 5644; baseline -0.005 -18"><span class='ocrx_word' id='word_1_830' title='bbox 348 5572 522 5644; x_wconf 83' lang='grc' dir='ltr'><em>Ἰησοῦ</em></span> <span class='ocrx_word' id='word_1_831' title='bbox 556 5572 806 5641; x_wconf 85' lang='grc' dir='ltr'><em>λέγοντος</em></span> <span class='ocrx_word' id='word_1_832' title='bbox 839 5570 1004 5624; x_wconf 72' lang='grc' dir='ltr'><em>ἄκουε</em></span> <span class='ocrx_word' id='word_1_833' title='bbox 1025 5585 1042 5602; x_wconf 79' lang='grc' dir='ltr'><strong><em>ο</em></strong></span> <span class='ocrx_word' id='word_1_834' title='bbox 1076 5567 1302 5637; x_wconf 84' lang='grc' dir='ltr'><em>Πάτερ,</em></span> <span class='ocrx_word' id='word_1_835' title='bbox 1335 5567 1447 5632; x_wconf 87' lang='grc' dir='ltr'><em>οὒς</em></span> <span class='ocrx_word' id='word_1_836' title='bbox 1477 5565 1744 5634; x_wconf 78' lang='grc' dir='ltr'><em>δέδωκάς</em></span> <span class='ocrx_word' id='word_1_837' title='bbox 1769 5585 1902 5636; x_wconf 72' lang='grc' dir='ltr'><em>μοι,</em></span> 
     </span>
    </p>
   </div>
   <div class='ocr_carea' id='block_1_112' title="bbox 2009 5552 3600 5644">
    <p class='ocr_par' dir='ltr' id='par_1_112' title="bbox 2021 5552 3600 5630">
     <span class='ocr_line' id='line_1_112' title="bbox 2021 5552 3600 5630; baseline -0.009 -11"><span class='ocrx_word' id='word_1_838' title='bbox 2021 5579 2141 5619; x_wconf 89' lang='lat' dir='ltr'><strong>sum</strong></span> <span class='ocrx_word' id='word_1_839' title='bbox 2189 5563 2468 5618; x_wconf 80' lang='lat' dir='ltr'><strong>dicentem</strong></span> <span class='ocrx_word' id='word_1_840' title='bbox 2525 5561 2653 5618; x_wconf 86' lang='lat' dir='ltr'><strong>audi</strong></span> <span class='ocrx_word' id='word_1_841' title='bbox 2688 5579 2703 5617; x_wconf 90' lang='lat'><strong>:</strong></span> <span class='ocrx_word' id='word_1_842' title='bbox 2744 5580 2762 5614; x_wconf 87' lang='grc' dir='ltr'><strong>ι</strong></span> <span class='ocrx_word' id='word_1_843' title='bbox 2803 5560 2986 5624; x_wconf 80' lang='lat' dir='ltr'><strong>Pater,</strong></span> <span class='ocrx_word' id='word_1_844' title='bbox 3015 5575 3155 5630; x_wconf 89' lang='lat' dir='ltr'><strong>quos</strong></span> <span class='ocrx_word' id='word_1_845' title='bbox 3181 5555 3380 5612; x_wconf 88' lang='lat' dir='ltr'><strong>dedisti</strong></span> <span class='ocrx_word' id='word_1_846' title='bbox 3421 5552 3556 5608; x_wconf 83' lang='lat' dir='ltr'><strong>mihi</strong></span> <span class='ocrx_word' id='word_1_847' title='bbox 3583 5591 3600 5617; x_wconf 95' lang='lat'><strong>,</strong></span> 
     </span>
    </p>
   </div>
   <div class='ocr_carea' id='block_1_113' title="bbox 337 5649 1902 5734">
    <p class='ocr_par' dir='ltr' id='par_1_113' title="bbox 337 5657 1902 5734">
     <span class='ocr_line' id='line_1_113' title="bbox 337 5657 1902 5734; baseline -0.004 -12"><span class='ocrx_word' id='word_1_848' title='bbox 337 5669 490 5722; x_wconf 65' lang='grc' dir='ltr'><em>θέλω</em></span> <span class='ocrx_word' id='word_1_849' title='bbox 518 5665 618 5719; x_wconf 77' lang='grc' dir='ltr'><strong>ἵνα</strong></span> <span class='ocrx_word' id='word_1_850' title='bbox 649 5665 804 5720; x_wconf 73' lang='grc' dir='ltr'><em>ὅπου</em></span> <span class='ocrx_word' id='word_1_851' title='bbox 832 5664 950 5734; x_wconf 70' lang='grc' dir='ltr'><em>ειμι</em></span> <span class='ocrx_word' id='word_1_852' title='bbox 976 5663 1091 5732; x_wconf 77' lang='grc' dir='ltr'><strong>ἐγὼ</strong></span> <span class='ocrx_word' id='word_1_853' title='bbox 1151 5662 1419 5717; x_wconf 72' lang='grc' dir='ltr'><em>κάκεῖνοι</em></span> <span class='ocrx_word' id='word_1_854' title='bbox 1449 5657 1562 5719; x_wconf 83' lang='grc' dir='ltr'><em>ὦσι</em></span> <span class='ocrx_word' id='word_1_855' title='bbox 1590 5661 1719 5731; x_wconf 82' lang='grc' dir='ltr'><em>μετ’</em></span> <span class='ocrx_word' id='word_1_856' title='bbox 1743 5661 1902 5731; x_wconf 49' lang='grc' dir='ltr'><strong>ἐμοῦη</strong></span> 
     </span>
    </p>
   </div>
   <div class='ocr_carea' id='block_1_114' title="bbox 2009 5649 3599 5734">
    <p class='ocr_par' dir='ltr' id='par_1_114' title="bbox 2021 5649 3599 5728">
     <span class='ocr_line' id='line_1_114' title="bbox 2021 5649 3599 5728; baseline -0.008 -16"><span class='ocrx_word' id='word_1_857' title='bbox 2021 5658 2148 5712; x_wconf 89' lang='lat' dir='ltr'><strong>volo</strong></span> <span class='ocrx_word' id='word_1_858' title='bbox 2176 5669 2240 5712; x_wconf 89' lang='lat' dir='ltr'><strong>ut</strong></span> <span class='ocrx_word' id='word_1_859' title='bbox 2277 5657 2598 5728; x_wconf 89' lang='lat' dir='ltr'><strong>ubicunque</strong></span> <span class='ocrx_word' id='word_1_860' title='bbox 2640 5672 2761 5712; x_wconf 88' lang='lat' dir='ltr'><strong>sum</strong></span> <span class='ocrx_word' id='word_1_861' title='bbox 2803 5672 2927 5725; x_wconf 84' lang='lat' dir='ltr'><strong>ego,</strong></span> <span class='ocrx_word' id='word_1_862' title='bbox 2979 5664 3034 5707; x_wconf 88' lang='lat' dir='ltr'><strong>et</strong></span> <span class='ocrx_word' id='word_1_863' title='bbox 3074 5653 3160 5708; x_wconf 88' lang='lat' dir='ltr'><strong>isti</strong></span> <span class='ocrx_word' id='word_1_864' title='bbox 3197 5665 3416 5706; x_wconf 82' lang='lat' dir='ltr'><strong>mecum</strong></span> <span class='ocrx_word' id='word_1_865' title='bbox 3450 5649 3599 5714; x_wconf 85' lang='lat' dir='ltr'><strong>sint,</strong></span> 
     </span>
    </p>
   </div>
   <div class='ocr_carea' id='block_1_115' title="bbox 333 5742 1902 5828">
    <p class='ocr_par' dir='ltr' id='par_1_115' title="bbox 333 5753 1902 5828">
     <span class='ocr_line' id='line_1_115' title="bbox 333 5753 1902 5828; baseline -0.003 -16"><span class='ocrx_word' id='word_1_866' title='bbox 333 5761 435 5812; x_wconf 71' lang='grc' dir='ltr'><strong>ἵνα</strong></span> <span class='ocrx_word' id='word_1_867' title='bbox 478 5757 740 5826; x_wconf 85' lang='grc' dir='ltr'><em>θεωρῶσι</em></span> <span class='ocrx_word' id='word_1_868' title='bbox 786 5757 901 5825; x_wconf 81' lang='grc' dir='ltr'><em>τὴν</em></span> <span class='ocrx_word' id='word_1_869' title='bbox 945 5755 1134 5820; x_wconf 79' lang='grc' dir='ltr'><em>δόξαν</em></span> <span class='ocrx_word' id='word_1_870' title='bbox 1176 5756 1293 5828; x_wconf 78' lang='grc' dir='ltr'><em>τὴν</em></span> <span class='ocrx_word' id='word_1_871' title='bbox 1328 5753 1504 5824; x_wconf 80' lang='grc' dir='ltr'><em>ἐμήν.</em></span> <span class='ocrx_word' id='word_1_872' title='bbox 1546 5755 1709 5808; x_wconf 80' lang='grc' dir='ltr'><strong>Ἀλλὰ</strong></span> <span class='ocrx_word' id='word_1_873' title='bbox 1753 5755 1847 5808; x_wconf 86' lang='grc' dir='ltr'><em>καὶ</em></span> <span class='ocrx_word' id='word_1_874' title='bbox 1889 5758 1902 5808; x_wconf 73' lang='grc' dir='ltr'>ἐ</span> 
     </span>
    </p>
   </div>
   <div class='ocr_carea' id='block_1_116' title="bbox 2009 5742 3600 5828">
    <p class='ocr_par' dir='ltr' id='par_1_116' title="bbox 2024 5742 3600 5822">
     <span class='ocr_line' id='line_1_116' title="bbox 2024 5742 3600 5822; baseline -0.007 -15"><span class='ocrx_word' id='word_1_875' title='bbox 2024 5762 2085 5807; x_wconf 90' lang='lat' dir='ltr'><strong>ut</strong></span> <span class='ocrx_word' id='word_1_876' title='bbox 2138 5751 2366 5822; x_wconf 86' lang='lat' dir='ltr'><strong>gloriam</strong></span> <span class='ocrx_word' id='word_1_877' title='bbox 2426 5767 2602 5804; x_wconf 75' lang='lat' dir='ltr'><strong>meum</strong></span> <span class='ocrx_word' id='word_1_878' title='bbox 2657 5749 2925 5803; x_wconf 62' lang='lat' dir='ltr'><strong>videant.»</strong></span> <span class='ocrx_word' id='word_1_879' title='bbox 2974 5747 3089 5801; x_wconf 87' lang='lat' dir='ltr'><strong>Imo</strong></span> <span class='ocrx_word' id='word_1_880' title='bbox 3142 5759 3273 5799; x_wconf 81' lang='lat' dir='ltr'><strong>vero</strong></span> <span class='ocrx_word' id='word_1_881' title='bbox 3328 5742 3600 5798; x_wconf 62' lang='lat' dir='ltr'><strong>maximus</strong></span> 
     </span>
    </p>
   </div>
   <div class='ocr_carea' id='block_1_117' title="bbox 338 5837 1902 5922">
    <p class='ocr_par' dir='ltr' id='par_1_117' title="bbox 338 5845 1902 5922">
     <span class='ocr_line' id='line_1_117' title="bbox 338 5845 1902 5922; baseline -0.002 -18"><span class='ocrx_word' id='word_1_882' title='bbox 338 5851 650 5922; x_wconf 76' lang='grc' dir='ltr'><em>πάμμιγας</em></span> <span class='ocrx_word' id='word_1_883' title='bbox 666 5850 873 5916; x_wconf 83' lang='grc' dir='ltr'><em>Παῦλος</em></span> <span class='ocrx_word' id='word_1_884' title='bbox 904 5849 1074 5916; x_wconf 72' lang='grc' dir='ltr'><em>οὕτως</em></span> <span class='ocrx_word' id='word_1_885' title='bbox 1105 5847 1340 5921; x_wconf 75' lang='grc' dir='ltr'><em>εὓρηται</em></span> <span class='ocrx_word' id='word_1_886' title='bbox 1371 5849 1544 5919; x_wconf 88' lang='grc' dir='ltr'><em>λέγων</em></span> <span class='ocrx_word' id='word_1_887' title='bbox 1569 5863 1582 5880; x_wconf 87' lang='grc'>⁶</span> <span class='ocrx_word' id='word_1_888' title='bbox 1614 5845 1902 5903; x_wconf 73' lang='grc' dir='ltr'><em>Ἐπιποθιῐ</em></span> 
     </span>
    </p>
   </div>
   <div class='ocr_carea' id='block_1_118' title="bbox 2009 5837 3600 5922">
    <p class='ocr_par' dir='ltr' id='par_1_118' title="bbox 2024 5837 3600 5902">
     <span class='ocr_line' id='line_1_118' title="bbox 2024 5837 3600 5902; baseline -0.008 -1"><span class='ocrx_word' id='word_1_889' title='bbox 2024 5845 2225 5901; x_wconf 78' lang='lat' dir='ltr'><strong>l‘aulus</strong></span> <span class='ocrx_word' id='word_1_890' title='bbox 2255 5844 2326 5900; x_wconf 87' lang='lat' dir='ltr'><strong>ita</strong></span> <span class='ocrx_word' id='word_1_891' title='bbox 2373 5843 2575 5899; x_wconf 76' lang='lat' dir='ltr'><strong>dixisse</strong></span> <span class='ocrx_word' id='word_1_892' title='bbox 2624 5840 2949 5896; x_wconf 85' lang='lat' dir='ltr'><strong>invenitur:</strong></span> <span class='ocrx_word' id='word_1_893' title='bbox 2993 5859 3011 5890; x_wconf 84' lang='grc' dir='ltr'><strong>ι</strong></span> <span class='ocrx_word' id='word_1_894' title='bbox 3042 5837 3218 5902; x_wconf 79' lang='lat' dir='ltr'><strong>Cupio</strong></span> <span class='ocrx_word' id='word_1_895' title='bbox 3265 5837 3489 5893; x_wconf 85' lang='lat' dir='ltr'><strong>dissolvi</strong></span> <span class='ocrx_word' id='word_1_896' title='bbox 3544 5844 3600 5891; x_wconf 76' lang='lat' dir='ltr'><strong>et</strong></span> 
     </span>
    </p>
   </div>
  </div>
