4048 6420
561 405 668 472 915

1846 405 2269 468 MICHAELlS
2309 405 2567 466 GLYCE

3693 398 3773 463 916

562 541 686 583 esse
714 541 840 581 cum
866 524 1106 582 Christo.
1144 545 1162 577 ι
1197 523 1339 592 Quid
1368 524 1434 580 ad
1467 526 1601 593 haec,
1633 541 1667 579 o
1689 504 1905 580 sacrum
1936 530 2136 592 caput,

2247 521 2558 576 ἀναλῦσαι
2620 519 2724 574 καὶ
2785 517 2908 572 σὺν
2953 514 3186 584 Χριστῷ
3225 508 3399 569 εῖναι.
3440 512 3503 564 τί
3542 506 3623 566 οῦν
3661 516 3772 583 πρὶς

561 619 687 690 quis
742 617 1222 685 dixeritiQuodsi
1287 619 1453 689 igitur
1516 618 1644 672 hinc
1712 615 1977 688 profecta:
2023 628 2152 669 san-

560 720 775 766 ctorum
803 711 999 764 animat
1019 726 1206 765 coram
1265 709 1488 766 Christo
1519 718 1704 765 astant
1742 718 1797 763 et
1829 708 2004 776 ipsius
2035 705 2152 777 glo-

561 804 720 868 riam,
754 803 832 858 uti
881 803 981 872 ipsi
1051 802 1436 872 expetierunt,
1490 802 1788 873 aspiciunt,
1817 815 1988 869 quare
2040 813 2152 853 non

558 909 658 964 pro
679 893 838 950 nobis
867 895 1139 966 legatione
1172 895 1516 966 fungantur?
1544 908 1712 965 quare
1751 909 1860 949 non
1895 893 2061 948 etiam
2094 891 2151 946 in

556 984 754 1042 delicta
802 995 989 1040 nostra
1027 987 1326 1057 propitium
1359 987 1540 1056 ipsum
1586 987 1748 1042 nobis
1791 985 2060 1063 reddant?
2091 982 2149 1037 Si

555 1077 707 1132 enim
737 1075 948 1148 Moyses
978 1078 1088 1144 ille,
1120 1079 1337 1134 Domi‘ni
1369 1091 1671 1151 conspectu
1695 1079 2010 1152 insignitus,
2041 1090 2149 1134 tam

555 1169 842 1238 proximus
873 1169 969 1225 Dei
1009 1172 1249 1234 astabat,
1279 1183 1339 1227 ut
1367 1174 1560 1229 vivens
1590 1186 1686 1228 ore
1705 1173 1776 1229 ad
1815 1188 1898 1238 os,
1929 1182 1985 1228 et
2008 1172 2147 1228 facie

555 1261 621 1316 ad
654 1259 852 1316 faciem
879 1277 1004 1317 cum
1043 1263 1162 1332 ipso
1197 1264 1624 1336 colloqueretur,
1648 1280 1712 1321 ac
1725 1281 1824 1336 pro
1855 1266 2024 1321 Israel
2060 1265 2148 1320 in-

553 1351 906 1408 considerate
939 1355 1024 1409 his
1056 1355 1237 1410 verbis
1261 1366 1516 1412 exoraret
1549 1375 1562 1413 :
1591 1375 1610 1408 ι
1641 1355 1698 1413 Si
1719 1358 1950 1414 dimittis
1975 1359 2144 1430 ipsis,

557 1442 809 1510 Domine,
847 1444 1097 1510 dimitte;
1134 1447 1180 1500 si
1218 1463 1367 1513 non,
1422 1465 1512 1503 me
1561 1465 1786 1519 quoque
1835 1467 1960 1511 cum
2011 1453 2146 1522 ipsis

555 1534 814 1589 trucida:
852 1554 870 1587 ι
914 1553 1012 1591 cur
1063 1553 1170 1592 non
1209 1548 1265 1592 et
1299 1539 1447 1610 ipsos
1478 1543 1572 1609 qui
1619 1543 1676 1597 in
1705 1543 1940 1600 Domino
1973 1545 2143 1602 vitam

553 1628 956 1697 deseruerunt,
1018 1629 1224 1700 Deique
1264 1635 1436 1706 magis
1484 1637 1716 1706 proximi
1753 1638 1930 1696 eﬂecti
1971 1650 2142 1706 sunt,

554 1734 655 1790 pro
707 1721 865 1776 nobis
924 1722 1096 1778 Deum
1139 1728 1422 1795 deprecari
1481 1729 1994 1789 dicamusiNonne
2048 1735 2142 1803 qui

553 1827 738 1867 coram
778 1813 914 1886 ipsis
963 1817 1183 1886 regibus
1233 1829 1440 1886 astant,
1477 1823 1801 1894 fiduciaque
1843 1828 2142 1897 participes

553 1914 702 1972 sunt,
727 1905 862 1977 ipsis
916 1911 1184 1970 rationem
1245 1912 1479 1972 reddunt
1506 1916 1671 1972 etiam
1724 1917 1794 1974 de
1839 1919 1954 1974 reis
1993 1935 2134 1990 quos

554 1998 853 2068 aliquando
884 2017 1048 2072 ptena
1079 2005 1317 2064 liberant
1346 2007 1370 2059 ξ’

623 2244 680 2301 4.
707 2243 776 2300 Ει
807 2245 933 2317 quis
981 2247 1098 2302 hac
1121 2264 1325 2319 negare
1355 2251 1600 2321 potent?
1623 2252 1790 2324 idque
1822 2253 1952 2310 dum
2007 2269 2137 2312 san-

549 2346 672 2394 ctus
701 2338 1028 2395 Theodorus
1063 2339 1274 2396 Studita
1305 2343 1587 2414 discipulis
1615 2346 1732 2402 suis
1763 2356 2006 2418 tempore
2028 2363 2137 2419 quo

551 2445 779 2502 peregre
811 2433 1056 2496 vivebat,
1087 2435 1202 2489 haec
1236 2435 1453 2492 dicebat
1483 2455 1498 2492 :
1533 2439 1667 2494 Cum
1698 2440 1824 2496 inde
1856 2442 2138 2511 profectus

549 2521 694 2588 apud
728 2520 896 2575 Deum
925 2524 1156 2593 gratiam
1200 2525 1480 2596 invenero,
1524 2545 1624 2600 pro
1662 2532 1816 2587 vobis
1851 2533 2136 2605 deprecari

549 2628 658 2668 non
715 2613 986 2671 desinam.
1025 2615 1180 2684 Quod
1227 2629 1410 2675 autem
1463 2606 1582 2679 liaac
1625 2625 1696 2679 ita
1743 2641 1803 2682 se
1855 2626 2134 2698 habeant,

548 2707 716 2761 etiam
761 2708 1047 2778 theologus
1075 2711 1370 2782 Gregorius
1407 2715 1460 2769 in
1503 2715 1723 2774 funebri
1772 2734 2027 2777 sermone
2069 2723 2137 2778 de

547 2799 748 2854 Basilio
799 2817 998 2874 magno
1045 2804 1194 2857 clare
1243 2807 1507 2872 ostendit,
1539 2809 1608 2864 de
1654 2809 1841 2868 divino
1877 2813 1970 2870 illo
2017 2815 2137 2872 viro

546 2895 740 2950 dicens
767 2912 781 2949 :
818 2895 884 2950 Et
912 2913 1060 2952 nunc
1085 2899 1307 2969 quidem
1358 2901 1412 2956 in
1446 2904 1570 2959 cadi
1603 2907 1830 2964 sedibus
1860 2923 2133 2968 versatur:

545 2987 611 3043 ad
660 2990 957 3043 sanctuarii
999 2994 1325 3062 penetralia,
1381 2997 1437 3050 in
1475 2997 1616 3055 facie
1671 3000 1765 3058 Dei
1817 3021 1919 3075 pro
1973 3008 2138 3064 nobis

545 3096 731 3138 orans.
770 3083 837 3138 Et
867 3083 936 3140 de
961 3085 1043 3141 bis
1068 3087 1178 3143 noli
1219 3090 1427 3158 mirari,
1463 3109 1565 3149 nec
1592 3097 1774 3154 dicere
1809 3099 2137 3172 :Quomodo

2252 613 2426 667 ταῦτα
2456 614 2586 685 είπῃ
2614 630 2720 680 τις,
2747 605 2792 665 ὦ
2824 610 2948 681 ιερὰ
2977 607 3223 678 κεφαλῆς
3257 607 3424 676 Εἴπερ
3451 600 3536 658 οὖν
3563 605 3613 658 al
3638 605 3775 658 ἀπελ-

2255 705 2445 758 θοῦσαι
2471 705 2583 758 τῶν
2615 703 2787 772 ἁγίων
2813 703 2984 772 ψυχαὶ
3017 699 3353 770 συμπάρεισι
3381 695 3455 766 τῷ
3483 695 3678 764 Χριστῷ
3704 697 3775 748 καὶ

2252 797 2352 864 τὴν
2382 796 2550 851 αὐτοῦ
2584 797 2761 862 δόξαν,
2796 794 2984 857 καθὼς
3018 794 3175 848 αὐτοὶ
3207 793 3496 865 ᾐτήσαντο,
3529 788 3773 858 θεωροῦσι,

2251 887 2306 941 τί
2331 889 2392 940 τὸ
2421 887 2630 942 κωλῦον
2659 886 2859 950 αὐτοὺς
2893 884 2971 957 μὴ
3002 885 3096 938 καὶ
3129 882 3447 954 πρεσϐεύειν
3472 879 3776 950 αὑτοπροσὼ-

2253 997 2371 1042 πως
2413 981 2552 1050 ὑπὲρ
2597 981 2778 1051 ἡμῶν,
2817 981 2912 1032 καὶ
2957 978 3117 1031 ῖλεων
3161 978 3334 1030 ποιεῖν
3372 975 3530 1030 αὐτὸν
3567 973 3650 1028 επὶ
3680 973 3775 1034 ταῖς

2252 1071 2652 1144 πλημμελείαις
2680 1071 2872 1141 quibit;
2904 1072 2962 1122 El
2993 1069 3103 1140 γὰρ
3133 1071 3160 1122 ό
3190 1068 3423 1136 θεόπτης
3454 1067 3646 1127 ἐκεῖνος
3670 1065 3776 1118 Μω-

2253 1161 2354 1232 σῆς
2397 1161 2650 1214 τοσοῦτον
2691 1156 2760 1232 ἦν
2803 1159 3038 1227 ἐγγίζων
3082 1155 3226 1224 Θεῷ,
3263 1156 3359 1209 καὶ
3397 1152 3561 1206 ταῦτα
3594 1151 3663 1217 τῷ
3699 1150 3779 1219 βίῳ

2248 1253 2428 1324 τούτῳ
2455 1251 2683 1324 περιὼν,
2713 1252 2854 1309 ὥστε
2883 1251 3059 1320 στόμα
3084 1249 3225 1304 κατὰ
3252 1245 3427 1316 στόμα
3483 1245 3572 1297 καὶ
3600 1245 3648 1295 ὲν
3672 1242 3777 1294 εῖδει

2248 1347 2328 1417 τῷ
2356 1346 2476 1418 Θεῷ
2502 1365 2561 1402 τε
2593 1340 2742 1416 αὖτῷ
2773 1343 3153 1411 διαλέγεσθαι,
3184 1342 3280 1396 καὶ
3310 1338 3450 1406 ὑπὲρ
3474 1337 3562 1389 τοῦ
3594 1334 3773 1406 Ἰσραὴλ

2249 1439 2670 1507 ἀπερισκέπτως
2730 1436 3068 1505 ὲκλιπαρεῖν.
3107 1431 3250 1486 οὕτω
3308 1433 3520 1498 λέγων’
3570 1429 3630 1483 El
3681 1426 3771 1495 μὲν

2246 1528 2407 1602 ἀφῇς
2437 1529 2660 1596 αὐτοῖς,
2690 1529 2886 1596 Κύριε,
2917 1527 3074 1603 ἄφες
3093 1540 3107 1556 ο
3139 1527 3192 1580 εὶ
3221 1523 3289 1577 δὲ
3311 1522 3419 1593 μὴ,
3451 1519 3591 1590 κάμὲ
3619 1534 3771 1572 συνα-

2246 1622 2568 1675 πόκτεινον
2595 1619 2726 1690 μετ’
2751 1615 2989 1674 αὐτῶν·
3027 1617 3142 1678 πῶς
3177 1615 3301 1686 οὐχὶ
3336 1614 3431 1688 κα.ὶί
3463 1612 3644 1674 αὐτοὺς
3673 1611 3770 1670 τοὺς

2246 1714 2304 1766 εν
2333 1713 2527 1784 Κυρίῳ
2558 1711 2650 1766 τὸν
2683 1710 2799 1782 βίον
2829 1708 3166 1774 ἀλλάξαντας
3186 1748 3202 1772 ,
3240 1709 3336 1761 καὶ
3366 1705 3459 1760 τοῦ
3495 1703 3617 1758 θεοῦ
3647 1701 3773 1771 δῆθεν

2245 1806 2546 1877 ἐγγύτερον
2575 1804 2870 1874 γεγονότας
2893 1843 2910 1869 ,
2940 1801 3390 1870 αὑτοπροσώπως
3419 1796 3619 1852 δέεσθαι
3645 1797 3774 1898 alno)-

2171 1860 2219 1922 B
2247 1860 2348 1968 μὶᾷ
2375 1860 2516 1965 ὑπὲρ
2545 1860 2704 1969 ἡμων
2735 1897 2830 1952 τοῦ
2851 1860 2993 1950 Θεοῦ
3020 1912 3034 1956 ξ
3069 1860 3196 1963 'A'p’
3221 1895 3268 1947 οἱ
3291 1892 3422 1962 παρ’
3444 1891 3615 1952 αὐτοῖς
3643 1886 3775 1952 ἑστῶ-

2207 2005 2329 2052 ’τες
2369 1991 2482 2051 τοῖς
2527 1988 2814 2058 βασιλεῦσι
2859 1987 2956 2041 καὶ
2996 1985 3342 2058 παρρησίας,
3362 1981 3658 2054 μετέχοντες
3695 1979 3771 2030 οὐκ

2240 2080 2620 2152 ἀναφέρουσι,
2668 2081 2765 2135 καὶ
2808 2079 2936 2150 περὶ
2981 2078 3289 2132 καταδεκων
3329 2076 3475 2128 ἐστιν
3506 2076 3587 2127 ὅτε
3624 2072 3770 2135 τινῶν,

2239 2174 2334 2229 καὶ
2361 2173 2462 2244 τῆς
2495 2173 2685 2244 ἔνοχῆς
2703 2172 2965 2235 πολλάκις
2999 2168 3378 2242 ὲλευθεροῦσιν
3407 2165 3633 2230 αὖτούςῖ

2310 2263 2350 2319 δ’
2359 2307 2372 2320 .
2415 2265 2526 2320 Καὶ
2557 2264 2638 2326 τίς
2661 2265 2938 2319 ἀντειπεῖν
2976 2261 3220 2333 ίσχύσειε
3259 2259 3400 2318 κατὰ
3434 2260 3614 2313 τούτου
3637 2257 3770 2317 ποτές

2240 2351 2336 2415 atat
2379 2360 2554 2414 ταῦτα
2596 2358 2693 2412 τοῦ
2743 2361 2800 2412 ἐν
2846 2357 3022 2428 ἀγίοις
3070 2354 3351 2426 Θεοδώρου
3395 2353 3489 2408 τοῦ
3534 2351 3766 2406 Στουδίτου

2240 2455 2352 2518 τοῖς
2391 2451 2554 2508 αὐτοῦ
2600 2451 2873 2524 μαθηταῖς
2913 2451 3033 2504 καθ’
3060 2450 3120 2506 ὃν
3155 2449 3414 2521 ὲξεδήμει
3452 2447 3634 2518 καιρὸν
3662 2446 3769 2499 οὕτω

2240 2545 2564 2616 διαθεμένου
2599 2544 2850 2612 λέγοντος
2877 2559 2893 2574 ο
2933 2542 3061 2597 Ἐὰν
3094 2543 3347 2598 ἀπελθὼν
3380 2540 3674 2612 παρρησίαν
3701 2537 3768 2589 εὖ·

2244 2637 2396 2708 ρήσω
2425 2635 2576 2706 παρὰ
2600 2633 2678 2704 τῷ
2710 2632 2851 2706 Θεῷ,
2878 2633 3132 2703 δεόμενος
3165 2631 3310 2701 ὑπὲρ
3341 2631 3493 2700 ὑμῶν
3519 2631 3574 2684 οὐ
3603 2627 3768 2682 παύσοο

2243 2742 2364 2796 μαι.
2395 2725 2519 2778 Ὀτι
2551 2723 2608 2778 δὲ
2639 2724 2812 2778 ταῦτα
2845 2723 3017 2787 οὓτως
3052 2721 3188 2793 ἔχει,
3207 2723 3305 2778 καὶ
3337 2725 3365 2776 ὁ
3397 2721 3632 2790 θεολόγος
3659 2719 3768 2786 Γρη-

2239 2819 2425 2888 γόριος
2455 2818 2514 2868 ὲν
2539 2815 2616 2886 τῷ
2646 2817 2726 2878 είς
2752 2816 2844 2869 τὸν
2874 2815 3046 2885 μέγαν
3076 2814 3359 2868 Βασίλειον
3383 2813 3638 2883 ἐπιταφίῳ
3659 2812 3767 2878 λόγῳ

2241 2910 2408 2968 αὐτοῦ
2447 2909 2782 2980 σαφέστερον
2813 2907 2982 2974 ἔδειξε
3019 2909 3151 2978 περὶ
3182 2907 3280 2962 τοῦ
3317 2908 3460 2960 θείου
3493 2909 3667 2960 τούτου
3695 2903 3766 2956 ἀν·

2239 3003 2364 3074 δρὸς
2392 3003 2562 3057 είπὼν
2586 3018 2600 3033 ⁶
2635 3004 2742 3056 Καὶ
2773 3001 2870 3055 νῦν
2899 3000 2998 3068 μὲν
3025 3002 3083 3054 ὲν
3107 3001 3220 3062 τοῖς
3247 3000 3649 3073 ὑπερουρανίοις
3672 2992 3768 3050 ἀδύ-

2240 3109 2353 3156 τοις
2375 3093 2523 3146 ὲστὶν
2543 3092 2620 3156 είς
2641 3092 2706 3145 τὰ
2725 3091 2976 3158 ὲνδότςρα
2993 3089 3089 3143 τοῦ
3114 3091 3599 3160 καταπετάσματος
3616 3089 3769 3145 ἐντυγ-

545 3173 634 3227 isti
659 3175 886 3230 omnino
916 3175 1029 3246 jam
1052 3194 1284 3250 corpore
1307 3183 1494 3252 soluti,
1533 3188 1588 3240 in
1612 3191 1938 3259 corporibus
1969 3194 2136 3250 vitam

2240 3186 2418 3255 χάνων
2447 3184 2890 3253 αὐτοπροσὼπως
2917 3183 2995 3253 τῷ
3022 3182 3141 3252 Θεῷ
3170 3182 3315 3254 ὑπὲρ
3342 3183 3500 3254 ἡμῶν
3525 3180 3769 3283 δεόμενος

546 3267 858 3337 degentium
900 3271 1082 3326 adhuc
1115 3277 1518 3333 recordamur?
1552 3279 1610 3336 Si
1653 3285 1802 3338 enim
1833 3285 1991 3342 dives
2040 3287 2132 3343 ille

2236 3277 2331 3332 καὶ
2363 3275 2557 3330 τούτου
2603 3275 2766 3346 χάριν
2805 3274 2884 3346 μὴ
2928 3274 3205 3346 θαύμαζε,
3247 3277 3383 3347 μηδὲ
3424 3274 3564 3374 λέγε,
3732 3267 3770 3374 al

547 3358 780 3416 ﬂammis
800 3361 1064 3430 gehennae
1085 3367 1423 3435 combustus,
1448 3373 1585 3428 adeo
1611 3374 1774 3429 vitam
1821 3387 2130 3435 anteactam

2236 3368 2380 3423 οὕτω
2411 3369 2594 3423 τέλεον
2624 3368 3042 3440 ἀπορραγέντες
3072 3367 3165 3421 τοῦ
3202 3367 3458 3437 σώματος
3487 3367 3587 3420 τῶν
3615 3366 3665 3416 ὲν
3691 3359 3772 3414 σὼο

547 3466 733 3506 secum
785 3453 1062 3524 volveret,
1096 3467 1154 3512 ut
1183 3469 1240 3514 et
1269 3471 1511 3531 paternae
1546 3467 1742 3523 domus
1772 3471 2086 3527 meminerit
2113 3510 2131 3537 ,

2238 3479 2367 3532 ματι
2409 3462 2572 3514 πάλιν
2606 3461 3124 3531 ἀναμιμνήσκονται
3154 3477 3170 3527 ;
3209 3461 3276 3514 El
3301 3459 3409 3531 γὰρ
3450 3463 3476 3514 ὁ
3513 3453 3770 3554 πυρπολούί

545 3557 606 3597 ac
655 3543 860 3600 fervide
914 3562 1014 3617 pro
1066 3547 1328 3624 fratribus
1379 3557 1657 3622 oraverit,
1693 3559 1896 3617 'dicens
1928 3579 1942 3618 :
1971 3563 2132 3620 Pater

2239 3571 2400 3625 μενος
2430 3555 2639 3617 ἐκεῖνος
2669 3557 2727 3607 ὲν
2756 3554 2832 3624 τῷ
2860 3553 2962 3625 ᾅδῃ
2993 3553 3250 3617 πλούσιος
3275 3551 3526 3608 τοσοῦτον
3551 3554 3603 3604 έν
3628 3543 3769 3612 ἑαυτῷ

545 3635 842 3704 Abraham,
881 3641 1038 3697 mitte
1071 3642 1336 3703 Lazarum
1375 3651 1432 3706 in
1482 3651 1705 3710 domum
1759 3658 1931 3726 patris
1982 3659 2132 3725 mei,

2236 3646 2304 3700 τὰ
2334 3647 2460 3718 τῇδε
2493 3647 2834 3718 συνέστρεφε
2856 3686 2872 3708 ,
2901 3645 3044 3700 ὥστε
3077 3643 3172 3696 καὶ
3205 3644 3474 3715 πατρικοῦ
3529 3641 3662 3695 οῐκου
3691 3652 3767 3706 με·

545 3729 721 3785 habeo
751 3733 900 3788 enim
931 3736 1176 3806 quinque
1209 3739 1432 3807 fratres,
1488 3753 1546 3798 ut
1599 3756 1830 3803 testetur
1880 3750 2007 3818 illis,
2065 3767 2134 3808 ne

2239 3740 2478 3812 μνῆσθαι
2505 3739 2690 3804 αὐτὸν,
2711 3739 2803 3792 καὶ
2821 3739 3040 3809 θερμῶς
3068 3739 3207 3808 ὑπὲρ
3225 3737 3471 3807 ἀδελφῶν
3493 3733 3683 3790 δέεσθαι
3698 3728 3766 3780 λέ-

543 3825 692 3891 paria
724 3826 1021 3895 patiantur,
1057 3845 1160 3886 nec
1202 3842 1254 3886 et
1286 3834 1388 3903 ipsi
1429 3838 1654 3894 veniant
1681 3841 1734 3895 in
1772 3844 1918 3900 hunc
1948 3845 2129 3902 locum

2237 3849 2427 3902 γοντα,
2458 3832 2638 3903 Πάτερ
2657 3829 2932 3902 Ἀϐραὰμ,
2958 3830 3174 3901 πέμψον
3193 3831 3442 3902 Λάζαρον
3457 3831 3529 3894 εἰς
3555 3829 3636 3882 τὸν
3651 3823 3768 3878 οἷκον

545 3929 940 3976 tormentorum
969 3939 983 3976 :
1013 3942 1182 3995 quare
1215 3945 1324 3982 non
1360 3932 1488 3987 inde
1519 3936 1792 4003 profectas
1817 3949 2130 3998 sanctorum

2236 3925 2329 3979 τοῦ
2357 3924 2566 3996 πατρός
2595 3942 2722 3992 μου,
2753 3925 2916 3977 πέντε
2946 3926 3052 3996 γὰρ
3081 3924 3344 3993 ἀδελφοὺς
3376 3926 3499 3995 ἔχω,
3526 3924 3656 4026 ὅπως
3679 3917 3768 3970 δια-

543 4015 756 4070 animas
789 4025 844 4072 et
884 4018 1028 4086 ipsas
1063 4021 1255 4076 barum
1285 4041 1404 4093 qua:
1439 4045 1602 4098 supra
1649 4038 1849 4087 terram
1895 4034 2129 4089 manife-

544 4107 681 4146 clinc
715 4112 987 4146 rnunmlori
1031 4130 1137 4146 η.ιη
1177 4117 1479 4146 Αἷισηηε.....,.
1541 4121 1814 4146 n--._...__-
1851 4128 2126 4146 -__r__.:-__

2239 4013 2586 4084 μαρτύρηται
2615 4014 2800 4077 αὐτοῖς
2825 4013 2919 4066 τοῦ
2949 4014 3026 4084 μὴ
3055 4014 3246 4066 παθεῖν
3273 4014 3510 4074 ἐκείνους
3535 4011 3597 4064 τὰ
3617 4011 3764 4077 ὅμοια.

2241 4105 2330 4146 ναὶ
2361 4108 2425 4146 «si
2459 4105 2677 4146 Samium
2703 4105 2874 4146 ταύτῃ
2908 4106 3228 4146 ann-friend“)
3252 4122 3266 4135 ο
3300 4105 3416 4146 τῆν
3446 4101 3561 4146 τιύνὶ
3588 4099 3669 4146 καὶ
3691 4094 3764 4146 τάξ

544 4107 682 4164 stius
715 4112 987 4166 recordari
1031 4130 1140 4169 non
1176 4117 1502 4187 dixerimus,
1540 4121 1819 4196 Deumque
1845 4128 2130 4182 ardentius

2241 4105 2334 4158 καὶ
2361 4108 2425 4176 τῇ
2457 4105 2677 4175 βασάνῳ
2703 4105 2874 4176 ταύτῃ
2908 4106 3228 4173 περιπεσεῖν
3252 4122 3266 4135 ·
3300 4105 3416 4168 πῶς
3446 4101 3561 4173 οὐχὶ
3588 4099 3669 4153 καὶ
3691 4099 3764 4196 τῗς

545 4201 824 4270 deprecari
859 4221 958 4274 pro
988 4208 1188 4277 quibus
1223 4211 1453 4269 volunt?

615 4441 668 4498 5.
707 4442 818 4501 Nec
858 4447 995 4503 mihi
1031 4449 1263 4521 objicias
1298 4453 1412 4511 haec
1458 4456 1529 4512 de
1562 4457 1734 4513 divite
1768 4459 1826 4513 in
1861 4459 2125 4530 parabola

541 4534 670 4600 dici,
695 4554 800 4595 nec
845 4540 971 4596 inde
999 4559 1132 4599 sane
1161 4547 1449 4602 veritatem
1490 4549 1606 4604 dari
1636 4567 1652 4616 ;
1682 4551 1850 4608 habes
1881 4554 2028 4608 enim
2073 4565 2129 4612 et

541 4628 721 4700 ipsum
762 4650 1022 4706 magnum
1087 4637 1353 4695 Basilium
1383 4642 1477 4712 qui
1510 4645 1824 4715 parabolam
1853 4647 2013 4703 istam
2046 4666 2131 4706 re-

539 4725 690 4795 cipit,
723 4727 998 4784 dicentem
1035 4748 1049 4786 :
1093 4732 1302 4799 Quodsi
1344 4737 1489 4791 enim
1523 4750 1577 4792 et
1597 4736 1776 4806 justas
1805 4759 1998 4814 pugnas
2031 4763 2130 4818 pro

537 4815 736 4874 debitis
792 4820 1044 4876 dederint
1072 4825 1168 4894 qui
1211 4827 1368 4896 juxta
1426 4828 1812 4889 huncdivitem
1860 4815 2117 4908 egerunt,

541 4925 648 4965 non
667 4912 778 4982 jam
810 4915 864 4969 in
893 4919 1192 4973 amentiam
1218 4921 1352 4992 ipsis
1370 4938 1470 4992 pro
1487 4939 1651 4995 poena
1678 4941 1831 4984 mens
1857 4931 2124 4990 vertitur:

538 5013 770 5064 quorum
797 5005 943 5058 enim
971 5006 1025 5060 in
1052 5021 1218 5062 carne
1248 5009 1458 5066 firmam
1485 5017 1767 5073 scientiam
1792 5019 2123 5092 habuerunt,

538 5095 710 5161 priori
759 5098 1030 5165 agnitioni
1067 5099 1357 5156 inferiores
1387 5121 1496 5160 non
1527 5123 1796 5179 apparent
1826 5153 1840 5176 ,
1873 5115 1985 5171 imo
2018 5117 2129 5171 cla-

539 5183 740 5241 riorem
784 5190 1052 5243 visionem
1102 5195 1402 5250 habebunt.
1455 5197 1572 5254 Non
1638 5204 1803 5274 igitur
1853 5207 2127 5276 obiicias,

536 5279 682 5347 quod
747 5295 932 5334 coram
979 5282 1203 5340 Christo
1243 5298 1424 5346 astcnt
1469 5309 1616 5350 nunc
1656 5309 1971 5354 sanctorum
2005 5301 2124 5355 ani-

539 5383 660 5435 mae,
721 5371 892 5428 beato
927 5373 1095 5429 Paulo
1157 5377 1398 5447 dicente,
1449 5394 1510 5438 ut
1559 5401 1724 5457 supra
1778 5391 1989 5446 dictum
2022 5406 2127 5458 est,

540 5480 561 5514 ι
603 5464 779 5534 Cupio
843 5467 1092 5536 dissolvi,
1139 5483 1194 5528 et
1255 5490 1377 5531 esse
1438 5496 1562 5535 cum
1626 5481 1873 5540 Christo.
1920 5507 1939 5540 ι
1974 5487 2042 5543 Ει
2075 5491 2130 5544 in

537 5558 790 5623 paradiso
860 5572 1192 5623 morantur:
1226 5569 1327 5640 ipsi
1378 5573 1526 5628 enim
1587 5576 1754 5633 beato
1811 5579 2018 5636 latroni
2077 5591 2132 5638 et

536 5649 735 5721 cuique
803 5666 996 5713 sancto
1072 5661 1202 5718 dicit
1258 5665 1572 5725 Dominus:
1614 5690 1632 5723 ι
1669 5670 1842 5729 Hodie
1915 5690 2130 5732 mecum

536 5741 645 5796 eris
684 5744 738 5800 in
785 5751 1084 5823 paradiso;
1125 5775 1144 5808 ι
1180 5758 1278 5814 sed
1332 5760 1559 5830 insuper
1591 5774 1643 5818 et
1684 5766 1866 5835 ipsum
1917 5768 2128 5839 ingredi

538 5835 738 5891 ccelum
771 5855 878 5898 non
911 5847 1293 5917 prohibentur.
1345 5853 1499 5909 llane
1535 5857 1680 5913 enim
1709 5859 1850 5914 viam
1889 5860 2005 5927 ipse
2047 5879 2130 5920 se-

2238 4195 2580 4258 ἀπελθούσας
2623 4197 2732 4251 τῶν
2779 4197 2954 4265 ἁγίων
2995 4197 3173 4266 ψυχὰς
3220 4198 3313 4250 καὶ
3358 4193 3652 4266 μεμνῆσθαι
3684 4188 3767 4238 τῶν

2235 4289 2476 4343 ἐνταῦθα
2511 4291 2838 4361 τρανότερον
2875 4291 3138 4361 εἴπωμεν,
3177 4293 3269 4343 καὶ
3304 4291 3397 4344 τοῦ
3431 4287 3560 4342 Θεοῦ
3592 4285 3643 4339 δὲ
3675 4282 3768 4346 θερ-

2241 4381 2469 4452 μότερον
2499 4383 2716 4437 δέεσθαι
2748 4385 2890 4454 ὑπὲρ
2919 4378 2993 4438 ὧν
3023 4383 3130 4454 ἄρα
3166 4385 3259 4437 καὶ
3294 4384 3602 4454 βούλονται;

2305 4472 2367 4530 ε’.
2410 4475 2520 4527 Καὶ
2555 4475 2630 4546 μή
2669 4493 2758 4544 μοι
2792 4475 2917 4544 λέγε
2952 4474 3336 4546 παραϐολικῶς
3366 4475 3532 4528 ταῦτα
3563 4472 3621 4542 δὴ
3650 4465 3766 4520 λελέ-

2158 4587 2208 4648 ι)
2235 4568 2362 4642 χθαι
2403 4571 2471 4624 τὰ
2515 4571 2656 4624 κατά
2698 4572 2790 4625 τὸν
2836 4572 3115 4636 πλούσιον,
3160 4571 3453 4625 κάντεῦθεν
3502 4570 3574 4641 μὴ
3615 4566 3764 4637 φέρειν

2233 4663 2442 4733 ἐναργῆ
2474 4663 2572 4735 τὴν
2609 4665 2864 4735 ἀλήθειαν
2892 4681 2905 4693 ·
2941 4665 3085 4734 ἔχεις
3119 4667 3228 4735 γὰρ
3264 4667 3356 4718 καὶ
3390 4664 3548 4718 αὐτὸν
3577 4661 3661 4713 τὸν
3690 4654 3763 4724 μέ·

2231 4770 2334 4822 γαν
2383 4755 2662 4808 Βασίλειον
2712 4757 2811 4828 τὴν
2864 4756 3182 4826 παραϐολὴν
3230 4756 3436 4827 ταύτην
3483 4753 3762 4823 δεχόμενον.

2231 4845 2528 4901 κάντεῦθεν
2569 4848 2894 4918 ὁρμώμενον
2939 4847 3082 4902 οὕτω
3131 4851 3226 4902 καὶ
3275 4849 3538 4918 λέγονταο
3584 4843 3642 4896 El
3684 4836 3765 4906 γάρ

2230 4936 2326 4990 καὶ
2356 4937 2512 5007 δίκην
2542 4937 2781 4992 διδόασιν
2814 4931 2887 4992 ὧν
2913 4938 3226 5008 ὀφείλουσιν
3256 4940 3305 4992 oi
3337 4937 3454 4993 κατ’
3481 4936 3670 4990 ἐκεῖνον
3696 4931 3761 4979 δν·

2229 5045 2336 5092 τως
2378 5029 2470 5082 τὸν
2517 5031 2802 5093 πλούσιον,
2852 5029 2964 5083 ἀλλ’
2991 5030 3114 5082 οὐδὲ
3163 5033 3259 5083 καὶ
3296 5031 3356 5083 τὸ
3401 5028 3580 5098 νοερὸν
3621 5018 3766 5076 αὐτοῖς

2231 5124 2375 5194 λόγῳ
2421 5125 2693 5194 τιμωρίας
2743 5128 2820 5186 εἰς
2871 5127 3058 5180 ἄνοιαν
3105 5126 3536 5196 περιτρέπεταιο
3569 5110 3644 5219 Δὧν
3681 5111 3765 5219 γξρ

2234 5218 2371 5285 μετὰ
2405 5219 2604 5287 σαρκὸς
2639 5216 2786 5288 εἶχον
2816 5218 3032 5287 ἀσφαλῆ
3060 5219 3157 5288 τὴν
3188 5219 3412 5289 εἴδησιν,
3434 5215 3492 5268 οὑ
3517 5212 3663 5283 μόνον
3685 5212 3763 5256 οὑκ

2231 5309 2485 5372 ἐλάττους
2537 5312 2756 5378 φανεῖεν
2804 5311 2901 5377 τῆς
2957 5311 3417 5380 προϋπαρχούσης
3465 5301 3764 5375 γνωρίσεως»

2231 5399 2366 5455 ἀλλὰ
2391 5400 2486 5453 καὶ
2512 5401 2648 5472 πρὸς
2675 5400 3078 5471 ἀκριϐεστέραν
3105 5401 3412 5470 κατάλυσιν,
3433 5393 3762 5463 ἀναφέρωντο-

2234 5493 2324 5563 Mi}
2347 5487 2438 5546 οὗν
2475 5492 2790 5562 ἀμφίϐαλλε
2814 5533 2828 5558 ,
2864 5494 2946 5546 ὅτι
2980 5491 3057 5564 τῷ
3094 5492 3315 5563 Χριστῷ
3353 5487 3692 5560 συμπάρεισιν
3718 5472 3763 5526 αι

2235 5584 2571 5642 ἀπελθοῦσαι
2601 5586 2714 5638 τῶν
2743 5585 2916 5654 ἁγίων
2947 5586 3117 5656 ψυχαί
3139 5601 3154 5616 ο
3187 5587 3280 5639 καὶ
3311 5582 3477 5636 ταῦτα
3504 5575 3591 5632 τοῦ
3619 5581 3766 5641 μίαν

2239 5677 2356 5748 ρίου
2391 5679 2604 5733 Παύλου
2633 5679 2911 5750 λέγοντος,
2937 5678 3014 5743 ὡς
3041 5678 3250 5734 ἀνωθεν
3278 5676 3508 5746 εἴρηται,
3532 5670 3609 5722 ὅτι
3637 5663 3763 5716 Ἐπὶ·

2236 5771 2400 5828 ποθῶ
2438 5771 2751 5827 ἀναλῦσαι
2816 5771 2913 5826 καί
2954 5772 3079 5826 σὺν
3115 5769 3351 5841 Χριστῷ
3388 5762 3553 5821 εἶναι.
3593 5755 3687 5810 Καὶ
3720 5750 3763 5799 έν

2239 5866 2555 5935 παραδείσῳ
2587 5864 2990 5935 διατρίϐουσι-ι’
3027 5866 3086 5919 ἐν
3120 5865 3268 5937 αὐτῷ
3303 5861 3408 5932 γὰρ
3439 5858 3510 5929 τῷ
3545 5841 3760 5924 μακαρίῳ
