4048 6416
234 443 334 509 911

1543 439 1914 502 EPISTOLA
1953 439 2174 500 XVIII.

3416 434 3528 496 918

237 556 410 643 λῃστῇ
476 553 578 610 καὶ
623 551 785 608 παντὶ
832 552 976 625 ἁγίῳ
1022 553 1130 623 ἔφη
1177 551 1206 606 δ
1255 555 1500 625 Κύριος’
1551 555 1824 625 Σήμερον

1965 555 2067 608 tari
2101 551 2364 607 Dominus
2399 529 2748 615 mbnstravit,
2785 564 3096 620 prmcursor
3130 548 3183 602 in
3211 549 3398 605 sedem
3430 549 3527 604 tle-

236 649 360 706 uat’
385 647 536 717 ἐμοῦ
575 646 688 714 ἔσῃ
727 647 798 702 ἐν
831 647 914 713 τῷ
953 647 1300 716 παραδείσῳ
1321 665 1334 678 ·
1371 649 1508 712 ἀλλά
1547 649 1644 703 καὶ
1683 650 1821 719 πρὸς

237 739 405 794 αὑτὸν
438 736 740 803 ἀνάγεσθαι
770 737 864 790 τὸν
896 737 1124 808 οὐρανὸν
1155 737 1255 790 οὐκ
1284 737 1650 806 ἀπείργονται
1675 753 1688 772 ο
1724 737 1822 792 καὶ

237 832 448 898 ταύτην
473 828 583 898 γὰρ
609 829 709 897 τὴν
737 827 853 882 ὁδὸν
878 828 1044 891 αὐτὸς
1072 828 1275 882 ὁδεύειν
1301 829 1330 880 ό
1361 827 1564 898 Κύριος
1590 829 1816 892 ἔδωκεν,

238 919 548 989 πρόδρομος
578 919 659 978 είς
684 918 784 987 τὴν
809 917 922 973 ἀνω
952 917 1159 987 σκηνὴν
1185 917 1469 972 εἰσελθών.
1504 918 1566 970 Ei
1603 917 1677 987 μὴ
1708 918 1816 988 γάρ

237 1012 403 1068 τοῦτο
436 1006 508 1080 ἦν
529 1048 544 1072 ,
581 1009 678 1062 οὐκ
715 1009 779 1063 ἂν
811 1009 974 1071 αὐτὸς
1007 1010 1035 1060 ό
1071 1007 1393 1071 Ἀπόστολος
1427 1009 1652 1064 ἐκάλεσε
1686 1010 1825 1077 πρό-

242 1105 485 1176 δρομον
529 1103 558 1159 ὁ
603 1101 713 1172 γάρ
755 1100 1066 1171 πρόδρομός
1108 1117 1272 1153 τινων
1313 1104 1530 1163 πάντως
1573 1103 1668 1156 καὶ
1710 1103 1827 1157 ἔστι

247 1193 342 1246 καὶ
381 1191 600 1260 λέγεται
644 1190 992 1260 πρόδρομος·
1039 1191 1130 1242 καὶ
1178 1189 1428 1260 καθάπερ
1473 1189 1572 1259 οὐχ
1615 1190 1826 1253 ἁπλῶς.

247 1281 342 1332 καὶ
375 1278 450 1340 ὠς
480 1278 637 1348 ἔτυχε
657 1317 672 1340 ,
707 1277 1057 1348 πρωτότοκον
1090 1279 1154 1329 ὲκ
1187 1277 1396 1350 νεκρῶν
1425 1279 1588 1332 αὑτὸν
1619 1281 1826 1338 ἐπωνό-

251 1387 392 1438 μασε
428 1371 614 1441 χάριτι
647 1369 757 1422 τῶν
795 1369 994 1432 κοινῶς
1026 1369 1489 1441 ἀναστησομένων
1525 1371 1622 1440 ὀψέ
1658 1389 1788 1426 ποτε
1810 1412 1824 1436 ,

247 1461 392 1516 οὕτω
427 1461 523 1516 καὶ
559 1461 868 1531 πρόδρομον
901 1447 1056 1514 εἶπεν
1091 1461 1172 1524 είς
1204 1460 1303 1532 τὴν
1337 1462 1450 1516 ἄνω
1488 1463 1696 1533 σκηνὴν
1729 1465 1830 1518 αὑ-

249 1555 342 1606 τὸν
373 1551 660 1618 εἰσελθεῖν,
695 1553 795 1622 οὐχ
820 1552 1028 1621 ἁπλῶς,
1053 1553 1168 1605 ἀλλ’
1193 1551 1420 1607 ἐκείνων
1457 1554 1674 1618 πάντως
1715 1555 1834 1609 ἓνε-

251 1664 350 1699 κεν
379 1646 485 1699 τῶν
512 1648 968 1716 είσέλέυσομένων
993 1648 1174 1700 ἐκεῖσε
1205 1647 1436 1700 κατόπιν
1464 1647 1658 1702 αὐτοῦ.
1685 1648 1748 1702 Et
1775 1649 1834 1703 δὲ

1930 661 2095 714 super
2159 647 2460 718 ingressus.
2489 645 2552 702 Si
2584 646 2733 701 enim
2771 660 2860 700 res
2906 645 2978 698 ita
3022 658 3080 698 se
3112 659 3222 696 non
3256 645 3478 697 haberet
3507 682 3522 704 ,

1943 739 2241 808 Apostolus
2276 740 2391 809 ipse
2419 751 2814 809 praecursorem
2846 753 2956 791 non
2990 745 3282 791 vocasset:
3316 735 3522 789 etenim

1930 846 2235 900 pt-aaeursor
2296 831 2608 900 aliquorum
2668 840 2724 884 et
2778 839 2862 885 est
2903 839 2960 884 et
3024 829 3228 886 dicitur
3285 841 3530 896 praeur-

1931 939 2069 977 sor:
2108 939 2172 977 ac
2229 924 2395 978 veluti
2456 923 2598 977 haud
2649 921 2874 983 fortuito
2926 938 3057 976 rasu
3110 930 3166 976 et
3209 921 3267 974 in
3320 933 3522 974 vanum

1933 1014 2366 1085 Primogenitutn
2399 1030 2465 1068 ex
2499 1015 2728 1069 mortuis
2764 1014 3133 1083 nuncupavit,
3154 1021 3376 1082 propter
3401 1011 3526 1064 illos

1933 1107 2030 1177 qui
2058 1121 2164 1160 una
2201 1116 2488 1177 resurgunt
2516 1107 2569 1160 in
2601 1107 2902 1164 novissimo
2929 1106 3039 1170 die,
3077 1104 3151 1158 ita
3183 1105 3350 1158 etiam
3384 1117 3526 1172 prae-
3601 1141 3603 1144 ι

1937 1213 2215 1253 cursorem
2273 1199 2327 1253 in
2373 1199 2559 1254 sedem
2627 1213 2922 1265 supernam
3000 1197 3305 1266 ingressum
3345 1193 3528 1258 dixit,

1941 1292 2082 1346 haud
2129 1302 2355 1355 temere,
2399 1292 2494 1348 sed
2526 1291 2756 1346 omnino
2801 1291 3018 1346 illorum
3067 1290 3237 1359 gratia
3267 1288 3363 1355 qui
3401 1302 3530 1340 cum

1939 1381 2053 1450 ipso
2085 1394 2213 1437 sunt
2246 1383 2574 1452 ingressuri.
2608 1383 2664 1438 Si
2697 1397 2828 1437 vero
2869 1381 2986 1435 haec
3015 1382 3088 1434 ita
3119 1394 3181 1434 se
3221 1379 3452 1441 habent,
3480 1379 3531 1432 si

1934 1488 2120 1528 coram
2156 1474 2381 1529 Christo
2411 1483 2561 1529 stant
2586 1474 2678 1542 qui
2710 1475 2761 1527 in
2797 1476 2916 1543 ipso
2949 1473 3113 1526 vitam
3149 1477 3525 1532 mutaverunt,

1937 1580 2111 1634 quare
2139 1565 2289 1634 ipsos
2326 1581 2427 1635 pro
2457 1565 2617 1620 nobis
2647 1564 2998 1619 intercedere
3029 1560 3444 1632 negaverimus,
3475 1564 3536 1610 et

1953 1672 2048 1726 per
2073 1657 2337 1712 visionem
2361 1667 2414 1712 et
2450 1673 2548 1727 per
2571 1671 2827 1712 somnum
2857 1652 3167 1724 apparere?

257 1739 428 1792 ταῦτα
484 1737 657 1802 οὕτως
707 1737 822 1812 ἔχει
888 1739 938 1791 εί
1009 1736 1088 1808 τῷ
1118 1736 1341 1808 Χριστῷ
1372 1738 1742 1808 συμπάρεισιν
1770 1743 1820 1796 oi
1853 1744 1910 1797 ἐν
1951 1746 2102 1816 αὐτῴ
2131 1747 2224 1799 τὶν
2257 1747 2371 1816 βίον
2399 1747 2748 1810 ἀλλάξαντες,
2777 1746 2900 1806 πῶς
2929 1744 3048 1813 οὐχὶ
3081 1741 3176 1794 καὶ
3205 1735 3538 1811 πρεσϐεύειν

250 1836 452 1898 αὐτοὺς
483 1835 625 1902 ὑπὲρ
655 1836 819 1902 ἡμῶν
872 1834 1088 1902 ίπωμεν
1109 1873 1125 1899 ,
1159 1831 1311 1904 ῦπαρ
1340 1851 1398 1886 τε
1429 1837 1544 1897 τοῖς
1571 1835 1951 1907 καλουμένοις,
1981 1845 2078 1895 καὶ
2107 1843 2234 1895 καθ’
2259 1841 2463 1905 ὕπνους
2493 1841 2693 1903 αὐτοὺς
2722 1841 2818 1894 καὶ
2845 1835 3231 1904 ἐπιφαίνεσθαι
3251 1874 3267 1900 ,

324 1927 401 1994 ς’.
424 1928 534 1982 Kal
562 1927 734 1982 ταῦτα
764 1926 855 1978 τὸν
885 1926 942 1976 ἐν
967 1925 1144 1994 ἁγίοις
1172 1926 1397 1992 Συμεὼν
1424 1927 1514 1978 τὸν
1546 1926 1847 1997 Μεταφρα-

2019 1934 2073 1986 6.
2109 1933 2338 2001 Insuper
2387 1932 2441 1985 in
2490 1928 2697 1985 sanctis
2754 1927 3068 1986 Simeonem
3120 1921 3536 1992 Metaphrasten

253 2021 388 2093 στὴν
419 2021 476 2074 τὸ
504 2020 679 2087 δόγμα
709 2017 871 2072 τοῦτο
903 2016 1240 2070 συνιστῶντα
1265 2017 1374 2084 πρὸ
1402 2018 1511 2076 τῶν
1541 2017 1719 2072 ἄλλων
1750 2019 1837 2072 εὑ-

256 2115 591 2185 ρίσκοντες’-
630 2112 690 2162 ὲν
743 2109 852 2179 γὰρ
903 2108 980 2178 τῷ
1034 2108 1136 2180 βίῳ
1190 2111 1289 2179 τῆς
1344 2109 1838 2181 μεγαλομὰρτυρος

269 2203 628 2267 ’Δναστασίας
657 2203 758 2272 τῆς
795 2201 1075 2271 Ῥωμαίας
1106 2203 1199 2256 καὶ
1228 2201 1355 2256 τάδε
1387 2203 1554 2272 φησίν
1581 2219 1596 2234 ο
1634 2201 1700 2255 Ἦ
1732 2219 1838 2272 μαι

258 2298 432 2368 καρία
478 2295 708 2366 θεοδότη
757 2296 814 2349 ὲν
860 2295 1073 2366 φρουρᾷ
1116 2296 1183 2365 τῇ
1232 2295 1469 2367 μάρτυρι
1509 2294 1842 2364 ’Δναστασίᾳ

256 2387 398 2458 οὔσῃ
439 2387 525 2456 ἐφ’
551 2387 720 2456 ἕκτης
755 2386 1009 2456 ὁρωμένη
1049 2385 1244 2449 νυκτὸς
1281 2385 1419 2456 πρὸς
1455 2385 1580 2447 τοὺς
1622 2385 1843 2448 ἀγῶνας

259 2479 673 2551 ἐρρὡνυεν,ὴν
691 2479 786 2532 καὶ
816 2477 1079 2541 πολλάκις
1109 2477 1357 2546 φοιτῶσα
1385 2479 1417 2544 ἡ
1448 2477 1615 2546 μηδὲν
1636 2477 1844 2529 ἐάσασα

259 2574 374 2627 τῶν
403 2571 627 2640 ἀγαθῶν
655 2570 1036 2646 ἀνεξέταστον,
1063 2570 1162 2624 καὶ
1190 2568 1349 2623 τοῦτο
1393 2568 1557 2638 ἤρετο
1582 2604 1598 2632 ,
1629 2567 1750 2622 τίνα
1779 2567 1844 2638 δὴ

263 2664 493 2730 τρόπον,
519 2662 777 2730 λέγουσα,
802 2661 942 2730 μετά
972 2660 1034 2712 τὸ
1057 2660 1238 2714 θανεῖν
1272 2659 1434 2729 φοιτᾷ
1466 2658 1602 2728 πρὸς
1637 2657 1848 2728 adsita;

277 2755 347 2808 Ἦ
377 2754 436 2808 δὲ
465 2751 712 2810 δεδόσθαι
743 2753 864 2818 ταῖς
897 2749 1007 2803 τῶν
1043 2747 1342 2819 μαρτύρων
1375 2747 1484 2816 εφη
1516 2745 1718 2815 ψυχαῖς
1753 2747 1852 2801 καὶ

267 2845 428 2898 τοῦτο
469 2845 620 2914 παρὰ
659 2841 822 2908 Θεοῦ,
855 2841 918 2893 τδ
960 2842 1100 2910 μετά
1131 2840 1231 2910 τὴν
1265 2838 1517 2892 ἐντεῦθεν
1551 2837 1850 2907 ἐπιδημίαν

269 2937 562 3006 ἐπιφοιτᾷ-δ
590 2935 716 3005 παρ’
742 2928 822 2996 οἷς
850 2933 914 2987 ἂν
943 2934 1036 2992 καὶ
1064 2931 1370 3002 βούλοιντο,
1398 2933 1491 2991 καὶ
1518 2929 1732 3000 ὁμιλίας
1758 2933 1864 2984 και

271 3031 677 3099 παρακλήσεως
708 3028 907 3090 αὐτοὺς
940 3025 1148 3090 ἀξιοῦν.
1181 3025 1364 3078 Ταῦτα
1397 3025 1454 3078 δὲ
1485 3025 1581 3076 καὶ
1609 3025 1638 3076 ό
1669 3021 1854 3081 θεολό⁴

273 3141 370 3192 γος
399 3122 702 3193 Γρηγόριος
731 3118 1043 3172 ὲπιδεόαιοῖ
1074 3117 1248 3186 λέγων
1273 3133 1286 3146 ·
1320 3117 1454 3170 Τότε
1485 3115 1686 3186 ὄψομαι
1717 3117 1856 3172 Και-

1940 2028 2072 2084 illud
2115 2029 2322 2100 dogma
2355 2043 2466 2098 prae
2515 2025 2732 2082 caneris
2787 2031 3123 2078 asserentem
3175 2018 3560 2074 invenimus:

1940 2123 2143 2177 etenim
2174 2121 2233 2175 in
2277 2119 2401 2175 Vita
2435 2135 2644 2190 magna:
2675 2115 2930 2188 martyris
2955 2110 3259 2168 Anastasiae
3281 2109 3543 2164 Romana:

1941 2216 2014 2270 ita
2049 2215 2294 2285 loquitur
2327 2230 2342 2267 :
2375 2213 2536 2268 Beata
2559 2211 2869 2274 Theodoto,
2895 2221 3018 2277 quae
3052 2204 3276 2271 martyri
3303 2203 3543 2257 Anasta-

1942 2309 2038 2363 siae
2064 2309 2120 2362 in
2171 2321 2452 2364 carcerem
2491 2303 2753 2371 coniectae
2803 2301 2950 2356 circa
2995 2307 3206 2354 sextam
3239 2295 3416 2350 noctis
3445 2295 3546 2348 ho-

1943 2411 2059 2452 ram
2091 2398 2231 2460 visa,
2267 2398 2334 2452 ad
2359 2404 2644 2451 certamen
2675 2391 3097 2456 cohortabatur;
3145 2401 3273 2441 nam
3330 2383 3544 2439 nullum

1943 2491 2152 2546 bonum
2176 2488 2574 2559 inexploratum
2607 2485 2945 2555 relinquens,
2980 2483 3096 2536 haec
3125 2479 3346 2552 quoque
3374 2491 3538 2547 roga-

1946 2583 2037 2639 bat
2057 2622 2071 2646 ,
2101 2596 2341 2652 quonam
2367 2579 2531 2635 modo
2583 2589 2709 2648 post
2741 2585 2970 2633 mortem
2995 2574 3097 2644 ipsi
3124 2573 3358 2642 loquens
3381 2585 3551 2640 appa-

1953 2684 2122 2730 reret.
2152 2673 2244 2730 illa
2281 2687 2411 2726 vero
2441 2679 2746 2741 martyrqu
2780 2667 3070 2724 animabus
3086 2663 3318 2720 concedi
3348 2661 3487 2717 dixit
3517 2676 3550 2715 a

1952 2767 2086 2830 Deo,
2110 2774 2233 2837 post
2261 2763 2655 2819 discessionem
2683 2777 2749 2816 ex
2778 2761 2882 2815 hac
2907 2767 3073 2820 terra,
3105 2758 3175 2811 iis
3203 2756 3406 2826 quibus
3433 2768 3543 2808 vo-

1953 2859 2074 2913 lunt
2105 2871 2370 2926 apparere
2400 2861 2456 2909 et
2493 2854 2645 2924 ipsos
2677 2867 2773 2907 sua
2801 2850 3089 2922 praesentia
3120 2856 3176 2903 et
3217 2845 3546 2903 confabula—

1957 2951 2108 3006 tione
2136 2947 2372 3018 dignari.
2406 2945 2535 3001 Haec
2561 2947 2726 3000 etiam
2757 2943 3044 3012 theoi0gus
3072 2938 3375 3008 Gregorius
3397 2937 3546 2990 aiﬁr-

1956 3052 2070 3097 mat
2103 3041 2333 3096 dicens:
2365 3039 2522 3094 Tunc
2563 3037 2762 3093 videbo
2804 3033 3105 3092 Caesarium
3148 3027 3496 3101 splendidum
3530 3069 3545 3094 ,
3627 3057 3637 3063 ε

1957 3135 2280 3206 gloriosum,
2313 3139 2590 3194 ornatum,
2620 3127 2841 3198 qualem
2865 3127 2998 3181 mihi
3022 3125 3074 3179 in
3103 3123 3312 3180 somnis
3345 3131 3398 3177 te
3419 3135 3555 3192 pra:-

278 3215 468 3285 σάριον
494 3211 775 3283 λαμπρὸν,
803 3211 1036 3275 ἔνδοξον,
1065 3209 1460 3279 ἀγαλλόμενον,
1489 3201 1604 3271 οἷός
1638 3224 1729 3278 μοι
1758 3209 1851 3264 καὶ

1960 3201 2151 3291 buisti,
2179 3223 2410 3278 iratrum
2446 3220 2844 3277 amantissime.

279 3305 397 3360 κατ’
419 3305 554 3375 ὄναρ
583 3303 794 3373 ὤφθης,
827 3302 1074 3378 ἀδελφῶν
1105 3300 1351 3371 φίλτατε.

353 3399 422 3464 ζ’.
446 3400 540 3471 Μὴ
573 3398 670 3453 οὖν
704 3397 926 3452 ἀπίστει
957 3400 1070 3460 τοῖς
1101 3397 1422 3475 λεγομένοις
1445 3415 1461 3432 ο
1495 3397 1600 3468 δρα
1635 3397 1746 3466 γὰρ
1776 3397 1864 3449 ὅτι.

274 3497 372 3550 καὶ
393 3495 516 3549 καθ’
537 3493 600 3548 ὃν
621 3491 920 3562 ἑκδημοῦσι
946 3491 1144 3562 καιρὸν
1167 3491 1218 3544 οἱ
1242 3491 1386 3545 κατὰ
1411 3489 1546 3544 Θεὸν
1570 3491 1856 3560 ζήσαντες,

275 3583 546 3644 ὀπτασίας
595 3581 767 3649 ἁγίων
815 3581 1103 3636 τεθᾶανται
1129 3595 1144 3610 ’
1190 3580 1289 3634 καὶ
1331 3579 1494 3649 δῆλον
1538 3579 1603 3633 ἐκ
1649 3597 1710 3632 τε
1752 3579 1860 3632 τῶν

281 3673 709 3742 συμϐεϐηκότων
738 3674 819 3742 τῷ
868 3659 1094 3742 μεγάλιρ
1133 3674 1336 3744 Δανιὴλ
1366 3672 1443 3743 τῷ
1483 3670 1714 3742 Στυλίτῃ
1735 3710 1751 3735 ,
1785 3669 1862 3740 τῷ

285 3761 506 3834 μεγάλῳ
545 3762 720 3833 Σάὸᾳ,
753 3762 850 3816 καὶ
888 3764 1097 3832 ἑτέροις
1129 3764 1242 3817 τῶν
1274 3766 1448 3831 ἁγίων
1499 3763 1600 3817 οὐκ
1635 3762 1859 3830 ὀλίγων.

292 3856 488 3909 Ἦνίκα
529 3854 638 3924 γὰρ
677 3853 776 3907 τοῦ
821 3852 1074 3922 σώματος
1101 3853 1866 3924 ἑχωρίζοντο,ὲφεστήκεισαυ

281 3946 333 3999 oi
365 3945 461 3998 ἀπ’
484 3944 700 4000 αίώνων
729 3943 878 4015 ἆγιοι
909 3943 1051 3998 ὅσιοί
1080 3960 1141 3996 τε
1172 3946 1268 3996 καὶ
1304 3945 1589 4014 μάρτυρες
1621 3957 1861 4012 προσκα-

281 4037 536 4106 λούμενοι
577 4037 776 4096 αὐτοὺς
820 4037 918 4090 σὺν
952 4035 1301 4106 ἐπουρανίοις
1340 4035 1656 4105 δυνάμεσιν.
1693 4035 1868 4104 Εἴπερ

280 4125 378 4181 οὖν
420 4128 522 4180 οὐκ
570 4123 638 4196 ἦν
681 4125 922 4195 ἀληθὲς,
953 4125 1054 4179 -ὂτι
1102 4125 1426 4194 ἐφίστανται
1467 4127 1583 4188 τοῖς
1631 4124 1866 4180 ἐνταῦθα

283 4217 618 4272 ἀπελθοῦσαι
649 4217 757 4273 τῶν
791 4217 965 4282 ἁγίων
995 4217 1204 4287 ψυχαὶ,
1239 4218 1338 4270 οὐκ
1368 4217 1434 4272 ἂν
1461 4218 1490 4270 ὁ
1518 4215 1868 4287 πατριάρχης

285 4311 490 4372 ἁκεῖνος
529 4308 731 4373 Φώτιος
796 4308 874 4378 τῷ
919 4309 1142 4379 μεγάλῳ
1180 4307 1472 4379 Γρηγορίῳ
1505 4307 1584 4377 τῷ
1625 4307 1869 4377 Διαλόγῳ

287 4399 597 4454 ἀκολουθῶν
629 4400 803 4464 οὕτως
839 4400 994 4469 ἔλεγε
1023 4417 1036 4432 ·
1074 4399 1198 4462 Τοῖς
1237 4400 1335 4470 μὲν
1367 4396 1465 4453 οὖν
1500 4399 1729 4470 βραχέσι
1762 4401 1869 4454 τῶν

289 4493 461 4560 ἁγίων
487 4492 761 4561 λειψάνοις
792 4495 888 4550 καὶ
919 4493 1122 4564 μᾶλλον
1150 4495 1182 4564 ἡ
1210 4493 1320 4547 τῶν
1347 4493 1592 4563 σημείων
1618 4493 1870 4561 ἐνέργεια

287 4584 490 4640 δίδοται
517 4585 606 4639 διὰ
634 4585 734 4654 τὴν
759 4585 868 4637 τῶν
901 4584 1115 4641 πολλῶν
1147 4583 1408 4638 ἀπιστίαν
1433 4601 1446 4615 ·
1478 4585 1589 4646 τοῖς
1622 4583 1730 4653 γὰρ
1756 4582 1871 4639 ὁλο-

2040 3387 2091 3443 7.
2123 3385 2203 3448 Ne
2240 3385 2405 3457 igitur
2463 3383 2535 3439 de
2584 3381 2669 3436 his
2717 3379 2878 3436 dictis
2918 3377 3137 3438 dubites
3175 3393 3190 3432 :
3221 3376 3368 3432 scias
3404 3375 3556 3432 enim

1968 3478 2115 3550 quod
2151 3478 2187 3532 ii
2239 3478 2332 3546 qui
2385 3475 2516 3530 dum
2567 3473 2621 3528 in
2676 3471 2838 3526 terris
2884 3470 3118 3538 agebant
3153 3469 3207 3526 in
3247 3466 3357 3522 Deo
3388 3465 3556 3522 vitam

1968 3578 2224 3642 egerunt,
2257 3575 2574 3623 sanctorum
2627 3564 2891 3622 visionem
2942 3562 3151 3629 experti
3193 3568 3342 3614 sunt.
3404 3558 3560 3614 Patet

1967 3679 2035 3726 ex
2065 3663 2134 3718 iis
2159 3677 2282 3731 quae
2315 3674 2511 3730 magno
2540 3655 2752 3712 Danieli
2783 3655 3014 3726 Stylittc,
3037 3669 3236 3722 magno
3268 3652 3424 3711 Sabae
3453 3665 3558 3706 ca:-

1971 3757 2210 3828 terisque
2241 3753 2448 3810 sanctis
2475 3750 2618 3806 haud
2648 3749 2837 3818 paucis
2864 3749 3231 3818 contigerunt.
3267 3745 3555 3813 Postquam

1971 3851 2117 3910 enim
2146 3861 2380 3917 corpore
2423 3843 2585 3900 soluti
2617 3849 2806 3898 essent
2843 3882 2859 3906 ,
2888 3839 3019 3896 inde
3053 3855 3085 3898 ε
3127 3838 3343 3893 saeculis
3381 3837 3558 3892 sancti

1970 3952 2026 4004 et
2059 3951 2350 4011 martyres,
2379 3938 2530 4006 ipsos
2562 3951 2686 3992 cum
2715 3933 3033 3990 coelestibus
3071 3931 3366 3986 virtutibus
3395 3929 3562 3986 advo-

1973 4043 2191 4094 carunt.
2229 4032 2285 4086 Si
2320 4031 2484 4102 igitur
2514 4044 2704 4083 verum
2736 4043 2844 4080 non
2873 4033 3043 4086 esset.
3084 4023 3230 4093 quod
3273 4021 3398 4078 inde
3431 4035 3561 4092 pro-

1973 4125 2132 4182 lecta
2170 4132 2488 4178 sanctorum
2517 4120 2733 4182 animae,
2773 4117 2857 4171 his
2885 4115 2979 4186 qui
3015 4129 3183 4184 supra
3209 4124 3410 4172 terram
3437 4121 3567 4168 sunt

1974 4231 2096 4274 sese
2153 4215 2456 4285 praebeant,
2477 4211 2624 4272 haud
2682 4225 2817 4266 sane
2840 4208 3155 4278 patriarcha
3187 4206 3278 4266 ille
3314 4204 3560 4270 Photius,

1974 4309 2236 4382 Gregorio
2281 4307 2476 4380 Magno
2523 4307 2876 4375 Dialogorum
2931 4303 3144 4359 auctori
3211 4301 3562 4361 assentiens,

1977 4403 2052 4458 ita
2085 4403 2315 4460 dixisset
2347 4418 2362 4456 :
2402 4399 2593 4459 Parvis
2624 4407 2940 4454 sanctorum
2982 4393 3229 4463 reliquiis
3257 4393 3420 4450 etiam
3451 4407 3566 4446 ma—

1977 4496 2060 4567 gis
2107 4494 2499 4552 miraculorum
2541 4491 2715 4544 virtus
2755 4486 3074 4543 conceditur
3131 4484 3202 4542 ob
3267 4485 3575 4538 multorum’

1979 4585 2456 4641 incredulitatem:
2511 4582 2684 4637 turbae
2721 4579 2868 4635 enim
2904 4576 3130 4635 minime
3183 4574 3405 4644 prodest
3442 4589 3568 4642 pro-

291 4676 517 4746 κλήροις
551 4676 726 4730 οὐδενὶ
756 4677 1094 4731 διανίσταται
1129 4676 1410 4745 λογισμὸς,
1442 4676 1517 4740 ὼς
1547 4677 1608 4730 οὐ
1645 4676 1844 4733 δύνατα

1971 4678 2079 4734 lata
2126 4677 2290 4739 ratio,
2342 4675 2488 4742 quod
2523 4673 2642 4730 haec
2697 4673 2830 4726 mira
2875 4685 2997 4726 sese
3036 4669 3240 4727 habere
3285 4677 3570 4737 nequeunt

289 4769 465 4822 ταῦτα
522 4767 965 4837 θαυματουργσίν
1020 4771 1316 4826 ἐπιστασία
1375 4768 1484 4822 τῶν
1544 4767 1851 4823 καλλινίκωπ

1967 4769 2234 4839 justarum
2288 4768 2596 4821 animarum
2643 4767 2984 4835 jussu,quae
3045 4761 3101 4816 in
3163 4774 3395 4830 corpore
3439 4775 3571 4830 ago-

289 4857 500 4928 ψυχῶν,
535 4859 592 4912 αἳ
635 4861 748 4922 τοῖς
792 4860 902 4912 τῶν
947 4862 1222 4930 σωμάτων
1262 4861 1658 4929 συνδιήθλησαν
1698 4860 1848 4927 ἀγὼο

1972 4879 2072 4922 nes
2128 4863 2452 4930 lahoresitue
2481 4869 2854 4916 certaverunt.
2889 4857 3027 4924 Quid
3061 4856 3171 4911 hoc
3220 4854 3571 4910 evidentius?
3618 4889 3620 4891 ›

291 4950 390 5004 καὶ
421 4952 626 5013 πόνοις.
651 4951 716 5004 Τί
749 4951 940 5004 τούτου
979 4952 1699 5023 σαφέστερονςΈπιστασίᾳν
1727 4953 1837 5020 γὰρ
1857 4991 1873 5017 ,

291 5045 460 5112 φησι,
506 5044 613 5098 τῶν
651 5045 976 5098 καλλινίκων
1013 5043 1201 5117 ψυχῶν
1241 5045 1311 5098 τὰ
1348 5045 1460 5099 τῶν
1499 5045 1670 5112 ἁγίων
1713 5060 1874 5113 τερα-

291 5136 588 5213 τουργοῦσι
628 5137 881 5204 λείψανα.
914 5136 1180 5207 Ἀψευδὴς
1220 5136 1329 5206 γὰρ
1369 5139 1396 5194 ὁ
1437 5139 1497 5188 ὲν
1537 5137 1722 5198 αὐτοῖς
1762 5137 1870 5196 τοῑ,

290 5229 618 5291 ἀποστόλοις
658 5230 752 5282 καὶ
795 5229 927 5281 πᾶσι
970 5230 1082 5291 τοῖς
1127 5228 1437 5298 θεαρέστοις
1482 5226 1874 5295 πολιτευσαμέ-

286 5339 406 5383 νοις
439 5321 609 5374 εἰπὼν
641 5321 796 5384 Θεὸς,
835 5319 982 5373 Ἰδοὺ
1016 5319 1131 5389 ἐγὼ
1160 5319 1290 5388 μεθ’
1319 5317 1488 5389 ὑμῶν
1519 5323 1638 5390 εἰμι
1671 5319 1874 5386 πάσας

287 5415 402 5480 τὰς
432 5414 657 5483 ἡμέρας
684 5413 798 5480 ἕως
825 5412 935 5483 τῆς
967 5412 1352 5478 συντελείας.

373 5506 436 5577 q'.
475 5508 568 5576 Μὴ
596 5503 690 5562 οὖν
720 5509 813 5560 ἐπὶ
843 5506 1004 5560 πλέον
1034 5504 1367 5576 ἀμφίϐαλλε,
1399 5507 1534 5576 μηδὲ
1562 5506 1687 5575 λέγε
1707 5545 1720 5568 ,
1759 5506 1874 5571 πῶς

289 5598 529 5667 ἀλλαχοῦ
564 5599 960 5669 μεθιστάμεναι
990 5601 1105 5661 τοῖς
1138 5596 1375 5650 ἐνταῦθα
1396 5613 1411 5662 ;
1430 5595 1540 5650 Καὶ
1568 5595 1874 5650 ἀποϐεὸιω-

293 5692 419 5746 κόσι
446 5690 554 5760 γὰρ
581 5693 691 5754 τοῖς
723 5689 899 5759 ἁγίοις
929 5689 1194 5758 πάρεστιν
1219 5691 1250 5759 ἡ
1281 5687 1374 5742 τοῦ
1405 5687 1672 5756 παναγίου
1705 5686 1872 5740 Πνεύο

297 5790 469 5854 ματος
513 5781 671 5853 χάρις
700 5799 714 5814 ·
756 5781 1053 5836 κάντεῦθεν
1090 5783 1204 5844 τοῖς
1245 5781 1392 5845 ναοῖς
1435 5780 1617 5834 αὐτῶν
1657 5779 1876 5849 ἐπιφαί-

297 5892 515 5947 νονται,
567 5875 660 5929 καὶ
707 5875 821 5940 τοῖς
873 5874 1322 5946 ἐπικαλουμένοις
1375 5873 1726 5944 ἐφίστανται,
1780 5872 1875 5926 καὶ

1980 4955 2282 5021 Justarum,
2316 4954 2484 5018 enim,
2516 4951 2710 5021 inquit,
2743 4949 3048 5005 animarum
3078 4948 3232 5015 iussu
3252 4955 3570 5002 sanctoium

1982 5047 2227 5118 reliquiae
2286 5045 2548 5101 miracula
2610 5054 2850 5114 patrant.
2912 5042 3086 5099 Verax
3135 5034 3286 5102 enim
3340 5039 3396 5094 in
3439 5038 3572 5108 ipsis
3618 5045 3627 5052 '

1982 5141 2247 5211 apostolis
2264 5139 2589 5209 cunctisque
2622 5137 2824 5194 divinis
2850 5135 3118 5191 ministris
3148 5135 3378 5202 loquens
3403 5131 3572 5196 Deus,

1987 5251 2006 5286 ι
2045 5230 2185 5286 Ecce
2213 5246 2337 5300 ego,
2371 5229 2572 5299 inquit,
2606 5229 2886 5283 vobiscum
2915 5241 3037 5281 sum
3072 5225 3330 5281 omnibus
3377 5223 3574 5278 diebus

1985 5339 2157 5394 usque
2207 5323 2274 5379 ad
2327 5320 2862 5378 consummationem
2915 5318 3121 5375 saeculi.
3163 5337 3183 5370 ι

2055 5502 2110 5557 8.
2142 5501 2220 5557 Ne
2255 5501 2419 5572 igitur
2448 5500 2654 5556 diutius
2685 5499 2926 5564 dubites,
2964 5513 3066 5552 nec
3095 5495 3266 5561 diras,
3287 5491 3576 5560 Quomodo

1987 5594 2211 5649 aliunde
2241 5594 2518 5647 distractae
2554 5594 2639 5653 his
2665 5607 2788 5658 quae
2833 5604 2996 5658 supra
3045 5597 3245 5642 terram
3293 5581 3574 5638 aderunt?

1988 5686 2112 5742 Vita
2143 5686 2290 5740 enim
2360 5685 2564 5740 functis
2604 5683 2807 5739 sanctis
2877 5686 3036 5736 adest
3075 5677 3255 5734 sancti
3327 5673 3572 5744 Spiritus

1988 5779 2160 5850 gratia
2186 5795 2200 5832 :
2228 5786 2283 5833 et
2312 5776 2386 5832 ibi
2418 5778 2474 5830 in
2505 5777 2724 5845 templis
2751 5774 2867 5829 suis
2897 5778 3188 5841 apparent,
3218 5778 3276 5823 et
3305 5766 3572 5822 invocan-

1989 5871 2136 5927 tibus
2165 5877 2364 5932 astant.
2395 5876 2447 5924 et
2490 5877 2686 5922 caetera
2716 5865 2900 5920 omnia
2933 5871 3102 5932 agunt
3135 5877 3202 5915 ex
3235 5858 3518 5918 voluntate
3555 5868 3568 5909 .‘
