4048 6422
600 414 713 479 919

1844 418 1900 478 Μ
1912 412 2267 477 [CHAELiS
2304 416 2349 475 G
2361 417 2564 477 LYCJ‘E
3728 418 3813 483 920

606 552 625 583 ε
672 528 969 585 Vobiscum
1042 527 1214 593 enim,
1270 524 1473 596 inquit,
1513 503 1774 584 ominibus
1823 543 1948 583 sum
1998 526 2185 581 diebus

2294 524 2462 579 τᾶλλα
2485 524 2665 581 πάντα
2689 523 2937 580 ποιοῦσιν
2955 525 3054 579 ὅσα
3078 524 3180 579 καὶ·
3200 521 3485 596 βούλονται
3501 540 3517 558 ⁸
3542 528 3669 586 Μεθ’
3684 532 3813 602 ὑμῶν

601 636 774 691 usque
806 621 873 675 ad
907 618 1443 675 consummationem
1473 618 1680 673 saeculi.
1716 635 1737 670 ι
1769 617 1849 673 Ne
1873 617 2038 690 igitur
2064 619 2186 673 ditt-

601 715 711 767 tius
740 713 1008 782 inquiras,
1045 711 1323 782 quomodo
1364 709 1586 765 aliunde
1616 709 1895 775 distracta:
1943 710 2027 765 bis
2087 712 2181 780 qui

598 819 763 875 supra
794 812 994 858 terram
1026 810 1343 873 appareant.
1386 800 1445 855 Si
1473 801 1619 877 enim
1651 801 1915 872 propheta
1945 800 2034 855 ille
2077 799 2185 855 lia-

596 898 793 962 bacuc,
822 894 1093 965 corporali
1154 894 1375 949 vinculo
1415 893 1595 948 adhuc
1643 893 1922 958 detentus,
1954 892 2022 947 ab
2055 891 2185 947 Hie-

596 987 873 1058 rosolyma
908 1001 1014 1041 una
1045 986 1350 1055 eademque
1379 986 1513 1041 liora
1542 985 1600 1039 in
1622 985 1971 1040 Chaldaicam
2004 985 2185 1055 regio-

597 1096 726 1135 nem
778 1080 1067 1151 pervenit,
1122 1078 1335 1135 Danieli
1384 1079 1666 1150 propheta:
1714 1078 1781 1137 in.
1822 1077 1977 1133 fovea
2032 1078 2185 1132 cibos

597 1172 835 1227 all‘erens
859 1212 877 1238 ,
906 1173 1185 1242 quomodo
1227 1173 1392 1225 etiam
1434 1181 1749 1226 sanctorum
1780 1171 1994 1225 animas
2029 1170 2186 1224 invoo

598 1267 855 1321 cantibus
869 1267 1165 1337 aliquando
1191 1280 1460 1336 apparere
1490 1264 1853 1335 negabimusi
1879 1263 2031 1319 Mitte
2057 1278 2186 1335 ergo

598 1373 849 1426 qumrere
882 1372 1104 1412 causam
1138 1373 1153 1412 :
1188 1358 1279 1411 ubi
1323 1366 1409 1411 est
1437 1356 1608 1427 gratia
1644 1355 1781 1422 Dei,
1837 1370 2058 1411 causam
2100 1354 2187 1409 in-

604 1448 904 1518 vestigandi
972 1448 1126 1503 locus
1185 1462 1295 1501 non
1326 1455 1412 1503 est
1444 1465 1457 1501 :
1490 1448 1635 1517 quod
1666 1454 1991 1518 appareant,
2032 1447 2184 1502 scio;

602 1544 835 1596 Patrum
866 1541 1014 1595 enim
1066 1540 1459 1596 traditionibus
1508 1555 1617 1595 non
1664 1541 1823 1596 obsto
1858 1558 1873 1596 :
1911 1541 2187 1610 quomodo

601 1648 753 1698 vero,
789 1634 973 1689 nescio
1006 1649 1020 1685 :
1054 1632 1161 1687 scit
1196 1631 1467 1687 mirabilis
1517 1632 1610 1687 ille
1658 1632 1713 1687 in
1763 1633 1970 1689 sanctis
2018 1632 2135 1688 suis
2167 1650 2182 1686 :

600 1724 752 1793 quod
790 1724 935 1789 vivo,
967 1725 1111 1794 quod
1142 1725 1377 1789 nutrior,
1412 1725 1529 1779 scio
1557 1740 1570 1777 :
1605 1725 1883 1795 quomodo
1906 1740 2059 1792 vero,
2092 1741 2188 1780 ne-

600 1816 929 1885 scio:quod
981 1816 1145 1871 etiam
1198 1816 1419 1886 corpori
1470 1815 1653 1871 anima
1697 1816 1969 1887 jungitur,
2005 1818 2121 1872 scio
2169 1834 2183 1870 :

598 1908 873 1977 quomodo
901 1922 1052 1974 vero,
1082 1908 1268 1964 nescio
1301 1920 1319 1959 :
1354 1908 1501 1978 quod
1542 1908 1807 1978 spiritalis
1840 1918 1897 1964 et
1932 1909 2186 1965 immate-

603 2001 773 2068 rialis,
805 2000 943 2066 scio,
980 2000 1162 2055 audivi
1196 2000 1344 2054 enim
1378 2017 1391 2051 :
1421 2000 1604 2071 qualis
1634 2016 1767 2056 vero
1797 2000 1921 2071 ejus
1948 2002 2184 2071 species,

597 2108 663 2147 ac
716 2092 893 2164 qualis
948 2092 1187 2149 essentia
1215 2133 1231 2159 ,
1264 2093 1452 2148 nescio
1485 2110 1499 2148 :
1528 2091 1635 2149 hoc
1677 2093 1825 2149 enim
1878 2093 2186 2163 inexplora-

599 2193 715 2237 tum
753 2183 955 2238 mansit
986 2201 999 2236 :
1040 2184 1317 2253 quomodo
1358 2185 1508 2240 enim
1550 2185 1772 2241 noverit
1818 2184 1942 2255 quis
1973 2200 2086 2239 rem
2119 2184 2187 2239 ad

600 2275 895 2345 imaginem
933 2284 1178 2329 creatam
1211 2276 1646 2347 impenetrabilis
1676 2288 1841 2347 atque
1875 2278 2186 2346 incompre-

601 2367 891 2421 hensibilis
918 2366 1051 2421 Dei?
1078 2366 1137 2421 Si
1180 2368 1379 2423 animae
1418 2371 1657 2424 essentia
1688 2369 2189 2440 comprehendere-

601 2466 788 2523 tur,et
835 2457 1016 2527 ipsum
1064 2458 1323 2529 imaginis
1376 2468 1751 2530 prototypum.
1787 2459 1943 2527 Quod
1979 2461 2024 2515 si
2057 2475 2189 2517 vero

602 2556 953 2620 prototypum
1014 2550 1576 2620 incomprehensibile
1626 2561 1732 2617 est,
1762 2551 2189 2624 incomprehen-

603 2642 778 2699 sibilis
859 2644 1177 2699 necessario
1242 2653 1299 2699 et
1341 2643 1457 2715 ipsa
1506 2646 1777 2717 prototypi
1807 2646 1982 2718 imago
2017 2662 2031 2699 :
2061 2646 2191 2702 inde

604 2735 836 2797 plurima
889 2746 1119 2793 tractata
1175 2746 1305 2793 sunt
1352 2738 1421 2794 de
1470 2754 1570 2805 ea;
1606 2754 1770 2794 nemo
1823 2755 1955 2795 vero
2025 2738 2190 2807 hujus

601 2826 897 2898 aliquando
933 2830 1113 2900 potuit
1170 2845 1371 2903 capere
1438 2840 1735 2897 naturam,
1772 2832 1839 2888 ad
1893 2832 2188 2902 imaginem

601 2922 822 2987 factam,
854 2930 913 2975 ut
942 2921 1155 2988 dicunt,
1194 2922 1768 2995 incomprehensibilis
1815 2939 1882 2981 ac
1937 2923 2187 2980 inacces-

600 3013 777 3071 sibilis
807 3015 924 3072 Dei.

2286 619 2417 688 γὰρ,
2446 619 2603 689 φησὶ.
2620 617 2821 684 πάσας
2849 619 2956 685 τὰς
2981 618 3205 688 ἡμέρας
3230 618 3346 685 ἕως
3370 619 3478 687 τῆς
3492 625 3812 691 συντελείας.

2286 712 2379 782 Μὴ
2407 705 2502 766 οῦν
2529 712 2622 765 επὶ
2653 711 2816 765 πλέον
2842 710 3172 781 ἀμφίϐαλλε,
3200 709 3325 772 πῶς
3352 710 3577 782 ἀλλαχοῦ
3605 713 3815 783 μεθιστά.

2287 804 2463 857 Μεναι
2488 804 2602 867 τοῖς
2630 802 2865 857 ἐνταῦθα
2892 803 3056 857 πάλιν
3082 802 3432 871 ἐφίστανται.
3462 804 3521 857 El
3546 810 3645 875 γὰρ
3669 809 3693 860 ὁ
3716 825 3817 877 προ-

2288 894 2469 965 φήτης
2495 895 2702 959 ἐκεῖνος
2731 892 3006 948 ’Δϐϐακόὺ
3015 912 3053 964 μ
3081 893 3223 965 μετὰ
3248 892 3347 946 τοῦ
3377 894 3621 964 σαρκίνου
3646 895 3815 951 ἑκείνου

2287 997 2503 1058 παχους
2540 989 2649 1043 ἀπὸ
2686 988 3049 1060 Ἰερουσαλὴμ
3090 990 3150 1042 ὲν
3184 990 3256 1059 τῇ
3303 988 3443 1059 αὐτῇ
3482 988 3573 1040 καὶ
3614 990 3699 1059 μιᾷ
3730 991 3817 1061 ὥρᾳ

2286 1081 2387 1152 τὴν
2419 1081 2736 1153 Χαλδαῖκὴν
2771 1080 3036 1135 κατέλαϐε
3079 1082 3211 1151 γῆν,
3248 1080 3332 1151 τῷ
3374 1082 3622 1151 προφήτῃ
3658 1082 3818 1151 Δανιὴλ

2288 1173 2623 1243 είσκομίξων
2654 1175 2714 1227 ιν
2747 1174 2824 1245 τῷ
2862 1174 3053 1245 λάκκῳ
3084 1175 3145 1228 τὸ
3183 1174 3431 1241 ἄριστον,
3465 1174 3579 1238 πῶς
3614 1175 3718 1245 οὐχὶ
3749 1178 3819 1228 καὶ

2286 1267 2387 1331 τὰς
2419 1267 2529 1320 τῶν
2566 1266 2741 1336 ἁγίων
2774 1266 2949 1337 ψυχὰς
2982 1269 3096 1330 τοῖς
3136 1264 3594 1336 ἐπικαλουμένοις
3632 1264 3814 1319 ὀπτάνι-

2290 1360 2415 1415 σθαί
2467 1377 2600 1414 ποτε
2650 1362 2929 1430 εῐπωμεν;
2966 1360 3135 1428 Ἀφες
3185 1361 3373 1412 τοίνυν
3421 1358 3481 1412 τὸ
3531 1358 3677 1422 πῶς⁸
3722 1359 3818 1412 ἔνθα

2289 1454 2452 1524 χάρις
2491 1451 2627 1506 Θεοῦ
2648 1494 2662 1517 ,
2700 1452 2887 1523 χώραν
2921 1452 3022 1504 οὐκ
3055 1451 3166 1522 ἔχει
3199 1452 3261 1505 τὸ
3297 1451 3417 1513 πῶς
3443 1467 3457 1482 ⁸
3501 1451 3578 1503 ὅτι
3618 1450 3704 1520 μὲν
3732 1452 3815 1518 ἔρι’.

2291 1563 2514 1599 στανται
2556 1541 2676 1599 οῖδα
2702 1560 2717 1575 ⁸
2761 1545 2883 1596 οὐδὲ
2927 1543 3038 1613 γὰρ
3085 1540 3377 1597 ἁντιτείνω
3412 1543 3531 1605 ταῖς
3574 1544 3813 1610 πατρικαῖς

2288 1636 2622 1707 παραδόσεσι
2649 1652 2664 1668 ⁸
2701 1635 2762 1689 τὸ
2801 1637 2861 1690 δὲ
2896 1636 3012 1698 πῶς
3053 1636 3154 1688 οὐκ
3194 1630 3318 1689 οἶδα
3344 1651 3358 1666 ⁸
3396 1628 3537 1687 οἶδεν
3592 1634 3812 1695 ἐκεῖνοςό

2289 1729 2604 1797 θαυμαστὸς
2643 1730 2701 1781 ἐν
2734 1729 2847 1790 τοῖς
2891 1727 3069 1794 ἁγίοις
3108 1724 3279 1779 αὑτοῦ
3303 1743 3317 1757 ⁸
3352 1726 3436 1779 ὅτι
3485 1723 3581 1795 μὶν
3641 1724 3709 1787 ζῶ
3746 1723 3813 1775 καὶ

2287 1821 2561 1891 τρέφομαι
2582 1862 2597 1884 ,
2631 1816 2748 1873 οῖδα
2770 1835 2785 1851 ⁸
2822 1819 2879 1872 τὸ
2912 1819 2970 1872 δὲ
3032 1819 3150 1882 πῶς
3196 1818 3303 1872 οὐκ
3338 1814 3457 1871 οἶδα
3483 1835 3496 1849 ⁸
3533 1819 3621 1870 καὶ
3646 1816 3715 1869 ὅτι
3742 1816 3814 1883 μὲν

2289 1909 2382 1966 οὖν
2428 1911 2504 1980 τῷ
2538 1910 2755 1983 σώματι
2825 1910 3073 1964 σύνεστιν
3103 1912 3136 1977 ἠ
3170 1911 3323 1981 ψυχὴ
3344 1949 3359 1974 ,
3392 1904 3508 1963 οῖδα
3530 1923 3544 1939 ⁸
3574 1908 3628 1961 sb
3656 1906 3703 1960 δὲ
3730 1907 3814 1967 πῶς

2288 2006 2388 2059 οὐκ
2427 2001 2546 2061 οἶδα
2572 2022 2587 2038 ⁸
2624 2006 2722 2059 καὶ
2762 2006 2845 2059 ὅτι
2893 2005 2992 2073 μὲν
3027 2005 3328 2073 ἀσώματος
3374 2003 3471 2057 καῖ⁵
3513 2002 3678 2064 sum,
3706 1986 3807 2063 tua,

2289 2102 2500 2169 ἤκουσα
2532 2099 2637 2172 γάρ
2666 2115 2679 2130 ⁸
2713 2100 2766 2153 τί
2798 2099 2853 2154 δὲ
2885 2098 2945 2153 τὸ
2974 2096 3117 2163 εἶδος
3148 2100 3325 2171 αὐτῆς
3345 2140 3361 2163 ,
3397 2100 3492 2151 καὶ
3523 2096 3716 2163 ποταπὴ
3739 2095 3807 2161 τὴν

2288 2193 2477 2246 ούσιαν
2505 2193 2685 2255 εστὶν,
2712 2193 2812 2245 οὐκ
2840 2191 2957 2246 οἰδα
2983 2233 2999 2257 ,
3032 2192 3116 2246 ὅτι
3149 2192 3247 2246 καὶ
3279 2190 3671 2262 ἀνερμήνευτον
3694 2184 3806 2238 τοῦτο

2293 2283 2576 2353 μεμένηκε
2603 2300 2618 2316 ’
2656 2282 2777 2347 πῶς
2813 2284 2924 2352 γὰρ
2961 2283 3028 2337 ἂν
3062 2281 3157 2337 καὶ
3194 2282 3371 2350 είδοίη
3406 2297 3490 2345 τις
3521 2277 3614 2350 τὴν
3644 2277 3741 2331 κατ’
3757 2275 3802 2327 tl-

2290 2376 2423 2429 κόνα
2459 2373 2777 2429 κτισθεῖσαν
2812 2373 2907 2427 τοῦ
2946 2374 3317 2445 ἀπερινοήτου
3363 2372 3462 2426 καὶ
3496 2369 3794 2437 ἁκαταλήπτιν

2289 2465 2458 2531 Θεοῦ;
2492 2465 2623 2520 Ἐὰν
2652 2469 2686 2535 ἡ
2729 2464 2829 2535 τῆς
2870 2465 3054 2537 ψυχῆς
3095 2465 3258 2521 οὖσία
3300 2462 3717 2534 κατελαμϐάνετο
3746 2458 3801 2521 ἂν.

2290 2557 2386 2610 καὶ
2415 2557 2549 2609 αὐτὸ
2574 2556 2637 2609 τὸ
2662 2555 2763 2627 τῆς
2791 2555 3005 2619 είκόνος
3032 2557 3401 2625 πρωτότυπον
3422 2570 3438 2587 ⁸
3470 2554 3519 2607 εί
3543 2552 3599 2607 δι
3623 2552 3678 2605 τὸ
3701 2565 3804 2618 πρω-

2289 2647 2526 2701 τότυπον
2555 2648 2949 2719 ἀκατάληπτον
2970 2687 2986 2713 ,
3020 2648 3415 2718 ἀκατάληπτος
3447 2646 3717 2715 ἐξάναγκες
3740 2640 3802 2693 καὶ

2258 2766 2259 2771 η
2292 2741 2327 2810 ἡ
2360 2738 2457 2793 τοῦ
2493 2740 2856 2808 πρωτοτύπου
2892 2739 3056 2794 εἰκών
3080 2755 3097 2771 ⁸
3131 2739 3290 2794 ἐνθεν
3320 2758 3406 2795 τοι
3440 2740 3533 2793 καὶ
3565 2735 3711 2792 πολλὰ
3738 2730 3804 2801 μὲν

2291 2831 2664 2903 ἑφιλοσοφήθη
2694 2833 2825 2902 περὶ
2853 2832 3026 2903 αὐτῆς
3051 2849 3066 2865 ⁸
3098 2832 3275 2897 οὐδεὶς
3302 2833 3360 2887 δὲ
3390 2831 3489 2902 τὴν
3514 2828 3693 2896 ταύτης
3715 2822 3804 2893 ἡδυ-

2288 2922 2429 2994 νήθη
2477 2922 2883 2977 καταλαϐέσθαι
2935 2923 3101 2993 φύσιν
3152 2924 3327 2990 ποτε,
3373 2918 3685 2977 κατέῖκόνα
3726 2928 3807 2966 κτι-

2294 3014 2515 3069 σθεῖσαν
2535 3054 2551 3080 ,
2581 3014 2658 3079 ὡς
2686 3016 2901 3086 εἴρηται
2924 3056 2937 3082 ,
2966 3014 3064 3069 τοῦ
3093 3016 3484 3088 ἀκαταλήπτου
3512 3014 3600 3066 καὶ
3624 3004 3805 3078 ἀπροσί-

2290 3124 2385 3161 του
2416 3105 2578 3160 Θεοῦ.

674 3196 725 3252 9.
758 3194 840 3251 Ne
871 3195 1036 3267 igitur
1064 3212 1287 3253 causam
1322 3198 1583 3270 indagare
1629 3198 1766 3254 velis
1785 3238 1800 3266 ,
1833 3211 1905 3254 ne
1934 3196 2075 3252 forte
2105 3198 2178 3255 ob

2356 3195 2422 3253 θ’.
2459 3198 2631 3267 ’Δφες
2662 3198 2845 3252 τοίνυν
2879 3197 2972 3251 ἐπὶ
3005 3196 3113 3252 τῶν
3146 3196 3466 3267 παραδόξων
3496 3193 3553 3247 τὸ
3582 3188 3710 3251 mis.
3742 3182 3805 3236 ἵνα

605 3289 714 3344 hoc
740 3289 1143 3346 incredulitatis
1177 3293 1454 3349 accuseris
1486 3308 1500 3345 :
1531 3291 1667 3347 dicit
1693 3286 1898 3356 enim,c
1929 3292 2044 3349 Nisi
2068 3307 2189 3348 cre-

601 3380 889 3447 dideritis,
924 3398 1032 3438 non
1088 3382 1421 3454 intelligetis.
1463 3383 1583 3441 iUt
1635 3399 1703 3440 ex
1760 3385 1965 3440 ultimis
2026 3394 2187 3442 terra

601 3474 870 3543 apostoli.
908 3485 964 3530 et
999 3476 1114 3531 haec
1146 3477 1276 3549 dum
1312 3476 1551 3532 molesto
1584 3491 1818 3547 corpore
1867 3477 2188 3533 detineren-

601 3575 711 3629 tur,
742 3565 798 3619 in
825 3566 981 3623 obitu
1015 3568 1373 3624 sanctissimae
1397 3570 1493 3625 Dei
1534 3568 1721 3625 Matris
1752 3570 1807 3625 in
1855 3587 2023 3625 unum
2057 3580 2189 3628 sunt

605 3656 925 3724 coadunati,
954 3657 1060 3712 nisi
1110 3658 1252 3715 forte
1290 3659 1379 3714 hic
1408 3661 1632 3732 angelos
1662 3663 2034 3732 apostolorum
2065 3664 2189 3720 loco

597 3752 924 3807 convenisse
979 3751 1283 3808 dixerimus
1323 3769 1336 3806 :
1370 3762 1428 3806 ut
1463 3753 1667 3809 Paulus
1701 3754 1769 3810 ad
1824 3756 2048 3811 tertium
2075 3771 2191 3813 cce-

600 3846 712 3899 Ium
744 3844 1029 3916 abreptus,
1065 3844 1193 3900 inde
1225 3845 1282 3902 in
1312 3846 1624 3917 paradisum
1672 3848 1994 3917 descendit,
2022 3861 2078 3907 et
2108 3850 2189 3905 in-

597 3934 833 3990 eb‘abilia
876 3936 1042 3992 verba
1089 3938 1303 3994 audivit
1350 3954 1365 3992 :
1406 3940 1685 4009 quomodo
1736 3940 1999 3996 tollentur
2049 3941 2187 4009 justi

598 4028 817 4083 obviam
861 4028 1092 4084 Domino
1130 4030 1184 4084 in
1234 4046 1358 4084 aera
1399 4049 1413 4083 :
1446 4033 1726 4100 quomodo
1762 4035 1927 4088 etiam
1965 4036 2190 4090 transil-

599 4131 793 4189 gurato
812 4118 1032 4177 Christo
1064 4120 1271 4193 Moyses
1298 4132 1356 4178 et
1384 4123 1531 4178 Elias
1558 4124 1611 4177 in
1638 4134 1826 4179 monte
1847 4126 2145 4180 astiterunt
2170 4141 2187 4178 :

601 4218 725 4264 utut
772 4209 936 4281 igitur
956 4213 1092 4267 mira
1114 4212 1333 4282 quidem
1364 4214 1475 4269 sint
1516 4216 1642 4279 ista,
1670 4216 1765 4271 sed
1797 4209 1987 4271 revera
2013 4215 2188 4285 fuere,

599 4318 666 4358 ac
695 4304 1008 4363 credimus:
1032 4308 1107 4362 ita
1129 4307 1295 4362 etiam
1327 4307 1688 4365 redeuntibus
1717 4318 2036 4365 sanctorum
2066 4311 2189 4365 ani-

601 4398 705 4453 mis
736 4398 907 4455 fidere
935 4408 989 4454 te
1013 4400 1192 4455 decet.
1226 4400 1387 4467 Quod
1422 4411 1605 4457 autem
1651 4402 2048 4473 superstitibus
2085 4419 2186 4475 ap-

599 4499 815 4560 parent,
849 4493 1014 4549 crede
1046 4508 1111 4548 ex
1152 4508 1317 4565 supra
1349 4494 1575 4561 relatis;
1609 4498 1884 4565 quomodo
1912 4512 2062 4559 vero,
2083 4497 2185 4569 ipsi

2293 3286 2370 3359 μὴ
2414 3288 2510 3343 καὶ
2551 3288 2815 3343 ἀπιστίαν
2850 3287 2944 3341 ἐπὶ
2977 3289 3155 3358 τούτῳ
3216 3286 3573 3358 κατακριθῇς.
3610 3270 3808 3343 Ἔὰνμθι

2290 3372 2667 3449 πιστεύσὴτε
2696 3381 2830 3452 γὰρ,
2862 3379 3053 3450 φησιν,
3084 3378 3211 3434 οὐδ’
3236 3380 3312 3432 οὐ
3338 3376 3424 3448 μὴ
3453 3370 3665 3440 συνῆτε
3684 3385 3696 3400 ⁸
3721 3363 3805 3424 πῶς

2292 3472 2356 3524 ἐκ
2385 3471 2641 3540 περάτων
2664 3473 2712 3525 ei
2740 3471 3056 3537 ἀπόστολοι,
3085 3470 3183 3524 καὶ
3206 3471 3381 3524 ταῦτα
3402 3468 3481 3539 τῷ
3508 3462 3657 3534 παχεῖ
3674 3455 3807 3521 τούτῳ

2293 3563 2621 3636 βαρούμενοι
2663 3563 2899 3635 σώματι,
2942 3565 2999 3616 ὲν
3036 3565 3103 3634 τῇ
3156 3563 3488 3634 μεταστάσει
3527 3556 3617 3627 τῆς
3651 3553 3807 3636 ὑπεραν-

2290 3654 2414 3724 γίας
2439 3654 2705 3709 Θεοτόκου
2733 3652 2857 3707 κατ’
2879 3655 3042 3708 αὑτὸν
3070 3653 3561 3727 συνηθροίσθησαν,
3585 3646 3661 3701 ίνα
3682 3641 3725 3693 τί
3748 3635 3804 3706 μὴ

2291 3748 2387 3802 καὶ
2414 3746 2681 3815 ἀγγέλους
2707 3745 2941 3801 ἐνταῦθα
2970 3746 3240 3817 λέγωμεν,
3267 3746 3393 3801 ἀντὶ
3418 3742 3524 3796 τῶν
3547 3730 3804 3792 ἀποστόλων

2292 3840 2508 3906 nam;
2544 3839 2663 3904 πῶς
2696 3839 2726 3892 ὁ
2766 3839 2979 3905 Παῦλος
3014 3840 3099 3902 είς
3132 3838 3321 3911 τρίτον
3353 3835 3577 3908 ἀνῆλθεν
3605 3821 3805 3911 οὖρανδξιν

2294 3933 2550 3989 κάκεῖθεν
2584 3935 2666 3997 είς
2698 3933 2794 3986 τὸν
2831 3909 3179 4003 παράδεισον
3198 3929 3481 4003 ἀπηνέχθη
3503 3965 3518 3989 ,
3550 3921 3634 3978 καὶ
3666 3909 3803 3989 ῥημάο

2292 4044 2404 4081 των
2425 4027 2683 4098 ἀρρήτων
2712 4026 2914 4098 ἤκουσε
2941 4042 2956 4058 ⁸
2987 4023 3105 4089 πῶς
3155 4024 3561 4095 ἀρπαγήσονται
3587 4014 3629 4067 oi
3653 4008 3805 4098 δίκαιοι

2295 4119 2435 4190 πρὸς
2464 4097 2772 4189 ἀπάντησιν
2792 4116 2889 4171 τοῦ
2914 4115 3120 4187 Κυρίου
3144 4117 3223 4180 είς
3244 4116 3406 4187 ἀέρα,
3430 4110 3542 4170 πῶς
3565 4105 3614 4159 δὲ
3639 4097 3715 4153 καὶ
3737 4107 3805 4190 με]

2252 4246 2257 4251 ,
2292 4179 2733 4285 τάμδρφουμέᾷφ
2766 4210 2844 4281 τῷ
2878 4179 3101 4281 Χριᾷτῷ
3383 4205 3473 4260 καὶ
3506 4197 3673 4285 Ἠλίας
3702 4179 3798 4285 ὁμοῦ

2292 4274 2386 4357 tiri
2412 4274 2504 4357 τοῦ
2533 4274 3315 4374 ὅρους-ἐπέστη“σαν..ὀσπερ’
3336 4296 3430 4354 οῦν
3458 4282 3705 4392 παράδοξα

2292 4396 2399 4449 εἱσι
2430 4395 2602 4449 ταῦτα
2635 4394 2835 4457 πάντα,
2867 4393 3087 4463 έγένετο
3114 4392 3159 4445 δ’
3184 4392 3337 4462 ὅμως
3367 4388 3461 4444 καὶ
3490 4385 3768 4463 πιστεύομεν

2292 4488 2437 4543 οὕτω
2477 4489 2580 4542 κάν
2616 4490 2735 4550 ταῖς
2774 4486 3128 4548 ἀνελθούσαις
3161 4484 3270 4539 τῶν
3307 4482 3477 4553 ἁγίων
3507 4470 3686 4547 ψυχαῖς
3715 4462 3796 4553 ω’

500 4594 509 4609 ⁸
599 4582 831 4639 Domino
865 4584 1179 4650 committe;
1218 4600 1328 4639 non
1356 4585 1502 4640 enim
1550 4586 1705 4655 plura
1749 4602 1848 4659 per
1877 4587 2054 4659 ipsum
2090 4606 2181 4646 co-

2292 4581 2533 4637 νοεῖςθαί
2570 4599 2628 4634 σε
2663 4581 2813 4647 ἀξιον
2839 4597 2855 4613 ⁸
2903 4580 3000 4633 καὶ
3031 4580 3113 4633 ὅτι
3150 4578 3251 4649 μὲν
3285 4578 3597 4647 ἐφίστανται
3624 4560 3717 4659 τοῖς
3739 4552 3793 4659 {VT

596 4677 771 4744 gitare
804 4676 962 4741 licet,
991 4692 1061 4731 ne
1089 4676 1195 4731 tale
1218 4677 1348 4747 quid
1382 4678 1676 4747 patiamur,
1704 4680 1865 4749 quale
1894 4684 2183 4739 damnatus

600 4768 859 4834 Lucifer;
894 4769 1138 4837 quicum
1168 4768 1274 4839 ipsi
1314 4769 1567 4824 collatam
1605 4787 1633 4825 a
1669 4771 1900 4828 Domino
1926 4773 2178 4845 gloriam,

598 4868 782 4929 utpote
816 4860 1113 4924 dililcilem,
1140 4863 1283 4941 ferre
1307 4878 1417 4917 non
1452 4873 1655 4933 posset,
1677 4866 1731 4920 in
1755 4876 1950 4923 terram
1981 4867 2180 4923 misere

597 4960 823 5020 repente
852 4953 1110 5024 delapsus
1143 4963 1248 5009 est.
1283 4953 1630 5027 Quapropter
1659 4968 1715 5013 et
1767 4975 1964 5029 magno
2009 4961 2177 5017 Paulo

534 5040 545 5050 '
596 5058 707 5111 quo
735 5055 981 5113 tempore
1016 5046 1071 5102 in
1113 5046 1311 5102 omium
1357 5059 1440 5104 est
1493 5032 1776 5122 abreptus,
1815 5054 2179 5111 revelationes

595 5136 700 5190 sub
735 5135 954 5193 silentio
979 5138 1192 5194 tradita:
1220 5151 1350 5196 sunt
1394 5159 1407 5195 :
1454 5141 1613 5197 aliter
1642 5145 1787 5199 enim
1826 5148 1990 5201 totius
2025 5146 2177 5202 orbis

596 5225 861 5296 magister
912 5226 1134 5283 silentio
1178 5244 1287 5285 non
1340 5232 1782 5300 praetermisisset
1835 5250 1849 5286 :
1901 5235 2178 5303 quomodo

597 5334 731 5374 vero
765 5330 945 5375 tacere
974 5336 1083 5375 non
1117 5323 1442 5379 maluisset?
1470 5326 1563 5396 qui
1606 5325 1723 5397 ipse
1756 5327 1993 5397 propriae
2023 5327 2176 5382 carni

597 5409 852 5466 stimulos
892 5412 1154 5469 adbibere
1195 5429 1256 5470 se
1301 5415 1456 5481 dixit,
1505 5432 1575 5472 ne
1608 5418 2003 5474 revelationum
2037 5419 2180 5475 mole

594 5502 940 5560 obrueretur.

594 5600 923 5672 οἰκουμένης
991 5600 1312 5666 διδάσκαλος
1374 5603 1467 5657 ἐπὶ
1520 5602 1779 5658 τοσοῦτον
1818 5606 2081 5677 σεσίγηκε
2108 5625 2123 5641 ⁸
2158 5621 2247 5668 καὶ
2296 5611 2407 5673 π’ὒς
2441 5609 2549 5679 γὰρ
2579 5608 2638 5660 οὐ
2677 5604 2906 5675 σιγῆσαι
2938 5605 3243 5677 διεκρινεν;
3278 5605 3428 5670 εἴπερ
3458 5592 3601 5649 αὐτὸς

597 5696 767 5767 σαρκὶ
824 5699 1063 5753 σκόλοπα
1126 5701 1314 5757 λαϐεῖν
1365 5702 1589 5769 ἔλεγεν,
1630 5702 1718 5754 ἵνα
1757 5704 1832 5771 μη
1868 5707 1931 5775 τῇ
1972 5706 2246 5783 ὑπερϐολῇ
2290 5709 2397 5763 τῶν
2430 5705 2831 5775 ἀποκαλύψεων
2864 5706 3253 5779 ὑπεραὶρηναι.

668 5790 754 5846 10.
800 5790 1106 5867 Scripturas
1132 5798 1296 5872 igitur
1330 5799 1581 5869 amplecti
1614 5799 1896 5865 debemus,
1945 5819 2003 5855 ea
2043 5821 2166 5860 vero

2288 4674 2485 4740 ταῦθα,
2518 4672 2743 4727 πίστευε
2772 4670 2867 4741 ἀφ’
2891 4664 2967 4726 ὧν
2996 4669 3204 4724 ἀνωθεν
3233 4670 3469 4739 ἤκουσας
3494 4678 3509 4693 ⁹
3541 4658 3598 4711 τδ
3632 4652 3682 4705 δδ
3701 4653 3788 4741 ,Μ

2287 4766 2437 4838 αὐτῷ
2472 4734 2560 4838 ’τῷ
2608 4764 2800 4837 Κυρίῳ
2824 4734 3175 4833 ’κατάλειψαι
3201 4776 3215 4794 ⁸
3254 4734 3383 4814 οὐδὲ
3431 4755 3534 4825 γὰρ
3579 4734 3734 4840 πλεῖόν

2286 4822 2476 4933 νοῆται
2510 4822 2641 4932 παρ’
2671 4822 2839 4913 α’ὐτιοῦ
2873 4822 3312 4929 συγχωέούμεῠα
3340 4893 3355 4919 ν
3393 4822 3478 4905 ἵνά
3505 4822 3578 4916 id)
3607 4822 3791 4933 τΫίθῦῖόΪ

2286 4971 2340 5007 τι
2368 4926 2647 5023 ,πάθωμεν
2666 4995 2682 5020 ,
2719 4951 2901 5004 ὁποῖον
2935 4926 3188 5003 όίπενσὼν
3224 4942 3527 5014 Ἐωσφόρος
3552 4951 3564 4966 ⁸
3604 4927 3695 5023 τῆξ
3714 4926 3789 5023 Υ³ΑΡ

2284 5015 2559 5099 δοθεῖσαν.
2580 5015 2731 5115 αὑτῷ
2775 5043 2925 5114 παρά
2967 5041 3173 5112 Κυρίου
3194 5036 3547 5111 λαμπρότητα
3572 5022 3639 5095 μὴ

2286 5138 2399 5199 θεὶς
2455 5101 2741 5205 ὲνεγκεῖνι,
2768 5101 2869 5189 ἅτε
2892 5101 3280 5204 τυγχάνουσαν
3298 5101 3542 5184 ἄπλετον,
3566 5101 3788 5205 ἀνεςίράπῗι

2286 5249 2346 5285 τε
2374 5201 2840 5301 παραχρῆμαγκαὶ
2868 5201 3069 5297 πτῶμα
3095 5227 3235 5281 κατὰ
3261 5226 3365 5295 γῆς
3412 5201 3787 5301 ἐξαίσιον-ἐπεῖ

2288 5325 2387 5379 Διά
2407 5290 2490 5376 τοι
2702 5322 2797 5374 καὶ
2823 5321 2902 5393 τῷ
2932 5290 3155 5391 μεγάλῳ
3184 5290 3376 5387 Παύλῳ
3403 5306 3515 5365 καθ’
3538 5303 3589 5356 όν
3613 5290 3790 5393 τδρ-πέρ

2289 5375 2480 5490 καιρὸν
2513 5375 2978 5484 ἀποκαλυφθὲντα
3014 5375 3193 5483 σιωπῇ
3230 5375 3617 5490 παρεδόθησαν⁸
3644 5385 3689 5490 εξ

2292 5465 2473 5490 ””Τ’⁷
2515 5465 2892 5484 ⁷’”⁷”“⁷”“’1“”“
2922 5465 2961 5469 "
3165 5465 3193 5483 ιο
3311 5465 3322 5482 ι
3478 5465 3487 5472 υ
3599 5483 3618 5498 ⁸,
3741 5465 3758 5475 ,

2291 5513 2537 5583 ἐκφθορα
2566 5510 2663 5562 κοιλ⁵
2688 5506 2863 5562 ταῦτα
2893 5506 3116 5576 συνέϐη,
3146 5506 3458 5574 συνέφερεν,
3485 5492 3575 5545 οὐκ
3597 5496 3652 5536 αν
3671 5475 3694 5527 6
3713 5478 3789 5532 της

2296 5611 2407 5647 ιρνῖιο
2441 5609 2549 5647 νᾶη
2579 5608 2638 5647 m'i
2677 5604 2905 5647 ηιγῖισηῑ
2938 5605 3207 5647 Sminthium:
3231 5623 3243 5635 ⁸
3278 5605 3428 5647 εἴπεο
3458 5592 3601 5647 αὐτὸς
3627 5580 3678 5647 τῇ

3627 5599 3678 5648 τῃ
3708 5599 3777 5632 ur»:

2350 5805 2400 5860 ι’.
2449 5760 2831 5872 Στὲργεινοοῦν
2891 5760 3354 5875 τίγῇρῖιμμένα
3413 5760 3786 5867 ὀφείλομεννκαὶ
