4048 6430
267 335 370 404 921

1596 326 1966 387 EPISTOLA
2005 327 2162 388 XIX.

2727 297 2736 329 l

3400 320 3507 408 s22

269 451 381 504 τῶν
427 447 566 516 ὑπὲρ
606 444 911 514 κατάληψιν
951 443 1086 507 ὅλως
1134 443 1208 514 μὴ
1251 441 1558 506 ἅπτεσθαι,
1599 438 1716 493 ἀλλ’
1743 438 1819 491 tn‘

1942 453 2061 508 quae
2081 453 2246 508 supra
2272 444 2507 492 mentem
2535 446 2661 492 sunt
2684 434 2908 491 minime
2934 435 3305 504 tangere,'imo
3332 434 3509 506 impo-

276 539 487 599 τούτοις
528 536 627 603 τὴν
669 530 840 606 ἦτταν
883 536 1186 603 ὁμολογεῖν,
1232 539 1326 587 καὶ
1371 532 1514 602 μετὰ
1554 530 1648 583 τοῦ
1694 530 1819 614 Belo/1

1950 530 2174 583 tentiam
2217 528 2400 592 fateri,
2447 537 2504 583 et.
2548 542 2670 582 cum
2702 527 2890 582 divino
2921 526 3121 582 Davide
3144 527 3450 582 exclamare
3488 544 3502 581 :

269 628 452 692 λέγειν
507 623 666 676 Δαϐίδ
693 639 706 654 ’
749 623 1204 689 Ἑθαυμαστὼθη
1253 624 1291 688 ἡ
1341 620 1565 691 γνῶσίς
1609 633 1728 673 σου
1771 619 1819 681 ἐι

1953 639 1971 672 ι
2009 620 2142 674 Mira
2167 630 2248 674 est
2278 621 2505 675 scientia
2537 620 2614 673 tui
2648 635 2677 673 a
2709 619 2885 682 nobis,
2916 619 3080 673 nimis
3103 619 3210 673 alta
3235 631 3339 685 est;
3366 622 3505 675 nihil

271 715 440 784 ἡμῶν
464 731 480 746 ο
527 713 923 781 ἑκραταιώθη,
963 714 1034 766 οὺ
1068 712 1154 782 μὴ
1199 711 1501 778 δυνάμεοα
1543 710 1693 777 πρὸς
1734 711 1839 763 αὐ-

268 806 403 871 τήν.
454 805 578 867 Τοῖς
621 805 728 873 γὰρ
769 805 825 856 ἒν
869 803 1090 873 Χριστῷ
1135 802 1476 872 κοιμηθεϊσιν
1521 800 1696 868 ἁγίοις
1743 817 1838 869 με-

267 896 546 951 ταδέδοται
574 896 669 948 καὶ
694 895 946 965 ὑπερφυῆ
971 895 1039 947 τὰ
1064 895 1380 963 χαρίσματα
1403 908 1416 922 ·
1443 891 1536 942 καὶ
1561 891 1830 959 δεομένων

269 988 379 1057 γὰρ
409 966 572 1056 ημῶν
606 985 968 1050 ἐπακούουσι,
1005 985 1098 1038 καὶ
1139 983 1476 1052 θλιϐομένοις
1515 982 1831 1048 ἐφίστανται

269 1076 610 1148 παρηγορίας
641 1075 846 1138 ἕνεκεν,
877 1075 952 1138 ὡς
982 1074 1190 1128 ἄνωθεν
1218 1073 1455 1144 εἴρηται.
1491 1072 1616 1124 Ἐάν
1647 1071 1754 1141 γὰρ
1783 1071 1829 1122 οε

271 1165 390 1216 κατ’
412 1165 510 1232 ἐμὲ
545 1163 803 1233 ῥαθύμως
828 1163 918 1214 τὸν
950 1161 1062 1231 βίον
1090 1160 1383 1222 ἀνύσαντες
1409 1160 1516 1212 τῶν
1547 1159 1614 1211 δι’
1636 1160 1834 1222 αὐτοὺς

270 1255 505 1308 ἐνταῦθα
531 1254 872 1322 τελουμένων
898 1253 1154 1307 εὐποιιῶν
1179 1251 1640 1315 ἑπαισθάνωνται,
1668 1251 1742 1314 ὡς
1771 1253 1834 1304 ὲκ

269 1350 376 1400 τῶν
407 1346 569 1416 ἱερῶν
598 1346 828 1415 Γραφῶν
852 1345 1232 1415 διδασκόμεθα,
1262 1342 1440 1412 πολλῷ
1471 1343 1673 1413 μᾶλλον
1697 1345 1744 1395 oi
1776 1343 1832 1394 ὲν

269 1436 417 1505 αύτῷ
447 1437 525 1506 τῷ
558 1436 777 1506 Χριστῷ
807 1437 883 1504 τῷ
917 1435 1094 1505 χρεῶν
1123 1432 1833 1504 λειτουργήσαντες.¹Ἐνθεν

269 1546 353 1580 τοι
385 1530 482 1582 καὶ
511 1531 538 1580 6
570 1527 830 1595 Θεολόγος
863 1525 1162 1596 Γρηγόριος
1193 1527 1248 1578 ὲν
1279 1523 1354 1590 τῷ
1385 1526 1521 1592 πρὸς
1551 1523 1649 1592 τὴν
1678 1522 1833 1575 ἀδελ-

272 1617 380 1685 φὴν
405 1615 569 1669 αὐτοῦ
598 1614 871 1685 ἐπιταφίῳ
899 1614 1043 1684 λόγῳ
1074 1613 1169 1667 καὶ
1194 1612 1318 1666 τάδε
1351 1611 1487 1680 πρὸς
1513 1613 1623 1673 τοῖς
1655 1611 1833 1672 ἄλλοις

1942 711 2188 766 valemus
2219 712 2286 766 ad
2313 726 2455 766 eam.
2491 730 2510 763 ι
2539 711 2597 764 ln
2625 710 2842 766 Christo
2869 712 3016 765 enim
3045 713 3278 767 mortuis
3301 714 3508 769 sanctis

1940 803 2102 856 etiam
2141 802 2573 871 supernaturalia
2595 801 2734 856 dona
2755 802 2878 856 data
2900 812 3028 856 sunt
3051 819 3066 868 ;
3099 804 3381 857 orantibus
3409 819 3507 858 no-

1940 894 2023 948 bis
2049 895 2348 950 assistunt:
2385 897 2662 964 oppressis
2702 896 3097 951 consulabundi
3153 909 3503 962 succurrunt,

1943 992 2002 1036 ιιι
2019 998 2180 1052 supra
2215 983 2418 1037 dictum
2453 991 2557 1038 est.
2585 984 2640 1036 Si
2671 984 2812 1037 enim
2830 985 3048 1052 quidam
3068 985 3176 1038 vita
3217 1001 3324 1041 non
3365 987 3504 1041 bene

1941 1079 2085 1136 acta,
2121 1071 2278 1126 bonis
2304 1072 2561 1141 operibus
2587 1082 2801 1142 propter
2845 1073 2996 1142 ipsos
3039 1074 3275 1145 impletis
3309 1076 3506 1130 fruun-

1943 1171 2049 1223 tur,
2081 1170 2140 1214 ut
2164 1176 2228 1215 ex
2255 1162 2426 1215 sacris
2473 1162 2768 1231 Scripturis
2805 1162 3134 1224 audivimus.
3167 1174 3370 1231 quanto
3392 1181 3508 1218 ma-

1939 1249 2022 1318 gis
2044 1251 2133 1318 qui
2165 1250 2217 1303 in
2241 1253 2359 1319 ipso
2389 1250 2606 1304 Christo
2631 1252 2883 1306 mandata
2914 1264 3286 1309 servaverunt.
3322 1255 3506 1321 Quare
3602 1260 3605 1262 ’

1939 1339 2100 1392 etiam
2143 1339 2424 1406 theologus
2462 1337 2755 1410 Gregorius
2787 1341 2840 1394 in
2869 1339 3083 1396 funebri
3128 1344 3376 1397 oratione
3437 1345 3504 1398 ad

1938 1443 2204 1492 sororem,
2226 1428 2340 1482 haec
2370 1428 2511 1482 inter
2534 1429 2634 1483 alia
2668 1428 2828 1488 dicit:
2849 1429 3174 1484 Praesentem
3197 1446 3501 1487 sermonem

1937 1519 2139 1588 accipe,
2176 1533 2210 1572 ο
2240 1519 2397 1573 beata
2431 1535 2445 1572 :
2475 1519 2605 1574 illud
2632 1521 2775 1574 enim
2837 1522 2914 1576 tui
2962 1522 3234 1578 similibus
3283 1539 3508 1580 conces-

1939 1608 2011 1663 sit
2037 1609 2199 1671 Deus,
2237 1618 2298 1662 ut
2325 1609 2523 1664 talibus
2546 1608 2818 1665 fruantur.

270 1706 459 1774 ἔλεγεν
485 1723 499 1737 ’
530 1707 718 1771 Δέδεξο
763 1707 854 1758 τὸν
915 1705 1158 1777 Ιιιαρόντα
1186 1703 1366 1772 λόγον,
1394 1696 1439 1757 ὦ
1470 1702 1715 1773 μακαρία
1740 1717 1755 1733 ⁸
1787 1703 1882 1784 καὶ
1944 1701 2101 1755 τοῦτο
2137 1702 2243 1773 γὰρ
2279 1701 2594 1773 ἐδωρήσατο
2625 1705 2736 1767 τοῖς
2771 1702 2910 1757 κατά
2948 1702 3008 1757 σδ
3042 1707 3070 1759 6
3103 1705 3269 1771 Θεὸς,
3303 1715 3364 1759 το
3396 1707 3503 1758 τῶν

269 1801 528 1854 τοιούτων
557 1799 933 1857 αἰσθάνεσθαι.

343 1899 433 1947 ια’.
472 1891 536 1943 El
563 1891 619 1944 δὲ
645 1891 816 1944 ταῦτα
844 1889 1013 1951 οὕτως
1041 1888 1180 1958 ἔχει,
1207 1889 1370 1941 πόθεν
1396 1889 1554 1958 ἡμεῖς
1581 1886 1819 1958 όρμώμε·

2009 1889 2094 1944 14.
2123 1889 2177 1943 Si
2213 1890 2324 1943 haec
2355 1888 2428 1943 ita
2454 1904 2516 1946 se
2542 1889 2764 1954 habent,
2795 1904 2892 1944 cur
2921 1905 3020 1946 nos
3047 1890 3136 1944 tali
3165 1893 3335 1962 gratia
3370 1894 3501 1948 hinc
3614 1947 3620 1954 ,

269 2002 350 2038 νοι
379 1981 640 2056 τοιαύτης
670 1979 1079 2051 ἀποστεροῦμεν
1109 1981 1331 2050 χάριτος
1361 1979 1458 2043 τάς
1489 1976 1830 2040 ἀπελθούσαις

269 2077 375 2130 τῶν
417 2075 583 2142 ἁγίων
622 2073 836 2142 ψυχάςς
882 2072 976 2124 καὶ
1018 2069 1191 2124 ταῦτα
1233 2069 1329 2123 τοῦ
1375 2070 1677 2140 κορυφαίου
1722 2069 1831 2121 τῶν

269 2164 579 2219 ἀποστόλων
606 2163 810 2230 Πέτρου
837 2160 1106 2228 λέγοντος,
1131 2159 1443 2228 ὅτιἈγαθὰ
1466 2157 1582 2224 τοῖς
1613 2155 1832 2224 ἀνθρώ-

269 2274 403 2322 ποις
432 2259 464 2311 d
498 2255 640 2320 Θεὸς
670 2253 1009 2323 ἐχαρίσατο,
1040 2253 1127 2314 εἰς
1158 2248 1196 2304 d
1227 2249 1626 2318 ἐπιθυμοῦσιν
1657 2249 1832 2317 ἄγγε-

266 2353 363 2404 λοι
405 2347 774 2415 παρακύψαι.
815 2345 920 2397 Καὶ
949 2344 1000 2397 τί
1036 2343 1142 2412 χρὴ
1177 2341 1342 2394 πολλὰ
1373 2340 1588 2408 λέγειν;
1624 2339 1686 2392 Ei
1729 2338 1834 2409 γὰρ

270 2441 364 2493 καὶ
398 2438 526 2508 περί
561 2455 721 2490 τινων
755 2435 924 2503 ἁγίων
960 2434 1039 2486 ἔτι
1071 2433 1148 2502 τῷ
1187 2431 1286 2503 βίῳ
1318 2431 1492 2502 τούτῳ
1527 2430 1830 2500 περιόντων

266 2530 603 2600 ἠκούσαμεν,
631 2529 714 2582 ὅτι
739 2527 806 2581 δι’
828 2527 993 2595 εὐχῆς
1020 2523 1200 2578 αὐτῶν
1225 2522 1318 2576 καί
1341 2539 1493 2586 τινας
1519 2524 1576 2575 ἐν
1601 2521 1829 2594 ἀσεϐείᾳ

266 2610 358 2674 τὸν
390 2622 502 2690 βίον
533 2617 941 2678 καταλύσαντας
970 2612 1331 2685 αίωνιζούσης
1361 2612 1635 2674 κολάσεως
1663 2613 1827 2682 ἠλευ-

266 2697 581 2780 θερώθησαν
607 2709 712 2780 (l),
739 2707 791 2760 τί
814 2707 872 2760 τὸ
901 2705 1106 2760 κωλύον
1135 2704 1212 2774 μὴ
1241 2706 1338 2757 καὶ
1383 2705 1476 2756 τὸν
1521 2702 1635 2772 βίον
1661 2701 1824 2756 ἀλλά-

266 2801 482 2866 ξαντας,
511 2792 606 2851 καὶ
628 2798 722 2852 τοῦ
748 2795 883 2849 Θεοῦ
911 2795 1070 2864 δῆθεν
1097 2793 1388 2864 ἐγγύτερον
1412 2794 1728 2861 γεγονότας,
1754 2793 1822 2846 τὰ

263 2893 403 2945 αὐτὰ
439 2893 552 2953 τοῖς
592 2887 920 2959 προλαϐοῦσι
965 2887 1158 2948 ποιεῖν,
1197 2885 1292 2938 καὶ
1329 2885 1428 2954 τὴν
1467 2883 1636 2955 αὐτὴν
1676 2883 1820 2953 ἔχειν

1938 1977 2206 2046 profectas
2225 1987 2536 2032 sanctorum
2566 1978 2772 2033 animas
2794 1979 3182 2048 spoliahimus?
3205 1986 3498 2051 praesertim

1939 2084 2065 2124 cum
2097 2069 2462 2139 apostolorum
2486 2070 2731 2138 princeps
2751 2069 2944 2126 Petrus
2968 2071 3143 2127 dicat:
3183 2092 3201 2125 ι
3235 2072 3383 2129 Dona
3404 2075 3500 2129 ho-

1942 2159 2180 2213 minibus
2214 2158 2438 2228 largitus
2487 2167 2570 2213 est
2619 2159 2779 2224 Deus,
2817 2175 2936 2228 quae
2970 2162 3135 2216 etiam
3161 2163 3366 2218 vellent
3398 2179 3498 2218 an-

1941 2249 2100 2320 geli.»
2135 2249 2276 2314 Quid
2303 2248 2495 2318 plura?
2523 2249 2578 2304 Si
2607 2251 2750 2304 enim
2785 2251 2852 2305 de
2883 2251 3152 2320 aliquibus
3184 2255 3387 2309 sanctis
3413 2256 3496 2310 vi-

1941 2347 2052 2392 tam
2088 2339 2267 2393 adhuc
2295 2339 2580 2409 agentibus
2621 2340 2945 2406 audivimus,
2979 2357 3074 2396 eos
3103 2343 3216 2398 suis
3241 2346 3496 2414 precibus

1943 2429 2205 2499 quosdam
2233 2430 2322 2498 qui
2362 2429 2415 2483 in
2457 2429 2737 2500 impietate
2768 2434 3061 2500 perierant,
3091 2449 3121 2487 a
3162 2437 3496 2505 sempiterno

1932 2519 2197 2589 supplicio
2219 2519 2504 2585 liberasse,
2528 2520 2658 2589 quid
2694 2521 2874 2576 obstat
2900 2523 3192 2592 quominus
3226 2524 3324 2586 illi.
3358 2542 3496 2595 prae-

1927 2610 2070 2666 senti
2105 2609 2214 2664 vita
2264 2611 2546 2664 immutata
2605 2610 2823 2681 Deoque
2892 2614 3307 2683 propinquiores
3364 2614 3493 2671 facti

1931 2716 1993 2756 ea
2060 2715 2180 2768 quae
2242 2709 2614 2755 antecessores
2673 2711 2868 2770 agant,
2900 2704 3196 2772 eademque
3243 2705 3494 2761 fruantur

1928 2791 2128 2846 virtute
2164 2806 2230 2847 ac
2271 2791 2528 2855 elﬁcacia,
2559 2808 2629 2847 ne
2662 2792 2836 2847 dicam
2894 2795 3062 2850 multo
3124 2796 3314 2866 majori
3363 2812 3491 2865 pro-

1929 2889 2046 2950 pter
2068 2881 2294 2950 hujusce
2317 2883 2498 2938 carnis
2519 2883 2910 2952 depositiouem
2934 2883 3052 2939 ?Ne
3077 2885 3240 2956 igitur
3266 2885 3487 2941 Patrum

256 2983 541 3053 ἑνέργειάν
575 2997 632 3032 τε
665 2981 762 3033 καὶ
792 2979 1045 3047 δύναμιν,
1083 2977 1170 3029 ἵνα
1205 2976 1279 3046 μὴ
1311 2975 1455 3043 λέγω
1490 2974 1671 3045 πολλῷ
1707 2975 1819 3045 μεί-

1927 2968 2268 3038 dogmatibus
2297 2970 2665 3037 adversemur,
2689 2969 3068 3028 incredulitate
3089 2981 3142 3029 et
3164 2975 3486 3030 dubitando.

257 3073 421 3138 ζονα,
454 3072 542 3124 διά
573 3087 634 3139 γε
666 3070 765 3140 τὴν
795 3068 894 3136 τῆς
927 3067 1130 3138 σαρκὸς
1159 3065 1360 3135 ταύτης
1394 3064 1688 3130 ἀπόθεσινς
1725 3066 1816 3137 Μὴ

1927 3057 2053 3113 Πεεο
2073 3058 2220 3112 enim
2255 3061 2453 3129 scripta
2479 3067 2628 3127 sunt,
2654 3077 2760 3116 non
2793 3071 2851 3117 ut
2883 3073 3276 3130 scrutaremur,
3305 3066 3398 3120 sed
3430 3075 3489 3120 ut

252 3161 352 3218 οὖν
383 3163 796 3230 ἀντιπίπτωμεν
824 3161 940 3221 ταῖς
968 3159 1260 3228 πατρικαῖς
1291 3156 1654 3226 παραδόσεσι,
1686 3157 1819 3228 μηδὲ

1928 3151 2302 3210 crederemus.
2336 3166 2400 3205 ac
2429 3152 2659 3220 proinde
2701 3162 2758 3205 ut
2785 3154 3095 3220 credentes,
3134 3156 3299 3210 vitam
3328 3166 3483 3210 aeter-

256 3257 408 3322 ὃπως
449 3255 620 3323 ἔχοιεν
664 3245 828 3306 αὗται
873 3247 1403 3320 περιεργαξώμεθα·
1449 3247 1666 3332 ἐγράφη
1709 3249 1818 3318 γὰρ

1925 3256 2048 3296 nam
2081 3241 2398 3305 habeamus,
2428 3242 2481 3296 in
2511 3240 2727 3298 Christo
2753 3240 2884 3298 Jesu
2907 3243 3133 3299 Domino
3166 3257 3373 3313 nostro,
3396 3247 3485 3302 cui

255 3344 427 3399 ταῦτα
455 3346 551 3414 οὐχ
579 3343 666 3397 ἴνα
693 3340 1258 3410 πολυπραγμονῶμεν,
1289 3338 1404 3393 ἀλλ’
1430 3339 1516 3392 ἵνα
1545 3338 1816 3392 πιστεύω-

1925 3333 2089 3406 gloria
2130 3334 2186 3388 in
2219 3333 2431 3388 saecula.
2471 3334 2664 3390 Amen.

256 3454 379 3506 μεν,
421 3438 514 3489 καὶ
553 3435 641 3490 ῐνα
680 3431 1024 3492 πιστεύοντες
1063 3430 1207 3501 ζωὴν
1245 3431 1464 3486 αἰώνιον
1501 3431 1722 3502 ἔχοιμεν
1759 3433 1818 3484 ὲν
1882 3427 2102 3500 Χριστῷ
2137 3427 2314 3499 Ἰησοῦ
2365 3427 2444 3499 τῷ
2477 3429 2665 3499 Κυρίῳ
2699 3428 2888 3500 ἡμῶν,
2946 3425 2991 3501 ᾦ
3024 3429 3058 3502 ἡ
3089 3429 3216 3498 δόξα
3246 3433 3324 3496 είς
3357 3433 3484 3500 τοὺς

253 3531 478 3594 αἰῶνας.
516 3531 710 3601 Ἀμήν.

1605 3643 1942 3702 EPISTOLA
1978 3641 2122 3697 XIX.

609 3788 686 3842 Ad
722 3786 901 3842 Nilum
940 3789 1272 3876 monachum.
1312 3815 1382 3831 -—
1413 3785 1598 3840 Preces
1625 3799 1720 3853 pro
1752 3781 1973 3838 mortuis
2003 3790 2051 3834 et
2081 3780 2432 3849 eleemosynas
2466 3793 2570 3831 non
2596 3778 2796 3846 frustra
2832 3777 2952 3846 ﬁeri
2982 3776 3080 3848 ('2).

323 3927 447 3980 ὀτι
484 3925 582 3995 μὲν
612 3920 706 3979 οὖν
741 3926 801 3978 ού
989 3924 1132 3977 κατά
1178 3942 1232 3977 τι
1260 3924 1529 3988 διστάζειν
1559 3923 1650 3976 ἐπὶ
1689 3923 1809 3985 ταῖς

247 4017 568 4086 γινομέναις
605 4017 874 4080 εύποιίαις
904 4015 1055 4084 παρά
1105 4015 1292 4083 τινῶν,
1321 4017 1483 4085 χάριν
1517 4015 1616 4084 μὲν
1649 4013 1802 4066 εὐσε-

245 4111 386 4173 ϐῶν,
421 4107 763 4178 ἁμαρτωλῶν
806 4107 862 4160 δὲ
886 4148 901 4172 ,
935 4106 1286 4160 πειθέτωσαν
1347 4106 1498 4176 ἡμᾶς
1562 4105 1668 4174 πρὸ
1696 4103 1806 4157 τῶν

1986 3920 2102 3974 Νοη
2132 3934 2252 3974 esse
2281 3919 2464 3988 itaque
2493 3917 2854 3972 dubitandum
2903 3917 2969 3972 de
3013 3916 3170 3972 bonis
3215 3919 3476 3987 operibus

1913 4025 2032 4079 quae
2065 4011 2131 4063 ab
2157 4008 2426 4078 aliquibus
2453 4007 2607 4070 fiunt,
2643 4007 2858 4076 piorum
2889 4005 3107 4076 quidem
3137 4007 3305 4074 gratia
3327 4048 3344 4073 ,
3378 4009 3473 4064 sed

1913 4111 2294 4171 peccatorum,
2343 4099 2700 4167 persuadeant
2741 4113 2838 4153 nos
2873 4109 3000 4153 ante
3045 4099 3182 4155 alios
3220 4099 3472 4171 discipuli

242 4200 425 4255 ἄλλων
471 4199 519 4252 oi
554 4199 792 4269 μαθηταὶ
828 4197 1064 4267 Χριστοῦ
1120 4199 1216 4250 καὶ
1271 4194 1578 4258 ἀπόστολοι,
1626 4197 1804 4261 τρίτα,

1925 4191 2109 4248 Christi
2137 4201 2190 4246 et
2215 4191 2466 4261 apostoli,
2499 4190 2692 4246 diebus
2719 4191 2899 4256 tertio,
2942 4207 3087 4247 nono
3139 4203 3194 4248 et
3231 4195 3470 4262 quadra-

241 4291 446 4343 ἔννατα
496 4288 589 4342 καὶ
619 4287 1052 4357 τεσσαρακοστά,
1119 4286 1209 4340 ναὶ
1254 4285 1382 4356 μὴν,
1421 4285 1515 4338 καὶ
1561 4283 1808 4337 ἐνιαύσια

1925 4285 2132 4354 ςοείιιιο,
2160 4299 2262 4338 nec
2289 4300 2399 4339 non
2420 4293 2473 4338 et
2496 4296 2688 4339 exacto
2715 4299 2859 4340 anno
2891 4284 3104 4353 publlce
3131 4297 3470 4342 mortuorum

239 4379 521 4433 τελεῖσθαι
555 4378 751 4440 κοινῶς
788 4380 882 4433 ἐπὶ
933 4381 1046 4438 τοῖς
1079 4376 1339 4430 τεθνεῶσι
1388 4374 1796 4442 διαταξάμενοι.

240 4467 304 4518 El
337 4467 442 4532 γὰρ
466 4465 493 4517 6
525 4465 812 4528 Νυσσαεὺς
839 4464 977 4526 θεῖος
1001 4464 1321 4534 Γρηγόριος,
1342 4465 1454 4526 τοῖς
1476 4463 1643 4530 ἱεροῖς
1675 4464 1805 4514 ἀπο·
1845 4511 1847 4513 ,

1907 4373 2196 4428 memorias
2227 4372 2339 4427 tieri
2375 4371 2753 4427 decernentes.
2789 4372 2998 4427 Etenim
3052 4373 3154 4428 etsi
3194 4372 3472 4444 Nyssemm

1905 4465 2062 4520 divus
2087 4465 2378 4532 Gregorius
2404 4464 2572 4518 sacris
2596 4465 2853 4534 apostolis
2883 4465 3142 4519 insistens
3173 4464 3287 4520 haec
3317 4481 3468 4534 repe-

242 4553 459 4615 στόλοις
494 4553 758 4620 ἑπόμενος
793 4551 968 4616 οὕτως
1000 4551 1228 4622 εὕρηται
1257 4553 1454 4620 λέγων,
1475 4551 1643 4604 Οὐδὲν
1675 4551 1802 4605 ἀλο-

1925 4557 2042 4611 ’ἱιιιι-
2085 4555 2331 4610 dixisse:
2365 4554 2508 4609 Nihil
2553 4554 2670 4609 sine
2708 4555 2923 4609 ratione
2969 4563 3024 4608 et
3067 4555 3184 4608 siue
3233 4554 3386 4609 lucro
3439 4572 3467 4607 a

233 4643 442 4708 γίστως
488 4641 608 4694 οὐδὲ
638 4639 885 4709 ἀκερδῶς
931 4641 1038 4693 άπὸ
1092 4641 1200 4695 τῶν
1229 4629 1580 4712 τοῦΧριστοῦ
1613 4640 1797 4711 μαθη-

1925 4647 2104 4703 Ihristi
2134 4647 2412 4717 discipulis
2439 4647 2700 4714 traditur,
2734 4661 2822 4702 res
2853 4654 3031 4700 tamen
3080 4645 3195 4714 ipsa
3244 4646 3467 4701 omnino

232 4734 354 4785 τῶν
407 4732 782 4800 παραδίδοται,
821 4731 957 4785 ἀλλὰ
996 4733 1056 4784 τδ
1083 4733 1318 4801 πρᾶγμα
1341 4733 1561 4794 πάντως
1590 4732 1800 4798 ιπωφσ·

1925 4737 2050 4792 ttilis
2083 4748 2185 4801 est,
2217 4737 2532 4791 memoriam
2567 4738 2808 4792 recolere
2842 4738 2894 4791 in
2923 4735 3105 4792 divina
3131 4737 3348 4806 liturgia
3376 4753 3468 4793 eo-

233 4823 352 4885 λὲς.
382 4823 442 4874 τδ
477 4821 700 4891 μνήμην
735 4823 910 4873 ποιεῖν
951 4821 1045 4874 ἐπὶ
1077 4823 1178 4891 τῆς
1223 4821 1376 4884 θείας
1409 4821 1799 4889 μυσταγωγίας

232 4914 352 4966 τῶν
381 4911 588 4964 πιστῶν
643 4911 1102 4979 κεκοιμημένων*
1165 4911 1346 4979 πολλῷ
1401 4910 1600 4981 μᾶλλον
1646 4911 1794 4980 ἡμᾶς

232 5001 704 5073 ἀλογοπραγήτως
734 5001 962 5055 ἕπεσθαι
1005 5002 1135 5072 χρή.
1169 5001 1234 5055 Εί
1268 5004 1402 5072 γὰρ,
1433 5001 1686 5072 καθάπερ
1717 5003 1796 5054 εί-

237 5097 535 5165 ρήκαμεν,
600 5093 740 5161 ὑπὲρ
791 5091 900 5145 τῶν
952 5093 1012 5145 ἑν
1060 5093 1358 5160 ἁμαρτίαις
1411 5091 1793 5147 ἀποθανόντων

234 5184 432 5236 θυσίαν
470 5184 770 5253 προσάγειν
799 5184 899 5236 οὐκ
929 5182 1356 5250 ἀποκλειόμεθα,
1405 5183 1500 5235 καὶ
1548 5185 1577 5236 6
1620 5185 1790 5252 μέγας

235 5275 516 5336 Βασίλειος
551 5277 609 5328 ἐν
647 5279 713 5344 τῇ
742 5275 903 5345 τρίτῃ
939 5276 1070 5345 εὐχῇ
1101 5277 1167 5344 τῇ
1210 5273 1480 5345 λεγομένῃ
1519 5276 1662 5329 κατά
1690 5273 1790 5345 τὴν

1897 4843 2039 4890 rum,
2077 4829 2170 4897 qui
2221 4829 2275 4882 in
2324 4828 2426 4882 lide
2461 4827 2890 4895 obdormierun‘t,
2925 4828 3094 4882 multo
3139 4829 3311 4898 magis
3363 4844 3464 4884 nos

1895 4921 2013 4974 sine
2063 4917 2290 4974 auctibri
2341 4919 2586 4974 examine
2635 4919 2786 4989 sequi
2841 4919 3087 4974 addecet.
3135 4919 3346 4974 Etenim
3394 4924 3460 4994 si.

1900 5009 2347 5077 quemadmodum
2397 5008 2650 5074 diximus,
2703 5024 2800 5078 pro
2853 5009 2942 5077 iis,
2971 5009 3065 5078 qui
3112 5011 3168 5064 in
3220 5012 3462 5080 peccatis

1903 5095 2174 5150 immortui
2210 5105 2358 5160 sunt,
2385 5097 2706 5153 sacriﬁcium
2727 5098 2924 5152 otl'erre
2952 5113 3062 5153 non
3088 5099 3458 5167 prohibemur;

1897 5185 2038 5254 quod
2072 5195 2126 5240 et
2146 5186 2358 5241 divinus
2394 5188 2625 5243 Basilius
2658 5188 2712 5244 in
2745 5191 2902 5244 tertia
2931 5191 3198 5256 oratione,
3225 5207 3346 5261 quae
3369 5193 3458 5247 die

1895 5275 2228 5332 Pentecosue
2250 5291 2406 5332 sacro
2427 5277 2646 5344 dicitur,
2673 5278 2832 5348 plane
2849 5280 3062 5348 edocet,
3097 5281 3167 5338 ita
3193 5282 3261 5338 ad
3284 5283 3452 5339 Deum

1893 5454 2031 5577 ἓξὲξ
2071 5465 2124 5510 et
2153 5471 2184 5510 a
2212 5457 2400 5512 multis
2444 5457 2651 5515 criticis
2682 5436 2736 5514 et
2764 5475 2794 5515 a
2826 5460 3091 5534 theologis
3120 5461 3449 5530 disputatum

1962 5595 2040 5664 (2)
2082 5595 2244 5650 Allat.
2285 5595 2361 5651 De
2388 5611 2683 5663 consensu,
2713 5597 2816 5652 col.
2848 5601 3002 5654 H94.

307 5449 382 5524 (ll)
420 5451 660 5521 Respicit
697 5453 791 5524 (ιιι
802 5451 1194 5524 cognoscimus
1227 5466 1292 5524 ex
1325 5452 1448 5507 aliis
1467 5452 1657 5524 Clyﬁcae
1686 5455 1800 5524 epi-

237 5520 394 5593 stolis
440 5520 541 5575 seu
582 5521 926 5593 tractatibus)
952 5521 1018 5593 ad
1061 5521 1429 5593 narrationem
1461 5521 1519 5576 S.
1544 5520 1789 5593 Gregorii

237 5583 342 5648 Pl’,
405 5602 454 5640 ιιι
529 5591 760 5643 aliorum
815 5583 1109 5644 de'salute
1138 5588 1357 5657 Trajani
1393 5590 1547 5658 imp.,
1585 5583 1793 5662 de'qua
