  <div class='ocr_page' id='page_1' title='image "/cluster/home/n/w/nwhite01/storage/ocr_20150623/158/coo.31924054870633/499.png"; bbox 0 0 4048 6414; ppageno 0'>
   <div class='ocr_carea' id='block_1_1' title="bbox 563 307 671 370">
    <p class='ocr_par' dir='ltr' id='par_1_1' title="bbox 563 307 671 370">
     <span class='ocr_line' id='line_1_1' title="bbox 563 307 671 370; baseline 0.028 -3"><span class='ocrx_word' id='word_1_1' title='bbox 563 307 671 370; x_wconf 67' lang='lat'><strong>9°27</strong></span> 
     </span>
    </p>
   </div>
   <div class='ocr_carea' id='block_1_2' title="bbox 563 409 2244 488">
    <p class='ocr_par' dir='ltr' id='par_1_2' title="bbox 563 409 2244 488">
     <span class='ocr_line' id='line_1_2' title="bbox 563 409 2244 488; baseline -0.004 -16"><span class='ocrx_word' id='word_1_2' title='bbox 563 417 715 488; x_wconf 84' lang='lat' dir='ltr'><strong>quod</strong></span> <span class='ocrx_word' id='word_1_3' title='bbox 738 432 863 473; x_wconf 89' lang='lat' dir='ltr'><strong>cum</strong></span> <span class='ocrx_word' id='word_1_4' title='bbox 895 415 1060 472; x_wconf 83' lang='lat' dir='ltr'><strong>vellet</strong></span> <span class='ocrx_word' id='word_1_5' title='bbox 1095 416 1241 472; x_wconf 90' lang='lat' dir='ltr'><strong>Dens</strong></span> <span class='ocrx_word' id='word_1_6' title='bbox 1285 413 1604 480; x_wconf 82' lang='lat' dir='ltr'><strong>ostendere,</strong></span> <span class='ocrx_word' id='word_1_7' title='bbox 1653 422 1975 482; x_wconf 85' lang='lat' dir='ltr'><strong>certumque</strong></span> <span class='ocrx_word' id='word_1_8' title='bbox 2006 422 2166 466; x_wconf 90' lang='lat' dir='ltr'><strong>suum</strong></span> <span class='ocrx_word' id='word_1_9' title='bbox 2197 409 2244 466; x_wconf 79' lang='grc' dir='ltr'><strong>Α</strong></span> 
     </span>
    </p>
   </div>
   <div class='ocr_carea' id='block_1_3' title="bbox 563 503 2163 576">
    <p class='ocr_par' dir='ltr' id='par_1_3' title="bbox 563 503 2163 576">
     <span class='ocr_line' id='line_1_3' title="bbox 563 503 2163 576; baseline -0.005 -12"><span class='ocrx_word' id='word_1_10' title='bbox 563 525 787 566; x_wconf 81' lang='lat' dir='ltr'><strong>servum</strong></span> <span class='ocrx_word' id='word_1_11' title='bbox 821 524 884 563; x_wconf 89' lang='lat' dir='ltr'><strong>ea</strong></span> <span class='ocrx_word' id='word_1_12' title='bbox 917 507 987 562; x_wconf 91' lang='lat' dir='ltr'><strong>de</strong></span> <span class='ocrx_word' id='word_1_13' title='bbox 1019 523 1078 562; x_wconf 90' lang='lat' dir='ltr'><strong>re</strong></span> <span class='ocrx_word' id='word_1_14' title='bbox 1103 506 1361 572; x_wconf 85' lang='lat' dir='ltr'><strong>reddere,</strong></span> <span class='ocrx_word' id='word_1_15' title='bbox 1392 506 1662 561; x_wconf 83' lang='lat' dir='ltr'><strong>idolorum</strong></span> <span class='ocrx_word' id='word_1_16' title='bbox 1695 504 1946 576; x_wconf 61' lang='lat' dir='ltr'><strong>praesulis</strong></span> <span class='ocrx_word' id='word_1_17' title='bbox 1983 503 2163 557; x_wconf 76' lang='lat' dir='ltr'><strong>exsic-</strong></span> 
     </span>
    </p>
   </div>
   <div class='ocr_carea' id='block_1_4' title="bbox 486 596 2160 675">
    <p class='ocr_par' dir='ltr' id='par_1_4' title="bbox 486 596 2160 675">
     <span class='ocr_line' id='line_1_4' title="bbox 486 596 2160 675; baseline -0.005 -14"><span class='ocrx_word' id='word_1_18' title='bbox 486 667 493 675; x_wconf 54' lang='grc'><strong>,</strong></span> <span class='ocrx_word' id='word_1_19' title='bbox 564 614 701 660; x_wconf 69' lang='lat' dir='ltr'><strong>cata:</strong></span> <span class='ocrx_word' id='word_1_20' title='bbox 752 604 1030 666; x_wconf 68' lang='lat' dir='ltr'><strong>calvariae,</strong></span> <span class='ocrx_word' id='word_1_21' title='bbox 1088 616 1250 672; x_wconf 89' lang='lat' dir='ltr'><strong>quam</strong></span> <span class='ocrx_word' id='word_1_22' title='bbox 1298 602 1414 671; x_wconf 88' lang='lat' dir='ltr'><strong>ipse</strong></span> <span class='ocrx_word' id='word_1_23' title='bbox 1465 599 1522 654; x_wconf 92' lang='lat' dir='ltr'><strong>in</strong></span> <span class='ocrx_word' id='word_1_24' title='bbox 1578 599 1778 654; x_wconf 89' lang='lat' dir='ltr'><strong>itinere</strong></span> <span class='ocrx_word' id='word_1_25' title='bbox 1816 596 2160 660; x_wconf 70' lang='lat' dir='ltr'><strong>offenderat,</strong></span> 
     </span>
    </p>
   </div>
   <div class='ocr_carea' id='block_1_5' title="bbox 564 691 2166 764">
    <p class='ocr_par' dir='ltr' id='par_1_5' title="bbox 564 691 2166 764">
     <span class='ocr_line' id='line_1_5' title="bbox 564 691 2166 764; baseline -0.006 -10"><span class='ocrx_word' id='word_1_26' title='bbox 564 700 790 754; x_wconf 77' lang='lat' dir='ltr'><strong>verbum</strong></span> <span class='ocrx_word' id='word_1_27' title='bbox 823 696 1076 750; x_wconf 84' lang='lat' dir='ltr'><strong>veritatis</strong></span> <span class='ocrx_word' id='word_1_28' title='bbox 1125 694 1456 764; x_wconf 68' lang='lat' dir='ltr'><strong>inspiravit;</strong></span> <span class='ocrx_word' id='word_1_29' title='bbox 1507 708 1630 762; x_wconf 66' lang='lat' dir='ltr'><strong>quae</strong></span> <span class='ocrx_word' id='word_1_30' title='bbox 1684 691 2021 762; x_wconf 81' lang='lat' dir='ltr'><strong>interrogata</strong></span> <span class='ocrx_word' id='word_1_31' title='bbox 2080 706 2166 744; x_wconf 84' lang='lat' dir='ltr'><strong>re-</strong></span> 
     </span>
    </p>
   </div>
   <div class='ocr_carea' id='block_1_6' title="bbox 565 782 2166 861">
    <p class='ocr_par' dir='ltr' id='par_1_6' title="bbox 565 782 2166 861">
     <span class='ocr_line' id='line_1_6' title="bbox 565 782 2166 861; baseline -0.008 -12"><span class='ocrx_word' id='word_1_32' title='bbox 565 789 786 861; x_wconf 82' lang='lat' dir='ltr'><strong>spondit</strong></span> <span class='ocrx_word' id='word_1_33' title='bbox 829 787 1013 843; x_wconf 88' lang='lat' dir='ltr'><strong>:Cum</strong></span> <span class='ocrx_word' id='word_1_34' title='bbox 1045 802 1146 857; x_wconf 91' lang='lat' dir='ltr'><strong>pro</strong></span> <span class='ocrx_word' id='word_1_35' title='bbox 1195 786 1430 841; x_wconf 90' lang='lat' dir='ltr'><strong>mortuis</strong></span> <span class='ocrx_word' id='word_1_36' title='bbox 1477 785 1750 840; x_wconf 83' lang='lat' dir='ltr'><strong>sacriﬁcia</strong></span> <span class='ocrx_word' id='word_1_37' title='bbox 1809 782 1996 849; x_wconf 74' lang='lat' dir='ltr'><strong>oﬂ‘ers,</strong></span> <span class='ocrx_word' id='word_1_38' title='bbox 2049 791 2166 836; x_wconf 92' lang='lat' dir='ltr'><strong>tum</strong></span> 
     </span>
    </p>
   </div>
   <div class='ocr_carea' id='block_1_7' title="bbox 563 873 2168 956">
    <p class='ocr_par' dir='ltr' id='par_1_7' title="bbox 563 873 2168 956">
     <span class='ocr_line' id='line_1_7' title="bbox 563 873 2168 956; baseline -0.006 -17"><span class='ocrx_word' id='word_1_39' title='bbox 563 884 819 956; x_wconf 83' lang='lat' dir='ltr'><strong>pusillam</strong></span> <span class='ocrx_word' id='word_1_40' title='bbox 852 880 1290 936; x_wconf 87' lang='lat' dir='ltr'><strong>consolationem</strong></span> <span class='ocrx_word' id='word_1_41' title='bbox 1323 877 1804 948; x_wconf 90' lang='lat' dir='ltr'><strong>persentiscimus.</strong></span> <span class='ocrx_word' id='word_1_42' title='bbox 1827 873 2032 930; x_wconf 75' lang='lat' dir='ltr'><strong>Mutuae</strong></span> <span class='ocrx_word' id='word_1_43' title='bbox 2064 875 2168 930; x_wconf 88' lang='lat' dir='ltr'><strong>ita-</strong></span> 
     </span>
    </p>
   </div>
   <div class='ocr_carea' id='block_1_8' title="bbox 563 969 2166 1046">
    <p class='ocr_par' dir='ltr' id='par_1_8' title="bbox 563 969 2166 1046">
     <span class='ocr_line' id='line_1_8' title="bbox 563 969 2166 1046; baseline -0.004 -16"><span class='ocrx_word' id='word_1_44' title='bbox 563 992 671 1046; x_wconf 86' lang='lat' dir='ltr'><strong>que</strong></span> <span class='ocrx_word' id='word_1_45' title='bbox 703 989 884 1044; x_wconf 69' lang='lat' dir='ltr'><strong>operze</strong></span> <span class='ocrx_word' id='word_1_46' title='bbox 915 971 1198 1027; x_wconf 71' lang='lat' dir='ltr'><strong>tradendae</strong></span> <span class='ocrx_word' id='word_1_47' title='bbox 1230 979 1359 1025; x_wconf 90' lang='lat' dir='ltr'><strong>sunt</strong></span> <span class='ocrx_word' id='word_1_48' title='bbox 1385 986 1482 1042; x_wconf 92' lang='lat' dir='ltr'><strong>pro</strong></span> <span class='ocrx_word' id='word_1_49' title='bbox 1507 971 1742 1035; x_wconf 82' lang='lat' dir='ltr'><strong>viribus,</strong></span> <span class='ocrx_word' id='word_1_50' title='bbox 1767 979 1822 1026; x_wconf 91' lang='lat' dir='ltr'><strong>et</strong></span> <span class='ocrx_word' id='word_1_51' title='bbox 1845 969 2030 1035; x_wconf 90' lang='lat' dir='ltr'><strong>modo,</strong></span> <span class='ocrx_word' id='word_1_52' title='bbox 2053 984 2166 1039; x_wconf 92' lang='lat' dir='ltr'><strong>quo</strong></span> 
     </span>
    </p>
   </div>
   <div class='ocr_carea' id='block_1_9' title="bbox 565 1061 2166 1134">
    <p class='ocr_par' dir='ltr' id='par_1_9' title="bbox 565 1061 2166 1134">
     <span class='ocr_line' id='line_1_9' title="bbox 565 1061 2166 1134; baseline -0.004 -12"><span class='ocrx_word' id='word_1_53' title='bbox 565 1069 844 1132; x_wconf 78' lang='lat' dir='ltr'><strong>diximus,</strong></span> <span class='ocrx_word' id='word_1_54' title='bbox 885 1066 1121 1120; x_wconf 83' lang='lat' dir='ltr'><strong>mortuis</strong></span> <span class='ocrx_word' id='word_1_55' title='bbox 1157 1063 1360 1118; x_wconf 81' lang='lat' dir='ltr'><strong>auxilia</strong></span> <span class='ocrx_word' id='word_1_56' title='bbox 1399 1063 1735 1134; x_wconf 64' lang='lat' dir='ltr'><strong>prirstanda.</strong></span> <span class='ocrx_word' id='word_1_57' title='bbox 1782 1061 1916 1116; x_wconf 79' lang='lat' dir='ltr'><strong>Nam</strong></span> <span class='ocrx_word' id='word_1_58' title='bbox 1966 1077 2166 1117; x_wconf 88' lang='lat' dir='ltr'><strong>secun—</strong></span> 
     </span>
    </p>
   </div>
   <div class='ocr_carea' id='block_1_10' title="bbox 564 1152 2168 1229">
    <p class='ocr_par' dir='ltr' id='par_1_10' title="bbox 564 1152 2168 1229">
     <span class='ocr_line' id='line_1_10' title="bbox 564 1152 2168 1229; baseline -0.004 -17"><span class='ocrx_word' id='word_1_59' title='bbox 564 1158 696 1213; x_wconf 88' lang='lat' dir='ltr'><strong>dum</strong></span> <span class='ocrx_word' id='word_1_60' title='bbox 727 1155 999 1211; x_wconf 81' lang='lat' dir='ltr'><strong>Joannem</strong></span> <span class='ocrx_word' id='word_1_61' title='bbox 1038 1155 1479 1229; x_wconf 23' lang='lat' dir='ltr'><strong>Damascenum&#39;,</strong></span> <span class='ocrx_word' id='word_1_62' title='bbox 1514 1153 1744 1223; x_wconf 82' lang='lat' dir='ltr'><strong>suscipit</strong></span> <span class='ocrx_word' id='word_1_63' title='bbox 1767 1152 1927 1209; x_wconf 81' lang='lat' dir='ltr'><strong>facile</strong></span> <span class='ocrx_word' id='word_1_64' title='bbox 1951 1152 2038 1208; x_wconf 80' lang='lat' dir='ltr'><strong>vel</strong></span> <span class='ocrx_word' id='word_1_65' title='bbox 2069 1165 2168 1223; x_wconf 93' lang='lat' dir='ltr'><strong>pro</strong></span> 
     </span>
    </p>
   </div>
   <div class='ocr_carea' id='block_1_11' title="bbox 566 1246 2166 1320">
    <p class='ocr_par' dir='ltr' id='par_1_11' title="bbox 566 1246 2166 1320">
     <span class='ocr_line' id='line_1_11' title="bbox 566 1246 2166 1320; baseline -0.004 -15"><span class='ocrx_word' id='word_1_66' title='bbox 566 1251 636 1305; x_wconf 88' lang='lat' dir='ltr'><strong>iis</strong></span> <span class='ocrx_word' id='word_1_67' title='bbox 671 1251 766 1320; x_wconf 91' lang='lat' dir='ltr'><strong>qui</strong></span> <span class='ocrx_word' id='word_1_68' title='bbox 801 1247 1112 1317; x_wconf 83' lang='lat' dir='ltr'><strong>improvide</strong></span> <span class='ocrx_word' id='word_1_69' title='bbox 1157 1261 1223 1301; x_wconf 88' lang='lat' dir='ltr'><strong>ac</strong></span> <span class='ocrx_word' id='word_1_70' title='bbox 1274 1248 1542 1316; x_wconf 82' lang='lat' dir='ltr'><strong>iinparate</strong></span> <span class='ocrx_word' id='word_1_71' title='bbox 1573 1246 1952 1312; x_wconf 89' lang='lat' dir='ltr'><strong>decesserunt,</strong></span> <span class='ocrx_word' id='word_1_72' title='bbox 1980 1246 2024 1300; x_wconf 91' lang='lat' dir='ltr'><strong>si</strong></span> <span class='ocrx_word' id='word_1_73' title='bbox 2055 1261 2166 1316; x_wconf 85' lang='lat' dir='ltr'><strong>qna</strong></span> 
     </span>
    </p>
   </div>
   <div class='ocr_carea' id='block_1_12' title="bbox 565 1336 2166 1412">
    <p class='ocr_par' dir='ltr' id='par_1_12' title="bbox 565 1336 2166 1412">
     <span class='ocr_line' id='line_1_12' title="bbox 565 1336 2166 1412; baseline -0.004 -16"><span class='ocrx_word' id='word_1_74' title='bbox 565 1357 666 1412; x_wconf 82' lang='lat' dir='ltr'><strong>per</strong></span> <span class='ocrx_word' id='word_1_75' title='bbox 697 1341 1047 1395; x_wconf 86' lang='lat' dir='ltr'><strong>necessarios</strong></span> <span class='ocrx_word' id='word_1_76' title='bbox 1075 1347 1132 1394; x_wconf 91' lang='lat' dir='ltr'><strong>et</strong></span> <span class='ocrx_word' id='word_1_77' title='bbox 1173 1341 1517 1410; x_wconf 89' lang='lat' dir='ltr'><strong>propinquos</strong></span> <span class='ocrx_word' id='word_1_78' title='bbox 1547 1353 1680 1394; x_wconf 85' lang='lat' dir='ltr'><strong>suos</strong></span> <span class='ocrx_word' id='word_1_79' title='bbox 1714 1337 1769 1392; x_wconf 91' lang='lat' dir='ltr'><strong>in</strong></span> <span class='ocrx_word' id='word_1_80' title='bbox 1809 1336 2166 1407; x_wconf 85' lang='lat' dir='ltr'><strong>supplemen-</strong></span> 
     </span>
    </p>
   </div>
   <div class='ocr_carea' id='block_1_13' title="bbox 567 1429 2165 1501">
    <p class='ocr_par' dir='ltr' id='par_1_13' title="bbox 567 1429 2165 1501">
     <span class='ocr_line' id='line_1_13' title="bbox 567 1429 2165 1501; baseline -0.002 -14"><span class='ocrx_word' id='word_1_81' title='bbox 567 1443 685 1489; x_wconf 93' lang='lat' dir='ltr'><strong>tum</strong></span> <span class='ocrx_word' id='word_1_82' title='bbox 719 1433 1033 1488; x_wconf 87' lang='lat' dir='ltr'><strong>debitorum</strong></span> <span class='ocrx_word' id='word_1_83' title='bbox 1069 1431 1394 1493; x_wconf 58' lang='lat' dir='ltr'><strong>oderantur.</strong></span> <span class='ocrx_word' id='word_1_84' title='bbox 1429 1431 1606 1500; x_wconf 87' lang='lat' dir='ltr'><strong>iisque</strong></span> <span class='ocrx_word' id='word_1_85' title='bbox 1643 1429 1776 1500; x_wconf 85' lang='lat' dir='ltr'><strong>ipsis</strong></span> <span class='ocrx_word' id='word_1_86' title='bbox 1829 1430 1885 1485; x_wconf 91' lang='lat' dir='ltr'><strong>in</strong></span> <span class='ocrx_word' id='word_1_87' title='bbox 1931 1445 2165 1501; x_wconf 87' lang='lat' dir='ltr'><strong>operum</strong></span> 
     </span>
    </p>
   </div>
   <div class='ocr_carea' id='block_1_14' title="bbox 566 1522 2164 1594">
    <p class='ocr_par' dir='ltr' id='par_1_14' title="bbox 566 1522 2164 1594">
     <span class='ocr_line' id='line_1_14' title="bbox 566 1522 2164 1594; baseline -0.001 -15"><span class='ocrx_word' id='word_1_88' title='bbox 566 1527 956 1594; x_wconf 86' lang='lat' dir='ltr'><strong>actionumque</strong></span> <span class='ocrx_word' id='word_1_89' title='bbox 1003 1525 1183 1580; x_wconf 88' lang='lat' dir='ltr'><strong>locum</strong></span> <span class='ocrx_word' id='word_1_90' title='bbox 1217 1523 1448 1579; x_wconf 77' lang='lat' dir='ltr'><strong>ascribit</strong></span> <span class='ocrx_word' id='word_1_91' title='bbox 1477 1530 1532 1577; x_wconf 90' lang='lat' dir='ltr'><strong>et</strong></span> <span class='ocrx_word' id='word_1_92' title='bbox 1575 1530 1880 1594; x_wconf 82' lang='lat' dir='ltr'><strong>computat.</strong></span> <span class='ocrx_word' id='word_1_93' title='bbox 1926 1522 2164 1578; x_wconf 80' lang='lat' dir='ltr'><strong>Attende</strong></span> 
     </span>
    </p>
   </div>
   <div class='ocr_carea' id='block_1_15' title="bbox 572 1614 2165 1688">
    <p class='ocr_par' dir='ltr' id='par_1_15' title="bbox 572 1614 2165 1688">
     <span class='ocr_line' id='line_1_15' title="bbox 572 1614 2165 1688; baseline -0.001 -16"><span class='ocrx_word' id='word_1_94' title='bbox 572 1619 779 1688; x_wconf 82' lang='lat' dir='ltr'><strong>itaque.</strong></span> <span class='ocrx_word' id='word_1_95' title='bbox 809 1618 1058 1686; x_wconf 85' lang='lat' dir='ltr'><strong>Namque</strong></span> <span class='ocrx_word' id='word_1_96' title='bbox 1091 1616 1178 1670; x_wconf 87' lang='lat' dir='ltr'><strong>hic</strong></span> <span class='ocrx_word' id='word_1_97' title='bbox 1208 1614 1320 1670; x_wconf 88' lang='lat' dir='ltr'><strong>Deo</strong></span> <span class='ocrx_word' id='word_1_98' title='bbox 1351 1616 1548 1686; x_wconf 91' lang='lat' dir='ltr'><strong>plenus</strong></span> <span class='ocrx_word' id='word_1_99' title='bbox 1580 1624 1792 1680; x_wconf 90' lang='lat' dir='ltr'><strong>auctor,</strong></span> <span class='ocrx_word' id='word_1_100' title='bbox 1822 1615 1880 1670; x_wconf 92' lang='lat' dir='ltr'><strong>in</strong></span> <span class='ocrx_word' id='word_1_101' title='bbox 1913 1617 2165 1671; x_wconf 89' lang='lat' dir='ltr'><strong>oratione</strong></span> 
     </span>
    </p>
   </div>
   <div class='ocr_carea' id='block_1_16' title="bbox 571 1709 2164 1780">
    <p class='ocr_par' dir='ltr' id='par_1_16' title="bbox 571 1709 2164 1780">
     <span class='ocr_line' id='line_1_16' title="bbox 571 1709 2164 1780; baseline -0.001 -16"><span class='ocrx_word' id='word_1_102' title='bbox 571 1726 668 1765; x_wconf 88' lang='lat' dir='ltr'><strong>sua</strong></span> <span class='ocrx_word' id='word_1_103' title='bbox 700 1709 768 1764; x_wconf 88' lang='lat' dir='ltr'><strong>de</strong></span> <span class='ocrx_word' id='word_1_104' title='bbox 792 1709 1049 1776; x_wconf 89' lang='lat' dir='ltr'><strong>mortuis,</strong></span> <span class='ocrx_word' id='word_1_105' title='bbox 1082 1709 1241 1764; x_wconf 82' lang='lat' dir='ltr'><strong>atl&#39;ert</strong></span> <span class='ocrx_word' id='word_1_106' title='bbox 1270 1725 1530 1780; x_wconf 79' lang='lat' dir='ltr'><strong>magnum</strong></span> <span class='ocrx_word' id='word_1_107' title='bbox 1558 1709 1939 1776; x_wconf 75' lang='lat' dir='ltr'><strong>Athanasium,</strong></span> <span class='ocrx_word' id='word_1_108' title='bbox 1967 1711 2034 1765; x_wconf 87' lang='lat' dir='ltr'><strong>de</strong></span> <span class='ocrx_word' id='word_1_109' title='bbox 2057 1710 2164 1764; x_wconf 89' lang='lat' dir='ltr'><strong>illis</strong></span> 
     </span>
    </p>
   </div>
   <div class='ocr_carea' id='block_1_17' title="bbox 569 1800 2166 1872">
    <p class='ocr_par' dir='ltr' id='par_1_17' title="bbox 569 1800 2166 1872">
     <span class='ocr_line' id='line_1_17' title="bbox 569 1800 2166 1872; baseline 0.001 -16"><span class='ocrx_word' id='word_1_110' title='bbox 569 1802 762 1858; x_wconf 86' lang='lat' dir='ltr'><strong>iisdem</strong></span> <span class='ocrx_word' id='word_1_111' title='bbox 799 1802 873 1856; x_wconf 92' lang='lat' dir='ltr'><strong>ita</strong></span> <span class='ocrx_word' id='word_1_112' title='bbox 904 1801 1267 1857; x_wconf 78' lang='lat' dir='ltr'><strong>disserentem</strong></span> <span class='ocrx_word' id='word_1_113' title='bbox 1303 1817 1318 1854; x_wconf 89' lang='lat'><strong>:</strong></span> <span class='ocrx_word' id='word_1_114' title='bbox 1351 1800 1593 1858; x_wconf 87' lang='lat' dir='ltr'><strong>Tametsi</strong></span> <span class='ocrx_word' id='word_1_115' title='bbox 1649 1803 1704 1856; x_wconf 89' lang='lat' dir='ltr'><strong>in</strong></span> <span class='ocrx_word' id='word_1_116' title='bbox 1753 1817 1882 1857; x_wconf 88' lang='lat' dir='ltr'><strong>aere</strong></span> <span class='ocrx_word' id='word_1_117' title='bbox 1915 1803 2040 1872; x_wconf 90' lang='lat' dir='ltr'><strong>quis</strong></span> <span class='ocrx_word' id='word_1_118' title='bbox 2068 1803 2166 1858; x_wconf 87' lang='lat' dir='ltr'><strong>de-</strong></span> 
     </span>
    </p>
   </div>
   <div class='ocr_carea' id='block_1_18' title="bbox 567 1893 2167 1966">
    <p class='ocr_par' dir='ltr' id='par_1_18' title="bbox 567 1893 2167 1966">
     <span class='ocr_line' id='line_1_18' title="bbox 567 1893 2167 1966; baseline 0.001 -19"><span class='ocrx_word' id='word_1_119' title='bbox 567 1902 830 1962; x_wconf 84' lang='lat' dir='ltr'><strong>ponatur,</strong></span> <span class='ocrx_word' id='word_1_120' title='bbox 860 1894 1020 1949; x_wconf 80' lang='lat' dir='ltr'><strong>ntodo</strong></span> <span class='ocrx_word' id='word_1_121' title='bbox 1053 1893 1254 1966; x_wconf 78' lang='lat' dir='ltr'><strong>insigni</strong></span> <span class='ocrx_word' id='word_1_122' title='bbox 1282 1894 1450 1950; x_wconf 82' lang='lat' dir='ltr'><strong>fuerit</strong></span> <span class='ocrx_word' id='word_1_123' title='bbox 1483 1897 1711 1965; x_wconf 84' lang='lat' dir='ltr'><strong>pietate,</strong></span> <span class='ocrx_word' id='word_1_124' title='bbox 1735 1904 1792 1950; x_wconf 91' lang='lat' dir='ltr'><strong>tu</strong></span> <span class='ocrx_word' id='word_1_125' title='bbox 1814 1910 2167 1965; x_wconf 84' lang='lat' dir='ltr'><strong>nequaquam</strong></span> 
     </span>
    </p>
   </div>
   <div class='ocr_carea' id='block_1_19' title="bbox 568 1986 2161 2060">
    <p class='ocr_par' dir='ltr' id='par_1_19' title="bbox 568 1986 2161 2060">
     <span class='ocr_line' id='line_1_19' title="bbox 568 1986 2161 2060; baseline 0.004 -17"><span class='ocrx_word' id='word_1_126' title='bbox 568 1999 750 2043; x_wconf 87' lang='lat' dir='ltr'><strong>tamen</strong></span> <span class='ocrx_word' id='word_1_127' title='bbox 814 1986 1175 2056; x_wconf 87' lang='lat' dir='ltr'><strong>asperneris,</strong></span> <span class='ocrx_word' id='word_1_128' title='bbox 1227 1987 1484 2043; x_wconf 87' lang='lat' dir='ltr'><strong>invocato</strong></span> <span class='ocrx_word' id='word_1_129' title='bbox 1538 1989 1692 2058; x_wconf 89' lang='lat' dir='ltr'><strong>prius</strong></span> <span class='ocrx_word' id='word_1_130' title='bbox 1744 1990 1970 2048; x_wconf 87' lang='lat' dir='ltr'><strong>Christo</strong></span> <span class='ocrx_word' id='word_1_131' title='bbox 2027 1991 2161 2060; x_wconf 90' lang='lat' dir='ltr'><strong>Deo,</strong></span> 
     </span>
    </p>
   </div>
   <div class='ocr_carea' id='block_1_20' title="bbox 567 2077 2165 2156">
    <p class='ocr_par' dir='ltr' id='par_1_20' title="bbox 567 2077 2165 2156">
     <span class='ocr_line' id='line_1_20' title="bbox 567 2077 2165 2156; baseline 0.005 -24"><span class='ocrx_word' id='word_1_132' title='bbox 567 2077 752 2133; x_wconf 87' lang='lat' dir='ltr'><strong>oleum</strong></span> <span class='ocrx_word' id='word_1_133' title='bbox 783 2086 838 2133; x_wconf 92' lang='lat' dir='ltr'><strong>et</strong></span> <span class='ocrx_word' id='word_1_134' title='bbox 873 2092 1067 2134; x_wconf 85' lang='lat' dir='ltr'><strong>cereos</strong></span> <span class='ocrx_word' id='word_1_135' title='bbox 1100 2079 1168 2134; x_wconf 92' lang='lat' dir='ltr'><strong>ad</strong></span> <span class='ocrx_word' id='word_1_136' title='bbox 1207 2079 1517 2151; x_wconf 73' lang='lat' dir='ltr'><strong>sepulcrum</strong></span> <span class='ocrx_word' id='word_1_137' title='bbox 1563 2083 1896 2152; x_wconf 85' lang='lat' dir='ltr'><strong>appendere.</strong></span> <span class='ocrx_word' id='word_1_138' title='bbox 1928 2085 2165 2156; x_wconf 81' lang='lat' dir='ltr'><strong>Accepta</strong></span> 
     </span>
    </p>
   </div>
   <div class='ocr_carea' id='block_1_21' title="bbox 567 2167 2168 2245">
    <p class='ocr_par' dir='ltr' id='par_1_21' title="bbox 567 2167 2168 2245">
     <span class='ocr_line' id='line_1_21' title="bbox 567 2167 2168 2245; baseline 0.002 -19"><span class='ocrx_word' id='word_1_139' title='bbox 567 2171 714 2226; x_wconf 86' lang='lat' dir='ltr'><strong>enim</strong></span> <span class='ocrx_word' id='word_1_140' title='bbox 749 2168 938 2225; x_wconf 74' lang='lat' dir='ltr'><strong>isthtec</strong></span> <span class='ocrx_word' id='word_1_141' title='bbox 968 2167 1081 2223; x_wconf 91' lang='lat' dir='ltr'><strong>Deo</strong></span> <span class='ocrx_word' id='word_1_142' title='bbox 1112 2179 1265 2236; x_wconf 88' lang='lat' dir='ltr'><strong>sunt,</strong></span> <span class='ocrx_word' id='word_1_143' title='bbox 1299 2170 1673 2241; x_wconf 74' lang='lat' dir='ltr'><strong>eﬂiciuntque,</strong></span> <span class='ocrx_word' id='word_1_144' title='bbox 1706 2180 1765 2228; x_wconf 90' lang='lat' dir='ltr'><strong>ut</strong></span> <span class='ocrx_word' id='word_1_145' title='bbox 1797 2172 1888 2229; x_wconf 85' lang='lat' dir='ltr'><strong>ille</strong></span> <span class='ocrx_word' id='word_1_146' title='bbox 1915 2175 2038 2245; x_wconf 88' lang='lat' dir='ltr'><strong>plus</strong></span> <span class='ocrx_word' id='word_1_147' title='bbox 2067 2191 2168 2230; x_wconf 56' lang='lat' dir='ltr'><strong>no.</strong></span> 
     </span>
    </p>
   </div>
   <div class='ocr_carea' id='block_1_22' title="bbox 569 2260 2164 2336">
    <p class='ocr_par' dir='ltr' id='par_1_22' title="bbox 569 2260 2164 2336">
     <span class='ocr_line' id='line_1_22' title="bbox 569 2260 2164 2336; baseline 0.005 -18"><span class='ocrx_word' id='word_1_148' title='bbox 569 2260 655 2318; x_wconf 85' lang='lat' dir='ltr'><strong>bis</strong></span> <span class='ocrx_word' id='word_1_149' title='bbox 693 2263 909 2328; x_wconf 80' lang='lat' dir='ltr'><strong>reddat,</strong></span> <span class='ocrx_word' id='word_1_150' title='bbox 941 2277 1105 2332; x_wconf 90' lang='lat' dir='ltr'><strong>quam</strong></span> <span class='ocrx_word' id='word_1_151' title='bbox 1135 2262 1434 2332; x_wconf 81' lang='lat' dir='ltr'><strong>acceperit.</strong></span> <span class='ocrx_word' id='word_1_152' title='bbox 1469 2263 1606 2318; x_wconf 80' lang='lat' dir='ltr'><strong>Nam</strong></span> <span class='ocrx_word' id='word_1_153' title='bbox 1647 2265 1829 2320; x_wconf 90' lang='lat' dir='ltr'><strong>oleum</strong></span> <span class='ocrx_word' id='word_1_154' title='bbox 1867 2275 1924 2322; x_wconf 88' lang='lat' dir='ltr'><strong>et</strong></span> <span class='ocrx_word' id='word_1_155' title='bbox 1954 2283 2164 2336; x_wconf 90' lang='lat' dir='ltr'><strong>cereos,</strong></span> 
     </span>
    </p>
   </div>
   <div class='ocr_carea' id='block_1_23' title="bbox 563 2353 2170 2432">
    <p class='ocr_par' dir='ltr' id='par_1_23' title="bbox 563 2353 2170 2432">
     <span class='ocr_line' id='line_1_23' title="bbox 563 2353 2170 2432; baseline 0.006 -24"><span class='ocrx_word' id='word_1_156' title='bbox 563 2357 724 2425; x_wconf 84' lang='lat' dir='ltr'><strong>quasi</strong></span> <span class='ocrx_word' id='word_1_157' title='bbox 755 2353 1165 2420; x_wconf 85' lang='lat' dir='ltr'><strong>holocaustum,</strong></span> <span class='ocrx_word' id='word_1_158' title='bbox 1205 2353 1582 2424; x_wconf 86' lang='lat' dir='ltr'><strong>imponimus;</strong></span> <span class='ocrx_word' id='word_1_159' title='bbox 1635 2357 1814 2413; x_wconf 87' lang='lat' dir='ltr'><strong>hostia</strong></span> <span class='ocrx_word' id='word_1_160' title='bbox 1858 2375 2013 2427; x_wconf 84' lang='lat' dir='ltr'><strong>vero,</strong></span> <span class='ocrx_word' id='word_1_161' title='bbox 2045 2379 2170 2432; x_wconf 55' lang='lat' dir='ltr'><strong>qua;</strong></span> 
     </span>
    </p>
   </div>
   <div class='ocr_carea' id='block_1_24' title="bbox 570 2444 2163 2527">
    <p class='ocr_par' dir='ltr' id='par_1_24' title="bbox 570 2444 2163 2527">
     <span class='ocr_line' id='line_1_24' title="bbox 570 2444 2163 2527; baseline 0.007 -27"><span class='ocrx_word' id='word_1_162' title='bbox 570 2444 853 2516; x_wconf 77' lang='lat' dir='ltr'><strong>sanguinis</strong></span> <span class='ocrx_word' id='word_1_163' title='bbox 887 2459 1086 2515; x_wconf 83' lang='lat' dir='ltr'><strong>expers</strong></span> <span class='ocrx_word' id='word_1_164' title='bbox 1120 2447 1212 2511; x_wconf 89' lang='lat' dir='ltr'><strong>sit,</strong></span> <span class='ocrx_word' id='word_1_165' title='bbox 1247 2445 1415 2500; x_wconf 88' lang='lat' dir='ltr'><strong>Deum</strong></span> <span class='ocrx_word' id='word_1_166' title='bbox 1458 2448 1740 2518; x_wconf 88' lang='lat' dir='ltr'><strong>placamus</strong></span> <span class='ocrx_word' id='word_1_167' title='bbox 1772 2467 1837 2508; x_wconf 87' lang='lat' dir='ltr'><strong>ac</strong></span> <span class='ocrx_word' id='word_1_168' title='bbox 1879 2453 2163 2527; x_wconf 81' lang='lat' dir='ltr'><strong>lenimus;</strong></span> 
     </span>
    </p>
   </div>
   <div class='ocr_carea' id='block_1_25' title="bbox 553 2528 2168 2616">
    <p class='ocr_par' dir='ltr' id='par_1_25' title="bbox 553 2528 2168 2616">
     <span class='ocr_line' id='line_1_25' title="bbox 553 2528 2168 2616; baseline 0.009 -27"><span class='ocrx_word' id='word_1_169' title='bbox 553 2528 954 2595; x_wconf 76' lang='lat' dir='ltr'><strong>&#39;beneﬁcientia</strong></span> <span class='ocrx_word' id='word_1_170' title='bbox 988 2536 1043 2588; x_wconf 90' lang='lat' dir='ltr'><strong>in</strong></span> <span class='ocrx_word' id='word_1_171' title='bbox 1077 2550 1371 2616; x_wconf 79' lang='lat' dir='ltr'><strong>pauperes,</strong></span> <span class='ocrx_word' id='word_1_172' title='bbox 1426 2541 1692 2610; x_wconf 88' lang='lat' dir='ltr'><strong>majorem</strong></span> <span class='ocrx_word' id='word_1_173' title='bbox 1731 2543 2004 2601; x_wconf 89' lang='lat' dir='ltr'><strong>bonorum</strong></span> <span class='ocrx_word' id='word_1_174' title='bbox 2044 2565 2168 2603; x_wconf 89' lang='lat' dir='ltr'><strong>om-</strong></span> 
     </span>
    </p>
   </div>
   <div class='ocr_carea' id='block_1_26' title="bbox 567 2617 2166 2708">
    <p class='ocr_par' dir='ltr' id='par_1_26' title="bbox 567 2617 2166 2708">
     <span class='ocr_line' id='line_1_26' title="bbox 567 2617 2166 2708; baseline 0.009 -28"><span class='ocrx_word' id='word_1_175' title='bbox 567 2627 718 2686; x_wconf 85' lang='lat' dir='ltr'><strong>nium</strong></span> <span class='ocrx_word' id='word_1_176' title='bbox 745 2617 1167 2684; x_wconf 87' lang='lat' dir='ltr'><strong>retributionem</strong></span> <span class='ocrx_word' id='word_1_177' title='bbox 1197 2630 1612 2701; x_wconf 83' lang='lat' dir='ltr'><strong>consequimur.</strong></span> <span class='ocrx_word' id='word_1_178' title='bbox 1649 2633 1787 2690; x_wconf 88' lang='lat' dir='ltr'><strong>Hinc</strong></span> <span class='ocrx_word' id='word_1_179' title='bbox 1814 2651 1923 2692; x_wconf 92' lang='lat' dir='ltr'><strong>non</strong></span> <span class='ocrx_word' id='word_1_180' title='bbox 1972 2654 2166 2708; x_wconf 83' lang='lat' dir='ltr'><strong>parum</strong></span> 
     </span>
    </p>
   </div>
   <div class='ocr_carea' id='block_1_27' title="bbox 571 2722 2166 2789">
    <p class='ocr_par' dir='ltr' id='par_1_27' title="bbox 571 2722 2166 2789">
     <span class='ocr_line' id='line_1_27' title="bbox 571 2722 2166 2789; baseline 0.009 -15"><span class='ocrx_word' id='word_1_181' title='bbox 571 2722 826 2778; x_wconf 87' lang='lat' dir='ltr'><strong>utilitatis</strong></span> <span class='ocrx_word' id='word_1_182' title='bbox 860 2722 1126 2788; x_wconf 70' lang='lat' dir='ltr'><strong>afferunt,</strong></span> <span class='ocrx_word' id='word_1_183' title='bbox 1157 2722 1288 2778; x_wconf 89' lang='lat' dir='ltr'><strong>licet</strong></span> <span class='ocrx_word' id='word_1_184' title='bbox 1325 2739 1389 2779; x_wconf 90' lang='lat' dir='ltr'><strong>ea</strong></span> <span class='ocrx_word' id='word_1_185' title='bbox 1429 2723 1540 2780; x_wconf 93' lang='lat' dir='ltr'><strong>Deo</strong></span> <span class='ocrx_word' id='word_1_186' title='bbox 1571 2725 1640 2780; x_wconf 91' lang='lat' dir='ltr'><strong>ab</strong></span> <span class='ocrx_word' id='word_1_187' title='bbox 1669 2727 1795 2783; x_wconf 87' lang='lat' dir='ltr'><strong>aliis</strong></span> <span class='ocrx_word' id='word_1_188' title='bbox 1831 2730 2166 2789; x_wconf 82' lang='lat' dir='ltr'><strong>olIeruntur.</strong></span> 
     </span>
    </p>
   </div>
   <div class='ocr_carea' id='block_1_28' title="bbox 2194 1752 2239 1812">
    <p class='ocr_par' dir='ltr' id='par_1_28' title="bbox 2194 1752 2239 1812">
     <span class='ocr_line' id='line_1_28' title="bbox 2194 1752 2239 1812; baseline 0 0"><span class='ocrx_word' id='word_1_189' title='bbox 2194 1752 2239 1812; x_wconf 85' lang='grc' dir='ltr'><strong>Β</strong></span> 
     </span>
    </p>
   </div>
   <div class='ocr_carea' id='block_1_29' title="bbox 640 2801 2166 2888">
    <p class='ocr_par' dir='ltr' id='par_1_29' title="bbox 640 2801 2166 2888">
     <span class='ocr_line' id='line_1_29' title="bbox 640 2801 2166 2888; baseline 0.008 -22"><span class='ocrx_word' id='word_1_190' title='bbox 640 2801 768 2867; x_wconf 66' lang='lat' dir='ltr'><strong>Haec</strong></span> <span class='ocrx_word' id='word_1_191' title='bbox 801 2813 993 2868; x_wconf 85' lang='lat' dir='ltr'><strong>eadem</strong></span> <span class='ocrx_word' id='word_1_192' title='bbox 1037 2829 1272 2885; x_wconf 75' lang='lat' dir='ltr'><strong>magnus</strong></span> <span class='ocrx_word' id='word_1_193' title='bbox 1296 2813 1535 2886; x_wconf 86' lang='lat' dir='ltr'><strong>Cyrillus</strong></span> <span class='ocrx_word' id='word_1_194' title='bbox 1573 2817 1910 2876; x_wconf 81' lang='lat' dir='ltr'><strong>conﬁrmans</strong></span> <span class='ocrx_word' id='word_1_195' title='bbox 1932 2862 1949 2888; x_wconf 95' lang='lat'><strong>,</strong></span> <span class='ocrx_word' id='word_1_196' title='bbox 1977 2832 2166 2878; x_wconf 82' lang='lat' dir='ltr'><strong>osten-</strong></span> 
     </span>
    </p>
   </div>
   <div class='ocr_carea' id='block_1_30' title="bbox 569 2901 2169 2973">
    <p class='ocr_par' dir='ltr' id='par_1_30' title="bbox 569 2901 2169 2973">
     <span class='ocr_line' id='line_1_30' title="bbox 569 2901 2169 2973; baseline 0.005 -15"><span class='ocrx_word' id='word_1_197' title='bbox 569 2901 836 2973; x_wconf 82' lang='lat' dir='ltr'><strong>deusque,</strong></span> <span class='ocrx_word' id='word_1_198' title='bbox 871 2905 1170 2972; x_wconf 79' lang='lat' dir='ltr'><strong>memorias</strong></span> <span class='ocrx_word' id='word_1_199' title='bbox 1206 2904 1504 2958; x_wconf 76' lang='lat' dir='ltr'><strong>maximum</strong></span> <span class='ocrx_word' id='word_1_200' title='bbox 1547 2905 1604 2960; x_wconf 92' lang='lat' dir='ltr'><strong>in</strong></span> <span class='ocrx_word' id='word_1_201' title='bbox 1644 2907 1866 2962; x_wconf 90' lang='lat' dir='ltr'><strong>modum</strong></span> <span class='ocrx_word' id='word_1_202' title='bbox 1893 2908 2169 2966; x_wconf 80' lang='lat' dir='ltr'><strong>defunctis</strong></span> 
     </span>
    </p>
   </div>
   <div class='ocr_carea' id='block_1_31' title="bbox 571 2997 2168 3070">
    <p class='ocr_par' dir='ltr' id='par_1_31' title="bbox 571 2997 2168 3070">
     <span class='ocr_line' id='line_1_31' title="bbox 571 2997 2168 3070; baseline 0.004 -19"><span class='ocrx_word' id='word_1_203' title='bbox 571 2997 853 3068; x_wconf 87' lang='lat' dir='ltr'><strong>prodesse,</strong></span> <span class='ocrx_word' id='word_1_204' title='bbox 895 3012 998 3051; x_wconf 89' lang='lat' dir='ltr'><strong>nec</strong></span> <span class='ocrx_word' id='word_1_205' title='bbox 1026 3010 1151 3052; x_wconf 86' lang='lat' dir='ltr'><strong>esse</strong></span> <span class='ocrx_word' id='word_1_206' title='bbox 1180 2997 1406 3064; x_wconf 86' lang='lat' dir='ltr'><strong>mirum,</strong></span> <span class='ocrx_word' id='word_1_207' title='bbox 1435 2997 1478 3053; x_wconf 89' lang='lat' dir='ltr'><strong>si</strong></span> <span class='ocrx_word' id='word_1_208' title='bbox 1517 2999 1586 3054; x_wconf 91' lang='lat' dir='ltr'><strong>ab</strong></span> <span class='ocrx_word' id='word_1_209' title='bbox 1610 2999 1718 3055; x_wconf 85' lang='lat' dir='ltr'><strong>alio</strong></span> <span class='ocrx_word' id='word_1_210' title='bbox 1747 3001 1970 3070; x_wconf 88' lang='lat' dir='ltr'><strong>quidem</strong></span> <span class='ocrx_word' id='word_1_211' title='bbox 1997 3004 2168 3058; x_wconf 82' lang='lat' dir='ltr'><strong>sacri-</strong></span> 
     </span>
    </p>
   </div>
   <div class='ocr_carea' id='block_1_32' title="bbox 567 3088 2238 3155">
    <p class='ocr_par' dir='ltr' id='par_1_32' title="bbox 567 3088 2238 3155">
     <span class='ocr_line' id='line_1_32' title="bbox 567 3088 2238 3155; baseline 0.004 -9"><span class='ocrx_word' id='word_1_212' title='bbox 567 3091 754 3146; x_wconf 78' lang='lat' dir='ltr'><strong>ﬁcium</strong></span> <span class='ocrx_word' id='word_1_213' title='bbox 793 3088 901 3144; x_wconf 79' lang='lat' dir='ltr'><strong>Deo</strong></span> <span class='ocrx_word' id='word_1_214' title='bbox 950 3089 1232 3155; x_wconf 79' lang='lat' dir='ltr'><strong>oﬂ‘eratur,</strong></span> <span class='ocrx_word' id='word_1_215' title='bbox 1279 3092 1629 3146; x_wconf 88' lang='lat' dir='ltr'><strong>commodum</strong></span> <span class='ocrx_word' id='word_1_216' title='bbox 1678 3101 1863 3148; x_wconf 90' lang='lat' dir='ltr'><strong>tamen</strong></span> <span class='ocrx_word' id='word_1_217' title='bbox 1905 3096 1958 3150; x_wconf 92' lang='lat' dir='ltr'><strong>in</strong></span> <span class='ocrx_word' id='word_1_218' title='bbox 1995 3095 2165 3152; x_wconf 89' lang='lat' dir='ltr'><strong>alium</strong></span> <span class='ocrx_word' id='word_1_219' title='bbox 2195 3095 2238 3153; x_wconf 89' lang='lat' dir='ltr'><strong>C</strong></span> 
     </span>
    </p>
   </div>
   <div class='ocr_carea' id='block_1_33' title="bbox 570 3178 2172 3246">
    <p class='ocr_par' dir='ltr' id='par_1_33' title="bbox 570 3178 2172 3246">
     <span class='ocr_line' id='line_1_33' title="bbox 570 3178 2172 3246; baseline 0.004 -11"><span class='ocrx_word' id='word_1_220' title='bbox 570 3178 1027 3246; x_wconf 67' lang='lat' dir='ltr'><strong>transfundatur,</strong></span> <span class='ocrx_word' id='word_1_221' title='bbox 1067 3180 1183 3234; x_wconf 70' lang='lat' dir='ltr'><strong>hanc</strong></span> <span class='ocrx_word' id='word_1_222' title='bbox 1219 3181 1387 3236; x_wconf 90' lang='lat' dir='ltr'><strong>etiam</strong></span> <span class='ocrx_word' id='word_1_223' title='bbox 1417 3182 1574 3237; x_wconf 88' lang='lat' dir='ltr'><strong>addit</strong></span> <span class='ocrx_word' id='word_1_224' title='bbox 1612 3201 1626 3237; x_wconf 89' lang='lat'><strong>:</strong></span> <span class='ocrx_word' id='word_1_225' title='bbox 1666 3183 1931 3240; x_wconf 88' lang='lat' dir='ltr'><strong>Dominus</strong></span> <span class='ocrx_word' id='word_1_226' title='bbox 1983 3197 2172 3244; x_wconf 85' lang='lat' dir='ltr'><strong>noster</strong></span> 
     </span>
    </p>
   </div>
   <div class='ocr_carea' id='block_1_34' title="bbox 566 3272 2171 3338">
    <p class='ocr_par' dir='ltr' id='par_1_34' title="bbox 566 3272 2171 3338">
     <span class='ocr_line' id='line_1_34' title="bbox 566 3272 2171 3338; baseline 0.004 -9"><span class='ocrx_word' id='word_1_227' title='bbox 566 3272 734 3329; x_wconf 64' lang='lat' dir='ltr'><strong>Iesus</strong></span> <span class='ocrx_word' id='word_1_228' title='bbox 765 3273 1042 3338; x_wconf 85' lang='lat' dir='ltr'><strong>Christus,</strong></span> <span class='ocrx_word' id='word_1_229' title='bbox 1095 3273 1244 3329; x_wconf 90' lang='lat' dir='ltr'><strong>hunc</strong></span> <span class='ocrx_word' id='word_1_230' title='bbox 1291 3275 1346 3328; x_wconf 92' lang='lat' dir='ltr'><strong>in</strong></span> <span class='ocrx_word' id='word_1_231' title='bbox 1395 3274 1618 3330; x_wconf 91' lang='lat' dir='ltr'><strong>modum</strong></span> <span class='ocrx_word' id='word_1_232' title='bbox 1661 3275 1730 3331; x_wconf 88' lang='lat' dir='ltr'><strong>ad</strong></span> <span class='ocrx_word' id='word_1_233' title='bbox 1783 3279 2171 3336; x_wconf 84' lang='lat' dir='ltr'><strong>centurionem</strong></span> 
     </span>
    </p>
   </div>
   <div class='ocr_carea' id='block_1_35' title="bbox 568 3366 2172 3437">
    <p class='ocr_par' dir='ltr' id='par_1_35' title="bbox 568 3366 2172 3437">
     <span class='ocr_line' id='line_1_35' title="bbox 568 3366 2172 3437; baseline 0.005 -17"><span class='ocrx_word' id='word_1_234' title='bbox 568 3366 931 3437; x_wconf 84' lang='lat' dir='ltr'><strong>respondens,</strong></span> <span class='ocrx_word' id='word_1_235' title='bbox 964 3382 1091 3421; x_wconf 90' lang='lat' dir='ltr'><strong>cum</strong></span> <span class='ocrx_word' id='word_1_236' title='bbox 1135 3366 1227 3421; x_wconf 89' lang='lat' dir='ltr'><strong>ille</strong></span> <span class='ocrx_word' id='word_1_237' title='bbox 1274 3369 1344 3423; x_wconf 89' lang='lat' dir='ltr'><strong>ad</strong></span> <span class='ocrx_word' id='word_1_238' title='bbox 1391 3384 1518 3423; x_wconf 87' lang='lat' dir='ltr'><strong>eum</strong></span> <span class='ocrx_word' id='word_1_239' title='bbox 1567 3368 1829 3426; x_wconf 87' lang='lat' dir='ltr'><strong>dicebat:</strong></span> <span class='ocrx_word' id='word_1_240' title='bbox 1875 3369 2002 3426; x_wconf 79' lang='lat' dir='ltr'><strong>Non</strong></span> <span class='ocrx_word' id='word_1_241' title='bbox 2053 3390 2172 3428; x_wconf 85' lang='lat' dir='ltr'><strong>sum</strong></span> 
     </span>
    </p>
   </div>
   <div class='ocr_carea' id='block_1_36' title="bbox 567 3459 2159 3528">
    <p class='ocr_par' dir='ltr' id='par_1_36' title="bbox 567 3459 2159 3528">
     <span class='ocr_line' id='line_1_36' title="bbox 567 3459 2159 3528; baseline 0.006 -17"><span class='ocrx_word' id='word_1_242' title='bbox 567 3459 781 3528; x_wconf 74' lang='lat' dir='ltr'><strong>dignus,</strong></span> <span class='ocrx_word' id='word_1_243' title='bbox 813 3467 870 3512; x_wconf 83' lang='lat' dir='ltr'><strong>ut</strong></span> <span class='ocrx_word' id='word_1_244' title='bbox 895 3459 1061 3514; x_wconf 81' lang='lat' dir='ltr'><strong>intres</strong></span> <span class='ocrx_word' id='word_1_245' title='bbox 1089 3459 1186 3514; x_wconf 75' lang='lat' dir='ltr'><strong>sub</strong></span> <span class='ocrx_word' id='word_1_246' title='bbox 1217 3469 1414 3515; x_wconf 85' lang='lat' dir='ltr'><strong>tectum</strong></span> <span class='ocrx_word' id='word_1_247' title='bbox 1456 3477 1652 3526; x_wconf 83' lang='lat' dir='ltr'><strong>meum,</strong></span> <span class='ocrx_word' id='word_1_248' title='bbox 1697 3467 1787 3515; x_wconf 78' lang='lat' dir='ltr'><strong>sed</strong></span> <span class='ocrx_word' id='word_1_249' title='bbox 1827 3473 2036 3518; x_wconf 82' lang='lat' dir='ltr'><strong>tantum</strong></span> <span class='ocrx_word' id='word_1_250' title='bbox 2073 3467 2159 3520; x_wconf 81' lang='lat' dir='ltr'><strong>dic</strong></span> 
     </span>
    </p>
   </div>
   <div class='ocr_carea' id='block_1_37' title="bbox 567 3551 2168 3622">
    <p class='ocr_par' dir='ltr' id='par_1_37' title="bbox 567 3551 2168 3622">
     <span class='ocr_line' id='line_1_37' title="bbox 567 3551 2168 3622; baseline 0.006 -18"><span class='ocrx_word' id='word_1_251' title='bbox 567 3551 802 3617; x_wconf 76' lang='lat' dir='ltr'><strong>verbum,</strong></span> <span class='ocrx_word' id='word_1_252' title='bbox 829 3559 877 3605; x_wconf 82' lang='lat' dir='ltr'><strong>et</strong></span> <span class='ocrx_word' id='word_1_253' title='bbox 914 3552 1200 3606; x_wconf 76' lang='lat' dir='ltr'><strong>sanabitur</strong></span> <span class='ocrx_word' id='word_1_254' title='bbox 1228 3567 1362 3622; x_wconf 84' lang='lat' dir='ltr'><strong>puer</strong></span> <span class='ocrx_word' id='word_1_255' title='bbox 1392 3569 1538 3608; x_wconf 78' lang='lat' dir='ltr'><strong>meus</strong></span> <span class='ocrx_word' id='word_1_256' title='bbox 1573 3567 1591 3606; x_wconf 92' lang='lat'><strong><em>:</em></strong></span> <span class='ocrx_word' id='word_1_257' title='bbox 1620 3551 1648 3607; x_wconf 92' lang='grc'><em>1</em></span> <span class='ocrx_word' id='word_1_258' title='bbox 1673 3552 1784 3622; x_wconf 72' lang='grc' dir='ltr'><strong>με,</strong></span> <span class='ocrx_word' id='word_1_259' title='bbox 1821 3564 1871 3609; x_wconf 86' lang='lat' dir='ltr'><strong>et</strong></span> <span class='ocrx_word' id='word_1_260' title='bbox 1911 3566 1968 3609; x_wconf 84' lang='lat' dir='ltr'><strong>ut</strong></span> <span class='ocrx_word' id='word_1_261' title='bbox 1997 3559 2168 3613; x_wconf 77' lang='lat' dir='ltr'><strong>credi-</strong></span> 
     </span>
    </p>
   </div>
   <div class='ocr_carea' id='block_1_38' title="bbox 570 3644 2172 3722">
    <p class='ocr_par' dir='ltr' id='par_1_38' title="bbox 570 3644 2172 3722">
     <span class='ocr_line' id='line_1_38' title="bbox 570 3644 2172 3722; baseline 0.006 -25"><span class='ocrx_word' id='word_1_262' title='bbox 570 3644 719 3707; x_wconf 82' lang='lat' dir='ltr'><strong>disti,</strong></span> <span class='ocrx_word' id='word_1_263' title='bbox 755 3645 855 3714; x_wconf 75' lang='lat' dir='ltr'><strong>ﬁat</strong></span> <span class='ocrx_word' id='word_1_264' title='bbox 897 3645 1030 3711; x_wconf 75' lang='lat' dir='ltr'><strong>tibi;</strong></span> <span class='ocrx_word' id='word_1_265' title='bbox 1067 3647 1418 3716; x_wconf 88' lang='lat' dir='ltr'><strong>apertissime</strong></span> <span class='ocrx_word' id='word_1_266' title='bbox 1467 3649 1938 3715; x_wconf 83' lang='lat' dir='ltr'><strong>commonstravit,</strong></span> <span class='ocrx_word' id='word_1_267' title='bbox 1967 3667 2066 3722; x_wconf 87' lang='lat' dir='ltr'><strong>per</strong></span> <span class='ocrx_word' id='word_1_268' title='bbox 2090 3653 2172 3706; x_wconf 86' lang='lat' dir='ltr'><strong>al-</strong></span> 
     </span>
    </p>
   </div>
   <div class='ocr_carea' id='block_1_39' title="bbox 571 3737 2174 3816">
    <p class='ocr_par' dir='ltr' id='par_1_39' title="bbox 571 3737 2174 3816">
     <span class='ocr_line' id='line_1_39' title="bbox 571 3737 2174 3816; baseline 0.007 -26"><span class='ocrx_word' id='word_1_269' title='bbox 571 3738 743 3792; x_wconf 85' lang='lat' dir='ltr'><strong>terius</strong></span> <span class='ocrx_word' id='word_1_270' title='bbox 770 3737 929 3793; x_wconf 80' lang='lat' dir='ltr'><strong>lidem</strong></span> <span class='ocrx_word' id='word_1_271' title='bbox 973 3747 1032 3792; x_wconf 81' lang='lat' dir='ltr'><strong>et</strong></span> <span class='ocrx_word' id='word_1_272' title='bbox 1084 3740 1373 3795; x_wconf 86' lang='lat' dir='ltr'><strong>absentem</strong></span> <span class='ocrx_word' id='word_1_273' title='bbox 1413 3739 1632 3795; x_wconf 88' lang='lat' dir='ltr'><strong>salvari.</strong></span> <span class='ocrx_word' id='word_1_274' title='bbox 1667 3738 1746 3798; x_wconf 86' lang='lat' dir='ltr'><strong>Ne</strong></span> <span class='ocrx_word' id='word_1_275' title='bbox 1778 3742 1964 3813; x_wconf 81' lang='lat' dir='ltr'><strong>itaque</strong></span> <span class='ocrx_word' id='word_1_276' title='bbox 1991 3744 2044 3799; x_wconf 91' lang='lat' dir='ltr'><strong>in</strong></span> <span class='ocrx_word' id='word_1_277' title='bbox 2075 3761 2174 3816; x_wconf 88' lang='lat' dir='ltr'><strong>po-</strong></span> 
     </span>
    </p>
   </div>
   <div class='ocr_carea' id='block_1_40' title="bbox 568 3829 2172 3905">
    <p class='ocr_par' dir='ltr' id='par_1_40' title="bbox 568 3829 2172 3905">
     <span class='ocr_line' id='line_1_40' title="bbox 568 3829 2172 3905; baseline 0.007 -23"><span class='ocrx_word' id='word_1_278' title='bbox 568 3839 777 3884; x_wconf 83' lang='lat' dir='ltr'><strong>sterum</strong></span> <span class='ocrx_word' id='word_1_279' title='bbox 839 3829 1094 3886; x_wconf 65' lang='lat' dir='ltr'><strong>haesites:</strong></span> <span class='ocrx_word' id='word_1_280' title='bbox 1124 3846 1248 3885; x_wconf 88' lang='lat' dir='ltr'><strong>nam</strong></span> <span class='ocrx_word' id='word_1_281' title='bbox 1281 3833 1350 3893; x_wconf 87' lang='lat' dir='ltr'><strong>si,</strong></span> <span class='ocrx_word' id='word_1_282' title='bbox 1385 3846 1509 3901; x_wconf 70' lang='lat' dir='ltr'><strong>qua:</strong></span> <span class='ocrx_word' id='word_1_283' title='bbox 1538 3832 1608 3889; x_wconf 91' lang='lat' dir='ltr'><strong>ab</strong></span> <span class='ocrx_word' id='word_1_284' title='bbox 1632 3834 1738 3889; x_wconf 91' lang='lat' dir='ltr'><strong>alio</strong></span> <span class='ocrx_word' id='word_1_285' title='bbox 1770 3851 1869 3905; x_wconf 91' lang='lat' dir='ltr'><strong>pro</strong></span> <span class='ocrx_word' id='word_1_286' title='bbox 1901 3837 2010 3892; x_wconf 89' lang='lat' dir='ltr'><strong>alio</strong></span> <span class='ocrx_word' id='word_1_287' title='bbox 2038 3838 2172 3894; x_wconf 70' lang='grc' dir='ltr'><strong>οσο-</strong></span> 
     </span>
    </p>
   </div>
   <div class='ocr_carea' id='block_1_41' title="bbox 567 3920 2172 3997">
    <p class='ocr_par' dir='ltr' id='par_1_41' title="bbox 567 3920 2172 3997">
     <span class='ocr_line' id='line_1_41' title="bbox 567 3920 2172 3997; baseline 0.006 -23"><span class='ocrx_word' id='word_1_288' title='bbox 567 3931 789 3986; x_wconf 86' lang='lat' dir='ltr'><strong>runtur,</strong></span> <span class='ocrx_word' id='word_1_289' title='bbox 826 3920 1043 3976; x_wconf 89' lang='lat' dir='ltr'><strong>inutilia</strong></span> <span class='ocrx_word' id='word_1_290' title='bbox 1077 3930 1229 3987; x_wconf 86' lang='lat' dir='ltr'><strong>sunt,</strong></span> <span class='ocrx_word' id='word_1_291' title='bbox 1261 3922 1380 3994; x_wconf 90' lang='lat' dir='ltr'><strong>ipsa</strong></span> <span class='ocrx_word' id='word_1_292' title='bbox 1408 3925 1596 3993; x_wconf 83' lang='lat' dir='ltr'><strong>etiam,</strong></span> <span class='ocrx_word' id='word_1_293' title='bbox 1635 3942 1757 3997; x_wconf 69' lang='lat' dir='ltr'><strong>qua:</strong></span> <span class='ocrx_word' id='word_1_294' title='bbox 1787 3928 1843 3983; x_wconf 89' lang='lat' dir='ltr'><strong>in</strong></span> <span class='ocrx_word' id='word_1_295' title='bbox 1872 3929 2064 3984; x_wconf 89' lang='lat' dir='ltr'><strong>divino</strong></span> <span class='ocrx_word' id='word_1_296' title='bbox 2095 3929 2172 3984; x_wconf 84' lang='lat' dir='ltr'><strong>la-</strong></span> 
     </span>
    </p>
   </div>
   <div class='ocr_carea' id='block_1_42' title="bbox 567 4013 2168 4091">
    <p class='ocr_par' dir='ltr' id='par_1_42' title="bbox 567 4013 2168 4091">
     <span class='ocr_line' id='line_1_42' title="bbox 567 4013 2168 4091; baseline 0.007 -24"><span class='ocrx_word' id='word_1_297' title='bbox 567 4027 734 4068; x_wconf 80' lang='lat' dir='ltr'><strong>vacro</strong></span> <span class='ocrx_word' id='word_1_298' title='bbox 783 4024 1008 4083; x_wconf 89' lang='lat' dir='ltr'><strong>propter</strong></span> <span class='ocrx_word' id='word_1_299' title='bbox 1059 4013 1431 4070; x_wconf 90' lang='lat' dir='ltr'><strong>illuminatum</strong></span> <span class='ocrx_word' id='word_1_300' title='bbox 1482 4030 1854 4091; x_wconf 81' lang='lat' dir='ltr'><strong>peraguntur,</strong></span> <span class='ocrx_word' id='word_1_301' title='bbox 1893 4023 2036 4078; x_wconf 89' lang='lat' dir='ltr'><strong>nihil</strong></span> <span class='ocrx_word' id='word_1_302' title='bbox 2089 4023 2168 4078; x_wconf 88' lang='lat' dir='ltr'><strong>illi</strong></span> 
     </span>
    </p>
   </div>
   <div class='ocr_carea' id='block_1_43' title="bbox 569 4104 2166 4181">
    <p class='ocr_par' dir='ltr' id='par_1_43' title="bbox 569 4104 2166 4181">
     <span class='ocr_line' id='line_1_43' title="bbox 569 4104 2166 4181; baseline 0.008 -23"><span class='ocrx_word' id='word_1_303' title='bbox 569 4104 887 4176; x_wconf 79' lang='lat' dir='ltr'><strong>proficient,</strong></span> <span class='ocrx_word' id='word_1_304' title='bbox 920 4121 1050 4161; x_wconf 83' lang='lat' dir='ltr'><strong>cum</strong></span> <span class='ocrx_word' id='word_1_305' title='bbox 1119 4123 1382 4163; x_wconf 84' lang='lat' dir='ltr'><strong>assensus</strong></span> <span class='ocrx_word' id='word_1_306' title='bbox 1409 4119 1468 4165; x_wconf 90' lang='lat' dir='ltr'><strong>et</strong></span> <span class='ocrx_word' id='word_1_307' title='bbox 1499 4111 1903 4171; x_wconf 87' lang='lat' dir='ltr'><strong>abrenuntialio</strong></span> <span class='ocrx_word' id='word_1_308' title='bbox 1927 4116 1996 4172; x_wconf 88' lang='lat' dir='ltr'><strong>ab</strong></span> <span class='ocrx_word' id='word_1_309' title='bbox 2021 4116 2166 4181; x_wconf 88' lang='lat' dir='ltr'><strong>aliis,</strong></span> 
     </span>
    </p>
   </div>
   <div class='ocr_carea' id='block_1_44' title="bbox 567 4200 2165 4281">
    <p class='ocr_par' dir='ltr' id='par_1_44' title="bbox 567 4200 2165 4281">
     <span class='ocr_line' id='line_1_44' title="bbox 567 4200 2165 4281; baseline 0.006 -27"><span class='ocrx_word' id='word_1_310' title='bbox 567 4208 625 4254; x_wconf 88' lang='lat' dir='ltr'><strong>et</strong></span> <span class='ocrx_word' id='word_1_311' title='bbox 652 4213 760 4253; x_wconf 90' lang='lat' dir='ltr'><strong>non</strong></span> <span class='ocrx_word' id='word_1_312' title='bbox 791 4200 859 4255; x_wconf 88' lang='lat' dir='ltr'><strong>ab</strong></span> <span class='ocrx_word' id='word_1_313' title='bbox 885 4202 951 4256; x_wconf 90' lang='lat' dir='ltr'><strong>iis</strong></span> <span class='ocrx_word' id='word_1_314' title='bbox 979 4202 1072 4272; x_wconf 91' lang='lat' dir='ltr'><strong>qui</strong></span> <span class='ocrx_word' id='word_1_315' title='bbox 1093 4201 1550 4261; x_wconf 83' lang='lat' dir='ltr'><strong>illuminationem</strong></span> <span class='ocrx_word' id='word_1_316' title='bbox 1571 4209 1875 4279; x_wconf 89' lang='lat' dir='ltr'><strong>accipiunt,</strong></span> <span class='ocrx_word' id='word_1_317' title='bbox 1900 4225 2165 4281; x_wconf 81' lang='lat' dir='ltr'><strong>peragan-</strong></span> 
     </span>
    </p>
   </div>
   <div class='ocr_carea' id='block_1_45' title="bbox 567 4290 2163 4361">
    <p class='ocr_par' dir='ltr' id='par_1_45' title="bbox 567 4290 2163 4361">
     <span class='ocr_line' id='line_1_45' title="bbox 567 4290 2163 4361; baseline 0.009 -18"><span class='ocrx_word' id='word_1_318' title='bbox 567 4307 675 4360; x_wconf 56' lang='lat' dir='ltr'><strong>tur.</strong></span> <span class='ocrx_word' id='word_1_319' title='bbox 714 4290 841 4347; x_wconf 59' lang='lat' dir='ltr'><strong>Hec</strong></span> <span class='ocrx_word' id='word_1_320' title='bbox 879 4293 926 4348; x_wconf 89' lang='lat' dir='ltr'><strong>si</strong></span> <span class='ocrx_word' id='word_1_321' title='bbox 956 4295 1030 4348; x_wconf 92' lang='lat' dir='ltr'><strong>ita</strong></span> <span class='ocrx_word' id='word_1_322' title='bbox 1059 4309 1118 4348; x_wconf 88' lang='lat' dir='ltr'><strong>sc</strong></span> <span class='ocrx_word' id='word_1_323' title='bbox 1153 4295 1390 4361; x_wconf 84' lang='lat' dir='ltr'><strong>habent,</strong></span> <span class='ocrx_word' id='word_1_324' title='bbox 1423 4307 1478 4352; x_wconf 91' lang='lat' dir='ltr'><strong>et</strong></span> <span class='ocrx_word' id='word_1_325' title='bbox 1507 4301 1787 4356; x_wconf 66' lang='lat' dir='ltr'><strong>memoriae</strong></span> <span class='ocrx_word' id='word_1_326' title='bbox 1821 4311 2163 4358; x_wconf 87' lang='lat' dir='ltr'><strong>mortuorum</strong></span> 
     </span>
    </p>
   </div>
   <div class='ocr_carea' id='block_1_46' title="bbox 565 4383 2162 4462">
    <p class='ocr_par' dir='ltr' id='par_1_46' title="bbox 565 4383 2162 4462">
     <span class='ocr_line' id='line_1_46' title="bbox 565 4383 2162 4462; baseline 0.008 -26"><span class='ocrx_word' id='word_1_327' title='bbox 565 4383 801 4440; x_wconf 78' lang='lat' dir='ltr'><strong>maxime</strong></span> <span class='ocrx_word' id='word_1_328' title='bbox 829 4385 1099 4460; x_wconf 70' lang='lat' dir='ltr'><strong>proﬁcum</strong></span> <span class='ocrx_word' id='word_1_329' title='bbox 1143 4396 1296 4453; x_wconf 87' lang='lat' dir='ltr'><strong>sunt,</strong></span> <span class='ocrx_word' id='word_1_330' title='bbox 1344 4405 1582 4461; x_wconf 84' lang='lat' dir='ltr'><strong>vereque</strong></span> <span class='ocrx_word' id='word_1_331' title='bbox 1620 4405 1863 4462; x_wconf 75' lang='lat' dir='ltr'><strong>accepta:</strong></span> <span class='ocrx_word' id='word_1_332' title='bbox 1898 4403 2026 4448; x_wconf 88' lang='lat' dir='ltr'><strong>sunt</strong></span> <span class='ocrx_word' id='word_1_333' title='bbox 2061 4414 2074 4450; x_wconf 90' lang='lat'><strong>:</strong></span> <span class='ocrx_word' id='word_1_334' title='bbox 2115 4396 2162 4452; x_wconf 91' lang='lat' dir='ltr'><strong>si</strong></span> 
     </span>
    </p>
   </div>
   <div class='ocr_carea' id='block_1_47' title="bbox 563 4461 2237 4554">
    <p class='ocr_par' dir='ltr' id='par_1_47' title="bbox 563 4461 2237 4554">
     <span class='ocr_line' id='line_1_47' title="bbox 563 4461 2237 4554; baseline 0.009 -26"><span class='ocrx_word' id='word_1_335' title='bbox 563 4473 617 4528; x_wconf 77' lang='lat' dir='ltr'><strong>id</strong></span> <span class='ocrx_word' id='word_1_336' title='bbox 650 4475 798 4528; x_wconf 89' lang='lat' dir='ltr'><strong>enim</strong></span> <span class='ocrx_word' id='word_1_337' title='bbox 835 4491 947 4530; x_wconf 90' lang='lat' dir='ltr'><strong>non</strong></span> <span class='ocrx_word' id='word_1_338' title='bbox 968 4487 1176 4544; x_wconf 86' lang='lat' dir='ltr'><strong>essent,</strong></span> <span class='ocrx_word' id='word_1_339' title='bbox 1206 4494 1513 4550; x_wconf 90' lang='lat' dir='ltr'><strong>nunquam,</strong></span> <span class='ocrx_word' id='word_1_340' title='bbox 1541 4493 1600 4536; x_wconf 90' lang='lat' dir='ltr'><strong>ut</strong></span> <span class='ocrx_word' id='word_1_341' title='bbox 1631 4461 1796 4553; x_wconf 83' lang='lat' dir='ltr'><strong>supra</strong></span> <span class='ocrx_word' id='word_1_342' title='bbox 1822 4485 2025 4540; x_wconf 88' lang='lat' dir='ltr'><strong>dictum</strong></span> <span class='ocrx_word' id='word_1_343' title='bbox 2053 4498 2156 4554; x_wconf 89' lang='lat' dir='ltr'><strong>est,</strong></span> <span class='ocrx_word' id='word_1_344' title='bbox 2193 4461 2237 4518; x_wconf 69' lang='grc' dir='ltr'><strong>θ</strong></span> 
     </span>
    </p>
   </div>
   <div class='ocr_carea' id='block_1_48' title="bbox 563 4569 2159 4644">
    <p class='ocr_par' dir='ltr' id='par_1_48' title="bbox 563 4569 2159 4644">
     <span class='ocr_line' id='line_1_48' title="bbox 563 4569 2159 4644; baseline 0.01 -25"><span class='ocrx_word' id='word_1_345' title='bbox 563 4569 1128 4625; x_wconf 84' lang='lat' dir='ltr'><strong>commemorationes</strong></span> <span class='ocrx_word' id='word_1_346' title='bbox 1169 4573 1509 4642; x_wconf 70' lang='lat' dir='ltr'><strong>praescriptis</strong></span> <span class='ocrx_word' id='word_1_347' title='bbox 1559 4575 1902 4644; x_wconf 77' lang='lat' dir='ltr'><strong>tempm-ibus</strong></span> <span class='ocrx_word' id='word_1_348' title='bbox 1949 4583 2159 4635; x_wconf 84' lang='lat' dir='ltr'><strong>consti-</strong></span> 
     </span>
    </p>
   </div>
   <div class='ocr_carea' id='block_1_49' title="bbox 565 4661 2150 4741">
    <p class='ocr_par' dir='ltr' id='par_1_49' title="bbox 565 4661 2150 4741">
     <span class='ocr_line' id='line_1_49' title="bbox 565 4661 2150 4741; baseline 0.011 -28"><span class='ocrx_word' id='word_1_349' title='bbox 565 4661 803 4716; x_wconf 88' lang='lat' dir='ltr'><strong>tuissent</strong></span> <span class='ocrx_word' id='word_1_350' title='bbox 839 4674 1182 4718; x_wconf 88' lang='lat' dir='ltr'><strong>mortuorum</strong></span> <span class='ocrx_word' id='word_1_351' title='bbox 1217 4665 1331 4720; x_wconf 79' lang='lat' dir='ltr'><strong>ﬁeri</strong></span> <span class='ocrx_word' id='word_1_352' title='bbox 1386 4668 1616 4736; x_wconf 90' lang='lat' dir='ltr'><strong>apostoli</strong></span> <span class='ocrx_word' id='word_1_353' title='bbox 1646 4667 1957 4741; x_wconf 75' lang='lat' dir='ltr'><strong>Christique</strong></span> <span class='ocrx_word' id='word_1_354' title='bbox 1989 4673 2150 4730; x_wconf 87' lang='lat' dir='ltr'><strong>disci-</strong></span> 
     </span>
    </p>
   </div>
   <div class='ocr_carea' id='block_1_50' title="bbox 563 4753 2072 4827">
    <p class='ocr_par' dir='ltr' id='par_1_50' title="bbox 563 4753 2072 4827">
     <span class='ocr_line' id='line_1_50' title="bbox 563 4753 2072 4827; baseline 0.011 -20"><span class='ocrx_word' id='word_1_355' title='bbox 563 4753 701 4823; x_wconf 90' lang='lat' dir='ltr'><strong>puli,</strong></span> <span class='ocrx_word' id='word_1_356' title='bbox 736 4754 827 4810; x_wconf 83' lang='lat' dir='ltr'><strong>cui</strong></span> <span class='ocrx_word' id='word_1_357' title='bbox 872 4756 943 4810; x_wconf 90' lang='lat' dir='ltr'><strong>sit</strong></span> <span class='ocrx_word' id='word_1_358' title='bbox 970 4756 1144 4827; x_wconf 80' lang='lat' dir='ltr'><strong>gloria</strong></span> <span class='ocrx_word' id='word_1_359' title='bbox 1173 4759 1227 4812; x_wconf 90' lang='lat' dir='ltr'><strong>in</strong></span> <span class='ocrx_word' id='word_1_360' title='bbox 1259 4759 1460 4815; x_wconf 76' lang='lat' dir='ltr'><strong>saecula</strong></span> <span class='ocrx_word' id='word_1_361' title='bbox 1496 4761 1844 4818; x_wconf 74' lang='lat' dir='ltr'><strong>saeculorum.</strong></span> <span class='ocrx_word' id='word_1_362' title='bbox 1879 4766 2072 4823; x_wconf 82' lang='lat' dir='ltr'><strong>Amen.</strong></span> 
     </span>
    </p>
   </div>
   <div class='ocr_carea' id='block_1_51' title="bbox 1853 294 2581 362">
    <p class='ocr_par' dir='ltr' id='par_1_51' title="bbox 1853 294 2581 362">
     <span class='ocr_line' id='line_1_51' title="bbox 1853 294 2581 362; baseline -0.01 0"><span class='ocrx_word' id='word_1_363' title='bbox 1853 295 2279 362; x_wconf 74' lang='lat' dir='ltr'><strong>MICHAELIS</strong></span> <span class='ocrx_word' id='word_1_364' title='bbox 2313 294 2581 356; x_wconf 69' lang='lat' dir='ltr'><strong>GLYC/E</strong></span> 
     </span>
    </p>
   </div>
   <div class='ocr_carea' id='block_1_52' title="bbox 3702 289 3786 357">
    <p class='ocr_par' dir='ltr' id='par_1_52' title="bbox 3702 289 3786 357">
     <span class='ocr_line' id='line_1_52' title="bbox 3702 289 3786 357; baseline 0.095 -9"><span class='ocrx_word' id='word_1_365' title='bbox 3702 289 3786 357; x_wconf 78' lang='lat'><strong>9‘28</strong></span> 
     </span>
    </p>
   </div>
   <div class='ocr_carea' id='block_1_53' title="bbox 2270 399 3787 478">
    <p class='ocr_par' dir='ltr' id='par_1_53' title="bbox 2270 399 3787 478">
     <span class='ocr_line' id='line_1_53' title="bbox 2270 399 3787 478; baseline -0.004 -18"><span class='ocrx_word' id='word_1_366' title='bbox 2270 407 2444 462; x_wconf 83' lang='grc' dir='ltr'><strong>Ἱοῦτο</strong></span> <span class='ocrx_word' id='word_1_367' title='bbox 2473 407 2540 478; x_wconf 81' lang='grc' dir='ltr'><strong>δὴ</strong></span> <span class='ocrx_word' id='word_1_368' title='bbox 2588 405 2913 476; x_wconf 85' lang='grc' dir='ltr'><strong>βουλόμενος</strong></span> <span class='ocrx_word' id='word_1_369' title='bbox 2964 407 2992 460; x_wconf 99' lang='lat'><strong>6</strong></span> <span class='ocrx_word' id='word_1_370' title='bbox 3039 402 3248 474; x_wconf 80' lang='grc' dir='ltr'><strong>¹Κύριος</strong></span> <span class='ocrx_word' id='word_1_371' title='bbox 3290 399 3581 466; x_wconf 82' lang='grc' dir='ltr'><strong>δείξασθαι,</strong></span> <span class='ocrx_word' id='word_1_372' title='bbox 3606 408 3689 454; x_wconf 72' lang='grc' dir='ltr'><strong>καὶ</strong></span> <span class='ocrx_word' id='word_1_373' title='bbox 3715 403 3787 454; x_wconf 81' lang='grc' dir='ltr'><strong>τδν</strong></span> 
     </span>
    </p>
   </div>
   <div class='ocr_carea' id='block_1_54' title="bbox 2271 487 3788 572">
    <p class='ocr_par' dir='ltr' id='par_1_54' title="bbox 2271 487 3788 572">
     <span class='ocr_line' id='line_1_54' title="bbox 2271 487 3788 572; baseline -0.006 -17"><span class='ocrx_word' id='word_1_374' title='bbox 2271 487 2441 556; x_wconf 80' lang='grc' dir='ltr'><strong>αύτὸῦ</strong></span> <span class='ocrx_word' id='word_1_375' title='bbox 2474 499 2898 572; x_wconf 81' lang='grc' dir='ltr'><strong>πληροφορῆσαι</strong></span> <span class='ocrx_word' id='word_1_376' title='bbox 2930 498 3260 570; x_wconf 78' lang='grc' dir='ltr'><strong>θεράποντα,</strong></span> <span class='ocrx_word' id='word_1_377' title='bbox 3293 496 3370 565; x_wconf 84' lang='grc' dir='ltr'><strong>τῷ</strong></span> <span class='ocrx_word' id='word_1_378' title='bbox 3400 494 3492 548; x_wconf 88' lang='grc' dir='ltr'><strong>τοῦ</strong></span> <span class='ocrx_word' id='word_1_379' title='bbox 3536 494 3788 564; x_wconf 77' lang='grc' dir='ltr'><strong>ἀρχιερέως</strong></span> 
     </span>
    </p>
   </div>
   <div class='ocr_carea' id='block_1_55' title="bbox 2269 581 3788 664">
    <p class='ocr_par' dir='ltr' id='par_1_55' title="bbox 2269 581 3788 664">
     <span class='ocr_line' id='line_1_55' title="bbox 2269 581 3788 664; baseline -0.007 -16"><span class='ocrx_word' id='word_1_380' title='bbox 2269 594 2381 648; x_wconf 83' lang='grc' dir='ltr'><strong>τῶν</strong></span> <span class='ocrx_word' id='word_1_381' title='bbox 2422 594 2658 648; x_wconf 75' lang='grc' dir='ltr'><strong>εἰδώλων</strong></span> <span class='ocrx_word' id='word_1_382' title='bbox 2691 591 3015 664; x_wconf 77' lang='grc' dir='ltr'><strong>ξηρανθέντι</strong></span> <span class='ocrx_word' id='word_1_383' title='bbox 3041 589 3276 661; x_wconf 79' lang='grc' dir='ltr'><strong>κρανίῳ,</strong></span> <span class='ocrx_word' id='word_1_384' title='bbox 3321 581 3366 656; x_wconf 80' lang='grc' dir='ltr'><strong>ᾧ</strong></span> <span class='ocrx_word' id='word_1_385' title='bbox 3405 586 3524 640; x_wconf 85' lang='grc' dir='ltr'><strong>καθ’</strong></span> <span class='ocrx_word' id='word_1_386' title='bbox 3550 586 3656 640; x_wconf 84' lang='grc' dir='ltr'><strong>όδδν</strong></span> <span class='ocrx_word' id='word_1_387' title='bbox 3697 585 3788 639; x_wconf 67' lang='grc' dir='ltr'><strong>ἑνί·</strong></span> 
     </span>
    </p>
   </div>
   <div class='ocr_carea' id='block_1_56' title="bbox 2268 675 3789 757">
    <p class='ocr_par' dir='ltr' id='par_1_56' title="bbox 2268 675 3789 757">
     <span class='ocr_line' id='line_1_56' title="bbox 2268 675 3789 757; baseline -0.01 -17"><span class='ocrx_word' id='word_1_388' title='bbox 2268 703 2424 757; x_wconf 87' lang='grc' dir='ltr'><strong>τυχε,</strong></span> <span class='ocrx_word' id='word_1_389' title='bbox 2443 685 2604 753; x_wconf 83' lang='grc' dir='ltr'><strong>λόγον</strong></span> <span class='ocrx_word' id='word_1_390' title='bbox 2629 683 2894 754; x_wconf 80' lang='grc' dir='ltr'><strong>ἀληθείας</strong></span> <span class='ocrx_word' id='word_1_391' title='bbox 2926 682 3275 736; x_wconf 64' lang='grc' dir='ltr'><strong>ἐνέπνευσεν.</strong></span> <span class='ocrx_word' id='word_1_392' title='bbox 3307 680 3374 731; x_wconf 90' lang='grc' dir='ltr'><strong>Ὃ</strong></span> <span class='ocrx_word' id='word_1_393' title='bbox 3397 678 3488 731; x_wconf 74' lang='grc' dir='ltr'><strong>καὶ</strong></span> <span class='ocrx_word' id='word_1_394' title='bbox 3514 676 3639 745; x_wconf 74' lang='grc' dir='ltr'><strong>πρὸς</strong></span> <span class='ocrx_word' id='word_1_395' title='bbox 3660 675 3789 728; x_wconf 72' lang='grc' dir='ltr'><strong>αὐτὸν</strong></span> 
     </span>
    </p>
   </div>
   <div class='ocr_carea' id='block_1_57' title="bbox 2272 764 3793 848">
    <p class='ocr_par' dir='ltr' id='par_1_57' title="bbox 2272 764 3793 848">
     <span class='ocr_line' id='line_1_57' title="bbox 2272 764 3793 848; baseline -0.009 -17"><span class='ocrx_word' id='word_1_396' title='bbox 2272 775 2551 848; x_wconf 68' lang='grc' dir='ltr'><strong>ἐρωτηθὲν</strong></span> <span class='ocrx_word' id='word_1_397' title='bbox 2583 772 2730 829; x_wconf 74' lang='grc' dir='ltr'><strong>οὕτω</strong></span> <span class='ocrx_word' id='word_1_398' title='bbox 2767 773 2935 843; x_wconf 78' lang='grc' dir='ltr'><strong>φησίν</strong></span> <span class='ocrx_word' id='word_1_399' title='bbox 2961 787 2976 804; x_wconf 77' lang='grc' dir='ltr'><strong>ο</strong></span> <span class='ocrx_word' id='word_1_400' title='bbox 3013 771 3146 825; x_wconf 86' lang='grc' dir='ltr'><strong>Ὅτε</strong></span> <span class='ocrx_word' id='word_1_401' title='bbox 3194 768 3337 840; x_wconf 70' lang='grc' dir='ltr'><strong>ὑπὲρ</strong></span> <span class='ocrx_word' id='word_1_402' title='bbox 3363 767 3470 821; x_wconf 84' lang='grc' dir='ltr'><strong>τῶν</strong></span> <span class='ocrx_word' id='word_1_403' title='bbox 3499 764 3686 837; x_wconf 79' lang='grc' dir='ltr'><strong>νεκρῶν</strong></span> <span class='ocrx_word' id='word_1_404' title='bbox 3717 767 3793 827; x_wconf 76' lang='grc' dir='ltr'><strong>τὰς</strong></span> 
     </span>
    </p>
   </div>
   <div class='ocr_carea' id='block_1_58' title="bbox 2272 857 3792 940">
    <p class='ocr_par' dir='ltr' id='par_1_58' title="bbox 2272 857 3792 940">
     <span class='ocr_line' id='line_1_58' title="bbox 2272 857 3792 940; baseline -0.01 -17"><span class='ocrx_word' id='word_1_405' title='bbox 2272 869 2472 933; x_wconf 83' lang='grc' dir='ltr'><strong>θυσίας</strong></span> <span class='ocrx_word' id='word_1_406' title='bbox 2507 866 2846 940; x_wconf 81' lang='grc' dir='ltr'><strong>προσφέρεις</strong></span> <span class='ocrx_word' id='word_1_407' title='bbox 2872 907 2889 933; x_wconf 92' lang='grc'><strong>,</strong></span> <span class='ocrx_word' id='word_1_408' title='bbox 2943 865 3064 918; x_wconf 85' lang='grc' dir='ltr'><strong>τότε</strong></span> <span class='ocrx_word' id='word_1_409' title='bbox 3120 861 3470 933; x_wconf 75' lang='grc' dir='ltr'><strong>παραμυθίας</strong></span> <span class='ocrx_word' id='word_1_410' title='bbox 3517 857 3698 928; x_wconf 80' lang='grc' dir='ltr'><strong>μικρᾶς</strong></span> <span class='ocrx_word' id='word_1_411' title='bbox 3728 858 3792 909; x_wconf 82' lang='lat' dir='ltr'><strong>al-</strong></span> 
     </span>
    </p>
   </div>
   <div class='ocr_carea' id='block_1_59' title="bbox 2273 949 3794 1032">
    <p class='ocr_par' dir='ltr' id='par_1_59' title="bbox 2273 949 3794 1032">
     <span class='ocr_line' id='line_1_59' title="bbox 2273 949 3794 1032; baseline -0.011 -14"><span class='ocrx_word' id='word_1_412' title='bbox 2273 964 2604 1032; x_wconf 84' lang='grc' dir='ltr'><strong>σθανόμεθα.</strong></span> <span class='ocrx_word' id='word_1_413' title='bbox 2639 961 2853 1016; x_wconf 84' lang='grc' dir='ltr'><strong>Οὐκοῦν</strong></span> <span class='ocrx_word' id='word_1_414' title='bbox 2902 958 3297 1029; x_wconf 68' lang='grc' dir='ltr'><strong>ἀπικουρητέον</strong></span> <span class='ocrx_word' id='word_1_415' title='bbox 3347 952 3610 1024; x_wconf 83' lang='grc' dir='ltr'><strong>ἀλλήλοις,</strong></span> <span class='ocrx_word' id='word_1_416' title='bbox 3633 950 3698 1013; x_wconf 79' lang='grc' dir='ltr'><strong>ὥς</strong></span> <span class='ocrx_word' id='word_1_417' title='bbox 3725 949 3794 1003; x_wconf 84' lang='grc' dir='ltr'><strong>δύ-</strong></span> 
     </span>
    </p>
   </div>
   <div class='ocr_carea' id='block_1_60' title="bbox 2271 1045 3793 1129">
    <p class='ocr_par' dir='ltr' id='par_1_60' title="bbox 2271 1045 3793 1129">
     <span class='ocr_line' id='line_1_60' title="bbox 2271 1045 3793 1129; baseline -0.012 -18"><span class='ocrx_word' id='word_1_418' title='bbox 2271 1074 2464 1129; x_wconf 88' lang='grc' dir='ltr'><strong>ναμις,</strong></span> <span class='ocrx_word' id='word_1_419' title='bbox 2497 1057 2594 1110; x_wconf 80' lang='grc' dir='ltr'><strong>καὶ</strong></span> <span class='ocrx_word' id='word_1_420' title='bbox 2640 1054 2766 1111; x_wconf 82' lang='grc' dir='ltr'><strong>καθ’</strong></span> <span class='ocrx_word' id='word_1_421' title='bbox 2819 1054 2880 1108; x_wconf 83' lang='grc' dir='ltr'><strong>δν</strong></span> <span class='ocrx_word' id='word_1_422' title='bbox 2909 1053 3114 1122; x_wconf 84' lang='grc' dir='ltr'><strong>τρόπον</strong></span> <span class='ocrx_word' id='word_1_423' title='bbox 3143 1049 3452 1120; x_wconf 76' lang='grc' dir='ltr'><strong>εἰρήκαμεν</strong></span> <span class='ocrx_word' id='word_1_424' title='bbox 3477 1047 3582 1107; x_wconf 76' lang='grc' dir='ltr'><strong>τοῖς</strong></span> <span class='ocrx_word' id='word_1_425' title='bbox 3605 1045 3793 1111; x_wconf 77' lang='grc' dir='ltr'><strong>ἀποιχο-</strong></span> 
     </span>
    </p>
   </div>
   <div class='ocr_carea' id='block_1_61' title="bbox 2273 1134 3797 1222">
    <p class='ocr_par' dir='ltr' id='par_1_61' title="bbox 2273 1134 3797 1222">
     <span class='ocr_line' id='line_1_61' title="bbox 2273 1134 3797 1222; baseline -0.014 -16"><span class='ocrx_word' id='word_1_426' title='bbox 2273 1153 2458 1222; x_wconf 87' lang='grc' dir='ltr'><strong>μένοις</strong></span> <span class='ocrx_word' id='word_1_427' title='bbox 2509 1149 2690 1204; x_wconf 80' lang='grc' dir='ltr'><strong>δοτέον</strong></span> <span class='ocrx_word' id='word_1_428' title='bbox 2727 1146 3004 1218; x_wconf 82' lang='grc' dir='ltr'><strong>βοήθειαν.</strong></span> <span class='ocrx_word' id='word_1_429' title='bbox 3036 1141 3200 1197; x_wconf 82' lang='grc' dir='ltr'><strong>Κατά</strong></span> <span class='ocrx_word' id='word_1_430' title='bbox 3227 1140 3341 1209; x_wconf 83' lang='grc' dir='ltr'><strong>γὰρ</strong></span> <span class='ocrx_word' id='word_1_431' title='bbox 3372 1139 3462 1192; x_wconf 85' lang='grc' dir='ltr'><strong>τδν</strong></span> <span class='ocrx_word' id='word_1_432' title='bbox 3488 1134 3797 1205; x_wconf 73' lang='grc' dir='ltr'><strong>Δαμασκηνὸν</strong></span> 
     </span>
    </p>
   </div>
   <div class='ocr_carea' id='block_1_62' title="bbox 2267 1229 3796 1314">
    <p class='ocr_par' dir='ltr' id='par_1_62' title="bbox 2267 1229 3796 1314">
     <span class='ocr_line' id='line_1_62' title="bbox 2267 1229 3796 1314; baseline -0.013 -16"><span class='ocrx_word' id='word_1_433' title='bbox 2267 1244 2528 1314; x_wconf 80' lang='grc' dir='ltr'><strong>Ἰωάννην</strong></span> <span class='ocrx_word' id='word_1_434' title='bbox 2578 1241 2794 1312; x_wconf 85' lang='grc' dir='ltr'><strong>δέχεται</strong></span> <span class='ocrx_word' id='word_1_435' title='bbox 2839 1240 2925 1292; x_wconf 82' lang='grc' dir='ltr'><strong>δτι</strong></span> <span class='ocrx_word' id='word_1_436' title='bbox 2977 1237 3214 1307; x_wconf 74' lang='grc' dir='ltr'><strong>μάλιστα</strong></span> <span class='ocrx_word' id='word_1_437' title='bbox 3269 1232 3366 1286; x_wconf 75' lang='grc' dir='ltr'><strong>καὶ</strong></span> <span class='ocrx_word' id='word_1_438' title='bbox 3419 1232 3487 1285; x_wconf 79' lang='grc' dir='ltr'><strong>τά</strong></span> <span class='ocrx_word' id='word_1_439' title='bbox 3533 1229 3660 1298; x_wconf 76' lang='grc' dir='ltr'><strong>ὑπὲρ</strong></span> <span class='ocrx_word' id='word_1_440' title='bbox 3710 1229 3796 1280; x_wconf 81' lang='grc' dir='ltr'><strong>τῶν</strong></span> 
     </span>
    </p>
   </div>
   <div class='ocr_carea' id='block_1_63' title="bbox 2269 1320 3794 1406">
    <p class='ocr_par' dir='ltr' id='par_1_63' title="bbox 2269 1320 3794 1406">
     <span class='ocr_line' id='line_1_63' title="bbox 2269 1320 3794 1406; baseline -0.012 -16"><span class='ocrx_word' id='word_1_441' title='bbox 2269 1336 2576 1406; x_wconf 80' lang='grc' dir='ltr'><strong>ἀνετοίμως</strong></span> <span class='ocrx_word' id='word_1_442' title='bbox 2607 1331 3085 1404; x_wconf 71' lang='grc' dir='ltr'><strong>ἀπώημησάντων</strong></span> <span class='ocrx_word' id='word_1_443' title='bbox 3145 1325 3557 1398; x_wconf 83' lang='grc' dir='ltr'><strong>προσαγόμενα.</strong></span> <span class='ocrx_word' id='word_1_444' title='bbox 3588 1320 3684 1374; x_wconf 80' lang='grc' dir='ltr'><strong>Καὶ</strong></span> <span class='ocrx_word' id='word_1_445' title='bbox 3720 1321 3794 1382; x_wconf 75' lang='grc' dir='ltr'><strong>τὰς</strong></span> 
     </span>
    </p>
   </div>
   <div class='ocr_carea' id='block_1_64' title="bbox 2268 1413 3795 1500">
    <p class='ocr_par' dir='ltr' id='par_1_64' title="bbox 2268 1413 3795 1500">
     <span class='ocr_line' id='line_1_64' title="bbox 2268 1413 3795 1500; baseline -0.013 -17"><span class='ocrx_word' id='word_1_446' title='bbox 2268 1429 2422 1500; x_wconf 75' lang='grc' dir='ltr'><strong>παρὰ</strong></span> <span class='ocrx_word' id='word_1_447' title='bbox 2443 1427 2554 1482; x_wconf 86' lang='grc' dir='ltr'><strong>τῶν</strong></span> <span class='ocrx_word' id='word_1_448' title='bbox 2581 1426 2800 1482; x_wconf 75' lang='grc' dir='ltr'><strong>οἰκείων</strong></span> <span class='ocrx_word' id='word_1_449' title='bbox 2830 1421 3249 1494; x_wconf 77' lang='grc' dir='ltr'><strong>προσαγομένας</strong></span> <span class='ocrx_word' id='word_1_450' title='bbox 3297 1418 3407 1472; x_wconf 85' lang='grc' dir='ltr'><strong>τῶν</strong></span> <span class='ocrx_word' id='word_1_451' title='bbox 3453 1413 3795 1484; x_wconf 77' lang='grc' dir='ltr'><strong>ὕστερημάτων</strong></span> 
     </span>
    </p>
   </div>
   <div class='ocr_carea' id='block_1_65' title="bbox 2267 1507 3796 1596">
    <p class='ocr_par' dir='ltr' id='par_1_65' title="bbox 2267 1507 3796 1596">
     <span class='ocr_line' id='line_1_65' title="bbox 2267 1507 3796 1596; baseline -0.014 -16"><span class='ocrx_word' id='word_1_452' title='bbox 2267 1525 2715 1596; x_wconf 75' lang='grc' dir='ltr'><strong>ἀναπληρώσεις,</strong></span> <span class='ocrx_word' id='word_1_453' title='bbox 2745 1523 2826 1587; x_wconf 88' lang='grc' dir='ltr'><strong>είς</strong></span> <span class='ocrx_word' id='word_1_454' title='bbox 2857 1520 3020 1590; x_wconf 76' lang='grc' dir='ltr'><strong>ἔργον</strong></span> <span class='ocrx_word' id='word_1_455' title='bbox 3066 1516 3278 1578; x_wconf 76' lang='grc' dir='ltr'><strong>τούτοις</strong></span> <span class='ocrx_word' id='word_1_456' title='bbox 3332 1515 3429 1567; x_wconf 77' lang='grc' dir='ltr'><strong>καὶ</strong></span> <span class='ocrx_word' id='word_1_457' title='bbox 3469 1511 3654 1583; x_wconf 77' lang='grc' dir='ltr'><strong>πρᾶξιν</strong></span> <span class='ocrx_word' id='word_1_458' title='bbox 3683 1507 3796 1574; x_wconf 75' lang='grc' dir='ltr'><strong>λογί-</strong></span> 
     </span>
    </p>
   </div>
   <div class='ocr_carea' id='block_1_66' title="bbox 2269 1595 3795 1686">
    <p class='ocr_par' dir='ltr' id='par_1_66' title="bbox 2269 1595 3795 1686">
     <span class='ocr_line' id='line_1_66' title="bbox 2269 1595 3795 1686; baseline -0.013 -15"><span class='ocrx_word' id='word_1_459' title='bbox 2269 1615 2444 1682; x_wconf 85' lang='grc' dir='ltr'><strong>ζεται.</strong></span> <span class='ocrx_word' id='word_1_460' title='bbox 2474 1595 2774 1686; x_wconf 15' lang='grc' dir='ltr'><strong>ίΠρόσσχες</strong></span> <span class='ocrx_word' id='word_1_461' title='bbox 2801 1607 2917 1667; x_wconf 79' lang='grc' dir='ltr'><strong>οὖν.</strong></span> <span class='ocrx_word' id='word_1_462' title='bbox 2960 1611 3022 1664; x_wconf 87' lang='lat'><strong>&#39;0</strong></span> <span class='ocrx_word' id='word_1_463' title='bbox 3049 1610 3155 1679; x_wconf 83' lang='grc' dir='ltr'><strong>γὰρ</strong></span> <span class='ocrx_word' id='word_1_464' title='bbox 3188 1606 3506 1676; x_wconf 77' lang='grc' dir='ltr'><strong>διαληφθεὶς</strong></span> <span class='ocrx_word' id='word_1_465' title='bbox 3527 1595 3666 1664; x_wconf 76' lang='grc' dir='ltr'><strong>οὗτος</strong></span> <span class='ocrx_word' id='word_1_466' title='bbox 3689 1598 3795 1659; x_wconf 84' lang='grc' dir='ltr'><strong>θεῖος</strong></span> 
     </span>
    </p>
   </div>
   <div class='ocr_carea' id='block_1_67' title="bbox 2269 1689 3795 1782">
    <p class='ocr_par' dir='ltr' id='par_1_67' title="bbox 2269 1689 3795 1782">
     <span class='ocr_line' id='line_1_67' title="bbox 2269 1689 3795 1782; baseline -0.014 -18"><span class='ocrx_word' id='word_1_467' title='bbox 2269 1710 2412 1781; x_wconf 80' lang='grc' dir='ltr'><strong>ἀνὴρ</strong></span> <span class='ocrx_word' id='word_1_468' title='bbox 2447 1710 2505 1782; x_wconf 81' lang='grc' dir='ltr'><strong>ὲν</strong></span> <span class='ocrx_word' id='word_1_469' title='bbox 2530 1707 2608 1779; x_wconf 83' lang='grc' dir='ltr'><strong>τῷ</strong></span> <span class='ocrx_word' id='word_1_470' title='bbox 2647 1707 2724 1770; x_wconf 86' lang='grc' dir='ltr'><strong>είς</strong></span> <span class='ocrx_word' id='word_1_471' title='bbox 2756 1707 2884 1768; x_wconf 79' lang='grc' dir='ltr'><strong>τοὺς</strong></span> <span class='ocrx_word' id='word_1_472' title='bbox 2912 1702 3280 1773; x_wconf 80' lang='grc' dir='ltr'><strong>κοιμηθέντας</strong></span> <span class='ocrx_word' id='word_1_473' title='bbox 3304 1699 3446 1768; x_wconf 85' lang='grc' dir='ltr'><strong>λόγῳ</strong></span> <span class='ocrx_word' id='word_1_474' title='bbox 3475 1693 3629 1751; x_wconf 78' lang='grc' dir='ltr'><strong>αὑτοῦ</strong></span> <span class='ocrx_word' id='word_1_475' title='bbox 3659 1689 3795 1760; x_wconf 82' lang='grc' dir='ltr'><strong>παρά-</strong></span> 
     </span>
    </p>
   </div>
   <div class='ocr_carea' id='block_1_68' title="bbox 2267 1783 3790 1870">
    <p class='ocr_par' dir='ltr' id='par_1_68' title="bbox 2267 1783 3790 1870">
     <span class='ocr_line' id='line_1_68' title="bbox 2267 1783 3790 1870; baseline -0.013 -17"><span class='ocrx_word' id='word_1_476' title='bbox 2267 1816 2357 1870; x_wconf 91' lang='grc' dir='ltr'><strong>γει</strong></span> <span class='ocrx_word' id='word_1_477' title='bbox 2375 1783 2470 1852; x_wconf 79' lang='grc' dir='ltr'><strong>τὸν</strong></span> <span class='ocrx_word' id='word_1_478' title='bbox 2491 1798 2664 1869; x_wconf 80' lang='grc' dir='ltr'><strong>μέγαν</strong></span> <span class='ocrx_word' id='word_1_479' title='bbox 2693 1796 3015 1850; x_wconf 77' lang='grc' dir='ltr'><strong>Ἀθανάσιον</strong></span> <span class='ocrx_word' id='word_1_480' title='bbox 3040 1788 3396 1863; x_wconf 75' lang='grc' dir='ltr'><strong>περὶτούτων</strong></span> <span class='ocrx_word' id='word_1_481' title='bbox 3425 1787 3563 1842; x_wconf 72' lang='grc' dir='ltr'><strong>οὓτω</strong></span> <span class='ocrx_word' id='word_1_482' title='bbox 3579 1783 3790 1852; x_wconf 82' lang='grc' dir='ltr'><strong>λέγοντα·</strong></span> 
     </span>
    </p>
   </div>
   <div class='ocr_carea' id='block_1_69' title="bbox 2269 1873 3790 1960">
    <p class='ocr_par' dir='ltr' id='par_1_69' title="bbox 2269 1873 3790 1960">
     <span class='ocr_line' id='line_1_69' title="bbox 2269 1873 3790 1960; baseline -0.013 -14"><span class='ocrx_word' id='word_1_483' title='bbox 2269 1891 2387 1946; x_wconf 80' lang='grc' dir='ltr'><strong>Κᾶν</strong></span> <span class='ocrx_word' id='word_1_484' title='bbox 2429 1893 2510 1954; x_wconf 81' lang='grc' dir='ltr'><strong>είς</strong></span> <span class='ocrx_word' id='word_1_485' title='bbox 2558 1891 2697 1960; x_wconf 88' lang='grc' dir='ltr'><strong>ἀέρα</strong></span> <span class='ocrx_word' id='word_1_486' title='bbox 2725 1889 2754 1942; x_wconf 92' lang='grc' dir='ltr'><strong>ό</strong></span> <span class='ocrx_word' id='word_1_487' title='bbox 2806 1888 2865 1941; x_wconf 70' lang='grc' dir='ltr'><strong>ὲν</strong></span> <span class='ocrx_word' id='word_1_488' title='bbox 2901 1885 3162 1956; x_wconf 73' lang='grc' dir='ltr'><strong>εὐσεϐείᾳ</strong></span> <span class='ocrx_word' id='word_1_489' title='bbox 3188 1880 3502 1942; x_wconf 75' lang='grc' dir='ltr'><strong>τελειωθεὶς</strong></span> <span class='ocrx_word' id='word_1_490' title='bbox 3547 1873 3790 1942; x_wconf 81' lang='grc' dir='ltr'><strong>κατατεθῇ,</strong></span> 
     </span>
    </p>
   </div>
   <div class='ocr_carea' id='block_1_70' title="bbox 2274 1967 3794 2056">
    <p class='ocr_par' dir='ltr' id='par_1_70' title="bbox 2274 1967 3794 2056">
     <span class='ocr_line' id='line_1_70' title="bbox 2274 1967 3794 2056; baseline -0.018 -15"><span class='ocrx_word' id='word_1_491' title='bbox 2274 1985 2350 2056; x_wconf 83' lang='grc' dir='ltr'><strong>μὴ</strong></span> <span class='ocrx_word' id='word_1_492' title='bbox 2395 1983 2708 2055; x_wconf 87' lang='grc' dir='ltr'><strong>ἀπαναίρου</strong></span> <span class='ocrx_word' id='word_1_493' title='bbox 2743 1978 3028 2052; x_wconf 77' lang='grc' dir='ltr'><strong>προσάψαι</strong></span> <span class='ocrx_word' id='word_1_494' title='bbox 3058 1974 3271 2047; x_wconf 78' lang='grc' dir='ltr'><strong>κηροίις</strong></span> <span class='ocrx_word' id='word_1_495' title='bbox 3316 1975 3376 2028; x_wconf 74' lang='grc' dir='ltr'><strong>έν</strong></span> <span class='ocrx_word' id='word_1_496' title='bbox 3421 1971 3500 2041; x_wconf 81' lang='grc' dir='ltr'><strong>τῷ</strong></span> <span class='ocrx_word' id='word_1_497' title='bbox 3541 1968 3681 2036; x_wconf 81' lang='grc' dir='ltr'><strong>τάφῳ</strong></span> <span class='ocrx_word' id='word_1_498' title='bbox 3724 1967 3794 2016; x_wconf 74' lang='grc' dir='ltr'><strong>καὶ</strong></span> 
     </span>
    </p>
   </div>
   <div class='ocr_carea' id='block_1_71' title="bbox 2269 2058 3794 2146">
    <p class='ocr_par' dir='ltr' id='par_1_71' title="bbox 2269 2058 3794 2146">
     <span class='ocr_line' id='line_1_71' title="bbox 2269 2058 3794 2146; baseline -0.015 -14"><span class='ocrx_word' id='word_1_499' title='bbox 2269 2078 2473 2143; x_wconf 71' lang='grc' dir='ltr'><strong>ἔλαιον,</strong></span> <span class='ocrx_word' id='word_1_500' title='bbox 2510 2074 2751 2146; x_wconf 79' lang='grc' dir='ltr'><strong>Χριστὸν</strong></span> <span class='ocrx_word' id='word_1_501' title='bbox 2787 2074 2882 2128; x_wconf 80' lang='grc' dir='ltr'><strong>τὸν</strong></span> <span class='ocrx_word' id='word_1_502' title='bbox 2925 2072 3060 2126; x_wconf 81' lang='grc' dir='ltr'><strong>Θεὸν</strong></span> <span class='ocrx_word' id='word_1_503' title='bbox 3108 2066 3600 2136; x_wconf 68' lang='grc' dir='ltr'><strong>ἐπικαλεσάμενος.</strong></span> <span class='ocrx_word' id='word_1_504' title='bbox 3633 2058 3794 2112; x_wconf 77' lang='grc' dir='ltr'><strong>Δεκτέα</strong></span> 
     </span>
    </p>
   </div>
   <div class='ocr_carea' id='block_1_72' title="bbox 2269 2149 3792 2240">
    <p class='ocr_par' dir='ltr' id='par_1_72' title="bbox 2269 2149 3792 2240">
     <span class='ocr_line' id='line_1_72' title="bbox 2269 2149 3792 2240; baseline -0.013 -16"><span class='ocrx_word' id='word_1_505' title='bbox 2269 2171 2380 2240; x_wconf 81' lang='grc' dir='ltr'><strong>γὰρ</strong></span> <span class='ocrx_word' id='word_1_506' title='bbox 2419 2170 2596 2224; x_wconf 86' lang='grc' dir='ltr'><strong>ταῦτα</strong></span> <span class='ocrx_word' id='word_1_507' title='bbox 2635 2165 2781 2238; x_wconf 84' lang='grc' dir='ltr'><strong>Θεῷ,</strong></span> <span class='ocrx_word' id='word_1_508' title='bbox 2825 2166 2922 2221; x_wconf 80' lang='grc' dir='ltr'><strong>καὶ</strong></span> <span class='ocrx_word' id='word_1_509' title='bbox 2959 2162 3164 2234; x_wconf 71' lang='grc' dir='ltr'><strong>πολλὴν</strong></span> <span class='ocrx_word' id='word_1_510' title='bbox 3191 2159 3253 2226; x_wconf 79' lang='grc' dir='ltr'><strong>ὲε</strong></span> <span class='ocrx_word' id='word_1_511' title='bbox 3286 2157 3456 2214; x_wconf 84' lang='grc' dir='ltr'><strong>αὐτοῦ</strong></span> <span class='ocrx_word' id='word_1_512' title='bbox 3495 2149 3792 2240; x_wconf 34' lang='grc' dir='ltr'><strong>φέροντα-τὴν</strong></span> 
     </span>
    </p>
   </div>
   <div class='ocr_carea' id='block_1_73' title="bbox 2271 2237 3791 2329">
    <p class='ocr_par' dir='ltr' id='par_1_73' title="bbox 2271 2237 3791 2329">
     <span class='ocr_line' id='line_1_73' title="bbox 2271 2237 3791 2329; baseline -0.015 -12"><span class='ocrx_word' id='word_1_513' title='bbox 2271 2237 2562 2326; x_wconf 79' lang='grc' dir='ltr'><strong>ἀντίδοσιν,</strong></span> <span class='ocrx_word' id='word_1_514' title='bbox 2595 2261 2713 2329; x_wconf 80' lang='grc' dir='ltr'><strong>εῐγε</strong></span> <span class='ocrx_word' id='word_1_515' title='bbox 2732 2237 2738 2238; x_wconf 13' lang='grc' dir='ltr'><strong>ί</strong></span> <span class='ocrx_word' id='word_1_516' title='bbox 2758 2261 2854 2313; x_wconf 76' lang='grc' dir='ltr'><strong>καὶ</strong></span> <span class='ocrx_word' id='word_1_517' title='bbox 2883 2255 3086 2327; x_wconf 77' lang='grc' dir='ltr'><strong>μᾶλλον</strong></span> <span class='ocrx_word' id='word_1_518' title='bbox 3109 2251 3481 2313; x_wconf 84' lang='grc' dir='ltr'><strong>όλοκαύτωσις</strong></span> <span class='ocrx_word' id='word_1_519' title='bbox 3507 2237 3671 2302; x_wconf 75' lang='grc' dir='ltr'><strong>ἔοικεν</strong></span> <span class='ocrx_word' id='word_1_520' title='bbox 3691 2237 3791 2297; x_wconf 72' lang='grc' dir='ltr'><strong>εἶναι</strong></span> 
     </span>
    </p>
   </div>
   <div class='ocr_carea' id='block_1_74' title="bbox 2273 2333 3783 2423">
    <p class='ocr_par' dir='ltr' id='par_1_74' title="bbox 2273 2333 3783 2423">
     <span class='ocr_line' id='line_1_74' title="bbox 2273 2333 3783 2423; baseline -0.015 -14"><span class='ocrx_word' id='word_1_521' title='bbox 2273 2355 2300 2410; x_wconf 84' lang='lat'><strong>6</strong></span> <span class='ocrx_word' id='word_1_522' title='bbox 2328 2371 2389 2408; x_wconf 88' lang='grc' dir='ltr'><strong>τε</strong></span> <span class='ocrx_word' id='word_1_523' title='bbox 2411 2352 2581 2423; x_wconf 83' lang='grc' dir='ltr'><strong>κηρὸς</strong></span> <span class='ocrx_word' id='word_1_524' title='bbox 2627 2349 2816 2405; x_wconf 75' lang='grc' dir='ltr'><strong>καὶτὸ</strong></span> <span class='ocrx_word' id='word_1_525' title='bbox 2864 2347 3079 2402; x_wconf 73' lang='grc' dir='ltr'><strong>ἔλαιον·</strong></span> <span class='ocrx_word' id='word_1_526' title='bbox 3120 2343 3314 2414; x_wconf 84' lang='grc' dir='ltr'><strong>ὥσπερ</strong></span> <span class='ocrx_word' id='word_1_527' title='bbox 3364 2339 3459 2394; x_wconf 79' lang='grc' dir='ltr'><strong>οῦν</strong></span> <span class='ocrx_word' id='word_1_528' title='bbox 3503 2333 3783 2405; x_wconf 69' lang='grc' dir='ltr'><strong>ὲξιλασμδςή</strong></span> 
     </span>
    </p>
   </div>
   <div class='ocr_carea' id='block_1_75' title="bbox 2274 2426 3790 2517">
    <p class='ocr_par' dir='ltr' id='par_1_75' title="bbox 2274 2426 3790 2517">
     <span class='ocr_line' id='line_1_75' title="bbox 2274 2426 3790 2517; baseline -0.023 -15"><span class='ocrx_word' id='word_1_529' title='bbox 2274 2446 2610 2517; x_wconf 84' lang='grc' dir='ltr'><strong>ἀναίμακτος</strong></span> <span class='ocrx_word' id='word_1_530' title='bbox 2641 2442 2827 2509; x_wconf 87' lang='grc' dir='ltr'><strong>θυσία,</strong></span> <span class='ocrx_word' id='word_1_531' title='bbox 2860 2441 2895 2512; x_wconf 76' lang='grc' dir='ltr'><strong>ἡ</strong></span> <span class='ocrx_word' id='word_1_532' title='bbox 2926 2440 2985 2493; x_wconf 80' lang='grc' dir='ltr'><strong>δέ</strong></span> <span class='ocrx_word' id='word_1_533' title='bbox 3033 2455 3096 2507; x_wconf 84' lang='grc' dir='ltr'><strong>γε</strong></span> <span class='ocrx_word' id='word_1_534' title='bbox 3142 2437 3281 2508; x_wconf 79' lang='grc' dir='ltr'><strong>πρὸς</strong></span> <span class='ocrx_word' id='word_1_535' title='bbox 3313 2433 3441 2497; x_wconf 75' lang='grc' dir='ltr'><strong>τοὺς</strong></span> <span class='ocrx_word' id='word_1_536' title='bbox 3485 2433 3706 2502; x_wconf 72' lang='grc' dir='ltr'><strong>πένητας</strong></span> <span class='ocrx_word' id='word_1_537' title='bbox 3734 2426 3790 2478; x_wconf 65' lang='grc' dir='ltr'><strong>εερ.</strong></span> 
     </span>
    </p>
   </div>
   <div class='ocr_carea' id='block_1_76' title="bbox 2275 2519 3790 2608">
    <p class='ocr_par' dir='ltr' id='par_1_76' title="bbox 2275 2519 3790 2608">
     <span class='ocr_line' id='line_1_76' title="bbox 2275 2519 3790 2608; baseline -0.013 -15"><span class='ocrx_word' id='word_1_538' title='bbox 2275 2538 2430 2595; x_wconf 85' lang='grc' dir='ltr'><strong>ποιία</strong></span> <span class='ocrx_word' id='word_1_539' title='bbox 2460 2537 2750 2608; x_wconf 85' lang='grc' dir='ltr'><strong>προσθήκη</strong></span> <span class='ocrx_word' id='word_1_540' title='bbox 2793 2534 2976 2604; x_wconf 87' lang='grc' dir='ltr'><strong>πάσης</strong></span> <span class='ocrx_word' id='word_1_541' title='bbox 3032 2529 3248 2601; x_wconf 86' lang='grc' dir='ltr'><strong>ἀγαθῆς</strong></span> <span class='ocrx_word' id='word_1_542' title='bbox 3299 2527 3638 2588; x_wconf 80' lang='grc' dir='ltr'><strong>ἀντιδόσεως.</strong></span> <span class='ocrx_word' id='word_1_543' title='bbox 3670 2519 3790 2574; x_wconf 80' lang='grc' dir='ltr'><strong>Ὅθεν</strong></span> 
     </span>
    </p>
   </div>
   <div class='ocr_carea' id='block_1_77' title="bbox 2273 2610 3792 2702">
    <p class='ocr_par' dir='ltr' id='par_1_77' title="bbox 2273 2610 3792 2702">
     <span class='ocr_line' id='line_1_77' title="bbox 2273 2610 3792 2702; baseline -0.014 -17"><span class='ocrx_word' id='word_1_544' title='bbox 2273 2633 2336 2686; x_wconf 79' lang='grc' dir='ltr'><strong>οὐ</strong></span> <span class='ocrx_word' id='word_1_545' title='bbox 2380 2629 2592 2702; x_wconf 82' lang='grc' dir='ltr'><strong>μικρῶς</strong></span> <span class='ocrx_word' id='word_1_546' title='bbox 2643 2625 2984 2696; x_wconf 82' lang='grc' dir='ltr'><strong>ὠφελοῦσιν,</strong></span> <span class='ocrx_word' id='word_1_547' title='bbox 3021 2624 3070 2676; x_wconf 83' lang='grc' dir='ltr'><strong>εί</strong></span> <span class='ocrx_word' id='word_1_548' title='bbox 3113 2623 3206 2676; x_wconf 75' lang='grc' dir='ltr'><strong>καὶ</strong></span> <span class='ocrx_word' id='word_1_549' title='bbox 3258 2619 3340 2692; x_wconf 83' lang='grc' dir='ltr'><strong>τῷ</strong></span> <span class='ocrx_word' id='word_1_550' title='bbox 3384 2618 3594 2690; x_wconf 83' lang='grc' dir='ltr'><strong>Θεῷτά</strong></span> <span class='ocrx_word' id='word_1_551' title='bbox 3620 2610 3792 2668; x_wconf 80' lang='grc' dir='ltr'><strong>τοιαῦτα</strong></span> 
     </span>
    </p>
   </div>
   <div class='ocr_carea' id='block_1_78' title="bbox 2275 2705 3680 2796">
    <p class='ocr_par' dir='ltr' id='par_1_78' title="bbox 2275 2705 3680 2796">
     <span class='ocr_line' id='line_1_78' title="bbox 2275 2705 3680 2796; baseline -0.008 -18"><span class='ocrx_word' id='word_1_552' title='bbox 2275 2726 2410 2796; x_wconf 81' lang='grc' dir='ltr'><strong>παρ’</strong></span> <span class='ocrx_word' id='word_1_553' title='bbox 2445 2724 2649 2794; x_wconf 79' lang='grc' dir='ltr'><strong>ἑτέρων</strong></span> <span class='ocrx_word' id='word_1_554' title='bbox 2684 2719 3083 2791; x_wconf 84' lang='grc' dir='ltr'><strong>προσάγονται.</strong></span> <span class='ocrx_word' id='word_1_555' title='bbox 3669 2705 3680 2712; x_wconf 71' lang='grc'><em>’</em></span> 
     </span>
    </p>
   </div>
   <div class='ocr_carea' id='block_1_79' title="bbox 2346 2797 3790 2885">
    <p class='ocr_par' dir='ltr' id='par_1_79' title="bbox 2346 2797 3790 2885">
     <span class='ocr_line' id='line_1_79' title="bbox 2346 2797 3790 2885; baseline -0.01 -15"><span class='ocrx_word' id='word_1_556' title='bbox 2346 2815 2536 2870; x_wconf 88' lang='grc' dir='ltr'><strong>Ταῦτα</strong></span> <span class='ocrx_word' id='word_1_557' title='bbox 2563 2814 2664 2885; x_wconf 75' lang='grc' dir='ltr'><strong>μὲν</strong></span> <span class='ocrx_word' id='word_1_558' title='bbox 2695 2807 2790 2867; x_wconf 80' lang='grc' dir='ltr'><strong>οὖν</strong></span> <span class='ocrx_word' id='word_1_559' title='bbox 2819 2811 2916 2867; x_wconf 80' lang='grc' dir='ltr'><strong>καὶ</strong></span> <span class='ocrx_word' id='word_1_560' title='bbox 2938 2811 2967 2864; x_wconf 90' lang='lat'><strong>6</strong></span> <span class='ocrx_word' id='word_1_561' title='bbox 2993 2809 3172 2881; x_wconf 76' lang='grc' dir='ltr'><strong>μέγας</strong></span> <span class='ocrx_word' id='word_1_562' title='bbox 3193 2805 3472 2878; x_wconf 74' lang='grc' dir='ltr'><strong>Κύριλλος</strong></span> <span class='ocrx_word' id='word_1_563' title='bbox 3497 2797 3790 2858; x_wconf 79' lang='grc' dir='ltr'><strong>έπιϐεϐαιῶν.</strong></span> 
     </span>
    </p>
   </div>
   <div class='ocr_carea' id='block_1_80' title="bbox 2274 2892 3793 2974">
    <p class='ocr_par' dir='ltr' id='par_1_80' title="bbox 2274 2892 3793 2974">
     <span class='ocr_line' id='line_1_80' title="bbox 2274 2892 3793 2974; baseline -0.009 -9"><span class='ocrx_word' id='word_1_564' title='bbox 2274 2911 2373 2966; x_wconf 72' lang='grc' dir='ltr'><strong>καὶ</strong></span> <span class='ocrx_word' id='word_1_565' title='bbox 2427 2907 2733 2974; x_wconf 85' lang='grc' dir='ltr'><strong>δεικνύων,</strong></span> <span class='ocrx_word' id='word_1_566' title='bbox 2773 2904 2852 2968; x_wconf 83' lang='grc' dir='ltr'><strong>ὡς</strong></span> <span class='ocrx_word' id='word_1_567' title='bbox 2905 2904 2963 2957; x_wconf 89' lang='grc' dir='ltr'><strong>αί</strong></span> <span class='ocrx_word' id='word_1_568' title='bbox 3032 2903 3248 2974; x_wconf 80' lang='grc' dir='ltr'><strong>μνῆμαι</strong></span> <span class='ocrx_word' id='word_1_569' title='bbox 3313 2900 3384 2956; x_wconf 83' lang='grc' dir='ltr'><strong>τά</strong></span> <span class='ocrx_word' id='word_1_570' title='bbox 3444 2899 3660 2970; x_wconf 79' lang='grc' dir='ltr'><strong>μέγιστα</strong></span> <span class='ocrx_word' id='word_1_571' title='bbox 3701 2892 3793 2951; x_wconf 75' lang='grc' dir='ltr'><strong>τοὺς</strong></span> 
     </span>
    </p>
   </div>
   <div class='ocr_carea' id='block_1_81' title="bbox 2276 2985 3794 3075">
    <p class='ocr_par' dir='ltr' id='par_1_81' title="bbox 2276 2985 3794 3075">
     <span class='ocr_line' id='line_1_81' title="bbox 2276 2985 3794 3075; baseline -0.013 -17"><span class='ocrx_word' id='word_1_572' title='bbox 2276 3001 2679 3075; x_wconf 76' lang='grc' dir='ltr'><strong>ἀποιχομένους</strong></span> <span class='ocrx_word' id='word_1_573' title='bbox 2723 2997 2996 3068; x_wconf 83' lang='grc' dir='ltr'><strong>ὠφελοῦσι</strong></span> <span class='ocrx_word' id='word_1_574' title='bbox 3022 3037 3039 3064; x_wconf 97' lang='grc'><strong>,</strong></span> <span class='ocrx_word' id='word_1_575' title='bbox 3075 2997 3172 3050; x_wconf 78' lang='grc' dir='ltr'><strong>καὶ</strong></span> <span class='ocrx_word' id='word_1_576' title='bbox 3200 2998 3288 3050; x_wconf 82' lang='grc' dir='ltr'><strong>ὅτι</strong></span> <span class='ocrx_word' id='word_1_577' title='bbox 3318 2990 3627 3065; x_wconf 78' lang='grc' dir='ltr'><strong>θαυμαστὸν</strong></span> <span class='ocrx_word' id='word_1_578' title='bbox 3658 2985 3794 3045; x_wconf 79' lang='grc' dir='ltr'><strong>οὐδὲν,</strong></span> 
     </span>
    </p>
   </div>
   <div class='ocr_carea' id='block_1_82' title="bbox 2272 3077 3797 3167">
    <p class='ocr_par' dir='ltr' id='par_1_82' title="bbox 2272 3077 3797 3167">
     <span class='ocr_line' id='line_1_82' title="bbox 2272 3077 3797 3167; baseline -0.009 -17"><span class='ocrx_word' id='word_1_579' title='bbox 2272 3097 2390 3166; x_wconf 80' lang='grc' dir='ltr'><strong>εῐγε</strong></span> <span class='ocrx_word' id='word_1_580' title='bbox 2443 3095 2580 3167; x_wconf 84' lang='grc' dir='ltr'><strong>παρ’</strong></span> <span class='ocrx_word' id='word_1_581' title='bbox 2628 3094 2792 3150; x_wconf 77' lang='grc' dir='ltr'><strong>ἄλλου</strong></span> <span class='ocrx_word' id='word_1_582' title='bbox 2831 3092 2931 3163; x_wconf 83' lang='grc' dir='ltr'><strong>μὲν</strong></span> <span class='ocrx_word' id='word_1_583' title='bbox 2988 3092 3023 3162; x_wconf 77' lang='grc' dir='ltr'>ἡ</span> <span class='ocrx_word' id='word_1_584' title='bbox 3059 3089 3224 3144; x_wconf 88' lang='grc' dir='ltr'><strong>θυσία</strong></span> <span class='ocrx_word' id='word_1_585' title='bbox 3269 3087 3351 3160; x_wconf 82' lang='grc' dir='ltr'><strong>τῷ</strong></span> <span class='ocrx_word' id='word_1_586' title='bbox 3419 3085 3537 3156; x_wconf 89' lang='grc' dir='ltr'><strong>Θεῷ</strong></span> <span class='ocrx_word' id='word_1_587' title='bbox 3581 3077 3797 3152; x_wconf 77' lang='grc' dir='ltr'><strong>προσενή-</strong></span> 
     </span>
    </p>
   </div>
   <div class='ocr_carea' id='block_1_83' title="bbox 2275 3167 3798 3254">
    <p class='ocr_par' dir='ltr' id='par_1_83' title="bbox 2275 3167 3798 3254">
     <span class='ocr_line' id='line_1_83' title="bbox 2275 3167 3798 3254; baseline -0.012 -11"><span class='ocrx_word' id='word_1_588' title='bbox 2275 3204 2488 3254; x_wconf 86' lang='grc' dir='ltr'><strong>νεκται,</strong></span> <span class='ocrx_word' id='word_1_589' title='bbox 2521 3187 2793 3242; x_wconf 86' lang='grc' dir='ltr'><strong>διαϐαίνει</strong></span> <span class='ocrx_word' id='word_1_590' title='bbox 2831 3185 2888 3238; x_wconf 80' lang='grc' dir='ltr'><strong>δὲ</strong></span> <span class='ocrx_word' id='word_1_591' title='bbox 2926 3182 3065 3252; x_wconf 80' lang='grc' dir='ltr'><strong>πρὸς</strong></span> <span class='ocrx_word' id='word_1_592' title='bbox 3121 3183 3316 3254; x_wconf 65' lang='grc' dir='ltr'><strong>ἕτερον</strong></span> <span class='ocrx_word' id='word_1_593' title='bbox 3368 3181 3401 3251; x_wconf 82' lang='grc' dir='ltr'>ὴ</span> <span class='ocrx_word' id='word_1_594' title='bbox 3442 3177 3700 3248; x_wconf 87' lang='grc' dir='ltr'><strong>ὠφέλεια,</strong></span> <span class='ocrx_word' id='word_1_595' title='bbox 3725 3167 3798 3222; x_wconf 73' lang='grc' dir='ltr'><strong>καὶ</strong></span> 
     </span>
    </p>
   </div>
   <div class='ocr_carea' id='block_1_84' title="bbox 2270 3261 3796 3352">
    <p class='ocr_par' dir='ltr' id='par_1_84' title="bbox 2270 3261 3796 3352">
     <span class='ocr_line' id='line_1_84' title="bbox 2270 3261 3796 3352; baseline -0.009 -16"><span class='ocrx_word' id='word_1_596' title='bbox 2270 3280 2795 3352; x_wconf 28' lang='grc' dir='ltr'><strong>τάδε-προστίθησιν</strong></span> <span class='ocrx_word' id='word_1_597' title='bbox 2818 3295 2832 3310; x_wconf 88' lang='grc'><strong>·</strong></span> <span class='ocrx_word' id='word_1_598' title='bbox 2876 3279 2938 3332; x_wconf 88' lang='lat'><strong>&#39;0</strong></span> <span class='ocrx_word' id='word_1_599' title='bbox 2965 3276 3170 3348; x_wconf 81' lang='grc' dir='ltr'><strong>Κύριος</strong></span> <span class='ocrx_word' id='word_1_600' title='bbox 3205 3274 3366 3348; x_wconf 73' lang='grc' dir='ltr'><strong>ἡμῶν</strong></span> <span class='ocrx_word' id='word_1_601' title='bbox 3382 3270 3582 3344; x_wconf 85' lang='grc' dir='ltr'><strong>Ἰησοῦς</strong></span> <span class='ocrx_word' id='word_1_602' title='bbox 3612 3261 3796 3338; x_wconf 76' lang='grc' dir='ltr'><strong>Χριστδς</strong></span> 
     </span>
    </p>
   </div>
   <div class='ocr_carea' id='block_1_85' title="bbox 2272 3355 3796 3444">
    <p class='ocr_par' dir='ltr' id='par_1_85' title="bbox 2272 3355 3796 3444">
     <span class='ocr_line' id='line_1_85' title="bbox 2272 3355 3796 3444; baseline -0.012 -14"><span class='ocrx_word' id='word_1_603' title='bbox 2272 3375 2420 3430; x_wconf 79' lang='grc' dir='ltr'><strong>οὕτω</strong></span> <span class='ocrx_word' id='word_1_604' title='bbox 2475 3373 2616 3444; x_wconf 76' lang='grc' dir='ltr'><strong>πρὸς</strong></span> <span class='ocrx_word' id='word_1_605' title='bbox 2670 3373 2760 3427; x_wconf 66' lang='grc' dir='ltr'><strong>τὸν</strong></span> <span class='ocrx_word' id='word_1_606' title='bbox 2821 3371 3223 3442; x_wconf 78' lang='grc' dir='ltr'><strong>ἑκατόνταρχον</strong></span> <span class='ocrx_word' id='word_1_607' title='bbox 3274 3365 3484 3431; x_wconf 87' lang='grc' dir='ltr'><strong>είπὼν,</strong></span> <span class='ocrx_word' id='word_1_608' title='bbox 3517 3363 3662 3435; x_wconf 76' lang='grc' dir='ltr'><strong>ἡνίκα</strong></span> <span class='ocrx_word' id='word_1_609' title='bbox 3693 3355 3796 3426; x_wconf 76' lang='grc' dir='ltr'><strong>πρὸς</strong></span> 
     </span>
    </p>
   </div>
   <div class='ocr_carea' id='block_1_86' title="bbox 2269 3458 3794 3534">
    <p class='ocr_par' dir='ltr' id='par_1_86' title="bbox 2269 3458 3794 3534">
     <span class='ocr_line' id='line_1_86' title="bbox 2269 3458 3794 3534; baseline -0.013 -9"><span class='ocrx_word' id='word_1_610' title='bbox 2269 3469 2436 3525; x_wconf 79' lang='grc' dir='ltr'><strong>αὐτὸν</strong></span> <span class='ocrx_word' id='word_1_611' title='bbox 2480 3469 2684 3530; x_wconf 72' lang='grc' dir='ltr'><strong>ἐκεῖνος</strong></span> <span class='ocrx_word' id='word_1_612' title='bbox 2718 3466 2908 3534; x_wconf 74' lang='grc' dir='ltr'><strong>ἔλεγεν</strong></span> <span class='ocrx_word' id='word_1_613' title='bbox 2933 3479 2950 3500; x_wconf 86' lang='grc'><strong>·</strong></span> <span class='ocrx_word' id='word_1_614' title='bbox 2989 3467 3114 3518; x_wconf 79' lang='grc' dir='ltr'><strong>Οὐκ</strong></span> <span class='ocrx_word' id='word_1_615' title='bbox 3173 3463 3291 3534; x_wconf 76' lang='grc' dir='ltr'><strong>ειμι</strong></span> <span class='ocrx_word' id='word_1_616' title='bbox 3339 3463 3529 3528; x_wconf 81' lang='grc' dir='ltr'><strong>ἄξιος,</strong></span> <span class='ocrx_word' id='word_1_617' title='bbox 3579 3458 3668 3512; x_wconf 77' lang='grc' dir='ltr'><strong>ἵνα</strong></span> <span class='ocrx_word' id='word_1_618' title='bbox 3703 3466 3794 3522; x_wconf 80' lang='grc' dir='ltr'><strong>μου</strong></span> 
     </span>
    </p>
   </div>
   <div class='ocr_carea' id='block_1_87' title="bbox 2269 3541 3791 3630">
    <p class='ocr_par' dir='ltr' id='par_1_87' title="bbox 2269 3541 3791 3630">
     <span class='ocr_line' id='line_1_87' title="bbox 2269 3541 3791 3630; baseline -0.008 -13"><span class='ocrx_word' id='word_1_619' title='bbox 2269 3563 2393 3619; x_wconf 76' lang='grc' dir='ltr'><strong>ὑπὸ</strong></span> <span class='ocrx_word' id='word_1_620' title='bbox 2421 3560 2538 3630; x_wconf 78' lang='grc' dir='ltr'><strong>τὴν</strong></span> <span class='ocrx_word' id='word_1_621' title='bbox 2566 3559 2797 3630; x_wconf 78' lang='grc' dir='ltr'><strong>στέγην</strong></span> <span class='ocrx_word' id='word_1_622' title='bbox 2838 3557 3146 3626; x_wconf 76' lang='grc' dir='ltr'><strong>είσέλθῃς·</strong></span> <span class='ocrx_word' id='word_1_623' title='bbox 3177 3555 3322 3610; x_wconf 66' lang='grc' dir='ltr'><strong>ἀλλ’</strong></span> <span class='ocrx_word' id='word_1_624' title='bbox 3361 3555 3494 3609; x_wconf 72' lang='grc' dir='ltr'><strong>εἰπὲ</strong></span> <span class='ocrx_word' id='word_1_625' title='bbox 3513 3551 3698 3620; x_wconf 72' lang='grc' dir='ltr'><strong>λόγον,</strong></span> <span class='ocrx_word' id='word_1_626' title='bbox 3719 3541 3791 3597; x_wconf 72' lang='grc' dir='ltr'><strong>καὶ</strong></span> 
     </span>
    </p>
   </div>
   <div class='ocr_carea' id='block_1_88' title="bbox 2273 3645 3792 3723">
    <p class='ocr_par' dir='ltr' id='par_1_88' title="bbox 2273 3645 3792 3723">
     <span class='ocr_line' id='line_1_88' title="bbox 2273 3645 3792 3723; baseline -0.012 -13"><span class='ocrx_word' id='word_1_627' title='bbox 2273 3653 2591 3723; x_wconf 79' lang='grc' dir='ltr'><strong>ίαθήσεται</strong></span> <span class='ocrx_word' id='word_1_628' title='bbox 2637 3655 2670 3707; x_wconf 80' lang='grc' dir='ltr'><em>ὁ</em></span> <span class='ocrx_word' id='word_1_629' title='bbox 2719 3652 2862 3717; x_wconf 78' lang='grc' dir='ltr'><strong>,παῖς</strong></span> <span class='ocrx_word' id='word_1_630' title='bbox 2883 3667 2900 3683; x_wconf 77' lang='grc' dir='ltr'><strong>ο</strong></span> <span class='ocrx_word' id='word_1_631' title='bbox 2928 3651 3180 3720; x_wconf 79' lang='grc' dir='ltr'><strong>Ὕπαγε,</strong></span> <span class='ocrx_word' id='word_1_632' title='bbox 3213 3649 3317 3704; x_wconf 78' lang='grc' dir='ltr'><strong>καί</strong></span> <span class='ocrx_word' id='word_1_633' title='bbox 3349 3648 3430 3713; x_wconf 86' lang='grc' dir='ltr'><strong>ὡς</strong></span> <span class='ocrx_word' id='word_1_634' title='bbox 3457 3645 3792 3701; x_wconf 79' lang='grc' dir='ltr'><strong>ἐπίστευσας.</strong></span> 
     </span>
    </p>
   </div>
   <div class='ocr_carea' id='block_1_89' title="bbox 2271 3732 3792 3818">
    <p class='ocr_par' dir='ltr' id='par_1_89' title="bbox 2271 3732 3792 3818">
     <span class='ocr_line' id='line_1_89' title="bbox 2271 3732 3792 3818; baseline -0.012 -17"><span class='ocrx_word' id='word_1_635' title='bbox 2271 3745 2580 3818; x_wconf 72' lang='grc' dir='ltr'><strong>γενηθήτω</strong></span> <span class='ocrx_word' id='word_1_636' title='bbox 2635 3760 2756 3811; x_wconf 82' lang='grc' dir='ltr'><strong>σοι,</strong></span> <span class='ocrx_word' id='word_1_637' title='bbox 2787 3743 3111 3813; x_wconf 84' lang='grc' dir='ltr'><strong>σαφέστατα</strong></span> <span class='ocrx_word' id='word_1_638' title='bbox 3167 3742 3342 3807; x_wconf 74' lang='grc' dir='ltr'><strong>ἔδειξε</strong></span> <span class='ocrx_word' id='word_1_639' title='bbox 3394 3741 3481 3795; x_wconf 84' lang='grc' dir='ltr'><strong>διά</strong></span> <span class='ocrx_word' id='word_1_640' title='bbox 3522 3737 3613 3808; x_wconf 83' lang='grc' dir='ltr'><strong>τῆς</strong></span> <span class='ocrx_word' id='word_1_641' title='bbox 3644 3732 3792 3804; x_wconf 77' lang='grc' dir='ltr'><strong>ἑτέρον</strong></span> 
     </span>
    </p>
   </div>
   <div class='ocr_carea' id='block_1_90' title="bbox 2271 3819 3793 3908">
    <p class='ocr_par' dir='ltr' id='par_1_90' title="bbox 2271 3819 3793 3908">
     <span class='ocr_line' id='line_1_90' title="bbox 2271 3819 3793 3908; baseline -0.008 -13"><span class='ocrx_word' id='word_1_642' title='bbox 2271 3842 2511 3904; x_wconf 85' lang='grc' dir='ltr'><strong>πίστεως</strong></span> <span class='ocrx_word' id='word_1_643' title='bbox 2541 3839 2638 3893; x_wconf 77' lang='grc' dir='ltr'><strong>καὶ</strong></span> <span class='ocrx_word' id='word_1_644' title='bbox 2680 3839 2774 3892; x_wconf 80' lang='grc' dir='ltr'><strong>τὸν</strong></span> <span class='ocrx_word' id='word_1_645' title='bbox 2833 3838 2908 3908; x_wconf 81' lang='grc' dir='ltr'><strong>μὴ</strong></span> <span class='ocrx_word' id='word_1_646' title='bbox 2957 3831 3206 3908; x_wconf 71' lang='grc' dir='ltr'><strong>παρόντα</strong></span> <span class='ocrx_word' id='word_1_647' title='bbox 3255 3837 3582 3906; x_wconf 77' lang='grc' dir='ltr'><strong>σωζόμενον.</strong></span> <span class='ocrx_word' id='word_1_648' title='bbox 3612 3827 3692 3899; x_wconf 73' lang='grc' dir='ltr'><strong>Μὴ</strong></span> <span class='ocrx_word' id='word_1_649' title='bbox 3721 3819 3793 3877; x_wconf 83' lang='grc' dir='ltr'><strong>οὖν</strong></span> 
     </span>
    </p>
   </div>
   <div class='ocr_carea' id='block_1_91' title="bbox 2269 3915 3792 4003">
    <p class='ocr_par' dir='ltr' id='par_1_91' title="bbox 2269 3915 3792 4003">
     <span class='ocr_line' id='line_1_91' title="bbox 2269 3915 3792 4003; baseline -0.014 -13"><span class='ocrx_word' id='word_1_650' title='bbox 2269 3935 2364 3990; x_wconf 71' lang='grc' dir='ltr'><strong>ἐπὶ</strong></span> <span class='ocrx_word' id='word_1_651' title='bbox 2403 3933 2569 3988; x_wconf 84' lang='grc' dir='ltr'><strong>πλέον</strong></span> <span class='ocrx_word' id='word_1_652' title='bbox 2615 3931 2953 4003; x_wconf 73' lang='grc' dir='ltr'><strong>ἀμφίϐαλλε.</strong></span> <span class='ocrx_word' id='word_1_653' title='bbox 2993 3932 3058 3986; x_wconf 80' lang='grc' dir='ltr'><strong>Εἰ</strong></span> <span class='ocrx_word' id='word_1_654' title='bbox 3085 3930 3194 4001; x_wconf 81' lang='grc' dir='ltr'><strong>γὰρ</strong></span> <span class='ocrx_word' id='word_1_655' title='bbox 3241 3930 3314 3984; x_wconf 84' lang='grc' dir='ltr'><strong>τὰ</strong></span> <span class='ocrx_word' id='word_1_656' title='bbox 3347 3929 3478 3998; x_wconf 84' lang='grc' dir='ltr'><strong>παρ’</strong></span> <span class='ocrx_word' id='word_1_657' title='bbox 3510 3925 3658 3982; x_wconf 82' lang='grc' dir='ltr'><strong>ἀλλον</strong></span> <span class='ocrx_word' id='word_1_658' title='bbox 3685 3915 3792 3985; x_wconf 80' lang='grc' dir='ltr'><strong>ὑπὲρ</strong></span> 
     </span>
    </p>
   </div>
   <div class='ocr_carea' id='block_1_92' title="bbox 2269 4005 3792 4098">
    <p class='ocr_par' dir='ltr' id='par_1_92' title="bbox 2269 4005 3792 4098">
     <span class='ocr_line' id='line_1_92' title="bbox 2269 4005 3792 4098; baseline -0.015 -15"><span class='ocrx_word' id='word_1_659' title='bbox 2269 4029 2459 4098; x_wconf 75' lang='grc' dir='ltr'><strong>ἑτέρου</strong></span> <span class='ocrx_word' id='word_1_660' title='bbox 2490 4005 2882 4098; x_wconf 79' lang='grc' dir='ltr'><strong>προσαγόμενα</strong></span> <span class='ocrx_word' id='word_1_661' title='bbox 2936 4024 3210 4094; x_wconf 88' lang='grc' dir='ltr'><strong>ἀνόνητα,</strong></span> <span class='ocrx_word' id='word_1_662' title='bbox 3243 4024 3340 4077; x_wconf 79' lang='grc' dir='ltr'><strong>καὶ</strong></span> <span class='ocrx_word' id='word_1_663' title='bbox 3394 4020 3532 4076; x_wconf 84' lang='grc' dir='ltr'><strong>αὐτὰ</strong></span> <span class='ocrx_word' id='word_1_664' title='bbox 3561 4014 3720 4072; x_wconf 78' lang='grc' dir='ltr'><strong>λοιπὸν</strong></span> <span class='ocrx_word' id='word_1_665' title='bbox 3742 4008 3792 4062; x_wconf 67' lang='grc' dir='ltr'><strong>τὲ</strong></span> 
     </span>
    </p>
   </div>
   <div class='ocr_carea' id='block_1_93' title="bbox 2267 4109 3790 4189">
    <p class='ocr_par' dir='ltr' id='par_1_93' title="bbox 2267 4109 3790 4189">
     <span class='ocr_line' id='line_1_93' title="bbox 2267 4109 3790 4189; baseline -0.014 -14"><span class='ocrx_word' id='word_1_666' title='bbox 2267 4123 2361 4176; x_wconf 62' lang='grc' dir='ltr'><strong>ἐπὶ</strong></span> <span class='ocrx_word' id='word_1_667' title='bbox 2393 4119 2489 4174; x_wconf 88' lang='grc' dir='ltr'><strong>τοῦ</strong></span> <span class='ocrx_word' id='word_1_668' title='bbox 2519 4119 2669 4174; x_wconf 91' lang='grc' dir='ltr'><strong>θείου</strong></span> <span class='ocrx_word' id='word_1_669' title='bbox 2719 4116 2950 4189; x_wconf 79' lang='grc' dir='ltr'><strong>λουτροῦ</strong></span> <span class='ocrx_word' id='word_1_670' title='bbox 2992 4119 3156 4188; x_wconf 86' lang='grc' dir='ltr'><strong>χάριν</strong></span> <span class='ocrx_word' id='word_1_671' title='bbox 3199 4116 3298 4170; x_wconf 91' lang='grc' dir='ltr'><strong>τοῦ</strong></span> <span class='ocrx_word' id='word_1_672' title='bbox 3355 4109 3702 4184; x_wconf 80' lang='grc' dir='ltr'><strong>φωτιζομένου</strong></span> <span class='ocrx_word' id='word_1_673' title='bbox 3726 4118 3790 4156; x_wconf 82' lang='grc' dir='ltr'><strong>τε·</strong></span> 
     </span>
    </p>
   </div>
   <div class='ocr_carea' id='block_1_94' title="bbox 2267 4201 3790 4282">
    <p class='ocr_par' dir='ltr' id='par_1_94' title="bbox 2267 4201 3790 4282">
     <span class='ocr_line' id='line_1_94' title="bbox 2267 4201 3790 4282; baseline -0.008 -17"><span class='ocrx_word' id='word_1_674' title='bbox 2267 4210 2509 4282; x_wconf 85' lang='grc' dir='ltr'><strong>λούμενα</strong></span> <span class='ocrx_word' id='word_1_675' title='bbox 2535 4211 2660 4264; x_wconf 79' lang='grc' dir='ltr'><strong>κατ’</strong></span> <span class='ocrx_word' id='word_1_676' title='bbox 2697 4209 2852 4264; x_wconf 83' lang='grc' dir='ltr'><strong>οὐδὲν</strong></span> <span class='ocrx_word' id='word_1_677' title='bbox 2883 4208 3049 4262; x_wconf 78' lang='grc' dir='ltr'><strong>αὑτὸν</strong></span> <span class='ocrx_word' id='word_1_678' title='bbox 3073 4206 3403 4276; x_wconf 79' lang='grc' dir='ltr'><strong>ὠφελοῦσιν,</strong></span> <span class='ocrx_word' id='word_1_679' title='bbox 3439 4208 3532 4261; x_wconf 81' lang='grc' dir='ltr'><strong>ἆτε</strong></span> <span class='ocrx_word' id='word_1_680' title='bbox 3567 4201 3658 4270; x_wconf 84' lang='grc' dir='ltr'><strong>τῆς</strong></span> <span class='ocrx_word' id='word_1_681' title='bbox 3696 4211 3790 4282; x_wconf 74' lang='grc' dir='ltr'><strong>συνῇ</strong></span> 
     </span>
    </p>
   </div>
   <div class='ocr_carea' id='block_1_95' title="bbox 2254 4281 3789 4373">
    <p class='ocr_par' dir='ltr' id='par_1_95' title="bbox 2254 4281 3789 4373">
     <span class='ocr_line' id='line_1_95' title="bbox 2254 4281 3789 4373; baseline -0.002 -17"><span class='ocrx_word' id='word_1_682' title='bbox 2254 4281 2442 4373; x_wconf 79' lang='grc' dir='ltr'><strong>’ταγῆς</strong></span> <span class='ocrx_word' id='word_1_683' title='bbox 2514 4302 2613 4356; x_wconf 76' lang='grc' dir='ltr'><strong>καὶ</strong></span> <span class='ocrx_word' id='word_1_684' title='bbox 2651 4301 2936 4370; x_wconf 82' lang='grc' dir='ltr'><strong>ἀποταγῆς</strong></span> <span class='ocrx_word' id='word_1_685' title='bbox 2979 4298 3111 4370; x_wconf 85' lang='grc' dir='ltr'><strong>παρ’</strong></span> <span class='ocrx_word' id='word_1_686' title='bbox 3144 4299 3386 4368; x_wconf 82' lang='grc' dir='ltr'><strong>ἑτέρων,</strong></span> <span class='ocrx_word' id='word_1_687' title='bbox 3444 4299 3534 4352; x_wconf 66' lang='grc' dir='ltr'><strong>καὶ⁵</strong></span> <span class='ocrx_word' id='word_1_688' title='bbox 3599 4293 3655 4347; x_wconf 83' lang='grc' dir='ltr'><strong>οὺ</strong></span> <span class='ocrx_word' id='word_1_689' title='bbox 3691 4281 3789 4353; x_wconf 69' lang='grc' dir='ltr'><strong>παρ’</strong></span> 
     </span>
    </p>
   </div>
   <div class='ocr_carea' id='block_1_96' title="bbox 2268 4378 3788 4466">
    <p class='ocr_par' dir='ltr' id='par_1_96' title="bbox 2268 4378 3788 4466">
     <span class='ocr_line' id='line_1_96' title="bbox 2268 4378 3788 4466; baseline -0.011 -14"><span class='ocrx_word' id='word_1_690' title='bbox 2268 4396 2452 4452; x_wconf 81' lang='grc' dir='ltr'><strong>αὐτῶν</strong></span> <span class='ocrx_word' id='word_1_691' title='bbox 2483 4396 2832 4466; x_wconf 82' lang='grc' dir='ltr'><strong>τελουμένων</strong></span> <span class='ocrx_word' id='word_1_692' title='bbox 2878 4394 2988 4448; x_wconf 85' lang='grc' dir='ltr'><strong>τῶν</strong></span> <span class='ocrx_word' id='word_1_693' title='bbox 3034 4394 3345 4464; x_wconf 83' lang='grc' dir='ltr'><strong>δεχομένων</strong></span> <span class='ocrx_word' id='word_1_694' title='bbox 3377 4393 3438 4445; x_wconf 81' lang='grc' dir='ltr'><strong>τὸ</strong></span> <span class='ocrx_word' id='word_1_695' title='bbox 3462 4391 3712 4460; x_wconf 85' lang='grc' dir='ltr'><strong>φώτισμα.</strong></span> <span class='ocrx_word' id='word_1_696' title='bbox 3743 4378 3788 4432; x_wconf 76' lang='grc' dir='ltr'><strong>Εἰ</strong></span> 
     </span>
    </p>
   </div>
   <div class='ocr_carea' id='block_1_97' title="bbox 2265 4469 3785 4558">
    <p class='ocr_par' dir='ltr' id='par_1_97' title="bbox 2265 4469 3785 4558">
     <span class='ocr_line' id='line_1_97' title="bbox 2265 4469 3785 4558; baseline -0.005 -14"><span class='ocrx_word' id='word_1_697' title='bbox 2265 4491 2324 4544; x_wconf 69' lang='grc' dir='ltr'><strong>δὲ</strong></span> <span class='ocrx_word' id='word_1_698' title='bbox 2355 4489 2530 4544; x_wconf 89' lang='grc' dir='ltr'><strong>ταῦτα</strong></span> <span class='ocrx_word' id='word_1_699' title='bbox 2556 4488 2730 4552; x_wconf 80' lang='grc' dir='ltr'><strong>οὕτως</strong></span> <span class='ocrx_word' id='word_1_700' title='bbox 2761 4487 2899 4558; x_wconf 76' lang='grc' dir='ltr'><strong>ἔχει,</strong></span> <span class='ocrx_word' id='word_1_701' title='bbox 2936 4489 3032 4542; x_wconf 76' lang='grc' dir='ltr'><strong>καὶ</strong></span> <span class='ocrx_word' id='word_1_702' title='bbox 3054 4487 3175 4542; x_wconf 89' lang='grc' dir='ltr'><strong>λίαν</strong></span> <span class='ocrx_word' id='word_1_703' title='bbox 3205 4486 3503 4555; x_wconf 77' lang='grc' dir='ltr'><strong>ἑπωφελεῖς</strong></span> <span class='ocrx_word' id='word_1_704' title='bbox 3534 4483 3727 4537; x_wconf 83' lang='grc' dir='ltr'><strong>πάντως</strong></span> <span class='ocrx_word' id='word_1_705' title='bbox 3747 4469 3785 4524; x_wconf 65' lang='grc' dir='ltr'><strong>αῖ</strong></span> 
     </span>
    </p>
   </div>
   <div class='ocr_carea' id='block_1_98' title="bbox 2270 4565 3785 4654">
    <p class='ocr_par' dir='ltr' id='par_1_98' title="bbox 2270 4565 3785 4654">
     <span class='ocr_line' id='line_1_98' title="bbox 2270 4565 3785 4654; baseline -0.025 1"><span class='ocrx_word' id='word_1_706' title='bbox 2270 4583 2511 4654; x_wconf 69' lang='grc' dir='ltr'><strong>μνῆμαι»</strong></span> <span class='ocrx_word' id='word_1_707' title='bbox 2540 4581 2635 4635; x_wconf 69' lang='grc' dir='ltr'><strong>καὶ</strong></span> <span class='ocrx_word' id='word_1_708' title='bbox 2661 4581 2739 4651; x_wconf 81' lang='grc' dir='ltr'><strong>τῷ</strong></span> <span class='ocrx_word' id='word_1_709' title='bbox 2761 4581 2875 4636; x_wconf 75' lang='grc' dir='ltr'><strong>ὄντι</strong></span> <span class='ocrx_word' id='word_1_710' title='bbox 2901 4581 3319 4648; x_wconf 83' lang='grc' dir='ltr'><strong>εὐπρόσδεκτοι.</strong></span> <span class='ocrx_word' id='word_1_711' title='bbox 3352 4579 3416 4634; x_wconf 79' lang='lat' dir='ltr'><strong>El</strong></span> <span class='ocrx_word' id='word_1_712' title='bbox 3447 4577 3521 4650; x_wconf 80' lang='grc' dir='ltr'><strong>μὴ</strong></span> <span class='ocrx_word' id='word_1_713' title='bbox 3547 4574 3648 4644; x_wconf 80' lang='grc' dir='ltr'><strong>γὰρ</strong></span> <span class='ocrx_word' id='word_1_714' title='bbox 3671 4565 3785 4621; x_wconf 81' lang='grc' dir='ltr'><strong>τοῦτο</strong></span> 
     </span>
    </p>
   </div>
   <div class='ocr_carea' id='block_1_99' title="bbox 2263 4655 3780 4747">
    <p class='ocr_par' dir='ltr' id='par_1_99' title="bbox 2263 4655 3780 4747">
     <span class='ocr_line' id='line_1_99' title="bbox 2263 4655 3780 4747; baseline -0.011 -17"><span class='ocrx_word' id='word_1_715' title='bbox 2263 4670 2353 4747; x_wconf 79' lang='grc' dir='ltr'><strong>ἦν,</strong></span> <span class='ocrx_word' id='word_1_716' title='bbox 2389 4675 2494 4729; x_wconf 75' lang='grc' dir='ltr'><strong>οὐκ</strong></span> <span class='ocrx_word' id='word_1_717' title='bbox 2523 4674 2612 4740; x_wconf 82' lang='grc' dir='ltr'><strong>ἂν,</strong></span> <span class='ocrx_word' id='word_1_718' title='bbox 2631 4673 2708 4738; x_wconf 86' lang='grc' dir='ltr'><strong>ὡς</strong></span> <span class='ocrx_word' id='word_1_719' title='bbox 2744 4672 2954 4727; x_wconf 81' lang='grc' dir='ltr'><strong>ἀνωθεν</strong></span> <span class='ocrx_word' id='word_1_720' title='bbox 2982 4673 3224 4742; x_wconf 72' lang='grc' dir='ltr'><strong>εἴρηται,</strong></span> <span class='ocrx_word' id='word_1_721' title='bbox 3257 4673 3476 4744; x_wconf 80' lang='grc' dir='ltr'><strong>μνήμας</strong></span> <span class='ocrx_word' id='word_1_722' title='bbox 3506 4671 3561 4722; x_wconf 77' lang='grc' dir='ltr'><strong>ὲν</strong></span> <span class='ocrx_word' id='word_1_723' title='bbox 3599 4655 3780 4735; x_wconf 65' lang='grc' dir='ltr'><strong>ὡρισμέ-</strong></span> 
     </span>
    </p>
   </div>
   <div class='ocr_carea' id='block_1_100' title="bbox 2263 4756 3781 4853">
    <p class='ocr_par' dir='ltr' id='par_1_100' title="bbox 2263 4756 3781 4853">
     <span class='ocr_line' id='line_1_100' title="bbox 2263 4756 3781 4853; baseline -0.008 -32"><span class='ocrx_word' id='word_1_724' title='bbox 2263 4785 2379 4831; x_wconf 88' lang='grc' dir='ltr'><strong>νοις</strong></span> <span class='ocrx_word' id='word_1_725' title='bbox 2413 4769 2628 4838; x_wconf 84' lang='grc' dir='ltr'><strong>καιροϊς</strong></span> <span class='ocrx_word' id='word_1_726' title='bbox 2670 4765 2997 4828; x_wconf 78' lang='grc' dir='ltr'><strong>διετάξαντο</strong></span> <span class='ocrx_word' id='word_1_727' title='bbox 3047 4765 3298 4835; x_wconf 83' lang='grc' dir='ltr'><strong>γίνεσθαι</strong></span> <span class='ocrx_word' id='word_1_728' title='bbox 3362 4766 3472 4818; x_wconf 83' lang='grc' dir='ltr'><strong>τῶν</strong></span> <span class='ocrx_word' id='word_1_729' title='bbox 3523 4756 3781 4853; x_wconf 48' lang='lat' dir='ltr'><strong>“evadit”:</strong></span> 
     </span>
    </p>
   </div>
   <div class='ocr_carea' id='block_1_101' title="bbox 2269 4846 3786 4929">
    <p class='ocr_par' dir='ltr' id='par_1_101' title="bbox 2269 4846 3786 4929">
     <span class='ocr_line' id='line_1_101' title="bbox 2269 4846 3786 4929; baseline -0.006 -15"><span class='ocrx_word' id='word_1_730' title='bbox 2269 4861 2461 4914; x_wconf 71' lang='grc' dir='ltr'><strong>ἕνεκεν</strong></span> <span class='ocrx_word' id='word_1_731' title='bbox 2489 4861 2542 4914; x_wconf 91' lang='grc' dir='ltr'><strong>οί</strong></span> <span class='ocrx_word' id='word_1_732' title='bbox 2575 4858 2872 4914; x_wconf 79' lang='grc' dir='ltr'><strong>ἀπόστολοι</strong></span> <span class='ocrx_word' id='word_1_733' title='bbox 2925 4859 3022 4913; x_wconf 81' lang='grc' dir='ltr'><strong>καὶ</strong></span> <span class='ocrx_word' id='word_1_734' title='bbox 3077 4858 3321 4929; x_wconf 78' lang='grc' dir='ltr'><strong>μαθηταὶ</strong></span> <span class='ocrx_word' id='word_1_735' title='bbox 3363 4855 3459 4911; x_wconf 84' lang='grc' dir='ltr'><strong>τοῦ</strong></span> <span class='ocrx_word' id='word_1_736' title='bbox 3497 4846 3728 4924; x_wconf 83' lang='grc' dir='ltr'><strong>Χριστοῦ,</strong></span> <span class='ocrx_word' id='word_1_737' title='bbox 3755 4846 3786 4905; x_wconf 72' lang='grc' dir='ltr'>Ψ</span> 
     </span>
    </p>
   </div>
   <div class='ocr_carea' id='block_1_102' title="bbox 2260 4947 3619 5026">
    <p class='ocr_par' dir='ltr' id='par_1_102' title="bbox 2260 4947 3619 5026">
     <span class='ocr_line' id='line_1_102' title="bbox 2260 4947 3619 5026; baseline -0.01 -14"><span class='ocrx_word' id='word_1_738' title='bbox 2260 4955 2296 5026; x_wconf 79' lang='grc' dir='ltr'><strong>ἡ</strong></span> <span class='ocrx_word' id='word_1_739' title='bbox 2332 4955 2460 5020; x_wconf 80' lang='grc' dir='ltr'><strong>δόξα</strong></span> <span class='ocrx_word' id='word_1_740' title='bbox 2491 4955 2572 5018; x_wconf 85' lang='grc' dir='ltr'><strong>είς</strong></span> <span class='ocrx_word' id='word_1_741' title='bbox 2603 4954 2733 5017; x_wconf 80' lang='grc' dir='ltr'><strong>τοὺς</strong></span> <span class='ocrx_word' id='word_1_742' title='bbox 2777 4953 2986 5018; x_wconf 83' lang='grc' dir='ltr'><strong>αἰῶνας</strong></span> <span class='ocrx_word' id='word_1_743' title='bbox 3015 4953 3124 5008; x_wconf 81' lang='grc' dir='ltr'><strong>τῶν</strong></span> <span class='ocrx_word' id='word_1_744' title='bbox 3156 4953 3394 5010; x_wconf 74' lang='grc' dir='ltr'><strong>αἰώνων.</strong></span> <span class='ocrx_word' id='word_1_745' title='bbox 3428 4947 3619 5020; x_wconf 81' lang='grc' dir='ltr'><strong>’Δμήν.</strong></span> 
     </span>
    </p>
   </div>
   <div class='ocr_carea' id='block_1_103' title="bbox 1970 5063 2475 5122">
    <p class='ocr_par' dir='ltr' id='par_1_103' title="bbox 1970 5063 2475 5122">
     <span class='ocr_line' id='line_1_103' title="bbox 1970 5063 2475 5122; baseline 0.008 -4"><span class='ocrx_word' id='word_1_746' title='bbox 1970 5063 2311 5121; x_wconf 78' lang='lat' dir='ltr'><strong>EPISTOLA</strong></span> <span class='ocrx_word' id='word_1_747' title='bbox 2350 5065 2450 5122; x_wconf 79' lang='lat' dir='ltr'><strong>XX</strong></span> <span class='ocrx_word' id='word_1_748' title='bbox 2463 5106 2475 5121; x_wconf 93' lang='lat'><strong>.</strong></span> 
     </span>
    </p>
   </div>
   <div class='ocr_carea' id='block_1_104' title="bbox 2055 5181 2324 5252">
    <p class='ocr_par' dir='ltr' id='par_1_104' title="bbox 2055 5181 2324 5252">
     <span class='ocr_line' id='line_1_104' title="bbox 2055 5181 2324 5252; baseline -0.004 -17"><span class='ocrx_word' id='word_1_749' title='bbox 2055 5181 2324 5252; x_wconf 76' lang='lat' dir='ltr'><strong>(Fragm.)</strong></span> 
     </span>
    </p>
   </div>
   <div class='ocr_carea' id='block_1_105' title="bbox 1130 5289 3270 5375">
    <p class='ocr_par' dir='ltr' id='par_1_105' title="bbox 1130 5289 3270 5375">
     <span class='ocr_line' id='line_1_105' title="bbox 1130 5289 3270 5375; baseline 0.014 -34"><span class='ocrx_word' id='word_1_750' title='bbox 1130 5289 1329 5348; x_wconf 64' lang='grc' dir='ltr'><strong>Λεία...</strong></span> <span class='ocrx_word' id='word_1_751' title='bbox 1357 5326 1426 5338; x_wconf 89' lang='grc'><strong>-</strong></span> <span class='ocrx_word' id='word_1_752' title='bbox 1459 5295 1647 5352; x_wconf 79' lang='lat' dir='ltr'><strong>Preces</strong></span> <span class='ocrx_word' id='word_1_753' title='bbox 1671 5298 1942 5366; x_wconf 77' lang='lat' dir='ltr'><strong>iustorum</strong></span> <span class='ocrx_word' id='word_1_754' title='bbox 1973 5304 2135 5357; x_wconf 80' lang='lat' dir='ltr'><strong>etiam</strong></span> <span class='ocrx_word' id='word_1_755' title='bbox 2170 5303 2349 5372; x_wconf 71' lang='lat' dir='ltr'><strong>impiis</strong></span> <span class='ocrx_word' id='word_1_756' title='bbox 2383 5301 2677 5357; x_wconf 77' lang='lat' dir='ltr'><strong>demortuis</strong></span> <span class='ocrx_word' id='word_1_757' title='bbox 2712 5302 2983 5375; x_wconf 69' lang='lat' dir='ltr'><strong>pro/lcum</strong></span> <span class='ocrx_word' id='word_1_758' title='bbox 3023 5317 3138 5365; x_wconf 70' lang='lat'><strong>68.88</strong></span> <span class='ocrx_word' id='word_1_759' title='bbox 3167 5303 3270 5375; x_wconf 73' lang='lat' dir='ltr'><strong>(U-</strong></span> 
     </span>
    </p>
   </div>
   <div class='ocr_carea' id='block_1_106' title="bbox 629 5403 2154 5492">
    <p class='ocr_par' dir='ltr' id='par_1_106' title="bbox 629 5403 2154 5492">
     <span class='ocr_line' id='line_1_106' title="bbox 629 5403 2154 5492; baseline 0.012 -31"><span class='ocrx_word' id='word_1_760' title='bbox 629 5407 698 5462; x_wconf 85' lang='lat' dir='ltr'><strong>Et</strong></span> <span class='ocrx_word' id='word_1_761' title='bbox 719 5403 854 5477; x_wconf 91' lang='lat' dir='ltr'><strong>quid</strong></span> <span class='ocrx_word' id='word_1_762' title='bbox 877 5404 945 5462; x_wconf 90' lang='lat' dir='ltr'><strong>de</strong></span> <span class='ocrx_word' id='word_1_763' title='bbox 969 5405 1288 5466; x_wconf 85' lang='lat' dir='ltr'><strong>hominibus</strong></span> <span class='ocrx_word' id='word_1_764' title='bbox 1315 5415 1420 5485; x_wconf 87' lang='lat' dir='ltr'><strong>piis</strong></span> <span class='ocrx_word' id='word_1_765' title='bbox 1446 5417 1663 5488; x_wconf 89' lang='lat' dir='ltr'><strong>loquor,</strong></span> <span class='ocrx_word' id='word_1_766' title='bbox 1690 5435 1816 5476; x_wconf 90' lang='lat' dir='ltr'><strong>cum</strong></span> <span class='ocrx_word' id='word_1_767' title='bbox 1837 5432 1894 5477; x_wconf 90' lang='lat' dir='ltr'><strong>et</strong></span> <span class='ocrx_word' id='word_1_768' title='bbox 1920 5423 2154 5492; x_wconf 87' lang='lat' dir='ltr'><strong>quibus-</strong></span> 
     </span>
    </p>
   </div>
   <div class='ocr_carea' id='block_1_107' title="bbox 558 5497 2148 5583">
    <p class='ocr_par' dir='ltr' id='par_1_107' title="bbox 558 5497 2148 5583">
     <span class='ocr_line' id='line_1_107' title="bbox 558 5497 2148 5583; baseline 0.011 -33"><span class='ocrx_word' id='word_1_769' title='bbox 558 5497 683 5554; x_wconf 84' lang='lat' dir='ltr'><strong>dam</strong></span> <span class='ocrx_word' id='word_1_770' title='bbox 735 5499 1044 5556; x_wconf 85' lang='lat' dir='ltr'><strong>demortuis</strong></span> <span class='ocrx_word' id='word_1_771' title='bbox 1099 5503 1306 5575; x_wconf 85' lang='lat' dir='ltr'><strong>impiis,</strong></span> <span class='ocrx_word' id='word_1_772' title='bbox 1360 5518 1419 5564; x_wconf 92' lang='lat' dir='ltr'><strong>ut</strong></span> <span class='ocrx_word' id='word_1_773' title='bbox 1482 5511 1661 5568; x_wconf 87' lang='lat' dir='ltr'><strong>oratio</strong></span> <span class='ocrx_word' id='word_1_774' title='bbox 1711 5514 1821 5583; x_wconf 87' lang='lat' dir='ltr'><strong>jam</strong></span> <span class='ocrx_word' id='word_1_775' title='bbox 1889 5524 2148 5583; x_wconf 82' lang='lat' dir='ltr'><strong>exponet,</strong></span> 
     </span>
    </p>
   </div>
   <div class='ocr_carea' id='block_1_108' title="bbox 561 5593 2149 5672">
    <p class='ocr_par' dir='ltr' id='par_1_108' title="bbox 561 5593 2149 5672">
     <span class='ocr_line' id='line_1_108' title="bbox 561 5593 2149 5672; baseline 0.011 -31"><span class='ocrx_word' id='word_1_776' title='bbox 561 5602 916 5656; x_wconf 86' lang='lat' dir='ltr'><strong>peccatorum</strong></span> <span class='ocrx_word' id='word_1_777' title='bbox 978 5593 1307 5653; x_wconf 87' lang='lat' dir='ltr'><strong>solutionem</strong></span> <span class='ocrx_word' id='word_1_778' title='bbox 1359 5603 1708 5671; x_wconf 86' lang='lat' dir='ltr'><strong>apportarint</strong></span> <span class='ocrx_word' id='word_1_779' title='bbox 1751 5603 2149 5672; x_wconf 80' lang='lat' dir='ltr'><strong>prccesjusti?</strong></span> 
     </span>
    </p>
   </div>
   <div class='ocr_carea' id='block_1_109' title="bbox 2337 5401 3784 5493">
    <p class='ocr_par' dir='ltr' id='par_1_109' title="bbox 2337 5401 3784 5493">
     <span class='ocr_line' id='line_1_109' title="bbox 2337 5401 3784 5493; baseline -0.008 -19"><span class='ocrx_word' id='word_1_780' title='bbox 2337 5420 2446 5474; x_wconf 78' lang='lat' dir='ltr'><strong>Kal</strong></span> <span class='ocrx_word' id='word_1_781' title='bbox 2475 5419 2528 5474; x_wconf 91' lang='grc' dir='ltr'><strong>τί</strong></span> <span class='ocrx_word' id='word_1_782' title='bbox 2566 5419 2712 5490; x_wconf 84' lang='grc' dir='ltr'><strong>λέγω</strong></span> <span class='ocrx_word' id='word_1_783' title='bbox 2754 5422 2888 5493; x_wconf 78' lang='grc' dir='ltr'><strong>περὶ</strong></span> <span class='ocrx_word' id='word_1_784' title='bbox 2929 5421 3145 5491; x_wconf 79' lang='grc' dir='ltr'><strong>ἀνδρῶν</strong></span> <span class='ocrx_word' id='word_1_785' title='bbox 3173 5417 3439 5482; x_wconf 79' lang='grc' dir='ltr'><strong>εὐσεϐῶν,</strong></span> <span class='ocrx_word' id='word_1_786' title='bbox 3479 5416 3604 5469; x_wconf 80' lang='grc' dir='ltr'><strong>ὅπου</strong></span> <span class='ocrx_word' id='word_1_787' title='bbox 3629 5423 3684 5476; x_wconf 83' lang='grc' dir='ltr'><strong>γε</strong></span> <span class='ocrx_word' id='word_1_788' title='bbox 3709 5401 3784 5455; x_wconf 63' lang='grc' dir='ltr'><strong>κωἱ</strong></span> 
     </span>
    </p>
   </div>
   <div class='ocr_carea' id='block_1_110' title="bbox 2263 5495 3780 5579">
    <p class='ocr_par' dir='ltr' id='par_1_110' title="bbox 2263 5495 3780 5579">
     <span class='ocr_line' id='line_1_110' title="bbox 2263 5495 3780 5579; baseline -0.009 -14"><span class='ocrx_word' id='word_1_789' title='bbox 2263 5511 2522 5566; x_wconf 84' lang='grc' dir='ltr'><strong>θανοῦσιν</strong></span> <span class='ocrx_word' id='word_1_790' title='bbox 2559 5512 2786 5567; x_wconf 85' lang='grc' dir='ltr'><strong>ἀσεϐέσι</strong></span> <span class='ocrx_word' id='word_1_791' title='bbox 2825 5513 2993 5579; x_wconf 78' lang='grc' dir='ltr'><strong>τισὶν,</strong></span> <span class='ocrx_word' id='word_1_792' title='bbox 3028 5510 3107 5575; x_wconf 78' lang='grc' dir='ltr'><strong>ὡς</strong></span> <span class='ocrx_word' id='word_1_793' title='bbox 3155 5513 3186 5564; x_wconf 89' lang='grc' dir='ltr'><strong>ό</strong></span> <span class='ocrx_word' id='word_1_794' title='bbox 3215 5511 3405 5579; x_wconf 62' lang='grc' dir='ltr'><strong>λόγος,</strong></span> <span class='ocrx_word' id='word_1_795' title='bbox 3441 5507 3534 5577; x_wconf 71' lang='grc' dir='ltr'><strong>ήδη</strong></span> <span class='ocrx_word' id='word_1_796' title='bbox 3564 5495 3780 5571; x_wconf 82' lang='grc' dir='ltr'><strong>γνωρίσει</strong></span> 
     </span>
    </p>
   </div>
   <div class='ocr_carea' id='block_1_111' title="bbox 2261 5588 3781 5678">
    <p class='ocr_par' dir='ltr' id='par_1_111' title="bbox 2261 5588 3781 5678">
     <span class='ocr_line' id='line_1_111' title="bbox 2261 5588 3781 5678; baseline 0 -22"><span class='ocrx_word' id='word_1_797' title='bbox 2261 5621 2344 5656; x_wconf 87' lang='grc' dir='ltr'><strong>σοι</strong></span> <span class='ocrx_word' id='word_1_798' title='bbox 2387 5605 2542 5660; x_wconf 85' lang='grc' dir='ltr'><strong>λύσιν</strong></span> <span class='ocrx_word' id='word_1_799' title='bbox 2574 5605 3044 5678; x_wconf 86' lang='grc' dir='ltr'><strong>ἀμπλακημάτων</strong></span> <span class='ocrx_word' id='word_1_800' title='bbox 3076 5605 3352 5678; x_wconf 69' lang='grc' dir='ltr'><strong>ἐπήνεγκε</strong></span> <span class='ocrx_word' id='word_1_801' title='bbox 3401 5600 3604 5656; x_wconf 86' lang='grc' dir='ltr'><strong>δικαίου</strong></span> <span class='ocrx_word' id='word_1_802' title='bbox 3634 5588 3781 5661; x_wconf 52' lang='lat' dir='ltr'><strong>uixi};</strong></span> 
     </span>
    </p>
   </div>
   <div class='ocr_carea' id='block_1_112' title="bbox 637 5754 2534 5864">
    <p class='ocr_par' dir='ltr' id='par_1_112' title="bbox 637 5754 2534 5864">
     <span class='ocr_line' id='line_1_112' title="bbox 637 5754 2534 5864; baseline 0.008 -59"><span class='ocrx_word' id='word_1_803' title='bbox 637 5755 711 5826; x_wconf 86' lang='lat' dir='ltr'><strong>(l)</strong></span> <span class='ocrx_word' id='word_1_804' title='bbox 754 5754 908 5824; x_wconf 80' lang='lat' dir='ltr'><strong>Apud</strong></span> <span class='ocrx_word' id='word_1_805' title='bbox 934 5756 1187 5816; x_wconf 74' lang='lat' dir='ltr'><strong>Allalium</strong></span> <span class='ocrx_word' id='word_1_806' title='bbox 1244 5761 1316 5817; x_wconf 87' lang='lat' dir='ltr'><strong>De</strong></span> <span class='ocrx_word' id='word_1_807' title='bbox 1360 5762 1508 5816; x_wconf 80' lang='lat' dir='ltr'><strong>libris</strong></span> <span class='ocrx_word' id='word_1_808' title='bbox 1541 5762 1912 5818; x_wconf 69' lang='lat' dir='ltr'><strong>ccclesiaslicis</strong></span> <span class='ocrx_word' id='word_1_809' title='bbox 1950 5762 2277 5864; x_wconf 60' lang='lat' dir='ltr'><strong>Graecoru&#39;m,</strong></span> <span class='ocrx_word' id='word_1_810' title='bbox 2318 5781 2370 5834; x_wconf 90' lang='lat' dir='ltr'><strong>p.</strong></span> <span class='ocrx_word' id='word_1_811' title='bbox 2412 5767 2534 5820; x_wconf 79' lang='lat' dir='ltr'><strong>H7.</strong></span> 
     </span>
    </p>
   </div>
  </div>
