4034 6442
259 433 373 498 993

1206 435 1302 494 DE
1341 431 1864 493 PROCESSIONE
1907 431 2270 492 smmrus
2309 404 2614 496 SANCTI.

3431 439 3544 506 994

267 547 510 620 στηκότα
561 544 769 616 χρόνον,
802 545 860 608 ὃς
900 546 1033 616 ἡμῖν
1063 545 1204 613 ἄγαν
1256 527 1602 616 βραχύτατος
1639 536 1831 611 ’ξυγκεη

1956 543 2118 596 verba
2146 544 2399 614 viresque
2467 543 2727 599 deiicient
2777 560 2885 599 non
2921 554 3130 601 tantum
3159 547 3263 603 hoc
3288 553 3546 620 praesenti

263 639 541 709 χώρηται,
574 637 692 691 ἀλλ’
723 636 832 689 οὐδ’
864 637 953 690 ὅτε
1008 636 1203 704 καιρὸς
1231 635 1343 689 τῶν
1376 635 1488 688 σῶν
1531 633 1844 704 ἐγκωμίων,

261 727 345 782 ὅθ’
371 727 630 781 ὑπόθεσιν
657 727 1056 798 λαμπροτάτην
1077 721 1231 794 οἶμαι
1277 725 1346 779 τὰ
1383 726 1453 778 σὰ
1483 724 1845 796 ποιησόμεθα,

261 821 363 891 οὐχ
391 813 554 890 ἦττον
613 817 670 870 δὲ
719 819 812 870 καὶ
861 820 948 888 τῇ,
990 817 1059 888 ἣν
1124 818 1267 886 ἔχεις
1305 816 1434 887 περὶ
1473 817 1599 878 τοὺς
1658 816 1849 885 λόγους

265 912 525 980 σπουδὴν,
558 908 655 974 οὒς
683 911 792 964 τῶν
825 911 885 963 ὲν
938 910 1074 980 ἡμῖν
1099 909 1357 963 ἁπάντων
1385 907 1620 978 νομίζων
1668 909 1728 960 τὸ
1767 926 1849 960 τι-

263 1001 576 1072 μιώτατον,-
597 1001 700 1062 ,νῦν
753 1003 855 1073 μὲν
885 1002 1152 1072 ἱστορίαις
1202 1003 1418 1074 χαίρεις
1469 1001 1564 1055 καὶ
1597 999 1741 1071 άπερ
1791 1003 1848 1054 ἐν

263 1093 610 1163 ξυγγραφατς
640 1093 981 1162 περιέχεται,
1012 1091 1110 1147 νῦν
1132 1093 1188 1146 δὲ
1222 1093 1538 1162 φιλοσοφεῖς
1577 1093 1845 1162 ἀκριϐῶς,

259 1183 456 1253 ῶσπερ
483 1202 575 1247 τις
618 1188 676 1238 ἐν
722 1185 1033 1256 ’Δικαδημίᾳ
1072 1185 1325 1256 τραφεὶς,
1374 1185 1408 1256 ἢ
1451 1185 1657 1246 πλοκὰς
1689 1185 1847 1247 εἰδὼς

260 1276 461 1345 λόγων,
497 1277 594 1340 οὒς
643 1276 810 1342 αὐτὸς
846 1277 1076 1345 ἔπλεξεν
1128 1279 1156 1330 ό
1188 1278 1525 1348 Περίπατος.
1589 1276 1845 1331 Μάλιστα

258 1367 306 1419 δ’
336 1369 418 1420 ὅτι
449 1369 610 1437 μόνος
649 1368 840 1437 σχεδὸν
874 1368 942 1420 τὰ
973 1369 1210 1436 δημόσια
1250 1366 1531 1436 πράττων,
1565 1367 1662 1420 καὶ
1692 1365 1838 1420 τοῦτ’

261 1459 531 1529 ὑπάρχων
560 1460 619 1511 ὲν
681 1460 857 1527 πόλει,
895 1461 1035 1530 ὅπερ
1086 1462 1145 1514 έν
1182 1460 1402 1530 σώματι
1443 1460 1615 1530 δήπου
1671 1460 1842 1530 ψυχὴ,

260 1553 355 1604 καὶ
381 1552 520 1623 ὅπερ
547 1551 672 1613 νοῦς
706 1552 764 1602 ὲν
805 1552 996 1618 παντὶ,
1026 1553 1147 1606 οὐδὲ
1175 1554 1286 1607 τῶν
1319 1554 1653 1623 θεολογικῶν
1681 1554 1846 1623 ἄμοι-

264 1658 358 1711 ρος
387 1642 568 1709 ἐγίνου
590 1643 906 1710 δογμάτων.
942 1643 1087 1696 Ἀλλ’
1110 1643 1254 1697 οὕτω
1275 1662 1358 1699 τοι
1383 1645 1564 1708 καλῶς
1591 1646 1685 1700 καὶ
1713 1644 1844 1722 τού-

259 1752 373 1788 των
399 1735 458 1788 τδ
483 1735 736 1788 πλεῖστον
788 1735 1126 1808 ἐξήσκησας,
1190 1737 1332 1790 ὥστε
1388 1739 1600 1809 μηδένα
1642 1738 1845 1810 ῥᾳδίως

259 1828 564 1893 πιστεύειν,
591 1831 675 1882 ὅτι
709 1846 793 1881 σοι
842 1830 1101 1898 καὶπερὶ
1162 1829 1340 1883 ἄλλων
1401 1831 1594 1898 γέγονε
1657 1830 1836 1897 λόγος.

1961 641 2232 704 tempore,
2267 636 2416 706 quod
2457 637 2617 692 nobis
2638 651 2804 708 quam
2843 637 3233 696 brevissimum
3281 645 3542 699 concedi-

1955 733 2066 792 tur,
2098 726 2194 781 sed
2246 727 2408 780 etiam
2437 742 2560 781 cum
2594 735 2718 783 tuas
2762 728 3056 784 enarrandi
3089 730 3282 787 laudes
3325 735 3545 788 occasio

1953 833 2075 873 sese
2111 819 2318 885 tulerit,
2353 829 2410 875 et
2443 819 2848 874 nobilissimum
2876 833 3262 892 argumentum
3302 825 3540 880 orationi

1955 923 2090 963 meae
2127 910 2268 965 facta
2295 919 2391 965 tua
2426 913 2759 968 constituam
2798 932 2810 968 :
2847 928 2956 968 non
3011 917 3196 972 minus
3230 933 3365 972 vero
3393 928 3449 970 et
3475 934 3542 972 eo

1953 1016 2065 1071 quo
2090 1003 2158 1056 ad
2201 1018 2487 1059 sermones
2515 1006 2811 1061 concitaris
2841 1007 3047 1077 studio,
3080 1025 3218 1079 quos
3262 1010 3405 1064 inter
3451 1025 3539 1064 res

1954 1094 2222 1148 humanas
2262 1097 2692 1164 pretiosissimos
2750 1109 3052 1168 reputans,
3105 1117 3251 1158 nunc
3303 1102 3358 1156 in
3409 1118 3536 1156 ver-
3578 1168 3580 1170 τ

1951 1186 2139 1239 sandis
2186 1185 2456 1254 historiis,
2488 1199 2541 1243 et
2571 1204 2694 1259 qua:
2744 1190 2798 1243 in
2849 1191 3079 1248 aliorum
3115 1192 3540 1248 Commentariis

1949 1278 2328 1345 continentur,
2367 1295 2516 1334 nunc
2544 1291 2805 1336 accurate
2845 1282 3251 1352 philosophicis
3285 1285 3542 1353 specula—

1950 1367 2217 1433 tionibus,
2250 1370 2478 1438 perinde
2515 1357 2578 1426 ac
2604 1375 2648 1428 si
2689 1375 2745 1427 in
2801 1375 3096 1429 Academia
3147 1373 3448 1442 enutritus,
3486 1386 3544 1430 et

1949 1460 2416 1531 disputationibus
2474 1465 2727 1524 difﬁciles
2788 1469 3100 1538 explicatus
3159 1469 3536 1536 habentibus,

1946 1569 2084 1622 quas
2116 1555 2232 1624 ipse
2258 1557 2538 1626 Peripatus
2569 1560 2776 1628 plexuit
2801 1602 2815 1627 ,
2865 1562 3142 1617 exercitus
3169 1577 3355 1628 esses,
3388 1577 3536 1632 ope-

1947 1660 2062 1700 ram
2098 1662 2288 1703 navas.
2343 1648 2449 1704 Sed
2497 1651 2641 1705 inter
2691 1652 2799 1706 alia
2853 1653 3152 1723 praecipue,
3187 1653 3336 1724 quod
3384 1655 3536 1710 solus

1947 1737 2064 1794 fere
2103 1756 2191 1795 res
2239 1743 2488 1811 publicas
2537 1747 2957 1812 administrans,
2991 1756 3048 1804 et
3103 1751 3157 1804 in
3204 1750 3432 1806 civit-ate
3481 1751 3538 1806 id

1946 1847 2201 1900 Operans,
2233 1837 2378 1904 quod
2427 1837 2746 1909 incorpore
2773 1843 2980 1909 anima,
3030 1853 3086 1900 et
3135 1859 3294 1900 mens
3329 1846 3385 1900 in
3416 1847 3539 1902 uni-

258 1911 495 1990 Xﬁpsiov
536 1920 592 1972 δὲ
643 1921 726 1973 ὅτι
774 1921 882 1982 πᾶς
929 1919 1184 1972 ὁστισοῦν
1236 1920 1519 1989 θεολογίαν
1571 1920 1630 1974 εὖ
1667 1923 1831 1992 ἠσκηε

1947 1939 2174 1990 verso,a
2200 1929 2525 2000 theologicis
2555 1933 2818 2001 decretis,
2851 1937 2930 1991 uti
2960 1951 3152 1993 eorum
3177 1953 3396 2010 expers,
3422 1954 3534 1995 non

258 2015 398 2076 κὼς,
438 2014 638 2082 πεῖραν
669 2011 855 2073 διδοὺς
911 2013 1004 2064 καὶ
1041 2012 1360 2080 λαμϐάνων,
1409 2013 1597 2066 ἄπεισι
1643 2013 1845 2083 μᾶλλον

259 2105 585 2174 θαυμάζων,
632 2105 664 2176 ἢ
716 2103 1156 2172 θαυμαζόμενος’.
1219 2104 1378 2160 Οὕτω
1441 2107 1692 2175 περίεστί
1760 2125 1843 2159 σοι

257 2195 518 2267 μελέτης,
549 2196 640 2248 καὶ
671 2195 845 2250 ταῦτα
873 2196 971 2264 τῆς
998 2194 1109 2248 τῶν
1163 2193 1361 2248 κοινῶν
1403 2195 1686 2264 φροντίδος
1723 2197 1844 2264 ὲχό-

259 2306 446 2359 μενος,
478 2291 575 2344 καὶ
614 2288 650 2343 ἃ
705 2289 900 2354 σώζειν
955 2289 1132 2344 ἐθέλει
1173 2291 1275 2360 τὴν
1322 2291 1603 2360 ἡμετέραν
1651 2274 1842 2344 ἄλλοτε

257 2381 452 2450 ᾀλλαις
479 2382 675 2452 τύχαις
701 2383 804 2435 οὐκ
831 2383 938 2446 ἔξω
969 2383 1319 2452 πραγμάτων
1346 2377 1534 2449 οὖσαν,
1579 2383 1698 2436 ἀλλ’
1730 2383 1842 2435 alet

255 2474 604 2544 θνήσκουσαν
627 2474 707 2545 τῷ
735 2475 848 2528 δέει
879 2476 1009 2538 τοὺς
1051 2476 1192 2547 αὐτῇ
1251 2475 1569 2545 πολεμίους.
1633 2475 1841 2546 Χάριεν

250 2565 317 2622 δέ
365 2582 463 2620 σου
494 2568 738 2633 κάκεῖνο,
778 2568 860 2620 ὅτι
918 2567 1078 2637 μόνος
1138 2566 1303 2630 αὐτὸς
1359 2560 1471 2631 οἷός
1499 2583 1561 2619 τε
1595 2565 1671 2619 ὢν
1725 2569 1839 2628 τοῖς

249 2655 528 2725 δόγμασιν
556 2658 899 2726 ὲφιστάνειν,
958 2656 1082 2709 οὐδὲ
1122 2657 1225 2728 τὴν
1267 2657 1368 2724 σὴν
1415 2657 1548 2726 ἡμῖν
1585 2654 1839 2720 ἀπαξιοίς

249 2747 518 2820 θεωρίαν,
552 2749 688 2804 ἀλλὰ
716 2750 899 2819 λέγεις
923 2749 1024 2819 μὲν
1055 2749 1239 2815 αὐτὸς,
1285 2749 1321 2804 ἆ
1383 2765 1466 2802 σοι
1502 2749 1631 2819 περὶ
1681 2749 1837 2802 ἐνίων

249 2839 426 2904 δοκεῖ,
479 2838 702 2904 ἀκούεις
735 2841 918 2894 δὲκαὶ
973 2840 1155 2910 ήμῶν,
1187 2842 1214 2894 ὃ
1247 2859 1302 2894 τι
1350 2840 1656 2910 φρονοῦμεν
1706 2842 1837 2909 περὶ

252 2929 459 2994 αὐτῶν,
490 2927 564 2991 ὡς
596 2930 694 2998 οὐχ
731 2924 845 2981 οἷόν
875 2945 937 2982 τε
975 2927 1035 2982 ὂν
1091 2930 1192 2998 τὴν
1255 2930 1384 2999 περὶ
1438 2928 1620 2983 αὐτῶν
1675 2926 1836 2993 δόξαν

247 3021 558 3093 ιῤῥῶσθαι,
592 3023 660 3075 ἂν
690 3024 766 3094 μὴ
795 3023 890 3076 καὶ
923 3025 1037 3086 τοῖς
1064 3025 1229 3077 είδόσι
1270 3024 1446 3077 ταύτὰ
1473 3024 1626 3096 δοκῇ.
1659 3025 1834 3088 Aine;

251 3112 358 3184 μὲν
378 3111 472 3166 οὖν
505 3113 780 3183 μηδέποτε
811 3113 1055 3168 παύσαιο
1084 3114 1352 3176 τοιούτοις
1378 3115 1560 3180 συζῶν
1584 3117 1828 3185 ἀγαθοῖς,

247 3207 288 3259 ἆ
320 3221 380 3259 τε
410 3207 588 3261 οἰκεῖά
622 3223 787 3276 φασιν
815 3207 1114 3278 ἀνθρώπῳ,
1145 3210 1240 3261 καὶ
1269 3203 1351 3272 οἷς
1381 3208 1557 3262 ἐθέλει
1615 3212 1674 3263 τὸ
1724 3229 1831 3277 μα·
1860 3246 1904 3304 C

246 3297 442 3368 κάριον
466 3299 876 3366 περιγίνεσθαι.
920 3299 1116 3367 Ἡμεῖς
1148 3299 1206 3353 δὲ
1258 3299 1447 3364 διττὰς
1491 3301 1698 3365 εἰδότες
1744 3320 1828 3355 σνιι

244 3389 338 3442 διὰ
366 3389 539 3443 ταῦτα
567 3391 665 3453 τὰς
708 3393 964 3461 χάριτας,
1015 3386 1092 3446 ὧν
1126 3409 1188 3445 τε
1211 3395 1366 3464 ἡμᾶς
1397 3395 1588 3460 ἀξιοῖς,
1620 3399 1716 3452 καὶ
1753 3392 1828 3454 ὧν

241 3479 503 3534 ἐντεῦθεν
539 3485 697 3553 κοινῇ
723 3483 982 3553 χρηστῶν
1038 3484 1411 3556 ἀπολαύομεν,
1474 3491 1828 3559 περιεργότε-

243 3589 346 3646 ρον
386 3575 487 3644 μὲν
520 3577 576 3628 ἐν
603 3577 806 3641 ἄλλοις,
839 3579 935 3632 σοῦ
961 3579 1466 3652 ξυνεφαπτομένου,
1505 3583 1825 3654 θεολογήσο-

244 3685 351 3737 μεν
375 3669 585 3724 πολλῶν
615 3688 674 3724 τε
725 3671 903 3725 ἄλλων
936 3675 1066 3744 πέρι
1126 3676 1220 3729 καὶ
1277 3679 1340 3747 δὴ
1373 3680 1500 3746 περὶ
1559 3673 1619 3731 οὗ
1670 3679 1824 3746 λόγος

243 3762 380 3829 ἡμῖν
427 3762 646 3828 ἐγένετο
710 3763 1025 3834 πρότριταοκ
1058 3769 1178 3820 νυνὶ
1227 3769 1284 3821 δὲ
1320 3769 1475 3838 ὀλίγα
1531 3771 1670 3824 άττα
1721 3773 1840 3842 σὴνξ

237 3855 410 3923 χάριν
442 3859 572 3926 περὶ
600 3857 697 3926 τῆς
721 3857 816 3908 τοῦ
847 3857 1004 3924 ἁγίου
1038 3859 1361 3930 Πνεύματος
1395 3863 1624 3932 προόδου
1675 3865 1824 3933 φιλο-

239 3948 580 4014 σοφήσομεν.
631 3949 955 4012 Ἐκέλευσας
984 3950 1116 4020 γὰρ,
1180 3957 1272 4006 καὶ
1303 3955 1404 4006 οὐκ
1449 3951 1519 4025 ἦν
1575 3956 1824 4010 ἀπειθεῖν

245 4039 496 4113 τοσαύτῃ
519 4041 772 4112 δυνάμει.

1950 2017 2220 2082 abstines,
2290 2021 2387 2075 sed
2441 2021 2496 2076 in
2529 2023 2621 2078 his
2660 2025 2828 2080 etiam
2862 2027 3006 2082 adeo
3055 2037 3310 2099 prompte
3341 2030 3535 2086 sedula

1947 2110 2360 2178 exercitatione,
2389 2128 2454 2169 ea
2483 2116 2818 2175 incrementa
2851 2121 3071 2190 cepisti,
3127 2130 3191 2176 ut
3237 2137 3401 2178 nemo
3446 2123 3531 2178 fa-

1947 2199 2052 2254 cile
2093 2204 2431 2270 crediderit,
2468 2209 2714 2264 animum
2763 2212 2963 2267 studiis
3021 2213 3147 2268 aliis
3196 2216 3529 2285 applicasse.

1946 2289 2156 2346 Indicio
2188 2303 2272 2349 est
2297 2336 2313 2362 ,
2348 2299 2496 2366 quod
2544 2305 2903 2374 quicunque,
2954 2306 3013 2361 in
3058 2309 3535 2378 speculationibus

1949 2385 2269 2454 theologicis
2300 2392 2726 2461 versatissimus,
2788 2398 2920 2467 quid
2952 2401 3127 2469 possit
3160 2413 3395 2472 uterque
3437 2419 3536 2458 ve-

1945 2487 2120 2532 strum
2154 2481 2396 2538 vicissim
2419 2489 2734 2558 experiens,
2764 2491 3013 2549 abscedit
3045 2495 3325 2552 admirans
3348 2498 3533 2567 patius

1944 2568 2102 2636 ipse,
2150 2589 2314 2644 quam
2352 2581 2437 2632 sui
2489 2582 2911 2640 admirationem
2963 2587 3254 2657 injiciens,
3291 2592 3374 2646 sic
3425 2593 3525 2648 tibi

1944 2664 2326 2736 hujuscemodi
2358 2675 2773 2732 exercitationis
2806 2694 2990 2734 rerum
3025 2683 3372 2751 publicarum
3423 2701 3521 2742 cu-

1943 2757 2020 2812 ris
2073 2759 2200 2815 licet
2256 2763 2525 2834 implicito
2563 2785 2576 2822 :
2610 2779 2666 2824 et
2702 2785 2823 2840 qua:
2874 2775 3064 2843 patriae
3087 2784 3314 2845 nostrae,
3359 2780 3526 2836 variis

1938 2851 2174 2908 fortunae
2227 2859 2447 2913 casnbns
2503 2871 2559 2916 et
2597 2862 3004 2924 calamitatibus
3045 2869 3279 2925 nimium
3323 2869 3527 2930 misere

1939 2943 2122 3001 fracta:
2144 2989 2160 3012 ,
2197 2958 2253 3003 et
2285 2959 2498 3006 tantum
2538 2970 2646 3011 non
2679 2974 2792 3028 prae
2823 2961 3065 3018 hostium
3111 2967 3525 3024 imminentium

1938 3036 2045 3091 sibi
2077 3049 2223 3094 metu
2276 3047 2542 3101 continuo
2573 3052 2898 3120 exspiranti,
2933 3072 3093 3127 opem
3123 3058 3267 3115 ferre
3293 3075 3524 3131 possent

1938 3132 2376 3190 comminiscenti
2405 3176 2420 3200 ,
2473 3140 2695 3197 abunde
2727 3155 2831 3200 est.
2863 3146 3018 3206 Litas
3045 3168 3266 3225 quoque
3299 3158 3516 3227 gratiis,

1937 3221 2084 3288 quod
2123 3238 2249 3278 eum
2276 3227 2426 3282 solus
2461 3229 2577 3299 ipse
2627 3249 2817 3304 posses
2845 3221 3132 3299 edicendis
3169 3221 3526 3317 dogmatibus

1940 3328 2192 3382 pra-esse,
2227 3334 2406 3388 neque
2439 3331 2559 3379 tuas
2603 3327 2764 3386 nobis
2793 3335 3196 3402 speculationes
3224 3354 3520 3414 pet-negas.

1936 3407 2030 3461 sed
2059 3410 2317 3468 edisseris
2349 3423 2404 3468 lu
2434 3419 2656 3486 quidem
2689 3425 2758 3479 de
2799 3427 2866 3482 iis
2893 3429 3096 3498 quibus
3135 3407 3243 3488 tibi
3281 3407 3500 3494 videtur

1935 3502 2100 3564 verba
2140 3505 2385 3573 faciens,
2443 3512 2603 3567 audis
2655 3531 2785 3570 vero
2832 3528 2888 3574 et
2921 3531 3165 3578 nostram
3211 3525 3280 3583 de
3319 3529 3519 3587 iisdem

1935 3605 2300 3664 sententiam,
2341 3603 2496 3671 quasi
2533 3606 2852 3676 Opinionem
2885 3612 2954 3668 de
3008 3615 3076 3670 iis
3129 3617 3341 3676 ﬁrmam
3391 3641 3518 3682 esse

1933 3704 2041 3743 non
2077 3709 2238 3760 posse
2272 3699 2572 3766 existimes,
2608 3703 2711 3758 nisi
2758 3713 2814 3759 et
2840 3709 3110 3777 scitorum
3141 3715 3355 3772 calculo
3393 3733 3518 3775 cor-

1935 3781 2247 3837 roboretur.
2281 3785 2361 3838 Tu
2397 3787 2562 3856 igitur
2586 3806 2866 3862 nunquam
2893 3811 3018 3851 cum
3047 3799 3209 3856 bonis
3235 3803 3514 3862 similibus

1927 3873 2096 3925 vitam
2151 3879 2346 3945 agendi
2381 3879 2543 3936 linem
2584 3901 2779 3955 ponas,
2812 3903 2933 3957 qua:
2967 3895 3192 3962 propria
3241 3912 3364 3952 esse
3416 3899 3516 3955 ho-

1931 3964 2095 4020 minis
2135 3971 2448 4040 traduntur,
2479 3989 2535 4030 et
2579 3981 2780 4048 quibus
2805 3984 3036 4041 beatitas
3075 3988 3192 4058 ipsa
3228 4005 3515 4062 compara-

1930 4065 2038 4113 ιιι-ι’.
2073 4059 2184 4115 Nos
2218 4079 2382 4131 porro
2435 4067 2529 4122 tibi
2579 4071 2826 4147 duplices
2857 4059 3373 4153 gratias'agentes,
3392 4095 3510 4142 tum

233 4131 312 4186 ob
344 4146 408 4186 ea
443 4147 565 4203 qua:
596 4135 757 4190 nobis
806 4135 1056 4204 impertis
1081 4176 1096 4200 ,
1130 4145 1252 4192 tum
1303 4139 1373 4194 ob
1412 4156 1474 4195 ea
1534 4158 1653 4210 quae
1728 4144 1856 4206 inde
1896 4149 2038 4206 bona
2092 4160 2463 4214 communiter
2495 4131 2888 4239 possidemus:
2956 4131 3232 4232 curiosius
3274 4131 3509 4250 in'aliis,

237 4233 293 4250 ιιι
322 4238 478 4250 ,ιι-υ...-
514 4223 724 4250 ιη..,ι.ριι,.
786 4226 849 4250 ιιι.
881 4227 1044 4250 ..ιιι...-
1077 4229 1193 4250 -I::-
1241 4231 1421 4250 μηιιεΑ
1490 4233 1545 4250 με
1571 4235 1581 4245 -
1631 4238 1640 4246 -
1864 4240 1876 4250 .
2117 4245 2127 4250 -

237 4233 294 4278 te
321 4238 480 4293 opem
513 4223 748 4292 ferente,
783 4226 852 4280 de
881 4227 1046 4280 rebus
1075 4229 1197 4283 aliis
1237 4231 1426 4286 multis
1471 4233 1672 4290 divinis
1735 4240 2046 4297 orationem
2117 4223 2584 4319 instituemus,-et
2607 4257 2675 4313 de
2697 4276 2766 4315 eo
2809 4223 3050 4336 quoque,
3082 4223 3330 4342 deﬁt-lu;-

239 4317 487 4342 ...ἕλη-...ι
527 4334 837 4342 ---ηιληιημ
880 4323 1206 4342 --_.--I:__A_,
1283 4325 1328 4342 ιγ
2072 4340 2082 4342 μ

238 4317 489 4406 triduum
525 4334 841 4374 sermonem
875 4323 1233 4378 contulimus.
1282 4325 1445 4382 Nunc
1513 4346 1641 4385 vero
1709 4349 1883 4401 pauca
1929 4340 2178 4406 quadam
2211 4345 2265 4399 in
2306 4350 2380 4403 tui
2424 4354 2656 4420 gratiam
2689 4357 2756 4411 de
2782 4317 3241 4428 spiriius'sanct‘i

238 4420 394 4437 -z-.--
444 4414 955 4437 -LEI.,_-_L..L2...___
1046 4419 1063 4437 I
1105 4435 1116 4437 Α
1145 4436 1154 4437 κ
1301 4423 1334 4437 ,ο
1408 4426 1417 4435 ι
1507 4428 1516 4437 .
1545 4426 1556 4437 .

233 4420 397 4472 sione
438 4414 976 4488 philosophabimur.
1046 4419 1338 4490 lmperasti
1376 4426 1693 4495 siquidem,
1752 4439 2026 4504 tantisque
2063 4445 2323 4508 potestati
2370 4414 2578 4503 morem
2616 4467 2725 4506 non
2756 4414 3018 4524 gelrere:
3257 4414 3504 4522 ιξξᾎξῖ.

311 4533 380 4603 β’.
411 4534 593 4602 Τριῶν
626 4531 720 4590 οῦν
777 4537 950 4593 ὄντων
987 4543 1047 4593 ὲν
1091 4545 1207 4605 τοῖς
1269 4545 1436 4609 θείοις
1500 4551 1813 4620 προσώπων
1850 4568 1891 4623 ὓ
1923 4599 1929 4606 .
1987 4559 2042 4614 2.
2083 4560 2221 4617 Cum
2257 4565 2330 4620 ita

232 4628 382 4680 κατὰ
431 4629 530 4691 τὰς
569 4627 888 4697 θεολογικάς
922 4632 1310 4699 ὑποτυπώσεις
1362 4655 1422 4690 τε
1475 4644 1569 4693 καὶ
1623 4645 1816 4714 ἀρχὰς,

237 4719 475 4788 ιιατρὸς,
516 4719 641 4773 Υίοῦ
682 4738 744 4773 τε
798 4725 897 4777 καὶ
933 4725 1081 4779 θείου
1129 4729 1472 4798 Ηνεύματος,
1517 4735 1822 4803 ἠνωμένων

229 4810 340 4879 μὲν
373 4813 439 4880 τῇ
481 4811 662 4883 οὐσίᾳ,
699 4813 1129 4884 διακρινομένων
1157 4820 1215 4872 δὲ
1255 4827 1376 4885 ταῖς
1405 4825 1628 4896 ἰδιότησι
1686 4833 1822 4899 χρή-

230 4919 396 4974 ματι,
422 4904 664 4975 παράγει
702 4906 804 4973 μὲν
831 4908 890 4960 τὸ
919 4907 976 4960 ἓν
1004 4911 1032 4961 ὁ
1055 4911 1273 4983 Πατὴρ,
1307 4918 1622 4985 παράγεται
1667 4921 1724 4973 δὲ
1753 4923 1818 4973 τὰ

227 4995 329 5048 δύο
361 4996 488 5060 Υἱός
514 5015 575 5050 τε
597 4998 692 5051 καὶ
717 4999 942 5069 Πνεῦμα
983 5003 1162 5069 ἅγιον.
1206 5004 1345 5058 Οὔτε
1391 5012 1500 5078 γὰρ
1553 5013 1647 5079 ἀφ’
1681 5014 1810 5066 ἑαυ-

228 5089 342 5142 τῶν
374 5089 481 5142 tae:
506 5089 660 5144 ταῦτ’
689 5088 854 5157 εἶναι,
889 5093 976 5145 ἵνα
999 5095 1078 5164 μὴ
1128 5097 1388 5169 ἑτερότης
1437 5104 1648 5168 γένοιτο
1705 5109 1807 5172 φύ-

233 5199 396 5248 σεως,
443 5182 568 5235 οῦτε
600 5183 659 5250 ἐξ
694 5184 943 5254 ἀλλήλων
967 5188 1342 5256 παράγεσθαι,
1375 5188 1457 5256 οἷς
1489 5197 1623 5248 αὐτὸ
1647 5199 1808 5251 ἑαυτό

231 5291 288 5329 τι
343 5276 617 5342 παράγειν
672 5277 980 5347 ἀμήχανον.
1037 5281 1132 5332 *Ἐν
1159 5263 1253 5334 οῦν
1285 5282 1372 5338 διὰ
1445 5285 1606 5340 τοῦτο
1653 5291 1715 5343 τό
1744 5309 1809 5359 γε

232 5367 507 5435 παράγον,
538 5368 606 5421 τὰ
654 5368 712 5420 δὲ
755 5371 919 5423 λοιπά
984 5374 1368 5443 παραγόμενα.
1440 5380 1717 5450 Παράγων
1751 5385 1808 5437 δὲ

228 5460 259 5512 ὁ
296 5459 484 5533 Πατὴρ
501 5461 815 5530 πρακτικὰς
840 5463 1109 5531 δήπουθεν
1143 5467 1254 5531 ἔξει
1275 5468 1560 5540 δυνάμεις,
1591 5475 1806 5547 διακρι-

227 5552 466 5625 νομένας
493 5567 606 5614 πως
631 5554 727 5606 καὶ
758 5555 946 5619 αὑτὰς,
993 5551 1073 5620 οἷς
1101 5557 1169 5610 δι’
1195 5559 1375 5614 αὐτῶν
1410 5549 1804 5635 διακρινόμενα

225 5644 541 5712 παράγεται
570 5643 838 5714 πρόσωπα
870 5687 884 5711 ,
921 5648 1018 5716 τὴν
1045 5651 1145 5718 μὲν
1237 5651 1327 5705 τὸν
1359 5652 1504 5723 Υἰὸν,
1543 5657 1642 5727 τὴν
1669 5661 1806 5715 δἀὒ

225 5736 420 5797 πάλιν,
451 5729 484 5809 ᾗ
521 5737 764 5806 παράγει
795 5739 855 5790 τὸ
887 5740 1118 5808 Πνεῦμα
1140 5744 1199 5795 τὸ
1228 5745 1405 5813 ἆγιον,
1429 5747 1604 5818 ἀρχὰς
1635 5743 1804 5819 οὔσας

223 5846 288 5883 τε
317 5829 409 5882 καὶ
438 5830 717 5897 δυνάμεις,
770 5832 862 5884 xa‘t
896 5835 1282 5904 γονιμότητας,
1305 5836 1394 5905 αἷς
1423 5846 1562 5916 μήτε
1622 5863 1801 5917 παρα-

477 5926 750 5990 Parnm.
794 5930 910 5988 (in.
960 5929 1214 5992 CLVIII.

2335 4582 2442 4636 que
2474 4569 2528 4624 in
2561 4571 2764 4630 divinis
2807 4577 2920 4633 siut
2955 4588 3071 4637 tres
3100 4597 3372 4658 personae,
3409 4603 3502 4645 sc-

1863 4713 1876 4720 ν
1920 4655 2164 4747 eundum
2203 4657 2508 4729 theologica
2542 4664 2739 4732 placita
2768 4678 2826 4724 et
2871 4673 3166 4743 principia,
3201 4655 3402 4747 Patris,
3448 4693 3508 4738 et

1919 4744 2068 4811 Filii,
2106 4757 2163 4802 et
2193 4748 2434 4817 Spiritus
2451 4758 2651 4822 sancti,
2677 4765 2918 4817 essentia
2949 4766 3174 4834 quidem
3229 4744 3416 4837 unum,
3445 4790 3504 4829 re

1918 4853 2048 4891 vero
2088 4839 2362 4896 distincta:
2415 4849 2872 4918 proprietatibus,
2915 4871 3043 4921 una,
3091 4858 3254 4915 Pater
3301 4878 3502 4935 nempe

1916 4931 2191 4998 producit,
2233 4934 2355 4988 duae
2385 4952 2534 5000 vero,
2557 4939 2802 4998 Filiuset
2826 4945 3064 5015 Spiritus
3093 4931 3495 5019 producuntur.

1918 5020 2108 5090 Neque
2152 5025 2301 5079 enim
2351 5029 2452 5083 has
2483 5029 2522 5085 'a
2561 5035 2871 5103 semetipsis
2901 5055 3023 5094 esse
3074 5045 3396 5115 addecebat,
3427 5065 3500 5108 ne

1917 5126 2130 5173 naturae
2161 5119 2452 5178 diversitas
2505 5113 2952 5187 introduceretur
2977 5175 2993 5203 ,
3049 5153 3229 5208 neque
3275 5113 3390 5202 una
3430 5163 3499 5203 ex

1918 5211 2022 5263 alia
2057 5213 2282 5280 produci
2309 5232 2324 5281 ;
2359 5233 2526 5272 unum
2550 5221 2697 5274 enim
2721 5223 2964 5294 seipsum
3013 5232 3321 5301 producere
3353 5240 3497 5296 haud

1914 5302 2060 5369 potis
2090 5313 2193 5358 est.
2221 5305 2578 5379 Quapropter
2619 5329 2788 5369 unum
2817 5328 2900 5374 est
2929 5323 3260 5394 producens,
3293 5341 3489 5386 cetera

1917 5397 2206 5492 producta.
2231 5399 2295 5453 Et
2325 5399 2486 5457 Pater
2511 5405 2826 5474 producens
2853 5415 3211 5484 productivas
3229 5423 3488 5492 equidem

1915 5486 2204 5545 facultates
2248 5493 2490 5561 habebit,
2526 5509 2581 5553 et
2621 5499 2770 5570 ipsas
2815 5504 2960 5562 inter
2997 5525 3055 5565 se
3080 5486 3490 5580 quodammodo

1914 5578 2225 5648 distinctas,
2261 5587 2466 5653 quibus
2492 5589 2767 5649 distincta:
2807 5612 3054 5666 persona:
3083 5578 3486 5672 producuntur,

1911 5671 2141 5769 alteram
2174 5678 2415 5746 quidem,
2448 5697 2554 5752 qua
2588 5683 2808 5755 Filium,
2843 5691 3067 5746 alteram
3092 5671 3346 5761 rursum,
3376 5713 3482 5769 qua

1911 5760 2177 5832 Spiritum
2226 5782 2477 5826 sanctum
2527 5778 2820 5844 producit,
2851 5797 2974 5851 quae
3023 5785 3292 5856 principia
3330 5760 3483 5854 sunt,

1907 5866 1962 5909 et
2014 5855 2342 5926 facultates,
2396 5875 2450 5919 et
2511 5867 2912 5940 fecunditates,
2969 5889 3150 5945 neque
3204 5879 3514 5960 quippiam]

2726 6011 2854 6028 ...η
3089 5969 3166 6032 32
