4034 6426
577 381 682 441 995
1299 433 1306 440 .
1795 375 2118 437 JOANNIS
2152 374 2651 437 ARGYROPULI
3707 395 3796 464 ηπ

579 490 953 561 producentcs
982 531 996 558 ,
1032 505 1211 561 neque
1258 491 1541 562 producta:
1579 507 1593 547 :
1628 489 1681 544 id
1731 492 1877 546 enim
1932 500 2017 547 cst
2065 491 2153 562 hy.

2275 492 2507 560 γούσας,
2528 495 2668 564 μήτε
2691 492 2799 566 μὴν
2821 496 3414 568 παραγομέναςαύτάς.
3433 501 3697 577 Ἑκάτερον
3713 513 3798 584 γὰρ

578 585 812 649 postasis
839 583 1154 654 preprium;
1195 597 1300 638 non
1333 583 1478 638 enim
1508 582 1936 652 perfectionum,
1966 592 2062 639 aut
2087 584 2153 639 fa-

2271 588 2299 638 ὐ
2314 587 2631 649 ποστάσεως
2657 587 2808 655 ἴδιον,
2832 589 2892 641 οὐ
2914 588 3288 662 τελειοτήτων,
3304 595 3420 648 οὐδὲ
3439 582 3799 670 δυνάμεων.“Εν

577 676 843 729 rullalum
872 716 885 740 ,
918 691 1156 746 namque
1193 675 1311 731 haec
1347 675 1402 729 in
1431 675 1711 744 hypostasi
1767 681 1898 729 sunt
1941 684 1998 730 et
2037 691 2153 730 cum

2270 679 2567 731 ὑποστάσει
2591 679 2703 750 γὰρ
2729 679 2794 732 τὰ
2816 678 3046 734 τοιαῦτα
3070 681 3166 735 καὶ
3191 683 3354 738 ὲνύπό
3365 701 3552 746 stara.
3577 690 3799 750 Καλεϊται

579 768 858 839 hypostasi
882 812 896 833 ,
931 777 1314 838 vocanturque
1355 785 1386 823 a
1421 769 1691 840 theologis
1719 811 1732 835 ,
1764 768 1880 825 hac
1936 783 2153 837 generat

2267 766 2322 818 δὲ
2347 767 2481 837 πρὸς
2501 767 2612 820 τῶν
2633 768 3030 837 θεολογούντων
3059 773 3286 844 αὐτῶνὴ
3303 778 3405 844 μέν
3425 793 3506 840 τις
3529 786 3798 856 γεννητική,

578 861 710 925 tiva,
753 859 838 913 illa
875 861 1200 929 productiva
1233 861 1501 927 facultas,
1549 868 1887 932 quaprOpter
1929 869 1984 914 et
2033 875 2153 929 pro-

2268 860 2302 928 ἡ
2331 859 2376 911 δ’
2399 855 2468 929 ἦν
2499 860 2847 934 προϐλητικὴ
2881 862 3136 933 δύναμις.
3189 867 3278 930 Διὸ
3312 867 3404 920 καὶ
3445 870 3550 937 τῶν
3590 855 3798 941 παραγο-

576 953 872 1006 duetorum
913 954 1002 1007 hic
1065 954 1290 1024 quidem
1345 953 1489 1010 fetus
1538 964 1592 1008 et
1628 951 1856 1015 Filius,
1891 953 1980 1006 ille
2033 967 2153 1021 pro-

2272 954 2448 1022 μένων
2480 954 2539 1006 τὸ
2577 956 2677 1025 μὲν
2713 956 2962 1029 γέννημα
3012 959 3106 1011 καὶ
3164 959 3314 1028 Υἱὸς,
3363 963 3421 1014 τὸ
3445 963 3502 1024 δὲ
3552 965 3799 1036 πρόϐλημα

575 1045 764 1122 ductio
797 1053 851 1099 et
903 1046 1143 1115 Spiritus
1174 1058 1550 1116 nuncupatur.
1600 1044 1832 1116 Oportet
1862 1044 2008 1098 enim
2055 1059 2117 1098 ca
2147 1084 2153 1110 ε

2267 1046 2360 1097 καὶ
2393 1044 2615 1116 Πνεῦμα
2650 1049 3142 1117 προσαγορεύεται.
3167 1054 3258 1112 Δεῖ
3288 1053 3398 1122 γὰρ
3424 1054 3490 1114 τὰ
3518 1058 3578 1106 ὲκ
3601 1056 3696 1109 τῶν
3725 1059 3804 1130 ἀρ-

574 1118 694 1206 qute
726 1152 794 1190 ex
822 1138 1115 1208 principiis
1141 1150 1290 1200 sunt.
1324 1141 1377 1193 in
1420 1141 1486 1196 iis
1512 1156 1633 1209 quae
1662 1140 1911 1210 ejusdem
1944 1139 2153 1209 generis

2268 1137 2378 1204 χῶν
2410 1138 2467 1188 ὲν
2507 1141 2616 1200 τοῖς
2642 1138 2736 1192 τοῦ
2767 1139 2936 1193 αὐτοῦ
2970 1142 3146 1212 εἴδους
3173 1145 3294 1213 ταῖς
3331 1147 3482 1213 σφῶν
3517 1148 3681 1202 αὐτῶν
3709 1169 3801 1215 πως

577 1240 726 1294 sunt,
771 1231 1012 1299 propriis
1049 1232 1165 1285 suis
1207 1231 1496 1301 principiis
1541 1248 1652 1287 non
1693 1232 1981 1286 dissimilia
2013 1247 2153 1298 esse,

2269 1229 2461 1297 ἀρχαῖς
2492 1230 2754 1295 ἐοικέναι,
2818 1234 2913 1286 καὶ
2965 1235 3025 1300 ἐξ
3088 1237 3318 1292 ἐκείνων
3377 1239 3523 1308 ἔχειν
3570 1243 3654 1294 καὶ
3707 1243 3803 1296 τού-

571 1331 627 1374 et
654 1336 724 1374 ex
758 1321 825 1375 iis
852 1337 1071 1391 quoque
1095 1322 1197 1376 sibi
1229 1337 1430 1377 nomen
1463 1324 1753 1378 asciscere.
2268 1340 2428 1392 νομα.

645 1459 699 1512 5.
741 1457 880 1512 Cum
915 1474 1046 1512 vero
1093 1460 1485 1528 productorum
1532 1469 1830 1529 utrumque
1869 1477 1936 1515 ex
1971 1477 2162 1516 essen—

575 1549 651 1602 tia
676 1547 892 1604 dicatur
913 1550 1115 1615 Patris,
1142 1552 1255 1620 ipsa
1293 1562 1476 1605 autem
1507 1566 1684 1620 neque
1711 1563 1957 1621 generat.
1983 1568 2164 1622 neque

573 1649 871 1706 generatur
895 1678 911 1706 ,
947 1654 1128 1708 neque
1161 1638 1327 1695 etiam
1364 1639 1638 1708 producit,
1676 1656 1852 1709 neque
1900 1642 2153 1710 produci-

2268 1641 2395 1694 οὔτε
2428 1645 2713 1712 γεννᾶται,
2744 1646 2867 1699 οὔτε
2902 1648 3010 1718 μὴν
3043 1651 3372 1720 προϐάλλει,
3433 1655 3556 1706 οὔτε
3613 1658 3805 1725 προϐάλ-

575 1742 704 1796 tur,
757 1740 817 1789 ut
863 1731 1104 1800 theologi
1161 1731 1428 1796 tradunt,
1459 1745 1689 1786 necesse
1734 1741 1820 1787 est
1865 1735 2153 1788 essentiam

2268 1737 2439 1800 λεται,
2478 1739 2737 1810 καθάπερ
2770 1742 2818 1793 οἱ
2862 1741 3243 1811 θεολογοῦντές
3273 1763 3462 1814 φασιν,
3510 1749 3707 1818 ἀνάγκη
3731 1750 3806 1818 τὴν

572 1824 858 1878 amborum
892 1824 1230 1894 principium
1269 1840 1394 1880 esse
1422 1824 1558 1890 tale,
1607 1842 1718 1895 quo
1749 1827 1911 1884 Pater
1944 1837 2153 1881 utrum-

2269 1833 2460 1885 οὐσίαν
2484 1833 2659 1903 ἀρχὴν
2685 1835 2965 1902 ἑκατέρων
2995 1833 3136 1890 εἶναι
3201 1840 3487 1910 τοιαύτην,
3606 1844 3808 1913 παράγει

571 1931 678 1983 que
712 1915 1000 1986 producat,
1062 1917 1257 1976 Filium
1301 1928 1355 1972 et
1405 1917 1670 1986 Spiritum
1715 1928 1992 1982 sanctum,
2035 1935 2153 1974 cum

2271 1924 2460 1995 Πατὴρ
2493 1926 2778 1997 ἑκάτερον,
2808 1927 2938 1980 Υῐόν
2959 1946 3016 1981 τε
3048 1931 3143 1982 καὶ
3175 1930 3405 2001 Πνεῦμα
3435 1934 3604 2001 ἅγιον.
3635 1936 3806 1998 Ἀλλως

569 2004 704 2060 alias
733 2004 980 2074 ejusdem
1022 2007 1279 2062 essentia:
1313 2007 1422 2062 sint
1471 2022 1595 2061 cum
1642 2008 1984 2077 producente
2036 2025 2153 2078 pro-

2265 2033 2325 2068 τε
2358 2017 2575 2088 καὶτῆς
2609 2019 2786 2088 αὐτῆς
2811 2020 3003 2084 οὐσίας
3055 2023 3208 2090 ὄντα,
3249 2025 3319 2077 τά
3353 2042 3413 2077 τε
3479 2027 3802 2095 παραγόμενα

569 2095 756 2160 ducta,
781 2105 836 2149 et
861 2096 1007 2160 inter
1036 2112 1096 2166 se
1127 2098 1396 2166 producta
1422 2115 1531 2155 non
1555 2097 1852 2154 οἱίοἰιιοιιο
1867 2103 2153 2169 exsistant,

2264 2110 2341 2178 τῷ
2370 2111 2702 2180 παράγοντι,
2764 2116 2859 2166 καὶ
2891 2114 3144 2183 ἀλλήλοις
3201 2118 3270 2168 τὰ
3301 2118 3675 2187 παραγόμενοι,
3724 2119 3801 2172 οὐκ

566 2200 732 2254 quam
773 2201 842 2256 ex
877 2187 1056 2255 Patris
1085 2188 1326 2244 essentia
1369 2189 1537 2242 veluti
1582 2191 1856 2260 principio
1902 2201 1957 2246 et
1990 2191 2153 2247 facul-

2266 2202 2331 2256 ἂν
2355 2203 2532 2268 ἄλλως
2559 2200 2667 2258 εἷεν
2691 2205 2720 2274 ἢ
2743 2193 2803 2258 ἐκ
2832 2207 2930 2276 τῆς
2961 2209 3054 2260 τοῦ
3087 2209 3298 2280 Πατρὸς
3332 2211 3542 2273 οὐσίας,
3569 2211 3640 2273 ὡς
3666 2213 3807 2280 ἀρχῆς

568 2288 703 2342 tate,
735 2294 855 2346 quae
880 2294 1058 2348 neque
1088 2279 1364 2348 producit,
1392 2297 1570 2351 neque
1599 2284 1948 2351 producitur,
1979 2302 2153 2357 neque

2267 2294 2361 2347 καὶ
2377 2295 2738 2369 δυνάμεως,ἢ
2770 2298 2895 2351 οὐτε
2922 2301 3185 2370 παράγει,
3211 2279 3337 2352 οὒτε
3374 2279 3802 2370 ’παράγεταιιξοίιτ1

567 2368 621 2422 in
656 2384 742 2433 ca,
783 2385 906 2436 qum
937 2385 1000 2423 ex
1033 2369 1221 2440 aliquo
1261 2381 1366 2436 est,
1412 2389 1592 2442 neque
1620 2373 1674 2428 in
1711 2390 1783 2428 ea
1806 2392 1927 2444 qua:
1958 2377 2024 2430 ad
2062 2378 2153 2432 ali-

2255 2387 2322 2438 ἐν
2341 2387 2420 2458 τῷ
2445 2388 2503 2454 ἐξ
2528 2387 2612 2453 οὗ,
2643 2368 2756 2440 οὒτ’
2784 2391 2840 2442 ὲν
2858 2390 2935 2461 τῷ
2957 2368 3093 2462 πρὸς
3119 2390 3178 2445 ὃν
3206 2391 3339 2462 ὅρῳ,
3364 2394 3422 2444 ἐν
3451 2368 3713 2462 τῷΠατρὶ
3734 2393 3807 2461 δη·

566 2461 706 2532 quid
742 2461 1064 2518 definitione
1094 2471 1198 2525 est,
1233 2479 1359 2518 cum
1394 2467 1447 2520 in
1480 2467 1641 2522 Patre
1665 2469 1881 2524 scilicet
1911 2473 2153 2539 exsistat,

2263 2479 2396 2549 λαδὴ
2427 2478 2560 2532 οὖσα
2591 2483 2687 2533 καὶ
2718 2484 2776 2534 ὲν
2812 2482 2949 2552 rio,
2997 2461 3092 2536 sui
3160 2461 3247 2553 τῷ
3281 2461 3585 2554 Πνεῦματι,
3635 2461 3716 2537 καὶ
3747 2487 3804 2556 ὡς

565 2561 622 2607 et
669 2555 726 2628 in
748 2553 910 2621 Filio,
955 2555 1096 2610 etin
1127 2556 1361 2626 Spiritu,
1403 2566 1461 2614 et
1501 2559 1673 2616 veluﬁ
1711 2562 2071 2633 principi-um,
2103 2575 2153 2621 et

2262 2575 2407 2646 ἁρχὴ
2443 2577 2538 2628 καὶ
2563 2576 2638 2640 ὡς
2670 2569 2811 2641 εἶδος
2857 2579 2919 2630 τό
2949 2595 3013 2646 γε
3040 2578 3342 2650 διδόμενον.
3396 2553 3557 2633 Ἀ).λά
3589 2581 3685 2650 μὴν
3730 2553 3803 2648 τίς

2340 1472 2410 1522 γ-
2450 1456 2604 1511 Ἐπεὶ
2624 1459 2682 1512 δὲ
2727 1463 2840 1513 τοῖν
2893 1465 3301 1534 παραγομένων
3339 1469 3600 1538 ἑκάτερον
3650 1473 3704 1524 ἐκ
3730 1471 3806 1541 τῆς

2268 1551 2459 1614 οὐσίας
2506 1552 2726 1620 λέγεται
2757 1553 2851 1608 τοῦ
2885 1557 3121 1626 Πατρὺς,
3175 1560 3315 1631 αὐτὴ
3371 1563 3430 1614 δὲ
3497 1562 3616 1616 οὕτε
3655 1567 3802 1636 γεννᾷ,

565 2645 737 2716 veluti
768 2647 1003 2716 species,
1041 2648 1096 2702 in
1131 2661 1397 2719 quantum
1425 2651 1742 2708 exhibetur.
1771 2655 2158 2714 Verumtamen

564 2737 743 2794 Patris
773 2737 1083 2809 hypostasis
1121 2755 1228 2795 una
1263 2752 1318 2798 et
1345 2743 1561 2803 eadem.
1590 2759 1713 2797 cum
1747 2761 2008 2813 personas
2031 2763 2159 2816 pro-

562 2831 756 2897 ducit,
810 2846 1114 2902 rursusque
1153 2833 1396 2888 essentia
1441 2851 1611 2894 unum
1661 2847 1716 2890 et
1750 2838 1892 2891 idem
1944 2839 2156 2907 princi-

562 2922 714 2991 pium
764 2932 818 2978 et
864 2923 1135 2991 facultas,
1201 2927 1312 2996 ipsa
1351 2931 1620 3000 producta
1671 2931 1849 2984 modis
1897 2932 2158 2990 omnibus

559 3014 754 3069 eadem
789 3027 1016 3083 essent;
1047 3020 1154 3073 imo
1185 3035 1352 3073 unum
1376 3019 1637 3089 equidem
1669 3021 1830 3090 plane
1859 3032 2004 3078 esset
2029 3038 2157 3092 pcr—

561 3123 694 3162 sona
729 3109 1019 3181 producta,
1053 3112 1160 3168 nisi
1199 3111 1458 3168 essentne
1501 3120 1557 3166 et
1591 3111 1698 3165 alia
1727 3111 1978 3182 quaedam
2013 3115 2157 3167 ines-

558 3208 722 3262 sent,
773 3215 873 3272 per
931 3217 1054 3268 quae
1112 3203 1521 3270 quodammodo
1569 3205 1861 3266 facultates
1921 3207 2220 3267 diversrec

562 3273 790 3355 fierent,
827 3290 1032 3358 quibus
1082 3291 1253 3354 Filius
1284 3302 1341 3346 et
1377 3293 1617 3363 Spiritus
1649 3299 2052 3363 producuntur.
2087 3297 2154 3352 Et

561 3381 678 3433 haec
727 3379 935 3444 fuerint
983 3381 1300 3439 intellectus
1344 3393 1400 3438 et
1452 3385 1704 3444 voluntas
1734 3425 1749 3450 ,
1797 3387 1887 3442 illa
1932 3389 2154 3458 quidem

559 3472 725 3526 simul
756 3489 878 3528 cum
899 3475 1139 3528 essentia
1173 3477 1502 3548 principium
1529 3490 1583 3534 et
1602 3479 1833 3535 facultas
1858 3482 2154 3548 exsistcns,

560 3583 660 3635 per
690 3568 967 3621 actionem
1024 3570 1400 3638 generationis
1451 3571 1776 3641 productiva
1825 3574 1988 3638 Filii,
2024 3591 2154 3644 pro-

559 3669 860 3728 ptereaque
892 3659 1135 3714 Verbum
1177 3660 1269 3716 Dei
1314 3660 1546 3729 Filiusa
1597 3666 1910 3737 theologico
1945 3669 2154 3722 tonitru

560 3741 936 3820 nuncupatur.
988 3751 1152 3806 Fetus
1203 3753 1349 3807 enim
1395 3754 1710 3810 intellectus
1756 3767 1841 3810 εει
1889 3757 2150 3812 Verbum.

558 3843 826 3898 Voluntas
861 3861 992 3899 vero
1019 3846 1184 3899 simul
1223 3862 1349 3900 cum
1397 3847 1514 3918 ipsa
1546 3851 1786 3904 essentia
1814 3850 2150 3921 principium

557 3944 613 3987 ct
646 3934 877 3989 facultas
904 3936 1178 3990 exsistens
1207 3952 1304 4006 per
1335 3940 1715 4006 operationem
1743 3942 2148 4011 productionis,

558 4026 686 4080 sive-
737 4027 1055 4094 spirationis
1123 4029 1447 4098 productiva
1519 4033 1834 4102 hypostasis
1907 4035 2150 4105 Spiritus

557 4121 754 4184 sancti,
789 4135 900 4174 non
937 4130 996 4176 ut
1024 4122 1645 4195 principiumliberum,
1681 4129 1777 4182 sed
1809 4138 1868 4184 ut
1897 4147 2150 4187 necessa-

559 4215 704 4266 rium
745 4225 798 4268 et
830 4215 1098 4270 naturalis
1129 4213 1377 4284 quaedam
1430 4218 1662 4276 facultas
1693 4232 1748 4276 et
1788 4225 2146 4295 principium,

556 4313 959 4376 praptereaquc
1030 4322 1062 4361 a
1109 4308 1377 4379 theologis
1430 4327 1584 4366 amor
1631 4314 1852 4369 divinus
1906 4315 2148 4386 Spiritus

556 4395 884 4464 appellatur.
920 4399 1107 4454 Virtus
1159 4402 1307 4455 enim
1360 4405 1563 4460 amoris
1620 4407 1874 4464 voluntas
1922 4421 2026 4466 est.
2078 4410 2147 4470 Et

555 4489 699 4542 dicta
743 4491 861 4544 haec
894 4501 1082 4546 nostra
1140 4502 1197 4548 et
1232 4495 1610 4566 theologorum
1662 4499 1860 4568 placita
1911 4515 2144 4556 concor-

555 4581 702 4636 diter
747 4583 890 4646 iuter
930 4601 990 4640 se
1034 4589 1598 4660 congruuntyNeque
1643 4591 1731 4678 his
1779 4593 1960 4648 minus
2007 4609 2144 4649 con-
2184 4567 2223 4620 θ

555 4680 786 4732 veniunt
837 4681 1016 4735 sancti
1067 4680 1360 4752 Augustini
1412 4683 1562 4738 dicta
1619 4684 1676 4738 in
1735 4686 2019 4742 volumine
2078 4688 2144 4742 de

559 4759 853 4836 Trinitate,
905 4773 964 4827 in
1011 4775 1219 4844 quibus
1263 4779 1586 4834 memoriam
1640 4779 1865 4850 quidem
1913 4795 2144 4850 genera-

557 4862 723 4918 tivam
744 4903 760 4928 ,
792 4865 1133 4922 voluntatem
1169 4884 1300 4924 vero
1329 4873 1650 4941 spirativam
1693 4875 1914 4928 vocavit
1964 4875 2138 4928 facul-

554 4961 744 5010 tatem.

625 5086 682 5143 4.
724 5087 1074 5170 Manifestum
1106 5096 1296 5169 itaque
1321 5091 1404 5164 est
1453 5117 1518 5156 ex
1546 5102 1731 5171 dictis,
1768 5104 1988 5166 Patrem
2020 5107 2142 5164 fon-

557 5190 666 5234 tem
694 5197 814 5237 esse
843 5185 1096 5266 Deitatis,
1119 5201 1175 5245 et
1205 5192 1376 5248 solam
1401 5209 1647 5263 causam,
1688 5209 1744 5252 et
1769 5200 1942 5254 solam
1975 5202 2144 5273 origi-

555 5286 682 5325 nem
715 5278 1261 5352 supersuhstantialis
1291 5281 1605 5346 Divinitatis
1628 5330 1644 5354 ,
1682 5298 1737 5343 et
1762 5291 1941 5346 solum
1989 5295 2145 5363 geni-

559 5374 732 5420 torem
796 5361 964 5423 SEmul
1021 5381 1077 5425 et
1139 5375 1567 5458 productorem,
1623 5391 1677 5437 et
1739 5385 1884 5453 alia,
1943 5361 2145 5458 quibus

555 5456 732 5527 ipsum
762 5462 1143 5534 theologorum
1187 5456 1376 5522 schola
1408 5471 1735 5530 cohonestat
1762 5494 1777 5545 ;
1818 5495 1930 5540 non
1959 5456 2143 5536 solum

555 5554 701 5620 quod
748 5556 860 5625 jam
920 5559 1096 5616 dictas
1145 5560 1437 5618 facultates
1477 5578 1642 5638 atque
1690 5570 2062 5634 fecunditates
2111 5591 2144 5630 a

555 5646 773 5701 nemine
817 5649 1049 5718 habeat,
1093 5655 1185 5707 sed
1216 5654 1362 5724 quod
1412 5656 1706 5728 ipsesolus
1749 5665 2039 5720 sit.solum
2085 5665 2140 5720 in

554 5733 753 5789 divinis
788 5742 1120 5805 producens.
1161 5744 1279 5814 Ipse
1316 5750 1520 5805 etenim
1565 5751 1720 5807 solus
1750 5762 1856 5818 est,
1887 5757 1983 5824 qui
2028 5756 2142 5827 jam

555 5820 709 5880 dictis
762 5828 1108 5888 facultatibus
1141 5838 1306 5892 veluti
1363 5840 1485 5897 fons
1543 5853 1597 5897 et
1647 5820 2045 5916 principium,-
2086 5865 2140 5906 et

2261 2667 2356 2718 τοῦ
2412 2668 2629 2738 Πατρὸς
2662 2669 3017 2735 ὑποστάσεως
3043 2672 3142 2740 τῆς
3174 2673 3347 2743 αὐτῆς
3380 2672 3571 2743 οὐσης,
3595 2675 3673 2728 ὅτε
3697 2691 3803 2744 παρ-

2263 2757 2477 2823 ἀγειτά
2501 2761 2789 2828 πρόσωπα,
2824 2762 2920 2815 καὶ
2947 2763 3048 2830 τῆς
3076 2765 3267 2828 οὐσίας
3305 2767 3440 2834 μιᾶς
3479 2768 3573 2818 καὶ
3617 2766 3705 2834 τῆς
3730 2749 3804 2815 αὗιί

2259 2855 2358 2922 τῆς
2395 2852 2461 2909 αὖ
2485 2855 2648 2910 πάλιν
2676 2857 2848 2928 οὐσης
2876 2859 3051 2930 ἀρχῆς
3080 2860 3172 2915 καὶ
3201 2859 3512 2932 δυνάμεως,
3544 2863 3608 2915 τὰ
3659 2877 3798 2930 παρα·

2261 2948 2471 3015 γόμενα
2491 2949 2558 3001 τὰ
2590 2953 2730 3004 αὐτὰ
2754 2950 2819 3005 ἂν
2843 2947 2909 3022 ἦν
2941 2952 3122 3022 πάντη
3153 2954 3399 3017 πάντως.
3431 2955 3646 3008 Μᾶλλον
3672 2954 3721 3008 δὲ
3758 2951 3802 3004 ἓν

2259 3042 2325 3093 ἂν
2354 3037 2422 3112 ἦν
2458 3043 2536 3112 τῷ
2561 3043 2676 3096 ὄντι
2697 3045 2757 3097 τὸ
2786 3047 3172 3117 παραγόμενον
3209 3049 3532 3118 πρόσωπον,
3582 3049 3626 3102 εί
3658 3049 3725 3119 μὴ
3752 3049 3802 3122 τῇ

2259 3133 2417 3204 οὐσίᾳ
2490 3134 2586 3188 καὶ
2631 3135 2748 3189 ἀλλ’
2776 3137 2914 3191 ἄττα
2962 3137 3154 3206 ξυνῆν.
3214 3139 3284 3192 δι’
3322 3135 3400 3194 ὧν
3436 3140 3673 3210 διάφοροί
3711 3155 3806 3200 πως
3872 3155 3877 3162 ’

2257 3226 2487 3294 γένοιντ’
2517 3228 2584 3282 ἂν
2607 3231 2665 3281 αἱ
2687 3229 2972 3300 δυνάμεις,
3019 3226 3108 3295 αἷς
3140 3231 3270 3298 Υἱὸς
3303 3238 3396 3288 καὶ
3437 3236 3653 3306 Πνεῦμα
3689 3250 3804 3302 παρ·
3877 3259 3879 3262 ί

2263 3323 2474 3390 άγεται.
2508 3323 2588 3375 T‘z
2616 3323 2672 3376 δὲ
2698 3323 2806 3393 ἄρα
2837 3326 2961 3389 νοῦς
2983 3325 3050 3378 ἂν
3076 3323 3188 3380 εἷεν
3219 3329 3315 3380 καὶ
3342 3329 3623 3400 βούλησις,
3674 3329 3698 3380 ό
3724 3327 3803 3398 μὲν

2261 3417 2377 3484 ἅμα
2409 3415 2671 3489 τῇ¹οὐσίᾳ
2731 3417 2874 3489 ἀρχὴ
2923 3419 3018 3474 καὶ
3076 3421 3309 3494 δύναμις
3355 3422 3430 3476 ὢν
3485 3420 3803 3493 δι’ἑνεργείςις

2258 3509 2360 3576 τῆς
2384 3514 2716 3580 γεννήσεως,
2751 3512 3070 3584 παρακτικὴ
3099 3513 3195 3566 τοῦ
3228 3515 3387 3568 Υίοῦ·
3417 3516 3504 3569 διὸ
3535 3517 3624 3568 καὶ
3658 3515 3802 3582 Λόγος

2255 3604 2283 3654 ό
2305 3601 2400 3655 τοῦ
2431 3601 2567 3655 Θεοῦ
2593 3603 2725 3668 Υἱὸς
2767 3604 2875 3658 ὑπὸ
2912 3606 3010 3676 τῆς
3041 3607 3297 3677 Θεολόγου
3352 3609 3586 3680 βροντῆς
3621 3608 3804 3680 ὠνόμα-

2260 3710 2404 3747 σται·
2431 3694 2527 3748 νοῦ
2562 3695 2669 3766 γὰρ
2703 3697 2958 3767 γέννημα
2988 3698 3170 3766 λόγος’
3222 3702 3255 3772 ἡ
3307 3701 3350 3754 δ’
3387 3702 3457 3755 αὖ
3509 3703 3711 3772 σύναμα
3749 3701 3802 3769 τῇ

2256 3786 2394 3856 αὐτῇ
2423 3786 2582 3857 οὐσίᾳ
2618 3789 2652 3860 ἡ
2689 3788 2964 3860 βούλησις,
2993 3792 3138 3864 ἀρχὴ
3181 3795 3276 3846 καὶ
3315 3793 3546 3868 δύναμις
3584 3791 3707 3849 οὖσα
3749 3790 3803 3845 δι’

2257 3877 2559 3948 ἐνεργείας
2589 3881 2690 3949 τῆς
2743 3881 3038 3953 προϐολῆς,
3091 3883 3124 3953 ἢ
3182 3884 3461 3953 πνεύσεως
3499 3881 3800 3954 παρακτικὴ,

2251 3971 2355 4040 τῆς
2385 3972 2482 4025 τοῦ
2516 3971 2676 4041 ἁγίου
2709 3973 3030 4044 Πνεύματος
3066 3974 3448 4045 ὑποστάσεως,
3503 3978 3596 4047 οὐχ
3636 3980 3703 4039 ὡς
3725 3976 3801 4046 ἀρ·

2342 4064 2718 4132 αὐτεξούσιος,
2765 4066 2881 4119 ἀλλ’
2909 4066 2983 4131 ὡς
3025 4070 3302 4137 ἀναγκαία
3357 4074 3451 4124 καὶ
3509 4070 3701 4141 φυσική
3735 4081 3800 4132 τις
3825 4085 3840 4092 ί

2251 4154 2483 4225 δύναμις
2545 4158 2638 4208 καὶ
2694 4157 2836 4226 ἀρχή
2871 4173 2884 4187 ’
2924 4158 3005 4211 διὸ
3063 4160 3204 4229 πρὸς
3279 4161 3390 4212 τῶν
3442 4160 3796 4228 θεολογούντων

2251 4249 2442 4316 ἀγάπη
2483 4245 2546 4300 τὸ
2576 4247 2718 4300 θεῖον
2754 4249 3018 4317 κέκληται
3050 4249 3296 4320 Πνεῦμα.
3328 4253 3440 4322 Τῆς
3482 4256 3586 4324 γὰρ
3611 4254 3824 4330 ἀγάπηςε

2251 4339 2285 4408 ή
2320 4338 2551 4409 δύναμις
2603 4339 2884 4409 βούλησις.
2927 4339 3154 4413 Ξύνᾴδει
3195 4343 3250 4396 δὲ
3294 4344 3362 4398 τὰ
3402 4344 3662 4415 λεγόμενα
3701 4344 3814 4404 ταῖς·

2254 4431 2358 4474 τῶν
2390 4431 2790 4474 θεαὶονηύυτοιιυ
2820 4436 3028 4474 mum/1?.-
3076 4436 3173 4474 m'w
3199 4432 3364 4474 hum.
3386 4437 3442 4474 δὲ
3475 4441 3583 4474 η-ηῗο
3607 4369 3824 4474 εἶηνιηέ-ὶ

2254 4431 2358 4484 τῶν
2390 4431 2790 4500 θεολογούντων
2820 4436 3050 4502 φωναῖς,
3076 4436 3174 4507 οὐχ
3199 4432 3364 4508 ἦττον
3386 4437 3443 4490 δὲ
3475 4441 3583 4502 τοῖς
3606 4431 3822 4508 εἰρημὲΛ

2255 4539 2365 4586 νοις
2397 4523 2503 4576 ὑπὸ
2535 4523 2628 4577 τοῦ
2667 4524 2814 4594 ἱεροῦ
2843 4527 3214 4595 Αὐγουστίνου
3267 4531 3327 4582 ἐν
3379 4530 3458 4602 τῷ
3500 4532 3634 4602 Περὶ
3663 4527 3790 4598 Τριά-

2249 4610 2357 4676 δος
2385 4611 2600 4682 βιϐλίῳ,
2631 4615 2688 4665 ὲν
2714 4609 2798 4676 οἷς
2843 4615 2935 4670 καὶ
2975 4619 3203 4689 μνήμην
3263 4619 3366 4688 μὲν
3427 4621 3526 4692 τὴν
3579 4635 3792 4691 γεννητι-

2251 4703 2374 4774 κὴν,
2419 4705 2676 4777 βούλησιν
2734 4707 2790 4761 δὲ
2856 4709 2955 4780 τὴν
3030 4713 3370 4784 πνευστικὴν
3436 4716 3653 4770 ἐκάλεσε
3714 4711 3789 4768 δύ·

2251 4817 2436 4869 ναμιν.

2321 5115 2382 5167 δ’.
2413 5117 2654 5187 Φανερὺν
2687 5113 2778 5172 οὖν
2818 5121 2882 5174 ὲκ
2922 5118 3030 5174 τῶν
3057 5123 3384 5193 εἰρημένων,
3437 5127 3524 5182 ὅτι
3569 5129 3596 5181 ό
3629 5119 3786 5194 Πατὴρ

2257 5208 2465 5277 πηγαία
2495 5209 2707 5281 θεότης,
2755 5215 2855 5266 καὶ
2909 5215 3073 5285 μόνον
3103 5218 3296 5282 αίτιος,
3346 5222 3441 5276 καὶ
3486 5221 3628 5291 πηγὴ
3674 5217 3785 5288 μόνη

2248 5299 2346 5370 τῆς
2377 5301 2706 5370 ὐπερουσίου
2733 5305 3018 5376 θεότητος,
3052 5310 3147 5362 uel.
3181 5314 3344 5380 μόνος
3384 5315 3648 5382 γεννήτωρ
3691 5309 3782 5376 ἅμα

2250 5393 2343 5446 καὶ
2379 5395 2704 5464 προὸολεὺς,
2738 5399 2838 5453 ὅσα
2871 5401 2920 5453 τ’
2950 5401 3090 5455 ἄλλα
3119 5405 3255 5474 πρὸς
3296 5406 3404 5460 τῶν
3432 5403 3783 5473 Θεολογούντων
3821 5479 3824 5482 Ι

2248 5484 2590 5556 ὠνόμασται,
2617 5491 2679 5543 οὐ
2719 5493 2882 5561 μόνον
2916 5493 2993 5560 τῷ
3035 5499 3187 5566 παρὰ
3239 5498 3468 5568 μηδενὸς
3521 5498 3655 5566 ἔχειν
3696 5491 3779 5552 τὰς

2249 5580 2552 5647 εἰρημένας
2589 5581 2850 5654 δυνάμεις
2886 5587 2979 5638 καὶ
3012 5590 3395 5659 γονιμότητας,
3446 5590 3576 5644 ἀλλὰ
3608 5588 3690 5640 καὶ
3718 5582 3780 5654 τῷ

2254 5671 2414 5737 μόνον
2443 5675 2593 5745 αὐτῷ
2628 5678 2686 5729 ὲν
2721 5679 2833 5740 τοῖς
2867 5677 3036 5743 θείοις
3060 5675 3201 5734 εἴναι
3237 5683 3327 5734 τὸν
3355 5684 3511 5752 μόνον
3539 5680 3778 5749 παρὲγον·

2246 5777 2339 5814 τα.
2375 5763 2551 5827 Αὐτὸς
2583 5766 2694 5836 γὰρ
2732 5767 2895 5836 μόνος
2920 5769 3070 5822 ἐστὶν
3100 5771 3128 5822 ὁ
3159 5773 3426 5843 παράγων
3449 5773 3560 5834 ταῖς
3588 5762 3778 5839 εξρημέσ

2251 5868 2369 5914 ναις
2395 5852 2711 5924 δυνάμεσιν,
2755 5858 2828 5922 ὡς
2857 5861 3011 5932 πηγὴ
3040 5863 3132 5916 καὶ
3165 5865 3309 5934 ἁρχὴ
3361 5869 3454 5918 καὶ
3483 5862 3638 5927 αἰτία,
3689 5853 3764 5908 κιὶ

3014 5966 3047 5992 δ
