4034 6454
318 431 445 495 99⁸1

1258 430 1357 491 DE
1396 426 1923 490 PROCESSIONE
1951 425 2313 490 SPIRITUS
2352 429 2637 491 SANCTI.

3392 423 3605 491 1‘998

319 544 359 597 ὅ
397 556 453 595 τι
477 535 543 595 ἃν
567 540 711 594 ετποι
740 558 823 607 τις
848 541 957 597 τῶν
983 540 1206 614 ἁμοίων.
1243 541 1481 611 Φανερὸν
1523 539 1579 594 δὲ
1609 539 1707 594 καὶ
1734 539 1815 593 ὅτι
1860 541 1915 595 αἱ

2023 553 2210 606 causa,
2246 550 2303 596 et
2336 539 2604 612 quidquid
2631 538 2782 594 aliud
2818 538 2872 593 iu
2900 552 2957 593 re
2984 546 3130 593 tanta
3162 553 3225 593 ac
3250 536 3412 592 simili
3459 538 3649 608 quis‘a

290 654 295 659 -
323 630 634 703 εἰρημέναι
661 632 757 687 δύο
773 632 1034 703 δυνάμεις
1053 635 1087 703 ἡ
1110 632 1230 687 θεία
1252 633 1411 686 οὐσία
1431 630 1649 694 πάντως
1668 632 1805 697 ἐστὶ,
1827 635 1920 683 καὶ

322 728 409 784 τὰ
429 728 790 799 ἀποδιδόμενα
806 730 884 801 τῷ
902 729 1045 800 Θεῷ,
1064 728 1191 794 νοῦς
1207 747 1265 783 τε
1290 731 1382 783 καὶ
1406 728 1686 801 βούλησις.
1703 726 1844 792 Νοῦς
1864 729 1921 782 δὲ

326 821 451 891 ἄρα
465 822 558 875 καὶ
577 820 703 891 βούλ
714 840 832 893 ησις
843 823 929 876 τε)
942 823 1204 894 ειότητες.
1220 825 1375 876 Δυοῖν
1391 823 1637 892 δὲΙδντοιν.
1651 821 1766 875 τοῖν
1785 840 1854 875 πα
1864 838 1922 893 ρ-

327 914 638 982 αγομένοιν
657 916 995 985 προσώποιν,
1015 914 1146 967 Υἱοῦ
1167 931 1223 967 τε
1246 915 1342 984 καὶ
1366 914 1511 966 θείου
1568 915 1884 983 Πνεὺμπιτος
1904 954 1919 980 ,

329 1005 365 1055 δ
396 1006 497 1073 μὲν
518 1005 766 1075 πρόεισιν
796 1009 858 1061 ἐκ
881 1004 976 1059 τοῦ
1010 999 1300 1080 Πατρός,ᾗ
1323 1004 1533 1076 Πατὴρ,
1569 1003 1649 1059 διὸ
1668 1005 1923 1069 καὶπρὸς

329 1095 507 1149 αὐτὸν
537 1097 873 1168 ἀναφέρεται
924 1097 991 1167 τῇ
1047 1097 1293 1166 υἱότητι·
1340 1094 1469 1159 Υἱὸς
1526 1097 1638 1167 γὰρ
1682 1096 1919 1166 Πατρός,

329 1185 535 1256 ὥσπερ
560 1189 654 1241 καὶ
675 1189 861 1258 Πατὴρ
883 1189 909 1239 ό
929 1188 1120 1259 Πατὴρ
1140 1187 1271 1242 Υίοῦ
1294 1189 1538 1256 λέγεται·
1557 1191 1586 1241 ό
1604 1188 1649 1242 δ’
1668 1185 1735 1242 αὖ
1758 1187 1923 1243 πάλιν

293 1308 299 1311 Α
332 1279 411 1330 ἐκ
442 1278 538 1331 τοῦ
604 1279 767 1332 αὐτοῦ
802 1280 1016 1350 Πατρός
1091 1281 1474 1352 ἐκπορεύεται,
1502 1281 1601 1350 οὐχ
1642 1275 1676 1352 ᾖ
1707 1280 1918 1350 Πατὴρ,

328 1363 513 1442 ἀλλ⁹ᾖ
541 1369 841 1438 προόολεὺς
866 1371 1059 1441 δήπου,
1104 1373 1201 1425 καὶ
1220 1372 1565 1442 προϐάλλων,
1603 1373 1700 1425 καὶ
1716 1373 1917 1437 πνέων,

334 1461 438 1513 καὶ
464 1461 565 1513 ὃσα
599 1461 699 1530 τῆς
739 1461 936 1529 ὁμοίας
987 1462 1117 1516 ὄντα
1165 1464 1427 1533 τυγχάνει
1478 1464 1782 1533 δυνάμεως.
1828 1466 1924 1518 Διὸ

324 1551 435 1605 καὶ
462 1550 599 1620 πρὸς
620 1550 784 1603 αὑτὸν
809 1553 872 1602 τὸ
892 1551 1036 1604 θεῖον
1055 1552 1394 1619 ἀναφέρεται
1421 1551 1648 1620 Πνεῦμα
1677 1553 1744 1620 τῇ
1789 1568 1918 1621 προ-

328 1641 495 1712 δολῇ.
525 1642 841 1712 Προϐολέως
881 1629 992 1711 γὰρ
1035 1642 1333 1712 πρόϐλημα
1373 1641 1617 1710 λέγεται,
1664 1642 1921 1712 καθάπερ

326 1734 434 1786 καὶ
458 1732 758 1802 προσολεὺς
785 1731 853 1785 αὖ
878 1733 1272 1802 προϐλήματος
1324 1731 1650 1802 προσολεύς.
1700 1733 1919 1801 Ὠσπερ

320 1822 546 1897 οὖντοῦ
585 1823 956 1893 πφὸολέωςὸ
989 1824 1176 1893 Πατὴρ
1194 1826 1610 1893 προεπινοείται
1636 1824 1780 1877 κατὰ
1819 1825 1921 1892 μὲν

328 1914 401 1967 τὸ
421 1894 593 1968 ἀΐδιον
628 1911 858 1985 οὒ,ἆμα
898 1916 1006 1985 γὰρ
1054 1914 1179 1968 κατ’
1240 1916 1419 1969 ἐκεῖνο
1468 1916 1663 1985 Πατήρ
1716 1931 1777 1968 τε
1818 1915 1918 1969 καὶ
1950 1894 1994 1954 Β

331 2003 667 2075 προόολεὺς,
703 2004 987 2066 συνειῖδίως
1032 2003 1276 2067 τοιοῦτος
1305 2001 1406 2069 ὣν,
1448 2003 1592 2057 κατὰ
1634 2004 1693 2056 δὲ
1737 2002 1797 2056 τὸ
1826 2001 1919 2056 δύ-

330 2095 534 2150 νασθαι
568 2096 665 2150 καὶ
698 2096 987 2164 προάγειν.
1027 2097 1301 2165 Πρότερον
1338 2095 1450 2166 γὰρ
1478 2096 1570 2150 τὸν
1621 2096 1748 2150 Υίδν
1772 2108 1916 2169 παρ-

322 2187 460 2255 άγει
480 2185 578 2257 τοῦ
605 2187 945 2255 Πνεύματος,
975 2187 1079 2258 ἤδη
1104 2187 1395 2258 νοούμενος
1438 2188 1810 2260 ὑφεστηκέναι
1848 2191 1916 2260 τῇ

329 2278 474 2348 πρὸς
509 2279 603 2333 τὸν
646 2279 775 2333 Υίὸν
804 2279 1050 2349 ἰδιότητι,
1096 2282 1165 2351 τῇ
1205 2281 1536 2350 πατρότ-ητιο
1584 2280 1731 2336 οὕτω
1774 2284 1919 2337 καὶὸ

330 2373 463 2437 Υἱὸς
491 2370 558 2425 αὖ
599 2372 767 2426 πάλιν
812 2375 1226 2441 προεπινοείται
1276 2371 1377 2425 τοῦ
1428 2373 1768 2444 Πνεύματος,
1818 2377 1917 2446 οὐχ

322 2463 419 2518 ὅτι
447 2462 548 2534 ὀύχ
589 2464 707 2534 ἅμα
732 2463 989 2534 ἀλλήλοις
1008 2465 1310 2529 συναῖδίως
1341 2464 1515 2519 ἐστίν’
1538 2464 1684 2519 οὕτω
1713 2466 1820 2537 γὰρ
1849 2470 1919 2520 τὰ

328 2556 461 2628 τρία
482 2556 755 2627 πρόσωπα
778 2556 902 2626 ἅμα
958 2556 1138 2627 πάντη
1175 2555 1272 2610 καὶ
1322 2555 1590 2623 ξυναϊδια,
1636 2559 1737 2611 καὶ
1762 2556 1918 2612 οὖδα-

340 2648 462 2720 μῶς
489 2638 620 2701 ἄλλο
648 2647 812 2702 ἄλλου
838 2664 904 2716 γε
936 2647 1228 2719 πρότερον·
1277 2648 1375 2702 καὶ
1402 2648 1489 2702 ὅτι
1530 2647 1593 2701 τὸ
1620 2647 1916 2718 γεννᾶσθαι

254 2809 259 2813 ο
329 2742 606 2812 πρότερον
631 2741 697 2795 ὲκ
734 2739 837 2811 τῆς
857 2739 956 2794 τοῦ
983 2742 1272 2811 χρήματος
1298 2739 1517 2810 φύσεως
1537 2740 1633 2794 τοῦ
1679 2740 1919 2811 προϐάλο

329 2833 551 2897 λεσθαι,
582 2832 760 2887 καὶτὸ
786 2833 983 2903 γεννᾷν
1008 2832 1106 2886 τοῦ
1154 2831 1510 2902 προϐάλλειν,
1546 2822 1648 2896 aui;
1686 2849 1917 2902 προεπι-

328 2925 539 2978 νοεῖται
575 2922 765 2993 Πατὴρ
792 2923 889 2976 τοῦ
922 2923 1351 2993 προϐάλλοντος.
1385 2923 1499 2977 Καὶ
1527 2923 1668 2995 αὕτη
1694 2924 1916 2986 πάντως

324 3017 483 3069 ἐστὶν
511 3017 546 3085 ἡ
578 3016 690 3069 τῶν
713 3015 878 3068 θείων
923 3016 1283 3070 ὑποστάσεων
1326 3002 1502 3083 τάξις,
1560 3017 1625 3070 ὲκ
1655 3016 1759 3087 τῆς
1807 3034 1918 3086 πη-

330 3107 495 3175 γαίας
524 3098 701 3177 ἀρχῆς
723 3106 820 3161 καὶ
845 3106 985 3177 αὐτὴ
1022 3107 1321 3176 ἀνίσχουσα
1375 3107 1471 3160 τοῦ
1504 3107 1742 3179 Πατρός,
1792 3108 1915 3175 καθ’

328 3197 450 3268 ἢνό
504 3197 696 3269 Πατὴρ
730 3199 832 3267 μὲν
882 3200 999 3252 τοῖν
1029 3199 1196 3263 δυοῖν,
1244 3201 1274 3253 ό
1328 3197 1388 3254 δὲ
1432 3200 1562 3263 Υίὺς
1611 3199 1706 3253 τοῦ
1763 3200 1910 3253 θείου

2023 629 2167 700 piam
2197 631 2611 704 excogitaverit,
2641 629 2921 701 producit.
2956 628 3178 685 Clarum
3220 628 3351 685 item
3380 636 3466 685 est
3490 622 3608 685 dic-
3709 672 3720 698 ,

2025 728 2106 774 tas
2136 720 2272 777 duas
2305 721 2594 777 facultates
2632 720 2875 775 divinam
2924 719 3218 775 essentiam
3261 718 3423 790 plane
3462 734 3608 787 esse,

2023 821 2077 865 et
2127 827 2248 880 quae
2298 812 2406 867 Deo
2442 812 2828 868 attribuuntur
2862 813 3176 867 intellectus
3228 819 3284 867 et
3328 812 3608 868 voluntas.

2022 902 2341 959 Intellectus
2392 907 2576 975 itaque
2630 916 2685 961 et
2718 906 2974 959 voluntas
3032 904 3396 974 perfectiones
3451 913 3600 959 sunt.

2022 991 2411 1050 Verumtamen
2439 1012 2563 1051 cum
2591 1013 2860 1067 personae,
2884 1014 3002 1068 qua:
3049 998 3434 1068 producuntur
3463 997 3606 1053 bina:

2021 1088 2150 1156 sint,
2183 1088 2356 1143 Filius
2376 1099 2431 1143 et
2455 1088 2694 1159 Spiritus
2724 1102 2968 1158 sanctus,
3009 1091 3098 1145 ille
3126 1084 3358 1159 quidem
3391 1088 3605 1158 prosilit

2021 1195 2085 1233 ex
2125 1178 2300 1247 Patre,
2334 1195 2441 1249 qua
2476 1181 2639 1259 Pater
2681 1188 2803 1245 est,
2858 1181 3092 1250 ideoque
3140 1179 3209 1233 ad
3251 1181 3428 1248 ipsum
3467 1178 3608 1233 filia-

2024 1272 2173 1326 tione
2207 1272 2447 1327 refertur
2483 1289 2498 1326 :
2536 1272 2709 1327 Filius
2735 1273 2880 1328 enim
2914 1268 3093 1327 Patris
3123 1281 3228 1336 est,
3252 1272 3613 1342 quemadmo-

2024 1361 2154 1415 dum
2196 1372 2251 1416 et
2281 1362 2461 1427 Pater,
2498 1361 2620 1417 Filii
2654 1360 2817 1418 Palcr
2860 1362 3087 1418 dicitur.
3118 1361 3216 1416 llic
3254 1377 3387 1416 vero
3419 1377 3611 1416 rursus

2020 1468 2087 1509 ex
2138 1454 2331 1508 eodem
2372 1456 2534 1510 Patre
2571 1454 2844 1523 procedit,
2886 1470 2997 1509 non
3024 1470 3133 1524 qua
3176 1454 3334 1508 Pater
3377 1463 3482 1520 est,
3515 1454 3613 1509 sed

2023 1559 2131 1613 qua
2157 1547 2479 1615 productor,
2510 1554 2565 1601 et
2596 1548 2930 1617 producens,
2967 1557 3033 1625 et,
3050 1549 3269 1617 spirans
3297 1587 3311 1612 ,
3364 1555 3421 1603 et
3463 1564 3612 1618 quat-

2020 1650 2241 1704 cunque
2270 1638 2377 1692 alia
2396 1638 2630 1693 similem
2648 1638 2964 1694 facultatem
2990 1641 3331 1710 exprimunt.
3352 1639 3616 1711 Propter-

2019 1738 2198 1794 eaque
2229 1726 2296 1780 ad
2327 1727 2507 1797 ipsum
2546 1729 2762 1785 divinus
2817 1731 3056 1787 refertur
3098 1731 3342 1800 Spiritus
3366 1731 3616 1802 produc-

2027 1819 2195 1872 tione.
2226 1816 2578 1875 Productoris
2606 1821 2753 1874 enim
2777 1822 3067 1890 productio
3094 1821 3322 1890 dicitur,
3360 1822 3526 1878 sicuti
3559 1828 3618 1877 et

2022 1909 2326 1980 productor
2355 1911 2474 1967 vice
2498 1926 2659 1968 versa
2687 1913 2940 1982 producti
2968 1924 3054 1970 est
3070 1914 3391 1984 productor.
3410 1913 3619 1981 Quem-

2020 2001 2320 2058 admodum
2373 2003 2561 2073 itaque
2612 2003 2778 2059 Pater
2841 2004 2996 2075 prius
3056 1993 3389 2077 intelligitur
3446 2020 3611 2076 quam

2021 2093 2344 2163 productor,
2371 2110 2482 2149 non
2516 2098 2821 2151 secundum
2853 2098 3238 2167 aeternitatem;
3269 2112 3506 2170 namque
3544 2114 3610 2155 ea

2020 2184 2183 2247 simul
2221 2201 2327 2241 una
2374 2196 2506 2242 sunt
2542 2196 2598 2241 et
2644 2188 2806 2243 Pater
2850 2197 2909 2244 et
2940 2188 3286 2256 Productor,
3335 2190 3405 2246 ab
3460 2192 3613 2246 omni

2020 2278 2331 2332 mternitate
2355 2277 2480 2333 talis
2511 2279 2804 2343 exsisteus,
2832 2281 2929 2335 sed
2958 2281 3262 2336 secundum
3292 2280 3613 2337 facultatem

2021 2382 2077 2428 et
2136 2375 2554 2442 productionem
2592 2389 2611 2442 ;
2645 2375 2801 2445 prius
2864 2373 3010 2430 enim
3062 2373 3263 2429 Filium
3332 2373 3611 2445 producit,

2019 2481 2183 2531 quam
2233 2467 2540 2537 Spiritum,
2586 2478 2712 2521 cum
2756 2467 2871 2536 iam
2903 2464 3244 2535 intelligatur
3275 2464 3615 2537 proprietate

2019 2556 2088 2608 ad
2142 2554 2384 2622 Filium,
2443 2558 2774 2625 paternitate
2831 2571 3031 2626 nempe
3087 2550 3443 2612 subsisteret
3491 2556 3614 2627 pari

2020 2646 2184 2700 modo
2218 2656 2274 2700 et
2307 2646 2480 2703 Filius
2516 2648 2674 2718 prius
2722 2648 3088 2718 intelligitur,
3137 2662 3304 2717 quam
3350 2647 3614 2717 Spiritus;

2019 2752 2130 2792 non
2172 2740 2320 2808 quod
2366 2755 2472 2793 una
2513 2739 2681 2795 simul
2722 2754 2833 2793 non
2868 2739 2981 2793 sint
3011 2739 3205 2794 eadem
3250 2742 3560 2795 aeternitate
3594 2756 3613 2796 :

2017 2833 2099 2887 sic
2156 2832 2303 2887 enim
2355 2840 2464 2887 tres
2505 2842 2753 2900 personae
2792 2831 2959 2886 simul
3005 2830 3183 2886 modis
3224 2831 3520 2898 omnibus,
3558 2839 3616 2887 et

2016 2921 2331 2985 att/iterum,
2379 2930 2437 2976 et
2484 2921 2800 2976 nullatenus
2850 2919 2954 2975 alia
3000 2920 3105 2976 alia
3146 2921 3460 2991 praecedit:
3508 2920 3611 2979 sed

2018 3013 2165 3084 quod
2203 3015 2451 3084 generari
2490 3013 2645 3083 prius
2673 3012 2745 3067 sit
2769 3014 2886 3082 ipsa
2919 3021 3140 3078 natura,
3168 3028 3332 3085 quam
3352 3015 3608 3084 produci,

2018 3112 2075 3159 et
2101 3118 2388 3174 generare,
2419 3119 2586 3170 quam
2621 3103 2951 3173 producere,
2984 3104 3186 3173 quibus
3217 3104 3372 3175 prius
3405 3106 3615 3162 intelli-

2017 3195 2167 3264 gitur
2214 3195 2413 3259 P‘aier,
2446 3211 2606 3265 quam
2656 3197 2989 3265 producens.
3029 3196 3096 3253 Et
3143 3197 3235 3252 hic
3268 3207 3354 3253 est
3395 3198 3615 3254 divina-

328 3288 652 3359 Πνεύματος
676 3291 969 3360 πρότεροςξ
1002 3291 1098 3344 καὶ
1132 3290 1305 3357 ταῦτα
1337 3293 1481 3346 κατὰ
1530 3291 1593 3345 τὸ
1628 3291 1761 3347 αὐτὸ
1818 3290 1913 3345 νῦν

2022 3304 2140 3343 rum
2198 3292 2578 3359 drypostaseon
2630 3291 2769 3344 ordo
2817 3304 2886 3345 ex
2944 3289 3277 3360 primigenio
3332 3292 3612 3364 principio

328 3382 431 3453 τῆς
451 3382 760 3453 ἀῖδιότητος
780 3382 899 3453 ἅμα
952 3384 1172 3455 Πατρός
1221 3401 1282 3437 τε
1337 3383 1492 3449 ὄντος
1527 3384 1663 3461 Υίοῦ
1723 3402 1785 3439 τε
1820 3384 1917 3438 καὶ

334 3475 483 3530 θείου
517 3474 864 3548 Πνεύματος.

400 3745 465 3801 ε’.
506 3743 670 3799 Ἀλλὰ
691 3743 800 3815 μὴν
829 3743 1054 3797 κάκεῖνο
1090 3745 1202 3806 τοῖς
1227 3745 1543 3815 εἰρημένοις
1593 3734 1929 3812 προσθηιεῖναι.⁹

326 3838 562 3901 δίκαιον,
598 3836 1063 3905 θεολογικώτατον
1091 3834 1172 3887 δνο
1204 3835 1288 3888 ὅτι
1335 3835 1365 3887 ό
1396 3834 1592 3907 Πατὴρ
1649 3838 1914 3909 ἑκάτερον

331 3929 438 3982 τῶν
468 3929 627 3982 θείων
668 3927 911 3997 παράγει
965 3925 1301 3994 προσώπων,
1351 3925 1466 3979 [σον
1490 3926 1669 3996 ἐαυτῷ
1732 3928 1912 3998 πάντη

332 4024 547 4084 πάντως
576 4021 668 4074 καὶ
698 4022 884 4091 ὅμοιον
905 4019 1028 4081 ταῖς
1058 4018 1252 4081 αὐταῖς
1311 4017 1391 4087 τῷ
1419 4017 1640 4089 ἀριθμῷ
1706 4018 1909 4074 τελειό-

331 4131 477 4183 τησι.
515 4115 698 4168 Πάντα
723 4114 832 4182 γὰρ
865 4113 964 4166 ὅσα
987 4110 1249 4181 πρόσεστι
1278 4109 1357 4181 τῷ
1398 4111 1577 4181 Πατρὶ
1625 4111 1755 4166 ἄνευ
1806 4131 1909 4167 παο

330 4208 613 4278 τρότητος,
648 4207 741 4257 καὶ
785 4206 999 4274 ὅσαπερ
1030 4201 1369 4274 ὲφαρμόττει
1426 4205 1493 4273 τῇ
1531 4202 1654 4275 θείᾳ
1698 4205 1908 4275 πατρό-

331 4317 473 4370 τητι,
514 4297 611 4352 καὶ
649 4297 775 4352 ἄνευ
808 4296 1149 4369 πατρότητος
1190 4296 1307 4367 ἆμα
1349 4297 1447 4350 καὶ
1474 4297 1775 4360 πνεύσεως,
1817 4299 1911 4351 καὶ

331 4394 538 4459 ὅσαπερ
559 4391 750 4453 αὐταῖς
779 4390 977 4452 κοινῶς
1004 4390 1367 4461 ὲφαρμόττει,
1397 4390 1557 4444 κοινὰ
1582 4393 1679 4445 καὶ
1702 4393 1814 4455 τοῖς
1844 4393 1909 4444 ὲκ

333 4482 541 4551 Πατρδς
572 4476 761 4535 εἷναιό
803 4480 1114 4550 θεολογικδς
1151 4480 1497 4552 παραδίδωσι
1529 4482 1909 4552 λόγοςηΔύτὰ

2017 3377 2181 3434 Patre
2213 3395 2507 3449 assurgens
2545 3395 2657 3449 quo
2684 3380 2847 3435 Pater
2879 3390 3117 3453 utraque
3154 3397 3412 3453 persona,
3439 3385 3613 3443 Filius

2017 3488 2152 3526 vero
2200 3471 2410 3541 Spiritu
2457 3482 2649 3527 sancto
2682 3473 2929 3528 anterior
2959 3484 3043 3528 est
3080 3491 3096 3528 :
3134 3474 3263 3530 licet
3305 3479 3612 3533 secundum

2017 3561 2164 3617 idem
2191 3572 2528 3617 momentum
2561 3564 2884 3618 aeternitatis
2948 3564 3130 3630 Pater,
3172 3564 3344 3621 Filius
3387 3580 3443 3639 et
3488 3568 3613 3639 Spi-

2018 3653 2157 3707 ritus
2182 3664 2405 3708 sanctus
2434 3671 2541 3710 una
2567 3655 2733 3709 simul
2764 3656 2892 3711 sint.

2087 3745 2142 3799 5.
2188 3745 2324 3799 lllud
2356 3762 2576 3816 quoque
2610 3750 2722 3816 jam
2758 3747 2921 3803 dictis
2956 3750 3158 3819 apponi
3188 3765 3296 3805 non
3335 3751 3608 3810 absonum

2017 3837 2205 3903 fuerit,
2233 3853 2301 3893 ex
2338 3839 2543 3893 intimis
2579 3840 2865 3910 theologia;
2891 3838 3110 3897 arcanis
3142 3844 3374 3912 petitum
3404 3863 3419 3900 :
3445 3848 3609 3902 Pater

2015 3941 2083 3982 ex
2120 3927 2321 3983 divinis
2354 3929 2608 3997 personis
2640 3939 2934 4000 utramque
2970 3931 3304 4006 sibimetipsi
3337 3939 3606 4007 aequalem

2014 4033 2113 4088 per
2157 4020 2342 4074 omnia
2390 4029 2447 4074 et
2494 4020 2735 4076 similem
2786 4023 2982 4079 iisdem
3035 4041 3269 4082 numero
3307 4029 3609 4099 perfectio-

2015 4112 2182 4167 nibus
2237 4113 2513 4183 producit.
2553 4115 2908 4186 Quaecunque
2957 4120 3105 4175 enim
3168 4122 3363 4179 insunt
3414 4123 3606 4192 Patri,

2014 4216 2246 4277 excepta
2278 4222 2386 4261 uua
2417 4209 2784 4277 pateruitate,
2829 4221 2886 4266 et
2917 4213 2986 4267 iis
3017 4228 3141 4283 qua:
3172 4214 3374 4270 divina:
3418 4226 3606 4288 pater-

2013 4298 2174 4354 nitati
2234 4302 2585 4355 accommoda
2659 4311 2825 4368 sunt,
2864 4315 3206 4376 exceptaque
3272 4312 3607 4378 pateruitate

2013 4398 2070 4447 et
2130 4390 2473 4461 spiratione,
2520 4403 2578 4447 et
2613 4408 2737 4462 quae
2801 4393 2911 4448 illis
2969 4396 3319 4465 adaptantur,
3355 4414 3605 4456 commu-
3678 4432 3679 4435 η

2014 4486 2113 4542 nia
2146 4485 2213 4541 iis
2265 4501 2508 4556 quoque,
2566 4488 2662 4555 qui
2716 4502 2783 4541 ex
2829 4487 2991 4543 Patre
3030 4498 3180 4555 sunt,
3217 4491 3595 4562 theologorum

334 4575 430 4646 μὲν
470 4575 603 4644 γὰρ,
639 4574 760 4644 ἦτοι
820 4573 1124 4644 πατρότης,
1180 4574 1274 4627 καὶ
1310 4574 1585 4645 πατρότης
1633 4576 1751 4646 ἅμα
1808 4578 1906 4630 καὶ

2018 4579 2293 4637 sententia
2330 4578 2485 4634 facit.
2523 4579 2620 4634 Illa
2663 4580 2933 4649 siquidem
2959 4621 2974 4645 ,
3027 4582 3329 4652 pateruitas
3376 4600 3597 4656 nempe,

333 4662 690 4731 πνεῡσιςμια)⁸
724 4663 936 4734 ὅσαπερ
960 4663 1158 4717 ἕπεται
1208 4667 1274 4735 τῇ
1319 4666 1648 4737 πατρότητι,
1691 4667 1785 4720 καὶ
1838 4664 1904 4721 αὖ

2018 4682 2070 4728 et
2090 4673 2391 4744 paternitas
2436 4672 2599 4726 simul
2622 4679 2678 4726 et
2699 4672 2950 4741 Spiratio,
2982 4681 3037 4728 et
3063 4689 3184 4743 quae
3210 4676 3598 4744 paternitatcm

333 4756 493 4810 πάλιν
524 4756 829 4826 πατρότητί
854 4773 915 4808 τε
951 4758 1047 4810 καὶ
1073 4756 1298 4810 πνεύσει
1326 4758 1543 4828 σχέσεις
1580 4760 1689 4811 εἰσὶ
1723 4758 1904 4829 μόνον,

194 4883 213 4889 -
328 4850 388 4904 οὐ
410 4847 772 4918 τελειότητες,
834 4846 1025 4917 ὥσπερ
1064 4848 1160 4901 καὶ
1193 4849 1227 4917 ἠ
1261 4848 1468 4918 υιότης,
1530 4854 1625 4903 καὶ
1654 4851 1687 4919 ή
1735 4849 1794 4903 ὲν
1829 4848 1907 4919 τῷ

332 4938 610 5009 Πνεύματι
658 4936 909 5000 πνεῦσι,⁶
976 4937 1059 4992 διὸ
1110 4938 1209 4992 καὶ
1264 4939 1529 5011 ἰδιότητες
1577 4941 1774 5007 ταῦτα,
1826 4942 1908 4993 ἐνὶ

334 5032 478 5103 μόνῳ
495 5030 604 5084 τῶν
629 5030 941 5102 προσώπων
965 5027 1202 5084 ἑκάστου
1232 5032 1532 5103 προσόντος
1568 5033 1774 5103 ἧκιστα
1822 5052 1908 5088 κι-

334 5121 591 5191 νουμένου
621 5120 716 5174 καὶ
746 5119 1205 5189 μεταπίπτοντος.
1254 5122 1338 5175 Τὰ
1404 5122 1463 5176 δὲ
1528 5124 1682 5194 παρὰ
1731 5123 1905 5178 ταῦτα

335 5213 508 5267 πάντα
545 5210 615 5265 τά
654 5212 794 5265 αὐτὰ
843 5212 921 5282 τῷ
945 5211 1166 5284 ἀριθμῷ
1224 5216 1382 5268 κοινὰ
1431 5217 1544 5279 τοῖς
1571 5216 1775 5286 τρισὶν,
1836 5215 1904 5271 ῐν⁹

332 5305 415 5374 είη
442 5306 553 5368 τοίς
578 5305 759 5367 αὐτοῖς
789 5303 904 5367 ἶσος
944 5306 1041 5358 καὶ
1086 5304 1274 5375 ὅμοιος
1306 5305 1443 5370 Θεὸς
1473 5309 1501 5360 ὁ
1526 5307 1657 5371 Υἱὸς
1686 5307 1804 5379 Θεῷ
1824 5308 1904 5380 τῷ

333 5397 526 5465 Πατρὶ,
558 5397 651 5451 καὶ
683 5396 817 5459 Θεὸς
848 5396 912 5450 τὸ
941 5396 1170 5468 Πνεῦμα
1208 5398 1328 5469 Θεῷ
1375 5400 1553 5469 Πατρί
1584 5418 1644 5455 τε
1700 5402 1796 5456 καὶ
1823 5400 1905 5471 τῷ

331 5485 458 5557 Υίῷο
493 5489 585 5542 καὶ
607 5488 696 5542 διὰ
723 5487 899 5542 ταῦτα
936 5486 1070 5553 Θεὸς
1102 5486 1186 5554 εἷς
1211 5490 1282 5544 τὰ
1304 5491 1454 5562 τρία,
1502 5494 1570 5564 τῇ
1622 5492 1758 5564 αὐτῇ
1808 5494 1906 5548 καί⁵

333 5579 430 5652 μιᾷ
455 5580 635 5652 οὐσίᾳ,
671 5582 766 5634 καὶ
786 5584 906 5645 ταῖς
928 5582 1119 5646 αὐταῖς
1170 5584 1498 5655 τελειότησι,
1552 5585 1649 5640 τοῦ
1694 5588 1903 5659 τρόπου

330 5672 491 5747 μόνου
524 5691 640 5737 πως
662 5674 1099 5742 ὲναλλάττοντος,
1126 5672 1207 5740 οἷς
1230 5678 1287 5729 ὲν
1307 5678 1485 5748 Πατρὶ
1508 5678 1612 5748 μὲν
1643 5681 1904 5749 πηγαίως

327 5762 517 5831 ταῦτα,
551 5772 644 5819 καὶ
683 5767 952 5837 ἀνάρχως,
999 5769 1097 5822 καὶ
1142 5769 1427 5834 ἀναιτίως,
1479 5772 1587 5824 ’καὶ
1639 5773 1716 5844 μὴ
1769 5776 1902 5847 παρ’

333 5853 485 5911 ἄλλου
521 5873 618 5912 του
677 5858 951 5930 διδόμενα,
990 5862 1051 5916 ὲν
1078 5856 1137 5916 δὲ
1165 5861 1246 5933 τῷ
1299 5856 1419 5931 Υίῷ
1468 5862 1567 5918 καὶ
1612 5861 1898 5936 Πνεύματι

2012 4777 2470 4838 consequuntur,
2512 4767 2757 4836 itemque
2812 4771 3204 4838 paternitatem
3248 4779 3305 4824 et
3337 4773 3599 4834 spiratio-

2011 4875 2136 4915 nem
2170 4898 2186 4925 ,
2223 4859 2518 4915 relationes
2567 4860 2948 4915 tantummodo
2990 4869 3162 4927 sunt,
3217 4877 3328 4917 non
3380 4866 3598 4933 perfec-

2015 4949 2216 5019 tiones,
2246 4951 2710 5021 quemadmodum
2741 4958 2795 5006 et
2826 4950 3038 5016 iiliatio,
3064 4961 3144 5018 et,
3165 4968 3286 5022 quae
3305 4953 3364 5007 in
3384 4952 3593 5025 Spiritu

2009 5052 2115 5107 est,
2151 5042 2381 5112 spiratio
2413 5058 2427 5095 :
2461 5053 2865 5115 proptereaque
2898 5043 3297 5113 proprietates,
3350 5045 3463 5102 uni.
3489 5048 3591 5102 soli

2008 5147 2257 5204 persona:
2308 5135 2623 5205 singulatim
2684 5134 3056 5199 inhaerentes,
3108 5136 3371 5207 nulloque
3430 5139 3599 5194 modo

2009 5240 2130 5281 sese
2160 5235 2464 5291 moventes,
2489 5234 2584 5280 aut
2605 5226 2659 5280 in
2693 5226 2854 5281 aliam
2877 5227 3210 5284 recidentes.
3233 5228 3434 5286 Prteter
3457 5230 3595 5295 haec,

2011 5316 2269 5387 universa
2305 5314 2515 5385 reliqua
2544 5315 2738 5369 eadem
2772 5331 3007 5372 numero
3039 5318 3221 5375 tribus
3244 5319 3400 5392 juxta
3442 5335 3593 5376 eom-

2009 5409 2198 5463 munia
2229 5416 2379 5473 sunt,
2405 5417 2469 5463 ut
2497 5407 2692 5463 iisdem
2726 5409 2953 5479 aequalis
2973 5410 3241 5466 etsimilis
3256 5409 3399 5466 Deus
3418 5410 3595 5467 Filius

2010 5501 2083 5556 sit
2137 5501 2250 5556 Deo
2293 5498 2467 5566 Patri,
2499 5509 2556 5556 et
2584 5501 2730 5556 Deus
2759 5500 2997 5571 Spiritus
3023 5503 3137 5558 Deo
3163 5502 3329 5568 Patri,
3372 5503 3595 5575 Deoque

2009 5592 2149 5648 Filio
2172 5601 2608 5661 ;proptercaque
2629 5593 2732 5648 tria
2757 5593 2874 5648 haec
2892 5594 3037 5649 Deus
3058 5608 3222 5658 unus,
3251 5608 3356 5648 una
3373 5594 3600 5651 eadem-
3676 5622 3681 5625 -

2007 5700 2116 5755 que
2160 5684 2398 5739 essentia
2435 5683 2740 5755 iisdemque
2785 5683 3221 5755 perfectionibus
3262 5683 3449 5764 modo.
3472 5692 3599 5740 tan-

2011 5777 2295 5832 tummodo
2337 5776 2493 5831 vario
2544 5776 2877 5845 diversoque
2900 5808 2926 5838 ,α
2958 5789 3068 5845 quo
3095 5772 3151 5828 in
3180 5773 3344 5830 Patre
3369 5773 3597 5845 quidem

2009 5866 2126 5924 haec
2149 5878 2409 5941 tanquam
2434 5869 2490 5924 in
2509 5868 2683 5937 fonte,
2709 5876 2766 5925 et
2786 5866 2996 5939 absque
3022 5867 3295 5939 principio
3315 5876 3374 5926 et
3404 5882 3595 5947 causa,
