4034 6434
219 393 227 401 ’
268 405 449 471 1001‘

1231 410 1329 472 DE
1370 410 1896 474 PROCESSIONE
1933 413 2294 479 SPlRlTUS
2332 420 2626 482 SANCTI.

3406 418 3553 480 1002'

265 542 429 596 μιτα,
460 524 558 589 καὶ
605 523 797 597 πόρρω
821 523 923 596 τῆς
955 525 1067 580 τῶν
1093 524 1449 597 Χριστιανῶν
1511 506 1848 595 Ἐκκλησίας

1958 528 2062 585 hoc
2104 546 2327 586 rursum
2354 573 2369 596 ,
2401 535 2657 591 essentia:
2701 550 2898 606 nempe
2931 531 3329 590 dissimilitudo
3357 572 3371 596 ,
3423 549 3547 602 quae

256 619 365 674 καὶ
408 616 672 681 πίστεως.

328 799 400 862 ζ’.
431 797 535 852 Διὰ
548 797 713 852 τοῦτο
735 799 787 853 οἱ
809 799 911 871 τῆς
961 798 1290 870 Ἐκκλησίας
1324 797 1665 860 διδάσκαλοι,
1694 797 1790 850 καὶ
1813 798 1847 867 ἡ

252 891 528 963 καθολικὴ
560 891 766 963 ἑϐδόμη
829 893 1050 955 σύνοδος
1103 894 1168 946 ὲκ
1197 891 1293 946 τοῦ
1354 890 1569 961 Πατρδς
1626 891 1848 960 ἀπεφήο

255 999 428 1039 ναντο
454 982 522 1036 δι’
558 983 690 1037 Υίοῦ
721 985 787 1038 τὸ
830 983 991 1052 ἅγιον
1018 982 1427 1052 ἐκπορεύεσθαι
1470 980 1724 1051 Πνεῦμα,
1750 982 1851 1051 οὐχ

249 1077 334 1139 ei);
369 1075 548 1128 αίτίου
606 1075 704 1128 τοῦ
746 1071 897 1129 Υίοῦ
939 1074 1117 1138 ΰντος.
1179 1074 1294 1129 οὐδ’
1320 1073 1396 1136 ὡς
1423 1072 1601 1143 ἀρχῆς
1663 1071 1851 1132 ἁπλῶς

250 1165 357 1219 καὶ
381 1164 698 1236 πῳϐολέως
730 1166 832 1237 τῆς
853 1165 949 1220 τοῦ
979 1165 1298 1237 Πνεύματος
1320 1166 1694 1241 ύποστάσεως,
1734 1164 1850 1219 ἀλλ’

249 1256 333 1319 ὥς
369 1255 645 1321 ξυναιτίου
699 1258 794 1311 καὶ
838 1258 1016 1328 ἀρχῆς
1040 1258 1101 1322 ἐξ
1129 1259 1327 1328 ἀρχῆς,
1362 1256 1472 1310 οὐδ’
1504 1254 1581 1318 ὡς
1616 1255 1690 1327 μὴ
1735 1255 1848 1309 οἴου

248 1364 316 1402 τε
350 1349 505 1413 ὄντος
524 1348 619 1403 τοῦ
648 1350 867 1420 Πατρὺς
901 1351 1088 1419 μόνου,
1124 1350 1307 1420 μόνως
1344 1350 1408 1402 τὸ
1432 1347 1652 1418 Πνεῦμα
1680 1349 1850 1417 παρά-

250 1457 379 1509 γειν
411 1441 475 1494 τδ
503 1441 687 1509 ἅγιον.
719 1434 797 1514 ᾜ
822 1443 931 1513 γὰρ
947 1442 1014 1495 ἂν
1047 1443 1172 1496 οὐδὲ
1207 1442 1301 1495 τὸν
1338 1442 1468 1495 Υίόν
1490 1442 1620 1496 ἄνευ
1706 1440 1853 1504 τινος

252 1532 452 1602 ἑτέρου
485 1536 782 1603 προσώπου
827 1534 1091 1605 γεννῆσαι
1128 1536 1288 1604 μόνος
1340 1534 1533 1605 Πατὴρ
1587 1532 1847 1605 ἠδύνατο,

251 1619 342 1688 οἷς
386 1624 490 1695 τῆς
521 1625 691 1694 αὐτῆς
724 1627 844 1680 ἔστι
891 1626 1236 1698 τελειότητος
1294 1625 1404 1678 τῶν
1445 1625 1853 1696 παραγομένων

254 1702 523 1790 ἑκάτερον
553 1719 979 1788 καὶδυνάμεως.
1010 1718 1200 1787 Πατὴρ
1227 1706 1328 1787 μὲὶι
1378 1716 1490 1787 γὰρ
1516 1716 1681 1780 αὐτὸς
1713 1716 1847 1770 αύτ·

255 1811 449 1880 άρκως
480 1809 575 1862 τὸν
616 1809 747 1864 Υίὸν
790 1810 978 1879 γεννᾷ,
999 1810 1093 1862 καὶ
1119 1808 1181 1862 τὸ
1208 1808 1437 1877 Πνεῦμα
1467 1808 1763 1878 προϐάλλει
1790 1808 1852 1862 τδ

253 1898 437 1966 ἅγιον,
471 1898 639 1954 αὑτοῦ
679 1915 741 1952 τε
789 1899 944 1963 ὄντος
997 1899 1155 1952 ἔσται
1206 1903 1302 1953 καὶ
1354 1901 1384 1952 6
1436 1899 1564 1963 Υἱὸς
1624 1902 1722 1955 καὶ
1781 1899 1842 1953 τδ

253 1991 510 2058 Πνεῦμα,
539 1990 707 2045 αὐτοῦ
752 2009 814 2044 τε
847 1991 918 2047 αῦ
940 1993 1175 2054 ἀπόντος
1203 1995 1269 2063 τῇ
1304 1992 1542 2063 ἐπινοίᾳ,
1576 1991 1690 2045 οὐδ’
1710 1992 1843 2056 Υἱὸς

251 2084 397 2147 ὂλως
447 2084 628 2161 ἔσται,
688 2083 811 2138 οὐδὲ
857 2085 921 2139 τὸ
961 2084 1195 2155 Πνεῦμά
1243 2103 1359 2149 πως
1424 2085 1483 2150 ἐξ
1522 2083 1678 2150 Υίοῦς
1733 2086 1846 2139 οὐδ’

254 2175 399 2239 ὅλως
426 2174 486 2229 ἓν
511 2174 666 2228 οὐδὲν
691 2176 801 2229 τῶν
842 2176 1180 2248 προσώπων,
1240 2176 1317 2244 μὴ
1361 2171 1532 2243 ὅτιγε
1596 2175 1841 2241 πρόοδος,

253 2267 359 2320 καὶ
382 2268 417 2333 ή
444 2266 582 2338 πρὸς
608 2265 847 2337 ὓπαρξιν
896 2267 1004 2321 τῶν
1056 2267 1366 2337 προσώπων
1415 2268 1689 2338 ἐνέργεια.
1718 2265 1845 2328 Υἱὸς

255 2357 410 2420 δ’ὡς
468 2357 812 2424 προϐάλλων,
891 2352 1163 2429 παράγων
1232 2375 1356 2422 πως
1414 2359 1510 2412 καὶ
1573 2359 1734 2421 αὐτὸς
1786 2358 1848 2411 τὸ

152 2450 157 2453 ’
257 2448 489 2521 Πνεῦμα
536 2452 595 2505 τὸ
623 2453 781 2521 άγιον
821 2455 886 2506 ἐκ
912 2451 1006 2506 τοῦ
1066 2452 1285 2524 Πατρὺς
1345 2452 1559 2522 προϊὸν,
1604 2451 1737 2506 αὐτό
1783 2467 1846 2521 γε

257 2538 587 2611 προϐάλλει,
620 2545 717 2597 καὶ
770 2543 865 2597 τοῦ
895 2544 1110 2617 Πατρδς
1136 2544 1462 2614 προϐάλλων
1520 2545 1843 2616 ἐξήρτηται,

160 2676 181 2686 ο
262 2629 344 2700 μὴ
381 2630 464 2684 ὅτι
494 2631 628 2685 καθὸ
647 2633 936 2700 γεννᾶται,
967 2632 1105 2686 ἀλλὰ
1131 2634 1225 2686 καὶ
1322 2632 1646 2703 προϐάλλων
1676 2635 1844 2699 ἐστὶν,

261 2719 350 2785 οἷς
376 2723 466 2777 διὰ
490 2725 799 2794 γεννήσεως
823 2727 926 2795 τῆς
958 2723 1130 2791 αὐτῆς
1180 2723 1504 2794 μεταλαϐὼν
1558 2724 1849 2795 δυνάμεως

257 2812 357 2867 τοῦ
380 2815 597 2885 Πατρδς
619 2814 695 2878 ὡς
722 2814 1149 2885 προϐάλλοντος,
1189 2816 1494 2886 προϐάλλει
1543 2819 1640 2870 καὶ
1684 2817 1847 2881 αὐτὸς
1880 2816 1889 2827 “

266 2904 492 2976 σύναμα
519 2906 600 2977 τῷ
663 2907 846 2977 Πατρὶ
885 2908 948 2962 τὸ
1003 2911 1069 2970 ἐκ
1109 2907 1330 2978 Πατρὸς
1379 2906 1849 2978 προϐαλλόμενον.

263 2998 364 3063 Ὠς
403 3015 469 3068 γε
506 3001 605 3053 καὶ
634 3001 681 3053 εί
730 3000 854 3054 κατ’
875 3000 1127 3054 ἐπίνοιαν
1182 3002 1211 3055 6
1243 2999 1548 3071 προϐολεὺς
1608 3000 1711 3070 μὲν
1754 2999 1848 3054 τοῦ

261 3093 483 3162 Πατρδς
518 3095 843 3164 προηγεῖτο,
864 3092 941 3147 ’τό
967 3093 1024 3146 δὲ
1052 3092 1279 3163 Πνεῦμα
1304 3093 1365 3146 τὺ
1390 3092 1548 3161 ἅγιον
1579 3093 1851 3164 πρότερόν

1954 622 2140 675 omnia
2177 622 2366 694 impia,
2398 625 2632 692 nefaria,
2679 634 2734 683 et
2767 643 2797 683 a
2831 626 3146 683 Christiana
3180 624 3452 680 Ecclessia
3490 636 3546 679 et

1957 710 2063 766 fide
2100 727 2263 781 quam
2310 714 2739 784 disjunctissima
2777 724 2930 771 sunt.

2029 804 2080 857 7.
2119 804 2263 859 Hinc
2287 803 2544 861 doctores
2568 807 2825 864 Ecclesia:
2850 818 2907 863 et
2937 808 3269 864 universalis
3309 786 3551 862 seritima'

1957 894 2204 966 synodus
2232 895 2601 954 decreverunt
2625 940 2638 961 ,
2669 915 2737 953 cx
2782 899 2944 954 Patre
2994 915 3094 970 per
3130 898 3325 953 Filium
3362 895 3544 966 Spiri-

1957 995 2071 1040 tum
2108 998 2360 1043 sanctum
2411 989 2715 1058 procedere
2743 1032 2757 1055 ,
2790 1005 2899 1045 non
2935 991 3082 1061 quod
3129 990 3202 1044 sit
3243 1005 3408 1044 causa
3454 988 3546 1042 Fi-

1953 1081 2103 1145 lius,
2161 1064 2215 1134 e't
2269 1081 2603 1151 principium
2651 1083 2941 1150 absolute,
2986 1094 3042 1138 et
3093 1082 3398 1152 productor
3452 1082 3546 1150 hy-

1955 1174 2192 1244 postasis
2230 1173 2472 1244 Spiritus
2499 1192 2514 1242 ;
2543 1178 2636 1231 sed
2668 1176 2814 1246 quod
2839 1191 2964 1231 cum
3012 1176 3121 1230 alio
3151 1191 3315 1231 causa
3366 1174 3458 1237 sit,
3489 1183 3546 1228 et

1958 1265 2290 1335 principium
2320 1281 2387 1321 ex
2412 1268 2709 1337 principio,
2770 1283 2951 1337 neque
2979 1268 3127 1338 quod
3160 1284 3268 1322 non
3298 1266 3370 1320 sit
3402 1265 3545 1334 potis

1955 1357 2106 1414 solus
2154 1356 2318 1413 Pater
2352 1356 2718 1427 .singulariter
2752 1356 3022 1424 Spiritum
3053 1366 3307 1411 sanctum
3337 1355 3540 1424 produ-

1954 1462 2082 1502 cere
2122 1465 2135 1501 :
2169 1440 2282 1500 tum
2330 1447 2478 1502 enim
2515 1462 2693 1516 neque
2739 1445 2938 1503 Filium
2987 1447 3106 1502 sine
3154 1445 3383 1501 alterius
3420 1461 3543 1513 per-

1954 1554 2102 1593 sona:
2134 1553 2239 1608 ope
2274 1540 2428 1594 solus
2476 1554 2742 1609 generare
2774 1540 3096 1609 potuisset;
3130 1554 3257 1593 cum
3295 1537 3542 1607 ejusdem

1954 1633 2027 1687 sit
2060 1631 2418 1701 perfectionis
2453 1629 2840 1700 facultatisqne
2872 1646 2940 1686 ex
2993 1630 3280 1701 productis
3332 1639 3545 1684 utrum-

1956 1740 2084 1795 que.
2123 1725 2259 1780 Nam
2293 1723 2453 1779 Pater
2502 1725 2618 1795 ipse
2671 1723 3009 1779 sullicienter
3042 1723 3243 1778 Filium
3291 1718 3547 1793 generat,
3606 1716 3615 1723 ’

1955 1827 2012 1872 et
2042 1817 2308 1887 Spiritum
2344 1820 2590 1871 sa’nctum
2620 1815 2905 1885 producit,
2941 1823 2999 1870 et
3027 1829 3150 1869 cum
3184 1813 3275 1868 ille
3299 1823 3406 1877 est,
3438 1814 3548 1867 erit

1953 1911 2114 1980 plane
2153 1919 2208 1963 et
2244 1908 2439 1972 Filius,
2470 1919 2527 1963 et
2570 1908 2853 1978 Spiritus:
2882 1907 3009 1961 etsi
3041 1907 3089 1961 is
3132 1904 3411 1989 defecerit.
3450 1919 3546 1957 eo-

1944 1999 2207 2068 gitatione
2245 2006 2454 2063 nostra,
2486 2012 2715 2067 prorsus
2764 2011 2943 2067 neque
2974 1994 3146 2051 Filius
3171 1995 3300 2058 erit,
3354 2008 3535 2062 neque

1946 2091 2106 2144 etiam
2140 2089 2379 2159 Spiritus
2410 2105 2475 2144 ex
2527 2088 2666 2144 Filio
2687 2128 2704 2150 ,
2741 2095 2798 2142 et
2845 2087 2996 2141 nulla
3027 2080 3252 2156 penitus
3283 2099 3544 2155 persona,

1947 2190 2179 2237 tantum.
2216 2179 2392 2243 abest,
2425 2188 2485 2234 ut
2519 2179 2802 2249 processio
2828 2180 2921 2244 sit,
2966 2189 3023 2234 et
3073 2179 3125 2233 in
3161 2175 3544 2233 exsistentiam

1947 2287 2306 2344 personarum
2341 2281 2547 2326 matus.
2591 2270 2766 2326 Filius
2795 2286 2930 2326 vero
2978 2270 3149 2326 veluti
3205 2269 3543 2340 producens,

1948 2379 2050 2420 suo
2090 2364 2255 2420 modo
2307 2363 2643 2432 produeeus,
2681 2373 2738 2419 et
2771 2365 2889 2433 ipse
2941 2364 3213 2434 Spiritum
3260 2371 3543 2421 sanctum,

1947 2472 2011 2512 ex
2041 2456 2205 2511 Patre
2239 2464 2590 2511 emanantem
2628 2454 2909 2526 producit,
2940 2454 3366 2524 producensque
3397 2446 3577 2509 Patri'

1948 2546 2218 2613 adhazret,
2258 2562 2367 2601 non
2407 2554 2620 2602 tantum
2664 2557 2726 2602 ut
2757 2557 3096 2618 generatur,
3129 2546 3222 2601 sed
3259 2545 3426 2600 etiam
3482 2555 3544 2599 ut

1950 2638 2211 2709 producit
2243 2656 2256 2691 :
2296 2652 2534 2708 namque
2570 2651 2671 2708 per
2697 2638 3109 2709 generationem
3144 2637 3425 2691 facultatis
3454 2651 3549 2706 ροσ-

1952 2743 2143 2797 ternae,
2180 2742 2239 2787 ut
2275 2734 2633 2803 producentis
2661 2741 2941 2804 particeps
2973 2733 3173 2796 factus,
3212 2731 3544 2801 producitct

1951 2824 2067 2895 ipse
2128 2840 2236 2880 una
2271 2841 2396 2879 cum
2452 2826 2654 2892 Patre,
2709 2825 2857 2896 quod
2895 2840 2925 2879 a
2980 2826 3142 2881 Patre
3193 2823 3542 2895 producitur.

1950 2916 2103 2970 Adeo
2144 2926 2223 2983 ut,
2266 2916 2312 2972 si
2345 2926 2534 2972 nostra
2574 2917 2967 2988 imaginatione
3006 2916 3297 2987 fingamus,
3332 2931 3362 2969 a
3416 2929 3546 2985 pro-

1952 3006 2189 3062 ducente
2223 3008 2440 3063 Patrem
2506 3007 2684 3078 ipsum
2722 3008 2981 3084 prmcedi,
3025 3018 3079 3064 et
3104 3007 3375 3079 Spiritum
3414 3021 3543 3061 san-

1952 3107 2101 3154 ctum
2141 3108 2267 3154 ante
2286 3099 2462 3169 ipsum
2486 3100 2683 3155 Filium
2711 3100 2969 3170 produci,
2994 3099 3164 3155 Filius
3189 3110 3335 3154 esset
3364 3114 3395 3152 a
3419 3112 3549 3167 pro-

259 3201 382 3249 πως
408 3187 474 3240 ἐκ
498 3184 594 3238 τοῦ
620 3185 939 3256 προϐολέως
995 3186 1283 3255 παρήγετο
1328 3183 1423 3238 τοῦ
1452 3184 1611 3250 Υίοῦ,
1661 3186 1690 3239 6
1720 3184 1848 3248 Υίδς

1953 3189 2183 3245 ductore
2214 3206 2311 3260 per
2338 3191 2628 3261 Spiritum,
2668 3200 2726 3247 et
2753 3191 2995 3261 Spiritus
3025 3192 3241 3254 eadem,
3298 3204 3420 3260 quae
3486 3189 3548 3243 in

257 3274 331 3334 ἂν
354 3272 426 3347 ἦν
450 3279 517 3330 ὲκ
538 3275 634 3330 τοῦ
677 3277 988 3349 προϐολέως
1015 3277 1103 3330 διὰ
1120 3276 1214 3330 τοῦ
1244 3277 1583 3347 Πνεύματος,
1609 3276 1669 3329 τὸ
1699 3277 1752 3329 δέ
1784 3293 1846 3351 γε

260 3368 492 3438 Πνεῦμα
533 3371 602 3438 τῇ
626 3368 768 3440 αύτῇ
803 3368 977 3438 δήπου
1030 3368 1267 3438 δυνάμει
1317 3371 1385 3440 τῇ
1432 3369 1492 3421 ἐν
1544 3369 1745 3439 Πατρὶ,
1780 3371 1847 3440 τῇ

258 3449 553 3532 γεννητικῇ
594 3460 801 3532 δηλαδὴ
844 3459 939 3513 τοῦ
986 3459 1120 3514 Υίοῦ
1153 3461 1410 3532 παρῆγεν
1456 3459 1524 3515 ἂν
1568 3463 1664 3516 καὶ
1715 3462 1849 3515 αὐτὸ

258 3554 353 3607 τὸν
392 3552 523 3606 Υίδν
553 3554 618 3606 ὲκ
657 3551 756 3607 τοῦ
795 3551 1113 3623 προϐολέως
1153 3550 1232 3617 ὥς
1269 3570 1334 3622 γε
1370 3552 1607 3625 Πατρός·
1641 3554 1741 3625 οὐχ
1766 3554 1846 3608 ὅτι

257 3647 290 3699 6
313 3636 677 3722 προϐολεὺςῇ
713 3643 904 3713 Πατήρ
934 3644 1036 3697 οὐκ
1058 3639 1129 3713 ἦν
1176 3643 1243 3698 ἂν
1273 3645 1560 3716 αὐτάρκης
1604 3645 1707 3698 τὸν.
1748 3648 1848 3701 αύ-

256 3731 357 3787 τοῦ
386 3731 650 3800 γεννῆσαι
676 3730 827 3796 Υίὺν,
860 3731 995 3785 ὅπου
1024 3728 1127 3817 ἳγῦν
1168 3729 1332 3785 αὑτὸν
1361 3730 1654 3801 αὐτάρκως
1684 3731 1845 3801 μόνος

259 3826 453 3896 γεννᾷ,
503 3823 758 3895 καθάπερ
816 3822 913 3876 καὶ
957 3821 1080 3875 τότε
1136 3822 1301 3891 μόνος
1345 3821 1634 3893 αὐτάρκως
1666 3823 1731 3877 ἂν
1787 3824 1847 3876 τὸ

261 3916 494 3987 Πνεῦμα
525 3908 743 3985 παρῆγε
789 3915 852 3967 τὸ
883 3913 1060 3983 ἅγιον
1119 3912 1346 3968 ἀλλ’ὅτι
1399 3913 1498 3984 τὴν
1557 3912 1728 3985 αὐτὴν
1778 3915 1846 3969 ἂν

152 4018 157 4023 ’
259 4006 378 4082 εἶχε
399 4008 727 4078 γεννητικὴν
757 4006 992 4075 δύναμιν
1038 4005 1119 4076 τῷ
1177 4005 1358 4077 Πατρὶ
1419 4005 1511 4059 διὰ
1565 4006 1842 4070 πνεύσεως

259 4099 423 4170 αὐτῷ
446 4097 717 4163 δοθεῖσαν,
745 4098 819 4158 di;
848 4095 1167 4166 τελειότητα
1223 4097 1320 4150 καὶ
1354 4096 1585 4166 δύναμιν
1634 4098 1698 4151 ἐκ
1734 4099 1844 4150 Πα-

260 4191 413 4260 τρὸς,
445 4190 613 4260 μήπω
634 4186 728 4244 τοῦ
752 4187 883 4243 Υίοῦ
915 4190 980 4267 τῇ
1015 4187 1237 4267 ἐπινοίᾳ
1260 4182 1683 4261 παραγομένου.
1731 4188 1845 4259 Τὴν

260 4285 322 4338 δὲ
386 4283 840 4352 ξυνεπτυγμένην
878 4265 1084 4351 ταύτην
1131 4279 1414 4350 Θεολογίαν
1469 4282 1504 4353 ή
1556 4281 1844 4352 Ῥωμαῖκὴ

261 4375 621 4440 ἀναπτύξασα
649 4372 954 4443 Ἐκκλησία
979 4373 1077 4428 καὶ
1114 4373 1185 4427 ἐκ
1221 4372 1327 4427 τοῦ
1373 4372 1511 4428 Υιοῦ
1549 4374 1615 4427 τὸ
1655 4374 1845 4429 Πνεῦ-

255 4484 347 4538 μα
410 4466 768 4536 ὲθεολόγησεν
841 4464 1263 4535 ἐκπορεύεσθαι,
1329 4465 1497 4519 ταυτὸ
1538 4465 1844 4539 βουλομένη

1956 3282 2115 3337 Patre
2148 3292 2253 3346 est,
2288 3283 2565 3349 facultate,
2593 3284 2913 3355 generativa
2940 3299 3140 3353 nempe
3167 3283 3314 3348 Filii,
3335 3280 3545 3352 produ-

1954 3382 2104 3430 ceret
2136 3382 2192 3429 et
2220 3374 2337 3444 ipse
2373 3375 2570 3430 Filium
2604 3391 2672 3432 ex
2704 3375 3041 3447 productorc
3072 3385 3328 3446 tanquam
3359 3375 3555 3429 Patre-

1916 3464 2071 3543 _Non
2112 3466 2260 3537 quod
2315 3466 2664 3537 producens,
2702 3482 2817 3536 qua
2843 3466 3007 3522 Pater
3061 3475 3184 3534 est,
3242 3481 3354 3521 non
3399 3471 3549 3522 esset

1953 3553 2229 3610 suﬂiciens
2260 3571 2438 3612 suum-
2457 3571 2721 3628 generare
2751 3555 2952 3611 Filium
2976 3597 2992 3624 ,
3042 3573 3167 3611 cum
3202 3571 3349 3610 nunc
3388 3555 3545 3610 illum

1952 3646 2295 3702 sufﬁcienter
2338 3648 2492 3704 solus
2538 3657 2805 3720 generat,
2837 3648 3301 3717 quemadmodum
3337 3657 3394 3702 et
3428 3657 3543 3702 tum

1951 3736 2101 3793 solus
2132 3735 2475 3795 sufﬁcienter
2525 3739 2805 3810 Spiritum.
2846 3749 3097 3795 sanctum
3139 3738 3493 3809 produxisset
3526 3756 3543 3795 :

1951 3829 2048 3884 sed
2079 3829 2223 3898 quod
2256 3829 2486 3900 perinde
2512 3840 2677 3905 atque
2710 3831 2872 3887 Pater
2894 3831 3264 3903 generativam
3312 3830 3545 3886 faculta-

1953 3929 2065 3975 tem
2115 3919 2222 3975 sibi
2267 3936 2367 3991 per
2412 3921 2769 3991 spirationem
2817 3924 3318 3989 communicatam,
3367 3920 3556 3979 veluti.

1953 4010 2348 4080 perfectionem
2380 4022 2435 4069 et
2478 4014 2796 4070 facultatem
2824 4016 3207 4086 possedisset,
3244 4029 3369 4070 eum
3405 4012 3569 4070 non-‘

1948 4103 2079 4157 dum
2119 4103 2290 4160 Filius
2336 4121 2366 4159 a
2410 4106 2573 4185 Patre
2616 4108 2951 4179 cogitatione
2998 4117 3186 4163 nostra
3236 4107 3547 4178 productus

1949 4204 2119 4251 esset.
2152 4197 2228 4270 .Et
2274 4184 2416 4253 hanc
2442 4198 2667 4268 quidem
2701 4200 3031 4271 theologiam
3061 4200 3382 4269 implicitam
3429 4200 3543 4255 Ro-

1949 4303 2108 4342 mana
2159 4289 2408 4346 Ecclesia
2460 4292 2784 4361 explicans,
2830 4302 2879 4345 et
2944 4308 3009 4346 ex
3063 4288 3209 4346 Filio
3281 4276 3542 4363 Spiritum

1947 4378 2229 4448 procedere
2282 4379 2699 4449 determinavit;
2729 4381 2786 4436 id
2830 4381 3040 4437 scilicet
3073 4381 3361 4436 insinuans
3384 4422 3399 4448 ,
3445 4397 3543 4451 per

1948 4468 2149 4523 Filium
2181 4483 2249 4524 ex
2287 4470 2472 4537 Patre,
2497 4480 2558 4525 ut
2600 4471 2773 4527 hocce
2816 4461 3070 4535 causam,
3105 4480 3163 4525 et
3203 4471 3407 4525 fontem
3434 4513 3458 4538 ,
3484 4482 3542 4527 et

261 4562 408 4613 νοεῖν
434 4558 523 4612 διὰ
558 4557 750 4611 τούτου
775 4547 950 4625 τῷ’δι’
987 4555 1121 4610 Υίοῦ
1164 4557 1229 4610 ὲκ
1266 4557 1505 4628 Πατρδς,
1563 4557 1634 4610 ἵν’
1663 4557 1845 4611 αἰτίαν

1953 4560 2286 4631 principium
2317 4562 2560 4632 primum
2602 4562 2780 4618 sancti
2826 4560 3066 4632 Spiritus
3094 4561 3406 4633 liypostasis
3439 4564 3542 4618 Pa-

264 4652 368 4722 μὲν
399 4650 489 4704 διὰ
521 4649 718 4702 τούτου
745 4648 840 4701 καὶ
865 4647 1055 4718 πηγὴν
1090 4648 1184 4700 καὶ
1212 4646 1391 4718 ἀρχὴν
1429 4647 1493 4713 ἐξ
1528 4646 1706 4717 ἀρχῆς
1737 4663 1847 4717 πη-

259 4746 430 4814 γαίαν
486 4745 588 4812 τῆς
626 4740 723 4796 τοῦ
758 4741 919 4810 ἁγίου
970 4742 1294 4809 Πνεύματος
1345 4741 1696 4804 ὑποστάσεως
1757 4741 1849 4794 τὸν

259 4836 488 4909 Πατέρα
519 4834 754 4906 κηρύξῃ,
784 4833 878 4887 καὶ
905 4835 1046 4888 κατὰ
1080 4834 1183 4904 τὴν
1214 4833 1310 4909 τοῦ
1339 4833 1478 4887 Θεοῦ
1524 4833 1701 4902 Λόγου
1738 4850 1849 4903 φω-

261 4907 692 4999 vnn-fumium;
721 4926 780 4979 δὲ
815 4926 909 4978 τὸν
934 4925 1086 4992 Υἰὺν,
1153 4927 1248 4978 καὶ
1294 4925 1479 4997 πηγὴν
1528 4927 1593 4979 ὲκ
1641 4926 1847 4997 πηγῆς,

261 5019 363 5074 καὶ
387 5017 561 5091 ἀρχῆς
599 5017 702 5085 τῆς
743 5012 919 5083 αὐτῆς
975 5014 1352 5079 ὑποστάσεως,
1409 5014 1487 5084 τῷ
1542 5016 1694 5085 παρὰ
1750 5013 1851 5068 τοῦ

263 5106 482 5175 Πατρὸς
509 5103 675 5159 αὐτὸν
706 5101 852 5173 ἔχειν
888 5101 985 5173 τὴν
1023 5102 1399 5173 προϐλητικὴν
1457 5102 1714 5171 δύναμιν,
1772 5102 1845 5165 ὡς

264 5199 550 5267 ἐλέγομεν,
575 5190 610 5272 ᾗ
643 5195 834 5266 Πατὴρ
862 5196 1105 5267 παράγει
1128 5196 1191 5248 τὸ
1212 5194 1439 5264 Πνεῦμα
1461 5196 1522 5248 τὸ
1553 5195 1729 5264 ἆγιον.
1758 5195 1848 5247 Διδ

266 5292 367 5346 καὶ
411 5290 711 5360 ἀρχοειδῶς
747 5290 847 5358 μὲν
877 5289 972 5342 καὶ
1006 5287 1456 5359 προηγουμένως,
1490 5287 1659 5357 φαίην
1688 5286 1844 5350 ὸ’“Ξιν,

265 5384 365 5439 καὶ
398 5380 877 5451 προκαταρτικῶς,
896 5382 994 5461 καὶ
1022 5381 1293 5451 ἀρχικῶς,
1321 5382 1419 5451 καὶ
1434 5381 1641 5451 κυρίως
1666 5382 1730 5433 ὲκ
1752 5379 1847 5431 τοῦ

266 5475 487 5544 Πατρός
519 5472 769 5544 προῖέναι
797 5474 932 5542 φησὶ
960 5472 1018 5525 τὸ
1050 5472 1276 5543 Πνεῦμα
1303 5472 1362 5526 τὺ
1394 5472 1573 5541 ἅγιον.
1608 5472 1702 5537 Ἐξ
1717 5472 1846 5525 Υἱοῦ

262 5569 327 5623 δὲ
348 5568 447 5637 οὐχ
470 5565 634 5631 οῦτω,
654 5564 754 5619 κᾶν
777 5566 870 5618 καὶ
892 5564 952 5628 ἐξ
982 5564 1146 5618 αὑτοῦ
1170 5570 1235 5635 τῇ
1264 5565 1402 5636 αὐτῇ
1426 5566 1742 5635 παράγηται
1760 5566 1849 5618 δυ-

264 5659 431 5728 νάμει
464 5658 561 5711 καὶ
589 5656 849 5731 προϐολῇ.
872 5656 1007 5710 Ούδὲ
1028 5658 1137 5726 γὰρ
1164 5656 1336 5718 αἴτιος
1370 5659 1669 5721 άναίτιοςιὸ
1699 5659 1847 5722 Υἱὸς,

263 5750 392 5806 οὐδὲ
424 5749 566 5821 ἀρχὴ
592 5749 828 5819 ἄναρχος
860 5750 957 5819 τῆς
989 5751 1083 5802 τοῦ
1118 5748 1434 5819 Πνεύματος
1469 5750 1847 5813 ὑποστάσεως.

338 5845 413 5912 η’.
445 5836 635 5909 Ταῦτά
663 5854 743 5892 τοι
794 5838 897 5894 καὶ.
939 5838 1008 5905 ἐξ
1058 5841 1195 5895 Υἱοῦ
1229 5841 1412 5914 λέγειν
1465 5839 1721 5896 ἐθέσπισε
1781 5845 1843 5897 τὸ

1954 4660 2092 4707 trem
2124 4652 2427 4724 evulgaret,
2455 4654 2625 4709 etiam
2652 4654 2959 4709 secundum
3002 4655 3094 4708 Dei
3122 4653 3289 4711 Verbi
3321 4670 3536 4723 vocem,

1950 4754 2004 4796 et
2035 4730 2254 4797 causam
2283 4729 2651 4798 communiter
2684 4744 2904 4812 Filium,
2936 4757 2993 4800 et
3022 4747 3230 4803 fontem
3265 4761 3332 4803 ex
3358 4746 3543 4814 fonte,

1951 4844 2007 4890 et
2064 4834 2394 4905 principium
2457 4852 2524 4890 ex
2568 4837 2837 4906 principio
2885 4839 3134 4909 ejusdem
3188 4841 3533 4912 Itypostasis,

1951 4926 2100 4996 quod
2146 4943 2178 4982 a
2242 4914 2558 4999 Patreipse
2603 4930 2985 4998 productivam
3024 4932 3378 5005 facultatem,
3425 4949 3536 5003 qua

1951 5019 2113 5075 Pater
2147 5012 2413 5090 Spiritum
2448 5034 2697 5081 sanctum
2749 5028 3035 5096 producit,
3084 5040 3145 5083 ut
3188 5030 3531 5097 dicebamus,

1951 5111 2168 5166 habeat.
2212 5112 2562 5186 Quapropter
2596 5120 2984 5191 a'primigenia
3023 5137 3186 5178 causa
3231 5134 3284 5179 et
3329 5124 3539 5193 princi-
3616 5182 3623 5187 .

1952 5203 2082 5274 pali,
2122 5204 2380 5263 adderem
2412 5209 2553 5279 ipse,
2590 5212 2853 5281 primaria
2906 5226 2963 5271 et
2997 5218 3272 5288 praecipua
3327 5227 3382 5273 ct
3410 5235 3537 5290 pro-

1952 5298 2067 5364 pria
2099 5313 2131 5353 a
2163 5299 2324 5356 Patre
2356 5303 2656 5370 procedere
2681 5306 2849 5363 tradit
2878 5306 3143 5379 Spiritum
3161 5323 3406 5366 sanctum
3428 5353 3443 5377 ,
3465 5327 3536 5365 ex

1952 5388 2091 5479 Filio
2125 5406 2252 5448 vero
2282 5408 2390 5449 non
2416 5410 2592 5479 aeque,
2620 5399 2752 5455 licet
2788 5411 2846 5457 et
2886 5416 2955 5457 ex
2986 5404 3103 5474 ipso
3137 5402 3328 5457 eadem
3363 5401 3534 5454 facul-

1953 5478 2063 5537 tate
2118 5491 2174 5538 et
2216 5478 2579 5553 productione
2613 5493 2968 5561 producatur.
3013 5496 3203 5566 Neque
3242 5494 3389 5549 enim
3436 5493 3531 5547 Fi-

1950 5573 2056 5628 lius
2085 5582 2172 5630 est
2200 5591 2366 5633 causa
2411 5579 2532 5635 sine
2578 5596 2743 5639 causa
2772 5624 2787 5649 ,
2831 5601 3011 5656 neque
3045 5587 3372 5655 principium
3408 5585 3528 5642 siue

1952 5666 2223 5736 principio
2250 5668 2562 5739 liypostasis
2587 5672 2848 5745 Spiritus.
3590 5668 3597 5673 ’

2021 5842 2073 5899 8.
2117 5845 2526 5919 Proptereaque
2548 5860 2596 5903 ct
2649 5867 2711 5904 ex
2758 5849 2897 5904 Filio
2937 5851 3043 5905 dici
3096 5849 3351 5917 Spiritum
3400 5868 3531 5907 salt-
