4034 6444
285 335 422 400 1οἾ9
451 333 454 336 ’

1065 346 1304 412 EPIST.
1348 350 1452 413 AD
1491 352 1672 417 DOM.
1710 355 2169 436 ROBOREUM,
2197 365 2414 428 CARD.
2448 367 2767 430 TAURIN.

3417 367 3553 435 1010

277 451 425 564 [fire
457 465 621 564 "uno
646 461 738 564 ξεί
770 456 876 564 συί·
901 457 1135 564 ίεῐξοτθξυ
1177 463 1478 564 Ψωξῐιιίά
1530 483 1684 525 amor
1730 471 1862 526 θῦε·
1894 480 1938 534 Α
1971 486 2116 532 recta
2173 481 2400 536 minime
2457 481 2573 536 ﬁeri
2625 488 2827 552 potest.
2861 479 3129 564 Quocirca
3165 493 3268 536 nec
3321 479 3375 535 id
3419 495 3552 536 sane

278 549 432 609 ctat,
464 542 595 613 quid
645 545 1029 605 benevolentia
1075 552 1308 623 ﬂagitat,
1338 556 1592 627 ignorare
1637 561 1866 616 nimium

277 633 504 692 hebetis
537 651 692 705 sane,
728 641 962 696 nimium
996 645 1249 701 vecordis
1294 647 1532 702 hominis
1567 665 1689 706 esse
1735 667 1870 707 con-

279 732 411 781 stat.
443 726 510 781 Et
540 728 594 782 id
619 731 763 799 quod
808 733 1208 792 benevolentia:
1239 741 1377 794 ratio
1399 741 1667 811 postulat,
1723 745 1870 814 quod

283 829 316 871 e
347 818 674 884 praecordiis
702 823 912 883 amoris
934 826 1169 897 emergit
1197 829 1478 900 negligere
1513 833 1872 902 posthabere-

283 919 392 973 que
419 907 541 975 ejus
566 921 652 964 est
681 910 952 980 profecto,
1010 917 1097 972 cui
1139 933 1230 973 res
1259 920 1450 975 eadem
1487 922 1664 992 placet
1707 933 1870 994 atque

281 1011 391 1050 non
451 998 660 1067 placet,
697 1003 908 1073 quique
948 1008 1206 1064 maximis
1240 1011 1296 1066 in
1347 1013 1510 1068 rebus
1551 1014 1874 1071 honestissi-

283 1089 500 1158 misque
552 1101 745 1163 suapte
802 1107 997 1164 sponte
1042 1099 1338 1172 delinquit.
1401 1103 1611 1175 Omitto
1670 1116 1874 1162 mutuae

282 1176 683 1235 benevolentiae
723 1186 1010 1255 mutuique
1054 1192 1261 1247 amoris
1295 1195 1488 1250 merita
1517 1195 1750 1266 juraque
1784 1212 1873 1251 rc-

283 1268 429 1324 ferre
458 1288 474 1327 ε
499 1275 704 1341 quibus
751 1278 796 1332 si
847 1279 1122 1349 quispiam
1175 1285 1359 1353 quoad
1391 1288 1540 1342 vires
1569 1297 1872 1358 suppetunt

283 1363 434 1421 haud
495 1369 851 1439 respondeat,
881 1372 1296 1443 ingratitudinis
1320 1378 1592 1434 obnoxius
1615 1379 1876 1450 iniquita—

283 1457 423 1512 tisve
449 1459 671 1523 crimini
701 1477 809 1516 non
845 1463 1041 1535 injuria
1087 1466 1254 1521 fuerit
1284 1486 1297 1522 :
1332 1485 1361 1523 a
1392 1470 1592 1539 quibus
1633 1470 1871 1526 humana

285 1551 536 1618 probitas
591 1553 927 1626 ingenuique
967 1573 1148 1614 mores
1188 1561 1536 1630 potissimum
1571 1563 1872 1618 abhorrere

282 1639 562 1698 videntur.
592 1643 673 1699 Tu
697 1645 822 1700 vita:
847 1647 1012 1702 talem
1039 1658 1226 1706 tenere
1253 1653 1624 1721 pulcherrime
1648 1670 1870 1710 cursum

284 1733 598 1803 instituisti,
652 1746 715 1792 ut
737 1739 1056 1798 demeaticis
1083 1743 1249 1799 rebus
1277 1745 1708 1803 familiaribnsve
1732 1748 1872 1803 bene

221 1833 238 1844 ‘
281 1823 546 1895 lauteque
583 1826 867 1897 dispositis
909 1834 1109 1900 partim
1153 1835 1482 1903 amplissimi
1518 1837 1872 1906 magistratus

285 1914 466 1970 ofﬁcio
499 1931 838 1988 munereque
865 1921 1084 1977 caeteris
1105 1923 1428 1981 hominibus
1447 1929 1597 1982 vivas
1631 1945 1644 1980 :
1672 1928 1870 1996 partim

285 2005 343 2062 in
370 2007 682 2064 litterarum
724 2012 824 2066 tibi
865 2015 1064 2068 studiis
1098 2015 1477 2088 doctrinisque
1512 2019 1873 2076 nobilissimis

283 2099 618 2164 satisfacias,
673 2112 966 2174 utramque
1012 2122 1285 2163 summam
1335 2110 1558 2166 vivendi
1601 2115 1872 2167 rationem

285 2192 627 2261 complexus.
660 2193 715 2247 In
752 2211 860 2265 qua
899 2197 999 2252 tibi
1039 2213 1129 2254 me
1172 2214 1392 2270 quoque
1417 2202 1673 2257 comitem
1709 2213 1874 2273 atque

285 2282 498 2338 socium
529 2284 773 2340 ascivisti
801 2302 816 2340 :
847 2302 957 2342 non
991 2289 1199 2346 inscius
1220 2292 1400 2346 studia
1429 2294 1630 2363 quibus
1661 2295 1875 2352 incum-

286 2376 471 2431 bimus
508 2379 836 2447 expeditius,
861 2381 1111 2437 exactius
1145 2383 1250 2438 hoc
1273 2394 1434 2454 pacto
1462 2387 1728 2444 meliusve
1753 2390 1871 2445 ﬁeri

290 2483 476 2538 posse.
527 2468 640 2540 Ego
675 2470 769 2541 qui
822 2487 914 2527 res
967 2489 1163 2528 omnes
1197 2474 1488 2545 humanas,
1514 2480 1724 2549 optimo
1764 2481 1873 2536 fine

286 2561 523 2628 sublato,
543 2559 726 2616 Vanas
771 2577 892 2617 esse
970 2563 1132 2619 nihili
1185 2566 1610 2639 pendendasque
1654 2586 1873 2642 semper

289 2653 476 2721 putavi
509 2669 522 2706 :
560 2654 722 2722 cujus
769 2653 859 2706 illa
890 2656 1163 2711 sententia
1189 2667 1465 2728 perpetua
1510 2659 1614 2714 fuit
1650 2662 1872 2717 :homi-

285 2763 413 2802 nem
455 2749 749 2818 utriusque
791 2749 918 2804 vita:
963 2751 1236 2807 rationem
1273 2755 1618 2825 complexum
1653 2759 1872 2815 :oculis

286 2840 538 2910 utrisque
598 2840 830 2910 praadito
865 2843 1084 2913 corpori
1119 2859 1133 2898 :
1165 2855 1442 2900 carentem
1485 2847 1655 2902 altera
1691 2848 1865 2915 lusco,

286 2931 673 3000 praestantiore
727 2933 922 2988 dextro
962 2945 1186 3005 aspectu
1243 2953 1259 2991 :
1293 2935 1555 2992 inferiore
1591 2938 1817 2995 sinistro
1851 2956 1867 2995 :

289 3033 572 3094 expertem
607 3027 895 3095 utriusque
927 3041 1072 3081 caeco
1109 3028 1332 3097 penitus
1362 3030 1700 3099 persimilem
1726 3046 1868 3087 esse.

1972 571 2360 641 negligendum
2394 585 2516 629 esse
2546 573 2734 630 censui
2770 593 2784 628 :
2815 573 2960 643 quod
2991 572 3214 642 quidem
3253 571 3398 626 haud
3438 587 3551 624 mc-

1975 661 2239 718 dioeriter
2269 664 2389 723 sine
2424 664 2595 719 dubio
2624 664 2786 720 nobis
2823 663 3073 720 conferet
3101 663 3168 718 ad
3202 662 3258 718 id
3292 663 3358 717 ad
3403 660 3550 732 quod

1977 752 2201 808 tendere
2226 755 2599 825 maximopere
2627 755 2902 825 cupimus.
2935 753 3263 817 Aristotelis,
3299 752 3547 822 inquam,

1975 843 2125 898 illius
2156 846 2331 901 nostri
2377 845 2838 916 praestantissimi,
2875 840 3190 915 philosophi
3242 841 3556 911 summique

1974 933 2204 992 artiﬁcis
2227 950 2395 1005 opera
2420 937 2687 992 nonnulla
2713 937 2988 993 bonorum
3020 936 3266 991 omnium
3294 935 3408 990 sola
3432 948 3556 988 meo

1969 1023 2179 1092 judicio
2225 1025 2422 1088 fontes,
2458 1028 2606 1083 unde
2667 1027 2794 1084 ﬁnis
2823 1028 3100 1082 humanus
3143 1035 3383 1089 emanat,
3443 1025 3557 1080 ele-

1973 1115 2192 1186 gantius
2242 1133 2389 1173 nunc
2443 1119 2730 1175 traducere
2787 1106 2998 1189 tibique
3053 1118 3254 1173 oﬁ‘crre
3304 1115 3424 1170 :ab
3485 1130 3553 1170 eo

1974 1209 2321 1278 potissimum
2373 1210 2532 1265 initio
2566 1220 2811 1281 sumpto,
2872 1225 2982 1280 quo
3014 1209 3244 1266 scientia
3279 1208 3348 1263 de
3375 1207 3557 1261 anima

1977 1301 2233 1355 traditur.
2263 1301 2381 1367 Qua
2408 1302 2572 1371 plane
2603 1318 2715 1357 non
2749 1301 2918 1357 modo
2944 1309 3269 1356 ceterorum
3308 1284 3556 1353 omnium

1975 1391 2360 1457 animantium,
2436 1392 2532 1447 sed
2581 1400 2830 1447 nostrum
2879 1391 3046 1446 etiam
3077 1384 3425 1444 exactissime
3464 1401 3563 1440 na~

1977 1489 2176 1546 turam,
2238 1481 2600 1551 humanaeque
2652 1480 2933 1536 felicitatis
2994 1478 3289 1548 originem,
3342 1489 3562 1541 causas,

1975 1571 2248 1642 principia
2300 1571 2593 1643 fontesque
2641 1571 2931 1642 percipere
2981 1581 3298 1640 possumus.
3332 1566 3470 1621 Nam
3504 1574 3567 1621 ut

1977 1671 2031 1716 te
2071 1677 2179 1716 non
2216 1663 2481 1731 praeterit,
2517 1672 2814 1731 utrumque
2860 1675 3007 1715 cura:
3065 1673 3174 1712 non
3214 1655 3419 1728 injuria
3465 1667 3566 1709 no-

1979 1751 2064 1806 bis
2090 1767 2210 1809 esse
2244 1768 2259 1806 :
2291 1767 2394 1807 nos
2437 1752 2550 1823 jam
2593 1752 2684 1807 diu
2717 1750 3016 1806 statuimus
3065 1765 3079 1802 :
3119 1762 3305 1803 rerum
3339 1745 3564 1816 inquam

1975 1845 2227 1900 notitiam
2278 1865 2293 1900 :
2339 1853 2448 1899 tam
2500 1859 2694 1898 earum
2748 1857 2872 1912 quae
2918 1839 3128 1895 nullius
3175 1847 3342 1908 egent
3379 1850 3566 1906 opera:

1976 1945 2179 1993 nostra:
2224 1954 2238 1991 :
2280 1951 2444 2006 quam
2497 1947 2691 1990 earum
2727 1947 2965 2003 quarum
3009 1945 3111 1986 nos
3164 1937 3418 1984 auctores
3468 1941 3563 1981 su-

1975 2042 2098 2082 mus
2128 2045 2142 2080 :
2166 2041 2398 2097 quaeque
2422 2025 2522 2081 sub
2546 2032 2822 2095 potestate
2853 2031 3049 2078 nostra
3074 2028 3207 2077 sunt
3235 2020 3514 2076 collocata
3541 2033 3557 2070 ε

1976 2130 2033 2176 et
2055 2120 2386 2190 elegantiam
2413 2118 2616 2188 linguae
2647 2134 2662 2173 :
2695 2115 2916 2173 dicendi
2942 2115 3213 2170 rationem
3243 2129 3258 2166 :
3284 2107 3559 2167 delectum

1975 2211 2272 2266 verborum
2304 2228 2319 2264 :
2352 2218 2636 2276 ornatum,
2675 2215 3024 2264 venustatem
3065 2220 3130 2261 ac
3156 2204 3372 2274 copiam
3405 2219 3420 2257 :
3453 2215 3564 2271 quo

1912 2346 1916 2350 .
1977 2317 2073 2358 res
2101 2300 2510 2371 sententiaeque
2552 2300 2782 2355 dictioni
2819 2316 2834 2354 :
2867 2308 2923 2355 et
2956 2298 3126 2354 rebus
3166 2293 3566 2361 sententiisque

1976 2392 2146 2447 dictio
2180 2391 2253 2447 sit
2275 2390 2610 2447 conveniens
2627 2397 2802 2460 atque
2826 2386 3260 2451 accommodata,
3317 2385 3364 2440 si
3390 2380 3569 2439 sensis

1976 2483 2289 2540 orationes:
2315 2498 2473 2541 sensa
2496 2483 2666 2554 rebus
2683 2479 3150 2539 accommodanda
3174 2478 3308 2540 sint,
3365 2482 3426 2529 ut
3451 2480 3566 2527 tum

1974 2576 2220 2643 ipsorum
2247 2567 2402 2631 ratio”
2423 2558 2732 2644 naturaque
2761 2615 2776 2638 .
2808 2581 2924 2629 tum
2947 2569 3229 2628 institutio
3255 2567 3568 2636 sapientum

1974 2665 2258 2720 hominum
2280 2664 2786 2735 expetit,eﬂlagitat
2807 2672 2972 2734 atque
2989 2660 3257 2732 exposcit.
3276 2658 3396 2714 Non
3422 2656 3568 2710 enim

1973 2757 2011 2812 ii
2045 2757 2210 2812 nobis
2265 2765 2327 2811 ut
2359 2757 2702 2827 exemplaria
2756 2755 2871 2812 sint
2911 2749 3256 2826 proponendi
3304 2747 3443 2819 :qui
3485 2744 3568 2800 vel

1974 2853 2174 2902 ornatu
2206 2846 2506 2903 verborum
2563 2851 2797 2902 utuntur
2830 2843 2952 2900 sine
2983 2841 3178 2898 notitia
3210 2851 3395 2893 rerum
3436 2853 3452 2890 :
3480 2833 3568 2889 vel

1973 2938 2205 2994 scientia
2235 2937 2451 3009 praediti
2479 2944 2626 3004 sunt,
2679 2935 2801 2992 sine
2841 2933 3040 3006 peritia
3067 2928 3298 2988 rationis
3324 2924 3567 2982 dicendi-

1973 3029 2211 3100 Insignis
2263 3027 2513 3098 profecto
2560 3024 2921 3096 turpitudinis
2973 3029 3059 3078 est
3109 3023 3568 3088 utrumque,tam

287 3113 390 3170 Cui
433 3115 624 3186 religio
660 3115 1002 3171 sanctissima
1046 3126 1258 3185 nostra,
1296 3120 1457 3175 nobis
1501 3121 1685 3177 oblata
1731 3122 1869 3177 divi-
1905 3144 1950 3203 ο
1979 3135 2120 3176 vane
2155 3134 2320 3189 quam
2380 3132 2550 3189 prave
2589 3116 2765 3186 loqui,
2816 3126 3132 3186 quanquam
3181 3109 3440 3203 alterum,
3481 3103 3570 3157 vel

288 3209 464 3274 nitus,
520 3208 628 3263 hac
671 3223 891 3278 quoque
928 3208 1141 3266 ratione
1184 3210 1333 3279 quod
1380 3222 1705 3281 perornatos
1749 3229 1880 3284 per-

291 3299 587 3370 fectosque
656 3300 911 3356 homines
968 3311 1204 3370 utroque
1268 3303 1491 3358 vivendi
1551 3305 1718 3361 modo
1765 3307 1886 3362 suis

298 3391 693 3462 pulcherrimis
719 3392 936 3462 legibus
963 3392 1346 3464 institutisque
1381 3394 1615 3452 reddere
1649 3407 1757 3452 tam
1791 3413 1887 3454 na-

297 3491 436 3537 turae
469 3498 632 3552 quam
677 3471 871 3553 opiﬁci
898 3497 1002 3539 suo
1060 3494 1314 3552 conatur,
1374 3486 1735 3543 vehementer
1772 3489 1888 3558 pla-

299 3583 391 3630 cet
425 3590 440 3630 :
475 3589 638 3644 quem
677 3574 918 3645 denique
947 3587 1148 3646 praeter
1177 3577 1518 3633 honestatem
1547 3580 1773 3634 omnino
1801 3595 1889 3636 sa-

296 3666 628 3737 pientiaeque
649 3667 827 3722 studia
851 3667 986 3721 nihil
1009 3668 1248 3723 delectat
1273 3685 1288 3722 :
1311 3669 1442 3738 quid
1464 3684 1591 3740 erga
1610 3678 1661 3724 te
1687 3669 1884 3727 faciam

298 3773 487 3830 quaeso
512 3758 642 3827 quid
662 3773 818 3828 agam
845 3774 860 3812 :
893 3758 1040 3827 quod
1060 3759 1130 3814 ad
1160 3767 1424 3829 utrosque
1443 3776 1545 3816 nos
1573 3775 1888 3816 accommo-

299 3847 647 3905 datissimum
673 3848 844 3906 fuerit
871 3865 888 3901 :
919 3856 1035 3902 tum
1076 3849 1341 3916 inStante,
1384 3858 1610 3919 urgente
1639 3847 1884 3918 compel-

297 3939 563 4008 lenteque
591 3953 779 3993 amore
817 3955 831 3992 :
870 3949 982 3992 tum
1012 3938 1268 3993 instituto
1298 3939 1426 3993 vita:
1457 3938 1692 4008 perinde
1721 3947 1887 4008 atque

298 4033 497 4082 natura
561 4039 840 4094 movente,
871 4037 927 4082 et
960 4027 1134 4080 veluti
1182 4039 1338 4081 recta
1381 4027 1594 4081 ratione
1636 4027 1885 4096 jubente.

299 4119 495 4175 Nonne
531 4119 584 4173 id
634 4135 796 4174 omne
838 4119 983 4189 quod
1018 4118 1242 4174 affectas
1279 4119 1443 4174 modo
1467 4119 1628 4174 nobis
1659 4119 1890 4176 facultas

303 4212 451 4266 adsit
488 4231 502 4267 :
533 4222 591 4266 ut
625 4227 734 4267 non
793 4212 962 4282 inepti
989 4211 1291 4270 videamur.
1323 4226 1432 4265 non
1461 4211 1634 4282 ignari
1673 4213 1892 4282 penitus

302 4303 557 4368 rationis,
588 4302 692 4356 alia
732 4303 940 4372 quaevis
991 4301 1196 4357 oﬁ‘eren
1211 4311 1290 4356 tes
1343 4317 1451 4356 non
1485 4318 1550 4357 ea
1581 4303 1786 4372 quibus
1808 4311 1893 4358 est

304 4410 466 4465 cpus.
491 4393 686 4449 Nonne
716 4393 772 4447 id
806 4408 971 4449 omne
995 4393 1142 4462 quod
1189 4392 1271 4447 ad-
1289 4402 1603 4462 exoptatum
1650 4393 1893 4449 hominis

306 4489 470 4542 ﬁnem
516 4487 678 4541 facile
701 4486 1154 4556 consequendum
1183 4486 1281 4541 tibi
1309 4487 1620 4542 conducere
1663 4495 1841 4556 potest
1874 4503 1889 4540 :
1924 4475 1968 4530 ι)

305 4580 373 4633 ad
417 4594 586 4648 quem
627 4578 739 4645 jam
787 4579 902 4647 ipse
949 4586 1063 4632 toto
1107 4579 1291 4633 Studio
1337 4589 1649 4648 conatuque
1689 4582 1891 4650 pergis.

307 4668 644 4724 Succurrere
684 4683 849 4738 porro
892 4668 1078 4738 quoad
1127 4669 1273 4723 vires
1307 4668 1437 4721 mihi
1491 4669 1892 4738 SUppeditant:

308 4761 744 4834 praeclarissimis
786 4759 1293 4816 ac'honestissimis
1343 4761 1452 4814 tuis
1478 4759 1679 4815 studiis
1712 4777 1726 4813 :
1765 4776 1897 4832 ope-

310 4868 539 4922 ramque
569 4852 677 4908 .tibi
711 4852 842 4907 dare
869 4852 1215 4920 frequentem
1266 4868 1282 4906 :
1326 4852 1541 4907 caeteris
1591 4843 1756 4908 rebus
1797 4867 1896 4906 ne-

316 4944 514 5016 glectis
528 4952 696 5013 atque
719 4942 1052 5012 posthabitis
1077 4959 1090 4993 :
1118 4958 1298 5012 opera!
1324 4945 1557 5011 pretium
1579 4959 1699 4998 esse
1721 4943 1854 4997 duxi
1881 4961 1894 4997 :

311 5047 482 5104 atque
523 5035 620 5090 tibi
660 5034 782 5089 vias
828 5034 1143 5101 itineraque
1198 5033 1402 5102 quibus
1457 5034 1522 5087 ad
1574 5033 1896 5088 felicitatem
1932 5041 1952 5064 ‘

313 5129 610 5184 humanam
644 5125 1149 5194 bcatitudinemque
1172 5136 1328 5179 recta
1348 5126 1618 5194 pergitur,
1666 5125 1900 5180 demon-

315 5221 543 5277 stranda
567 5233 688 5274 esse
718 5219 928 5287 putavi.
958 5217 1167 5271 Tecum
1192 5231 1301 5270 una
1335 5217 1466 5269 mihi
1490 5217 1752 5284 legendos
1775 5231 1898 5272 esse

321 5312 625 5381 scriptorcs
687 5313 744 5364 c't
779 5319 1032 5363 auctores
1086 5307 1354 5362 bonarum
1399 5308 1603 5361 artium
1645 5308 1900 5378 pervolu-

317 5403 630 5472 tandosque
662 5399 876 5454 censui.
910 5399 1256 5453 Evocandam
1299 5400 1353 5452 in
1395 5400 1568 5453 lucem
1608 5414 1732 5454 esse
1754 5399 1898 5454 veri-

319 5504 490 5551 tatem
533 5495 586 5548 in
629 5493 734 5550 illis
776 5491 1046 5566 inclusam
1091 5506 1312 5545 omnem
1348 5491 1684 5546 existimavi.
1718 5493 1901 5548 Disse-

317 5585 480 5643 rendi
522 5585 760 5655 denique
795 5585 1070 5641 facultatis
1108 5583 1375 5639 formulas
1418 5600 1482 5638 ac
1531 5585 1776 5641 rationes
1807 5586 1903 5641 de-

320 5678 645 5750 gustandas,
704 5679 843 5732 haud
898 5676 1305 5746 posthabendas
1359 5692 1482 5731 esse
1548 5677 1892 5747 dijudicavi:

326 5771 450 5826 sine
516 5771 716 5842 quibus
778 5770 1121 5841 investigatio
1185 5770 1435 5827 veritatis
1501 5769 1893 5840 ocrccptioque

1989 3211 2325 3282 impotentia:
2375 3209 2522 3265 forte
2571 3207 2816 3273 fortuna,
2861 3205 2948 3260 vel
2997 3199 3259 3274 segnitiei
3305 3197 3568 3252 ratione:

1987 3303 2293 3361 secundum
2332 3301 2517 3373 petius
2572 3307 2660 3356 est
2706 3295 3108 3368 expetendum.
3155 3290 3572 3363 Conjungamus

1987 3411 2089 3451 nos
2114 3411 2178 3450 ea
2209 3409 2331 3465 quae
2358 3390 2741 3464 coniungenda
2771 3391 3000 3444 omnino
3033 3393 3184 3450 sunt,
3217 3396 3329 3436 non
3359 3393 3426 3435 ea
3452 3390 3574 3447 qua

1958 3489 2108 3556 ,sine
2143 3486 2414 3542 dedecore
2453 3498 2566 3539 suo
2596 3487 2784 3552 potest
2819 3491 3063 3548 unquam
3107 3473 3448 3544 conjungere
3477 3482 3574 3522 ne-

1989 3593 2102 3643 mo,
2136 3591 2200 3632 ac
2230 3573 2554 3646 sapientiam
2589 3571 2658 3627 ab
2683 3569 2980 3640 elegantia,
3023 3567 3214 3634 lepore
3260 3565 3576 3616 venustate-
3651 3637 3654 3640 ἢ

1969 3683 2098 3740 .que
2125 3666 2423 3723 verborum
2457 3661 2841 3730 orationisque
2889 3673 2999 3712 non
3033 3665 3380 3724 separemus.
3419 3649 3575 3704 Hanc

1990 3762 2154 3832 igitur
2182 3771 2407 3828 operam
2434 3756 2554 3826 ipse
2600 3767 2719 3809 mea
2761 3747 3034 3808 sententia
3063 3762 3173 3802 non
3195 3745 3570 3807 inhonestam,

1989 3831 2098 3907 non
2149 3849 2426 3912 inutilem,
2453 3861 2565 3900 non
2618 3840 2996 3915 injucundam,
3050 3852 3159 3892 non
3214 3850 3243 3889 a
3290 3831 3572 3907 communi

1990 3949 2181 3997 nostro
2213 3936 2500 4010 proposito
2529 3952 2543 3989 :
2573 3950 2682 3990 non
2700 3948 2730 3988 a
2757 3940 2946 3987 mutua
2973 3938 3160 3985 nostra
3190 3923 3574 3982 benevolentia

1991 4030 2352 4088 dissidentem
2381 4043 2446 4083 ac
2483 4026 2880 4082 abhorrentem
2917 4039 2932 4077 :
2967 4019 3203 4076 dandam
3248 4030 3373 4073 esse
3416 4011 3576 4086 quasi

1991 4125 2113 4195 lege
2147 4121 2384 4192 quadam
2427 4118 2708 4175 assiduam
2759 4132 2791 4170 a
2826 4130 2916 4171 me
2969 4112 3071 4169 tibi
3121 4111 3578 4180 frequentemque

1993 4216 2211 4284 censui,
2243 4212 2412 4270 statui
2444 4210 2690 4272 deﬁnivi,
2721 4218 2888 4278 atque
2928 4206 3090 4271 adeo,
3121 4213 3183 4259 ut
3213 4201 3318 4257 nisi
3366 4207 3580 4254 naturae

1994 4307 2370 4373 necessitudo,
2414 4305 2564 4361 nulla
2603 4303 2688 4359 vis
2727 4316 2849 4357 eam
2906 4298 3066 4355 nobis
3095 4297 3340 4351 adimere
3378 4290 3576 4362 possit.

1995 4401 2128 4468 Quae
2154 4414 2278 4455 cum
2310 4397 2388 4452 ita
2412 4396 2548 4460 sint,
2579 4408 2718 4465 opus
2739 4389 3058 4446 Aristotelis
3080 4387 3149 4441 de
3181 4385 3383 4446 anima,
3405 4379 3578 4434 veluti

2000 4501 2201 4547 nostra!
2231 4487 2527 4560 quamdam
2558 4499 2738 4554 operas
2780 4489 3019 4552 partem,
3049 4475 3358 4546 elegantius
3387 4471 3579 4526 ultima

2002 4599 2149 4638 nunc
2181 4579 2562 4638 emendatione
2589 4574 2897 4630 limatiusve
2926 4583 3090 4625 causa
3125 4567 3204 4621 tui
3243 4565 3576 4627 traductum,

2000 4673 2081 4729 uti
2133 4669 2390 4727 materies
2447 4667 2590 4738 fert,
2637 4664 2890 4734 ratioque
2941 4658 3252 4731 praescribit
3306 4658 3579 4722 interpre-

2003 4765 2150 4820 tandi
2184 4764 2314 4834 (non
2355 4762 2503 4818 enim
2535 4762 2591 4815 in
2619 4758 2822 4814 talibus
2865 4755 3082 4824 amplus
3124 4763 3353 4820 campus
3381 4759 3582 4800 conce-

2001 4856 2173 4924 ditur)
2208 4855 2418 4924 tibique
2448 4869 2478 4907 a
2524 4850 2687 4907 nobis
2727 4848 2996 4910 oblatum,
3035 4845 3215 4914 legere
3261 4838 3582 4910 aggrediare

2000 4949 2141 5004 bona
2178 4947 2418 5001 fortuna.
2454 4928 2694 4999 Habebis
2722 4948 2778 4995 et
2808 4954 2909 4994 nos
2936 4938 2992 4992 in
3024 4935 3127 4989 hoc
3156 4934 3320 4988 etiam
3346 4928 3582 5000 legendo

2002 5037 2492 5108 percipiendoque,
2525 5033 2786 5104 quoniam
2823 5031 2896 5085 ita
2929 5027 3206 5083 voluimus
3234 5039 3298 5079 ac
3337 5020 3582 5078 institui-

2001 5143 2143 5193 mus,
2177 5127 2427 5187 comites,
2459 5126 2739 5193 adjutores
2769 5137 2832 5177 ac
2865 5123 3054 5186 duces,
3093 5135 3204 5173 non
3235 5117 3422 5187 pigros
3452 5113 3580 5181 qui-

2003 5223 2147 5286 dem,
2173 5235 2282 5275 non
2303 5221 2533 5282 inertes,
2562 5232 2670 5272 non
2696 5230 2911 5286 segnes,
2935 5214 3028 5269 sed
3059 5213 3126 5268 ad
3152 5225 3371 5267 omnem
3400 5221 3582 5276 prom-

2002 5310 2280 5379 ptissimos
2321 5307 2670 5362 subeundum
2719 5305 2992 5366 laborem,
3047 5301 3261 5370 fructus
3329 5296 3486 5364 cuius
3534 5296 3584 5350 is

2002 5399 2430 5470 consequendus
2479 5407 2567 5453 est
2617 5397 2713 5451 tibi
2757 5395 2927 5460 linis,“
2963 5394 3036 5448 ob
3073 5407 3240 5462 quem
3289 5398 3484 5443 natura
3529 5396 3583 5440 te

2002 5491 2350 5564 procreavit,
2398 5490 2695 5560 opifexque
2737 5502 2923 5543 rerum
2973 5487 3119 5540 Deus
3167 5491 3249 5538 tot
3306 5478 3583 5546 tantisque

2002 5585 2220 5640 viribus
2267 5583 2735 5653 facultatibusque
2783 5575 3197 5634 condecoravit.
3249 5573 3380 5628 Vale
3428 5569 3583 5638 plus-

2011 5693 2174 5747 quam
2207 5677 2495 5732 dimidium
2527 5677 2694 5730 animi
2732 5673 2863 5740 mei,
2899 5680 2958 5726 et
3005 5668 3102 5724 tibi
3139 5661 3413 5737 persuade
3443 5657 3584 5716 mihi

2007 5781 2057 5828 te
2092 5764 2699 5836 charioremnetnincm
2731 5780 2870 5822 esse.
