  <div class='ocr_page' id='page_1' title='image "/cluster/home/n/w/nwhite01/storage/ocr_20150623/158/coo.31924054870633/543.png"; bbox 0 0 4034 6430; ppageno 0'>
   <div class='ocr_carea' id='block_1_1' title="bbox 469 352 667 431">
    <p class='ocr_par' dir='ltr' id='par_1_1' title="bbox 469 352 667 431">
     <span class='ocr_line' id='line_1_1' title="bbox 469 352 667 431; baseline 0.005 -1"><span class='ocrx_word' id='word_1_1' title='bbox 469 352 479 357; x_wconf 76' lang='grc'><em>’</em></span> <span class='ocrx_word' id='word_1_2' title='bbox 527 367 667 431; x_wconf 74' lang='lat'>10:5</span> 
     </span>
    </p>
   </div>
   <div class='ocr_carea' id='block_1_2' title="bbox 1732 373 2600 436">
    <p class='ocr_par' dir='ltr' id='par_1_2' title="bbox 1732 373 2600 436">
     <span class='ocr_line' id='line_1_2' title="bbox 1732 373 2600 436; baseline 0.001 -2"><span class='ocrx_word' id='word_1_3' title='bbox 1732 375 1832 434; x_wconf 87' lang='grc' dir='ltr'>ΤΠ</span> <span class='ocrx_word' id='word_1_4' title='bbox 1843 374 2136 435; x_wconf 84' lang='lat' dir='ltr'>EODORI</span> <span class='ocrx_word' id='word_1_5' title='bbox 2179 373 2600 436; x_wconf 85' lang='lat' dir='ltr'>AGALLIANI</span> 
     </span>
    </p>
   </div>
   <div class='ocr_carea' id='block_1_3' title="bbox 3643 377 3756 446">
    <p class='ocr_par' dir='ltr' id='par_1_3' title="bbox 3643 377 3756 446">
     <span class='ocr_line' id='line_1_3' title="bbox 3643 377 3756 446; baseline 0.018 -2"><span class='ocrx_word' id='word_1_6' title='bbox 3643 377 3756 446; x_wconf 81' lang='lat'><strong>1016</strong></span> 
     </span>
    </p>
   </div>
   <div class='ocr_carea' id='block_1_4' title="bbox 523 481 3766 566">
    <p class='ocr_par' dir='ltr' id='par_1_4' title="bbox 523 481 3766 566">
     <span class='ocr_line' id='line_1_4' title="bbox 523 481 3766 566; baseline 0.005 -33"><span class='ocrx_word' id='word_1_7' title='bbox 523 481 667 546; x_wconf 74' lang='grc' dir='ltr'>λέξει</span> <span class='ocrx_word' id='word_1_8' title='bbox 694 483 1067 554; x_wconf 80' lang='grc' dir='ltr'>χρησαμένου,</span> <span class='ocrx_word' id='word_1_9' title='bbox 1090 483 1168 554; x_wconf 83' lang='grc' dir='ltr'>τῷ</span> <span class='ocrx_word' id='word_1_10' title='bbox 1193 486 1484 556; x_wconf 77' lang='grc' dir='ltr'>παράγει;</span> <span class='ocrx_word' id='word_1_11' title='bbox 1513 488 1700 561; x_wconf 74' lang='grc' dir='ltr'>Ταύτῃ</span> <span class='ocrx_word' id='word_1_12' title='bbox 1721 491 1832 558; x_wconf 83' lang='grc' dir='ltr'>γὰρ</span> <span class='ocrx_word' id='word_1_13' title='bbox 1861 493 1920 542; x_wconf 84' lang='grc' dir='ltr'>οὐ</span> <span class='ocrx_word' id='word_1_14' title='bbox 1950 493 2113 560; x_wconf 78' lang='grc' dir='ltr'>μόνον</span> <span class='ocrx_word' id='word_1_15' title='bbox 2141 489 2192 549; x_wconf 81' lang='grc' dir='ltr'><strong>Α</strong></span> <span class='ocrx_word' id='word_1_16' title='bbox 2216 490 2278 542; x_wconf 88' lang='grc' dir='ltr'>τδ</span> <span class='ocrx_word' id='word_1_17' title='bbox 2317 491 2872 562; x_wconf 82' lang='grc' dir='ltr'>γεννητοαγέννητον,</span> <span class='ocrx_word' id='word_1_18' title='bbox 2907 493 3004 546; x_wconf 78' lang='grc' dir='ltr'>καὶ</span> <span class='ocrx_word' id='word_1_19' title='bbox 3042 491 3422 547; x_wconf 84' lang='grc' dir='ltr'>αίτιατοαίτιον</span> <span class='ocrx_word' id='word_1_20' title='bbox 3445 509 3459 524; x_wconf 91' lang='grc'><strong>·</strong></span> <span class='ocrx_word' id='word_1_21' title='bbox 3507 495 3541 566; x_wconf 78' lang='grc' dir='ltr'>ἢ</span> <span class='ocrx_word' id='word_1_22' title='bbox 3569 497 3693 549; x_wconf 76' lang='grc' dir='ltr'>κατὰ</span> <span class='ocrx_word' id='word_1_23' title='bbox 3718 499 3766 551; x_wconf 70' lang='grc' dir='ltr'>οξ</span> 
     </span>
    </p>
   </div>
   <div class='ocr_carea' id='block_1_5' title="bbox 535 575 3770 657">
    <p class='ocr_par' dir='ltr' id='par_1_5' title="bbox 535 575 3770 657">
     <span class='ocr_line' id='line_1_5' title="bbox 535 575 3770 657; baseline 0.007 -31"><span class='ocrx_word' id='word_1_24' title='bbox 535 575 598 626; x_wconf 84' lang='lat'>:6</span> <span class='ocrx_word' id='word_1_25' title='bbox 641 575 864 642; x_wconf 84' lang='grc' dir='ltr'>Πνεῦμα</span> <span class='ocrx_word' id='word_1_26' title='bbox 895 578 954 627; x_wconf 81' lang='lat'>:6</span> <span class='ocrx_word' id='word_1_27' title='bbox 983 575 1162 642; x_wconf 76' lang='grc' dir='ltr'>ἅγιον,</span> <span class='ocrx_word' id='word_1_28' title='bbox 1194 577 1333 632; x_wconf 83' lang='grc' dir='ltr'>ἀλλὰ</span> <span class='ocrx_word' id='word_1_29' title='bbox 1363 578 1458 633; x_wconf 75' lang='grc' dir='ltr'>καὶ</span> <span class='ocrx_word' id='word_1_30' title='bbox 1485 581 1579 632; x_wconf 89' lang='grc' dir='ltr'>τδν</span> <span class='ocrx_word' id='word_1_31' title='bbox 1603 581 1889 652; x_wconf 81' lang='grc' dir='ltr'>Μονογενῆ</span> <span class='ocrx_word' id='word_1_32' title='bbox 1917 582 2128 650; x_wconf 81' lang='grc' dir='ltr'>κτίσμα</span> <span class='ocrx_word' id='word_1_33' title='bbox 2231 584 2418 649; x_wconf 86' lang='grc' dir='ltr'>φάναι,</span> <span class='ocrx_word' id='word_1_34' title='bbox 2459 581 3088 653; x_wconf 77' lang='grc' dir='ltr'>παραγομενοπαράγων</span> <span class='ocrx_word' id='word_1_35' title='bbox 3109 599 3124 616; x_wconf 83' lang='lat'><strong><em>°</em></strong></span> <span class='ocrx_word' id='word_1_36' title='bbox 3170 584 3300 637; x_wconf 79' lang='grc' dir='ltr'>ὅταν</span> <span class='ocrx_word' id='word_1_37' title='bbox 3334 584 3393 638; x_wconf 80' lang='grc' dir='ltr'>ὃν</span> <span class='ocrx_word' id='word_1_38' title='bbox 3419 586 3522 656; x_wconf 75' lang='grc' dir='ltr'>φῇς</span> <span class='ocrx_word' id='word_1_39' title='bbox 3559 589 3770 657; x_wconf 72' lang='grc' dir='ltr'>παράγε·</span> 
     </span>
    </p>
   </div>
   <div class='ocr_carea' id='block_1_6' title="bbox 525 665 2125 740">
    <p class='ocr_par' dir='ltr' id='par_1_6' title="bbox 525 665 2125 740">
     <span class='ocr_line' id='line_1_6' title="bbox 525 665 2125 740; baseline 0.006 -25"><span class='ocrx_word' id='word_1_40' title='bbox 525 667 749 732; x_wconf 75' lang='grc' dir='ltr'>φρονεῖν</span> <span class='ocrx_word' id='word_1_41' title='bbox 789 665 992 727; x_wconf 76' lang='grc' dir='ltr'>δοκεῖς.</span> <span class='ocrx_word' id='word_1_42' title='bbox 1027 667 1096 718; x_wconf 85' lang='grc' dir='ltr'><strong>Ἦ</strong></span> <span class='ocrx_word' id='word_1_43' title='bbox 1139 667 1354 734; x_wconf 79' lang='grc' dir='ltr'>ἀγνοεῖς</span> <span class='ocrx_word' id='word_1_44' title='bbox 1384 669 1467 722; x_wconf 84' lang='grc' dir='ltr'>ὄτι</span> <span class='ocrx_word' id='word_1_45' title='bbox 1498 670 1559 722; x_wconf 90' lang='lat'>:6</span> <span class='ocrx_word' id='word_1_46' title='bbox 1595 671 1870 740; x_wconf 81' lang='grc' dir='ltr'>παράγειν</span> <span class='ocrx_word' id='word_1_47' title='bbox 1907 673 1967 724; x_wconf 88' lang='grc' dir='ltr'>ἑν</span> <span class='ocrx_word' id='word_1_48' title='bbox 2011 673 2125 735; x_wconf 87' lang='grc' dir='ltr'>τοῖς</span> 
     </span>
    </p>
   </div>
   <div class='ocr_carea' id='block_1_7' title="bbox 2229 675 3770 749">
    <p class='ocr_par' dir='ltr' id='par_1_7' title="bbox 2229 675 3770 749">
     <span class='ocr_line' id='line_1_7' title="bbox 2229 675 3770 749; baseline 0.004 -21"><span class='ocrx_word' id='word_1_49' title='bbox 2229 675 2377 736; x_wconf 87' lang='grc' dir='ltr'>σθαι,</span> <span class='ocrx_word' id='word_1_50' title='bbox 2410 675 2806 745; x_wconf 87' lang='grc' dir='ltr'>συμπαράγειν</span> <span class='ocrx_word' id='word_1_51' title='bbox 2836 677 3186 747; x_wconf 76' lang='grc' dir='ltr'>νουθετήσεις</span> <span class='ocrx_word' id='word_1_52' title='bbox 3216 677 3278 731; x_wconf 92' lang='lat'>:6</span> <span class='ocrx_word' id='word_1_53' title='bbox 3309 681 3770 749; x_wconf 77' lang='grc' dir='ltr'>συμπαραγόμενον</span> 
     </span>
    </p>
   </div>
   <div class='ocr_carea' id='block_1_8' title="bbox 522 754 3773 838">
    <p class='ocr_par' dir='ltr' id='par_1_8' title="bbox 522 754 3773 838">
     <span class='ocr_line' id='line_1_8' title="bbox 522 754 3773 838; baseline 0.006 -32"><span class='ocrx_word' id='word_1_54' title='bbox 522 754 788 817; x_wconf 81' lang='grc' dir='ltr'>τοιούτοις</span> <span class='ocrx_word' id='word_1_55' title='bbox 833 756 1147 825; x_wconf 88' lang='grc' dir='ltr'>λεγόμενον,</span> <span class='ocrx_word' id='word_1_56' title='bbox 1176 758 1238 811; x_wconf 82' lang='grc' dir='ltr'>τὸ</span> <span class='ocrx_word' id='word_1_57' title='bbox 1272 759 1376 823; x_wconf 80' lang='grc' dir='ltr'>ἔξω</span> <span class='ocrx_word' id='word_1_58' title='bbox 1410 761 1607 815; x_wconf 85' lang='grc' dir='ltr'>ἑαυτοῦ</span> <span class='ocrx_word' id='word_1_59' title='bbox 1652 763 1745 815; x_wconf 80' lang='grc' dir='ltr'>καὶ</span> <span class='ocrx_word' id='word_1_60' title='bbox 1775 765 1874 832; x_wconf 84' lang='grc' dir='ltr'>τῆς</span> <span class='ocrx_word' id='word_1_61' title='bbox 1908 762 2124 832; x_wconf 83' lang='grc' dir='ltr'>φύσεώς</span> <span class='ocrx_word' id='word_1_62' title='bbox 2231 765 2546 832; x_wconf 89' lang='grc' dir='ltr'>πρόσωπον,</span> <span class='ocrx_word' id='word_1_63' title='bbox 2576 768 2783 837; x_wconf 86' lang='grc' dir='ltr'>τέρατά</span> <span class='ocrx_word' id='word_1_64' title='bbox 2821 777 2943 820; x_wconf 83' lang='grc' dir='ltr'>τινα</span> <span class='ocrx_word' id='word_1_65' title='bbox 2996 769 3346 835; x_wconf 79' lang='grc' dir='ltr'>παραδιδοὺς,</span> <span class='ocrx_word' id='word_1_66' title='bbox 3394 772 3489 823; x_wconf 78' lang='grc' dir='ltr'>καὶ</span> <span class='ocrx_word' id='word_1_67' title='bbox 3523 771 3773 838; x_wconf 73' lang='grc' dir='ltr'>θεολογίαν</span> 
     </span>
    </p>
   </div>
   <div class='ocr_carea' id='block_1_9' title="bbox 522 845 2124 926">
    <p class='ocr_par' dir='ltr' id='par_1_9' title="bbox 522 845 2124 926">
     <span class='ocr_line' id='line_1_9' title="bbox 522 845 2124 926; baseline 0.007 -31"><span class='ocrx_word' id='word_1_68' title='bbox 522 859 576 895; x_wconf 91' lang='grc' dir='ltr'>τι</span> <span class='ocrx_word' id='word_1_69' title='bbox 623 849 800 898; x_wconf 81' lang='grc' dir='ltr'>ποιεῖν</span> <span class='ocrx_word' id='word_1_70' title='bbox 832 845 947 898; x_wconf 78' lang='grc' dir='ltr'>ἑστι</span> <span class='ocrx_word' id='word_1_71' title='bbox 981 847 1073 900; x_wconf 83' lang='grc' dir='ltr'>τὸν</span> <span class='ocrx_word' id='word_1_72' title='bbox 1110 847 1265 913; x_wconf 81' lang='grc' dir='ltr'>Θεὸν,</span> <span class='ocrx_word' id='word_1_73' title='bbox 1304 850 1381 912; x_wconf 84' lang='grc' dir='ltr'>ὡς</span> <span class='ocrx_word' id='word_1_74' title='bbox 1409 853 1442 920; x_wconf 83' lang='grc' dir='ltr'><strong>ὴ</strong></span> <span class='ocrx_word' id='word_1_75' title='bbox 1467 852 1614 916; x_wconf 82' lang='grc' dir='ltr'>λέξις</span> <span class='ocrx_word' id='word_1_76' title='bbox 1639 853 1935 923; x_wconf 81' lang='grc' dir='ltr'>ἑμφαίνει;</span> <span class='ocrx_word' id='word_1_77' title='bbox 1973 855 2124 926; x_wconf 80' lang='grc' dir='ltr'>Παρ-</span> 
     </span>
    </p>
   </div>
   <div class='ocr_carea' id='block_1_10' title="bbox 521 933 2122 1022">
    <p class='ocr_par' dir='ltr' id='par_1_10' title="bbox 521 933 2122 1022">
     <span class='ocr_line' id='line_1_10' title="bbox 521 933 2122 1022; baseline 0.009 -36"><span class='ocrx_word' id='word_1_78' title='bbox 521 933 647 1002; x_wconf 87' lang='grc' dir='ltr'>άγει</span> <span class='ocrx_word' id='word_1_79' title='bbox 695 935 824 1006; x_wconf 86' lang='grc' dir='ltr'>γὰρ,</span> <span class='ocrx_word' id='word_1_80' title='bbox 863 939 1019 1006; x_wconf 75' lang='grc' dir='ltr'>φησὶ,</span> <span class='ocrx_word' id='word_1_81' title='bbox 1054 938 1124 992; x_wconf 88' lang='grc' dir='ltr'>τά</span> <span class='ocrx_word' id='word_1_82' title='bbox 1179 939 1501 1022; x_wconf 84' lang='grc' dir='ltr'>σύμπαντα·</span> <span class='ocrx_word' id='word_1_83' title='bbox 1541 944 1656 1008; x_wconf 74' lang='grc' dir='ltr'>καὶ,</span> <span class='ocrx_word' id='word_1_84' title='bbox 1691 945 1991 1016; x_wconf 89' lang='grc' dir='ltr'>Παρήγαγε</span> <span class='ocrx_word' id='word_1_85' title='bbox 2033 948 2122 1000; x_wconf 78' lang='grc' dir='ltr'>τὸν</span> 
     </span>
    </p>
   </div>
   <div class='ocr_carea' id='block_1_11' title="bbox 522 1029 2118 1110">
    <p class='ocr_par' dir='ltr' id='par_1_11' title="bbox 522 1029 2118 1110">
     <span class='ocr_line' id='line_1_11' title="bbox 522 1029 2118 1110; baseline 0.008 -28"><span class='ocrx_word' id='word_1_86' title='bbox 522 1029 729 1099; x_wconf 77' lang='grc' dir='ltr'>κόσμον</span> <span class='ocrx_word' id='word_1_87' title='bbox 762 1031 871 1085; x_wconf 76' lang='grc' dir='ltr'>ἀπὸ</span> <span class='ocrx_word' id='word_1_88' title='bbox 901 1032 997 1086; x_wconf 87' lang='grc' dir='ltr'>τοῦ</span> <span class='ocrx_word' id='word_1_89' title='bbox 1026 1034 1102 1104; x_wconf 76' lang='grc' dir='ltr'>μὴ</span> <span class='ocrx_word' id='word_1_90' title='bbox 1139 1033 1316 1098; x_wconf 77' lang='grc' dir='ltr'>ὄντος.</span> <span class='ocrx_word' id='word_1_91' title='bbox 1343 1037 1434 1088; x_wconf 86' lang='grc' dir='ltr'>Διὺ</span> <span class='ocrx_word' id='word_1_92' title='bbox 1466 1039 1562 1090; x_wconf 77' lang='grc' dir='ltr'>καὶ</span> <span class='ocrx_word' id='word_1_93' title='bbox 1598 1039 1646 1091; x_wconf 87' lang='grc' dir='ltr'>οί</span> <span class='ocrx_word' id='word_1_94' title='bbox 1677 1039 1989 1092; x_wconf 87' lang='grc' dir='ltr'>διδάσκαλοι</span> <span class='ocrx_word' id='word_1_95' title='bbox 2020 1041 2118 1110; x_wconf 85' lang='grc' dir='ltr'>τῆς</span> 
     </span>
    </p>
   </div>
   <div class='ocr_carea' id='block_1_12' title="bbox 535 1119 2120 1200">
    <p class='ocr_par' dir='ltr' id='par_1_12' title="bbox 535 1119 2120 1200">
     <span class='ocr_line' id='line_1_12' title="bbox 535 1119 2120 1200; baseline 0.008 -29"><span class='ocrx_word' id='word_1_96' title='bbox 535 1119 866 1190; x_wconf 84' lang='grc' dir='ltr'>Ἐκκλησίας</span> <span class='ocrx_word' id='word_1_97' title='bbox 911 1122 992 1193; x_wconf 86' lang='grc' dir='ltr'>τῷ</span> <span class='ocrx_word' id='word_1_98' title='bbox 1044 1125 1295 1195; x_wconf 77' lang='grc' dir='ltr'>προάγει</span> <span class='ocrx_word' id='word_1_99' title='bbox 1351 1127 1449 1179; x_wconf 75' lang='grc' dir='ltr'>καὶ</span> <span class='ocrx_word' id='word_1_100' title='bbox 1499 1127 1579 1198; x_wconf 87' lang='grc' dir='ltr'>τῷ</span> <span class='ocrx_word' id='word_1_101' title='bbox 1639 1130 1878 1197; x_wconf 76' lang='grc' dir='ltr'>πρόεισι</span> <span class='ocrx_word' id='word_1_102' title='bbox 1915 1130 2120 1200; x_wconf 80' lang='grc' dir='ltr'>μᾶλλον</span> 
     </span>
    </p>
   </div>
   <div class='ocr_carea' id='block_1_13' title="bbox 521 1212 2156 1291">
    <p class='ocr_par' dir='ltr' id='par_1_13' title="bbox 521 1212 2156 1291">
     <span class='ocr_line' id='line_1_13' title="bbox 521 1212 2156 1291; baseline 0.008 -30"><span class='ocrx_word' id='word_1_103' title='bbox 521 1212 830 1281; x_wconf 78' lang='grc' dir='ltr'>ἐχρήσαντο</span> <span class='ocrx_word' id='word_1_104' title='bbox 855 1213 950 1266; x_wconf 81' lang='grc' dir='ltr'>ἑπὶ</span> <span class='ocrx_word' id='word_1_105' title='bbox 987 1215 1086 1284; x_wconf 80' lang='grc' dir='ltr'>τῆς</span> <span class='ocrx_word' id='word_1_106' title='bbox 1120 1215 1273 1270; x_wconf 89' lang='grc' dir='ltr'>ἑνδον</span> <span class='ocrx_word' id='word_1_107' title='bbox 1305 1216 1609 1284; x_wconf 83' lang='grc' dir='ltr'>θεολογίας.</span> <span class='ocrx_word' id='word_1_108' title='bbox 1639 1220 1719 1289; x_wconf 82' lang='grc' dir='ltr'>Τῇ</span> <span class='ocrx_word' id='word_1_109' title='bbox 1753 1221 1863 1290; x_wconf 80' lang='grc' dir='ltr'>γάρ</span> <span class='ocrx_word' id='word_1_110' title='bbox 1893 1221 2120 1291; x_wconf 81' lang='grc' dir='ltr'>τοιαύτῃ</span> <span class='ocrx_word' id='word_1_111' title='bbox 2143 1242 2156 1252; x_wconf 87' lang='grc'><strong>-</strong></span> 
     </span>
    </p>
   </div>
   <div class='ocr_carea' id='block_1_14' title="bbox 522 1301 2118 1380">
    <p class='ocr_par' dir='ltr' id='par_1_14' title="bbox 522 1301 2118 1380">
     <span class='ocr_line' id='line_1_14' title="bbox 522 1301 2118 1380; baseline 0.007 -26"><span class='ocrx_word' id='word_1_112' title='bbox 522 1301 780 1371; x_wconf 76' lang='grc' dir='ltr'>προθέσει</span> <span class='ocrx_word' id='word_1_113' title='bbox 831 1304 1036 1373; x_wconf 83' lang='grc' dir='ltr'>μᾶλλον</span> <span class='ocrx_word' id='word_1_114' title='bbox 1079 1306 1330 1374; x_wconf 84' lang='grc' dir='ltr'>ἑγνωσαν</span> <span class='ocrx_word' id='word_1_115' title='bbox 1364 1309 1464 1378; x_wconf 79' lang='grc' dir='ltr'>τὴν</span> <span class='ocrx_word' id='word_1_116' title='bbox 1493 1309 1602 1363; x_wconf 92' lang='grc' dir='ltr'>τῶν</span> <span class='ocrx_word' id='word_1_117' title='bbox 1631 1310 1926 1380; x_wconf 80' lang='grc' dir='ltr'>ἑνδοτέρων</span> <span class='ocrx_word' id='word_1_118' title='bbox 1972 1312 2118 1379; x_wconf 84' lang='grc' dir='ltr'>γίνε-</span> 
     </span>
    </p>
   </div>
   <div class='ocr_carea' id='block_1_15' title="bbox 524 1395 2119 1474">
    <p class='ocr_par' dir='ltr' id='par_1_15' title="bbox 524 1395 2119 1474">
     <span class='ocr_line' id='line_1_15' title="bbox 524 1395 2119 1474; baseline 0.008 -28"><span class='ocrx_word' id='word_1_119' title='bbox 524 1396 651 1448; x_wconf 88' lang='grc' dir='ltr'>σθαι</span> <span class='ocrx_word' id='word_1_120' title='bbox 683 1395 931 1466; x_wconf 80' lang='grc' dir='ltr'>προόδων</span> <span class='ocrx_word' id='word_1_121' title='bbox 966 1396 1231 1466; x_wconf 78' lang='grc' dir='ltr'>ἔμφασιν.</span> <span class='ocrx_word' id='word_1_122' title='bbox 1276 1401 1700 1470; x_wconf 80' lang='grc' dir='ltr'>Ἦκριὸωμένας</span> <span class='ocrx_word' id='word_1_123' title='bbox 1729 1403 1788 1455; x_wconf 84' lang='grc' dir='ltr'>δὲ</span> <span class='ocrx_word' id='word_1_124' title='bbox 1819 1402 2119 1474; x_wconf 70' lang='grc' dir='ltr'>δήπουκαϊ</span> 
     </span>
    </p>
   </div>
   <div class='ocr_carea' id='block_1_16' title="bbox 520 1481 2116 1564">
    <p class='ocr_par' dir='ltr' id='par_1_16' title="bbox 520 1481 2116 1564">
     <span class='ocr_line' id='line_1_16' title="bbox 520 1481 2116 1564; baseline 0.006 -28"><span class='ocrx_word' id='word_1_125' title='bbox 520 1485 620 1545; x_wconf 80' lang='grc' dir='ltr'>τὰς</span> <span class='ocrx_word' id='word_1_126' title='bbox 644 1484 820 1550; x_wconf 79' lang='grc' dir='ltr'>λέξεις</span> <span class='ocrx_word' id='word_1_127' title='bbox 848 1481 988 1538; x_wconf 79' lang='grc' dir='ltr'>εἴναι</span> <span class='ocrx_word' id='word_1_128' title='bbox 1018 1488 1100 1540; x_wconf 85' lang='grc' dir='ltr'>δεῖ</span> <span class='ocrx_word' id='word_1_129' title='bbox 1114 1489 1222 1542; x_wconf 89' lang='grc' dir='ltr'>τῶν</span> <span class='ocrx_word' id='word_1_130' title='bbox 1251 1490 1671 1558; x_wconf 85' lang='grc' dir='ltr'>θεολογούντων,</span> <span class='ocrx_word' id='word_1_131' title='bbox 1697 1493 1780 1546; x_wconf 77' lang='grc' dir='ltr'>ἵνα</span> <span class='ocrx_word' id='word_1_132' title='bbox 1807 1493 1938 1564; x_wconf 87' lang='grc' dir='ltr'>μήθ’</span> <span class='ocrx_word' id='word_1_133' title='bbox 1961 1495 2116 1548; x_wconf 88' lang='grc' dir='ltr'>ἑκόν-</span> 
     </span>
    </p>
   </div>
   <div class='ocr_carea' id='block_1_17' title="bbox 521 1577 2110 1655">
    <p class='ocr_par' dir='ltr' id='par_1_17' title="bbox 521 1577 2110 1655">
     <span class='ocr_line' id='line_1_17' title="bbox 521 1577 2110 1655; baseline 0.009 -28"><span class='ocrx_word' id='word_1_134' title='bbox 521 1593 614 1637; x_wconf 87' lang='grc' dir='ltr'>τες</span> <span class='ocrx_word' id='word_1_135' title='bbox 657 1577 786 1646; x_wconf 89' lang='grc' dir='ltr'>μήτ’</span> <span class='ocrx_word' id='word_1_136' title='bbox 811 1578 1038 1642; x_wconf 80' lang='grc' dir='ltr'>ἄκοντες</span> <span class='ocrx_word' id='word_1_137' title='bbox 1069 1582 1249 1651; x_wconf 80' lang='grc' dir='ltr'>κακὴν</span> <span class='ocrx_word' id='word_1_138' title='bbox 1279 1583 1440 1650; x_wconf 83' lang='grc' dir='ltr'>δόξαν</span> <span class='ocrx_word' id='word_1_139' title='bbox 1471 1585 1603 1655; x_wconf 81' lang='grc' dir='ltr'>περὶ</span> <span class='ocrx_word' id='word_1_140' title='bbox 1629 1585 1780 1655; x_wconf 81' lang='grc' dir='ltr'>σφῶν</span> <span class='ocrx_word' id='word_1_141' title='bbox 1810 1586 1990 1640; x_wconf 85' lang='grc' dir='ltr'>αὐτῶν</span> <span class='ocrx_word' id='word_1_142' title='bbox 2005 1604 2110 1640; x_wconf 67' lang='grc' dir='ltr'>παι</span> 
     </span>
    </p>
   </div>
   <div class='ocr_carea' id='block_1_18' title="bbox 526 1664 1378 1748">
    <p class='ocr_par' dir='ltr' id='par_1_18' title="bbox 526 1664 1378 1748">
     <span class='ocr_line' id='line_1_18' title="bbox 526 1664 1378 1748; baseline 0.011 -29"><span class='ocrx_word' id='word_1_143' title='bbox 526 1666 789 1738; x_wconf 84' lang='grc' dir='ltr'>ράσχωσι,</span> <span class='ocrx_word' id='word_1_144' title='bbox 830 1669 922 1724; x_wconf 77' lang='grc' dir='ltr'>καὶ</span> <span class='ocrx_word' id='word_1_145' title='bbox 954 1664 1029 1724; x_wconf 81' lang='grc' dir='ltr'>ὧν</span> <span class='ocrx_word' id='word_1_146' title='bbox 1060 1672 1378 1748; x_wconf 79' lang='grc' dir='ltr'>προύθεντο.</span> 
     </span>
    </p>
   </div>
   <div class='ocr_carea' id='block_1_19' title="bbox 1025 1785 1597 1847">
    <p class='ocr_par' dir='ltr' id='par_1_19' title="bbox 1025 1785 1597 1847">
     <span class='ocr_line' id='line_1_19' title="bbox 1025 1785 1597 1847; baseline 0.016 -10"><span class='ocrx_word' id='word_1_147' title='bbox 1025 1785 1597 1847; x_wconf 84' lang='grc' dir='ltr'>ΑΡΓΥΡΟΠΟΥΛΟΣ.</span> 
     </span>
    </p>
   </div>
   <div class='ocr_carea' id='block_1_20' title="bbox 594 1888 2109 1984">
    <p class='ocr_par' dir='ltr' id='par_1_20' title="bbox 594 1888 2109 1984">
     <span class='ocr_line' id='line_1_20' title="bbox 594 1888 2109 1984; baseline 0.017 -44"><span class='ocrx_word' id='word_1_148' title='bbox 594 1888 733 1942; x_wconf 83' lang='grc' dir='ltr'>Οῦτε</span> <span class='ocrx_word' id='word_1_149' title='bbox 762 1893 872 1963; x_wconf 82' lang='grc' dir='ltr'>γὰρ</span> <span class='ocrx_word' id='word_1_150' title='bbox 904 1895 996 1964; x_wconf 84' lang='grc' dir='ltr'>ἀφ’</span> <span class='ocrx_word' id='word_1_151' title='bbox 1035 1896 1248 1952; x_wconf 78' lang='grc' dir='ltr'>ἑαυτῶν</span> <span class='ocrx_word' id='word_1_152' title='bbox 1303 1900 1414 1954; x_wconf 78' lang='grc' dir='ltr'>ἔδει</span> <span class='ocrx_word' id='word_1_153' title='bbox 1449 1901 1624 1957; x_wconf 84' lang='grc' dir='ltr'>ταῦτα</span> <span class='ocrx_word' id='word_1_154' title='bbox 1681 1900 1846 1974; x_wconf 74' lang='grc' dir='ltr'>εἶναι,</span> <span class='ocrx_word' id='word_1_155' title='bbox 1900 1909 1986 1964; x_wconf 76' lang='grc' dir='ltr'>ἵνα</span> <span class='ocrx_word' id='word_1_156' title='bbox 2031 1914 2109 1984; x_wconf 84' lang='grc' dir='ltr'>μὴ</span> 
     </span>
    </p>
   </div>
   <div class='ocr_carea' id='block_1_21' title="bbox 522 1977 2109 2073">
    <p class='ocr_par' dir='ltr' id='par_1_21' title="bbox 522 1977 2109 2073">
     <span class='ocr_line' id='line_1_21' title="bbox 522 1977 2109 2073; baseline 0.018 -44"><span class='ocrx_word' id='word_1_157' title='bbox 522 1977 780 2073; x_wconf 73' lang='grc' dir='ltr'>ἑτερότης</span> <span class='ocrx_word' id='word_1_158' title='bbox 817 1985 1043 2057; x_wconf 85' lang='grc' dir='ltr'>γένηται</span> <span class='ocrx_word' id='word_1_159' title='bbox 1072 1989 1289 2058; x_wconf 88' lang='grc' dir='ltr'>φύσεως</span> <span class='ocrx_word' id='word_1_160' title='bbox 1326 1991 1440 2046; x_wconf 77' lang='grc' dir='ltr'>οὔτ’</span> <span class='ocrx_word' id='word_1_161' title='bbox 1478 1994 1539 2058; x_wconf 79' lang='grc' dir='ltr'>ἑξ</span> <span class='ocrx_word' id='word_1_162' title='bbox 1578 1995 1829 2068; x_wconf 86' lang='grc' dir='ltr'>ἀλλήλων</span> <span class='ocrx_word' id='word_1_163' title='bbox 1862 1977 2109 2073; x_wconf 55' lang='grc' dir='ltr'>παράγελ</span> 
     </span>
    </p>
   </div>
   <div class='ocr_carea' id='block_1_22' title="bbox 524 2067 1844 2155">
    <p class='ocr_par' dir='ltr' id='par_1_22' title="bbox 524 2067 1844 2155">
     <span class='ocr_line' id='line_1_22' title="bbox 524 2067 1844 2155; baseline 0.017 -35"><span class='ocrx_word' id='word_1_164' title='bbox 524 2068 649 2122; x_wconf 83' lang='grc' dir='ltr'>σθαι</span> <span class='ocrx_word' id='word_1_165' title='bbox 678 2067 760 2135; x_wconf 76' lang='grc' dir='ltr'>οἷς</span> <span class='ocrx_word' id='word_1_166' title='bbox 781 2073 914 2127; x_wconf 88' lang='grc' dir='ltr'>αύτό</span> <span class='ocrx_word' id='word_1_167' title='bbox 945 2091 996 2130; x_wconf 93' lang='grc' dir='ltr'>τι</span> <span class='ocrx_word' id='word_1_168' title='bbox 1036 2077 1200 2131; x_wconf 80' lang='grc' dir='ltr'>ἑαυτὸ</span> <span class='ocrx_word' id='word_1_169' title='bbox 1225 2081 1499 2150; x_wconf 82' lang='grc' dir='ltr'>παράγειν</span> <span class='ocrx_word' id='word_1_170' title='bbox 1538 2067 1844 2155; x_wconf 81' lang='grc' dir='ltr'>ἀμήχανον.</span> 
     </span>
    </p>
   </div>
   <div class='ocr_carea' id='block_1_23' title="bbox 1075 2189 1535 2249">
    <p class='ocr_par' dir='ltr' id='par_1_23' title="bbox 1075 2189 1535 2249">
     <span class='ocr_line' id='line_1_23' title="bbox 1075 2189 1535 2249; baseline 0.013 -7"><span class='ocrx_word' id='word_1_171' title='bbox 1075 2189 1535 2249; x_wconf 77' lang='grc' dir='ltr'>ΑΓΑΔΛΙΑΝΟΣ.</span> 
     </span>
    </p>
   </div>
   <div class='ocr_carea' id='block_1_24' title="bbox 591 2297 2101 2386">
    <p class='ocr_par' dir='ltr' id='par_1_24' title="bbox 591 2297 2101 2386">
     <span class='ocr_line' id='line_1_24' title="bbox 591 2297 2101 2386; baseline 0.015 -35"><span class='ocrx_word' id='word_1_172' title='bbox 591 2298 702 2351; x_wconf 79' lang='grc' dir='ltr'>Καὶ</span> <span class='ocrx_word' id='word_1_173' title='bbox 733 2299 912 2369; x_wconf 89' lang='grc' dir='ltr'>τοῦτο,</span> <span class='ocrx_word' id='word_1_174' title='bbox 948 2297 1126 2372; x_wconf 74' lang='grc' dir='ltr'>οἶμαι,</span> <span class='ocrx_word' id='word_1_175' title='bbox 1159 2307 1403 2378; x_wconf 84' lang='grc' dir='ltr'>ἀτέχνως</span> <span class='ocrx_word' id='word_1_176' title='bbox 1427 2311 1546 2380; x_wconf 81' lang='grc' dir='ltr'>ἀμα</span> <span class='ocrx_word' id='word_1_177' title='bbox 1593 2313 1688 2366; x_wconf 77' lang='grc' dir='ltr'>καὶ</span> <span class='ocrx_word' id='word_1_178' title='bbox 1723 2317 1994 2386; x_wconf 84' lang='grc' dir='ltr'>περιττῶς</span> <span class='ocrx_word' id='word_1_179' title='bbox 2023 2319 2101 2373; x_wconf 81' lang='grc' dir='ltr'>εῖ-</span> 
     </span>
    </p>
   </div>
   <div class='ocr_carea' id='block_1_25' title="bbox 523 2389 2105 2477">
    <p class='ocr_par' dir='ltr' id='par_1_25' title="bbox 523 2389 2105 2477">
     <span class='ocr_line' id='line_1_25' title="bbox 523 2389 2105 2477; baseline 0.016 -38"><span class='ocrx_word' id='word_1_180' title='bbox 523 2403 706 2467; x_wconf 88' lang='grc' dir='ltr'>ρηται.</span> <span class='ocrx_word' id='word_1_181' title='bbox 738 2389 884 2444; x_wconf 84' lang='grc' dir='ltr'>Ἐδει</span> <span class='ocrx_word' id='word_1_182' title='bbox 925 2393 1036 2464; x_wconf 85' lang='grc' dir='ltr'>γάρ</span> <span class='ocrx_word' id='word_1_183' title='bbox 1083 2397 1289 2465; x_wconf 82' lang='grc' dir='ltr'>μᾶλλον</span> <span class='ocrx_word' id='word_1_184' title='bbox 1309 2401 1523 2468; x_wconf 83' lang='grc' dir='ltr'>ἐίπεῖν,</span> <span class='ocrx_word' id='word_1_185' title='bbox 1547 2404 1623 2468; x_wconf 87' lang='grc' dir='ltr'>ὡς</span> <span class='ocrx_word' id='word_1_186' title='bbox 1647 2403 1758 2460; x_wconf 73' lang='grc' dir='ltr'>οὔτ’</span> <span class='ocrx_word' id='word_1_187' title='bbox 1778 2409 1871 2477; x_wconf 87' lang='grc' dir='ltr'>ἀφ’</span> <span class='ocrx_word' id='word_1_188' title='bbox 1893 2411 2105 2464; x_wconf 84' lang='grc' dir='ltr'>ἑαυτῶν</span> 
     </span>
    </p>
   </div>
   <div class='ocr_carea' id='block_1_26' title="bbox 521 2480 2116 2575">
    <p class='ocr_par' dir='ltr' id='par_1_26' title="bbox 521 2480 2116 2575">
     <span class='ocr_line' id='line_1_26' title="bbox 521 2480 2116 2575; baseline 0.018 -44"><span class='ocrx_word' id='word_1_189' title='bbox 521 2480 629 2533; x_wconf 79' lang='grc' dir='ltr'>ἔδει</span> <span class='ocrx_word' id='word_1_190' title='bbox 664 2483 836 2538; x_wconf 88' lang='grc' dir='ltr'>ταῦτα</span> <span class='ocrx_word' id='word_1_191' title='bbox 892 2483 1053 2555; x_wconf 72' lang='grc' dir='ltr'>εἶναι,</span> <span class='ocrx_word' id='word_1_192' title='bbox 1084 2484 1168 2554; x_wconf 74' lang='grc' dir='ltr'>οἷς</span> <span class='ocrx_word' id='word_1_193' title='bbox 1211 2493 1341 2546; x_wconf 83' lang='grc' dir='ltr'>αύτό</span> <span class='ocrx_word' id='word_1_194' title='bbox 1372 2511 1426 2548; x_wconf 95' lang='grc' dir='ltr'>τι</span> <span class='ocrx_word' id='word_1_195' title='bbox 1459 2496 1622 2551; x_wconf 80' lang='grc' dir='ltr'>ἑαυτὸ</span> <span class='ocrx_word' id='word_1_196' title='bbox 1657 2499 1924 2568; x_wconf 79' lang='grc' dir='ltr'>προάγειν</span> <span class='ocrx_word' id='word_1_197' title='bbox 1957 2499 2116 2575; x_wconf 73' lang='grc' dir='ltr'>ἀμή-’</span> 
     </span>
    </p>
   </div>
   <div class='ocr_carea' id='block_1_27' title="bbox 521 2577 2102 2663">
    <p class='ocr_par' dir='ltr' id='par_1_27' title="bbox 521 2577 2102 2663">
     <span class='ocr_line' id='line_1_27' title="bbox 521 2577 2102 2663; baseline 0.017 -40"><span class='ocrx_word' id='word_1_198' title='bbox 521 2588 708 2663; x_wconf 82' lang='grc' dir='ltr'>χανον,</span> <span class='ocrx_word' id='word_1_199' title='bbox 752 2577 849 2629; x_wconf 77' lang='grc' dir='ltr'>καὶ</span> <span class='ocrx_word' id='word_1_200' title='bbox 894 2578 1011 2648; x_wconf 78' lang='grc' dir='ltr'>ἅμα</span> <span class='ocrx_word' id='word_1_201' title='bbox 1048 2581 1133 2635; x_wconf 77' lang='grc' dir='ltr'>ἵνα</span> <span class='ocrx_word' id='word_1_202' title='bbox 1190 2584 1264 2654; x_wconf 82' lang='grc' dir='ltr'>μὴ</span> <span class='ocrx_word' id='word_1_203' title='bbox 1295 2587 1554 2659; x_wconf 78' lang='grc' dir='ltr'>ἑτερότης</span> <span class='ocrx_word' id='word_1_204' title='bbox 1608 2591 1822 2658; x_wconf 90' lang='grc' dir='ltr'>γένοιτο</span> <span class='ocrx_word' id='word_1_205' title='bbox 1859 2596 2102 2663; x_wconf 88' lang='grc' dir='ltr'>φύσεως,</span> 
     </span>
    </p>
   </div>
   <div class='ocr_carea' id='block_1_28' title="bbox 519 2662 2107 2756">
    <p class='ocr_par' dir='ltr' id='par_1_28' title="bbox 519 2662 2107 2756">
     <span class='ocr_line' id='line_1_28' title="bbox 519 2662 2107 2756; baseline 0.017 -42"><span class='ocrx_word' id='word_1_206' title='bbox 519 2662 634 2716; x_wconf 80' lang='grc' dir='ltr'>οὔτ’</span> <span class='ocrx_word' id='word_1_207' title='bbox 659 2664 720 2756; x_wconf 59' lang='grc' dir='ltr'>ιε</span> <span class='ocrx_word' id='word_1_208' title='bbox 749 2667 996 2739; x_wconf 86' lang='grc' dir='ltr'>ἀλλήλων</span> <span class='ocrx_word' id='word_1_209' title='bbox 1023 2675 1297 2743; x_wconf 84' lang='grc' dir='ltr'>προϊέναι,</span> <span class='ocrx_word' id='word_1_210' title='bbox 1332 2677 1420 2732; x_wconf 80' lang='grc' dir='ltr'>ἵνα</span> <span class='ocrx_word' id='word_1_211' title='bbox 1453 2679 1528 2751; x_wconf 82' lang='grc' dir='ltr'>μὴ</span> <span class='ocrx_word' id='word_1_212' title='bbox 1562 2681 1620 2746; x_wconf 71' lang='grc' dir='ltr'>εξ</span> <span class='ocrx_word' id='word_1_213' title='bbox 1650 2662 1896 2752; x_wconf 63' lang='grc' dir='ltr'>ἀλλήλων</span> <span class='ocrx_word' id='word_1_214' title='bbox 1925 2685 1983 2738; x_wconf 79' lang='grc' dir='ltr'>αι</span> <span class='ocrx_word' id='word_1_215' title='bbox 2007 2687 2107 2756; x_wconf 87' lang='grc' dir='ltr'>ἀρ-</span> 
     </span>
    </p>
   </div>
   <div class='ocr_carea' id='block_1_29' title="bbox 519 2753 2104 2845">
    <p class='ocr_par' dir='ltr' id='par_1_29' title="bbox 519 2753 2104 2845">
     <span class='ocr_line' id='line_1_29' title="bbox 519 2753 2104 2845; baseline 0.016 -38"><span class='ocrx_word' id='word_1_216' title='bbox 519 2756 618 2824; x_wconf 82' lang='grc' dir='ltr'>χαὶ</span> <span class='ocrx_word' id='word_1_217' title='bbox 647 2753 779 2826; x_wconf 76' lang='grc' dir='ltr'>εἷεν,</span> <span class='ocrx_word' id='word_1_218' title='bbox 816 2763 910 2815; x_wconf 79' lang='grc' dir='ltr'>καὶ</span> <span class='ocrx_word' id='word_1_219' title='bbox 935 2762 1109 2826; x_wconf 88' lang='grc' dir='ltr'>οῦτως</span> <span class='ocrx_word' id='word_1_220' title='bbox 1134 2768 1361 2838; x_wconf 77' lang='grc' dir='ltr'>οὐδεμία</span> <span class='ocrx_word' id='word_1_221' title='bbox 1385 2770 1469 2842; x_wconf 78' lang='grc' dir='ltr'>εἴη</span> <span class='ocrx_word' id='word_1_222' title='bbox 1490 2772 1656 2844; x_wconf 81' lang='grc' dir='ltr'>ἀρχὴ,</span> <span class='ocrx_word' id='word_1_223' title='bbox 1695 2776 1925 2845; x_wconf 80' lang='grc' dir='ltr'>μηδενὸς</span> <span class='ocrx_word' id='word_1_224' title='bbox 1950 2753 2104 2842; x_wconf 76' lang='grc' dir='ltr'>ὄντος</span> 
     </span>
    </p>
   </div>
   <div class='ocr_carea' id='block_1_30' title="bbox 517 2941 2100 3026">
    <p class='ocr_par' dir='ltr' id='par_1_30' title="bbox 517 2941 2100 3026">
     <span class='ocr_line' id='line_1_30' title="bbox 517 2941 2100 3026; baseline 0.015 -34"><span class='ocrx_word' id='word_1_225' title='bbox 517 2956 683 3026; x_wconf 78' lang='grc' dir='ltr'>τατον</span> <span class='ocrx_word' id='word_1_226' title='bbox 709 2941 789 3010; x_wconf 84' lang='grc' dir='ltr'>δν,</span> <span class='ocrx_word' id='word_1_227' title='bbox 834 2947 929 3000; x_wconf 77' lang='grc' dir='ltr'>καὶ</span> <span class='ocrx_word' id='word_1_228' title='bbox 955 2947 1070 3002; x_wconf 77' lang='grc' dir='ltr'>οὔτ’</span> <span class='ocrx_word' id='word_1_229' title='bbox 1099 2949 1157 3016; x_wconf 77' lang='grc' dir='ltr'>ἑξ</span> <span class='ocrx_word' id='word_1_230' title='bbox 1182 2951 1449 3023; x_wconf 85' lang='grc' dir='ltr'>ἀλλήλων,</span> <span class='ocrx_word' id='word_1_231' title='bbox 1485 2953 1600 3008; x_wconf 80' lang='grc' dir='ltr'>οὔτ’</span> <span class='ocrx_word' id='word_1_232' title='bbox 1623 2955 1682 3021; x_wconf 80' lang='grc' dir='ltr'>ἑξ</span> <span class='ocrx_word' id='word_1_233' title='bbox 1718 2959 1928 3014; x_wconf 77' lang='grc' dir='ltr'>ἑαυτῶν</span> <span class='ocrx_word' id='word_1_234' title='bbox 1957 2958 2100 3015; x_wconf 73' lang='grc' dir='ltr'>εἶναι</span> 
     </span>
    </p>
   </div>
   <div class='ocr_carea' id='block_1_31' title="bbox 516 3030 2099 3122">
    <p class='ocr_par' dir='ltr' id='par_1_31' title="bbox 516 3030 2099 3122">
     <span class='ocr_line' id='line_1_31' title="bbox 516 3030 2099 3122; baseline 0.015 -40"><span class='ocrx_word' id='word_1_235' title='bbox 516 3030 694 3087; x_wconf 88' lang='grc' dir='ltr'>ταῦτά</span> <span class='ocrx_word' id='word_1_236' title='bbox 709 3051 913 3105; x_wconf 82' lang='grc' dir='ltr'>φαμεν,</span> <span class='ocrx_word' id='word_1_237' title='bbox 936 3037 1082 3093; x_wconf 77' lang='grc' dir='ltr'>οὕτω</span> <span class='ocrx_word' id='word_1_238' title='bbox 1106 3041 1205 3112; x_wconf 84' lang='grc' dir='ltr'>τῆς</span> <span class='ocrx_word' id='word_1_239' title='bbox 1232 3043 1455 3115; x_wconf 78' lang='grc' dir='ltr'>Γραφῆς</span> <span class='ocrx_word' id='word_1_240' title='bbox 1476 3045 1856 3118; x_wconf 77' lang='grc' dir='ltr'>διδασκούσηςο</span> <span class='ocrx_word' id='word_1_241' title='bbox 1872 3051 1964 3104; x_wconf 75' lang='grc' dir='ltr'>καὶ</span> <span class='ocrx_word' id='word_1_242' title='bbox 1990 3053 2099 3122; x_wconf 85' lang='grc' dir='ltr'>γὰρ</span> 
     </span>
    </p>
   </div>
   <div class='ocr_carea' id='block_1_32' title="bbox 2227 855 3774 930">
    <p class='ocr_par' dir='ltr' id='par_1_32' title="bbox 2227 855 3774 930">
     <span class='ocr_line' id='line_1_32' title="bbox 2227 855 3774 930; baseline 0.005 -23"><span class='ocrx_word' id='word_1_243' title='bbox 2227 855 2564 924; x_wconf 83' lang='grc' dir='ltr'>ἀνήκουστον</span> <span class='ocrx_word' id='word_1_244' title='bbox 2589 873 2602 886; x_wconf 91' lang='grc'><strong>·</strong></span> <span class='ocrx_word' id='word_1_245' title='bbox 2634 857 2750 911; x_wconf 82' lang='grc' dir='ltr'>ἀλλ’</span> <span class='ocrx_word' id='word_1_246' title='bbox 2774 859 3078 927; x_wconf 81' lang='grc' dir='ltr'>ἀποτρέπει</span> <span class='ocrx_word' id='word_1_247' title='bbox 3113 876 3172 912; x_wconf 91' lang='grc' dir='ltr'>σε</span> <span class='ocrx_word' id='word_1_248' title='bbox 3213 860 3522 924; x_wconf 84' lang='grc' dir='ltr'>Ἀθανάσιος</span> <span class='ocrx_word' id='word_1_249' title='bbox 3557 863 3583 914; x_wconf 89' lang='lat'>6</span> <span class='ocrx_word' id='word_1_250' title='bbox 3628 861 3774 930; x_wconf 81' lang='grc' dir='ltr'>μέγας</span> 
     </span>
    </p>
   </div>
   <div class='ocr_carea' id='block_1_33' title="bbox 2226 944 3774 1019">
    <p class='ocr_par' dir='ltr' id='par_1_33' title="bbox 2226 944 3774 1019">
     <span class='ocr_line' id='line_1_33' title="bbox 2226 944 3774 1019; baseline 0.005 -22"><span class='ocrx_word' id='word_1_251' title='bbox 2226 945 2284 997; x_wconf 88' lang='grc' dir='ltr'>ἑν</span> <span class='ocrx_word' id='word_1_252' title='bbox 2323 944 2400 1014; x_wconf 84' lang='grc' dir='ltr'>τῷ</span> <span class='ocrx_word' id='word_1_253' title='bbox 2424 946 2553 1017; x_wconf 63' lang='grc' dir='ltr'>περὶ⁵</span> <span class='ocrx_word' id='word_1_254' title='bbox 2575 947 2749 1000; x_wconf 82' lang='grc' dir='ltr'>ἀϊδίου</span> <span class='ocrx_word' id='word_1_255' title='bbox 2777 946 3067 1019; x_wconf 80' lang='grc' dir='ltr'>ὑπάρξεως</span> <span class='ocrx_word' id='word_1_256' title='bbox 3095 949 3272 1017; x_wconf 87' lang='grc' dir='ltr'>λέγων</span> <span class='ocrx_word' id='word_1_257' title='bbox 3292 967 3308 984; x_wconf 80' lang='grc' dir='ltr'>ο</span> <span class='ocrx_word' id='word_1_258' title='bbox 3345 969 3363 1003; x_wconf 85' lang='grc' dir='ltr'>ι</span> <span class='ocrx_word' id='word_1_259' title='bbox 3397 952 3585 1004; x_wconf 85' lang='grc' dir='ltr'>Ἔσται</span> <span class='ocrx_word' id='word_1_260' title='bbox 3613 952 3668 1004; x_wconf 85' lang='lat'>:6</span> <span class='ocrx_word' id='word_1_261' title='bbox 3695 953 3774 1005; x_wconf 68' lang='lat' dir='ltr'>a6-</span> 
     </span>
    </p>
   </div>
   <div class='ocr_carea' id='block_1_34' title="bbox 2225 1032 3776 1109">
    <p class='ocr_par' dir='ltr' id='par_1_34' title="bbox 2225 1032 3776 1109">
     <span class='ocr_line' id='line_1_34' title="bbox 2225 1032 3776 1109; baseline 0.007 -26"><span class='ocrx_word' id='word_1_262' title='bbox 2225 1032 2284 1083; x_wconf 90' lang='lat'>:6</span> <span class='ocrx_word' id='word_1_263' title='bbox 2317 1033 2491 1087; x_wconf 74' lang='grc' dir='ltr'>αἴτιον</span> <span class='ocrx_word' id='word_1_264' title='bbox 2528 1037 2619 1089; x_wconf 76' lang='grc' dir='ltr'>καὶ</span> <span class='ocrx_word' id='word_1_265' title='bbox 2649 1037 2915 1101; x_wconf 85' lang='grc' dir='ltr'>αίτιατὺν,</span> <span class='ocrx_word' id='word_1_266' title='bbox 2942 1037 3147 1101; x_wconf 86' lang='grc' dir='ltr'>γεννῶν</span> <span class='ocrx_word' id='word_1_267' title='bbox 3172 1039 3268 1091; x_wconf 81' lang='grc' dir='ltr'>καὶ</span> <span class='ocrx_word' id='word_1_268' title='bbox 3286 1041 3639 1108; x_wconf 82' lang='grc' dir='ltr'>γεννώμενον,</span> <span class='ocrx_word' id='word_1_269' title='bbox 3662 1042 3776 1109; x_wconf 80' lang='grc' dir='ltr'>ὅπερ</span> 
     </span>
    </p>
   </div>
   <div class='ocr_carea' id='block_1_35' title="bbox 2223 1120 3778 1201">
    <p class='ocr_par' dir='ltr' id='par_1_35' title="bbox 2223 1120 3778 1201">
     <span class='ocr_line' id='line_1_35' title="bbox 2223 1120 3778 1201; baseline 0.003 -21"><span class='ocrx_word' id='word_1_270' title='bbox 2223 1126 2447 1190; x_wconf 87' lang='grc' dir='ltr'>ἄτοπον,</span> <span class='ocrx_word' id='word_1_271' title='bbox 2486 1145 2504 1180; x_wconf 73' lang='grc' dir='ltr'>ι</span> <span class='ocrx_word' id='word_1_272' title='bbox 2541 1130 2632 1182; x_wconf 81' lang='grc' dir='ltr'>καὶ</span> <span class='ocrx_word' id='word_1_273' title='bbox 2659 1133 2688 1183; x_wconf 91' lang='lat'>6</span> <span class='ocrx_word' id='word_1_274' title='bbox 2719 1129 2980 1199; x_wconf 89' lang='grc' dir='ltr'>Θεολόγος</span> <span class='ocrx_word' id='word_1_275' title='bbox 3023 1120 3220 1201; x_wconf 83' lang='grc' dir='ltr'>καινὴν</span> <span class='ocrx_word' id='word_1_276' title='bbox 3263 1132 3410 1200; x_wconf 82' lang='grc' dir='ltr'>μίξιν</span> <span class='ocrx_word' id='word_1_277' title='bbox 3437 1132 3704 1201; x_wconf 74' lang='grc' dir='ltr'>ὀνομάζων</span> <span class='ocrx_word' id='word_1_278' title='bbox 3727 1135 3778 1186; x_wconf 83' lang='lat'>:6</span> 
     </span>
    </p>
   </div>
   <div class='ocr_carea' id='block_1_36' title="bbox 2221 1220 3776 1293">
    <p class='ocr_par' dir='ltr' id='par_1_36' title="bbox 2221 1220 3776 1293">
     <span class='ocr_line' id='line_1_36' title="bbox 2221 1220 3776 1293; baseline 0.005 -25"><span class='ocrx_word' id='word_1_279' title='bbox 2221 1220 2776 1290; x_wconf 85' lang='grc' dir='ltr'>γεννητοαγέννητον.</span> <span class='ocrx_word' id='word_1_280' title='bbox 2806 1222 2872 1274; x_wconf 82' lang='grc' dir='ltr'>Τί</span> <span class='ocrx_word' id='word_1_281' title='bbox 2907 1223 3015 1291; x_wconf 80' lang='grc' dir='ltr'>γὰρ</span> <span class='ocrx_word' id='word_1_282' title='bbox 3046 1224 3102 1274; x_wconf 82' lang='grc' dir='ltr'>ἑν</span> <span class='ocrx_word' id='word_1_283' title='bbox 3134 1222 3212 1290; x_wconf 82' lang='grc' dir='ltr'>τῷ</span> <span class='ocrx_word' id='word_1_284' title='bbox 3247 1223 3425 1290; x_wconf 84' lang='grc' dir='ltr'>μέλιτι</span> <span class='ocrx_word' id='word_1_285' title='bbox 3450 1225 3703 1293; x_wconf 75' lang='grc' dir='ltr'>κρύπτεις</span> <span class='ocrx_word' id='word_1_286' title='bbox 3728 1226 3776 1276; x_wconf 78' lang='lat'>:6</span> 
     </span>
    </p>
   </div>
   <div class='ocr_carea' id='block_1_37' title="bbox 2220 1311 3776 1387">
    <p class='ocr_par' dir='ltr' id='par_1_37' title="bbox 2220 1311 3776 1387">
     <span class='ocr_line' id='line_1_37' title="bbox 2220 1311 3776 1387; baseline 0.005 -25"><span class='ocrx_word' id='word_1_287' title='bbox 2220 1311 2569 1381; x_wconf 89' lang='grc' dir='ltr'>δηλητήριον,</span> <span class='ocrx_word' id='word_1_288' title='bbox 2596 1314 2713 1366; x_wconf 82' lang='grc' dir='ltr'>ἀλλ’</span> <span class='ocrx_word' id='word_1_289' title='bbox 2739 1315 2835 1367; x_wconf 84' lang='grc' dir='ltr'>οὐκ</span> <span class='ocrx_word' id='word_1_290' title='bbox 2865 1315 3028 1378; x_wconf 76' lang='grc' dir='ltr'>εὖθὺς</span> <span class='ocrx_word' id='word_1_291' title='bbox 3054 1317 3454 1380; x_wconf 81' lang='grc' dir='ltr'>ἀνακαλύπτεις</span> <span class='ocrx_word' id='word_1_292' title='bbox 3476 1334 3490 1383; x_wconf 90' lang='grc'><strong>;</strong></span> <span class='ocrx_word' id='word_1_293' title='bbox 3514 1319 3658 1370; x_wconf 82' lang='grc' dir='ltr'>Ἔδει</span> <span class='ocrx_word' id='word_1_294' title='bbox 3686 1319 3776 1387; x_wconf 82' lang='grc' dir='ltr'>γάρ</span> 
     </span>
    </p>
   </div>
   <div class='ocr_carea' id='block_1_38' title="bbox 2222 1403 3776 1478">
    <p class='ocr_par' dir='ltr' id='par_1_38' title="bbox 2222 1403 3776 1478">
     <span class='ocr_line' id='line_1_38' title="bbox 2222 1403 3776 1478; baseline 0.005 -24"><span class='ocrx_word' id='word_1_295' title='bbox 2222 1419 2281 1455; x_wconf 88' lang='grc' dir='ltr'>σε</span> <span class='ocrx_word' id='word_1_296' title='bbox 2304 1403 2483 1471; x_wconf 87' lang='grc' dir='ltr'>λέγειν</span> <span class='ocrx_word' id='word_1_297' title='bbox 2521 1405 2720 1474; x_wconf 81' lang='grc' dir='ltr'>μᾶλλον</span> <span class='ocrx_word' id='word_1_298' title='bbox 2745 1407 2929 1469; x_wconf 83' lang='grc' dir='ltr'>εὐθὺς,</span> <span class='ocrx_word' id='word_1_299' title='bbox 2967 1406 3024 1458; x_wconf 83' lang='grc' dir='ltr'>ἑν</span> <span class='ocrx_word' id='word_1_300' title='bbox 3060 1408 3159 1475; x_wconf 78' lang='grc' dir='ltr'>μὲν</span> <span class='ocrx_word' id='word_1_301' title='bbox 3191 1404 3330 1461; x_wconf 83' lang='grc' dir='ltr'>εῖναι</span> <span class='ocrx_word' id='word_1_302' title='bbox 3356 1409 3415 1461; x_wconf 89' lang='lat'>:6</span> <span class='ocrx_word' id='word_1_303' title='bbox 3445 1410 3706 1478; x_wconf 84' lang='grc' dir='ltr'>παράγον,</span> <span class='ocrx_word' id='word_1_304' title='bbox 3725 1411 3776 1462; x_wconf 76' lang='grc' dir='ltr'>ἑν</span> 
     </span>
    </p>
   </div>
   <div class='ocr_carea' id='block_1_39' title="bbox 2217 1495 3777 1569">
    <p class='ocr_par' dir='ltr' id='par_1_39' title="bbox 2217 1495 3777 1569">
     <span class='ocr_line' id='line_1_39' title="bbox 2217 1495 3777 1569; baseline 0.004 -22"><span class='ocrx_word' id='word_1_305' title='bbox 2217 1495 2273 1547; x_wconf 86' lang='grc' dir='ltr'>δὲ</span> <span class='ocrx_word' id='word_1_306' title='bbox 2303 1497 2362 1546; x_wconf 85' lang='lat'>:6</span> <span class='ocrx_word' id='word_1_307' title='bbox 2391 1497 2643 1564; x_wconf 87' lang='grc' dir='ltr'>παράγον</span> <span class='ocrx_word' id='word_1_308' title='bbox 2672 1499 2768 1551; x_wconf 78' lang='grc' dir='ltr'>καὶ</span> <span class='ocrx_word' id='word_1_309' title='bbox 2810 1499 3220 1567; x_wconf 85' lang='grc' dir='ltr'>παραγόμενον,</span> <span class='ocrx_word' id='word_1_310' title='bbox 3258 1500 3316 1552; x_wconf 83' lang='grc' dir='ltr'>ἓν</span> <span class='ocrx_word' id='word_1_311' title='bbox 3367 1501 3422 1553; x_wconf 79' lang='grc' dir='ltr'>δὲ</span> <span class='ocrx_word' id='word_1_312' title='bbox 3455 1501 3515 1552; x_wconf 86' lang='lat'>:6</span> <span class='ocrx_word' id='word_1_313' title='bbox 3553 1504 3777 1569; x_wconf 73' lang='grc' dir='ltr'>παραγό-</span> 
     </span>
    </p>
   </div>
   <div class='ocr_carea' id='block_1_40' title="bbox 2221 1588 3775 1662">
    <p class='ocr_par' dir='ltr' id='par_1_40' title="bbox 2221 1588 3775 1662">
     <span class='ocr_line' id='line_1_40' title="bbox 2221 1588 3775 1662; baseline 0.007 -25"><span class='ocrx_word' id='word_1_314' title='bbox 2221 1603 2383 1654; x_wconf 89' lang='grc' dir='ltr'>μενον</span> <span class='ocrx_word' id='word_1_315' title='bbox 2416 1588 2596 1656; x_wconf 89' lang='grc' dir='ltr'>μόνον,</span> <span class='ocrx_word' id='word_1_316' title='bbox 2623 1589 2699 1652; x_wconf 85' lang='grc' dir='ltr'>ὡς</span> <span class='ocrx_word' id='word_1_317' title='bbox 2735 1591 2799 1643; x_wconf 83' lang='grc' dir='ltr'>ἑκ</span> <span class='ocrx_word' id='word_1_318' title='bbox 2825 1590 2932 1641; x_wconf 94' lang='grc' dir='ltr'>τῶν</span> <span class='ocrx_word' id='word_1_319' title='bbox 2957 1591 3132 1658; x_wconf 87' lang='grc' dir='ltr'>λόγων</span> <span class='ocrx_word' id='word_1_320' title='bbox 3162 1608 3255 1644; x_wconf 90' lang='grc' dir='ltr'>σου</span> <span class='ocrx_word' id='word_1_321' title='bbox 3291 1593 3431 1662; x_wconf 83' lang='grc' dir='ltr'>φανή</span> <span class='ocrx_word' id='word_1_322' title='bbox 3444 1610 3519 1644; x_wconf 77' lang='grc' dir='ltr'>τει</span> <span class='ocrx_word' id='word_1_323' title='bbox 3563 1594 3775 1662; x_wconf 80' lang='grc' dir='ltr'>φρονῶν.</span> 
     </span>
    </p>
   </div>
   <div class='ocr_carea' id='block_1_41' title="bbox 2230 1677 3778 1754">
    <p class='ocr_par' dir='ltr' id='par_1_41' title="bbox 2230 1677 3778 1754">
     <span class='ocr_line' id='line_1_41' title="bbox 2230 1677 3778 1754; baseline 0.005 -24"><span class='ocrx_word' id='word_1_324' title='bbox 2230 1677 2373 1731; x_wconf 81' lang='grc' dir='ltr'>Ἀλλ’</span> <span class='ocrx_word' id='word_1_325' title='bbox 2404 1681 2481 1742; x_wconf 85' lang='grc' dir='ltr'>ὡς</span> <span class='ocrx_word' id='word_1_326' title='bbox 2510 1679 2654 1734; x_wconf 80' lang='grc' dir='ltr'>ἔοικε</span> <span class='ocrx_word' id='word_1_327' title='bbox 2675 1683 2738 1734; x_wconf 83' lang='grc' dir='ltr'>τὸ</span> <span class='ocrx_word' id='word_1_328' title='bbox 2773 1682 2871 1750; x_wconf 83' lang='grc' dir='ltr'>μὲν</span> <span class='ocrx_word' id='word_1_329' title='bbox 2896 1683 3073 1753; x_wconf 83' lang='grc' dir='ltr'>ἀληθῆ</span> <span class='ocrx_word' id='word_1_330' title='bbox 3108 1686 3201 1737; x_wconf 91' lang='grc' dir='ltr'>τοῦ</span> <span class='ocrx_word' id='word_1_331' title='bbox 3235 1684 3442 1738; x_wconf 84' lang='grc' dir='ltr'>τιθέναι</span> <span class='ocrx_word' id='word_1_332' title='bbox 3471 1684 3710 1754; x_wconf 82' lang='grc' dir='ltr'>θεμέλιον</span> <span class='ocrx_word' id='word_1_333' title='bbox 3726 1688 3778 1738; x_wconf 83' lang='grc' dir='ltr'>ἐκ</span> 
     </span>
    </p>
   </div>
   <div class='ocr_carea' id='block_1_42' title="bbox 2217 1771 3774 1846">
    <p class='ocr_par' dir='ltr' id='par_1_42' title="bbox 2217 1771 3774 1846">
     <span class='ocr_line' id='line_1_42' title="bbox 2217 1771 3774 1846; baseline 0.009 -25"><span class='ocrx_word' id='word_1_334' title='bbox 2217 1773 2318 1840; x_wconf 83' lang='grc' dir='ltr'>τῆς</span> <span class='ocrx_word' id='word_1_335' title='bbox 2347 1771 2595 1841; x_wconf 82' lang='grc' dir='ltr'>ἀνάγκης</span> <span class='ocrx_word' id='word_1_336' title='bbox 2630 1775 2730 1842; x_wconf 83' lang='grc' dir='ltr'>τῆς</span> <span class='ocrx_word' id='word_1_337' title='bbox 2763 1773 3022 1840; x_wconf 85' lang='grc' dir='ltr'>ἀληθείας</span> <span class='ocrx_word' id='word_1_338' title='bbox 3058 1776 3193 1836; x_wconf 71' lang='grc' dir='ltr'>ἑστὶ.</span> <span class='ocrx_word' id='word_1_339' title='bbox 3241 1775 3303 1828; x_wconf 85' lang='grc' dir='ltr'>τὸ</span> <span class='ocrx_word' id='word_1_340' title='bbox 3351 1775 3408 1828; x_wconf 85' lang='grc' dir='ltr'>δὲ</span> <span class='ocrx_word' id='word_1_341' title='bbox 3445 1775 3774 1846; x_wconf 68' lang='grc' dir='ltr'>σύμφωναςῆ</span> 
     </span>
    </p>
   </div>
   <div class='ocr_carea' id='block_1_43' title="bbox 2223 1862 3760 1938">
    <p class='ocr_par' dir='ltr' id='par_1_43' title="bbox 2223 1862 3760 1938">
     <span class='ocr_line' id='line_1_43' title="bbox 2223 1862 3760 1938; baseline 0.003 -23"><span class='ocrx_word' id='word_1_342' title='bbox 2223 1862 2298 1932; x_wconf 83' lang='grc' dir='ltr'>μὴ</span> <span class='ocrx_word' id='word_1_343' title='bbox 2325 1864 2572 1928; x_wconf 71' lang='grc' dir='ltr'>τοιαῦτα,</span> <span class='ocrx_word' id='word_1_344' title='bbox 2591 1865 2970 1934; x_wconf 72' lang='grc' dir='ltr'>ἐποικοδομεῖν</span> <span class='ocrx_word' id='word_1_345' title='bbox 2994 1867 3094 1936; x_wconf 85' lang='grc' dir='ltr'>τῆς</span> <span class='ocrx_word' id='word_1_346' title='bbox 3119 1869 3396 1938; x_wconf 80' lang='grc' dir='ltr'>ἡμετέρας</span> <span class='ocrx_word' id='word_1_347' title='bbox 3423 1869 3482 1921; x_wconf 87' lang='grc' dir='ltr'>ἐν</span> <span class='ocrx_word' id='word_1_348' title='bbox 3505 1871 3614 1930; x_wconf 87' lang='grc' dir='ltr'>τοῖς</span> <span class='ocrx_word' id='word_1_349' title='bbox 3635 1867 3760 1922; x_wconf 83' lang='grc' dir='ltr'>τοιού</span> 
     </span>
    </p>
   </div>
   <div class='ocr_carea' id='block_1_44' title="bbox 2215 1954 3556 2026">
    <p class='ocr_par' dir='ltr' id='par_1_44' title="bbox 2215 1954 3556 2026">
     <span class='ocr_line' id='line_1_44' title="bbox 2215 1954 3556 2026; baseline 0.002 -18"><span class='ocrx_word' id='word_1_350' title='bbox 2215 1972 2328 2018; x_wconf 88' lang='grc' dir='ltr'>τοις</span> <span class='ocrx_word' id='word_1_351' title='bbox 2364 1954 2563 2024; x_wconf 88' lang='grc' dir='ltr'>πείρας</span> <span class='ocrx_word' id='word_1_352' title='bbox 2589 1955 2620 2023; x_wconf 73' lang='grc' dir='ltr'>ἢ</span> <span class='ocrx_word' id='word_1_353' title='bbox 2659 1958 3058 2026; x_wconf 83' lang='grc' dir='ltr'>προαιρέσεως.</span> <span class='ocrx_word' id='word_1_354' title='bbox 3091 1960 3155 2010; x_wconf 86' lang='grc' dir='ltr'>Τί</span> <span class='ocrx_word' id='word_1_355' title='bbox 3184 1960 3240 2011; x_wconf 87' lang='lat'>:6</span> <span class='ocrx_word' id='word_1_356' title='bbox 3265 1959 3556 2023; x_wconf 77' lang='grc' dir='ltr'>ἑντεῦθενς</span> 
     </span>
    </p>
   </div>
   <div class='ocr_carea' id='block_1_45' title="bbox 2725 2070 3406 2126">
    <p class='ocr_par' dir='ltr' id='par_1_45' title="bbox 2725 2070 3406 2126">
     <span class='ocr_line' id='line_1_45' title="bbox 2725 2070 3406 2126; baseline 0.007 -4"><span class='ocrx_word' id='word_1_357' title='bbox 2725 2070 3296 2126; x_wconf 83' lang='grc' dir='ltr'>ΛΡΓΥΡΟΠΟΥΛΟΣ.</span> <span class='ocrx_word' id='word_1_358' title='bbox 3397 2082 3406 2089; x_wconf 88' lang='lat'><strong>&#39;</strong></span> 
     </span>
    </p>
   </div>
   <div class='ocr_carea' id='block_1_46' title="bbox 2291 2181 3780 2258">
    <p class='ocr_par' dir='ltr' id='par_1_46' title="bbox 2291 2181 3780 2258">
     <span class='ocr_line' id='line_1_46' title="bbox 2291 2181 3780 2258; baseline 0.006 -26"><span class='ocrx_word' id='word_1_359' title='bbox 2291 2181 2562 2251; x_wconf 80' lang='grc' dir='ltr'>Παράγων</span> <span class='ocrx_word' id='word_1_360' title='bbox 2588 2183 2644 2236; x_wconf 82' lang='grc' dir='ltr'>δὲ</span> <span class='ocrx_word' id='word_1_361' title='bbox 2677 2182 2706 2235; x_wconf 81' lang='lat'>6</span> <span class='ocrx_word' id='word_1_362' title='bbox 2744 2183 2956 2254; x_wconf 80' lang='grc' dir='ltr'>Πατὴρ,</span> <span class='ocrx_word' id='word_1_363' title='bbox 3017 2188 3367 2258; x_wconf 71' lang='grc' dir='ltr'>παρακτικὰς</span> <span class='ocrx_word' id='word_1_364' title='bbox 3395 2189 3660 2258; x_wconf 88' lang='grc' dir='ltr'>δήπουθεν</span> <span class='ocrx_word' id='word_1_365' title='bbox 3684 2188 3780 2254; x_wconf 76' lang='grc' dir='ltr'>ἕξει</span> 
     </span>
    </p>
   </div>
   <div class='ocr_carea' id='block_1_47' title="bbox 2219 2273 3781 2346">
    <p class='ocr_par' dir='ltr' id='par_1_47' title="bbox 2219 2273 3781 2346">
     <span class='ocr_line' id='line_1_47' title="bbox 2219 2273 3781 2346; baseline 0.004 -21"><span class='ocrx_word' id='word_1_366' title='bbox 2219 2273 2506 2344; x_wconf 85' lang='grc' dir='ltr'>δυνάμεις,</span> <span class='ocrx_word' id='word_1_367' title='bbox 2538 2275 2963 2346; x_wconf 86' lang='grc' dir='ltr'>διακρινομένας</span> <span class='ocrx_word' id='word_1_368' title='bbox 2998 2297 3113 2342; x_wconf 88' lang='grc' dir='ltr'>πως</span> <span class='ocrx_word' id='word_1_369' title='bbox 3145 2282 3237 2333; x_wconf 76' lang='grc' dir='ltr'>καὶ</span> <span class='ocrx_word' id='word_1_370' title='bbox 3270 2279 3461 2346; x_wconf 75' lang='grc' dir='ltr'>αὐτὰς,</span> <span class='ocrx_word' id='word_1_371' title='bbox 3493 2278 3574 2345; x_wconf 78' lang='grc' dir='ltr'>οἷς</span> <span class='ocrx_word' id='word_1_372' title='bbox 3611 2281 3674 2336; x_wconf 84' lang='grc' dir='ltr'>δι’</span> <span class='ocrx_word' id='word_1_373' title='bbox 3697 2281 3781 2336; x_wconf 71' lang='grc' dir='ltr'>αὖ·</span> 
     </span>
    </p>
   </div>
   <div class='ocr_carea' id='block_1_48' title="bbox 2213 2352 3776 2447">
    <p class='ocr_par' dir='ltr' id='par_1_48' title="bbox 2213 2352 3776 2447">
     <span class='ocr_line' id='line_1_48' title="bbox 2213 2352 3776 2447; baseline 0.008 -31"><span class='ocrx_word' id='word_1_374' title='bbox 2213 2367 2324 2418; x_wconf 87' lang='grc' dir='ltr'>τῶν</span> <span class='ocrx_word' id='word_1_375' title='bbox 2345 2352 2739 2437; x_wconf 75' lang='grc' dir='ltr'>διακρινόμενα</span> <span class='ocrx_word' id='word_1_376' title='bbox 2771 2371 3081 2440; x_wconf 82' lang='grc' dir='ltr'>παράγεται</span> <span class='ocrx_word' id='word_1_377' title='bbox 3117 2373 3403 2442; x_wconf 85' lang='grc' dir='ltr'>πρόσωπα,</span> <span class='ocrx_word' id='word_1_378' title='bbox 3453 2376 3557 2444; x_wconf 80' lang='grc' dir='ltr'>τὴν</span> <span class='ocrx_word' id='word_1_379' title='bbox 3610 2375 3702 2444; x_wconf 75' lang='grc' dir='ltr'>μὲν</span> 
     </span>
    </p>
   </div>
   <div class='ocr_carea' id='block_1_49' title="bbox 2214 2448 3780 2539">
    <p class='ocr_par' dir='ltr' id='par_1_49' title="bbox 2214 2448 3780 2539">
     <span class='ocr_line' id='line_1_49' title="bbox 2214 2448 3780 2539; baseline 0.008 -31"><span class='ocrx_word' id='word_1_380' title='bbox 2214 2458 2306 2509; x_wconf 80' lang='grc' dir='ltr'>τὸν</span> <span class='ocrx_word' id='word_1_381' title='bbox 2347 2458 2495 2539; x_wconf 56' lang='grc' dir='ltr'>Υίδν,</span> <span class='ocrx_word' id='word_1_382' title='bbox 2534 2461 2635 2528; x_wconf 81' lang='grc' dir='ltr'>τὴν</span> <span class='ocrx_word' id='word_1_383' title='bbox 2670 2461 2714 2514; x_wconf 85' lang='grc' dir='ltr'>δ’</span> <span class='ocrx_word' id='word_1_384' title='bbox 2742 2458 2808 2516; x_wconf 80' lang='grc' dir='ltr'>αὖ</span> <span class='ocrx_word' id='word_1_385' title='bbox 2842 2463 3006 2520; x_wconf 81' lang='grc' dir='ltr'>πάλιν</span> <span class='ocrx_word' id='word_1_386' title='bbox 3124 2448 3363 2534; x_wconf 78' lang='grc' dir='ltr'>παράγει</span> <span class='ocrx_word' id='word_1_387' title='bbox 3388 2469 3448 2519; x_wconf 84' lang='lat'>:6</span> <span class='ocrx_word' id='word_1_388' title='bbox 3489 2466 3702 2537; x_wconf 85' lang='grc' dir='ltr'>Πνεῦμα</span> <span class='ocrx_word' id='word_1_389' title='bbox 3727 2466 3780 2520; x_wconf 80' lang='lat'>:6</span> 
     </span>
    </p>
   </div>
   <div class='ocr_carea' id='block_1_50' title="bbox 2215 2548 3011 2616">
    <p class='ocr_par' dir='ltr' id='par_1_50' title="bbox 2215 2548 3011 2616">
     <span class='ocr_line' id='line_1_50' title="bbox 2215 2548 3011 2616; baseline 0.01 -18"><span class='ocrx_word' id='word_1_390' title='bbox 2215 2548 2396 2616; x_wconf 79' lang='grc' dir='ltr'>ἀγιον.</span> <span class='ocrx_word' id='word_1_391' title='bbox 3006 2575 3011 2580; x_wconf 76' lang='grc'><strong>’</strong></span> 
     </span>
    </p>
   </div>
   <div class='ocr_carea' id='block_1_51' title="bbox 2786 2666 3250 2725">
    <p class='ocr_par' dir='ltr' id='par_1_51' title="bbox 2786 2666 3250 2725">
     <span class='ocr_line' id='line_1_51' title="bbox 2786 2666 3250 2725; baseline 0.015 -7"><span class='ocrx_word' id='word_1_392' title='bbox 2786 2666 3250 2725; x_wconf 76' lang='grc' dir='ltr'>ΑΓΑΛΛῘᾹΝΟΣ.</span> 
     </span>
    </p>
   </div>
   <div class='ocr_carea' id='block_1_52' title="bbox 2283 2782 3782 2857">
    <p class='ocr_par' dir='ltr' id='par_1_52' title="bbox 2283 2782 3782 2857">
     <span class='ocr_line' id='line_1_52' title="bbox 2283 2782 3782 2857; baseline 0.003 -22"><span class='ocrx_word' id='word_1_393' title='bbox 2283 2782 2455 2837; x_wconf 88' lang='grc' dir='ltr'>Τοῦτό</span> <span class='ocrx_word' id='word_1_394' title='bbox 2489 2785 2638 2838; x_wconf 88' lang='grc' dir='ltr'>ἑστιν</span> <span class='ocrx_word' id='word_1_395' title='bbox 2670 2785 2699 2837; x_wconf 97' lang='lat'>6</span> <span class='ocrx_word' id='word_1_396' title='bbox 2729 2782 2977 2852; x_wconf 84' lang='grc' dir='ltr'>θεμέλιος</span> <span class='ocrx_word' id='word_1_397' title='bbox 3025 2785 3126 2852; x_wconf 86' lang='grc' dir='ltr'>τῆς</span> <span class='ocrx_word' id='word_1_398' title='bbox 3175 2786 3529 2853; x_wconf 86' lang='grc' dir='ltr'>καινοτομίας</span> <span class='ocrx_word' id='word_1_399' title='bbox 3562 2789 3657 2857; x_wconf 86' lang='grc' dir='ltr'>τῆς</span> <span class='ocrx_word' id='word_1_400' title='bbox 3682 2786 3782 2841; x_wconf 79' lang='grc' dir='ltr'>τῶν</span> 
     </span>
    </p>
   </div>
   <div class='ocr_carea' id='block_1_53' title="bbox 2075 2876 3775 2951">
    <p class='ocr_par' dir='ltr' id='par_1_53' title="bbox 2075 2876 3775 2951">
     <span class='ocr_line' id='line_1_53' title="bbox 2075 2876 3775 2951; baseline 0 -21"><span class='ocrx_word' id='word_1_401' title='bbox 2075 2900 2100 2912; x_wconf 91' lang='grc'><strong>·</strong></span> <span class='ocrx_word' id='word_1_402' title='bbox 2209 2876 2386 2940; x_wconf 83' lang='grc' dir='ltr'>ἁγίων</span> <span class='ocrx_word' id='word_1_403' title='bbox 2411 2876 2711 2943; x_wconf 85' lang='grc' dir='ltr'>θεολογίας.</span> <span class='ocrx_word' id='word_1_404' title='bbox 2736 2877 2832 2939; x_wconf 89' lang='grc' dir='ltr'>Τίς</span> <span class='ocrx_word' id='word_1_405' title='bbox 2862 2878 2970 2946; x_wconf 87' lang='grc' dir='ltr'>γάρ</span> <span class='ocrx_word' id='word_1_406' title='bbox 3007 2895 3136 2931; x_wconf 85' lang='grc' dir='ltr'>ποτε</span> <span class='ocrx_word' id='word_1_407' title='bbox 3171 2879 3278 2933; x_wconf 88' lang='grc' dir='ltr'>τῶν</span> <span class='ocrx_word' id='word_1_408' title='bbox 3309 2879 3581 2948; x_wconf 76' lang='grc' dir='ltr'>θεολόγων</span> <span class='ocrx_word' id='word_1_409' title='bbox 3609 2880 3775 2951; x_wconf 70' lang='grc' dir='ltr'>εἴρηκε</span> 
     </span>
    </p>
   </div>
   <div class='ocr_carea' id='block_1_54' title="bbox 2209 2968 3771 3040">
    <p class='ocr_par' dir='ltr' id='par_1_54' title="bbox 2209 2968 3771 3040">
     <span class='ocr_line' id='line_1_54' title="bbox 2209 2968 3771 3040; baseline 0.002 -20"><span class='ocrx_word' id='word_1_410' title='bbox 2209 2971 2495 3038; x_wconf 83' lang='grc' dir='ltr'>προσεῖναι</span> <span class='ocrx_word' id='word_1_411' title='bbox 2533 2969 2610 3040; x_wconf 85' lang='grc' dir='ltr'>τῷ</span> <span class='ocrx_word' id='word_1_412' title='bbox 2643 2969 2815 3039; x_wconf 72' lang='grc' dir='ltr'>Πατρὶ</span> <span class='ocrx_word' id='word_1_413' title='bbox 2845 2968 3104 3037; x_wconf 84' lang='grc' dir='ltr'>δυνάμεις</span> <span class='ocrx_word' id='word_1_414' title='bbox 3160 2971 3513 3040; x_wconf 83' lang='grc' dir='ltr'>παρακτικάς</span> <span class='ocrx_word' id='word_1_415' title='bbox 3553 2974 3609 3026; x_wconf 91' lang='grc' dir='ltr'>ἑν</span> <span class='ocrx_word' id='word_1_416' title='bbox 3642 2972 3771 3040; x_wconf 82' lang='grc' dir='ltr'>αύτῷ</span> 
     </span>
    </p>
   </div>
   <div class='ocr_carea' id='block_1_55' title="bbox 2205 3055 3772 3136">
    <p class='ocr_par' dir='ltr' id='par_1_55' title="bbox 2205 3055 3772 3136">
     <span class='ocr_line' id='line_1_55' title="bbox 2205 3055 3772 3136; baseline 0.004 -25"><span class='ocrx_word' id='word_1_417' title='bbox 2205 3060 2626 3128; x_wconf 82' lang='grc' dir='ltr'>διακρινομένας</span> <span class='ocrx_word' id='word_1_418' title='bbox 2650 3103 2664 3126; x_wconf 94' lang='grc'>,</span> <span class='ocrx_word' id='word_1_419' title='bbox 2699 3060 2767 3113; x_wconf 85' lang='grc' dir='ltr'>δι’</span> <span class='ocrx_word' id='word_1_420' title='bbox 2821 3055 2899 3114; x_wconf 85' lang='grc' dir='ltr'>ῶν</span> <span class='ocrx_word' id='word_1_421' title='bbox 2943 3061 3179 3136; x_wconf 32' lang='grc' dir='ltr'>προάγει.</span> <span class='ocrx_word' id='word_1_422' title='bbox 3217 3063 3285 3115; x_wconf 90' lang='grc' dir='ltr'>τά</span> <span class='ocrx_word' id='word_1_423' title='bbox 3333 3063 3451 3116; x_wconf 78' lang='grc' dir='ltr'>θεῖα</span> <span class='ocrx_word' id='word_1_424' title='bbox 3480 3063 3772 3136; x_wconf 79' lang='grc' dir='ltr'>πρόσωπας</span> 
     </span>
    </p>
   </div>
   <div class='ocr_carea' id='block_1_56' title="bbox 517 3123 3774 3236">
    <p class='ocr_par' dir='ltr' id='par_1_56' title="bbox 517 3123 3774 3236">
     <span class='ocr_line' id='line_1_56' title="bbox 517 3123 3774 3236; baseline 0.01 -60"><span class='ocrx_word' id='word_1_425' title='bbox 517 3123 823 3236; x_wconf 44' lang='lat' dir='ltr'>Ilo-117691.03</span> <span class='ocrx_word' id='word_1_426' title='bbox 855 3129 1084 3232; x_wconf 60' lang='grc' dir='ltr'>ό.θεῖος,</span> <span class='ocrx_word' id='word_1_427' title='bbox 1119 3133 1256 3236; x_wconf 73' lang='grc' dir='ltr'>πολὺ</span> <span class='ocrx_word' id='word_1_428' title='bbox 1293 3133 1521 3236; x_wconf 70' lang='grc' dir='ltr'>βελτίων</span> <span class='ocrx_word' id='word_1_429' title='bbox 1573 3136 1654 3191; x_wconf 85' lang='grc' dir='ltr'>ὢν</span> <span class='ocrx_word' id='word_1_430' title='bbox 1700 3139 1972 3208; x_wconf 86' lang='grc' dir='ltr'>θεολόγος,</span> <span class='ocrx_word' id='word_1_431' title='bbox 2007 3143 2106 3198; x_wconf 84' lang='grc' dir='ltr'>Διά</span> <span class='ocrx_word' id='word_1_432' title='bbox 2134 3179 2176 3236; x_wconf 74' lang='lat' dir='ltr'><strong><em>C</em></strong></span> <span class='ocrx_word' id='word_1_433' title='bbox 2214 3123 2402 3213; x_wconf 75' lang='grc' dir='ltr'>Οὐδεὶς</span> <span class='ocrx_word' id='word_1_434' title='bbox 2448 3123 2657 3221; x_wconf 71' lang='grc' dir='ltr'>δήπου.</span> <span class='ocrx_word' id='word_1_435' title='bbox 2684 3153 2796 3223; x_wconf 85' lang='grc' dir='ltr'>Τῆς</span> <span class='ocrx_word' id='word_1_436' title='bbox 2828 3153 2886 3206; x_wconf 77' lang='grc' dir='ltr'>δὲ</span> <span class='ocrx_word' id='word_1_437' title='bbox 2917 3123 3239 3224; x_wconf 70' lang='grc' dir='ltr'>καινοτέρας</span> <span class='ocrx_word' id='word_1_438' title='bbox 3261 3155 3470 3226; x_wconf 83' lang='grc' dir='ltr'>ταύτης</span> <span class='ocrx_word' id='word_1_439' title='bbox 3517 3123 3774 3225; x_wconf 80' lang='grc' dir='ltr'>θεολογίας</span> 
     </span>
    </p>
   </div>
   <div class='ocr_carea' id='block_1_57' title="bbox 519 3213 2106 3300">
    <p class='ocr_par' dir='ltr' id='par_1_57' title="bbox 519 3213 2106 3300">
     <span class='ocr_line' id='line_1_57' title="bbox 519 3213 2106 3300; baseline 0.011 -34"><span class='ocrx_word' id='word_1_440' title='bbox 519 3213 700 3282; x_wconf 87' lang='grc' dir='ltr'>τοῦτο,</span> <span class='ocrx_word' id='word_1_441' title='bbox 735 3219 828 3272; x_wconf 81' lang='grc' dir='ltr'>ἐπὶ</span> <span class='ocrx_word' id='word_1_442' title='bbox 856 3219 967 3275; x_wconf 89' lang='grc' dir='ltr'>τῶν</span> <span class='ocrx_word' id='word_1_443' title='bbox 997 3223 1285 3293; x_wconf 74' lang='grc' dir='ltr'>ἡμετέρων</span> <span class='ocrx_word' id='word_1_444' title='bbox 1315 3225 1459 3295; x_wconf 80' lang='grc' dir='ltr'>ὅρων</span> <span class='ocrx_word' id='word_1_445' title='bbox 1505 3225 1809 3296; x_wconf 77' lang='grc' dir='ltr'>ἱστάμενοι,</span> <span class='ocrx_word' id='word_1_446' title='bbox 1847 3231 2003 3300; x_wconf 81' lang='grc' dir='ltr'>φησὶ,</span> <span class='ocrx_word' id='word_1_447' title='bbox 2045 3233 2106 3286; x_wconf 84' lang='grc' dir='ltr'>τὸ</span> 
     </span>
    </p>
   </div>
   <div class='ocr_carea' id='block_1_58' title="bbox 519 3306 2107 3388">
    <p class='ocr_par' dir='ltr' id='par_1_58' title="bbox 519 3306 2107 3388">
     <span class='ocr_line' id='line_1_58' title="bbox 519 3306 2107 3388; baseline 0.011 -31"><span class='ocrx_word' id='word_1_448' title='bbox 519 3306 820 3378; x_wconf 86' lang='grc' dir='ltr'>ἀγέννητον</span> <span class='ocrx_word' id='word_1_449' title='bbox 872 3311 1199 3382; x_wconf 73' lang='grc' dir='ltr'>εἰσάγομεν,</span> <span class='ocrx_word' id='word_1_450' title='bbox 1233 3314 1330 3368; x_wconf 85' lang='grc' dir='ltr'>καὶ</span> <span class='ocrx_word' id='word_1_451' title='bbox 1387 3314 1450 3369; x_wconf 89' lang='lat'>:6</span> <span class='ocrx_word' id='word_1_452' title='bbox 1483 3318 1764 3388; x_wconf 81' lang='grc' dir='ltr'>γεννητὸν,</span> <span class='ocrx_word' id='word_1_453' title='bbox 1821 3321 1914 3372; x_wconf 77' lang='grc' dir='ltr'>καὶ</span> <span class='ocrx_word' id='word_1_454' title='bbox 1947 3321 2008 3374; x_wconf 90' lang='lat'>:6</span> <span class='ocrx_word' id='word_1_455' title='bbox 2044 3324 2107 3376; x_wconf 88' lang='grc' dir='ltr'>ἑκ</span> 
     </span>
    </p>
   </div>
   <div class='ocr_carea' id='block_1_59' title="bbox 519 3397 2107 3482">
    <p class='ocr_par' dir='ltr' id='par_1_59' title="bbox 519 3397 2107 3482">
     <span class='ocr_line' id='line_1_59' title="bbox 519 3397 2107 3482; baseline 0.011 -33"><span class='ocrx_word' id='word_1_456' title='bbox 519 3397 618 3450; x_wconf 91' lang='grc' dir='ltr'>τοῦ</span> <span class='ocrx_word' id='word_1_457' title='bbox 651 3398 869 3469; x_wconf 84' lang='grc' dir='ltr'>Πατρὺς</span> <span class='ocrx_word' id='word_1_458' title='bbox 911 3401 1374 3473; x_wconf 75' lang='grc' dir='ltr'>ἐκπορευόμενον,</span> <span class='ocrx_word' id='word_1_459' title='bbox 1428 3407 1504 3471; x_wconf 87' lang='grc' dir='ltr'>ῶς</span> <span class='ocrx_word' id='word_1_460' title='bbox 1535 3409 1638 3463; x_wconf 88' lang='grc' dir='ltr'>πού</span> <span class='ocrx_word' id='word_1_461' title='bbox 1686 3428 1852 3482; x_wconf 84' lang='grc' dir='ltr'>φησιν</span> <span class='ocrx_word' id='word_1_462' title='bbox 1880 3413 2040 3476; x_wconf 81' lang='grc' dir='ltr'>αὐτὸς</span> <span class='ocrx_word' id='word_1_463' title='bbox 2079 3415 2107 3466; x_wconf 91' lang='lat'>6</span> 
     </span>
    </p>
   </div>
   <div class='ocr_carea' id='block_1_60' title="bbox 518 3488 2106 3577">
    <p class='ocr_par' dir='ltr' id='par_1_60' title="bbox 518 3488 2106 3577">
     <span class='ocr_line' id='line_1_60' title="bbox 518 3488 2106 3577; baseline 0.013 -36"><span class='ocrx_word' id='word_1_464' title='bbox 518 3488 654 3554; x_wconf 74' lang='grc' dir='ltr'>Θεὸς</span> <span class='ocrx_word' id='word_1_465' title='bbox 670 3490 866 3560; x_wconf 87' lang='grc' dir='ltr'>Λόγος.</span> <span class='ocrx_word' id='word_1_466' title='bbox 902 3492 993 3563; x_wconf 84' lang='grc' dir='ltr'>Τῷ</span> <span class='ocrx_word' id='word_1_467' title='bbox 1024 3495 1136 3567; x_wconf 85' lang='grc' dir='ltr'>γὰρ</span> <span class='ocrx_word' id='word_1_468' title='bbox 1158 3498 1258 3567; x_wconf 86' lang='grc' dir='ltr'>τῆς</span> <span class='ocrx_word' id='word_1_469' title='bbox 1285 3498 1324 3551; x_wconf 88' lang='grc' dir='ltr'><strong><em>Γ</em></strong></span> <span class='ocrx_word' id='word_1_470' title='bbox 1331 3501 1510 3572; x_wconf 83' lang='grc' dir='ltr'>ραφῆς</span> <span class='ocrx_word' id='word_1_471' title='bbox 1532 3503 1806 3573; x_wconf 74' lang='grc' dir='ltr'>ἐρείδεται</span> <span class='ocrx_word' id='word_1_472' title='bbox 1831 3505 2106 3577; x_wconf 81' lang='grc' dir='ltr'>ἀξιώματι</span> 
     </span>
    </p>
   </div>
   <div class='ocr_carea' id='block_1_61' title="bbox 520 3583 2104 3669">
    <p class='ocr_par' dir='ltr' id='par_1_61' title="bbox 520 3583 2104 3669">
     <span class='ocr_line' id='line_1_61' title="bbox 520 3583 2104 3669; baseline 0.011 -34"><span class='ocrx_word' id='word_1_473' title='bbox 520 3583 616 3635; x_wconf 78' lang='grc' dir='ltr'>καὶ</span> <span class='ocrx_word' id='word_1_474' title='bbox 649 3583 761 3647; x_wconf 83' lang='grc' dir='ltr'>τοῖς</span> <span class='ocrx_word' id='word_1_475' title='bbox 790 3585 1002 3640; x_wconf 79' lang='grc' dir='ltr'>ἐκεῖθεν</span> <span class='ocrx_word' id='word_1_476' title='bbox 1031 3590 1340 3662; x_wconf 88' lang='grc' dir='ltr'>πεπηγόσιν</span> <span class='ocrx_word' id='word_1_477' title='bbox 1359 3592 1510 3664; x_wconf 79' lang='grc' dir='ltr'>ὅροις</span> <span class='ocrx_word' id='word_1_478' title='bbox 1536 3596 1797 3666; x_wconf 81' lang='grc' dir='ltr'>ἐμμένειν</span> <span class='ocrx_word' id='word_1_479' title='bbox 1827 3601 2016 3669; x_wconf 71' lang='grc' dir='ltr'>φησὶν,</span> <span class='ocrx_word' id='word_1_480' title='bbox 2042 3591 2104 3653; x_wconf 74' lang='grc' dir='ltr'>οὗ</span> 
     </span>
    </p>
   </div>
   <div class='ocr_carea' id='block_1_62' title="bbox 516 3671 2103 3757">
    <p class='ocr_par' dir='ltr' id='par_1_62' title="bbox 516 3671 2103 3757">
     <span class='ocr_line' id='line_1_62' title="bbox 516 3671 2103 3757; baseline 0.012 -33"><span class='ocrx_word' id='word_1_481' title='bbox 516 3671 584 3741; x_wconf 79' lang='grc' dir='ltr'>δὴ</span> <span class='ocrx_word' id='word_1_482' title='bbox 623 3673 718 3727; x_wconf 73' lang='grc' dir='ltr'>καὶ</span> <span class='ocrx_word' id='word_1_483' title='bbox 745 3673 808 3727; x_wconf 83' lang='grc' dir='ltr'>τὸ</span> <span class='ocrx_word' id='word_1_484' title='bbox 837 3678 904 3730; x_wconf 83' lang='grc' dir='ltr'>ἑκ</span> <span class='ocrx_word' id='word_1_485' title='bbox 952 3676 1166 3748; x_wconf 83' lang='grc' dir='ltr'>Πατρὸς</span> <span class='ocrx_word' id='word_1_486' title='bbox 1199 3679 1636 3754; x_wconf 70' lang='grc' dir='ltr'>ἐκπορευόμενον</span> <span class='ocrx_word' id='word_1_487' title='bbox 1670 3687 2103 3757; x_wconf 81' lang='grc' dir='ltr'>προστεθεικὼς,</span> 
     </span>
    </p>
   </div>
   <div class='ocr_carea' id='block_1_63' title="bbox 517 3763 2107 3851">
    <p class='ocr_par' dir='ltr' id='par_1_63' title="bbox 517 3763 2107 3851">
     <span class='ocr_line' id='line_1_63' title="bbox 517 3763 2107 3851; baseline 0.011 -32"><span class='ocrx_word' id='word_1_488' title='bbox 517 3763 700 3819; x_wconf 78' lang='grc' dir='ltr'>πᾶσαν</span> <span class='ocrx_word' id='word_1_489' title='bbox 725 3767 1076 3837; x_wconf 85' lang='grc' dir='ltr'>κακοφωνίαν</span> <span class='ocrx_word' id='word_1_490' title='bbox 1120 3770 1232 3825; x_wconf 91' lang='grc' dir='ltr'>τῶν</span> <span class='ocrx_word' id='word_1_491' title='bbox 1271 3772 1400 3839; x_wconf 80' lang='grc' dir='ltr'>τοὺς</span> <span class='ocrx_word' id='word_1_492' title='bbox 1429 3775 1590 3845; x_wconf 85' lang='grc' dir='ltr'>ὄρους</span> <span class='ocrx_word' id='word_1_493' title='bbox 1617 3777 1846 3844; x_wconf 82' lang='grc' dir='ltr'>τούτους</span> <span class='ocrx_word' id='word_1_494' title='bbox 1882 3781 2107 3851; x_wconf 80' lang='grc' dir='ltr'>παρεξι-</span> 
     </span>
    </p>
   </div>
   <div class='ocr_carea' id='block_1_64' title="bbox 515 3852 941 3914">
    <p class='ocr_par' dir='ltr' id='par_1_64' title="bbox 515 3852 941 3914">
     <span class='ocr_line' id='line_1_64' title="bbox 515 3852 941 3914; baseline 0.012 -5"><span class='ocrx_word' id='word_1_495' title='bbox 515 3852 685 3911; x_wconf 84' lang='grc' dir='ltr'>όντων</span> <span class='ocrx_word' id='word_1_496' title='bbox 711 3858 941 3914; x_wconf 84' lang='grc' dir='ltr'>ἀνεῖλεν.</span> 
     </span>
    </p>
   </div>
   <div class='ocr_carea' id='block_1_65' title="bbox 1027 3979 1597 4040">
    <p class='ocr_par' dir='ltr' id='par_1_65' title="bbox 1027 3979 1597 4040">
     <span class='ocr_line' id='line_1_65' title="bbox 1027 3979 1597 4040; baseline 0.016 -9"><span class='ocrx_word' id='word_1_497' title='bbox 1027 3979 1597 4040; x_wconf 81' lang='grc' dir='ltr'>ΔΡΓΥΡΟΠΟΥΛΟΣ.</span> 
     </span>
    </p>
   </div>
   <div class='ocr_carea' id='block_1_66' title="bbox 599 4082 2106 4167">
    <p class='ocr_par' dir='ltr' id='par_1_66' title="bbox 599 4082 2106 4167">
     <span class='ocr_line' id='line_1_66' title="bbox 599 4082 2106 4167; baseline 0.011 -27"><span class='ocrx_word' id='word_1_498' title='bbox 599 4084 699 4140; x_wconf 86' lang='grc' dir='ltr'>Ἐν</span> <span class='ocrx_word' id='word_1_499' title='bbox 731 4082 826 4140; x_wconf 80' lang='grc' dir='ltr'>οὗν</span> <span class='ocrx_word' id='word_1_500' title='bbox 851 4106 987 4161; x_wconf 89' lang='grc' dir='ltr'>φησι</span> <span class='ocrx_word' id='word_1_501' title='bbox 1019 4089 1088 4145; x_wconf 81' lang='grc' dir='ltr'>δι’</span> <span class='ocrx_word' id='word_1_502' title='bbox 1115 4094 1250 4147; x_wconf 78' lang='grc' dir='ltr'>αὐτὸ</span> <span class='ocrx_word' id='word_1_503' title='bbox 1279 4095 1342 4148; x_wconf 88' lang='grc' dir='ltr'>τό</span> <span class='ocrx_word' id='word_1_504' title='bbox 1367 4113 1432 4163; x_wconf 91' lang='grc' dir='ltr'>γε</span> <span class='ocrx_word' id='word_1_505' title='bbox 1460 4083 1748 4167; x_wconf 60' lang='grc' dir='ltr'>παράγον,</span> <span class='ocrx_word' id='word_1_506' title='bbox 1765 4099 1834 4153; x_wconf 82' lang='grc' dir='ltr'>τά</span> <span class='ocrx_word' id='word_1_507' title='bbox 1861 4101 1917 4154; x_wconf 74' lang='grc' dir='ltr'>δὲ</span> <span class='ocrx_word' id='word_1_508' title='bbox 1940 4101 2106 4156; x_wconf 81' lang='grc' dir='ltr'>λοιπά</span> 
     </span>
    </p>
   </div>
   <div class='ocr_carea' id='block_1_67' title="bbox 524 4186 906 4256">
    <p class='ocr_par' dir='ltr' id='par_1_67' title="bbox 524 4186 906 4256">
     <span class='ocr_line' id='line_1_67' title="bbox 524 4186 906 4256; baseline 0.016 -20"><span class='ocrx_word' id='word_1_509' title='bbox 524 4201 600 4236; x_wconf 87' lang='grc' dir='ltr'>πα</span> <span class='ocrx_word' id='word_1_510' title='bbox 609 4186 906 4256; x_wconf 88' lang='grc' dir='ltr'>ραγόμενα.</span> 
     </span>
    </p>
   </div>
   <div class='ocr_carea' id='block_1_68' title="bbox 1092 4306 1557 4366">
    <p class='ocr_par' dir='ltr' id='par_1_68' title="bbox 1092 4306 1557 4366">
     <span class='ocr_line' id='line_1_68' title="bbox 1092 4306 1557 4366; baseline 0.006 -4"><span class='ocrx_word' id='word_1_511' title='bbox 1092 4306 1557 4366; x_wconf 79' lang='grc' dir='ltr'>ΑΓΑΛΛΙΑΝΟΣ.</span> 
     </span>
    </p>
   </div>
   <div class='ocr_carea' id='block_1_69' title="bbox 512 4409 2104 4500">
    <p class='ocr_par' dir='ltr' id='par_1_69' title="bbox 512 4409 2104 4500">
     <span class='ocr_line' id='line_1_69' title="bbox 512 4409 2104 4500; baseline 0.011 -33"><span class='ocrx_word' id='word_1_512' title='bbox 512 4419 513 4422; x_wconf 68' lang='grc'><em>“</em></span> <span class='ocrx_word' id='word_1_513' title='bbox 590 4415 788 4480; x_wconf 83' lang='grc' dir='ltr'>Καλῶς</span> <span class='ocrx_word' id='word_1_514' title='bbox 810 4416 922 4488; x_wconf 80' lang='grc' dir='ltr'>ἔχει</span> <span class='ocrx_word' id='word_1_515' title='bbox 952 4417 1131 4484; x_wconf 86' lang='grc' dir='ltr'>τοῦτο,</span> <span class='ocrx_word' id='word_1_516' title='bbox 1172 4409 1313 4492; x_wconf 72' lang='grc' dir='ltr'>πλήν</span> <span class='ocrx_word' id='word_1_517' title='bbox 1335 4422 1433 4492; x_wconf 82' lang='grc' dir='ltr'>τῆς</span> <span class='ocrx_word' id='word_1_518' title='bbox 1464 4423 1685 4491; x_wconf 79' lang='grc' dir='ltr'>λέξεως,</span> <span class='ocrx_word' id='word_1_519' title='bbox 1721 4427 1770 4480; x_wconf 87' lang='grc' dir='ltr'>εί</span> <span class='ocrx_word' id='word_1_520' title='bbox 1805 4428 2104 4500; x_wconf 71' lang='grc' dir='ltr'>μέχριτούο</span> 
     </span>
    </p>
   </div>
   <div class='ocr_carea' id='block_1_70' title="bbox 2209 3241 3777 3318">
    <p class='ocr_par' dir='ltr' id='par_1_70' title="bbox 2209 3241 3777 3318">
     <span class='ocr_line' id='line_1_70' title="bbox 2209 3241 3777 3318; baseline 0.004 -26"><span class='ocrx_word' id='word_1_521' title='bbox 2209 3241 2358 3295; x_wconf 73' lang='grc' dir='ltr'>ἐστὶν</span> <span class='ocrx_word' id='word_1_522' title='bbox 2397 3242 2645 3313; x_wconf 79' lang='grc' dir='ltr'>εὕρημα,</span> <span class='ocrx_word' id='word_1_523' title='bbox 2697 3247 2790 3296; x_wconf 76' lang='grc' dir='ltr'>καὶ</span> <span class='ocrx_word' id='word_1_524' title='bbox 2841 3245 3042 3298; x_wconf 78' lang='grc' dir='ltr'>ὡσανεὶ</span> <span class='ocrx_word' id='word_1_525' title='bbox 3097 3245 3346 3316; x_wconf 84' lang='grc' dir='ltr'>θεμέλιος</span> <span class='ocrx_word' id='word_1_526' title='bbox 3401 3246 3498 3300; x_wconf 87' lang='grc' dir='ltr'>τοῦ</span> <span class='ocrx_word' id='word_1_527' title='bbox 3531 3248 3777 3318; x_wconf 81' lang='grc' dir='ltr'>δόγματος</span> 
     </span>
    </p>
   </div>
   <div class='ocr_carea' id='block_1_71' title="bbox 2208 3321 3775 3404">
    <p class='ocr_par' dir='ltr' id='par_1_71' title="bbox 2208 3333 3775 3404">
     <span class='ocr_line' id='line_1_71' title="bbox 2208 3333 3775 3404; baseline 0.003 -16"><span class='ocrx_word' id='word_1_528' title='bbox 2208 3336 2396 3388; x_wconf 88' lang='grc' dir='ltr'>τούτου</span> <span class='ocrx_word' id='word_1_529' title='bbox 2419 3333 2509 3388; x_wconf 87' lang='grc' dir='ltr'>τοῦ</span> <span class='ocrx_word' id='word_1_530' title='bbox 2538 3334 2748 3403; x_wconf 86' lang='grc' dir='ltr'>καινοῦ,</span> <span class='ocrx_word' id='word_1_531' title='bbox 2777 3339 3251 3404; x_wconf 86' lang='grc' dir='ltr'>προῦποτιθέντων</span> <span class='ocrx_word' id='word_1_532' title='bbox 3277 3339 3385 3394; x_wconf 91' lang='grc' dir='ltr'>τῶν</span> <span class='ocrx_word' id='word_1_533' title='bbox 3428 3339 3590 3394; x_wconf 86' lang='grc' dir='ltr'>τοῦτο</span> <span class='ocrx_word' id='word_1_534' title='bbox 3625 3355 3775 3392; x_wconf 86' lang='grc' dir='ltr'>κατα-</span> 
     </span>
    </p>
   </div>
   <div class='ocr_carea' id='block_1_72' title="bbox 2211 3425 3773 3499">
    <p class='ocr_par' dir='ltr' id='par_1_72' title="bbox 2211 3425 3773 3499">
     <span class='ocr_line' id='line_1_72' title="bbox 2211 3425 3773 3499; baseline 0.001 -22"><span class='ocrx_word' id='word_1_535' title='bbox 2211 3425 2584 3489; x_wconf 81' lang='grc' dir='ltr'>σκευαζόντων</span> <span class='ocrx_word' id='word_1_536' title='bbox 2612 3429 2670 3480; x_wconf 92' lang='grc' dir='ltr'>ἑν</span> <span class='ocrx_word' id='word_1_537' title='bbox 2698 3427 2777 3497; x_wconf 87' lang='grc' dir='ltr'>τῷ</span> <span class='ocrx_word' id='word_1_538' title='bbox 2816 3431 2995 3499; x_wconf 74' lang='grc' dir='ltr'>Πατρὶ</span> <span class='ocrx_word' id='word_1_539' title='bbox 3052 3429 3260 3494; x_wconf 88' lang='grc' dir='ltr'>ταύτας</span> <span class='ocrx_word' id='word_1_540' title='bbox 3285 3430 3352 3494; x_wconf 73' lang='grc' dir='ltr'>ἃς</span> <span class='ocrx_word' id='word_1_541' title='bbox 3381 3432 3539 3486; x_wconf 84' lang='grc' dir='ltr'>αὐτοὶ</span> <span class='ocrx_word' id='word_1_542' title='bbox 3576 3431 3773 3498; x_wconf 84' lang='grc' dir='ltr'>λέγουσι</span> 
     </span>
    </p>
   </div>
   <div class='ocr_carea' id='block_1_73' title="bbox 2208 3515 3772 3592">
    <p class='ocr_par' dir='ltr' id='par_1_73' title="bbox 2208 3515 3772 3592">
     <span class='ocr_line' id='line_1_73' title="bbox 2208 3515 3772 3592; baseline 0.004 -24"><span class='ocrx_word' id='word_1_543' title='bbox 2208 3515 2466 3586; x_wconf 84' lang='grc' dir='ltr'>δυνάμεις</span> <span class='ocrx_word' id='word_1_544' title='bbox 2515 3521 2883 3589; x_wconf 84' lang='grc' dir='ltr'>παρακτικάς,</span> <span class='ocrx_word' id='word_1_545' title='bbox 2931 3519 3084 3585; x_wconf 79' lang='grc' dir='ltr'>τάξει</span> <span class='ocrx_word' id='word_1_546' title='bbox 3119 3523 3228 3574; x_wconf 64' lang='grc' dir='ltr'>τινὶ⁵</span> <span class='ocrx_word' id='word_1_547' title='bbox 3279 3521 3587 3592; x_wconf 79' lang='grc' dir='ltr'>προσούσας</span> <span class='ocrx_word' id='word_1_548' title='bbox 3621 3521 3772 3591; x_wconf 77' lang='grc' dir='ltr'>αὐτῷ,</span> 
     </span>
    </p>
   </div>
   <div class='ocr_carea' id='block_1_74' title="bbox 2209 3606 3771 3684">
    <p class='ocr_par' dir='ltr' id='par_1_74' title="bbox 2209 3606 3771 3684">
     <span class='ocr_line' id='line_1_74' title="bbox 2209 3606 3771 3684; baseline 0.006 -26"><span class='ocrx_word' id='word_1_549' title='bbox 2209 3606 2350 3659; x_wconf 85' lang='grc' dir='ltr'>ὥστε</span> <span class='ocrx_word' id='word_1_550' title='bbox 2381 3608 2480 3679; x_wconf 79' lang='grc' dir='ltr'>τὴν</span> <span class='ocrx_word' id='word_1_551' title='bbox 2515 3609 2614 3677; x_wconf 60' lang='grc' dir='ltr'>μὲν</span> <span class='ocrx_word' id='word_1_552' title='bbox 2659 3606 2805 3665; x_wconf 79' lang='grc' dir='ltr'>εἶναι</span> <span class='ocrx_word' id='word_1_553' title='bbox 2837 3615 3114 3684; x_wconf 90' lang='grc' dir='ltr'>προτέραν</span> <span class='ocrx_word' id='word_1_554' title='bbox 3138 3615 3271 3679; x_wconf 83' lang='grc' dir='ltr'>δεῖν,</span> <span class='ocrx_word' id='word_1_555' title='bbox 3297 3615 3398 3683; x_wconf 80' lang='grc' dir='ltr'>τὴν</span> <span class='ocrx_word' id='word_1_556' title='bbox 3425 3615 3482 3668; x_wconf 71' lang='grc' dir='ltr'>δὶ</span> <span class='ocrx_word' id='word_1_557' title='bbox 3513 3614 3771 3684; x_wconf 81' lang='grc' dir='ltr'>δευτέραν,</span> 
     </span>
    </p>
   </div>
   <div class='ocr_carea' id='block_1_75' title="bbox 2210 3697 3774 3777">
    <p class='ocr_par' dir='ltr' id='par_1_75' title="bbox 2210 3697 3774 3777">
     <span class='ocr_line' id='line_1_75' title="bbox 2210 3697 3774 3777; baseline 0.006 -27"><span class='ocrx_word' id='word_1_558' title='bbox 2210 3698 2278 3752; x_wconf 82' lang='grc' dir='ltr'>ῐν’</span> <span class='ocrx_word' id='word_1_559' title='bbox 2309 3697 2454 3752; x_wconf 78' lang='grc' dir='ltr'>οὕτω</span> <span class='ocrx_word' id='word_1_560' title='bbox 2480 3703 2807 3769; x_wconf 86' lang='grc' dir='ltr'>προάγοιντο</span> <span class='ocrx_word' id='word_1_561' title='bbox 2831 3705 2925 3757; x_wconf 76' lang='grc' dir='ltr'>καὶ</span> <span class='ocrx_word' id='word_1_562' title='bbox 2954 3704 3020 3758; x_wconf 84' lang='grc' dir='ltr'>τὰ</span> <span class='ocrx_word' id='word_1_563' title='bbox 3051 3705 3172 3759; x_wconf 89' lang='grc' dir='ltr'>θεῖα</span> <span class='ocrx_word' id='word_1_564' title='bbox 3201 3707 3466 3776; x_wconf 79' lang='grc' dir='ltr'>πρόσωπα</span> <span class='ocrx_word' id='word_1_565' title='bbox 3497 3724 3512 3738; x_wconf 91' lang='grc'><strong>·</strong></span> <span class='ocrx_word' id='word_1_566' title='bbox 3549 3708 3774 3777; x_wconf 83' lang='grc' dir='ltr'>προλαμ-</span> 
     </span>
    </p>
   </div>
   <div class='ocr_carea' id='block_1_76' title="bbox 2209 3792 3772 3868">
    <p class='ocr_par' dir='ltr' id='par_1_76' title="bbox 2209 3792 3772 3868">
     <span class='ocr_line' id='line_1_76' title="bbox 2209 3792 3772 3868; baseline 0.003 -25"><span class='ocrx_word' id='word_1_567' title='bbox 2209 3792 2480 3862; x_wconf 76' lang='grc' dir='ltr'>6ανούσης</span> <span class='ocrx_word' id='word_1_568' title='bbox 2505 3794 2704 3863; x_wconf 78' lang='grc' dir='ltr'>δηλαδὴ</span> <span class='ocrx_word' id='word_1_569' title='bbox 2736 3797 2834 3865; x_wconf 85' lang='grc' dir='ltr'>τῆς</span> <span class='ocrx_word' id='word_1_570' title='bbox 2861 3798 3186 3868; x_wconf 80' lang='grc' dir='ltr'>γεννητικῆς</span> <span class='ocrx_word' id='word_1_571' title='bbox 3221 3800 3508 3867; x_wconf 83' lang='grc' dir='ltr'>δυνάμεως</span> <span class='ocrx_word' id='word_1_572' title='bbox 3529 3803 3622 3854; x_wconf 68' lang='grc' dir='ltr'><strong>καῖ</strong></span> <span class='ocrx_word' id='word_1_573' title='bbox 3655 3801 3772 3865; x_wconf 80' lang='grc' dir='ltr'>ὑφε-</span> 
     </span>
    </p>
   </div>
   <div class='ocr_carea' id='block_1_77' title="bbox 2210 3883 3771 3961">
    <p class='ocr_par' dir='ltr' id='par_1_77' title="bbox 2210 3883 3771 3961">
     <span class='ocr_line' id='line_1_77' title="bbox 2210 3883 3771 3961; baseline 0.003 -25"><span class='ocrx_word' id='word_1_574' title='bbox 2210 3883 2424 3953; x_wconf 84' lang='grc' dir='ltr'>στώσης</span> <span class='ocrx_word' id='word_1_575' title='bbox 2451 3886 2541 3938; x_wconf 74' lang='grc' dir='ltr'>τὸν</span> <span class='ocrx_word' id='word_1_576' title='bbox 2576 3886 2728 3950; x_wconf 81' lang='grc' dir='ltr'>Υἱδν,</span> <span class='ocrx_word' id='word_1_577' title='bbox 2761 3887 2847 3939; x_wconf 74' lang='grc' dir='ltr'>ἵνα</span> <span class='ocrx_word' id='word_1_578' title='bbox 2881 3889 3061 3960; x_wconf 83' lang='grc' dir='ltr'>φθάσῃ</span> <span class='ocrx_word' id='word_1_579' title='bbox 3095 3891 3475 3961; x_wconf 79' lang='grc' dir='ltr'>συμπροάγειν</span> <span class='ocrx_word' id='word_1_580' title='bbox 3509 3891 3586 3960; x_wconf 83' lang='grc' dir='ltr'>τῷ</span> <span class='ocrx_word' id='word_1_581' title='bbox 3617 3889 3771 3956; x_wconf 80' lang='grc' dir='ltr'>Πατρὶ</span> 
     </span>
    </p>
   </div>
   <div class='ocr_carea' id='block_1_78' title="bbox 2205 3975 3773 4052">
    <p class='ocr_par' dir='ltr' id='par_1_78' title="bbox 2205 3975 3773 4052">
     <span class='ocr_line' id='line_1_78' title="bbox 2205 3975 3773 4052; baseline 0.003 -26"><span class='ocrx_word' id='word_1_582' title='bbox 2205 3975 2267 4026; x_wconf 80' lang='grc' dir='ltr'>τὸ</span> <span class='ocrx_word' id='word_1_583' title='bbox 2297 3976 2441 4028; x_wconf 87' lang='grc' dir='ltr'>θεῖον</span> <span class='ocrx_word' id='word_1_584' title='bbox 2469 3977 2712 4045; x_wconf 84' lang='grc' dir='ltr'>Πνεῦμα,</span> <span class='ocrx_word' id='word_1_585' title='bbox 2749 3981 3233 4050; x_wconf 86' lang='grc' dir='ltr'>κοινοποιουμένης</span> <span class='ocrx_word' id='word_1_586' title='bbox 3266 3981 3367 4050; x_wconf 81' lang='grc' dir='ltr'>τῆς</span> <span class='ocrx_word' id='word_1_587' title='bbox 3397 3983 3590 4052; x_wconf 82' lang='grc' dir='ltr'>ἑτέρας</span> <span class='ocrx_word' id='word_1_588' title='bbox 3616 3998 3773 4048; x_wconf 80' lang='grc' dir='ltr'>παρα-</span> 
     </span>
    </p>
   </div>
   <div class='ocr_carea' id='block_1_79' title="bbox 2207 4067 3772 4143">
    <p class='ocr_par' dir='ltr' id='par_1_79' title="bbox 2207 4067 3772 4143">
     <span class='ocr_line' id='line_1_79' title="bbox 2207 4067 3772 4143; baseline 0.002 -25"><span class='ocrx_word' id='word_1_589' title='bbox 2207 4067 2404 4135; x_wconf 82' lang='grc' dir='ltr'>κτικῆς</span> <span class='ocrx_word' id='word_1_590' title='bbox 2453 4067 2758 4137; x_wconf 88' lang='grc' dir='ltr'>δυνάμεως,</span> <span class='ocrx_word' id='word_1_591' title='bbox 2819 4072 2919 4138; x_wconf 81' lang='grc' dir='ltr'>τῆς</span> <span class='ocrx_word' id='word_1_592' title='bbox 2975 4071 3277 4142; x_wconf 82' lang='grc' dir='ltr'>λεγομένης</span> <span class='ocrx_word' id='word_1_593' title='bbox 3322 4073 3685 4143; x_wconf 81' lang='grc' dir='ltr'>προσλητικῆς</span> <span class='ocrx_word' id='word_1_594' title='bbox 3708 4069 3772 4137; x_wconf 79' lang='grc' dir='ltr'>τῷ</span> 
     </span>
    </p>
   </div>
   <div class='ocr_carea' id='block_1_80' title="bbox 2207 4157 3769 4234">
    <p class='ocr_par' dir='ltr' id='par_1_80' title="bbox 2207 4157 3769 4234">
     <span class='ocr_line' id='line_1_80' title="bbox 2207 4157 3769 4234; baseline 0.004 -26"><span class='ocrx_word' id='word_1_595' title='bbox 2207 4157 2346 4225; x_wconf 84' lang='grc' dir='ltr'>Υἱῷ,</span> <span class='ocrx_word' id='word_1_596' title='bbox 2367 4158 2444 4226; x_wconf 86' lang='grc' dir='ltr'>τῷ</span> <span class='ocrx_word' id='word_1_597' title='bbox 2476 4158 2678 4223; x_wconf 82' lang='grc' dir='ltr'>φθάσαι</span> <span class='ocrx_word' id='word_1_598' title='bbox 2706 4160 2912 4232; x_wconf 83' lang='grc' dir='ltr'>ταύτην</span> <span class='ocrx_word' id='word_1_599' title='bbox 2942 4161 3126 4215; x_wconf 77' lang='grc' dir='ltr'>λαϐεῖν</span> <span class='ocrx_word' id='word_1_600' title='bbox 3147 4164 3205 4216; x_wconf 86' lang='grc' dir='ltr'>ἑν</span> <span class='ocrx_word' id='word_1_601' title='bbox 3236 4163 3316 4234; x_wconf 83' lang='grc' dir='ltr'>τῷ</span> <span class='ocrx_word' id='word_1_602' title='bbox 3347 4166 3650 4231; x_wconf 83' lang='grc' dir='ltr'>γεννᾶσθαι.</span> <span class='ocrx_word' id='word_1_603' title='bbox 3677 4160 3769 4216; x_wconf 80' lang='grc' dir='ltr'>τοῦ</span> 
     </span>
    </p>
   </div>
   <div class='ocr_carea' id='block_1_81' title="bbox 2205 4241 3768 4329">
    <p class='ocr_par' dir='ltr' id='par_1_81' title="bbox 2205 4241 3768 4329">
     <span class='ocr_line' id='line_1_81' title="bbox 2205 4241 3768 4329; baseline 0.003 -29"><span class='ocrx_word' id='word_1_604' title='bbox 2205 4249 2262 4300; x_wconf 85' lang='grc' dir='ltr'>δὲ</span> <span class='ocrx_word' id='word_1_605' title='bbox 2293 4241 2606 4319; x_wconf 74' lang='grc' dir='ltr'>Πνεύματος</span> <span class='ocrx_word' id='word_1_606' title='bbox 2628 4252 3082 4322; x_wconf 84' lang='grc' dir='ltr'>ἀποκλειομένου,</span> <span class='ocrx_word' id='word_1_607' title='bbox 3107 4254 3187 4324; x_wconf 85' lang='grc' dir='ltr'>τῷ</span> <span class='ocrx_word' id='word_1_608' title='bbox 3222 4254 3404 4325; x_wconf 90' lang='grc' dir='ltr'>λαχεῖν</span> <span class='ocrx_word' id='word_1_609' title='bbox 3437 4256 3768 4329; x_wconf 77' lang='grc' dir='ltr'>ὑστερογενε-</span> 
     </span>
    </p>
   </div>
   <div class='ocr_carea' id='block_1_82' title="bbox 2209 4342 3767 4418">
    <p class='ocr_par' dir='ltr' id='par_1_82' title="bbox 2209 4342 3767 4418">
     <span class='ocr_line' id='line_1_82' title="bbox 2209 4342 3767 4418; baseline 0.003 -25"><span class='ocrx_word' id='word_1_610' title='bbox 2209 4342 2406 4412; x_wconf 87' lang='grc' dir='ltr'>στέρας</span> <span class='ocrx_word' id='word_1_611' title='bbox 2457 4343 2739 4414; x_wconf 77' lang='grc' dir='ltr'>δυνάμεως</span> <span class='ocrx_word' id='word_1_612' title='bbox 2801 4345 2901 4412; x_wconf 80' lang='grc' dir='ltr'>τῆς</span> <span class='ocrx_word' id='word_1_613' title='bbox 2960 4345 3317 4416; x_wconf 83' lang='grc' dir='ltr'>παραγούσης</span> <span class='ocrx_word' id='word_1_614' title='bbox 3349 4347 3520 4418; x_wconf 77' lang='grc' dir='ltr'>αὐτῷ,</span> <span class='ocrx_word' id='word_1_615' title='bbox 3576 4349 3668 4402; x_wconf 70' lang='grc' dir='ltr'>καὶ</span> <span class='ocrx_word' id='word_1_616' title='bbox 3693 4346 3767 4398; x_wconf 80' lang='grc' dir='ltr'>διά</span> 
     </span>
    </p>
   </div>
   <div class='ocr_carea' id='block_1_83' title="bbox 2205 4433 3766 4508">
    <p class='ocr_par' dir='ltr' id='par_1_83' title="bbox 2205 4433 3766 4508">
     <span class='ocr_line' id='line_1_83' title="bbox 2205 4433 3766 4508; baseline 0.004 -24"><span class='ocrx_word' id='word_1_617' title='bbox 2205 4433 2364 4486; x_wconf 84' lang='grc' dir='ltr'>τοῦτο</span> <span class='ocrx_word' id='word_1_618' title='bbox 2429 4435 2505 4503; x_wconf 82' lang='grc' dir='ltr'>μὴ</span> <span class='ocrx_word' id='word_1_619' title='bbox 2561 4434 2773 4504; x_wconf 74' lang='grc' dir='ltr'>ἔχοντος</span> <span class='ocrx_word' id='word_1_620' title='bbox 2831 4436 3063 4504; x_wconf 60' lang='grc' dir='ltr'>δύναμίν</span> <span class='ocrx_word' id='word_1_621' title='bbox 3113 4439 3464 4508; x_wconf 80' lang='grc' dir='ltr'>παρακτικὴν</span> <span class='ocrx_word' id='word_1_622' title='bbox 3517 4436 3766 4496; x_wconf 67' lang='grc' dir='ltr'>κατάιτὸν</span> 
     </span>
    </p>
   </div>
   <div class='ocr_carea' id='block_1_84' title="bbox 517 4511 3765 4594">
    <p class='ocr_par' dir='ltr' id='par_1_84' title="bbox 517 4511 3765 4594">
     <span class='ocr_line' id='line_1_84' title="bbox 517 4511 3765 4594; baseline 0.005 -34"><span class='ocrx_word' id='word_1_623' title='bbox 517 4525 610 4561; x_wconf 86' lang='grc' dir='ltr'>του</span> <span class='ocrx_word' id='word_1_624' title='bbox 646 4511 859 4579; x_wconf 76' lang='grc' dir='ltr'>σταὶηςο</span> <span class='ocrx_word' id='word_1_625' title='bbox 882 4511 931 4563; x_wconf 88' lang='grc' dir='ltr'>εί</span> <span class='ocrx_word' id='word_1_626' title='bbox 959 4513 1066 4581; x_wconf 76' lang='grc' dir='ltr'>γὰρ</span> <span class='ocrx_word' id='word_1_627' title='bbox 1087 4511 1145 4566; x_wconf 76' lang='grc' dir='ltr'>ἓν</span> <span class='ocrx_word' id='word_1_628' title='bbox 1169 4515 1286 4566; x_wconf 87' lang='grc' dir='ltr'>ἑστι</span> <span class='ocrx_word' id='word_1_629' title='bbox 1316 4513 1378 4567; x_wconf 83' lang='grc' dir='ltr'>τὸ</span> <span class='ocrx_word' id='word_1_630' title='bbox 1409 4519 1656 4587; x_wconf 88' lang='grc' dir='ltr'>προάγον</span> <span class='ocrx_word' id='word_1_631' title='bbox 1687 4520 1745 4572; x_wconf 81' lang='grc' dir='ltr'>ἑν</span> <span class='ocrx_word' id='word_1_632' title='bbox 1777 4523 1894 4581; x_wconf 88' lang='grc' dir='ltr'>τοῖς</span> <span class='ocrx_word' id='word_1_633' title='bbox 1925 4523 2098 4590; x_wconf 65' lang='grc' dir='ltr'>τρισὶ,</span> <span class='ocrx_word' id='word_1_634' title='bbox 2136 4532 2176 4585; x_wconf 77' lang='grc' dir='ltr'>ι)</span> <span class='ocrx_word' id='word_1_635' title='bbox 2207 4523 2337 4576; x_wconf 76' lang='grc' dir='ltr'>Υἱδν</span> <span class='ocrx_word' id='word_1_636' title='bbox 2367 4526 2460 4576; x_wconf 66' lang='grc' dir='ltr'>καὶ</span> <span class='ocrx_word' id='word_1_637' title='bbox 2485 4524 2577 4576; x_wconf 80' lang='grc' dir='ltr'>τὸν</span> <span class='ocrx_word' id='word_1_638' title='bbox 2603 4526 2839 4594; x_wconf 78' lang='grc' dir='ltr'>Πατέρα,</span> <span class='ocrx_word' id='word_1_639' title='bbox 2873 4525 3011 4590; x_wconf 64' lang='grc' dir='ltr'>ἀλλὰ</span> <span class='ocrx_word' id='word_1_640' title='bbox 3043 4527 3162 4579; x_wconf 83' lang='grc' dir='ltr'>κατ’</span> <span class='ocrx_word' id='word_1_641' title='bbox 3197 4528 3326 4581; x_wconf 77' lang='grc' dir='ltr'>αὐτὸ</span> <span class='ocrx_word' id='word_1_642' title='bbox 3353 4529 3509 4582; x_wconf 86' lang='grc' dir='ltr'>τοῦτο</span> <span class='ocrx_word' id='word_1_643' title='bbox 3537 4525 3765 4587; x_wconf 80' lang='grc' dir='ltr'>ὲλλιποῦς</span> 
     </span>
    </p>
   </div>
   <div class='ocr_carea' id='block_1_85' title="bbox 515 4597 2100 4683">
    <p class='ocr_par' dir='ltr' id='par_1_85' title="bbox 515 4597 2100 4683">
     <span class='ocr_line' id='line_1_85' title="bbox 515 4597 2100 4683; baseline 0.008 -31"><span class='ocrx_word' id='word_1_644' title='bbox 515 4597 674 4652; x_wconf 83' lang='grc' dir='ltr'>τοῦτο</span> <span class='ocrx_word' id='word_1_645' title='bbox 699 4599 744 4652; x_wconf 87' lang='grc' dir='ltr'>δ’</span> <span class='ocrx_word' id='word_1_646' title='bbox 769 4600 919 4654; x_wconf 78' lang='grc' dir='ltr'>ἐστιν</span> <span class='ocrx_word' id='word_1_647' title='bbox 944 4603 972 4654; x_wconf 90' lang='lat'>6</span> <span class='ocrx_word' id='word_1_648' title='bbox 1002 4603 1212 4674; x_wconf 81' lang='grc' dir='ltr'>Πατὴρ,</span> <span class='ocrx_word' id='word_1_649' title='bbox 1246 4607 1341 4660; x_wconf 79' lang='grc' dir='ltr'>καὶ</span> <span class='ocrx_word' id='word_1_650' title='bbox 1369 4609 1530 4678; x_wconf 86' lang='grc' dir='ltr'>μόνος</span> <span class='ocrx_word' id='word_1_651' title='bbox 1569 4610 1730 4676; x_wconf 85' lang='grc' dir='ltr'>είπερ</span> <span class='ocrx_word' id='word_1_652' title='bbox 1761 4608 1840 4670; x_wconf 82' lang='grc' dir='ltr'>ἓν,</span> <span class='ocrx_word' id='word_1_653' title='bbox 1867 4611 1965 4663; x_wconf 83' lang='grc' dir='ltr'>οὐκ</span> <span class='ocrx_word' id='word_1_654' title='bbox 1996 4613 2100 4683; x_wconf 79' lang='grc' dir='ltr'>ἄρα</span> 
     </span>
    </p>
   </div>
   <div class='ocr_carea' id='block_1_86' title="bbox 472 4689 2101 4767">
    <p class='ocr_par' dir='ltr' id='par_1_86' title="bbox 472 4689 2101 4767">
     <span class='ocr_line' id='line_1_86' title="bbox 472 4689 2101 4767; baseline 0.008 -27"><span class='ocrx_word' id='word_1_655' title='bbox 472 4732 484 4741; x_wconf 82' lang='grc'>.</span> <span class='ocrx_word' id='word_1_656' title='bbox 518 4693 546 4741; x_wconf 84' lang='grc' dir='ltr'>ὁ</span> <span class='ocrx_word' id='word_1_657' title='bbox 575 4689 725 4755; x_wconf 74' lang='grc' dir='ltr'>Υἱὸς,</span> <span class='ocrx_word' id='word_1_658' title='bbox 754 4690 877 4744; x_wconf 83' lang='grc' dir='ltr'>οῦδὲ</span> <span class='ocrx_word' id='word_1_659' title='bbox 910 4693 1049 4760; x_wconf 86' lang='grc' dir='ltr'>μετὰ</span> <span class='ocrx_word' id='word_1_660' title='bbox 1073 4693 1169 4746; x_wconf 89' lang='grc' dir='ltr'>τοῦ</span> <span class='ocrx_word' id='word_1_661' title='bbox 1203 4695 1334 4748; x_wconf 82' lang='grc' dir='ltr'>Υἱοῦ</span> <span class='ocrx_word' id='word_1_662' title='bbox 1361 4698 1390 4749; x_wconf 88' lang='lat'>6</span> <span class='ocrx_word' id='word_1_663' title='bbox 1423 4697 1635 4767; x_wconf 82' lang='grc' dir='ltr'>Πατήρ.</span> <span class='ocrx_word' id='word_1_664' title='bbox 1667 4699 1742 4750; x_wconf 86' lang='lat' dir='ltr'><em>T6</em></span> <span class='ocrx_word' id='word_1_665' title='bbox 1771 4697 1816 4750; x_wconf 82' lang='grc' dir='ltr'>δ’</span> <span class='ocrx_word' id='word_1_666' title='bbox 1847 4699 1979 4751; x_wconf 72' lang='grc' dir='ltr'>αὐτὸ</span> <span class='ocrx_word' id='word_1_667' title='bbox 2008 4703 2101 4755; x_wconf 74' lang='grc' dir='ltr'>καὶ</span> 
     </span>
    </p>
   </div>
   <div class='ocr_carea' id='block_1_87' title="bbox 514 4781 2102 4857">
    <p class='ocr_par' dir='ltr' id='par_1_87' title="bbox 514 4781 2102 4857">
     <span class='ocr_line' id='line_1_87' title="bbox 514 4781 2102 4857; baseline 0.008 -25"><span class='ocrx_word' id='word_1_668' title='bbox 514 4781 610 4833; x_wconf 65' lang='grc' dir='ltr'>ἐπὶ</span> <span class='ocrx_word' id='word_1_669' title='bbox 637 4781 747 4833; x_wconf 89' lang='grc' dir='ltr'>τῶν</span> <span class='ocrx_word' id='word_1_670' title='bbox 778 4785 1100 4852; x_wconf 81' lang='grc' dir='ltr'>προϊόντων⁹</span> <span class='ocrx_word' id='word_1_671' title='bbox 1126 4784 1220 4837; x_wconf 89' lang='grc' dir='ltr'>δύο</span> <span class='ocrx_word' id='word_1_672' title='bbox 1254 4786 1361 4839; x_wconf 75' lang='grc' dir='ltr'>είσὶ</span> <span class='ocrx_word' id='word_1_673' title='bbox 1383 4788 1450 4842; x_wconf 82' lang='grc' dir='ltr'>τὰ</span> <span class='ocrx_word' id='word_1_674' title='bbox 1476 4789 1758 4857; x_wconf 82' lang='grc' dir='ltr'>προϊόντα,</span> <span class='ocrx_word' id='word_1_675' title='bbox 1785 4791 1813 4842; x_wconf 86' lang='lat'>6</span> <span class='ocrx_word' id='word_1_676' title='bbox 1849 4790 1975 4854; x_wconf 76' lang='grc' dir='ltr'>Υἱὸς</span> <span class='ocrx_word' id='word_1_677' title='bbox 2009 4793 2102 4844; x_wconf 73' lang='grc' dir='ltr'>καὶ</span> 
     </span>
    </p>
   </div>
   <div class='ocr_carea' id='block_1_88' title="bbox 516 4872 2101 4953">
    <p class='ocr_par' dir='ltr' id='par_1_88' title="bbox 516 4872 2101 4953">
     <span class='ocr_line' id='line_1_88' title="bbox 516 4872 2101 4953; baseline 0.008 -31"><span class='ocrx_word' id='word_1_678' title='bbox 516 4872 576 4922; x_wconf 80' lang='lat'>:6</span> <span class='ocrx_word' id='word_1_679' title='bbox 607 4872 863 4943; x_wconf 76' lang='grc' dir='ltr'>Πνεῦμαο</span> <span class='ocrx_word' id='word_1_680' title='bbox 902 4875 1003 4929; x_wconf 87' lang='grc' dir='ltr'>οὐκ</span> <span class='ocrx_word' id='word_1_681' title='bbox 1024 4877 1133 4947; x_wconf 73' lang='grc' dir='ltr'>ἄρα</span> <span class='ocrx_word' id='word_1_682' title='bbox 1163 4881 1191 4931; x_wconf 89' lang='lat'>6</span> <span class='ocrx_word' id='word_1_683' title='bbox 1215 4878 1342 4942; x_wconf 75' lang='grc' dir='ltr'>Υἱὸς</span> <span class='ocrx_word' id='word_1_684' title='bbox 1362 4880 1618 4948; x_wconf 87' lang='grc' dir='ltr'>προάγει.</span> <span class='ocrx_word' id='word_1_685' title='bbox 1644 4881 1817 4933; x_wconf 86' lang='grc' dir='ltr'>Τοῦτο</span> <span class='ocrx_word' id='word_1_686' title='bbox 1843 4882 1936 4935; x_wconf 80' lang='grc' dir='ltr'>καὶ</span> <span class='ocrx_word' id='word_1_687' title='bbox 1959 4883 2101 4953; x_wconf 84' lang='grc' dir='ltr'>Γρη-</span> 
     </span>
    </p>
   </div>
   <div class='ocr_carea' id='block_1_89' title="bbox 516 4963 2102 5043">
    <p class='ocr_par' dir='ltr' id='par_1_89' title="bbox 516 4963 2102 5043">
     <span class='ocr_line' id='line_1_89' title="bbox 516 4963 2102 5043; baseline 0.009 -30"><span class='ocrx_word' id='word_1_688' title='bbox 516 4963 688 5032; x_wconf 83' lang='grc' dir='ltr'>γορίῳ</span> <span class='ocrx_word' id='word_1_689' title='bbox 716 4963 970 5036; x_wconf 85' lang='grc' dir='ltr'>δοκεῖτῷ</span> <span class='ocrx_word' id='word_1_690' title='bbox 1007 4969 1258 5041; x_wconf 82' lang='grc' dir='ltr'>Θεολόγῳ</span> <span class='ocrx_word' id='word_1_691' title='bbox 1311 4964 1370 5024; x_wconf 82' lang='grc' dir='ltr'>ἑν</span> <span class='ocrx_word' id='word_1_692' title='bbox 1400 4973 1512 5034; x_wconf 87' lang='grc' dir='ltr'>τοῖς</span> <span class='ocrx_word' id='word_1_693' title='bbox 1554 4973 1692 5043; x_wconf 82' lang='grc' dir='ltr'>πρὸς</span> <span class='ocrx_word' id='word_1_694' title='bbox 1735 4973 1964 5043; x_wconf 87' lang='grc' dir='ltr'>Ἥρωνα</span> <span class='ocrx_word' id='word_1_695' title='bbox 2018 4976 2102 5028; x_wconf 87' lang='grc' dir='ltr'>λέ-</span> 
     </span>
    </p>
   </div>
   <div class='ocr_carea' id='block_1_90' title="bbox 516 5055 2149 5137">
    <p class='ocr_par' dir='ltr' id='par_1_90' title="bbox 516 5055 2149 5137">
     <span class='ocr_line' id='line_1_90' title="bbox 516 5055 2149 5137; baseline 0.011 -33"><span class='ocrx_word' id='word_1_696' title='bbox 516 5068 701 5119; x_wconf 87' lang='grc' dir='ltr'>γοντι·</span> <span class='ocrx_word' id='word_1_697' title='bbox 750 5055 996 5126; x_wconf 81' lang='grc' dir='ltr'>’Δληθῶς</span> <span class='ocrx_word' id='word_1_698' title='bbox 1044 5061 1263 5133; x_wconf 83' lang='grc' dir='ltr'>Πατέρα</span> <span class='ocrx_word' id='word_1_699' title='bbox 1315 5063 1408 5118; x_wconf 81' lang='grc' dir='ltr'>τὸν</span> <span class='ocrx_word' id='word_1_700' title='bbox 1457 5064 1695 5136; x_wconf 87' lang='grc' dir='ltr'>Πατέρα,</span> <span class='ocrx_word' id='word_1_701' title='bbox 1754 5067 1837 5119; x_wconf 79' lang='grc' dir='ltr'>ὅτι</span> <span class='ocrx_word' id='word_1_702' title='bbox 1891 5067 2092 5137; x_wconf 85' lang='grc' dir='ltr'>μόνως,</span> <span class='ocrx_word' id='word_1_703' title='bbox 2142 5095 2149 5101; x_wconf 93' lang='grc'>·</span> 
     </span>
    </p>
   </div>
   <div class='ocr_carea' id='block_1_91' title="bbox 519 5143 2096 5226">
    <p class='ocr_par' dir='ltr' id='par_1_91' title="bbox 519 5143 2096 5226">
     <span class='ocr_line' id='line_1_91' title="bbox 519 5143 2096 5226; baseline 0.011 -33"><span class='ocrx_word' id='word_1_704' title='bbox 519 5143 840 5214; x_wconf 81' lang='grc' dir='ltr'>ἰδιοτρόπως</span> <span class='ocrx_word' id='word_1_705' title='bbox 881 5151 1012 5218; x_wconf 84' lang='grc' dir='ltr'>γὰρ,</span> <span class='ocrx_word' id='word_1_706' title='bbox 1041 5152 1138 5204; x_wconf 79' lang='grc' dir='ltr'>καὶ</span> <span class='ocrx_word' id='word_1_707' title='bbox 1170 5154 1353 5223; x_wconf 87' lang='grc' dir='ltr'>μόνος,</span> <span class='ocrx_word' id='word_1_708' title='bbox 1386 5157 1448 5208; x_wconf 85' lang='grc' dir='ltr'>οὐ</span> <span class='ocrx_word' id='word_1_709' title='bbox 1480 5143 1608 5226; x_wconf 59' lang='grc' dir='ltr'>γάρ”</span> <span class='ocrx_word' id='word_1_710' title='bbox 1642 5158 1784 5224; x_wconf 79' lang='grc' dir='ltr'>μετὰ</span> <span class='ocrx_word' id='word_1_711' title='bbox 1810 5157 2096 5226; x_wconf 79' lang='grc' dir='ltr'>συζυγίας,</span> 
     </span>
    </p>
   </div>
   <div class='ocr_carea' id='block_1_92' title="bbox 517 5234 2099 5318">
    <p class='ocr_par' dir='ltr' id='par_1_92' title="bbox 517 5234 2099 5318">
     <span class='ocr_line' id='line_1_92' title="bbox 517 5234 2099 5318; baseline 0.009 -33"><span class='ocrx_word' id='word_1_712' title='bbox 517 5235 612 5286; x_wconf 84' lang='grc' dir='ltr'>καὶ</span> <span class='ocrx_word' id='word_1_713' title='bbox 641 5234 824 5304; x_wconf 90' lang='grc' dir='ltr'>μόνου,</span> <span class='ocrx_word' id='word_1_714' title='bbox 857 5243 1182 5306; x_wconf 86' lang='grc' dir='ltr'>μονογενοῦς</span> <span class='ocrx_word' id='word_1_715' title='bbox 1221 5245 1360 5314; x_wconf 84' lang='grc' dir='ltr'>γάρ·</span> <span class='ocrx_word' id='word_1_716' title='bbox 1408 5247 1502 5300; x_wconf 78' lang='grc' dir='ltr'>καὶ</span> <span class='ocrx_word' id='word_1_717' title='bbox 1535 5249 1696 5317; x_wconf 87' lang='grc' dir='ltr'>μόνον</span> <span class='ocrx_word' id='word_1_718' title='bbox 1726 5247 1943 5318; x_wconf 73' lang='grc' dir='ltr'>ἀληθῶς</span> <span class='ocrx_word' id='word_1_719' title='bbox 1973 5249 2099 5300; x_wconf 69' lang='grc' dir='ltr'>Υίὸν</span> 
     </span>
    </p>
   </div>
   <div class='ocr_carea' id='block_1_93' title="bbox 513 5325 2096 5410">
    <p class='ocr_par' dir='ltr' id='par_1_93' title="bbox 513 5325 2096 5410">
     <span class='ocr_line' id='line_1_93' title="bbox 513 5325 2096 5410; baseline 0.011 -34"><span class='ocrx_word' id='word_1_720' title='bbox 513 5325 606 5379; x_wconf 60' lang='grc' dir='ltr'>τὸν</span> <span class='ocrx_word' id='word_1_721' title='bbox 648 5325 775 5380; x_wconf 84' lang='grc' dir='ltr'>Υίόν</span> <span class='ocrx_word' id='word_1_722' title='bbox 798 5343 811 5358; x_wconf 92' lang='grc'><strong>·</strong></span> <span class='ocrx_word' id='word_1_723' title='bbox 859 5329 944 5382; x_wconf 81' lang='grc' dir='ltr'>ὅτι</span> <span class='ocrx_word' id='word_1_724' title='bbox 982 5332 1142 5399; x_wconf 89' lang='grc' dir='ltr'>μόνος</span> <span class='ocrx_word' id='word_1_725' title='bbox 1175 5337 1269 5388; x_wconf 79' lang='grc' dir='ltr'>καὶ</span> <span class='ocrx_word' id='word_1_726' title='bbox 1311 5338 1497 5406; x_wconf 90' lang='grc' dir='ltr'>μόνου,</span> <span class='ocrx_word' id='word_1_727' title='bbox 1528 5341 1622 5393; x_wconf 73' lang='grc' dir='ltr'>καὶ</span> <span class='ocrx_word' id='word_1_728' title='bbox 1660 5341 1838 5410; x_wconf 88' lang='grc' dir='ltr'>μόνως</span> <span class='ocrx_word' id='word_1_729' title='bbox 1874 5341 1968 5393; x_wconf 78' lang='grc' dir='ltr'>καὶ</span> <span class='ocrx_word' id='word_1_730' title='bbox 1997 5341 2096 5410; x_wconf 85' lang='grc' dir='ltr'>μό-</span> 
     </span>
    </p>
   </div>
   <div class='ocr_carea' id='block_1_94' title="bbox 515 5418 2099 5502">
    <p class='ocr_par' dir='ltr' id='par_1_94' title="bbox 515 5418 2099 5502">
     <span class='ocr_line' id='line_1_94' title="bbox 515 5418 2099 5502; baseline 0.013 -37"><span class='ocrx_word' id='word_1_731' title='bbox 515 5431 632 5468; x_wconf 84' lang='grc' dir='ltr'>νον⁹</span> <span class='ocrx_word' id='word_1_732' title='bbox 683 5421 730 5471; x_wconf 83' lang='grc' dir='ltr'>εί</span> <span class='ocrx_word' id='word_1_733' title='bbox 764 5418 871 5489; x_wconf 82' lang='grc' dir='ltr'>γὰρ</span> <span class='ocrx_word' id='word_1_734' title='bbox 922 5423 1130 5494; x_wconf 80' lang='grc' dir='ltr'>Πατὴρ,</span> <span class='ocrx_word' id='word_1_735' title='bbox 1165 5425 1260 5478; x_wconf 80' lang='grc' dir='ltr'>καὶ</span> <span class='ocrx_word' id='word_1_736' title='bbox 1312 5429 1432 5482; x_wconf 73' lang='grc' dir='ltr'>ὅλον</span> <span class='ocrx_word' id='word_1_737' title='bbox 1477 5431 1627 5496; x_wconf 77' lang='grc' dir='ltr'>Υἱός.</span> <span class='ocrx_word' id='word_1_738' title='bbox 1665 5433 1728 5486; x_wconf 72' lang='lat' dir='ltr'>El</span> <span class='ocrx_word' id='word_1_739' title='bbox 1773 5430 1870 5488; x_wconf 81' lang='grc' dir='ltr'>οῦν</span> <span class='ocrx_word' id='word_1_740' title='bbox 1919 5435 2099 5502; x_wconf 87' lang='grc' dir='ltr'>μόνως</span> 
     </span>
    </p>
   </div>
   <div class='ocr_carea' id='block_1_95' title="bbox 517 5507 2098 5593">
    <p class='ocr_par' dir='ltr' id='par_1_95' title="bbox 517 5507 2098 5593">
     <span class='ocr_line' id='line_1_95' title="bbox 517 5507 2098 5593; baseline 0.011 -34"><span class='ocrx_word' id='word_1_741' title='bbox 517 5507 710 5579; x_wconf 83' lang='grc' dir='ltr'>Πατὴρ</span> <span class='ocrx_word' id='word_1_742' title='bbox 736 5511 764 5562; x_wconf 90' lang='lat'>6</span> <span class='ocrx_word' id='word_1_743' title='bbox 797 5511 1006 5584; x_wconf 83' lang='grc' dir='ltr'>Πατήρ,</span> <span class='ocrx_word' id='word_1_744' title='bbox 1040 5516 1135 5593; x_wconf 69' lang='grc' dir='ltr'>καὶ</span> <span class='ocrx_word' id='word_1_745' title='bbox 1167 5518 1225 5569; x_wconf 83' lang='grc' dir='ltr'>ού</span> <span class='ocrx_word' id='word_1_746' title='bbox 1262 5520 1400 5588; x_wconf 88' lang='grc' dir='ltr'>μετὰ</span> <span class='ocrx_word' id='word_1_747' title='bbox 1424 5521 1688 5592; x_wconf 79' lang='grc' dir='ltr'>συζυγίας</span> <span class='ocrx_word' id='word_1_748' title='bbox 1731 5564 1746 5579; x_wconf 96' lang='grc'>.</span> <span class='ocrx_word' id='word_1_749' title='bbox 1792 5562 1807 5578; x_wconf 94' lang='grc'>.</span> <span class='ocrx_word' id='word_1_750' title='bbox 1853 5524 2013 5579; x_wconf 82' lang='grc' dir='ltr'>τοῦτο</span> <span class='ocrx_word' id='word_1_751' title='bbox 2040 5527 2098 5579; x_wconf 85' lang='grc' dir='ltr'>δέ</span> 
     </span>
    </p>
   </div>
   <div class='ocr_carea' id='block_1_96' title="bbox 516 5600 2098 5684">
    <p class='ocr_par' dir='ltr' id='par_1_96' title="bbox 516 5600 2098 5684">
     <span class='ocr_line' id='line_1_96' title="bbox 516 5600 2098 5684; baseline 0.011 -36"><span class='ocrx_word' id='word_1_752' title='bbox 516 5600 666 5654; x_wconf 85' lang='grc' dir='ltr'>ἑστιν</span> <span class='ocrx_word' id='word_1_753' title='bbox 689 5602 734 5653; x_wconf 78' lang='grc' dir='ltr'>ό</span> <span class='ocrx_word' id='word_1_754' title='bbox 766 5602 980 5673; x_wconf 86' lang='grc' dir='ltr'>Πατὴρ,</span> <span class='ocrx_word' id='word_1_755' title='bbox 1012 5607 1293 5679; x_wconf 85' lang='grc' dir='ltr'>γεννήτωρ</span> <span class='ocrx_word' id='word_1_756' title='bbox 1343 5614 1440 5666; x_wconf 76' lang='grc' dir='ltr'>καὶ</span> <span class='ocrx_word' id='word_1_757' title='bbox 1467 5614 1790 5684; x_wconf 76' lang='grc' dir='ltr'>προϐολεὺς,</span> <span class='ocrx_word' id='word_1_758' title='bbox 1826 5616 2009 5679; x_wconf 83' lang='grc' dir='ltr'>καλῶς</span> <span class='ocrx_word' id='word_1_759' title='bbox 2033 5616 2098 5669; x_wconf 82' lang='grc' dir='ltr'>ἂν</span> 
     </span>
    </p>
   </div>
   <div class='ocr_carea' id='block_1_97' title="bbox 516 5684 2098 5776">
    <p class='ocr_par' dir='ltr' id='par_1_97' title="bbox 516 5684 2098 5776">
     <span class='ocr_line' id='line_1_97' title="bbox 516 5684 2098 5776; baseline 0.015 -38"><span class='ocrx_word' id='word_1_760' title='bbox 516 5684 627 5757; x_wconf 80' lang='grc' dir='ltr'>εἷχέ</span> <span class='ocrx_word' id='word_1_761' title='bbox 656 5706 739 5744; x_wconf 91' lang='grc' dir='ltr'>σοι</span> <span class='ocrx_word' id='word_1_762' title='bbox 761 5693 927 5764; x_wconf 88' lang='grc' dir='ltr'>μέχρι</span> <span class='ocrx_word' id='word_1_763' title='bbox 957 5695 1148 5751; x_wconf 89' lang='grc' dir='ltr'>τούτου</span> <span class='ocrx_word' id='word_1_764' title='bbox 1179 5701 1394 5770; x_wconf 85' lang='grc' dir='ltr'>στῆναι,</span> <span class='ocrx_word' id='word_1_765' title='bbox 1425 5704 1519 5757; x_wconf 74' lang='grc' dir='ltr'>καὶ</span> <span class='ocrx_word' id='word_1_766' title='bbox 1547 5708 1661 5768; x_wconf 87' lang='grc' dir='ltr'>τοῖς</span> <span class='ocrx_word' id='word_1_767' title='bbox 1703 5707 1848 5776; x_wconf 83' lang='grc' dir='ltr'>ὅροις</span> <span class='ocrx_word' id='word_1_768' title='bbox 1885 5707 2098 5770; x_wconf 89' lang='grc' dir='ltr'>τούτοις</span> 
     </span>
    </p>
   </div>
   <div class='ocr_carea' id='block_1_98' title="bbox 519 5779 2096 5873">
    <p class='ocr_par' dir='ltr' id='par_1_98' title="bbox 519 5779 2096 5873">
     <span class='ocr_line' id='line_1_98' title="bbox 519 5779 2096 5873; baseline 0.013 -41"><span class='ocrx_word' id='word_1_769' title='bbox 519 5779 799 5849; x_wconf 65' lang='grc' dir='ltr'>ἐμμένειν.</span> <span class='ocrx_word' id='word_1_770' title='bbox 828 5786 898 5841; x_wconf 84' lang='grc' dir='ltr'><strong>Σὺ</strong></span> <span class='ocrx_word' id='word_1_771' title='bbox 920 5788 974 5843; x_wconf 76' lang='grc' dir='ltr'>δὲ</span> <span class='ocrx_word' id='word_1_772' title='bbox 1005 5793 1213 5860; x_wconf 80' lang='grc' dir='ltr'>προῖὼν</span> <span class='ocrx_word' id='word_1_773' title='bbox 1253 5796 1353 5866; x_wconf 83' lang='grc' dir='ltr'>τὴν</span> <span class='ocrx_word' id='word_1_774' title='bbox 1387 5797 1582 5868; x_wconf 81' lang='grc' dir='ltr'>καινὴν</span> <span class='ocrx_word' id='word_1_775' title='bbox 1612 5797 1760 5868; x_wconf 81' lang='grc' dir='ltr'>μίξιν</span> <span class='ocrx_word' id='word_1_776' title='bbox 1785 5801 2096 5873; x_wconf 76' lang='grc' dir='ltr'>ἐπινοήσεις</span> 
     </span>
    </p>
   </div>
   <div class='ocr_carea' id='block_1_99' title="bbox 2213 4595 3768 4689">
    <p class='ocr_par' dir='ltr' id='par_1_99' title="bbox 2213 4595 3768 4689">
     <span class='ocr_line' id='line_1_99' title="bbox 2213 4595 3768 4689; baseline 0.001 -22"><span class='ocrx_word' id='word_1_777' title='bbox 2213 4615 2383 4678; x_wconf 79' lang='grc' dir='ltr'>ὄντος.</span> <span class='ocrx_word' id='word_1_778' title='bbox 2424 4617 2488 4670; x_wconf 67' lang='grc' dir='ltr'>*Α</span> <span class='ocrx_word' id='word_1_779' title='bbox 2521 4617 2693 4684; x_wconf 84' lang='grc' dir='ltr'>πόσης</span> <span class='ocrx_word' id='word_1_780' title='bbox 2728 4595 2942 4686; x_wconf 51' lang='grc' dir='ltr'>ἑγονται</span> <span class='ocrx_word' id='word_1_781' title='bbox 2987 4615 3354 4689; x_wconf 69' lang='grc' dir='ltr'>βλασφημίας,</span> <span class='ocrx_word' id='word_1_782' title='bbox 3391 4623 3590 4684; x_wconf 83' lang='grc' dir='ltr'>πάντες</span> <span class='ocrx_word' id='word_1_783' title='bbox 3624 4621 3684 4674; x_wconf 85' lang='grc' dir='ltr'>ἂν</span> <span class='ocrx_word' id='word_1_784' title='bbox 3706 4620 3768 4670; x_wconf 84' lang='grc' dir='ltr'>εἰ·</span> 
     </span>
    </p>
   </div>
   <div class='ocr_carea' id='block_1_100' title="bbox 2202 4707 3762 4781">
    <p class='ocr_par' dir='ltr' id='par_1_100' title="bbox 2202 4707 3762 4781">
     <span class='ocr_line' id='line_1_100' title="bbox 2202 4707 3762 4781; baseline 0.002 -23"><span class='ocrx_word' id='word_1_785' title='bbox 2202 4707 2344 4758; x_wconf 90' lang='grc' dir='ltr'>δεῖεν</span> <span class='ocrx_word' id='word_1_786' title='bbox 2366 4708 2414 4759; x_wconf 75' lang='grc' dir='ltr'>οἱ</span> <span class='ocrx_word' id='word_1_787' title='bbox 2438 4708 2528 4759; x_wconf 76' lang='grc' dir='ltr'>καὶ</span> <span class='ocrx_word' id='word_1_788' title='bbox 2555 4710 2781 4776; x_wconf 85' lang='grc' dir='ltr'>μετρίαν</span> <span class='ocrx_word' id='word_1_789' title='bbox 2811 4710 2866 4760; x_wconf 84' lang='grc' dir='ltr'>ἑν</span> <span class='ocrx_word' id='word_1_790' title='bbox 2896 4713 3006 4772; x_wconf 82' lang='grc' dir='ltr'>τοῖς</span> <span class='ocrx_word' id='word_1_791' title='bbox 3040 4712 3304 4774; x_wconf 81' lang='grc' dir='ltr'>τοιούτοις</span> <span class='ocrx_word' id='word_1_792' title='bbox 3327 4711 3530 4781; x_wconf 74' lang='grc' dir='ltr'>εἴδησιν</span> <span class='ocrx_word' id='word_1_793' title='bbox 3551 4712 3762 4781; x_wconf 78' lang='grc' dir='ltr'>ἔχοντες.</span> 
     </span>
    </p>
   </div>
   <div class='ocr_carea' id='block_1_101' title="bbox 2215 4795 3763 4873">
    <p class='ocr_par' dir='ltr' id='par_1_101' title="bbox 2215 4795 3763 4873">
     <span class='ocr_line' id='line_1_101' title="bbox 2215 4795 3763 4873; baseline 0.002 -26"><span class='ocrx_word' id='word_1_794' title='bbox 2215 4795 2358 4847; x_wconf 85' lang='grc' dir='ltr'>Ἀλλ’</span> <span class='ocrx_word' id='word_1_795' title='bbox 2387 4797 2492 4849; x_wconf 75' lang='grc' dir='ltr'>ἔδει</span> <span class='ocrx_word' id='word_1_796' title='bbox 2520 4797 2581 4866; x_wconf 88' lang='grc' dir='ltr'>δή</span> <span class='ocrx_word' id='word_1_797' title='bbox 2594 4813 2693 4848; x_wconf 81' lang='grc' dir='ltr'>που</span> <span class='ocrx_word' id='word_1_798' title='bbox 2723 4797 2924 4859; x_wconf 84' lang='grc' dir='ltr'>ταύτας</span> <span class='ocrx_word' id='word_1_799' title='bbox 2952 4800 3047 4858; x_wconf 72' lang='grc' dir='ltr'>τὰς</span> <span class='ocrx_word' id='word_1_800' title='bbox 3071 4800 3330 4870; x_wconf 83' lang='grc' dir='ltr'>δυνάμεις</span> <span class='ocrx_word' id='word_1_801' title='bbox 3352 4804 3446 4855; x_wconf 76' lang='grc' dir='ltr'>καὶ</span> <span class='ocrx_word' id='word_1_802' title='bbox 3473 4800 3763 4873; x_wconf 85' lang='grc' dir='ltr'>προσειπεῖν</span> 
     </span>
    </p>
   </div>
   <div class='ocr_carea' id='block_1_102' title="bbox 2201 4883 3761 4956">
    <p class='ocr_par' dir='ltr' id='par_1_102' title="bbox 2201 4883 3761 4956">
     <span class='ocr_line' id='line_1_102' title="bbox 2201 4883 3761 4956; baseline 0.004 -22"><span class='ocrx_word' id='word_1_803' title='bbox 2201 4884 2234 4951; x_wconf 75' lang='grc' dir='ltr'>ἢ</span> <span class='ocrx_word' id='word_1_804' title='bbox 2267 4883 2544 4945; x_wconf 84' lang='grc' dir='ltr'>ούσιὼδεις</span> <span class='ocrx_word' id='word_1_805' title='bbox 2576 4884 2672 4936; x_wconf 74' lang='grc' dir='ltr'>καὶ</span> <span class='ocrx_word' id='word_1_806' title='bbox 2702 4886 2960 4952; x_wconf 71' lang='grc' dir='ltr'>φυσικὰς,</span> <span class='ocrx_word' id='word_1_807' title='bbox 2994 4887 3026 4955; x_wconf 85' lang='grc' dir='ltr'><strong>ἦ</strong></span> <span class='ocrx_word' id='word_1_808' title='bbox 3065 4889 3454 4953; x_wconf 80' lang='grc' dir='ltr'>ὑποστατικάς.</span> <span class='ocrx_word' id='word_1_809' title='bbox 3487 4891 3641 4945; x_wconf 84' lang='grc' dir='ltr'>Οῦτω</span> <span class='ocrx_word' id='word_1_810' title='bbox 3669 4890 3761 4956; x_wconf 78' lang='grc' dir='ltr'>γὰρ</span> 
     </span>
    </p>
   </div>
   <div class='ocr_carea' id='block_1_103' title="bbox 2206 4973 3758 5049">
    <p class='ocr_par' dir='ltr' id='par_1_103' title="bbox 2206 4973 3758 5049">
     <span class='ocr_line' id='line_1_103' title="bbox 2206 4973 3758 5049; baseline 0.003 -23"><span class='ocrx_word' id='word_1_811' title='bbox 2206 4973 2612 5045; x_wconf 85' lang='grc' dir='ltr'>μεμαθήκαμεν</span> <span class='ocrx_word' id='word_1_812' title='bbox 2637 4978 2774 5048; x_wconf 73' lang='grc' dir='ltr'>προς</span> <span class='ocrx_word' id='word_1_813' title='bbox 2803 4981 2900 5048; x_wconf 79' lang='grc' dir='ltr'>τῆς</span> <span class='ocrx_word' id='word_1_814' title='bbox 2947 4980 3096 5046; x_wconf 80' lang='grc' dir='ltr'>ἱερᾶς</span> <span class='ocrx_word' id='word_1_815' title='bbox 3130 4980 3405 5049; x_wconf 78' lang='grc' dir='ltr'>θεολογίας</span> <span class='ocrx_word' id='word_1_816' title='bbox 3429 4984 3640 5037; x_wconf 84' lang='grc' dir='ltr'>πάντων</span> <span class='ocrx_word' id='word_1_817' title='bbox 3666 4981 3758 5032; x_wconf 79' lang='grc' dir='ltr'>τῶν</span> 
     </span>
    </p>
   </div>
   <div class='ocr_carea' id='block_1_104' title="bbox 2201 5065 3756 5144">
    <p class='ocr_par' dir='ltr' id='par_1_104' title="bbox 2201 5065 3756 5144">
     <span class='ocr_line' id='line_1_104' title="bbox 2201 5065 3756 5144; baseline 0.004 -27"><span class='ocrx_word' id='word_1_818' title='bbox 2201 5065 2685 5136; x_wconf 83' lang='grc' dir='ltr'>ἑπιθεωρουμένων</span> <span class='ocrx_word' id='word_1_819' title='bbox 2709 5068 2742 5138; x_wconf 79' lang='grc' dir='ltr'>ἦ</span> <span class='ocrx_word' id='word_1_820' title='bbox 2775 5069 3083 5138; x_wconf 65' lang='grc' dir='ltr'>λεγομένων</span> <span class='ocrx_word' id='word_1_821' title='bbox 3105 5073 3162 5123; x_wconf 81' lang='grc' dir='ltr'>ἐν</span> <span class='ocrx_word' id='word_1_822' title='bbox 3187 5075 3252 5142; x_wconf 83' lang='grc' dir='ltr'>τῇ</span> <span class='ocrx_word' id='word_1_823' title='bbox 3277 5073 3583 5144; x_wconf 86' lang='grc' dir='ltr'>ύπερουσίῳ</span> <span class='ocrx_word' id='word_1_824' title='bbox 3613 5071 3756 5143; x_wconf 81' lang='grc' dir='ltr'>Τριά-</span> 
     </span>
    </p>
   </div>
   <div class='ocr_carea' id='block_1_105' title="bbox 2199 5155 3756 5227">
    <p class='ocr_par' dir='ltr' id='par_1_105' title="bbox 2199 5155 3756 5227">
     <span class='ocr_line' id='line_1_105' title="bbox 2199 5155 3756 5227; baseline 0.003 -19"><span class='ocrx_word' id='word_1_825' title='bbox 2199 5155 2269 5219; x_wconf 84' lang='grc' dir='ltr'>δι,</span> <span class='ocrx_word' id='word_1_826' title='bbox 2306 5157 2370 5209; x_wconf 86' lang='grc' dir='ltr'>τὰ</span> <span class='ocrx_word' id='word_1_827' title='bbox 2404 5157 2501 5227; x_wconf 83' lang='grc' dir='ltr'>μὲν</span> <span class='ocrx_word' id='word_1_828' title='bbox 2531 5159 2766 5227; x_wconf 77' lang='grc' dir='ltr'>οὖσιώδη</span> <span class='ocrx_word' id='word_1_829' title='bbox 2816 5155 2980 5224; x_wconf 81' lang='grc' dir='ltr'>εἶναι,</span> <span class='ocrx_word' id='word_1_830' title='bbox 3010 5163 3077 5215; x_wconf 82' lang='grc' dir='ltr'>τά</span> <span class='ocrx_word' id='word_1_831' title='bbox 3113 5163 3169 5216; x_wconf 83' lang='grc' dir='ltr'>δὲ</span> <span class='ocrx_word' id='word_1_832' title='bbox 3195 5164 3555 5220; x_wconf 75' lang='grc' dir='ltr'>ὑποστατικάο</span> <span class='ocrx_word' id='word_1_833' title='bbox 3586 5167 3673 5219; x_wconf 81' lang='grc' dir='ltr'>καὶ</span> <span class='ocrx_word' id='word_1_834' title='bbox 3700 5162 3756 5214; x_wconf 79' lang='grc' dir='ltr'>τὰ</span> 
     </span>
    </p>
   </div>
   <div class='ocr_carea' id='block_1_106' title="bbox 2204 5248 3756 5324">
    <p class='ocr_par' dir='ltr' id='par_1_106' title="bbox 2204 5248 3756 5324">
     <span class='ocr_line' id='line_1_106' title="bbox 2204 5248 3756 5324; baseline 0.003 -25"><span class='ocrx_word' id='word_1_835' title='bbox 2204 5248 2303 5317; x_wconf 85' lang='grc' dir='ltr'>μὲν</span> <span class='ocrx_word' id='word_1_836' title='bbox 2331 5249 2440 5300; x_wconf 79' lang='grc' dir='ltr'>ἀπὸ</span> <span class='ocrx_word' id='word_1_837' title='bbox 2471 5248 2562 5302; x_wconf 86' lang='grc' dir='ltr'>τοῦ</span> <span class='ocrx_word' id='word_1_838' title='bbox 2596 5249 2757 5316; x_wconf 87' lang='grc' dir='ltr'>λόγου</span> <span class='ocrx_word' id='word_1_839' title='bbox 2803 5253 2902 5320; x_wconf 84' lang='grc' dir='ltr'>τῆς</span> <span class='ocrx_word' id='word_1_840' title='bbox 2933 5251 3122 5314; x_wconf 85' lang='grc' dir='ltr'>οὐσίας</span> <span class='ocrx_word' id='word_1_841' title='bbox 3145 5254 3431 5324; x_wconf 83' lang='grc' dir='ltr'>ἀνίσχοντα</span> <span class='ocrx_word' id='word_1_842' title='bbox 3457 5253 3756 5323; x_wconf 81' lang='grc' dir='ltr'>κατηγορεί-</span> 
     </span>
    </p>
   </div>
   <div class='ocr_carea' id='block_1_107' title="bbox 2203 5338 3754 5419">
    <p class='ocr_par' dir='ltr' id='par_1_107' title="bbox 2203 5338 3754 5419">
     <span class='ocr_line' id='line_1_107' title="bbox 2203 5338 3754 5419; baseline 0.003 -29"><span class='ocrx_word' id='word_1_843' title='bbox 2203 5338 2325 5390; x_wconf 87' lang='grc' dir='ltr'>σθαι</span> <span class='ocrx_word' id='word_1_844' title='bbox 2375 5340 2471 5391; x_wconf 69' lang='grc' dir='ltr'>καὶ</span> <span class='ocrx_word' id='word_1_845' title='bbox 2518 5339 2626 5392; x_wconf 86' lang='grc' dir='ltr'>τῶν</span> <span class='ocrx_word' id='word_1_846' title='bbox 2654 5341 2823 5408; x_wconf 82' lang='grc' dir='ltr'>τριῶν</span> <span class='ocrx_word' id='word_1_847' title='bbox 2875 5344 3201 5410; x_wconf 77' lang='grc' dir='ltr'>προσώπων.</span> <span class='ocrx_word' id='word_1_848' title='bbox 3241 5345 3384 5398; x_wconf 86' lang='grc' dir='ltr'>Ὅσα</span> <span class='ocrx_word' id='word_1_849' title='bbox 3422 5347 3531 5419; x_wconf 82' lang='grc' dir='ltr'>γάρ</span> <span class='ocrx_word' id='word_1_850' title='bbox 3557 5341 3754 5414; x_wconf 81' lang='grc' dir='ltr'>φησινὸ</span> 
     </span>
    </p>
   </div>
   <div class='ocr_carea' id='block_1_108' title="bbox 2202 5427 3752 5506">
    <p class='ocr_par' dir='ltr' id='par_1_108' title="bbox 2202 5427 3752 5506">
     <span class='ocr_line' id='line_1_108' title="bbox 2202 5427 3752 5506; baseline 0.001 -26"><span class='ocrx_word' id='word_1_851' title='bbox 2202 5428 2348 5498; x_wconf 76' lang='grc' dir='ltr'>ἱερὸς</span> <span class='ocrx_word' id='word_1_852' title='bbox 2377 5428 2650 5491; x_wconf 76' lang='grc' dir='ltr'>Διονύσιος</span> <span class='ocrx_word' id='word_1_853' title='bbox 2697 5431 2790 5482; x_wconf 72' lang='grc' dir='ltr'>ἐπὶ</span> <span class='ocrx_word' id='word_1_854' title='bbox 2822 5430 2917 5482; x_wconf 78' lang='grc' dir='ltr'>τοῦ</span> <span class='ocrx_word' id='word_1_855' title='bbox 2955 5433 3168 5500; x_wconf 68' lang='grc' dir='ltr'>Πατρός</span> <span class='ocrx_word' id='word_1_856' title='bbox 3208 5436 3301 5487; x_wconf 79' lang='grc' dir='ltr'>καὶ</span> <span class='ocrx_word' id='word_1_857' title='bbox 3350 5436 3512 5489; x_wconf 81' lang='grc' dir='ltr'>αὐτοῦ</span> <span class='ocrx_word' id='word_1_858' title='bbox 3541 5437 3651 5506; x_wconf 82' lang='grc' dir='ltr'>ήτοι</span> <span class='ocrx_word' id='word_1_859' title='bbox 3673 5427 3752 5483; x_wconf 80' lang='grc' dir='ltr'>τοῦ</span> 
     </span>
    </p>
   </div>
   <div class='ocr_carea' id='block_1_109' title="bbox 2201 5520 3753 5593">
    <p class='ocr_par' dir='ltr' id='par_1_109' title="bbox 2201 5520 3753 5593">
     <span class='ocr_line' id='line_1_109' title="bbox 2201 5520 3753 5593; baseline 0.004 -21"><span class='ocrx_word' id='word_1_860' title='bbox 2201 5520 2355 5585; x_wconf 80' lang='grc' dir='ltr'>Υίοῦ,</span> <span class='ocrx_word' id='word_1_861' title='bbox 2379 5521 2455 5589; x_wconf 79' lang='grc' dir='ltr'>τῷ</span> <span class='ocrx_word' id='word_1_862' title='bbox 2486 5521 2766 5592; x_wconf 77' lang='grc' dir='ltr'>θεαρχικῷ</span> <span class='ocrx_word' id='word_1_863' title='bbox 2795 5523 3078 5591; x_wconf 84' lang='grc' dir='ltr'>Πνεύματι</span> <span class='ocrx_word' id='word_1_864' title='bbox 3111 5527 3442 5589; x_wconf 88' lang='grc' dir='ltr'>κοινωνικῶς</span> <span class='ocrx_word' id='word_1_865' title='bbox 3494 5528 3584 5579; x_wconf 80' lang='grc' dir='ltr'>καὶ</span> <span class='ocrx_word' id='word_1_866' title='bbox 3630 5527 3753 5593; x_wconf 78' lang='grc' dir='ltr'>ἡνω-</span> 
     </span>
    </p>
   </div>
   <div class='ocr_carea' id='block_1_110' title="bbox 2205 5611 3752 5686">
    <p class='ocr_par' dir='ltr' id='par_1_110' title="bbox 2205 5611 3752 5686">
     <span class='ocr_line' id='line_1_110' title="bbox 2205 5611 3752 5686; baseline 0.003 -24"><span class='ocrx_word' id='word_1_867' title='bbox 2205 5613 2382 5682; x_wconf 88' lang='grc' dir='ltr'>μένως</span> <span class='ocrx_word' id='word_1_868' title='bbox 2412 5611 2703 5684; x_wconf 63' lang='grc' dir='ltr'>ἀνατίθησι</span> <span class='ocrx_word' id='word_1_869' title='bbox 2750 5614 2849 5675; x_wconf 74' lang='grc' dir='ltr'>τὰς</span> <span class='ocrx_word' id='word_1_870' title='bbox 2881 5613 3194 5685; x_wconf 83' lang='grc' dir='ltr'>θεουργίας,</span> <span class='ocrx_word' id='word_1_871' title='bbox 3227 5617 3286 5670; x_wconf 89' lang='lat'>:6</span> <span class='ocrx_word' id='word_1_872' title='bbox 3315 5618 3505 5683; x_wconf 79' lang='grc' dir='ltr'>σέϐας,</span> <span class='ocrx_word' id='word_1_873' title='bbox 3536 5619 3624 5686; x_wconf 81' lang='grc' dir='ltr'>τὴν</span> <span class='ocrx_word' id='word_1_874' title='bbox 3665 5628 3752 5680; x_wconf 82' lang='grc' dir='ltr'>πη·</span> 
     </span>
    </p>
   </div>
   <div class='ocr_carea' id='block_1_111' title="bbox 2200 5700 3750 5778">
    <p class='ocr_par' dir='ltr' id='par_1_111' title="bbox 2200 5700 3750 5778">
     <span class='ocr_line' id='line_1_111' title="bbox 2200 5700 3750 5778; baseline 0.003 -24"><span class='ocrx_word' id='word_1_875' title='bbox 2200 5702 2364 5770; x_wconf 85' lang='grc' dir='ltr'>γαίαν</span> <span class='ocrx_word' id='word_1_876' title='bbox 2408 5703 2504 5755; x_wconf 77' lang='grc' dir='ltr'>καὶ</span> <span class='ocrx_word' id='word_1_877' title='bbox 2537 5703 2878 5774; x_wconf 84' lang='grc' dir='ltr'>ἀνέκληπτον</span> <span class='ocrx_word' id='word_1_878' title='bbox 2935 5705 3139 5772; x_wconf 81' lang='grc' dir='ltr'>αἰτίαν,</span> <span class='ocrx_word' id='word_1_879' title='bbox 3201 5708 3296 5761; x_wconf 74' lang='grc' dir='ltr'>καὶ</span> <span class='ocrx_word' id='word_1_880' title='bbox 3351 5705 3608 5778; x_wconf 86' lang='grc' dir='ltr'>διανομὴν</span> <span class='ocrx_word' id='word_1_881' title='bbox 3654 5700 3750 5754; x_wconf 81' lang='grc' dir='ltr'>τῶν</span> 
     </span>
    </p>
   </div>
   <div class='ocr_carea' id='block_1_112' title="bbox 2205 5794 3748 5865">
    <p class='ocr_par' dir='ltr' id='par_1_112' title="bbox 2205 5794 3748 5865">
     <span class='ocr_line' id='line_1_112' title="bbox 2205 5794 3748 5865; baseline 0.004 -17"><span class='ocrx_word' id='word_1_882' title='bbox 2205 5795 2430 5863; x_wconf 82' lang='grc' dir='ltr'>ἀγαθῶν</span> <span class='ocrx_word' id='word_1_883' title='bbox 2473 5794 2683 5865; x_wconf 82' lang='grc' dir='ltr'>δώρων.</span> <span class='ocrx_word' id='word_1_884' title='bbox 2741 5794 2849 5849; x_wconf 77' lang='grc' dir='ltr'>Καὶ</span> <span class='ocrx_word' id='word_1_885' title='bbox 2896 5795 3085 5850; x_wconf 69' lang='grc' dir='ltr'>οὐδένα</span> <span class='ocrx_word' id='word_1_886' title='bbox 3137 5796 3248 5852; x_wconf 90' lang='grc' dir='ltr'>τῶν</span> <span class='ocrx_word' id='word_1_887' title='bbox 3275 5801 3388 5862; x_wconf 88' lang='grc' dir='ltr'>τοῖς</span> <span class='ocrx_word' id='word_1_888' title='bbox 3414 5799 3574 5862; x_wconf 76' lang='grc' dir='ltr'>θείοις</span> <span class='ocrx_word' id='word_1_889' title='bbox 3596 5795 3748 5862; x_wconf 72' lang='grc' dir='ltr'>λόγηις</span> 
     </span>
    </p>
   </div>
  </div>
