4034 6446
254 385 391 455 1017

1325 389 1779 452 REFUTATIO
1823 385 2341 448 ARGYROPULI.

3388 377 3526 441 1018

253 503 634 574 ἀδιαστρόφοις
677 504 908 570 ἐννοίαις
972 505 1430 576 ὲντεθραμμένων
1496 503 1654 575 οἶμαι
1701 505 1838 576 πρὸς
1870 512 1915 567 Λ
1944 503 2182 557 ἐοικέναι
2209 501 2434 572 βούλοιτ’
2480 499 2565 565 ἂν,
2598 499 2674 562 ὡς
2704 496 2784 563 τῷ
2813 493 3212 564 διακεκρίσθαι,
3243 491 3389 547 οὕτω
3430 495 3526 548 καὶ

252 596 412 652 τοῦτο
441 598 704 665 ἀντερεῖν,
729 597 812 650 ὅτι
838 597 905 650 τά
927 597 1206 668 θεοπρεπῆ
1233 598 1412 651 πάντα
1443 600 1509 668 τῇ
1539 599 1636 670 ὅλῃ
1671 599 1835 666 θεαρ-

253 686 350 759 χίᾳ
395 685 658 754 πρόσεστι
689 673 831 740 κατὰ
855 687 947 741 10v
977 687 1198 756 θεοτελῆ
1241 688 1419 756 λόγον.
1453 689 1596 740 Ὅσα
1630 688 1686 740 δὲ
1721 692 1839 750 ταῖς
1887 759 1891 763 Ι

255 775 589 831 ὑποστάσεσι
608 777 956 847 προσήκει,ἢ
993 778 1229 832 τοιαῖσδε
1267 778 1655 841 ὐποστάσεσιν,
1689 779 1864 840 άκιικ

256 869 472 942 νὼνητα
505 868 852 923 παντάπασιν
879 863 1018 921 εἶναι
1053 868 1146 920 καὶ
1185 868 1380 937 ἀμιγῆ,
1429 869 1505 932 ὡς
1541 869 1837 940 ίδιότητας,

253 959 513 1029 οὐδεμιᾶς
556 961 614 1012 ὲν
642 957 853 1021 τούτοις
877 959 1264 1028 άντιστροφῆς,
1293 959 1326 1030 ἢ
1357 959 1497 1022 ὅλως
1526 959 1842 1029 κοινότητος

255 1051 716 1122 ὲπεισαγομένης,
741 1053 906 1119 φησιν
929 1051 957 1103 0
984 1051 1148 1113 αὐτὸς
1173 1050 1469 1116 Διονύσιος.
1495 1053 1616 1114 Πῶς
1643 1051 1753 1119 γὰρ
1778 1052 1842 1103 ἂν

255 1142 350 1196 καὶ
381 1141 540 1212 μείνῃ
573 1139 774 1204 ἰδιότης
801 1140 1093 1209 κινουμένη
1125 1140 1221 1193 v.01
1253 1141 1670 1210 μεταπίπτουσα
1690 1159 1704 1205 ;
1726 1142 1842 1193 Μέ-

259 1251 354 1287 σον
372 1232 430 1285 δέ
461 1249 516 1285 τι
541 1229 746 1285 τούτων
764 1232 899 1303 ἡμῖν
924 1233 972 1284 01
1008 1230 1247 1299 θεολόγοι
1278 1232 1374 1302 τῆς
1423 1232 1752 1300 Ἐκκλησίας
1780 1231 1840 1282 οὐ

259 1325 605 1398 παρέδωκαν,
644 1322 759 1378 ἀλλ’
786 1325 820 1393 ή
848 1324 1009 1392 καινὴ
1035 1321 1176 1393 αὕτη
1222 1322 1468 1392 θεολογία
1500 1322 1842 1394 ἑκατέρωθεν

258 1417 442 1488 ὁρῶσα
468 1409 512 1485 ᾧ
543 1416 888 1486 περιπίπτει,
917 1417 966 1468 εί
1002 1421 1098 1468 καὶ
1130 1416 1206 1485 μὴ
1236 1415 1510 1484 ὁμολογεῖ,
1544 1416 1576 1485 ἢ
1613 1415 1686 1485 μὴ
1712 1416 1844 1479 νοεῖ,

261 1510 348 1562 ἵνα
376 1509 452 1580 μὴ
473 1505 818 1578 ὲτεροούσιον
855 1508 1114 1578 ἀποφήνῃ
1136 1508 1197 1560 10
1218 1506 1464 1576 Πνεῦμα,
1490 1508 1538 1559 εί
1561 1507 1843 1570 οὐσιῶδεις

261 1599 410 1653 εἴποι
442 1599 540 1663 τάς
594 1598 854 1669 δυνάμεις
909 1599 1132 1663 ταύτας,
1193 1599 1268 1668 μὴ
1310 1599 1539 1668 μετέχον
1589 1598 1685 1651 7.01
1716 1598 1848 1651 αὐτὸ

259 1695 516 1760 τοιαύτης
543 1690 684 1753 τινὸς
706 1691 1058 1761 παρακτικῆς
1086 1690 1395 1758 δυνάμεως,
1424 1691 1564 1759 μήτε
1586 1693 1651 1760 τῇ
1687 1691 1850 1759 δυαρ-

1940 592 2023 662 ςτῷ
2049 591 2238 661 τρόπῳ
2274 589 2376 658 τῆς
2423 587 2774 658 διακρίσεως,
2812 585 2935 638 ἐπεὶ
2965 583 3062 636 καὶ
3092 586 3407 653 προεπινοεῖ
3427 584 3531 654 τὴν

1954 685 2270 751 γεννητικὴν
2303 681 2402 750 τῆς
2438 678 2831 748 -προδλητικῆς,
2865 676 2940 738 ὡς
2979 675 3077 727 καὶ
3107 676 3226 728 ἐκεῖ
3257 675 3532 746 προτέραν

1943 770 2111 829 οὖσαν
2137 773 2334 842 δήπου,
2367 771 2443 834 ὡς
2485 771 2831 839 τὸ’γεννητ))ν
2869 764 2967 818 τοῦ
3015 767 3350 836 ἐκπορευτοῦ
3382 768 3535 834 λέγει

1948 869 2236 936 πρότερον.
2266 864 2327 916 E1
2362 863 2408 916 δ’
2444 864 2572 916 ἄλλο
2606 881 2658 915 τι
2707 863 2952 931 βούλοιτο
2997 861 3203 930 λέγειν,
3235 861 3417 928 ὀλίγον
3455 859 3534 930 τῷ

1945 959 2091 1027 λόγῳ
2121 955 2401 1025 βοηθήσει.
2444 955 2645 1024 Ἀρχὰς
2677 955 2734 1008 δέ
2768 972 2935 1025 φησιν
2962 951 3128 1016 οὔσας
3145 969 3204 1006 τε
3238 954 3332 1006 καὶ
3369 952 3531 1006 δυνά-

1951 1067 2073 1118 μεις
2115 1047 2210 1100 καὶ
2238 1047 2570 1116 γονιμότητα
2579 1066 2623 1109 ς.

2021 1139 2366 1208 Παραχθήτω
2399 1155 2482 1201 τις
2503 1138 2613 1191 τῶν
2646 1139 2816 1205 ἁγίων
2835 1141 3008 1193 ταῦτα
3037 1141 3211 1208 λέγων
3240 1142 3330 1194 καὶ
3355 1142 3533 1212 ἀρχὰς

1947 1230 2041 1282 καὶ
2063 1229 2450 1298 γονιμότητας.
2517 1228 2658 1281 Ἀλλ’
2686 1230 2786 1281 οὐκ
2814 1228 2963 1282 ἐστιν
2986 1245 2999 1260 '
3035 1231 3197 1293 αὐτὸς
3236 1231 3293 1283 δὲ
3325 1232 3533 1302 προϊὼν

1947 1321 2139 1389 ὥσπερ
2197 1320 2261 1372 ὲκ
2319 1319 2630 1391 μεταμέλου
2682 1319 2777 1389 τὴν
2811 1319 2905 1372 τοῦ
2938 1320 3149 1389 Πατρὸς
3181 1323 3370 1374 οὐσίαν
3397 1317 3540 1375 εἶναι

1948 1415 2112 1481 φήσει
2159 1409 2261 1482 τὴν
2307 1411 2482 1480 ἀρχὴν
2510 1411 2606 1463 καὶ
2635 1411 2736 1480 τὴν
2780 1411 3010 1480 δύναμιν
3045 1412 3144 1479 τῆς
3199 1415 3542 1480 παραγωγῆς

1948 1505 2057 1556 τῶν
2092 1501 2252 1560 θείων
2302 1500 2636 1570 προσώπων.
2693 1498 2810 1554 Εἶθ’
2838 1502 3028 1572 ὥσπερ
3071 1502 3198 1566 τοὺς
3260 1503 3542 1571 θεολόγους

1949 1591 2152 1655 δεδιὼς,
2219 1593 2354 1662 μήτε
2388 1591 2654 1662 προάγειν
2678 1633 2693 1656 ,
2757 1595 2897 1664 μήτε
2930 1593 3181 1661 προϊέναι
3220 1593 3320 1664 τὴν
3354 1594 3544 1647 οὐσίαν

1951 1685 2283 1754 φάσκοντας,
2319 1683 2558 1747 ξυνεῖναι
2590 1685 2756 1752 φήσει
2809 1686 2875 1754 τῇ
2905 1684 3089 1756 οὐσίᾳ,
3120 1685 3217 1740 καὶ
3246 1685 3364 1740 ἀλλ’
3406 1683 3546 1740 ἄττα

259 1785 356 1856 χίᾳ
386 1783 658 1854 περιπέσῃ
684 1783 760 1850 τῷ
786 1782 1157 1845 ὑποστατικάς
1186 1778 1254 1836 αὖ
1283 1784 1626 1852 προσειπεῖν,
1657 1782 1848 1850 ῶσπερ
1879 1854 1909 1856 _
1951 1779 2051 1847 τὴν
2077 1775 2337 1847 διαφοράν
2367 1775 2628 1829 ποιοῦντα
2661 1776 2772 1828 τῶν
2805 1776 3112 1844 δυνάμεων.

260 1854 662 1944 ἐννμεταιχμίῳ
692 1874 909 1943 ἵστησιν
939 1874 1166 1940 ταύτας,
1198 1874 1317 1927 ἀλλ’
1349 1875 1632 1945 οὐδέτερον
1655 1877 1846 1939 αὑταῖς
1876 1854 1926 1915 Β

261 1963 698 2036 προσμαρτυρεῖ,
733 1965 839 2028 ἕως
870 1964 936 2018 ἂν
960 1966 1134 2036 ἀρχάς
1167 1966 1414 2037 ὀνομάσῃ
1439 1968 1530 2018 καὶ
1553 1967 1850 2037 γονιμότη⁴

259 2058 576 2122 ταςσκοινὰς
607 2059 782 2130 [10191
813 2059 908 2112 καὶ
930 2059 1065 2129 Υίῷ,
1117 2059 1182 2112 οὑ
1221 2057 1329 2130 μὴν
1348 2059 1454 2112 καὶ
1483 2058 1562 2128 τῷ
1591 2059 1850 2128 Πνεύμαο

259 2169 338 2216 τι,
374 2152 633 2214 ἐναντίως
665 2151 763 2204 καὶ
808 2151 985 2220 τούτῳ
1031 2155 1144 2216 τοῖς
1179 2152 1549 2215 διδασκάλοις,
1589 2154 1660 2205 τά
1693 2153 1852 2206 κοινά

262 2247 441 2316 H0191
487 2245 581 2298 καὶ
617 2243 730 2315 Υἱῷ
759 2247 916 2299 κοινά
949 2245 1043 2297 καὶ
1064 2245 1142 2314 τῷ
1174 2245 1454 2314 Πνεύματι
1480 2246 1754 2314 λέγουσιν.

771 2357 1344 2413 ΔΡΙῪΡΟΠΟΥΛΟΣ.

335 2471 409 2524 Ἦ
433 2471 622 2535 κοινὰς
655 2469 758 2540 μὲν
792 2473 887 2523 καὶ
915 2469 995 2540 τῷ
1047 2473 1351 2542 Πνεύματι,
1388 2471 1504 2525 ἀλλ’
1535 2475 1593 2526 ὲν
1620 2474 1852 2539 ἐκείνοις

263 2560 367 2631 μὲν
423 2561 562 2632 μετὰ
613 2561 714 2634 τῆς
762 2562 1084 2634 ἐνεργείας,
1133 2567 1191 2620 ἐν
1239 2563 1412 2635 τούτῳ
1445 2565 1502 2618 δὲ
1533 2564 1659 2653 δίχα
1692 2569 1850 2637 ἐνερ-

263 2650 444 2718 γείας.

812 2767 1304 2826 ΔΓΑΛΛΙΑΝΟΣ.’

237 2935 240 2938 ,
337 2874 404 2930 Τί
433 2876 628 2932 τούτου
662 2881 1132 2952 τερατωδέστερον
1163 2885 1402 2956 ἤκουσεν
1438 2884 1772 2955 ἄνθρωποςς

776 2995 1346 3052 ΑΡΓΥΡΟΠΟΥΛΟΣ.

349 3109 552 3182 Ἀρχὰς
583 3111 639 3166 δέ
671 3129 805 3184 φησι
837 3115 930 3168 καὶ
965 3118 1326 3187 γονιμότητας
1367 3116 1504 3187 μήτε
1558 3117 1846 3188 παραγού-

231 3210 238 3214 ’
263 3218 385 3268 σας,
413 3203 553 3274 μήτε
591 3208 985 3277 παραγομένας
1009 3223 1024 3241 ο
1053 3209 1317 3279 ἑκάτερον
1344 3209 1456 3280 γὰρ
1485 3209 1846 3275 ὑποστάσεως
1877 3191 1922 3250 c

265 3294 397 3349 ῖδιον

827 3411 915 3465 ΔΓ
917 3413 1178 3468 ΑΛΛΙΑΝ
1184 3415 1288 3469 ΟΣ.

334 3525 558 3588 K0111;
607 3526 642 3598 ἡ
673 3525 846 3598 πολλὴ
879 3525 1086 3598 σπουδὴ
1136 3526 1394 3597 δυνάμεις
1447 3528 1705 3594 ὶπινοεῖν,
1758 3527 1855 3581 καὶ

261 3621 438 3693 ἀρχὰς
485 3610 660 3684 αὐτάς
691 3619 980 3689 ὀνομάζειν
1033 3621 1129 3672 καὶ
1179 3621 1568 3691 γονιμότητας,
1625 3623 1719 3674 καὶ
1755 3622 1854 3674 ὅσα

265 3714 458 3785 μηδεὶς
483 3715 592 3768 τῶν
624 3713 890 3781 θεολόγων
920 3713 1243 3783 ἐτόλμησεν,
1277 3714 1436 3784 εἴπερ
1458 3715 1587 3768 ίδιον
1614 3716 1851 3770 ὑποστά-

262 3824 401 3871 σεως
429 3807 489 3860 10
522 3807 788 3878 προάγειν
817 3806 848 3877 ἢ
880 3807 1172 3877 προῖέναι;
1212 3808 1322 3860 K01
1349 3807 1469 3870 πῶς
1503 3809 1562 3860 οὐ
1590 3808 1852 3863 τοσαῦται

262 3901 455 3970 ἀρχαὶ,
487 3900 610 3952 ὅσαι
635 3899 731 3951 καὶ
766 3898 1094 3960 ὑποστάσεις
1123 3900 1180 3950 αί
1211 3902 1592 3969 προάγουσαις
1632 3898 1700 3952 Ἦ
1731 3899 1851 3955 τίνα

261 3992 494 4062 δύναμιν
519 3991 737 4061 ἔχουσαι
763 3992 818 4044 αἱ
849 3989 1206 4062 ἐξευρημέναι
1240 3992 1405 4047 αὗται
1439 3996 1717 4062 δυνάμεις,
1753 3997 1853 4058 τὰς

262 4083 596 4146 ὑποστάσεις
624 4083 930 4152 ἀμέμπτως
987 4083 1356 4152 συναλείφειν,
1385 4085 1452 4153 ἣν
1474 4085 1534 4136 οὐ
1565 4084 1852 4147 Σαδέλλιος

261 4175 507 4245 ἐξευρεῖν
534 4173 840 4242 δεδύνηται,
888 4171 972 4241 ἐφ’
1003 4166 1048 4239 ᾦ
1099 4175 1195 4226 καὶ
1241 4173 1421 4235 άθῶος
1456 4174 1719 4242 γενέσθαι
1757 4175 1850 4227 τοῦ

259 4266 680 4335 κατακρίματος
705 4281 722 4332 ς
757 4265 972 4336 Τρόπον
1001 4263 1093 4317 οὐν
1121 4266 1280 4318 ἄλλον
1310 4266 1442 4335 ἡμῖν
1477 4266 1852 4335 παραδίδωσιν

259 4361 296 4430 ή
322 4358 547 4428 τοιαύτη
577 4356 686 4410 τῶν
709 4356 994 4426 δυνάμεων
1024 4357 1236 4410 ἐπίνοια
1263 4359 1579 4428 καινότερον
1602 4362 1694 4411 καὶ
1719 4360 1852 4430 ἁνή-

259 4463 490 4500 κουστον
516 4449 628 4508 τοῖς
667 4446 862 4513 ἁγίοις,
896 4445 969 4508 ὡς
1003 4445 1070 4498 ἂν
1099 4447 1244 4499 εἴποι
1288 4465 1369 4510 τις
1403 4451 1732 4518 γεννηθέντα
1756 4441 1849 4502 τὸν

2489 1887 3065 1944 ΑΡΓΥΡΟΠΟΥΛΟΣ.

2027 2008 2216 2063 Ταῦτα
2251 2007 2308 2062 δὲ
2325 1993 2448 2072 νοῦς
2475 2006 2541 2061 ἂν
2565 2001 2676 2059 εἷεν
2714 2006 2808 2060 καὶ
2837 2005 3114 2076 βούλησις.

2519 2118 2984 2175 ΔΓΑΛΛΙΑΝΟΣ.

2029 2233 2142 2286 Οὐκ
2173 2226 2270 2285 οἷδ’
2303 2231 2485 2300 ὲξότου
2530 2231 2690 2286 τοῦτο
2720 2232 2903 2285 λαδὼν
2925 2247 2938 2263 ο
2975 2233 3024 2284 εἰ
3077 2230 3176 2302 μὲν
3205 2231 3312 2301 γάρ
3342 2231 3544 2286 ταυτὸν

1957 2325 2210 2395 βούλεται
2253 2324 2351 2397 τὴν
2377 2325 2610 2394 δύναμιν
2651 2321 2792 2377 εἶναι
2824 2325 2918 2376 καὶ
2951 2322 3050 2393 τὴν
3078 2324 3287 2386 οὐσίαν,
3329 2325 3424 2376 x11
3456 2325 3548 2376 οὐ-

1955 2417 2080 2480 σίας
2109 2419 2228 2488 ἐρεῖ
2277 2416 2374 2487 τὴν
2435 2419 2565 2487 μίαν
2607 2416 2827 2477 οὐσίαν,
2863 2415 3053 2484 ὥσπερ
3085 2415 3178 2467 καὶ
3235 2416 3411 2484 ἀρχάς
3457 2418 3550 2470 καὶ

1955 2509 2214 2578 δυνάμεις
2241 2507 2413 2572 οὐσας
2460 2508 2648 2561 καλεῖ·
2683 2510 2732 2562 51
2753 2507 2808 2562 δὲ
2836 2509 2896 2560 οὐ
2929 2508 3181 2578 βούλεται
3207 2507 3387 2573 τοῦτο,
3443 2507 3544 2579 τὴν

1959 2601 2057 2672 μὲν
2083 2600 2159 2670 τῷ
2211 2602 2388 2669 110191
2435 2600 2762 2672 ὁριζομένην
2813 2601 3007 2654 οὐσίαν
3051 2596 3190 2653 εἶναι
3227 2600 3326 2670 τὴν
3371 2601 3551 2673 ἀρχὴν
3616 2607 3623 2616 “

1954 2693 2065 2746 τῶν
2095 2693 2154 2757 ἐξ
2189 2691 2356 2746 αὐτοῦ
2384 2693 2691 2763 προϊόντων
2724 2691 3060 2764 προσώπων.
3092 2691 3310 2756 Ταύτας
3345 2694 3401 2746 δὲ
3450 2697 3550 2758 τάς

1955 2784 2220 2855 δυνάμεις
2252 2784 2346 2837 καὶ
2391 2786 2758 2853 γονιμότητας
2795 2785 2860 2845 ἃς
2889 2785 3148 2850 ξυνεῖναι¹
3174 2788 3239 2855 τῇ
3275 2787 3436 2855 οὐσίᾳ
3460 2787 3550 2840 λέ-

1955 2893 2062 2945 γει,
2091 2880 2183 2929 καὶ
2218 2875 2341 2929 νοῦν
2373 2893 2430 2928 τε
2458 2877 2554 2928 καὶ
2583 2876 2844 2950 βούλησιν
2874 2877 3134 2943 ὀνομάζει
3169 2880 3554 2948 καινοτρόπως

1955 2968 2032 3032 ὡς
2064 2969 2332 3038 ίδιότητας
2355 2967 2780 3037 ὲπιθεωρεῖσθαι
2810 2972 2876 3040 τῇ
2911 2971 3092 3045 οὐσίᾳ,
3139 2967 3210 3024 ἵν’
3238 2971 3378 3043 αὕτη
3416 2973 3556 3042 μετὰ

1954 3061 2055 3132 τῆς
2089 3061 2350 3132 ἰδιότητος
2407 3061 2496 3129 εἴη
2533 3059 2836 3126 ὑπόστασις
2877 3065 3019 3136 ἁρχὴ
3079 3061 3412 3138 προακτικῆ,
3441 3067 3551 3119 ἀπὸ

1956 3153 2116 3218 ποίας
2144 3154 2392 3225 ἀνάγκης
2420 3152 2696 3221 ἀποδείξει
2736 3157 2942 3221 ταύτας
2976 3158 3077 3221 τὰς
3132 3159 3404 3230 ἰδιότητας
3435 3178 3552 3214 κοι-

1963 3249 2187 3304 νοῦσθαι
2226 3252 2319 3304 καὶ
2353 3249 2434 3321 τῷ
2495 3251 2634 3322 Υίῴ,
2673 3253 2751 3322 τῷ
2802 3251 3083 3320 Πνεύματι
3130 3252 3186 3304 δὲ
3221 3253 3339 3322 μής
3385 3249 3554 3324 Οῐμαι

1963 3341 2136 3394 πολλά
2161 3341 2354 3412 καμὼν
2384 3343 2444 3396 οὐ
2477 3343 2668 3410 δείξει,
2701 3343 2861 3413 θήσει
2891 3343 2948 3396 δὲ
2981 3343 3140 3412 μόνον
3175 3344 3345 3398 πολλὰ
3379 3346 3556 3416 σαθρά

1963 3434 2058 3488 καὶ
2098 3435 2438 3500 ἐπικίνδυνα,
2503 3439 2600 3488 καὶ
2659 3438 2724 3506 τῇ
2782 3434 3047 3506 συνηθείᾳ
3100 3435 3209 3488 τῶν
3271 3436 3544 3506 θεολόγων

1964 3526 2245 3594 ἄγνωστα.

2033 3617 2407 3687 Γονιμότητας
2433 3617 2490 3670 δὲ
2520 3617 2602 3680 τίς
2629 3634 2760 3670 ποτε
2787 3617 2895 3670 τῶν
2921 3617 3092 3686 ἁγίων
3113 3615 3235 3674 εῐπε
3258 3638 3276 3689 ;
3302 3621 3555 3693 Πηγαίαν

1967 3708 2070 3777 μὲν
2108 3706 2202 3760 οὐν
2232 3705 2364 3769 ἴσως
2395 3707 2648 3776 θεότητα,
2689 3710 2782 3761 x01
2818 3711 2979 3778 μόνον
3009 3711 3215 3780 πηγὴν,
3245 3715 3341 3764 καὶ
3375 3711 3555 3781 ῥίζαν,

1963 3803 2053 3854 καὶ
2086 3801 2289 3866 αἰτίαν,
2323 3801 2416 3854 καὶ
2453 3793 2704 3869 θεογόνον
2738 3801 2830 3854 10v
2857 3802 3076 3873 Πατέρα
3112 3802 3552 3873 μεμαθήκαμεν,

1962 3893 2159 3958 ἑνικῶς
2211 3894 2598 3964 προφερόντων
2628 3893 2807 3949 ταῦτα
2837 3894 2947 3948 τῶν
2981 3894 3272 3963 θεολόγων,
3309 3896 3390 3966 τῷ
3419 3896 3552 3963 μίαν

1961 3987 2298 4056 γονιμότητα
2356 3985 2565 4049 πάντας
2611 3986 2857 4050 εὐσεϐῶς
2891 3986 3104 4040 τιθέναι
3134 3988 3192 4040 ὲν
3229 3988 3310 4059 τῷ
3351 3992 3550 4061 Πατρὶ,

1961 4079 2059 4130 καὶ
2103 4079 2234 4148 μίαν
2261 4077 2606 4149 προακτικὴν
2641 4077 2871 4150 δύναμιν
2901 4079 2981 4150 τῷ
3007 4081 3102 4151 τῆς
3133 4081 3304 4146 ἕξεως
3335 4085 3549 4154 τρόπῳ,

1961 4171 2026 4238 τῇ
2054 4168 2191 4238 πρὸς
2220 4169 2290 4221 τά
2322 4171 2679 4240 προαγόμενοι
2730 4172 3036 4242 παραθέσει
3087 4175 3249 4244 μόνον
3283 4177 3426 4230 κατά
3456 4178 3550 4231 101

1959 4263 2061 4329 τῆς
2117 4261 2399 4328 ἐνεργείας
2459 4262 2616 4331 λόγον
2671 4264 3054 4336 δικαζομένην.
3094 4267 3307 4322 Αὐτίκα
3358 4273 3469 4340 γάρ
3522 4275 3551 4325 ὀ

1974 4351 2376 4424 Ἀρεοπαγίτης
2411 4356 2584 4423 λέγει,
2630 4355 2706 4418 ῶς
2759 4357 2964 4424 Τριάδα
2993 4359 3048 4410 δὲ
3099 4358 3190 4411 διὰ
3223 4361 3324 4431 τὴν
3354 4379 3552 4431 τρισυ-

1962 4447 2232 4498 πόστατον
2262 4449 2362 4515 τῆς
2395 4447 2728 4516 ὑπερουσίου
2761 4442 3144 4519 γονιμωτάτην
3175 4449 3462 4519 ἔκφανσιν,
3492 4454 3551 4519 ἐξ

261 4541 413 4605 Υίὸν,
448 4538 540 4591 διὰ
558 4539 655 4608 τῆς
695 4539 823 4608 μιᾶς
854 4539 1138 4607 δυνάμεως
1171 4540 1262 4592 τοῦ
1303 4540 1542 4607 110190;,
1575 4536 1696 4596 εἶτα
1722 4543 1852 4610 δρα-
1885 4567 1930 4620 D
1958 4534 2026 4609 ἧς
2059 4541 2204 4591 πάσα
2231 4541 2440 4606 πατριὰ
2466 4540 2524 4591 ὲν
2557 4540 2774 4610 οὐρανῷ
2800 4543 2901 4593 καὶ,
2935 4541 3028 4593 ἐπὶ
3061 4543 3163 4612 γῆς
3199 4543 3548 4611 ὀνομάζεται,

258 4637 498 4704 ξάμενον
529 4635 625 4686 καὶ
655 4635 753 4702 τῆς
792 4631 984 4703 ἑτέρας
1023 4633 1216 4698 αὐτοῦ,
1251 4632 1320 4685 δι’
1353 4633 1526 4704 αὐτῆς
1565 4637 1705 4704 μετὰ
1757 4636 1852 4688 τοῦ

261 4728 475 4793 Πατρὸς
527 4725 790 4795 προάγειν
854 4725 915 4779 τὸ
968 4725 1194 4795 Πνεῦμα
1246 4726 1305 4778 τὸ
1348 4724 1528 4794 ἅγιον,
1565 4729 1854 4800 ὑστερίζον

258 4822 404 4874 κατὰ
436 4821 678 4886 γένεσιν,
731 4817 867 4888 μηδὲ
919 4816 1146 4886 μετέχον
1199 4821 1343 4882 τινος
1376 4820 1486 4875 τῶν
1524 4807 1849 4890 δυνάμεων,

255 4912 454 4982 ὥσπερ
479 4911 622 4981 λόγῳ
654 4911 803 4979 μόνῳ
840 4907 1044 4979 ἀρκοῦν
1077 4911 1153 4978 τὸ,
1167 4911 1439 4965 συναῖδιον
1473 4913 1568 4965 καὶ
1597 4914 1658 4965 10
1688 4914 1850 4984 ἄχροο

255 5021 352 5057 νον
381 5003 471 5056 καὶ
500 5003 560 5055 τὸ
585 5003 872 5072 οὐδέτερον
905 5003 1093 5074 ἐτέρου
1120 5002 1395 5073 λέγεσθαι.
1420 5005 1512 5077 Μὴ
1544 5007 1762 5059 σκοπῶν
1793 5007 1850 5058 δὲ

254 5099 410 5159 ὅπως
435 5096 531 5149 καὶ
565 5095 672 5149 άπὸ
702 5096 811 5149 τῶν
849 5095 1054 5147 θέσεων
1105 5095 1280 5149 ταῦτα
1323 5098 1676 5167 ἐμφαίνοιντο
1709 5117 1850 5168 συμ-

265 5191 557 5259 τωνουσῶν
602 5191 716 5253 τοῖς
743 5188 948 5256 λόγοις,
995 5187 1134 5242 ἀλλά
1167 5189 1482 5244 τούναντίον
1519 5191 1725 5262 μᾶλλον
1754 5193 1852 5245 αὑ-

253 5284 380 5344 ταῖς
414 5297 476 5333 συ
485 5280 905 5351 μπεραίνεσθαι.

332 5375 606 5445 Δυνάμεις
649 5375 706 5426 δὲ
734 5374 1155 5448 διακρινομένας
1185 5375 1430 5440 εἰπόντα,
1470 5378 1568 5430 καὶ
1607 5378 1700 5430 τὸν
1723 5377 1850 5446 190-

252 5484 360 5520 πον
382 5467 500 5520 ἔδει·
524 5465 840 5538 προσθεῖναι
870 5468 968 5536 τῆς
998 5467 1346 5540 διακρίσεως.
1378 5467 1616 5540 Εἴχομεν
1639 5469 1752 5537 γὰρ
1785 5470 1850 5523 ἂν

250 5559 646 5628 ἐπιγινώσκειν
667 5559 828 5612 αὐτὸν
861 5561 920 5612 ὲν
939 5561 1045 5612 τίνι
1072 5560 1221 5628 γένει
1250 5559 1578 5631 διακρίσεως
1611 5564 1710 5632 τὴν
1739 5561 1850 5614 τῶν

252 5652 547 5721 δυνάμεων
582 5651 859 5722 διάκρισιν
899 5651 1151 5723 τίθησιν,
1182 5651 1258 5716 ὡς
1296 5652 1360 5706 ἐκ
1413 5669 1479 5722 γε
1535 5653 1630 5706 τοῦ
1689 5652 1847 5721 λόγου

253 5743 666 5814 πραγματικῶς
726 5743 894 5805 αὐτάς
953 5744 1276 5816 διακρίνειν.
1328 5746 1405 5798 Δι’
1468 5743 1651 5802 αὐτῶν
1715 5745 1845 5818 γὰρ,

261 5834 416 5907 τησὶ,
461 5835 853 5906 διακρινόμενα
891 5838 1162 5908 πρόσωπα
1195 5837 1530 5906 παράγεται.
1564 5837 1728 5901 Ἴσως
1751 5833 1845 5892 οὖν

1958 4633 2016 4684 ὃν
2042 4650 2208 4702 φησιν
2237 4635 2264 4684 0
2297 4633 2550 4702 Μάξιμος
2603 4633 2993 4705 ἐξηγούμενος,
3036 4638 3372 4706 γονιμότητά
3417 4656 3553 4711 φησι

1958 4725 2056 4793 τὴν
2089 4724 2368 4796 πατρικὴν
2409 4726 2552 4796 ὑπὲρ
2600 4726 2814 4780 ἔννοιαν
2873 4727 3122 4798 πρόοδον,
3160 4731 3242 4793 51;
3279 4731 3551 4800 ἐκφανσιν

1957 4816 2052 4869 τοῦ
2079 4817 2209 4870 Υἰοῦ
2246 4820 2342 4871 καὶ
2367 4817 2460 4870 τοῦ
2487 4819 2646 4888 ἁγίου
2678 4820 3020 4888 Πνεύματος.
3055 4823 3164 4876 K01
3191 4818 3350 4888 αὖθις
3375 4826 3402 4877 0
3425 4827 3551 4878 Διο-

1955 4909 2137 4970 νύσιος
2156 4923 2172 4940 ο
2213 4907 2339 4962 Ὅτι
2372 4909 2430 4961 δὲ
2459 4911 2555 4963 καὶ
2583 4912 2683 4982 τὴν
2713 4913 2913 4982 κυρίαν
2936 4913 3050 4982 ἔχει
3081 4914 3193 4969 τῶν
3224 4916 3362 4970 ὅλων
3393 4917 3427 4987 η
3448 4916 3545 4987 ὅλη

1956 4999 2144 5069 θεότης
2166 5001 2405 5072 περὶτῆς
2433 5003 2685 5072 θεογὸνου
2711 5003 2990 5075 θεότητος,
3019 5007 3169 5078 ἢτῆς
3189 5008 3397 5079 υίικῆς,
3423 5010 3547 5065 οὐδὲ

1954 5094 2128 5146 εἰπεῖν
2171 5092 2341 5158 ἔστιν,
2387 5090 2564 5164 οἶμαι.
2598 5095 2778 5150 Ὅπου
2808 5098 2900 5150 καὶ
2931 5100 3008 5168 τῷ
3041 5099 3409 5173 διαζευκτικῷ
3439 5103 3550 5156 δεί-

1956 5204 2171 5251 κνυσιν,
2213 5187 2296 5238 ὅτι
2331 5189 2391 5238 οὐ
2425 5187 2674 5257 βούὶεται
2722 5190 2799 5260 τῷ
2830 5191 2937 5261 Υἱῴ
2969 5195 3256 5264 προσεῖναι
3305 5196 3443 5259 ὅλως
3486 5196 3547 5248 10

1956 5280 2226 5348 θεογὸνον.
2255 5281 2364 5334 K01
2392 5282 2419 5332 0
2444 5282 2622 5351 μέγας
2661 5283 2981 5347 Ἀθανάσμος
2999 5301 3018 5318 ο
3047 5287 3227 5348 Μόνος
3250 5289 3548 5355 ἀγέννητος

1954 5373 2049 5425 καὶ
2075 5374 2236 5442 μόνος
2272 5375 2426 5444 πηγὴ
2460 5374 2714 5442 θεότητος
2747 5379 2772 5428 0
2806 5377 3020 5448 Πατήρ.
3064 5379 3175 5430 K11
3229 5381 3258 5430 0
3285 5375 3546 5445 Θέο).όγος

1954 5467 2288 5537 Γρηγόριος·
2309 5467 2403 5531 Εἰς
2433 5465 2491 5520 ἓν
2523 5467 2696 5523 αἴτιον
2725 5469 2816 5524 10v
2845 5471 3068 5537 Πατέρα
3084 5470 3214 5522 Υίοῦ
3251 5472 3344 5524 καὶ
3374 5471 3547 5524 Πνεύ-

1956 5575 2125 5628 ματος
2150 5558 2598 5630 ἀναφερομένων.
2635 5562 2742 5612 K01
2768 5562 2797 5613 0
2834 5560 3104 5632 Κύριλλος
3127 5577 3140 5591 ο
3180 5561 3304 5623 Πῶς
3337 5561 3398 5614 οὐ
3428 5562 3545 5632 ζωὴ

1950 5651 2012 5704 10
2043 5650 2202 5720 ῥίζαν
2234 5651 2359 5722 ἔχον
2381 5652 2482 5723 τὴν
2515 5651 2664 5719 ζωὴν
2694 5652 2788 5706 καὶ
2825 5656 3010 5724 πηγὴν
3047 5653 3239 5722 ὥσπερ
3269 5651 3392 5706 τινὰ
3442 5653 3545 5725 τὴν

1951 5747 2230 5815 ἀκήρατον
2275 5746 2372 5799 καὶ
2420 5747 2622 5810 παντὸς
2667 5748 2931 5799 ἐπέκεινα
2979 5745 3246 5817 γεννητοῦ
3274 5745 3369 5799 τοῦ
3405 5745 3544 5800 Θεοῦ

1952 5838 2201 5906 φύσεως
2253 5840 2364 5894 K01
2414 5835 2572 5902 αὖθις
2597 5854 2611 5869 ·
2643 5839 2706 5892 E1
2736 5836 3024 5909 γνώρισμα
3052 5837 3151 5910 τῆς
3188 5837 3285 5902 τοῦ
3327 5838 3544 5909 Πατρδς
