4034 6456
529 404 666 470 1023

1731 404 2138 468 T-HEODORI
2182 402 2606 465 AGALLIANI

3652 409 3770 477 ιιει

524 521 622 573 καὶ
649 517 705 572 αἰ
732 514 950 584 πρόοδοι
979 515 1082 586 τῆς
1103 515 1182 578 εἰς
1215 515 1392 570 πάντα
1420 513 1682 587 προνοίας
1710 515 1899 570 αὑτοῦ.
1943 535 1960 568 ι
2005 515 2116 570 Καὶ
2145 521 2188 577 Α
2224 511 2542 583 βουλήσεως
2583 512 2678 566 τοῦ
2730 478 2868 566 Θεοῦ
2916 511 3093 584 λέγων
3125 515 3196 569 τὰ
3239 517 3530 588 κτίσματα.
3562 515 3650 575 Ἐν
3677 526 3770 597 γὰρ

522 613 553 664 ὁ
599 609 983 680 Δαμασκηνός·
1029 626 1048 660 ι
1085 609 1290 677 Ἔργον
1341 607 1440 677 μὲν
1476 608 1627 670 θείας
1665 608 1944 679 φύσεωςή
1982 625 2116 679 προ-

415 702 424 710 ’
525 701 744 765 αιώνιος
777 700 873 756 καί
914 701 1088 764 ἀΐδιος
1120 701 1375 773 γέννησις
1423 700 1516 753 καὶ¹
1562 700 1915 770 ὲκπόρευσις,
1952 701 2115 770 ἔργον

404 791 416 802 ⁹
522 792 582 844 δὲ
610 791 762 854 Θείας
813 790 1088 862 θελήσεως
1120 792 1153 862 ή
1185 790 1386 854 κτίσις.
1423 809 1442 843 ι
1480 791 1591 844 Καὶ
1622 792 1655 860 ή
1690 789 1728 844 ε’
1765 792 1983 855 σύνοδος
2005 791 2116 844 τῶν

524 883 927 954 οίκουμενικῶν
971 883 1119 936 οὕτω
1150 883 1321 953 λέγει·
1361 900 1383 934 ‹
1425 882 1486 936 '0
1517 883 1675 949 Θεὸς,
1709 885 1876 953 φησὶν
1903 887 1931 936 ὁ
1972 884 2116 952 Ὠρι-

525 976 716 1046 γένης,
761 975 870 1028 ἀπὸ
918 975 1010 1029 τοῦ
1067 975 1143 1045 μὴ
1178 975 1392 1039 κτίζειν
1412 973 1610 1028 ’ἐλθὼν
1655 977 1736 1038 είς
1778 974 1838 1028 τὸ
1884 975 2114 1040 κτίζειν,

529 1067 752 1128 πάντας
776 1064 992 1136 ἐτράπη
1018 1065 1110 1134 ἀφ’
1139 1065 1328 1134 ἑτέρου
1356 1066 1435 1127 εἰς
1461 1064 1672 1136 ἕτερον,
1697 1066 1858 1135 ἡμεῖς
1883 1065 1940 1118 δὲ
1963 1065 2121 1132 λέγο-

532 1173 632 1227 μεν
664 1157 748 1210 ὅτι
779 1157 839 1210 οὐ
875 1157 1021 1209 κατὰ
1059 1157 1160 1227 τὴν
1195 1156 1359 1224 φύσιν
1404 1157 1642 1227 ἐτράπης
1679 1157 1814 1210 ἀλλὰ
1852 1157 1991 1209 κατά
2017 1157 2118 1225 τὴν

523 1249 834 1318 ἐνέργειαν·
869 1250 1073 1318 μᾶλλον
1103 1249 1159 1303 δὲ
1193 1249 1313 1302 οὐδὲ
1343 1249 1468 1302 κατ’
1501 1249 1676 1319 αὐτήν
1701 1263 1715 1277 ·
1750 1243 1864 1319 εἶχε
1898 1249 2004 1318 γὰρ
2032 1251 2118 1300 ἀεὶ

491 1334 494 1336 ’
524 1340 625 1410 τὴν
654 1340 890 1412 δύναμιν
918 1342 1016 1395 τοῦ
1052 1341 1265 1405 κτίζειν
1289 1343 1383 1395 καὶ
1419 1341 1800 1412 δημιουργεῖν·
1831 1341 2116 1414 ὲνηργήθη

525 1433 637 1501 γάρ
667 1435 699 1502 ή
729 1433 955 1502 τοιαύτη
983 1433 1215 1501 δύναμις
1247 1434 1336 1486 ὅτε
1369 1431 1674 1503 ἠϐουλήθη.
1714 1450 1734 1483 ι

601 1527 676 1577 Οὺ
708 1524 928 1594 συνᾴδει
955 1527 1070 1588 τοῖς
1099 1524 1346 1593 Πατράσι
1377 1523 1589 1585 τούτοις
1613 1522 1708 1576 καὶ
1737 1517 1891 1585 οὗτος
1918 1516 2114 1592 οἷσπερ

529 1617 686 1671 αὐτοὶ
715 1617 846 1686 περὶ
874 1616 982 1669 τῶν
1012 1615 1332 1684 κτισμάτων
1356 1617 1778 1685 ἀποφαίνονται,
1809 1615 1984 1668 ταῦτα
2022 1616 2116 1666 καὶ

529 1708 693 1771 αὐτὸς
719 1710 851 1778 περὶ
884 1711 984 1778 τῆς
1009 1708 1236 1778 πρόοδον
1261 1706 1354 1760 τοῦ
1379 1709 1538 1776 ἁγίου
1570 1709 1712 1763 Πνεῦ
1723 1725 1892 1778 ματος
1916 1707 2112 1776 λέγων.

529 1799 660 1852 ’νοτε
702 1800 831 1868 γὰρ,
884 1800 1040 1870 φησί,
1080 1801 1320 1868 παράγει
1371 1802 1431 1853 τὸ
1479 1801 1706 1869 Πνεῦμα
1739 1803 1764 1853 ὁ
1818 1801 2028 1868 Πατὴρ»
2079 1800 2112 1868 ἡ

527 1863 1084 1963 συνοῦσαντῇνοὺσίᾳ
1125 1863 1406 1964 βούλησις,
1435 1893 1578 1963 ἀρχὴ
1630 1863 1727 1947 καὶ
1773 1863 2019 1960 δύναμις
2047 1863 2193 1944 δέΒ

525 1985 808 2053 ἐνεργείας
833 1985 932 2050 τῆς
968 1983 1264 2054 προ-ϐολῆς,
1299 1985 1332 2056 ἢ
1385 1985 1688 2048 πνεύσεως,
1733 1984 1944 2051 γίνεςαι
1977 2000 2120 2056 παρ-

523 2077 726 2146 ακτικὴ
775 2077 925 2130 αἰτία
985 2076 1089 2146 τῆς
1132 2077 1226 2130 τοῦ
1283 2078 1440 2145 ἁγίου
1491 2077 1813 2146 Πνεῦματος
1872 2076 2115 2130 ὑποστά-

525 2185 687 2232 σεως.
757 2167 923 2223 Ἀλλά
975 2169 1043 2222 τὰ
1097 2171 1195 2240 μὲν
1238 2169 1492 2222 ἐντεῦθεν
1547 2169 1748 2232 ἄτοπα,
1811 2167 2012 2236 μᾶλλον
2060 2168 2119 2220 δὲ

527 2261 833 2331 βλάσφημα
857 2263 996 2314 πᾶσι
1024 2260 1181 2328 δῆλα,
1215 2261 1311 2314 καὶ
1338 2260 1398 2312 οὐ
1414 2261 1504 2312 δεῖ
1538 2257 1880 2325 πολυλογεῖν·
1907 2257 2120 2327 δικάζει

527 2355 582 2406 δὲ
607 2356 704 2406 καὶ
738 2355 838 2423 τήν
862 2353 1118 2424 βούλησιν
1150 2353 1287 2406 καθό
1323 2355 1440 2406 ἐστι
1471 2354 1616 2422 ἀρχή
1649 2369 1834 2416 τινων,
1875 2352 1955 2412 είς
1991 2352 2122 2403 αὐτ-

556 2441 810 2506 εξούσιον
842 2443 1015 2512 αὐτὴν
1037 2440 1233 2494 διελὼν
1264 2443 1360 2494 καὶ
1391 2441 1822 2512 ὴναγκασμένην
1852 2441 1998 2504 τινὰ,
2019 2441 2121 2492 οὐκ

530 2528 652 2586 οἶδα
680 2531 842 2586 ποίαν
865 2534 991 2587 τινὰ
1025 2533 1200 2601 λέγων
1223 2533 1514 2602 ἑκατέραν·
1551 2533 1762 2604 προῖὼν
1796 2534 1905 2601 γάρ
1927 2549 2120 2603 φησιν,

533 2627 646 2694 Οὐχ
689 2625 765 2688 ὡς
801 2625 947 2696 ἀρχὴ
993 2625 1370 2692 αὐτεξούσιος,
1424 2620 1541 2678 ἀλλ)
1579 2624 1654 2687 ὡς
1700 2626 1982 2693 ἀναγκαία
2028 2624 2122 2678 καὶ

421 2754 428 2757 -
532 2719 736 2788 φυσική
761 2735 847 2781 τις
877 2717 1114 2788 δύναμις
1145 2722 1240 2772 καί
1266 2718 1433 2788 ἀρχὴ,
1463 2713 1562 2769 εἶτ’
1592 2717 1812 2785 ἐπάγει.

1032 2854 1611 2908 ΔΡΓΥΡΟΠΟΥΛΟΣ.

595 2965 688 3017 Διὸ
720 2964 859 3033 πρὸς
903 2965 1014 3018 τῶν
1065 2963 1467 3032 θεολογούντων
1507 2967 1698 3050 ἀγάπη
1746 2965 1808 3017 τὸ
1851 2963 1996 3018 θεῖον
2032 2963 2122 3015 κέ-

526 3057 726 3129 κληται
759 3058 1007 3130 Πνεῦμα·
1039 3060 1142 3128 τῆς
1195 3060 1303 3130 γὰρ
1355 3061 1583 3129 ἀγάπης
1632 3060 1664 3128 ή
1711 3059 1947 3127 δύναμις
1997 3057 2122 3127 βού-

523 3148 706 3220 λησις.

1089 3285 1553 3340 ΑΓΑΛΛῘΑΝΟΣ.

598 3398 798 3462 Καλῶς
841 3399 953 3471 ἄρα
1002 3398 1289 3470 ἐλέγομεν,
1333 3401 1536 3471 μᾶλλον
1564 3401 1622 3454 δὲ
1671 3403 1720 3456 οἰ
1751 3402 2013 3473 θεολόγοι,
2059 3404 2124 3458 Ἦ

528 3496 670 3566 πρὸς
697 3495 799 3567 τὴν
824 3495 1192 3567 δημιουργίαν
1226 3496 1404 3559 κτίσις
1431 3495 1528 3549 τοῦ
1560 3496 1669 3550 τῶν
1693 3498 1829 3553 ὅλων
1861 3498 1997 3552 Θεοῦ
2025 3499 2122 3551 τοῦ

527 3595 794 3663 ἀκινήτου
831 3593 981 3644 ἐστὶν
1013 3592 1046 3662 ή
1095 3590 1358 3662 βούλησις
1387 3590 1579 3656 αὑτοῦ,
1609 3579 1734 3662 ἣτις
1766 3593 1828 3645 οὐ
1870 3595 1970 3665 μιᾷ
2007 3593 2123 3646 τῶν

527 3687 690 3740 θείων
715 3684 1078 3739 ὑποστάσεων
1105 3683 1440 3757 ἀφώρισται·
1470 3684 1626 3753 κοινὴ
1652 3685 1762 3754 γάρ
1791 3686 1942 3738 ἐστιν
1967 3686 2125 3757 ἐνέρ-

527 3794 653 3844 γεια
685 3778 782 3831 καὶ
829 3777 929 3846 μία
966 3773 1202 3844 δύναμις
1237 3753 1275 3844 Ϋή
1320 3753 1888 3845 δγπιιουργικήξῚδοὺ
1921 3776 2031 3844 γὰρ
2061 3753 2123 3828 τὸ

527 3871 669 3924 θεῖον
721 3869 946 3940 Πνεῦμα
1009 3868 1354 3939 κεκλημένον
1413 3870 1678 3938 ἀγάπην,
1713 3867 1946 3938 δύναμιν
2009 3868 2124 3938 ἔχει

526 3965 884 4033 παρακτικὴν
914 3963 1112 4017 ἑαυτοῦ
1146 3965 1247 4034 τὴν
1281 3961 1564 4033 βούλησιν·
1607 3965 1705 4015 καὶ
1734 3962 1998 4014 οὐδέποτε
2031 3961 2126 4014 τὸν

530 4054 707 4126 ῥύπον
732 4056 926 4110 τοῦτον
950 4058 1310 4127 ἀπονίψονται
1340 4058 1564 4110 Λατῖνοι
1584 4055 1680 4110 τοῦ
1710 4055 1893 4125 λέγειν
1916 4055 2125 4126 κτίσμα

515 4149 595 4201 ’τὸ
629 4147 856 4218 Πνεῦμα
878 4147 942 4201 τὸ
971 4148 1152 4216 ἅγιον,
1185 4150 1312 4202 ἐπεὶ
1339 4151 1435 4202 καὶ
1463 4152 1527 4203 ὲκ
1555 4153 1655 4220 τῆς
1689 4150 2003 4221 βουλήσεως
2029 4148 2123 4202 τοῦ

530 4242 670 4297 Θεοῦ
702 4242 990 4309 δοξάζουσι
1022 4242 1398 4312 παράγεσθαι.

1037 4379 1618 4434 ΑΡΙῪΡΟΠΟΥΛΟΣ.

603 4492 832 4565 Ξυνᾴδει
872 4493 952 4557 δὲ,
988 4494 1144 4563 φησὶ,
1177 4495 1248 4546 τὰ
1296 4493 1572 4562 λεγόμενα
1617 4495 1738 4554 ταῖς
1781 4493 1890 4545 τῶν
1938 4493 2122 4544 θεολο-

2219 623 2344 674 κεφ.
2365 607 2458 660 τοῦ
2482 605 2623 675 Περί
2641 605 2884 674 τριάδος
2901 606 3130 678 βιϐλίου,
3153 611 3594 676 Καταγέλαστος,
3609 618 3774 685 φησὶν,

2218 699 2252 768 ή
2286 698 2555 767 Εὐνομίου
2587 699 2907 768 διαλεκτικὴ
2955 701 3016 765 ἐξ
3042 697 3105 754 οῦ
3154 706 3201 756 οί
3237 703 3564 773 Εὑνομιανοί
3595 707 3774 776 αἱρετι-

2222 789 2311 840 κοὶ
2338 789 2675 858 ἀνεφύησαν.
2709 790 2806 851 Ὃς
2840 790 2916 865 μὴ
2948 791 3202 862 δυνηθεὶς
3230 792 3444 860 νοῆσαι,
3480 792 3513 863 ἢ
3569 793 3640 863 μὴ
3672 795 3776 863 βου-

2219 878 2408 948 ληθεὶς
2439 879 2751 948 πιστεῦσαι,
2785 880 2877 935 τὸν
2911 887 3177 955 μονογενῆ
3210 884 3304 937 τοῦ
3346 885 3481 938 Θεοῦ
3515 886 3697 954 Λόγον,
3722 887 3778 941 δι’

2219 965 2283 1024 οῦ
2329 973 2398 1026 τὰ
2430 971 2612 1026 πάντα
2651 972 2890 1040 ἐγένετο,
2923 973 3015 1027 τοῦ
3062 976 3200 1028 Θεοῦ
3252 977 3380 1030 Υἱὸν
3426 973 3574 1032 εἶναι
3619 978 3777 1044 φύσει,

2219 1063 2506 1116 τουτέστιν
2537 1065 2601 1117 ἐκ
2626 1064 2950 1133 τῆςιούσίας
2980 1066 3074 1118 τοῦ
3107 1067 3320 1138 Πατρὸς
3352 1067 3700 1135 γεννηθέντα,
3728 1070 3781 1122 οὐ

2219 1155 2320 1225 τῆς
2348 1155 2566 1223 φύσεως
2593 1155 2624 1223 ῆ
2651 1157 2750 1225 τῆς
2777 1157 2968 1220 οὐσίας
2999 1153 3154 1210 εἶπεν
3187 1153 3329 1211 εἶναι
3356 1159 3508 1223 Υίὸν,
3541 1160 3670 1231 ἀλλά
3698 1163 3782 1226 τῆς

2223 1247 2501 1316 θελήσεως
2531 1248 2625 1301 τοῦ
2660 1247 2818 1301 Θεοῦ·
2858 1248 3276 1320 συμϐεϐηκυῖαν
3302 1251 3552 1322 δηλονότι
3581 1253 3654 1323 τῷ
3682 1254 3783 1324 Θεῷ

2224 1339 2554 1410 βουλόμενος
2607 1343 2962 1412 μαρτυρῆσαι
3005 1343 3227 1413 θέλησιν
3264 1346 3389 1397 καθ’
3437 1345 3508 1416 ἢν
3548 1348 3781 1417 ἐγέννησε

2222 1435 2317 1486 τὸν
2352 1435 2502 1486 Υίόν.

2297 1525 2418 1587 Πῶς
2449 1520 2543 1578 οῦν
2575 1526 2739 1589 αὐτὸς
2766 1525 2874 1580 τῶν
2926 1529 3223 1598 αἱρετικῶν
3271 1532 3599 1599 καταγελῶν
3633 1532 3783 1586 ταῦτα

2220 1615 2512 1684 λεγόντων,
2559 1619 2672 1681 τοῖς
2704 1619 2919 1688 ὁμοίοις
2969 1620 3037 1674 ἂν
3093 1624 3419 1693 περιέπεσεν
3436 1641 3452 1692 ;
3504 1619 3574 1696 ἦν
3605 1625 3706 1694 γὰρ
3731 1625 3786 1678 ἂν

2219 1709 2393 1779 δήπου
2424 1710 3062 1778 καταγελαστότερος.“0
3084 1714 3138 1767 δὲ
3165 1715 3313 1783 λέγει
3338 1718 3466 1786 περί
3496 1733 3556 1768 τε
3586 1720 3785 1786 μνήμης

2222 1804 2317 1855 καὶ
2343 1801 2620 1870 θελήσεως
2650 1803 2751 1856 οὐκ
2783 1803 2891 1856 ἀπὸ
2915 1805 3011 1872 τῆς
3043 1806 3265 1878 Γραφῆς
3288 1808 3434 1878 ἔχειν
3459 1809 3786 1871 διατείνεται,

2222 1893 2317 1962 ἀφ’
2351 1894 2544 1948 ἑαυτοῦ
2578 1894 2633 1947 δὲ
2681 1895 2942 1964 συνάγειν
2977 1899 3214 1972 ὲπιϐόλῳ
3258 1900 3367 1955 τινὶ
3408 1900 3658 1972 λογισμῷ
3694 1901 3787 1954 ἀπὸ

2223 1989 2320 2056 τῆς
2351 1987 2578 2056 κτιστῆς
2629 1987 2838 2052 εἰκόνος
2869 1989 2962 2042 τοῦ
2995 1991 3154 2057 Θεοῦ,
3182 1993 3216 2064 ἦ
3247 1995 3396 2047 ἐστιν
3425 1993 3456 2048 ὁ
3502 1993 3788 2063 ἄνθρωπος,

2223 2079 2476 2132 εἰκασίαν
2507 2078 2634 2132 τινὰ
2667 2080 2998 2150 παραδιδοὺς
3028 2083 3122 2136 τοῦ
3155 2085 3413 2138 ἀκτίστου
3446 2083 3588 2137 Θεοῦ
3625 2099 3787 2154 παραυ

2224 2171 2449 2226 κατιών.
2500 2172 2589 2224 Ἐν
2621 2172 2731 2244 γάρ
2762 2174 2840 2244 τῷ
2873 2175 3029 2246 αὐτῷ
3067 2175 3348 2247 κεφαλαίῳ
3369 2170 3548 2244 οὗπερ
3582 2175 3787 2247 ἔναγχος

2223 2265 2606 2334 ἐμνήσθημεν,
2632 2265 2778 2318 οὕτω
2809 2268 3000 2334 φησίν·
3041 2286 3061 2320 ι
3103 2267 3265 2321 Ἀλλά
3293 2271 3423 2340 περὶ
3451 2272 3554 2342 τῆς
3582 2270 3788 2330 κτίσεως

2223 2354 2578 2426 ἢνὲποίησεν
2605 2358 2632 2410 ὁ
2664 2357 2821 2423 Θεὸς,
2852 2359 3049 2413 ὁπόσον
3083 2353 3187 2413 οἷοί
3212 2377 3268 2413 τε
3312 2360 3608 2431 γενόμεθα,
3642 2360 3789 2414 ὲδιδάρ

2223 2448 2398 2518 ξαμεν
2448 2451 2576 2512 τοὺς
2623 2448 2782 2518 λόγον
2825 2450 2954 2520 περὶ
2999 2451 3108 2505 τῶν
3151 2453 3412 2507 τοιούτων
3466 2452 3788 2522 πραγμάτων

2221 2537 2615 2606 ἀπαιτοῦντας,
2655 2540 2731 2603 ὡς
2759 2540 2829 2594 τὰ
2858 2540 3067 2612 ἀόρατα
3098 2543 3264 2595 αὑτοῦ
3291 2543 3380 2596 διὰ
3423 2543 3541 2596 τῶν
3590 2542 3787 2612 γεγονό-

2223 2631 2333 2686 τὼν
2363 2633 2598 2688 καθόσον
2621 2634 2885 2690 δύνανται
2913 2638 3182 2707 νοούμενα
3223 2637 3490 2709 καθορᾷν,
3531 2636 3623 2692 καὶ
3647 2638 3788 2707 μάλι-

2225 2741 2330 2778 στα
2369 2725 2461 2778 διὰ
2498 2726 2598 2795 τῆς
2648 2724 2938 2799 λογικῆςῆ
2977 2729 3172 2800 νοερᾶς
3207 2731 3462 2794 κτίσεως,
3519 2727 3618 2799 τῆς
3657 2745 3787 2797 γενο-

2227 2818 2398 2887 μένης
2431 2817 2551 2872 κατ’
2600 2819 2787 2873 εἰκόνα
2816 2821 2976 2887 Θεοῦ,
3006 2822 3076 2875 δι’
3105 2818 3164 2874 οῦ
3205 2821 3393 2894 ὥσπερ
3426 2819 3501 2874 δι’
3544 2821 3784 2890 ἐσόπτρου

2221 2909 2418 2964 ὁπόσον
2448 2911 2731 2978 δύνανται,
2753 2914 2872 2982 εῐγε
2898 2913 3153 2967 δύνανται
3183 2914 3402 2984 βλέπειν
3428 2914 3525 2969 τὸν
3555 2915 3682 2968 Θεὸν
3703 2913 3785 2983 τήν

2223 3003 2432 3073 Τριάδα
2465 3005 2522 3058 ὲν
2557 3007 2621 3074 τῇ
2660 3006 2910 3076 ήμετέρᾳ
2945 3007 3156 3077 μνήμῃ,
3190 3009 3282 3060 καὶ
3309 3008 3376 3077 τῇ
3405 3009 3596 3078 νοήσει
3621 3005 3706 3061 καὶ
3727 3007 3782 3076 τῇ

2223 3092 2466 3163 θελήσειζ
2493 3093 2686 3147 Ταῦτα
2731 3095 2787 3148 δὲ
2821 3099 2888 3148 τὰ
2912 3096 3041 3166 τρία
3077 3099 3134 3149 ὲν
3164 3096 3241 3166 τῷ
3273 3095 3422 3168 αὐτῷ
3448 3097 3538 3152 νοῒ
3567 3095 3786 3166 φυσικῶς

2184 3220 2190 3262 ε
2225 3183 2410 3238 θεόθεν
2457 3185 2865 3258 καθεστηκότα,
2917 3186 3151 3252 ἕκαστος
3185 3188 3415 3258 ζωηρῶς
3456 3188 3675 3259 θεωρεῖ,
3708 3187 3788 3240 καὶ

2229 3276 2396 3331 πόσον
2422 3280 2566 3348 μέγα
2590 3280 2738 3331 ἐστὶν
2770 3281 2828 3332 ὲν
2857 3279 3029 3348 αὐτῷ,
3060 3280 3193 3334 ἔνθα
3220 3283 3431 3350 πέφυκε
3458 3284 3557 3335 καὶ
3585 3281 3787 3352 ήάΐδιος

2225 3371 2321 3423 καὶ
2356 3371 2741 3443 ἀμετάϐλητος
2786 3373 2944 3428 οὐσία
2980 3375 3442 3445 μνημονεύεσθαι,
3478 3377 3577 3429 καὶ
3615 3374 3786 3445 βλέπε-

2227 3461 2375 3528 σθαι,
2420 3462 2512 3514 καὶ
2558 3462 2975 3534 ὲπιθυμεῖσθαι.
3009 3463 3521 3536 Ἀναμιμνήσκεται
3573 3463 3680 3535 γάρ
3708 3459 3786 3515 Eli

2224 3548 2326 3617 τῆς
2367 3549 2615 3618 μνήμης,
2663 3549 2922 3620 βλέπεται
2956 3551 3045 3606 διὰ
3085 3554 3186 3623 τῆς
3232 3555 3500 3625 νοήσεως,
3554 3551 3786 3625 περιϐάλ-

2227 3641 2377 3694 λεται
2410 3642 2498 3695 διὰ
2526 3645 2627 3712 τῆς
2657 3644 2902 3714 ἀγάπης,
2932 3648 3028 3698 καὶ
3054 3646 3400 3700 παντάπασιν
3431 3649 3676 3718 εὑρίσκει
3700 3645 3788 3715 τῆς

2227 3735 2407 3805 ἄκρας
2433 3735 2664 3805 Τριάδος
2693 3737 2793 3807 τὴν
2818 3737 3053 3793 εἰκόνα.ι
3084 3740 3193 3791 Καὶ
3216 3738 3372 3802 αὖθις
3396 3742 3452 3793 ὲν
3474 3739 3556 3811 τῷ
3577 3737 3660 3808 κγ’
3679 3754 3787 3806 καφ.

2236 3842 2254 3875 ι
2291 3826 2398 3878 Καὶ
2447 3827 2556 3897 γὰρ
2607 3828 2703 3880 καὶ
2737 3829 2930 3898 μνήμη
2965 3830 3058 3883 τοῦ
3095 3831 3409 3901 ἀνθρώπου,
3442 3832 3542 3886 καὶ
3577 3831 3786 3902 μάλιστα

2230 3917 2298 3986 ἢν
2331 3917 2433 3970 οὐκ
2461 3918 2574 3987 ἔχει
2606 3921 2674 3970 τά
2703 3921 2897 3990 κτήνη,
2949 3921 3231 3976 τουτέστιν
3281 3921 3407 3976 καθ’
3432 3927 3500 3994 ἧν
3549 3923 3615 3976 τά
3647 3937 3788 3991 νοητι

2233 4011 2542 4080 πράγματα
2601 4010 2744 4064 οὕτω
2797 4013 3139 4082 περιέχεται,
3199 4015 3274 4077 ὼς
3331 4016 3404 4084 μὴ
3452 4017 3589 4084 πρὸς
3639 4017 3786 4079 αὐτὴν

2228 4103 2318 4155 διὰ
2349 4104 2462 4156 τῶν
2495 4102 2590 4155 τοῦ
2638 4103 2893 4175 σώματος
2926 4107 3239 4176 αἰσθήσεων
3270 4106 3551 4177 ἔρχεσθαι,
3581 4104 3715 4160 κατὰ
3737 4103 3786 4156 τὸ

2233 4194 2436 4266 μέτρον
2482 4196 2686 4267 ὲαυτῇς
2733 4196 2847 4267 ἔχει
2878 4199 2939 4251 ὲν
2968 4197 3095 4268 τῇδε
3121 4201 3186 4270 τῇ
3222 4198 3327 4269 τῆς
3359 4200 3590 4268 Τριάδος
3619 4197 3784 4260 εἰκόνι,

2231 4290 2588 4360 ἁσυγκρίτως
2617 4291 2718 4358 μὲν
2747 4291 3023 4360 ἀνόμοιον,
3046 4293 3195 4363 ὅμως
3221 4294 3278 4346 δὲ
3304 4294 3680 4364 ὁποιανδήτινα
3706 4286 3786 4343 τοῦ

2235 4383 2446 4453 ΙΙατρδς
2479 4382 2799 4453 ὁμοιότητα.
2833 4383 2955 4435 Ἔτι
2982 4383 3039 4436 δὲ
3071 4386 3168 4439 καὶ
3197 4387 3230 4455 ή
3264 4385 3448 4456 νόησις
3473 4387 3569 4438 τοῦ
3601 4381 3785 4454 ἀνθρὼ-

2234 4492 2360 4539 που,
2385 4477 2418 4546 ή
2443 4475 2531 4528 διὰ
2550 4477 2652 4547 τῆς
2679 4477 2773 4531 τοῦ
2803 4477 3072 4548 λογισμοῦ
3100 4476 3413 4548 προθέσεως
3435 4478 3641 4530 ἐκεῖθεν
3669 4489 3785 4543 pop-

501 4563 779 4662 _70-Jvt00v
811 4591 1040 4659 φωναῖς,
1087 4589 1186 4658 οὐχ
1212 4580 1378 4659 ἦττον
1413 4587 1469 4638 δὲ
1513 4589 1627 4648 τοῖς
1671 4586 1986 4655 εἰρημένοις
2019 4585 2124 4637 ὑπὸ
2158 4566 2200 4619 D
2233 4568 2506 4662 φουμέγτίν
2541 4570 2764 4622 ἐπειδὰν
2804 4569 2833 4622 δ
2881 4571 3214 4662 γινώσκεται
3255 4569 3502 4662 λέγηται.
3539 4569 3633 4622 καὶ
3671 4563 3782 4636 μηδὲ

532 4683 626 4736 τοῦ
656 4682 806 4754 ἰεροῦ
842 4681 1215 4750 Αὑγουστίνου
1243 4685 1300 4732 ἐν
1349 4679 1428 4749 τῷ
1467 4682 1594 4749 περὶ
1645 4680 1878 4748 Τριάόος
1909 4678 2122 4748 βιϐλίῳ,

533 4779 590 4831 ἐν
616 4772 696 4838 οἷς
737 4778 828 4829 καὶ
858 4779 1085 4846 μνήμην
1128 4776 1230 4843 μὲν
1260 4776 1359 4844 τὴν
1391 4777 1743 4844 γεννητικὴν,
1779 4773 2035 4845 βούλησιν
2068 4773 2126 4824 δὲ

534 4870 635 4942 τὴν
668 4870 1010 4939 πνευστικὴν
1042 4871 1269 4922 ἐκάλεσε
1301 4869 1556 4938 δύναμιν.

1097 5009 1564 5063 ΑΓΑΛΛΙΑΝΟΣ.

609 5124 714 5178 Φεῦ
764 5128 862 5194 τῆς
912 5126 1314 5195 συκοφαντίαςί
1355 5128 1466 5180 Καὶ
1501 5129 1647 5190 τίνες
1701 5128 1809 5181 τῶν
1860 5129 2126 5199 θεολόγων

537 5218 638 5282 τὰς
670 5205 860 5286 φωνὰς
887 5220 1091 5283 ταύτας
1120 5221 1450 5290 παρέδωκαν
1482 5215 1569 5283 αἶς
1616 5221 1835 5292 συνᾴδει
1870 5222 1937 5274 τά
1969 5222 2127 5290 λεγό-

538 5326 716 5380 μενα;
747 5310 936 5375 Οὐδεὶς
965 5311 1161 5380 δήπου.
1196 5313 1489 5367 Διαϐάλλει
1524 5313 1634 5382 γὰρ
1679 5314 1774 5388 καὶ
1816 5315 1908 5366 τὸν
1945 5331 2128 5384 μακαο

539 5403 812 5472 ριώτατον
859 5405 1250 5474 Αὑγουστῖνον,
1288 5407 1364 5469 ὠς
1408 5406 1673 5474 δυνάμεις
1714 5404 2126 5459 καλοῦντα-τοῦ

535 5497 751 5568 Πατρός
801 5497 900 5568 τὴν
955 5501 1182 5569 μνήμην
1232 5499 1326 5550 καὶ
1374 5499 1474 5566 τὴν
1538 5498 1820 5568 βούλησιν,
1877 5499 1978 5567 τὴν
2031 5497 2129 5567 μὲν

2233 4662 2358 4730 μιᾶ,
2381 4659 2650 4731 γλώττης,
2670 4662 2807 4715 ἀλλά
2830 4658 3112 4733 καρδίας
3138 4661 3316 4729 λόγος,
3343 4661 3457 4731 ἔχει
3475 4663 3533 4718 ὲν
3551 4665 3617 4731 τῇ
3634 4662 3783 4725 οἰκείᾳ

2233 4753 2445 4822 μεγάλῃ
2496 4755 2846 4824 ἀνομοιότητι
2895 4753 2990 4808 καί
3035 4771 3158 4809 τινα
3206 4755 3500 4824 ὁμοιότητα
3532 4755 3625 4809 τοῦ
3653 4751 3781 4804 Tim).

2235 4851 2342 4898 hau.
2382 4847 2446 4914 δὴ
2485 4847 2575 4898 καὶ
2627 4848 2662 4914 ή
2711 4847 2803 4899 τοῦ
2853 4846 3143 4916 ἀνθρώπου
3198 4849 3388 4918 ἀγάπη
3429 4851 3492 4900 ἐκ
3523 4850 3617 4916 τῆς
3663 4843 3783 4912 γνῶ·

2233 4957 2370 5002 σεως
2405 4939 2670 5008 προϊοῦσα
2701 4942 2796 4992 καὶ
2829 4939 2926 5009 τὴν
2963 4943 3186 5010 μνήμην
3217 4941 3568 4994 συνάπτουσα
3592 4939 3679 4990 καὶ
3700 4937 3781 5002 τήν

2231 5032 2438 5098 νόησιν,
2475 5032 2549 5094 ὡς
2582 5031 2649 5084 ἂν
2681 5034 2836 5101 κοινῇ
2869 5031 2946 5102 τῷ
2977 5032 3152 5101 Πατρί
3179 5049 3238 5093 τε
3264 5033 3365 5085 καὶ
3385 5031 3461 5103 τῷ
3484 5029 3778 5100 γεννήματι,

2230 5125 2355 5176 ὅθεν
2396 5123 2522 5176 οὔτε
2561 5124 2772 5194 Πατὴρ,
2809 5123 2940 5176 οὔτε
2969 5125 3217 5194 γέννημα
3257 5117 3396 5176 εἶναι
3442 5127 3655 5184 νοεῖται,
3687 5118 3777 5185 ἔχει

2232 5222 2289 5268 ἐν
2334 5215 2462 5285 τῇδε
2497 5219 2560 5283 τῇ
2602 5215 2772 5268 εἰκόνι
2825 5216 2874 5267 εἰ
2919 5217 3015 5268 καὶ
3055 5215 3175 5268 λίαν
3217 5213 3470 5284 ἀνόμοιον
3515 5207 3778 5282 ὁμοιότητά

2229 5326 2354 5362 τινα
2382 5308 2474 5360 τοῦ
2506 5309 2666 5375 ἁγίου
2695 5307 3065 5373 Πνεῦματος.»
3096 5308 3204 5361 Καὶ
3227 5302 3401 5370 αὖθις·
3431 5325 3450 5358 ι
3481 5305 3608 5376 Περὶ
3633 5299 3777 5358 δὲτοῦ

2231 5401 2390 5468 ἁγίου
2433 5401 2754 5468 ἰινεύματος
2789 5399 2944 5452 οὐδὲν
2973 5400 3030 5452 ἐν
3060 5398 3194 5468 τῷδε
3232 5398 3308 5467 τῷ
3342 5399 3641 5466 αἰνίγματι,
3662 5393 3778 5457 ὅπερ

2231 5495 2422 5564 ὅμοιον
2445 5495 2512 5547 ἂν
2546 5493 2698 5563 αὐτῷ
2732 5493 2944 5562 δοκοίη,
2986 5491 3272 5556 ἀπέδειξα,
3311 5493 3392 5545 ὃτι
3423 5491 3498 5563 μὴ
3523 5489 3615 5559 τήν
3643 5485 3776 5550 θέλη-

532 5592 884 5662 γεννητικήν,
930 5596 1031 5662 τὴν
1083 5591 1343 5661 βούλησιν
1393 5591 1448 5644 δὲ
1497 5591 1851 5661 πνευστικήν.
1888 5591 1964 5642 υὺ
2018 5589 2130 5659 γάρ
2235 5605 2318 5640 σιν
2359 5587 2541 5656 ἡμῶν,
2577 5586 2608 5656 ἢ
2646 5587 2737 5639 τὸν
2770 5586 2970 5657 ἔρωτα,
3003 5585 3037 5655 ἢ
3073 5585 3171 5656 τὴν
3210 5587 3453 5657 ἀγάπην,
3487 5584 3601 5656 ﬁn;
3632 5578 3778 5650 ερρω-

533 5681 768 5753 εῦρηταί
794 5700 894 5738 που
924 5685 1031 5736 τῶν
1055 5682 1222 5736 αὑτοῦ
1252 5685 1731 5754 συγγραμμάτων,
1761 5689 1860 5736 ὅσα
1882 5684 2130 5752 γεήμείς
2235 5681 2540 5749 μενεστέρα
2601 5682 2722 5732 ἐστὶ
2775 5679 3011 5750 θέλησις.
3055 5699 3078 5734 ι
3123 5681 3235 5735 Καὶ
3280 5681 3337 5732 ὲν
3378 5677 3457 5749 τῷ
3505 5680 3578 5730 κε’
3621 5671 3774 5725 πάλιν·

539 5771 720 5840 ἴσμεν,
756 5773 902 5826 οὕτω
935 5774 1111 5828 ταῦτα
1145 5775 1444 5843 λεγόμενα,
1494 5776 1696 5845 μέλλον
1727 5775 1783 5826 δὲ
1821 5774 2130 5827 τούναντίον
2242 5793 2259 5824 ι
2292 5775 2464 5826 Τοῦτο
2500 5774 2558 5827 τὸ
2593 5775 2769 5844 ὁνομα
2820 5775 2899 5845 τῷ
2938 5774 3224 5845 Πνεῦματι
3254 5773 3331 5843 τῷ
3370 5772 3510 5841 ἁγίῳ
3553 5761 3772 5838 ἁρμόζει.

540 5861 705 5918 ἅπαν.
741 5865 967 5935 Συνᾲδει
1001 5867 1111 5938 γάρ
1142 5869 1398 5931 κάκεῖνος
1431 5872 1540 5930 τοῖς
1574 5869 1781 5930 λοιποῖς
1819 5868 1997 5936 ἁγίοις
2027 5867 2124 5935 τῆς

2219 5866 2430 5936 ,ὥσπερ
2462 5869 2552 5920 καὶ
2583 5869 2613 5936 ἡ
2661 5867 2852 5937 ἀγάπη
2877 5881 2892 5896 ·
2921 5868 2972 5921 τί
3014 5867 3070 5921 δέ
3108 5868 3257 5929 ἐστιν
3303 5866 3489 5936 ἕτερον
3520 5860 3714 5932 ἀγάπη.
3743 5852 3771 5920 ἣ
