4034 6438
241 417 380 480 1³625

1339 417 1779 480 BEFUTATIO
1817 381 2340 481 ARGYROPULI.

3345 420 3482 483 1096

235 507 480 596 θέλησις.
512 545 535 580 η)
576 526 686 582 Καὶ
735 525 896 581 πάλιν
949 528 1007 581 ἐν
1040 526 1118 599 τῷ
1149 509 1298 598 αὐτῷ
1330 546 1486 600 κεφ·.
1525 549 1546 582 ι
1585 531 1810 594 Ὁσάκις
1839 541 1884 595 Α
1914 534 2126 605 ἀγάπη,
2157 533 2315 588 τοῦτο
2358 535 2454 588 καὶ
2501 535 2534 606 ἡ
2570 532 2792 606 θέλησις
2837 534 3060 604 ὁμοίως.
3094 534 3283 592 Ταῦτα
3321 539 3379 591 δέ
3420 537 3490 592 τά

236 623 306 676 ἂν
335 621 394 675 ἐν
423 620 560 692 αὐτῇ
591 623 657 692 τῇ
707 620 904 686 κτίσει,
926 621 1052 692 ἥτις
1095 623 1263 693 ἐσμὲν
1311 623 1495 693 ἡμεῖς,
1527 625 1714 695 ὅμοιόν
1760 643 1811 680 τι

237 714 434 784 ἐκείνῳ
456 714 534 783 τῷ
567 715 858 784 πράγματι
897 713 1184 780 ἀποδεῖξαι
1215 714 1481 786 ἠθέλησα,
1513 718 1578 786 τῇ
1625 719 1813 789 ὁποιᾳ-

237 806 413 874 δήτινι
447 805 628 876 ἐννοίᾳ
671 805 852 876 ήμῶν,
879 805 982 858 οὐκ
1026 805 1325 874 ἀποχρῶσα
1360 807 1564 875 φράσις
1612 809 1813 877 ἐπηκο-

237 896 526 966 λούθησεν,
562 898 612 949 εξ
661 897 758 950 κςπιί¹
786 896 845 950 ἐν
873 895 1009 966 αὐτῇ
1041 898 1108 966 τῇ
1138 888 1317 966 ἐννοίᾳ
1359 897 1814 967 ἐπιχειρήσαντος

238 987 485 1058 ἐμαυτοῦ
521 986 724 1055 μᾶλλον
747 985 998 1057 ᾐσθόμην
1023 987 1057 1056 ἢ
1083 985 1497 1052 τελειώσαντος,
1525 990 1622 1043 καὶ
1650 991 1706 1042 ἐν
1733 991 1816 1044 ἐνὶ

241 1080 344 1148 μὲν
372 1080 652 1149 προσώπῳ
680 1079 818 1149 ὅπερ
839 1078 992 1132 ἐστὶν
1015 1080 1045 1132 6
1073 1077 1357 1148 ἄνθρωπος
1394 1080 1686 1149 εὑρηκέναι
1715 1081 1816 1152 τὴν

240 1169 427 1223 εἰκόνα
473 1171 572 1238 τῆς
618 1169 795 1238 άκρας
829 1169 1082 1238 Τριάδος,
1113 1171 1210 1222 καὶ
1253 1170 1314 1224 ἐν
1363 1169 1586 1240 τρεπτῷ
1635 1171 1816 1239 πράγ-

242 1279 350 1331 ματ
363 1281 402 1325 ι,
431 1262 506 1322 ώς
535 1261 603 1313 τὰ
626 1260 754 1328 τρία
781 1261 966 1312 ἐκεῖνα
999 1260 1132 1330 ῥᾷον
1170 1259 1407 1315 νοεῖσθαι
1435 1262 1678 1317 δύναται.
1719 1281 1739 1314 ι

312 1352 473 1406 Οὕτω
522 1351 622 1421 μὲν
649 1355 677 1405 6
701 1351 1026 1412 διδάσκαλος
1067 1351 1191 1404 ἐπεὶ
1222 1353 1408 1408 εἰκόνα
1438 1354 1536 1408 τοῦ
1562 1353 1698 1408 Θεοῦ
1724 1357 1816 1410 τὶν

242 1444 532 1514 ἄνθρωπον
565 1443 666 1512 τῆς
709 1443 932 1513 Γραφῆς
978 1443 1184 1513 ῆκουσέ
1227 1442 1517 1513 λεγούσης,
1566 1446 1676 1499 ἀπὸ
1714 1445 1814 1516 τῆς

242 1537 505 1606 τοιαύτης
543 1535 754 1598 εἰκόνος
794 1535 1047 1590 εἰκασίαν
1097 1537 1222 1590 τινὰ
1263 1537 1638 1607 παραδίδωσιν
1693 1539 1817 1593 ὅσον

244 1623 358 1682 οἷόν
389 1646 448 1682 τε
479 1627 544 1682 δι’
569 1627 738 1696 αὐτῆς
763 1627 822 1681 τὸ
851 1627 1160 1698 ἀρχέτυπον
1190 1629 1414 1694 ἐννοεῖν,
1449 1630 1547 1682 καὶ
1574 1629 1684 1684 ἀπὸ
1707 1628 1819 1684 τῶν

244 1721 744 1791 ἐγκαθεστηκότων
771 1719 850 1790 τῷ
889 1717 986 1771 τοῦ
1024 1719 1320 1790 ἀνθρώπου
1341 1719 1424 1774 νοῒ
1447 1721 1634 1776 θεόθεν
1659 1739 1818 1792 φυσι-

238 1813 382 1878 κῶς,
417 1812 485 1866 τὰ
517 1811 576 1864 δὲ
613 1811 729 1863 ἐστὶ
775 1813 967 1880 μνήμη
1009 1811 1104 1866 καὶ
1148 1811 1334 1880 νόησις
1363 1812 1458 1866 καὶ
1505 1811 1744 1884 θέλησις,
1780 1812 1817 1868 ἃ.

1914 624 2157 693 ὀνόματα
2174 625 2442 694 ἰδιότητάς
2461 641 2630 692 φασιν
2657 627 2707 677 οἰ
2736 624 2977 694 θεολόγοι
3009 626 3362 697 παραδηλοῦν
3389 629 3492 690 τὰς

1915 718 1975 770 ἐν
2003 718 2070 786 τῇ
2114 716 2276 787 οὐσίᾳ
2300 718 2368 768 τὰ
2408 717 2676 785 πρόσωπα
2716 717 3112 784 διακρινούσας
3143 718 3348 783 ἐκεῖνα,
3396 720 3494 773 καὶ

1915 810 2014 872 τάς
2050 809 2186 877 πρὸς
2231 809 2436 880 ἄλληλα
2486 813 2703 882 σχέσεις
2738 811 2835 865 καὶ
2875 813 3157 883 ἀναφορὰς
3204 817 3496 885 ἐμφαίνειν

1916 902 2119 956 αὐτῶν.
2145 903 2212 954 Αἰ
2242 903 2351 972 γὰρ
2383 904 2663 971 ἰδιότητες,
2697 906 2834 976 φησί
2861 907 3146 970 Βασίλειος
3175 910 3233 961 ἐν
3255 909 3494 980 δευτέρῳ

1917 993 2026 1046 τῶν
2059 994 2204 1063 Πρὸς
2246 993 2530 1064 Εὐνόμιον,
2561 996 2724 1049 οἰονεί
2754 1015 2899 1062 τινες
2945 1003 3151 1070 μορφαὶ
3185 1003 3276 1054 καὶ
3317 1021 3494 1072 χαρα-

1917 1083 2124 1154 κτῆρες
2168 1084 2646 1155 ἐπιθεωρούμεναι
2676 1090 2742 1158 τῇ
2771 1089 2962 1160 οὐσίᾳ,
2985 1090 3257 1159 διαιροῦσι
3291 1093 3391 1161 μὲν
3434 1095 3495 1146 τὸ

1918 1176 2103 1241 κοινὸν
2148 1179 2264 1239 τοῖς
2315 1176 2583 1241 ἰδιάζουσι
2633 1179 3000 1250 χαρακτῆρσι,
3041 1182 3103 1234 τὸ
3155 1184 3211 1236 δὲ
3253 1185 3496 1254 όμοφυές

1917 1269 2017 1337 τῆς
2045 1267 2232 1330 οὐσίας
2266 1268 2326 1321 οὐ
2374 1269 2783 1325 διακόπτουσιν·
2815 1267 2928 1328 οἷον
2957 1276 3137 1330 κοινὸν
3177 1279 3276 1346 μὲν
3311 1281 3344 1350 ἡ
3378 1279 3496 1332 θεό-

1917 1373 2042 1425 της,
2076 1357 2345 1427 ἰδιώματα
2378 1359 2437 1412 δέ
2476 1377 2600 1414 τινα
2628 1364 2905 1436 πατρότης
2945 1368 3038 1420 καὶ
3063 1369 3268 1440 υἰότης.
3311 1371 3407 1424 Ἐκ
3437 1373 3496 1425 δὲ

1918 1448 2318 1520 τῆς·ἐκατέρου
2351 1452 2678 1524 συμπλοκῆς
2708 1456 2800 1512 τοῦ
2829 1475 2889 1511 τε
2916 1461 3100 1514 κοινοῦ
3128 1465 3224 1516 καὶ
3245 1465 3338 1517 τοῦ
3364 1467 3495 1519 ἰδίου

1919 1540 1954 1609 ἡ
1989 1540 2298 1610 κατάληψις
2348 1545 2482 1612 ήμῖν
2531 1545 2634 1616 τῆς
2685 1548 2946 1619 ἀληθείας
2985 1553 3287 1622 ἐγγίνεται.
3321 1558 3431 1612 Καὶ
3469 1561 3500 1610 6

1931 1630 2354 1722 έΑρεοπαγίτης,
2394 1637 2824 1710 Διακεκριμένα,
2868 1643 3028 1713 φησί,
3067 1647 3127 1699 τὸ
3155 1648 3249 1700 τοῦ
3285 1649 3501 1722 Πατρδς

1919 1721 2250 1794 ὐπερούσιον
2275 1724 2450 1797 ὄνομα
2484 1728 2579 1782 καὶ
2610 1730 2800 1802 χρῆμα
2827 1733 2925 1786 καὶ
2951 1734 3080 1790 Υίσῦ
3112 1738 3208 1791 καὶ
3243 1740 3501 1810 Πνεῦμα⁸

1918 1828 2032 1880 τος,
2059 1815 2317 1884 οὐδεμιᾶς
2345 1819 2403 1870 ἐν
2428 1819 2643 1884 τούτοις
2671 1822 3062 1895 ἀναστροφῆς,
3095 1827 3128 1898 ἢ
3159 1829 3298 1895 ὅλως
3325 1833 3501 1885 κοινό-

241 1903 303 1957 ἐν
340 1901 420 1973 τῷ
450 1901 730 1972 ἀνθρώπῳ
755 1903 978 1972 τρεπτῷ
1009 1901 1125 1956 ὄντι
1153 1902 1249 1958 καὶ
1297 1903 1403 1956 ὑπὸ
1435 1903 1648 1974 χρόνον,
1672 1903 1816 1958 οὕτω
1843 1886 1892 1948 Β
1918 1921 2082 1972 τητος
2104 1907 2472 1980 ἐπαγομένης.
2506 1911 2610 1966 Καὶ
2641 1886 3302 1990 Γρηγόριοςδέεόλόγος,
3327 1925 3496 1991 Αὐτὸ,
3565 1943 3572 1948 ‘

244 1993 340 2045 καὶ
383 1991 528 2046 αὐτά
575 1992 883 2062 θεωρεῖται,
917 1992 994 2056 ὡς
1025 1991 1094 2046 δι’
1133 1993 1404 2063 ἐσόπτρου
1446 1993 1616 2060 τινὸς,
1657 1997 1814 2066 φησί,

240 2084 337 2136 τὸν
365 2083 664 2151 δυνάμενον
697 2083 813 2150 εῖγε
844 2083 1072 2137 δύναται
1102 2083 1171 2136 τὰ
1197 2086 1258 2136 ἐν
1280 2086 1346 2154 τῇ
1373 2084 1532 2154 ἀϊδίῳ
1557 2085 1654 2139 καὶ
1683 2086 1820 2156 άμε-

241 2173 500 2244 ταϐλήτῳ
537 2174 700 2247 οὐσίᾳ
731 2176 1097 2243 άναγωγικῶς
1125 2175 1252 2245 τρία
1278 2179 1550 2247 πρόσωπα
1588 2177 1819 2249 θεωρεῖν

242 2282 305 2318 τε
338 2266 433 2318 καὶ
464 2267 629 2330 νοεῖν,
663 2266 713 2317 εἰ
741 2267 838 2320 καὶ
868 2266 1084 2338 μεγάλη
1113 2267 1438 2339 ἀνομοιότης
1464 2269 1584 2323 ἐστί
1612 2268 1818 2323 τούτων

245 2357 386 2426 πρὸς
413 2359 619 2424 ἐκεῖνα,
647 2357 775 2410 ὅσον
798 2358 959 2427 μόνον
992 2358 1084 2411 τὸν
1107 2357 1458 2424 ἐξεταστικὸν
1490 2359 1582 2412 τοῦ
1609 2358 1820 2430 ἀνθρώ-

245 2463 351 2499 που
392 2444 518 2499 νοῦν
549 2444 696 2514 ἔχειν
731 2445 860 2498 τινὰ
889 2444 1100 2516 ἵδρυσιν
1149 2449 1208 2500 ἐν
1251 2449 1370 2512 ταῖς
1401 2449 1530 2519 περί
1566 2447 1703 2501 Θεοῦ
1733 2450 1819 2501 ἐν·

245 2539 442 2606 νοίαις,
475 2537 572 2592 καὶ
607 2536 920 2608 ἐφησθῆναι
963 2537 1281 2608 κατάληψίν
1308 2555 1452 2606 τινα,
1481 2539 1530 2592 εί
1569 2540 1665 2593 καὶ
1695 2539 1820 2593 λίαν

238 2631 519 2702 ἀμυδρὰν,
551 2630 586 2702 ἢ
623 2631 718 2686 καὶ
742 2631 926 2687 πάντα
950 2631 1227 2702 ἀνόμοιον,
1249 2631 1366 2684 ἀπὸ
1393 2633 1500 2686 τῶν
1528 2634 1658 2686 καθ’
1684 2633 1818 2688 αὐτὸ

242 2724 376 2794 περὶ
411 2723 626 2778 ἐκείνου
673 2722 1066 2794 πορισάμενον.
1118 2724 1194 2776 Οὐ
1225 2723 1418 2794 μέντοι
1463 2740 1530 2794 γε
1572 2725 1681 2778 ἀπὸ
1718 2728 1820 2796 τῆς

238 2816 473 2887 Γραφῆς
521 2814 671 2886 ἔχειν
717 2814 892 2872 ταῦτα
943 2816 1331 2887 προστίθησιν,
1376 2817 1470 2885 ἀφ’
1512 2816 1709 2872 ἐαυτοῦ
1759 2816 1818 2871 δέ

247 2909 451 2980 μᾶλλον
476 2909 752 2965 διδάσκειν
781 2911 910 2972 τοὺς
943 2910 1038 2963 καὶ
1063 2909 1222 2978 λόγον
1255 2909 1384 2980 περὶ
1416 2909 1526 2962 τῶν
1559 2908 1819 2962 τοιούτων

242 3002 592 3073 πραγμάτων
619 2999 964 3071 ἀνθρώπειον
991 3000 1365 3064 άπαιτοῦντάς
1395 3014 1553 3071 φησι·
1574 3001 1672 3054 καὶ
1695 3000 1818 3052 οὐδέ

241 3093 469 3156 τελείως
502 3092 564 3146 τδ
598 3090 676 3164 μὴ
717 3091 1116 3146 ἐπακολουθεῖν
1160 3093 1492 3164 ἀποχρῶσαν
1533 3093 1636 3165 τήν
1677 3093 1818 3164 φρά-

243 3203 354 3252 σιν,
389 3187 552 3255 μόνον
577 3184 634 3238 δέ
665 3186 970 3255 ἐπιχειρεῖν
998 3186 1066 3257 τῇ
1097 3185 1298 3252 ἐννοίᾳ.

319 3278 486 3332 Ὅθεν
513 3277 672 3348 δῆλον
700 3277 776 3341 ῶς
805 3280 834 3330 6
861 3276 1053 3349 παρὼν
1080 3278 1402 3342 διδάσκαλος
1425 3281 1483 3333 ἐν
1507 3278 1586 3350 τῷ
1608 3281 1820 3363 ἀνθρω-

125 3441 131 3446 ι
244 3371 390 3441 πίνῳ
417 3369 500 3423 νοτ
524 3369 626 3441 τὴν
655 3372 880 3440 μνήμην
908 3369 1005 3422 καὶ
1035 3370 1134 3438 τὴν
1163 3370 1355 3442 νόησιν
1390 3371 1487 3425 καὶ
1520 3371 1621 3455 τὴν
1660 3371 1820 3445 θέλη-

241 3481 358 3529 σιν,
387 3465 454 3535 ἠν
485 3463 586 3515 καὶ
633 3461 817 3531 ἔρωτα
855 3462 948 3515 καὶ
999 3463 1224 3534 ἀγάπην
1275 3462 1702 3535 προσονομάζει,
1743 3465 1821 3530 ὡς

241 3555 506 3625 δυνάμεις
560 3549 672 3607 οἶδε
727 3555 824 3608 καὶ
879 3554 1188 3625 ἐνεργείας·
1235 3555 1293 3606 ἐν
1337 3555 1394 3608 δέ
1439 3557 1505 3626 τῇ
1561 3557 1816 3628 μακαρίᾳ

241 3645 439 3717 Τριάδι
482 3645 584 3715 οὐχ
613 3645 688 3708 ὡς
725 3644 990 3714 δυνάμεις
1036 3647 1170 3709 νοεῖ,
1199 3643 1320 3698 ἀλλ’
1352 3646 1524 3709 αὐτὰς
1551 3647 1650 3708 τὰς
1687 3648 1822 3701 ὐπο-

243 3738 464 3801 στάσεις
491 3737 669 3801 οὕτως
698 3736 980 3806 ὀνομάζει.
1020 3737 1085 3789 'H
1114 3737 1222 3808 γάρ
1256 3738 1454 3807 ,μνήμη
1482 3739 1577 3791 τοῦ
1611 3739 1820 3810 ἀνθρώο

243 3847 372 3896 που,
392 3830 580 3901 φησὶν,
607 3829 747 3900 μήτε
771 3827 1068 3900 σύγκρισιν
1089 3829 1311 3900 ἔχουσα,
1337 3833 1476 3904 μήτε
1502 3830 1818 3902 ὁμοιότητα,

242 3925 362 3994 ἔχει
405 3925 554 3994 ὅμως
582 3920 967 3991 ὁποιανδήτινα
996 3919 1293 3994 ὁμοιότητα
1330 3923 1426 3977 τοῦ
1455 3924 1691 3994 Πατρὺς,
1720 3924 1818 3978 καὶ

243 4019 280 4089 ἡ
314 4020 374 4070 ἐν
400 4018 532 4089 ήμῖν
575 4016 785 4086 νόησις,
817 4013 941 4083 ἦτοι
972 4014 1034 4067 τὸ
1079 4012 1176 4068 τοῦ
1203 4014 1297 4069 νοῦ
1329 4017 1424 4069 καὶ
1459 4019 1560 4088 τῆς
1593 4021 1814 4090 μνήμης

239 4109 618 4176 ἀποτέλεσμα,
647 4107 679 4158 6
727 4105 1038 4168 ἐνδιάθετος
1066 4105 1270 4177 δηλαδὴ
1294 4108 1473 4177 λόγος,
1498 4110 1602 4180 οὐχ
1623 4112 1651 4164 6
1681 4127 1816 4181 προ-

239 4185 471 4276 φορικὺς
514 4203 613 4271 τῆς
661 4201 934 4271 γλώττης,
988 4201 1038 4254 εἰ
1090 4201 1184 4254 καὶ
1219 4204 1472 4272 ἀνόμοιον
1523 4204 1638 4274 ἔχει
1692 4206 1817 4259 τινὰ

237 4296 544 4368 ὁμοιότητα
577 4294 674 4347 τοῦ
726 4292 879 4347 Υίοῦ.
918 4295 1029 4347 Καὶ
1069 4294 1104 4364 ή
1139 4294 1236 4347 τοῦ
1283 4293 1574 4365 ἀνθρώπου
1627 4300 1818 4369 ἀγάπη

239 4392 338 4444 καὶ
369 4391 404 4460 ἡ
442 4387 659 4457 θέλησις
689 4386 804 4456 εχει
837 4385 1143 4456 ὁμοιότητα¹
1159 4385 1255 4440 τοῦ
1284 4387 1450 4455 ἁγίου
1477 4388 1816 4463 Πνεύματος.

240 4483 354 4537 Καὶ
399 4480 577 4544 τοῦτο,
612 4479 768 4550 φησὶ,
803 4476 864 4530 τὸ
907 4475 1076 4547 ὄνομα
1110 4477 1189 4548 τῷ
1228 4479 1507 4550 Πνεύματι
1552 4479 1630 4550 τῷ
1676 4479 1818 4552 ἁγίῳ

1839 3219 1889 3284 C

1922 1995 2080 2064 φησί,
2108 1996 2170 2050 τὸ
2212 1998 2288 2069 μὴ
2325 2001 2714 2071 γεγεννῆσθαι,
2755 2008 2850 2059 καὶ
2887 2008 2947 2060 τὸ
2983 2011 3367 2083 γεγεννῆσθαι,
3401 2021 3498 2070 καὶ

1918 2087 1980 2138 τὸ
2018 2088 2441 2158 ἐκπορεύεσθαι,
2479 2094 2574 2148 τὸν
2609 2097 2708 2166 μὲν
2739 2099 2981 2169 Πατέρα,
3013 2102 3103 2155 τὸν
3150 2104 3208 2157 δὲ
3252 2105 3403 2172 Υίὸν,
3436 2109 3499 2162 τὸ

1898 2177 1977 2231 ’δέ
2003 2179 2151 2232 τοῦθ’
2182 2182 2320 2253 ὅπερ
2343 2182 2563 2252 λέγεται
2595 2190 2824 2260 Πνεῦμα
2847 2190 3004 2260 ἅγιον
3027 2199 3496 2270 προσηγόρευσεν,

1894 2271 2012 2324 εῖνα
2039 2273 2100 2325 τὸ
2127 2273 2440 2346 ἀσύγχυτον
2487 2278 2730 2349 σώζηται
2767 2283 2876 2337 τῶν
2913 2287 3081 2356 τριῶν
3114 2289 3496 2352 ὐποστάσεων.

1921 2365 2034 2419 Καὶ
2062 2369 2092 2422 6
2121 2368 2368 2452 Νύσσης,
2402 2370 2469 2425 Ἦ
2499 2372 2951 2450 ἐπιθεωρουμένη
2984 2379 3189 2455 ἐκάστη
3216 2384 3327 2439 τῶν
3356 2387 3498 2440 ὐπο-

1923 2458 2168 2511 στάσεων
2219 2459 2423 2530 ἰδιότης
2465 2462 2684 2532 τρανῶς
2731 2462 2828 2517 καὶ
2885 2466 3146 2538 καθαρῶς
3198 2472 3260 2524 τὸ
3309 2473 3499 2546 ἕτερον

1920 2548 2029 2602 ἀπὸ
2054 2549 2147 2604 τοῦ
2169 2550 2358 2622 ἐτέρου
2388 2553 2649 2626 διίστησι.

1993 2642 2214 2696 Τούτων
2240 2644 2415 2708 οὕτως
2445 2647 2683 2717 ἐχόντων
2702 2649 2796 2704 καὶ
2835 2651 2946 2705 τῶν
2983 2654 3267 2725 ὀνομάτων
3291 2658 3498 2713 τούτων

1919 2732 2059 2802 πρὸς
2097 2733 2160 2786 τὸ
2202 2734 2494 2804 διαστῆσαι
2545 2738 2642 2792 καὶ
2687 2735 2965 2812 διακρῖναι
3015 2744 3113 2808 τὰς
3162 2746 3498 2814 ὑποστάσεις

1920 2824 2042 2894 ἦτοι
2084 2823 2154 2876 τὰ
2210 2825 2480 2896 πρόσωπα
2511 2826 2572 2879 ἐν
2615 2830 2683 2899 τῇ
2721 2831 2824 2899 τῆς
2858 2833 3054 2898 οὐσίας
3099 2835 3315 2908 ἐνότητι
3355 2840 3492 2908 πρὸς

1918 2916 2028 2968 τῶν
2075 2914 2346 2982 θεολόγων
2386 2917 2793 2990 ἐξευρημένων·
2837 2923 2903 2978 ἄν
2946 2941 3006 2978 τε
3063 2927 3175 2998 γάρ
3208 2928 3268 2981 τὸ
3304 2931 3497 3001 Πατὴρ

1919 3006 2104 3078 εἴπῃς,
2134 3007 2165 3077 ἢ
2197 3008 2288 3061 τὸν
2317 3007 2464 3078 νοῦν,
2496 3009 2530 3081 ἢ
2572 3010 2670 3081 τὴν
2705 3014 2948 3086 μνήμην,
2986 3017 3054 3072 ἀν
3091 3037 3151 3073 τε
3183 3020 3428 3093 ἀγάπην,
3460 3025 3496 3095 ἢ

1919 3099 2018 3167 τὴν
2059 3098 2304 3170 θέλησιν,
2343 3102 2446 3174 οὐχ
2473 3101 2550 3168 ῶς
2576 3104 2839 3175 δυνάμεις
2871 3109 3097 3175 ἐνούσας
3129 3113 3162 3184 ἢ
3197 3115 3492 3183 συνούσας,

1920 3193 2015 3243 καὶ
2043 3191 2183 3256 ὅλως
2207 3193 2466 3266 τῇόὐσίᾳ
2496 3197 2898 3267 ἀποδιδομένας
2921 3201 3178 3273 νοοῦμεν·
3212 3205 3355 3260 οὕτω
3387 3209 3497 3279 γὰρ

1920 3283 2113 3355 ὥσπερ
2147 3286 2244 3354 μία
2279 3289 2441 3341 οὐσία
2482 3289 2576 3343 καί⁵
2616 3289 2676 3344 ἐν
2710 3293 3008 3362 πρόσωπον
3057 3297 3146 3352 διά
3195 3299 3295 3364 τὰς
3341 3301 3496 3356 δυνά-

1925 3392 2069 3444 μεις,
2109 3377 2200 3431 ὁτὲ
2235 3379 2336 3448 μέν
2362 3380 2585 3452 Πατὴρ,
2621 3383 2712 3438 6τέ
2745 3385 2812 3438 δὲ
2844 3385 2996 3454 Υίὸς,
3030 3389 3118 3442 ὁτέ
3166 3391 3223 3446 δέ
3269 3393 3497 3466 Πνεῦμα

1921 3467 2238 3538 λεγόμενον,
2265 3471 2341 3533 ὡς
2389 3472 2419 3525 6
2449 3473 2741 3539 Σαὸέλλιος
2781 3478 3065 3549 ἐφλυάρει,
3101 3483 3219 3538 ἀλλ’
3263 3486 3338 3549 ῶς
3373 3487 3497 3542 ἰδιό-

1919 3565 2104 3629 τητας
2136 3561 2520 3632 διακρινούσας
2573 3569 2746 3637 μόνον’
2793 3570 2862 3623 τά
2913 3574 3209 3642 πρόσωπα,
3265 3579 3339 3642 ὡς
3389 3583 3497 3636 τῶν

1921 3652 2091 3722 ἁγίων
2114 3655 2358 3725 ἀκήκοας
2383 3658 2568 3724 αὐτὸς,
2606 3654 2650 3714 ὧ
2676 3659 2920 3731 βέλτιστε
2948 3657 3043 3720 καὶ
3071 3671 3227 3725 καινέ
3254 3672 3496 3745 θεολόγετ

1922 3745 2086 3800 τίνων
2112 3746 2159 3800 δ’
2178 3749 2356 3804 ἄλλων
2389 3749 2656 3820 θεολόγων
2687 3757 2892 3822 φωναῖς
2918 3757 3166 3830 ξυνᾴδειν
3188 3765 3290 3837 φῂς
3317 3768 3387 3823 τά
3413 3771 3496 3824 σοὶ
3573 3758 3580 3765 ’

1921 3839 2220 3908 εἰρημένω

1993 3931 2091 3995 Τίς
2122 3933 2231 4025 γάρ
2256 3934 2404 3988 οὕτω
2435 3955 2551 4004 πως
2581 3939 2906 4016 ἐθεολόγησε
2936 3947 3025 4000 τὸν
3058 3950 3281 4020 Πατέρα
3314 3955 3498 4025 φήσας

1919 4020 2152 4093 δύναμιν
2179 4024 2372 4094 ἔχοντα
2399 4029 2490 4082 τὸν
2517 4030 2664 4091 νοῦν.
2753 4037 2852 4106 τῆν
2882 4039 3108 4110 μνήμην
3139 4020 3492 4118 γεννητικὴν,

1920 4117 1989 4170 δι’
2021 4119 2192 4190 αὐτῆς
2241 4123 2517 4192 παράγειν
2561 4127 2655 4180 τὸν
2686 4128 2842 4198 Υἰόν;
2879 4133 3001 4186 εἶτα
3027 4137 3124 4206 τὴν
3153 4136 3375 4209 θέλησιν
3403 4117 3499 4195 καὶ

1920 4209 1989 4262 δι’
2017 4213 2187 4282 αὐτῆς
2237 4212 2307 4269 αὐ
2361 4217 2638 4288 παράγειν
2687 4221 2749 4277 τὸ
2794 4223 3026 4295 Πνεῦμα
3081 4227 3144 4281 τὸ
3195 4230 3373 4299 ἅγιον,
3419 4233 3498 4296 ὼς

1921 4302 2084 4366 αὐτὸς
2115 4303 2360 4373 ἠξίωσας
2397 4309 2745 4381 θεολογῆσαι,
2790 4315 2866 4383 μὴ
2900 4318 3105 4380 συνιεὶς
3152 4319 3234 4373 ὅτι
3284 4323 3496 4390 αἰρετι-

1921 4395 2033 4448 κῶν
2065 4400 2174 4452 εἰσι
2201 4400 2373 4454 ταῦτα
2399 4405 2596 4471 φωναὶ,
2634 4407 2681 4457 εΞ
2710 4408 2784 4475 μή
2818 4422 2922 4460 που
2946 4413 3040 4463 καὶ
3072 4410 3237 4474 αὐτὸς
3265 4415 3498 4478 ταύταις

1919 4487 2066 4567 τίθη,
2093 4489 2186 4544 καὶ
2207 4491 2400 4556 ἄλλους
2433 4497 2782 4565 συναρπάσαι
2809 4500 3142 4570 ἐπιχειρεῖς;

239 4573 494 4649 ἁρμόζειν
526 4569 719 4641 ὥσπερ
750 4570 845 4622 καὶ
879 4571 911 4639 ἡ
945 4569 1176 4665 ἀῖίξπη’
1209 4568 1264 4623 τί
1293 4570 1401 4641 γάρ
1433 4573 1580 4665 ἔστιδ’
1609 4571 1817 4665 ἕτερον)
1854 4571 1898 4627 θ
1997 4581 2110 4634 Καὶ
2153 4583 2246 4636 τὸν
2289 4585 2562 4657 μακάριον
2603 4588 2660 4640 δὲ
2703 4568 3064 4660 συκοφαντεῖς
3104 4568 3492 4665 Αὐγουστῖνον,

237 4667 430 4736 φησὶν,
457 4661 648 4730 ἀγάπη
676 4660 709 4731 ἦ
744 4661 1002 4729 θέλησις;
1039 4659 1226 4714 Ταῦτα
1257 4662 1315 4716 δέ
1346 4662 1446 4714 οὐκ
1467 4661 1576 4716 ἀπὸ
1607 4663 1812 4716 σκοποῦ

233 4759 353 4811 τῶν
384 4755 590 4809 λοιπῶν
627 4752 984 4818 διδασκάλων,
1014 4754 1109 4806 καὶ
1152 4753 1395 4824 μάλιστα
1423 4754 1533 4807 τῶν
1563 4755 1816 4809 ἀνατολι-

233 4852 353 4905 κῶν
382 4849 681 4917 φιλοσοφεῖ.
719 4845 843 4898 Εἰσὶ
874 4847 982 4916 γὰρ
1005 4847 1054 4899 οἳ
1079 4847 1169 4899 τὸν
1201 4848 1421 4917 Πατέρα
1452 4849 1578 4902 νοῦν
1607 4865 1814 4920 προσηο

231 4941 560 5011 γορεύκασι,
593 4938 688 4992 καὶ
725 4938 817 4988 τὸν
851 4936 980 4988 Υξὸν
1011 4938 1188 5005 Λόγον
1218 4942 1244 4992 6
1273 4942 1371 5009 τῆς
1404 4939 1638 5012 βροντῆς
1673 4941 1810 5007 υἶδςν

234 5031 335 5084 καὶ
371 5030 591 5099 ἀγάπην
631 5026 693 5079 τὸ
729 5026 953 5096 Πνεῦμα
994 5027 1054 5078 τὸ
1094 5029 1274 5095 ἀγιον·
1310 5030 1410 5100 τὴν
1451 5032 1669 5099 ἀγάπην
1702 5032 1812 5104 γὰρ

231 5121 332 5175 τοῦ
361 5118 653 5190 ἀνθρώπου
677 5118 1172 5188 ἐρρωμενεστέραν
1195 5120 1328 5186 φησί
1361 5121 1579 5190 θέλησιν
1603 5122 1812 5188 Αὐγου-

235 5219 439 5284 στῖνος,
463 5215 576 5269 ἀλλ’
609 5215 672 5268 οὐ
699 5215 798 5285 τὴν
824 5214 1064 5283 θέλησιν,
1091 5214 1210 5284 ῆτοι
1233 5215 1331 5286 τὴν
1361 5216 1620 5287 βούλησιν
1654 5220 1814 5273 δύνα-

234 5329 332 5383 μιν
385 5308 738 5380 παρακτικὴν
797 5309 896 5375 τῆς
953 5305 1178 5375 ἀγάπης
1231 5309 1478 5377 εἴρηκεν,
1536 5310 1653 5379 ἦτοι
1713 5310 1808 5365 τοῦ

230 5403 392 5470 ἁγίου
423 5401 768 5472 Πνεῦματος·
803 5401 832 5453 6
875 5399 984 5470 γὰρ
1015 5397 1177 5453 τοῦτο
1215 5401 1442 5468 φάσκων
1474 5402 1809 5468 Μακεδόνιος

229 5492 512 5563 ἄντικρυς.
1451 5535 1455 5539 .

307 5585 474 5637 Ὥστε
511 5583 540 5636 δ
575 5583 831 5652 βούλεται
871 5583 1028 5636 ταυτί
1056 5582 1126 5637 τὰ
1155 5582 1400 5654 ὀνόματα
1437 5586 1467 5638 6
1497 5587 1688 5658 Πατὴρ
1718 5590 1810 5641 καὶ

227 5680 259 5731 6
289 5678 436 5740 νοῦς,
472 5675 630 5730 τοῦτο
679 5679 773 5729 καὶ
825 5677 857 5748 ἠ
907 5677 1096 5747 μνήμη
1136 5677 1286 5747 παρά
1315 5677 1392 5747 τῷ
1434 5679 1805 5752 Αὐγουστίνῳ·

229 5772 327 5825 καὶ
353 5769 380 5822 ὃ
401 5769 653 5839 βούλεται
678 5772 705 5821 6
729 5769 858 5831 Υἰὸς
884 5769 978 5822 καὶ
1001 5771 1027 5822 6
1052 5771 1245 5836 Λόγος,
1271 5771 1428 5826 τοῦτο
1453 5774 1546 5826 καὶ
1568 5776 1600 5843 ἡ
1625 5773 1811 5842 νόησις

229 5865 386 5935 παρὰ
430 5861 508 5933 τῷ
551 5861 721 5930 αὐτῷ·
756 5863 851 5916 καὶ
883 5861 911 5912 6
943 5861 1200 5932 βούλεται
1252 5865 1312 5918 τὸ
1367 5865 1591 5938 Πνεῦμα
1637 5867 1731 5920 καὶ
1773 5871 1803 5938 ἡ

557 5955 828 6016 ΡΑιιιιοι..
862 5957 976 6017 Gn.
1015 5956 1274 6019 CLVIII.
1342 6030 1350 6036 δ

1915 4669 1985 4724 τὰ
2008 4673 2202 4744 ἐκείνῳ
2242 4675 2426 4738 καλῶς
2472 4678 2566 4732 καὶ
2611 4679 2745 4751 ὀρθῇ
2779 4681 2990 4754 διανοίᾳ
3029 4683 3328 4756 λελεγμένα
3376 4691 3493 4743 διαο

1918 4764 2168 4834 στρέφων
2202 4767 2298 4818 καὶ
2329 4773 2854 4843 παρερμηνεῠων,ἥ
2888 4775 3088 4842 μᾶλλον
3122 4779 3296 4832 εἰπεῖν
3331 4782 3496 4836 πλάτ-

1916 4871 2026 4908 των
2056 4856 2244 4925 αὐτδς,
2279 4859 2348 4912 τά
2397 4861 2644 4931 μηδόλως
2679 4866 2948 4937 εἰρημένα
2977 4869 3009 4939 ἢ
3044 4871 3259 4944 ἐκείνῳ,
3293 4873 3327 4946 ἢ
3381 4879 3495 4940 τοῖς

1916 4947 2112 5012 ἄλλοις
2137 4949 2430 5027 θεολόγοις,
2469 4955 2497 5006 ὃ
2539 4955 2609 5027 δὴ
2637 4958 2733 5010 καί.
2763 4964 2822 5014 ἐν
2853 4963 2966 5026 τοῖς
3005 4963 3210 5035 ἐφεξῆς
3247 4969 3494 5038 φανήσε-

1915 5056 2028 5131 ται.
2055 5041 2206 5131 ’Δλλξ
2231 5043 2259 5096 ὅ
2290 5060 2352 5112 γε
2387 5047 2659 5116 μακάριος
2686 5049 2958 5120 Κύριλλος
2988 5056 3082 5107 καὶ
3114 5057 3210 5125 τὴν
3235 5056 3493 5131 βούλησιν

1915 5130 2008 5183 τοῦ
2047 5130 2253 5201 [ἰατρὸς
2275 5135 2367 5186 τὸν
2390 5135 2518 5188 Υἰὶν
2547 5133 2687 5191 εἷναί
2720 5156 2885 5209 φησιν
2910 5142 3098 5214 ἕτερόν
3124 5165 3244 5203 τινα
3263 5130 3490 5220 τρόπον.

1928 5221 2017 5274 Ἐν
2049 5223 2158 5294 γάρ
2191 5223 2235 5286 ζ’
2267 5225 2376 5278 τῶν
2415 5229 2772 5298 Θησαυρῶν,
2808 5232 2970 5288 Ἀλλά
2996 5237 3068 5291 τὰ
3099 5239 3200 5310 μέν
3232 5241 3308 5306 ὡς
3335 5245 3494 5315 ποιή-

1917 5329 2083 5383 ματα,
2133 5316 2320 5385 φησιν,
2361 5319 2425 5370 ἐκ
2466 5319 2779 5393 βουλήσεως
2817 5329 3130 5394 γεγονέναι,
3169 5335 3195 5386 ό
3247 5334 3306 5387 δέ
3361 5336 3490 5400 Υἰὸς

1912 5405 1988 5469 ὡς
2018 5407 2182 5471 αὐτὸς
2212 5407 2351 5480 ὣνή
2407 5411 2667 5484 βούλησις
2701 5411 2770 5485 ἦν
2818 5418 3004 5484 ἀῖδίως
3057 5422 3114 5474 ἐν
3160 5425 3235 5492 τῷ
3290 5429 3484 5496 Πατρί.

1912 5499 2178 5556 Τοσοῦτον
2208 5505 2402 5575 ἀπεῖχε
2432 5505 2662 5577 δύναμίν
2693 5527 2818 5564 τινα
2845 5515 3178 5584 πνευστικὴν
3213 5517 3314 5587 τὴν
3355 5518 3448 5588 βού
3467 5550 3484 5560 -

1911 5591 2068 5661 λησιν
2110 5595 2312 5649 ἐννοεῖν
2340 5598 2502 5662 αὐτὸς
2539 5602 2567 5654 6
2595 5602 2689 5655 τὸν
2718 5603 2846 5656 Υίὸν
2872 5605 3128 5676 βούλησιν
3154 5607 3245 5661 τοῦ
3274 5610 3486 5681 Πατρὶς

1911 5684 2107 5753 λέγων,
2147 5688 2225 5752 ὡς
2271 5689 2639 5758 Αὐγουστῖνος
2690 5695 2851 5750 ἄλλον
2891 5697 3092 5767 τρόπον
3135 5699 3198 5753 τὸ
3237 5701 3486 5771 Πνεῦμα,

1909 5777 2072 5850 ἀλλον
2092 5779 2148 5833 δὲ
2178 5782 2268 5833 τὸν
2295 5784 2538 5856 Πατέρα,
2567 5788 2642 5850 ὡς
2677 5789 2705 5839 6
2740 5789 2900 5850 αὐτός
2939 5806 3094 5859 φησι.
3127 5793 3280 5854 Τινὲς
3307 5797 3363 5849 δὲ
3395 5797 3486 5853 ἵνα

1913 5871 1988 5942 μὴ
2022 5872 2147 5927 Υίὸν
2171 5874 2271 5945 τῆς
2291 5874 2488 5948 βουλῆς
2512 5878 2544 5948 ἢ
2569 5879 2666 5947 τῆς
2693 5878 2964 5951 θελήσεως
2993 5883 3086 5934 τοῦ
3111 5883 3244 5936 Θεοῦ
3277 5886 3488 5957 λέγοιεν
