4034 6446
341 392 481 458 1049
568 400 573 405 ’

1469 380 1904 445 REFUTATIO
1929 376 2458 441 .ARGYROPULI.

3458 369 3598 428 107:0

339 509 433 565 τοῦ
458 505 753 578 προϊούσας
790 503 1115 566 ὑποστάσεις
1137 499 1478 571 καθυϐρίζει,
1509 497 1792 566 δυνάμεων
1817 496 1912 548 αὐ-
1939 497 1986 554 Α
2018 493 2093 564 μὴ
2139 493 2218 562 τῇ,
2250 493 2408 561 οὐσίᾳ
2447 488 2756 559 παράγουσι
2802 486 2903 557 τὴν
2949 483 3130 538 κτίσιν
3167 480 3420 544 εἰδικῶς’
3454 482 3593 534 ῶστε

340 599 439 663 τὰς
470 599 850 668 ἀνενεργήτων
881 595 1139 665 μετόχους
1171 591 1366 656 εἰπὼν,
1416 590 1512 644 καὶ
1558 588 1765 660 μυρίων
1806 587 1910 638 δει-

343 692 452 746 νῶν
481 691 578 745 καὶ
601 688 962 760 βλασφημιῶν
996 684 1214 754 ἀναπλῆ
1241 684 1302 737 τὸ
1335 682 1700 751 σύγγραμμα.
1743 677 1910 733 Ἀλλά

343 781 505 836 πάλιν
541 779 728 849 ῶσπερ
763 779 870 830 ὑπὸ
903 777 1003 844 τῆς
1037 774 1295 843 ἀληθείας
1328 769 1787 838 συνελαυνόμενος
1816 767 1912 820 αὒ-

341 874 426 935 θις
457 872 682 941 ἀφαιρεῖ
711 869 837 924 ’ἀπὸ
881 867 978 921 τοῦ
1013 865 1142 920 Υίοῦ
1168 863 1377 918 καὶτοῦ
1409 861 1724 930 Πνεύματος
1756 859 1792 914 ἃ.
1825 857 1912 913 δέ·

338 965 532 1018 δωκεν.
565 964 639 1017 Ἦ
672 961 724 1014 τί
767 959 903 1014 ἄλλο
947 958 1196 1028 βούλεται
1248 955 1422 1024 λέγων
1463 955 1544 1006 ὅτι
1588 953 1616 1005 ό
1668 950 1796 1013 Υίδς
1825 948 1915 1003 διὰ

339 1058 500 1111 τοῦτο
526 1057 585 1109 οὐ
615 1055 802 1124 γεννᾷ,
830 1053 950 1106 οὐδὲ
983 1052 1044 1105 τὸ
1075 1049 1356 1120 Πνεῦμαῆ
1389 1047 1574 1116 γεννᾷ,
1610 1045 1643 1116 ἢ
1674 1043 1915 1115 προϐάλ-

341 1149 444 1210 λει,
484 1146 618 1199 διότι
662 1142 900 1196 σύνεισιν
935 1143 990 1194 αί
1033 1141 1141 1192 τῶν
1193 1137 1439 1206 προόδων
1475 1138 1751 1207 ἐνέργειαι
1793 1134 1916 1196 ταῖς

341 1239 551 1294 ἑαυτῶν
583 1238 910 1305 δυνάμεσιν;
937 1231 1062 1288 Είσὶ
1083 1232 1139 1286 δὲ
1162 1232 1272 1302 ἀρα
1300 1232 1359 1283 ὲν
1387 1227 1466 1298 τῷ
1499 1227 1698 1298 Πατρὶ,
1725 1226 1914 1293 ὥσπερ

343 1334 396 1384 αί
434 1328 789 1399 ἐνεργητικαὶ
823 1325 1043 1394 πρόοδοι
1086 1323 1143 1378 αῖ
1175 1322 1236 1375 οὐ
1270 1320 1661 1390 μεταδίδονται,
1695 1315 1817 1370 οὐδὲ
1857 1317 1916 1370 αί

343 1421 617 1490 σύστοιχοι
637 1418 843 1472 τούτων
873 1416 1157 1486 δυνάμεις,
1187 1414 1277 1468 ἶνα
1302 1415 1376 1483 μὴ
1409 1413 1680 1481 ἄπρακτοι
1704 1402 1799 1463 καὶ
1825 1425 1918 1462 κε-

342 1514 431 1567 ναὶ
459 1506 594 1565 ὦσιν
625 1511 684 1562 ὲν
719 1511 922 1571 αὐτοῖς.
958 1507 1168 1561 Οὐκοῦν
1198 1504 1322 1558 οὕτε
1357 1503 1419 1556 τὸ
1450 1501 1676 1571 Πνεῦμα
1704 1500 1915 1554 οὐδετέ-

345 1620 442 1671 ραν
473 1601 586 1671 ἐχει
614 1599 862 1668 δύναμιν,
887 1596 1016 1651 οὔτε
1053 1598 1162 1665 γὰρ
1197 1595 1383 1665 γεννᾷ,
1423 1591 1550 1645 οὔτε
1599 1587 1914 1658 προϐάλλει,

340 1691 464 1744 οὐτε
519 1690 612 1743 τὸν
668 1688 799 1742 Υίδν
843 1687 926 1740 δεῖ
965 1687 1110 1756 ἔχειν
1141 1683 1450 1747 οὐδετέραν,
1480 1680 1604 1734 ἐπεὶ
1649 1679 1786 1750 μηδὲ
1817 1677 1916 1747 τὴν

2015 583 2250 637 ἐνταῦθα
2305 582 2572 650 πρόδηλος
2621 582 2655 650 ή
2697 579 2798 647 τῆς
2826 580 3003 648 ἀρχῆς
3027 576 3217 644 ἑνότης
3247 576 3304 626 ὲν
3337 575 3447 636 τοῖς
3481 591 3590 644 τρι-

2015 668 2230 734 σ“ιν,ιὸτι
2262 669 2353 719 καὶΙ
2387 667 2655 738 πρόδηλος
2688 668 2720 735 ἡ
2754 666 2856 735 τῆς
2889 665 3175 733 δυνάμεως
3215 662 3490 725 κοινωνία,
3513 665 3590 715 ὅτι

2015 759 2080 812 οὐ
2118 759 2262 813 κατά
2292 758 2388 820 τὰς
2418 759 2767 822 ὑποστάσεις,
2798 758 2930 810 ἀλλά
2966 757 3100 810 καθὸ
3129 757 3186 808 ἓν
3209 756 3316 810 είσι
3340 758 3407 826 τῇ
3439 756 3590 825 οὐσίᾳ
3621 766 3626 767 ’

2013 852 2116 920 τὴν
2146 851 2325 904 κτίσιν
2354 850 2721 918 παράγουσιν,
2754 850 2896 902 ὥστε
2939 849 3071 902 καθὸ
3102 848 3160 901 ἓν
3199 849 3303 900 είσι
3334 851 3399 914 τῇ
3432 846 3590 899 δυνά-

2019 959 2132 1012 μει,
2162 943 2277 994 ὲκεί
2305 940 2364 1020 δὲ
2386 943 2484 1012 οὐχ
2509 942 2702 1005 οὕτως.
2733 944 2807 994 Οὐ
2837 944 2948 1010 γὰρ
2984 935 3094 994 οἷόν
3127 957 3186 994 τε
3217 941 3316 1010 τὴν
3349 939 3590 1008 προϐληο

2014 1033 2178 1102 τικὴν
2235 1032 2439 1102 ταύτην
2502 1033 2731 1102 δύναμιν
2782 1034 3013 1102 οὐσιώδη
3071 1033 3237 1100 φάναι
3283 1025 3482 1098 ἐφόσον
3529 1031 3591 1082 οὐ

2017 1126 2280 1190 πρόσεστι
2309 1124 2405 1176 καὶ
2445 1123 2522 1192 τῷ
2552 1124 2855 1194 Πνεύματι,
2884 1123 3238 1194 προσωπικὸν
3267 1124 3325 1177 δέ
3355 1124 3528 1188 ἐστιν,
3567 1121 3592 1174 ὃ

2019 1217 2096 1286 μή
2132 1217 2278 1268 ἐστιν
2302 1216 2584 1280 οὐσιῶδες,
2613 1217 2706 1268 καὶ
2740 1215 2837 1286 ὅλῃ
2861 1217 2926 1283 τῇ
2952 1215 3072 1284 θείᾳ
3100 1215 3261 1283 φύσει
3287 1216 3593 1283 προσῆκον·

2017 1305 2382 1376 προσωπικὴν
2414 1305 2472 1360 δὲ
2512 1305 2741 1373 δύναμιν
2781 1305 2840 1358 ὲν
2868 1305 3046 1371 Πατρὶ
3083 1305 3180 1356 καὶ
3208 1305 3321 1372 Υίῷ
3354 1306 3486 1373 μίαν
3520 1303 3596 1357 εἷ-

2016 1413 2105 1451 ναι
2153 1398 2442 1457 ἀδύνατον,
2495 1395 2727 1464 οὐσιώδη
2775 1396 2832 1448 δὲ
2883 1397 2980 1448 καὶ
3024 1395 3120 1466 ὅλῃ
3160 1397 3227 1464 τῇ
3262 1395 3388 1466 θείᾳ
3436 1395 3597 1463 φύσει

1977 1511 1981 1515 ·
2017 1491 2402 1560 προσήκουσαν
2435 1488 2518 1540 ἔτι
2553 1489 2983 1558 ἀδυνατώτερον.
3028 1489 3232 1542 Μέλλοι
3265 1490 3375 1559 γὰρ
3411 1491 3478 1543 ἂν
3507 1489 3600 1542 οὐ·

2015 1581 2204 1652 τως,ἢ
2253 1581 2350 1635 καὶ
2392 1581 2524 1634 αὐτὸ
2576 1581 2638 1632 τὸ
2680 1581 2902 1650 Πνεῦμα
2935 1580 3285 1650 προϐάλλειν,
3325 1581 3358 1651 ἦ
3391 1580 3600 1650 ἔρημον

2017 1674 2308 1735 οὐσιὼδους
2345 1673 2629 1742 δυνάμεως
2657 1670 2737 1736 ὃν,
2780 1671 2855 1740 μὴ
2900 1673 2957 1723 ὲν
2989 1675 3056 1743 τῇ
3104 1671 3328 1742 θεότητι
3376 1675 3477 1744 τῆς
3502 1672 3600 1725 τοῦ

339 1784 554 1854 ἑτέραν.
592 1781 663 1834 Ἦ
692 1781 800 1850 γὰρ
822 1778 1010 1847 ἄμφω,
1040 1776 1074 1848 ἢ
1113 1773 1237 1846 μηδ’
1259 1774 1473 1844 ἑτέραν,
1497 1773 1688 1842 ῶσπερ
1708 1766 1802 1824 οὖν
1821 1769 1918 1825 καὶ
1948 1849 1981 1854 Α
2019 1765 2232 1837 Πατρὸς
2267 1766 2364 1828 καὶ
2383 1764 2516 1818 Υίοῦ
2543 1764 2734 1826 οὐσίας
2773 1759 2937 1818 εῖναι.

342 1877 402 1929 τὸ
431 1849 673 1943 Πνεῦμα.
721 1849 864 1924 Ἀλλ’
890 1869 1187 1938 ἐπενόησεν
1215 1865 1379 1928 αὐτὸς
1412 1862 1680 1932 ἀνάγκην,
1715 1855 1917 1943 ᾖᾲπαρ-
1947 1849 1990 1906 Β
2088 1857 2152 1911 Εἰ
2184 1851 2284 1927 μὲν
2311 1852 2406 1910 οὖν
2437 1852 2550 1909 οἷόν
2594 1872 2652 1908 τε
2686 1850 2755 1925 ἦν
2800 1853 2898 1924 τὴν
2938 1853 3316 1924 προϐλητικὴν
3362 1853 3599 1923 δύναμιν

345 1969 528 2037 ίστησι
582 1965 675 2016 τὸν
724 1961 853 2015 Υίὸν
903 1960 1050 2030 ἔχειν
1104 1961 1204 2028 τὴν
1261 1954 1634 2028 προϐλητικὴν
1685 1953 1918 2022 δύναμιν

340 2061 440 2129 τὴν
470 2059 528 2112 ὲν
559 2055 738 2126 Πατρὶ
759 2052 909 2124 αὐτῷ
941 2051 1228 2122 διὼμέιην
1257 2049 1348 2103 διὰ
1379 2046 1706 2117 γεννήσεως.

853 2161 1424 2222 ΑΡΓΥΡΟΠΟΥΛΟΣ.

422 2284 571 2354 Αὐτὴ
605 2282 714 2352 γὰρ
748 2279 828 2336 ὅθ’
866 2279 995 2343 Υίδς
1044 2279 1350 2349 παρῆκται,
1405 2271 1574 2344 μήπω
1625 2268 1921 2340 νοουμένου

343 2377 437 2433 τοῦ
504 2375 824 2445 Πνεύματος
883 2367 1318 2441 ἐκπορεύεσθαι,
1377 2363 1634 2433 καθάπερ
1685 2360 1921 2432 πρόσθεν

347 2471 630 2539 ἐλέγομεν,
677 2467 744 2520 ἐκ
795 2461 1008 2534 Πατρδς
1045 2460 1246 2514 δίδοται
1294 2455 1372 2526 τῷ
1429 2453 1547 2523 Υίῷ
1602 2453 1769 2524 μήπω
1826 2450 1920 2505 τοῦ

350 2562 560 2632 ιιατρὺς
590 2559 666 2621 ὼς
699 2554 1009 2627 προϐολέως
1041 2552 1178 2623 αὐτῇ
1213 2551 1274 2604 τὸ
1305 2545 1533 2618 Πνεῦμα
1562 2549 1919 2616 προάγοντος.

916 2663 1374 2722 ΔΓΑΛΛΙΔΝΟΣ.

412 2793 489 2847 ’Τί
520 2792 647 2864 φῂς,
682 2788 975 2858 ἀνθρωπε;
1006 2781 1399 2852 ξυμϐαίνουσιν
1427 2776 1534 2849 ἀρα
1576 2777 1644 2847 τῇ
1679 2772 1926 2846 ἡμετέρᾳ

339 2884 536 2954 ’νοήσει
586 2882 644 2935 αἱ
677 2880 820 2933 θεῖαι
846 2876 943 2930 καὶ
981 2868 1344 2942 ἀκατανόητοι
1375 2868 1597 2940 πρόοδοι
1633 2866 1743 2920 τῶν
1786 2867 1924 2918 ὑπο-

351 2977 596 3030 στάσεων
635 2973 862 3026 ἐκείνων
913 2969 1023 3023 τῶν
1071 2965 1259 3031 θείων,
1310 2962 1406 3016 καὶ
1444 2962 1638 3032 χρόνος
1687 2956 1924 3012 ἐνταῦθα

351 3071 642 3139 θεωρεῖται
669 3064 844 3120 καὶτὸ
877 3063 1143 3132 πρότερον
1173 3059 1266 3112 καὶ
1291 3056 1537 3126 ὕστερον.
1565 3053 1630 3105 Τί
1664 3052 1773 3121 γὰρ
1796 3049 1925 3106 ἄλλο

296 3193 298 3195 >
353 3161 604 3232 βούλεται
639 3158 720 3220 τι,
748 3155 969 3207 Δέδοται
1003 3151 1082 3220 τῷ
1114 3148 1250 3218 Υίῷ,
1288 3148 1455 3218 μήπω
1487 3144 1583 3198 τοῦ
1611 3145 1823 3214 Πατρὺς
1849 3143 1924 3207 ῶς

2022 1950 2292 2021 ὑπάρχειν
2337 1949 2433 2003 καὶ¹
2475 1947 2554 2018 τῷ
2591 1948 2730 2017 Υίῷ,
2760 1947 2857 2001 καὶ
2901 1947 3036 2018 μήτε
3082 1946 3116 2016 ἡ
3152 1946 3246 1999 τοῦ
3278 1946 3596 2015 Πνεύματος

2023 2041 2217 2112 θεότης
2251 2039 2644 2103 ὲκινδυνεύετο,
2678 2041 2817 2109 μήτε
2869 2039 2908 2105 ἡ
2954 2035 3063 2092 τῶν
3119 2037 3428 2110 προσώπων
3480 2039 3599 2094 διά-

2021 2155 2206 2208 κρισις
2230 2155 2244 2169 ’
2273 2136 2428 2190 οὐδὲν
2480 2135 2548 2190 ἂν
2594 2130 2663 2207 ἦν
2685 2133 2923 2205 χαλεπὸν
2969 2132 3061 2188 διὰ
3095 2135 3194 2204 τὴν
3235 2133 3502 2204 διαίρεσιν
3533 2137 3598 2206 ἢν

2021 2229 2208 2299 τίθησι
2266 2227 2366 2298 τῆς
2417 2228 2612 2300 ἀρχῆς,
2667 2229 2868 2296 τρόπον
2902 2227 3025 2282 τινὰ
3087 2227 3219 2298 μίαν
3270 2228 3446 2301 ἀρχήν
3498 2229 3597 2282 τοῦ

2025 2319 2343 2389 Πνεύματος
2373 2316 2541 2372 εἰπὼν
2584 2318 2677 2371 τδν
2711 2319 2931 2388 Πατέρα
2980 2317 3080 2370 καὶ
3109 2317 3201 2370 τὸν
3235 2317 3382 2384 Υίδν,
3413 2320 3496 2374 ὅτι
3533 2324 3598 2391 τῇ

2023 2413 2179 2482 κοινῇ
2203 2410 2298 2464 καὶ
2330 2409 2434 2482 μιᾷ
2457 2408 2616 2480 οὐσίᾳ.
2646 2408 2805 2461 τοῦτο
2836 2407 3080 2476 προῆγον
3103 2409 3170 2463 άν
3187 2422 3205 2440 ο
3233 2409 3357 2462 ιπεὶ
3389 2399 3448 2463 δὲ
3471 2411 3600 2464 ἀδύ-

2023 2519 2186 2556 νατον
2231 2501 2498 2571 ὑπάρχειν
2541 2499 2621 2570 τῷ
2660 2499 2776 2569 Υίῴ
2822 2500 2920 2566 τ’ὴν
2947 2498 3206 2570 τοιαύτην
3249 2498 3481 2571 δύναμιν
3512 2503 3600 2557 διά

2023 2610 2082 2646 τε
2121 2592 2196 2646 τά
2238 2591 2334 2644 νῦν
2388 2591 2679 2661 εἰρημένα,
2725 2589 2820 2642 καὶ
2867 2587 3042 2643 ἄλλων
3094 2588 3305 2643 πολλῶν
3350 2591 3512 2646 ἕνεκα
3565 2593 3602 2649 ἃ

2027 2681 2465 2753 παραλέλειπται
2495 2681 2656 2752 χάριν
2687 2680 3002 2751 συντομίας,
3034 2680 3094 2734 οὐ
3123 2681 3255 2735 διότι
3281 2671 3516 2754 ήδύνατο
3535 2685 3603 2739 ἀν

2023 2772 2228 2843 τρόπῳ,
2277 2768 2378 2840 μία
2425 2767 2571 2823 εἷναι
2613 2772 2671 2824 ὲν
2731 2771 2959 2838 ἀμφοῖν,
3015 2768 3074 2821 εί
3129 2784 3194 2837 τε
3253 2771 3348 2824 καὶ
3401 2773 3602 2844 ἀμφοῖν

2025 2862 2242 2932 παρῆν·
2269 2860 2358 2914 διὰ
2396 2860 2558 2914 τοῦτο
2600 2861 2982 2931 πιστεύσωμεν
3028 2862 3121 2915 καὶ
3160 2861 3239 2932 τῷ
3270 2861 3384 2931 Υίῷ
3425 2863 3602 2918 ταῦτα

2025 2956 2334 3026 προσεῖναι,
2358 2953 2510 3021 παρὰ
2534 2951 2736 3021 φαῦλον
2761 2952 2977 3022 θέμενοι
3011 2953 3216 3016 ἐκεῖνα,
3243 2953 3312 3008 δι’
3344 2955 3444 3008 ὅσα
3471 2955 3601 3009 ἀδύ-

2026 3046 2188 3100 νατόν
2221 3047 2339 3099 ἐστι
2377 3047 2665 3115 προσεῖναι
2693 3045 2791 3098 καὶ
2823 3043 2903 3114 τῷ
2951 3044 3064 3114 Υίῷ
3104 3046 3313 3116 ταύτην
3368 3047 3603 3116 μέγιστα

2017 3134 2177 3200 ἥντα,
2213 3138 2308 3188 καὶ
2329 3134 2430 3204 οὐχ
2462 3128 2549 3186 οἷα
2575 3134 2892 3204 παρῶφθαι,
2919 3130 2994 3188 ὧν
3025 3134 3142 3187 ἔνια
3171 3135 3268 3189 καὶ
3295 3139 3351 3190 ἐν
3377 3141 3492 3202 τοῖς
3525 3141 3604 3192 εί·-

680 3207 749 3300 τὸ
769 3244 995 3314 Πνεῦμα
1021 3207 1391 3312 προάγοντος,
1431 3235 1598 3289 Ἀλλὰ
1626 3207 1926 3304 ταῦταμὲν
1949 3207 1996 3272 C
2029 3228 2288 3298 ρημένοις
2313 3226 2431 3279 ἐστὶ
2463 3225 2559 3278 καὶ
2577 3225 2665 3279 διὰ
2690 3225 2798 3278 τῶν
2827 3224 3000 3293 ἁγίων
3032 3225 3409 3283 ἀποδέδεικται
3430 3245 3446 3261 ο
3487 3225 3602 3285 οἷον

351 3345 427 3406 ὡς
463 3335 911 3410 προεληλεγμένα
943 3334 1037 3385 καὶ
1065 3328 1486 3396 αὐτεξὲλεγκτα,
1511 3327 1606 3379 καὶ
1642 3324 1924 3396 προδήλως

353 3437 672 3506 βλάσφημα,
704 3428 825 3482 οὐδὲ
857 3423 1068 3485 πολλῶν
1097 3423 1307 3476 δέονται
1331 3421 1508 3490 λόγων
1527 3436 1542 3451 ·
1581 3418 1716 3486 πρὸς
1741 3417 1799 3471 δὲ
1828 3414 1927 3485 τὴν

352 3527 612 3594 δευτέραν
670 3519 779 3574 τῶν
828 3516 1074 3587 ἀποριῶν
1107 3507 1226 3568 ’καὶ
1272 3513 1371 3582 τὴν
1419 3510 1575 3564 λύσιν
1613 3509 1782 3578 αὐτῆς
1833 3507 1927 3560 τω-

361 3634 482 3688 μεν.

437 3707 562 3769 Πῶς
593 3701 688 3760 οὖν
719 3704 781 3756 οὐ
803 3701 896 3756 δύο
918 3698 1088 3770 ἀρχαὶ
1107 3698 1250 3752 δυοῖν
1279 3696 1448 3750 ὄντων
1473 3693 1580 3746 τῶν
1600 3689 1953 3763 προϐαλλόνσι

358 3812 490 3861 των,
518 3794 552 3864 ἢ
577 3793 691 3856 πῶς
715 3791 776 3844 οὐ
804 3785 1118 3857 ξυναλοιφὴ,
1148 3787 1198 3839 εί
1229 3783 1323 3838 δύο
1349 3782 1447 3854 μία
1479 3781 1656 3852 ἀρχῆς
1692 3781 1831 3850 Πρὸς
1863 3779 1926 3848 δὴ

359 3889 457 3955 τὴν
483 3884 741 3953 τοιαύτην
761 3880 994 3952 ἀπορίαν
1015 3877 1212 3945 ἐπάγει
1235 3875 1335 3944 μὲν
1360 3871 1554 3938 πολλὰ,
1583 3871 1757 3925 δοκῶν
1780 3869 1928 3924 λύειν

361 3978 554 4046 αὐτὴν,
591 3973 746 4029 οὐδὲν
773 3972 831 4027 δὲ
855 3970 1003 4040 ὑγιές
1035 3970 1185 4022 ἐστιν
1220 3964 1419 4019 αὐτῶν.
1455 3963 1664 4032 Διαιρεί
1696 3959 1796 4030 μὲν
1821 3960 1929 4031 γὰρ

357 4069 456 4139 τὴν
488 4065 665 4136 ἀρχὴν
712 4064 792 4126 είς
835 4061 1091 4130 δύναμιν,
1118 4049 1153 4130 ᾖ
1187 4055 1418 4125 προάγει
1457 4053 1518 4105 τὸ
1550 4049 1929 4124 προαγόμενον

359 4162 672 4232 πρόσωπον,
700 4154 794 4209 καὶ
816 4155 896 4216 είς
928 4152 990 4204 τὸ
1015 4149 1308 4220 πρόσωπον
1341 4143 1474 4199 αὐτὸ
1506 4141 1535 4196 ὃ
1558 4143 1810 4212 προάγει,
1836 4140 1934 4194 καὶ

359 4251 750 4323 συμπεραίνων
812 4247 1008 4309 οἴεται,
1078 4239 1244 4310 μηδὲν
1303 4233 1446 4291 εἶναι
1507 4237 1731 4300 άτοπον,
1793 4232 1931 4302 μηδὲ

359 4334 854 4412 παραϐλάπτεσθαι
883 4334 943 4386 τὸ
980 4329 1267 4402 μοναδικὸν
1297 4328 1396 4395 τῆς
1421 4325 1618 4396 ἀρχῆς,
1652 4326 1701 4378 ει
1725 4324 1818 4376 δύο
1849 4323 1934 4375 λέ..

362 4451 548 4507 γοιντο
597 4432 866 4502 πρόσωπα
925 4422 1303 4495 προϐάλλοντα
1357 4420 1453 4473 καὶ
1501 4419 1595 4472 δύο
1637 4419 1804 4489 ἁρχαὶ
1859 4416 1933 4479 ὡς

2025 3319 2091 3373 τὸ
2118 3319 2358 3390 ίδιότητα
2399 3317 2494 3371 τοῦ
2529 3317 2744 3388 Πατρδς
2790 3310 2928 3370 εἶναι
2955 3318 3056 3388 τὴν
3088 3320 3263 3390 ἀρχὴν
3303 3321 3397 3373 καὶ
3424 3321 3485 3374 τὸ
3517 3323 3605 3375 αἰ-

2027 3426 2162 3476 τιον,
2205 3413 2300 3463 καὶ
2327 3409 2384 3462 τὸ
2405 3409 2652 3481 γόνιμον,
2678 3410 2769 3462 καὶ
2799 3410 2868 3464 τὰ
2889 3411 3115 3465 τοιαῦτα
3146 3411 3290 3465 κατὰ
3329 3415 3455 3477 τούς
3481 3414 3600 3468 θεο-

2027 3503 2220 3570 λόγους
2248 3499 2331 3564 οἷς
2360 3502 2421 3553 οὑ
2452 3501 2673 3570 συνᾴδει
2707 3501 2768 3554 τὺ
2809 3503 2905 3553 καὶ
2932 3501 3025 3554 τὸν
3053 3501 3181 3557 Υίὺν
3213 3504 3484 3574 προϐολέα
3525 3503 3605 3559 εἶ-

2028 3610 2116 3674 ναι
2146 3593 2240 3646 τοῦ
2267 3591 2610 3660 Πνεύματος,
2640 3591 2673 3662 ἢ
2703 3591 2898 3655 αῐτιον,
2926 3592 2958 3661 ἢ
3009 3593 3110 3645 ὅσα
3139 3594 3367 3647 τοιαῦτα
3400 3597 3452 3648 οί
3502 3598 3603 3668 τὴν

2029 3682 2310 3750 θεολογίαν
2369 3683 2479 3734 τῶν
2537 3681 2713 3750 ἁγίων
2761 3681 3230 3752 παραφθείροντες
3288 3688 3601 3756 ἐπισφαλῶς

2029 3773 2303 3844 λέγουσιν.
2340 3772 2557 3843 Ὥσπερ
2595 3770 2692 3829 οὖν
2719 3771 2768 3823 εί
2793 3770 2883 3824 διά
2912 3773 2980 3825 τὰ
3014 3774 3283 3841 πρόσωπα
3315 3778 3442 3846 τρία
3471 3778 3604 3832 ὄντα

2028 3870 2179 3937 τρεῖς
2208 3865 2473 3935 ἐλέγομεν
2505 3863 2682 3928 θεοὺς,
2711 3864 2812 3935 τὴν
2842 3864 3136 3920 πολυθεῖαν
3163 3869 3261 3920 οὐκ
3296 3870 3364 3922 ἂν
3407 3871 3605 3939 ἐξεφύ-

2031 3976 2202 4029 γομεν
2224 3998 2240 4026 ,
2269 3959 2375 4012 κᾶν
2405 3957 2604 4012 ὁπόσον
2633 3960 2700 4028 τῇ
2739 3959 2838 4030 μιᾷ
2869 3958 3087 4027 θεότητι
3122 3961 3559 4032 καταφεύγωμεν
3584 3981 3598 3995 ο

2031 4054 2202 4118 οὑτως
2231 4054 2354 4108 οὐδὲ
2379 4055 2597 4108 Λατῖνοι
2634 4057 2732 4124 τὴν
2763 4055 3022 4125 θεαρχίαν
3053 4055 3463 4128 ὲκφευξοῦνται,
3497 4061 3604 4127 ἕως

2031 4147 2125 4200 δύο
2159 4147 2426 4215 πρόσωπα
2447 4149 2541 4200 δύο
2570 4146 2977 4225 προϐάλλοντας
2998 4149 3272 4218 λέγοντες,
3313 4152 3416 4206 κάν
3453 4154 3608 4228 διαρ-

2036 4239 2267 4309 ραγῶσι,
2296 4241 2428 4308 μίαν
2461 4241 2519 4293 ἐν
2547 4240 2752 4309 ἀμφοῖν
2794 4239 3022 4310 δύναμιν
3061 4242 3436 4314 προϐλητικήν
3466 4245 3607 4304 εἶναι

2038 4331 2294 4401 βοῶντες.
2365 4330 2582 4400 ’Ὠσπερ
2645 4329 2753 4399 γὰρ
2814 4331 2991 4384 ἐκεῖνο
3059 4333 3194 4385 πᾶσι
3259 4337 3372 4398 τοῖς
3428 4331 3609 4407 ἁγίοις

2037 4424 2230 4489 ἀσεϐὲς
2275 4423 2454 4488 ἔδοξεν
2503 4418 2663 4490 εἶναι,
2694 4419 2836 4476 οὕτω
2878 4423 2973 4474 καὶ
3019 4421 3180 4476 τοῦτο
3227 4426 3363 4479 πᾶσι
3417 4431 3610 4483 σεσιώ-

364 4505 652 4594 πρόσωπα,
682 4517 804 4570 ἐπεὶ
835 4514 936 4585 μιᾷ
963 4513 1191 4582 δυνάμει
1222 4510 1316 4564 καὶ
1337 4511 1406 4582 τῇ
1437 4508 1575 4579 αὐτῇ
1606 4507 1683 4578 τῷ
1711 4505 1933 4577 ἀριθμῷ
1965 4543 2009 4600 D
2043 4530 2238 4583 πηται,

363 4613 782 4687 προϐάλλουσιν.

445 4706 674 4774 Ἐρείδει
707 4703 765 4757 δὲ
786 4703 877 4755 τὸν
909 4702 1068 4769 λόγον
1090 4703 1185 4755 καὶ
1209 4697 1325 4761 πῶς
1349 4712 1367 4764 ;
1393 4695 1555 4766 Τρεῖς
1590 4693 1767 4764 ἀρχὰς
1796 4687 1935 4746 εἶναι

361 4799 539 4866 λέγων
567 4797 668 4866 τῆς
705 4797 958 4855 κτίσεως,
986 4793 1080 4844 τὸν
1111 4791 1331 4859 Πατέρα
1357 4787 1453 4842 καὶ
1485 4786 1576 4838 τὸν
1604 4785 1732 4838 Υίὸν
1758 4785 1854 4837 καὶ
1877 4782 1937 4836 τὸ

360 4891 519 4960 ἅγιον
571 4885 820 4954 Πνεῦμα,
854 4885 954 4954 μιᾷ
999 4883 1054 4934 δὲ
1079 4884 1227 4952 ὅμως
1276 4880 1508 4950 δυνάμει
1555 4876 1932 4948 δημιουργεῖν,

359 4983 441 5034 διὸ
472 4980 565 5033 καὶ
587 4979 684 5031 ἕνα
707 4971 848 5030 εἶναι
871 4972 1206 5043 δημιουργὸν
1237 4969 1331 5024 καὶ
1355 4967 1477 5022 καθ’
1500 4968 1798 5038 ὁμοιότητα
1818 4965 1939 5018 τού-

360 5090 456 5126 του
491 5071 652 5140 φησὶ,
685 5066 857 5138 μηδὲν
879 5063 1112 5118 κωλύειν
1147 5063 1240 5117 καὶ
1271 5062 1366 5115 δύο
1387 5061 1565 5130 ἀρχάς
1598 5057 1690 5114 τδν
1719 5057 1938 5128 Πατέρα

363 5164 545 5230 λέγειν
579 5165 675 5213 καὶ
703 5159 796 5212 τὸν
826 5157 978 5221 Υίὺν,
1015 5155 1112 5209 καὶ
1145 5154 1245 5209 δύο
1273 5152 1680 5224 προϐάλλοντας
1702 5167 1718 5185 υ
1753 5151 1850 5204 ἕνα
1882 5149 1939 5203 δὲ

361 5259 511 5326 ὅμως
542 5251 841 5322 προϐολέα,
877 5249 956 5321 τῷ
987 5250 1118 5318 μίαν
1140 5249 1197 5301 ὲν
1220 5247 1426 5317 ἀμφοῖν
1458 5244 1830 5316 προϐλητικὴν
1863 5236 1941 5294 εῖ-

362 5363 454 5399 ναι
517 5343 786 5412 δύναμιν·
848 5339 1050 5394 ὡσανεὶ
1117 5337 1303 5404 ἔλεγεν
1365 5335 1449 5388 δτι
1504 5335 1657 5406 τρεῖς
1717 5335 1784 5386 ἂν
1851 5332 1940 5386 λέ-

361 5452 543 5505 γοιντο
572 5435 688 5487 θεοὶ
713 5432 788 5496 ὡς
811 5431 938 5501 τρία
968 5429 1258 5500 πρόσωπα,
1288 5426 1386 5497 μία
1417 5426 1568 5495 ὅμως
1592 5423 1804 5492 θεότης.

448 5527 609 5581 Ἀλλά
628 5522 936 5578 τούναντίον
960 5520 1196 5583 ἅπαντες
1232 5519 1382 5587 ἅγιοι
1404 5518 1654 5587 λέγουσιν
1677 5517 1938 5585 εὐσεϐῶς,

363 5622 448 5674 δτι
475 5622 533 5674 αί.
562 5622 711 5689 τρεῖς
741 5615 1068 5680 ὑποστάσεις
1108 5614 1219 5667 είσὶ
1259 5611 1360 5683 μία
1385 5612 1483 5680 τῆς
1517 5611 1748 5673 κτίσεως
1770 5609 1937 5680 ἀρχὴ,

364 5712 446 5765 ὅτι
482 5711 622 5764 κατὰ
651 5710 750 5780 τὴν
789 5708 1020 5779 ἑνότητα
1051 5706 1154 5776 τῆς
1175 5705 1363 5769 οὐσίας
1387 5703 1564 5757 αὐτῶν
1603 5705 1634 5773 ἡ
1679 5702 1941 5772 δημιουρ-

364 5804 496 5876 γικὴ
526 5805 816 5874 πρόσεστιν
847 5803 1041 5864 αὑταῖς
1066 5799 1316 5868 δύναμις,
1343 5798 1438 5853 καὶ
1467 5797 1743 5868 ἐνέργεια,
1764 5796 1812 5849 εἰ
1846 5798 1940 5848 καὶ

2109 4603 2322 4660 Οὐκοῦν
2354 4606 2478 4659 ἐπεὶ
2517 4605 2630 4667 τοῖς
2665 4603 2926 4668 τοιούτοις
2961 4606 3060 4675 οὐχ
3101 4605 3303 4670 ίκανῶς
3339 4606 3528 4664 λύεται
3573 4611 3608 4682 ή

2036 4695 2242 4765 ἀπορία
2273 4695 2368 4748 καὶ
2394 4694 2453 4747 τὸ
2484 4693 2578 4747 δύο
2611 4694 2784 4764 ἀρχὰς
2817 4695 2995 4763 λέγειν
3024 4695 3114 4750 τὸν
3151 4697 3367 4767 Πατέρα
3395 4699 3492 4752 καὶ
3518 4685 3610 4754 τὸν

2040 4784 2187 4852 Υίὸν,
2219 4783 2421 4853 φαῦλόν
2450 4785 2600 4837 ἐστιν
2621 4785 2717 4836 καὶ
2744 4785 3022 4853 αίρετικδν
3057 4787 3149 4839 καὶ
3178 4787 3238 4840 τὸ
3277 4788 3405 4857 μίαν
3435 4790 3611 4860 ἀρχὴν

2037 4878 2138 4940 τὰς
2171 4877 2266 4930 δύο
2298 4876 2476 4944 λέγειν
2503 4876 2856 4943 ὑποστάσεις,
2898 4881 2993 4932 καὶ
3031 4877 3131 4949 τὴν
3185 4880 3517 4951 συναλοιφὴν
3547 4884 3610 4936 οὐ

2037 4965 2431 5035 διαπέφευγεν.
2467 4960 2562 5028 Οἷς
2592 4965 2701 5036 ἄρα
2734 4967 3057 5036 περιπίπτει
3095 4971 3122 5022 ό
3148 4969 3322 5023 ταῦτα
3350 4970 3540 5036 ἀξιῶν.

2111 5059 2223 5114 Καὶ
2251 5058 2314 5128 δὴ
2346 5059 2438 5112 τὸν
2471 5058 2630 5126 λόγον
2662 5059 2889 5115 τελειῶν
2917 5059 3090 5115 πολλὰ
3127 5063 3229 5132 μὲν
3261 5067 3387 5135 περὶ
3418 5065 3611 5120 ἑαυτοῦ

2025 5150 2540 5233 ιμεγαλορρημονεῖ,
2574 5150 2732 5203 ἐνίων
2765 5167 2824 5203 τε
2874 5152 3267 5223 κατεπαίρεται
3315 5154 3414 5225 τήν
3459 5157 3610 5209 ἐνανι

2039 5240 2162 5293 τίαν
2184 5241 2358 5308 δήπου
2375 5239 2553 5309 τούτῳ
2577 5239 2917 5310 φερομένων,
2944 5245 3254 5314 κομπηροῖς
3274 5261 3383 5298 τισι
3402 5245 3614 5316 ῥήμασι

2040 5331 2345 5402 λεληθότως
2374 5330 2582 5385 τούτων
2603 5331 3042 5400 καθαπτόμενος,
3074 5327 3150 5388 ὧν
3184 5335 3310 5404 ήμῖν
3340 5336 3495 5403 λόγος
3523 5338 3614 5391 οὐ-

2034 5426 2148 5487 521;
2180 5426 2291 5487 τοῖς
2339 5441 2402 5492 γε
2434 5424 2712 5494 σώφροσιν
2759 5423 2966 5493 ἀφιεῖσι
3017 5425 3117 5496 τὴν
3158 5430 3341 5494 κρίσιν
3381 5425 3610 5490 τούτων,

2042 5519 2130 5585 ἐφ’
2165 5511 2208 5583 ᾧ
2241 5515 2447 5586 πότερα
2493 5515 2745 5585 ποτέροις
2793 5518 3061 5587 προσήκει
3090 5517 3418 5586 διαγνῶναι*
3449 5518 3613 5588 ἡμεῖς

2043 5611 2098 5663 δὲ
2129 5611 2188 5662 οὐ
2223 5610 2358 5680 πρὸς
2405 5610 2503 5680 τὴν
2535 5609 2770 5663 καθόλου
2801 5608 2934 5681 ὓλην
2965 5612 3065 5679 τῆς
3115 5611 3320 5679 μεταξύ
3362 5609 3521 5681 ἡμῶν
3550 5628 3613 5663 τε

2044 5702 2139 5756 καὶ
2171 5701 2418 5756 Λατίνων
2443 5703 2707 5772 διαφορᾶς
2737 5701 2830 5754 τὸν
2867 5702 3116 5771 παρόντα
3141 5701 3296 5770 λόγον
3327 5701 3618 5772 ἐνεστησά-

2048 5794 2212 5865 μεθα,
2239 5794 2324 5847 ἵνα
2358 5795 2862 5862 κατασκευάσωμεν
2893 5792 2953 5844 τὸ
2980 5791 3193 5845 ἑαυτῶν
3221 5794 3615 5856 συμπέρασμα.
3704 5839 3715 5850 ,
