4034 6456
321 399 463 467 1053

1186 401 1355 463 JOBI
1393 380 1740 462 moment
1780 394 2233 460 PROOEMIUM
2272 392 2354 456 IN
2400 393 2769 455 PSALMOS.

3443 385 3580 456 1054

964 682 1025 829 ζ
1117 721 1696 838 JOSEPHI
1790 628 2830 849 'PATRIARCHAE”

1550 900 2421 1060 EPITAPHIUM.-

877 1127 1022 1189 (Acta
1052 1138 1192 1176 conc.
1220 1124 1442 1176 Florent.
1469 1123 1528 1174 ab
1552 1124 1755 1174 Horatio
1775 1124 2055 1175 Justtoiano
2087 1124 2310 1175 collecta.
2340 1126 2505 1176 Romae
2532 1126 2671 1188 1658,
2690 1125 2802 1189 τοι,
2828 1140 2876 1191 p.
2901 1126 3036 1189 28L)

329 1405 586 1462 Ecclesiae
613 1402 844 1459 antistes
883 1384 1220 1475 fueramqui
1249 1418 1477 1475 magnus
1504 1404 1653 1470 Eum,
1741 1458 1748 1463 .

400 1497 499 1552 Hic
519 1499 677 1568 jaceo
700 1512 928 1569 magnus
966 1497 1227 1569 religione
1255 1494 1478 1567 Joseph.

330 1590 443 1646 lloc
464 1606 631 1645 unum
667 1600 938 1660 optaram,
961 1589 1099 1644 miro
1130 1588 1493 1645 inﬂammatus
1523 1603 1730 1657 amore,

409 1678 559 1737 Unus
587 1695 647 1736 ut
680 1681 910 1751 Europa:
935 1679 1145 1748 cultus,
1179 1690 1233 1735 et
1267 1696 1369 1737 una
1399 1684 1550 1738 tides.

332 1774 539 1830 Italiam
574 1774 725 1857 petii,
753 1773 933 1830 {cadus
953 1773 1319 1844 percussimus
1350 1791 1554 1843 unum;

1911 1278 1982 1295 d

1930 1424 1981 1487 Α
2077 1406 2386 1478 Jtmctaque
2409 1408 2669 1465 Romanas
2694 1416 2784 1466 est
2817 1425 2905 1467 me
2927 1412 3066 1468 duce
3093 1411 3255 1468 Graia
3294 1414 3450 1472 ﬁdes.

2016 1501 2126 1582 Nec
2155 1516 2340 1568 mora;
2370 1502 2628 1567 decubui,
2656 1518 2805 1559 nunc
2836 1518 2922 1561 me
2952 1506 3222 1561 Florentia
3252 1518 3455 1572 servat,

2088 1593 2206 1660 Qua
2237 1608 2384 1649 nunc
2414 1593 2707 1651 concilium
2751 1593 2932 1650 ﬂoruit
2963 1597 3098 1652 urbe
3136 1611 3374 1654 sacrm.

2016 1683 2190 1751 Felix,
2226 1685 2319 1755 qui
2338 1693 2492 1741 tanto
2510 1685 2752 1742 donarer
2782 1701 3010 1743 munere
3040 1688 3256 1752 vivens,

1992 1826 2005 1841 ,
2086 1775 2187 1841 Qui
2223 1788 2466 1834 morerer
2495 1777 2606 1835 voti
2642 1792 2863 1847 compos
2883 1785 2937 1832 et
2962 1776 3080 1849 ipse
3108 1779 3234 1834 mei.

365 1926 3569 1973 ΕΜ

1079 2111 1486 2323 JB
1618 2111 2820 2393 MONAQHUS

1655 2560 2278 2699 MONITUM.

406 2870 594 2931 Codex
653 2868 1009 2925 Taurinensis
1037 2865 1346 2924 CLXXV“!
1383 2867 1433 2931 ὸ,
1471 2862 1540 2931 ll,
1566 2865 1657 2928 52,
1692 2867 1973 2920 chartacet

2029 2903 2043 2928 ,
2100 2873 2362 2926 constans
2416 2863 2560 2922 foliis
2591 2864 2678 2932 70,
2723 2863 2909 2921 saeculi
2943 2880 3056 2921 xvt.
3100 2863 3224 2918 ’1ὼὸ
3260 2865 3594 2937 ἀμαρτωλοῦ
3642 2854 3663 2869 ”

331 2960 498 3033 ἠθικὴ
515 2959 718 3030 θεωρία
747 2957 826 3022 εἷς
848 2958 945 3021 τὰς
971 2950 1132 3026 ἀγίαξ
1157 2956 1346 3025 φωνὰς
1372 2954 1468 3006 τοῦ
1495 2954 1778 3025 προφήτου
1798 2951 1973 3022 Δαβίδ.

2029 2953 2137 3009 labi
2160 2959 2452 3024 peccatoris
2483 2957 2685 3013 tlteoria
2715 2959 2932 3013 moralis
2967 2961 3020 3014 in
3044 2969 3261 3014 sanctas
3293 2976 3434 3015 voces
3466 2974 3594 3027 pro-

332 3054 500 3125 pheta:
524 3051 764 3106 Davidis.
804 3048 900 3104 Est
960 3049 1214 3103 nimirum
1270 3045 1696 3101 commentarius
1748 3045 1804 3098 in
1857 3041 2128 3108 Psalmos,
2188 3059 2293 3098 non
2342 3046 2558 3114 quidem
2610 3060 2822 3114 omnes,
2856 3047 2951 3102 sed
2983 3047 3292 3117 quindecim
3333 3048 3596 3102 duntaxat

333 3142 567 3209 priores.
601 3138 730 3205 Ejus
763 3145 958 3192 auctor
987 3136 1189 3190 dicitur
1217 3133 1385 3189 Jobus
1415 3142 1681 3202 peccator.
1712 3129 1850 3198 Quis
1879 3140 2060 3184 autem
2105 3126 2269 3182 fuerit
2315 3128 2402 3182 hic
2443 3127 2611 3182 Jobus
2652 3139 2916 3198 peccator,
2944 3144 3138 3199 magna
3172 3131 3307 3186 licet
3349 3128 3595 3186 adhibita

335 3226 640 3297 diligentia,
660 3214 801 3293 apud
836 3223 1111 3279 neminem
1142 3234 1330 3275 eorum
1357 3220 1604 3290 reperire
1638 3220 1912 3291 potuimus
1944 3217 2038 3286 qui
2063 3217 2129 3270 de
2159 3214 2461 3283 Scriptura:
2483 3215 2892 3288 interpretibus,
2915 3217 2998 3275 vel
3021 3217 3225 3276 Graecis
3255 3218 3338 3274 vel
3365 3216 3598 3300 Latinis,

276 3306 282 3310 ’
336 3312 798 3372 verhaiecerunt.
834 3308 1375 3373 Pramittituriuitio
1396 3310 1757 3379 prmium,
1792 3306 1973 3380 quod]

2029 3301 2276 3374 ijusmodi
2298 3313 2406 3360 est.

1332 3572 1637 3719 JOBI
1722 3567 2612 3731 PEQCATORIS
2686 3632 2689 3635 η

1735 3790 2178 3875 PRO(EMIUM

1114 3988 1966 4084 COMMENTARII
2047 3989 2187 4078 IN’
2253 3987 2826 4108 PSALMOS.

409 4262 621 4326 Σκοπός
669 4261 817 4315 ἐστιν
863 4259 999 4330 ἡμῖν
1051 4257 1568 4328 αὐτοσχεδιάζουσιν
1607 4259 1666 4312 ὲν
1715 4256 1794 4327 τῷ
1823 4259 1973 4324 τὰςλ

2107 4260 2317 4332 Scopus
2338 4262 2603 4318 estnobis
2630 4270 2824 4333 sponte
2846 4259 2937 4317 hic
2967 4242 3254 4317 Daridicas
3290 4276 3446 4319 voces
3478 4278 3601 4317 τοι-ο

343 4357 497 4430 ἱερὰς
530 4354 822 4416 Δαυῖτικὰς
854 4351 1040 4420 φωνὰς
1071 4350 1409 4417 ἀναξαίνειν,
1449 4349 1525 4413 ὡς
1554 4350 1922 4421 ἀρωματικήν

341 4466 462 4502 τινα
498 4444 864 4518 θυμιαμάτων
917 4441 1147 4496 εὐωδίαν
1203 4441 1628 4506 ἀνασκάλλουσι,
1681 4441 1772 4494 καὶ
1823 4439 1926 4510 ψυ-

342 4540 445 4612 χὴν
510 4537 608 4593 καὶ
652 4537 895 4592 διάνοιαν
954 4534 1056 4588 καὶ
1103 4534 1298 4587 πᾶσαν
1337 4531 1788 4602 εὐφραινομένοις
1838 4531 1925 4585 al-

343 4631 577 4703 σθησιν,
632 4628 731 4699 οὐχ
782 4629 865 4682 ὅτι
915 4628 964 4679 oi
1019 4624 1190 4678 πάλαι
1241 4624 1374 4677 θεῖοι
1430 4624 1527 4693 τῆς
1593 4622 1923 4693 Ἐκκλησίας

342 4717 724 4789 καθηγεμόνες
777 4716 872 4769 καὶ
916 4713 1158 4783 θεολόγοι
1209 4711 1245 4783 ἢ
1293 4710 1527 4775 ἐλλιπῶς
1577 4711 1671 4764 καὶ
1717 4709 1922 4774 ταύτας

345 4809 488 4880 μετὰ
517 4808 628 4862 τῶν
670 4805 847 4863 ἄλλων
878 4804 1259 4875 ἐξηγούμενοι,
1289 4802 1323 4870 ἢ
1360 4799 1612 4855 ὁπωσοῦν
1641 4800 1927 4872 ἡμελημέο

343 4917 451 4963 νως
489 4897 868 4968 ὲπεσκέψαντὸ
894 4913 955 4950 τε
986 4898 1080 4950 καὶ
1110 4894 1517 4966 τεθεωρήκασι,
1545 4892 1774 4957 καὶτοῖς
1808 4890 1925 4963 μετ’

345 4993 545 5056 αὐτοὺς
603 4993 737 5063 ἡμῖν
800 4987 1295 5058 παραδεδώκασιν,
1360 4986 1665 5056 οὐμενοῦν·
1731 4984 1926 5055 πόρρω

346 5084 508 5139 τοῦτο
529 5084 625 5155 τῆς
648 5082 877 5137 ἐκείνων
915 5081 1110 5151 σοφίας
1144 5078 1262 5149 ἅμα
1291 5077 1385 5131 καὶ
1414 5078 1658 5151 χάριτος.
1692 5075 1923 5140 Μεστῶς

347 5178 454 5249 γὰρ
507 5178 602 5231 καὶ
650 5175 893 5239 τελείως,
926 5176 1023 5228 καὶ
1067 5173 1144 5236 ὡς
1194 5172 1295 5226 οὐκ
1331 5172 1398 5226 ἂν
1451 5172 1697 5241 ἄμεινον,
1746 5172 1927 5224 πάντα

352 5254 582 5332 ἐκείνοις
615 5267 831 5338 εἴρηται
877 5265 971 5321 καὶ
1019 5264 1436 5339 ἀναγέγραπται
1465 5279 1479 5294 ο
1521 5266 1618 5319 καὶ
1663 5263 1734 5317 τὰ
1761 5260 1931 5328 ἐλλεί-

347 5377 517 5415 ποντα
563 5362 706 5415 κατὰ
748 5359 910 5432 τήνδε
939 5360 1039 5429 τὴν
1076 5359 1417 5429 Δεσποτικὴν
1462 5355 1798 5426 ἐπαγγελίαν
1835 5354 1931 5409 ὑπ’

349 5453 528 5506 αὐτῶν
559 5456 627 5524 τῇ
666 5452 898 5521 δυνάμει
930 5451 1025 5504 καὶ⁷
1059 5452 1243 5520 χάριτι
1290 5448 1385 5503 τοῦ
1420 5447 1577 5518 ἁγίου
1609 5447 1927 5517 ῐΙνεύματος

348 5542 813 5614 ἁναπεπλήρωται
840 5559 854 5574 ·
885 5542 1021 5596 ἀλλὰ
1052 5542 1222 5614 μηδὲν
1253 5541 1382 5595 ἄλλο
1412 5541 1552 5611 μετὰ
1581 5540 1681 5603 τὰς
1712 5556 1933 5595 κανονι-

349 5636 447 5702 κὰς
482 5637 705 5707 Γραφὰς
739 5635 772 5708 ἢ
802 5634 1007 5699 ταύτας
1060 5635 1360 5706 ἐξαιρέτως
1394 5635 1547 5687 πνεῖν
1598 5633 1694 5686 καὶ
1744 5634 1929 5689 λαλεῖν

350 5728 443 5782 καὶ
472 5729 550 5799 τῷ
586 5729 663 5795 νῷ
692 5728 970 5798 στρέφειν,
1006 5730 1101 5781 καὶ
1130 5727 1220 5780 διὰ
1242 5726 1371 5797 βίον
1406 5725 1611 5788 παντὸς
1641 5725 1927 5782 ἐνδιαιτᾶ-

351 5818 472 5873 σθαι
514 5821 742 5886 ταύταις
795 5819 1182 5895 προῃρημένος
1232 5819 1331 5875 καὶ
1381 5818 1550 5890 μηδὲν
1607 5817 1754 5888 ἔχειν
1790 5819 1921 5874 ἄλλο

2030 4366 2148 4408 sum
2174 4362 2435 4419 atterere,
2487 4362 2744 4421 tanquam
2774 4352 3124 4407 aromaticam
3160 4351 3448 4418 quamdam
3483 4354 3602 4423 thy-

2030 4439 2359 4507 ntiamatum
2400 4439 2756 4511 ﬂagrantium
2802 4439 3276 4507 imestigantibus,
3311 4440 3452 4495 unde
3479 4444 3601 4497 anl-

2033 4549 2155 4589 mus
2178 4572 2194 4599 ,
2255 4547 2407 4589 mens
2430 4571 2446 4596 .
2492 4532 2779 4600 omnisque
2841 4544 3038 4587 sensus
3070 4530 3449 4588 exhilaretur:
3497 4548 3605 4588 non

2033 4627 2266 4695 utique,
2331 4626 2472 4695 quod
2521 4625 2728 4695 antiqui
2770 4623 3045 4679 Ecclesiae
3118 4624 3383 4694 magistri,
3442 4635 3607 4696 atque

2036 4719 2274 4788 thc010gi
2331 4717 2645 4788 imperfecte
2700 4717 2816 4775 illas
2875 4726 2996 4789 post
3035 4718 3173 4774 alios
3225 4720 3597 4789 exposuerint,

2034 4820 2131 4863 aut
2179 4809 2665 4879 quomodocunque
2708 4809 3044 4880 negligenter
3092 4809 3558 4873 consideraverint
3586 4851 3606 4879 ,

2035 4909 2201 4970 atque
2242 4900 2600 4970 inspexerint,
2648 4898 2919 4970 nobisque
2968 4899 3357 4957 dilucidaudos
3389 4911 3517 4972 post
3545 4915 3607 4958 se

2035 4991 2378 5062 reliquerint.
2438 4990 2557 5046 Non
2599 5007 2733 5047 sane
2764 5010 2778 5046 :
2804 4991 2946 5048 absit
2977 4993 3080 5048 hoc
3105 5007 3294 5048 eorum
3323 4994 3606 5071 sapientiae

2031 5083 2195 5139 simul
2251 5094 2309 5137 et
2369 5084 2560 5154 gratia:
2609 5099 2833 5154 prorsus
2887 5082 3146 5155 iniurium
3181 5100 3197 5143 :
3233 5086 3389 5154 plene
3438 5089 3609 5152 enim,

2033 5176 2411 5248 absolutoque,
2455 5184 2512 5231 et
2545 5187 2669 5248 apto
2715 5174 2899 5242 modo,
2939 5192 3047 5248 quo
3089 5193 3198 5234 non
3232 5181 3424 5236 melior
3450 5179 3605 5242 alter,

2034 5268 2218 5324 omnia
2253 5270 2322 5323 ab
2369 5268 2501 5338 ipsis
2558 5268 2815 5324 dicuntur
2870 5269 3383 5340 describunturque.
3418 5271 3483 5326 Et
3512 5272 3612 5325 im-

2041 5360 2302 5430 perfecta,
2319 5361 2614 5415 secundum
2634 5360 3049 5430 permissionem
3084 5378 3113 5414 a
3137 5361 3363 5417 Domino
3389 5362 3610 5426 tactam,

2036 5454 2104 5505 ab
2133 5451 2266 5521 ipsis
2297 5454 2516 5521 virtute,
2548 5468 2612 5508 ac
2662 5453 2805 5508 dono
2857 5453 3031 5511 sancti
3085 5452 3320 5521 Spiritus
3344 5451 3612 5521 completa

2041 5553 2185 5599 sunt.
2230 5543 2338 5599 Sed
2390 5560 2512 5599 cum
2572 5545 2708 5601 nihil
2768 5548 2840 5601 sit
2898 5545 3046 5601 aliud
3090 5557 3291 5614 praeter
3320 5544 3612 5600 canonicazs

2038 5633 2386 5704 Scripturas,
2428 5634 2576 5704 quod
2629 5636 2934 5691 vehementi
3009 5633 3285 5691 desiderio
3337 5635 3612 5706 persequi,

2038 5743 2138 5782 nec
2182 5744 2286 5785 non
2319 5728 2521 5800 eloqui,
2569 5744 2634 5785 ac
2680 5738 2859 5784 mente
2914 5728 3154 5795 volvere,
3214 5730 3617 5801 omnique‘vitae

2046 5835 2209 5879 cursu
2281 5822 2608 5893 investigare
2662 5812 3074 5890 constituerim,
3139 5818 3384 5890 nihilque
3442 5822 3621 5878 utilius
3708 5828 3714 5837 '
