4034 6432
521 385 664 454 1655

1847 388 2129 450 BARTH.
2171 391 2272 452 DE
2311 391 2502 456 JANO

3664 403 3786 474 1056

517 497 826 553 existimem
854 497 906 553 in
956 497 1062 552 hoc
1097 496 1224 553 vita
1254 505 1401 554 statu
1425 537 1442 563 ,
1477 513 1642 569 quam
1676 507 1890 570 tempus
1921 501 2116 570 partim

2224 503 2510 574 προῦργου
2542 495 2652 561 νῦν
2684 507 2744 563 ἐν
2772 507 2964 580 τοιῷδε
3011 510 3192 582 καιρῷ
3224 512 3318 568 καὶ
3347 515 3606 588 σχήματι,
3641 523 3689 575 si
3716 525 3785 593 μὴ

521 591 573 643 in
610 591 763 645 hisce
793 587 1202 659 investigandis,
1228 598 1390 659 atque
1414 589 1467 644 in
1503 590 1711 646 orando
1737 600 1916 646 terere
1945 592 2115 662 (quod

523 678 727 732 utinam
777 686 832 731 et
879 678 1063 733 caeteri
1109 676 1407 733 Christiani
1465 677 1814 750 praestarent)
1852 679 2114 747 reliquum

519 770 646 824 duxi
670 784 734 824 ex
754 769 1034 824 beatorum
1074 769 1299 825 Patrum
1315 777 1485 840 atque
1515 771 1804 826 doctorum
1829 773 2116 828 sententiis

518 860 804 931 plusquam
880 861 1282 919 suﬁicientibus
1344 871 1468 932 post
1516 863 1757 929 primum
1817 878 2117 934 verumque

521 953 702 1007 lumen
749 953 1067 1009 illuminans
1115 968 1332 1009 omnem
1387 953 1664 1010 hominem
1716 956 2024 1012 venientem
2060 957 2113 1011 in

523 1045 669 1098 hunc
699 1046 982 1112 mundum,
1037 1047 1186 1102 illius
1228 1048 1392 1103 verba
1442 1057 1660 1103 aternae
1700 1048 1857 1115 vitae,
1891 1063 1953 1104 ac
1979 1064 2117 1118 prau

521 1142 678 1202 cepta
713 1135 1009 1200 illustrare,
1040 1138 1605 1206 etquomodocunque
1634 1151 1733 1209 ego
1749 1153 1967 1208 quoque
1990 1138 2115 1194 illo-

522 1243 643 1282 rum
677 1229 934 1298 precibus
968 1228 1164 1296 ﬁdens,
1213 1238 1370 1298 putre
1412 1244 1748 1299 parvumque
1787 1231 1986 1284 mentis
2015 1246 2117 1284 na-

519 1318 725 1387 vigium
744 1319 800 1372 in
833 1318 1056 1388 pelagus
1075 1317 1377 1386 spiritualis
1401 1333 1589 1375 eorum
1611 1320 1855 1378 scientia!
1881 1320 2073 1392 impuli
2097 1339 2112 1378 :

522 1410 789 1480 quocirca
816 1410 1043 1464 illorum
1077 1410 1304 1467 utilibus
1331 1421 1385 1465 et
1427 1413 1839 1482 praegrandibus
1879 1413 2012 1470 olcis
2035 1412 2112 1484 (l)

522 1515 588 1554 ac
633 1500 896 1556 oneribus
948 1509 1096 1557 tutus
1153 1502 1266 1572 jam
1313 1517 1551 1558 excurro
1605 1504 1906 1575 rapideque
1937 1505 2108 1575 feror.

523 1591 679 1647 Dicat
731 1585 910 1647 autem
969 1594 1094 1662 quis
1133 1608 1149 1646 :
1194 1593 1498 1662 elegantior
1543 1593 1778 1650 forsitan
1835 1595 2112 1652 nonnullis

519 1683 794 1752 videbitur
860 1684 1130 1739 recentior
1179 1684 1270 1740 hic
1312 1693 1497 1741 noster
1549 1686 1816 1741 tractandi
1898 1687 2109 1743 modus.

523 1775 943 1845 Sapientissinto
971 1775 1142 1842 igitur
1195 1775 1401 1830 rectori
1465 1775 1801 1846 Dominoque
1829 1777 2114 1834 universo-

2222 595 2384 651 τάσδε
2419 597 2580 665 μόνον
2613 600 2670 651 ἐν
2700 600 2868 669 εὐχῆς
2907 601 3065 672 μέρει
3112 602 3458 675 ποιούμενός.
3491 609 3710 665 Γινοιτο
3731 614 3783 667 δὲ

2223 689 2318 743 καὶ
2375 691 2544 744 πᾶσιν
2594 692 2800 761 ὁμοίως
2826 695 2940 758 τοῖς
2983 696 3097 750 άπὸ
3127 697 3368 765 Χριστοῦ
3422 702 3785 773 καλουμένοις,

2221 781 2411 836 λοιπὸν
2458 784 2552 837 ἐπὶ
2580 787 2700 849 ταῖς
2733 786 2846 841 τῶν
2877 790 3172 862 μακαρίων
3219 793 3475 864 Πατέρων
3510 797 3610 849 καὶ
3652 797 3786 851 διδα-

2220 874 2439 940 σκάλων
2464 879 2666 944 φωναῖς
2683 879 3038 949 ἀποχρώσαις
3068 885 3208 950 μετὰ
3231 882 3292 936 τὸ
3321 885 3532 953 πρῶτον
3552 888 3653 940 καῖ
3669 887 3790 956 ἀληο

2222 969 2370 1022 θινδν
2423 968 2541 1039 φῶς
2573 970 2634 1023 τὸ
2665 972 2906 1040 φωτίζον
2953 974 3131 1028 πάντα
3189 974 3473 1044 ἄνθρωπον
3507 979 3792 1049 ἐρχόμενον

2218 1063 2299 1124 είς
2349 1060 2441 1114 τὸν
2481 1063 2713 1133 κόσμον,
2756 1065 2853 1118 καὶ
2897 1066 2965 1119 τὰ
2991 1065 3204 1120 ἐκείνου
3242 1066 3392 1138 ζωῆς
3425 1070 3649 1124 αἰωνίου
3701 1075 3788 1140 ρή-

2220 1171 2369 1224 ματα
2415 1156 2512 1210 καὶ
2561 1156 2873 1226 ἐντάλματα
2905 1158 3142 1226 φωτίσαι
3183 1171 3276 1214 καί
3328 1162 3594 1225 ὁντινοῦν,
3635 1165 3781 1231 κάγὼ

2215 1248 2337 1308 ταῖς
2365 1247 2560 1316 εὐχαῖς
2585 1247 2814 1300 ἐκείνων
2847 1248 3208 1320 τεθαρρηκὼς
3237 1250 3299 1303 τὸ
3333 1251 3534 1322 σαθρὸν
3570 1255 3680 1308 καὶ·
3701 1271 3783 1322 μι-

2218 1339 2351 1407 κρὸν
2382 1339 2626 1403 διανοίας
2657 1339 2885 1394 ἀκάτιον
2909 1341 3050 1410 πρὸς
3071 1341 3132 1395 τὸ
3172 1343 3407 1410 πέλαγος
3450 1345 3668 1414 καθῆκα
3698 1348 3784 1414 τῆς

2217 1429 2402 1483 αὐτῶν
2447 1434 2832 1504 πνευματικῆς
2886 1430 3166 1498 γνώσεως,
3214 1435 3299 1503 ἐφ’
3327 1427 3372 1503 ᾦ
3415 1439 3536 1500 ταῖς
3589 1437 3786 1491 τούτων

2215 1522 2483 1592 χρησταῖς
2502 1522 2596 1574 καὶ
2624 1523 2979 1594 μυριοφόροις
2999 1524 3190 1578 ὁλκάσι
3212 1529 3305 1579 καὶ
3327 1529 3599 1596 φορτίσιν,
3625 1530 3788 1600 ἀσφα-

2214 1612 2322 1675 λῶς
2372 1612 2786 1681 συμπαραθέειν
2828 1629 2888 1666 τε
2937 1614 3034 1667 καὶ
3089 1615 3479 1684 συμπὲτεσθαι.
3540 1616 3699 1670 Είποι
3744 1618 3794 1670 δ’

2215 1703 2281 1756 άν
2305 1721 2412 1768 τις,
2447 1707 2523 1768 ὡς
2551 1705 2715 1768 ἐνίοις
2748 1705 2890 1770 δόξει
2929 1705 3071 1777 τάχα
3106 1707 3170 1776 δὴ
3205 1708 3544 1780 κομψότερον
3569 1709 3632 1763 τδ
3657 1709 3785 1779 ἡμέ-

2219 1812 2400 1867 τερον,
2453 1797 2536 1849 ὅτι
2595 1814 2699 1849 που
2752 1798 2847 1850 καὶ
2887 1798 3087 1865 τρόπον
3135 1800 3472 1872 καινότερον.
3508 1801 3604 1872 Τῷ
3651 1801 3792 1872 αὐτῷ

521 1883 641 1921 rum
680 1869 788 1922 Deo
807 1867 1054 1922 wnﬁsus
1093 1882 1238 1933 sum,
1283 1869 1507 1938 ejusque
1539 1867 1740 1937 Verbo,
1769 1879 1826 1926 et
1849 1869 1984 1940 ipsis
2014 1870 2114 1926 ad-

2223 1864 2374 1957 eoin
2409 1887 2722 1958 κυϐερνήτῃ
2753 1888 2850 1941 καὶ
2885 1864 3105 1943 πάντων
3136 1864 3382 1966 Δεσπότίι
3410 1864 3698 1964 θαρρίισας
3724 1864 3793 1962 to

521 1959 812 2027 ministris,
849 1960 1050 2029 quibus
1107 1968 1365 2030 tanquam
1416 1959 1804 2018 instrumentis
1836 1963 2030 2030 utitur,
2062 1971 2119 2018 et

521 2052 758 2118 rationis
785 2051 1067 2124 animique
1088 2051 1263 2108 nostri
1289 2054 1460 2109 duces
1489 2063 1654 2125 atque
1673 2057 1934 2112 custodes
1967 2065 2117 2124 sunt,

519 2155 685 2215 atque
731 2146 991 2202 secundis
1052 2147 1251 2214 ventis,
1305 2161 1410 2204 nec
1441 2163 1550 2204 non
1608 2149 1814 2204 auxilio
1852 2157 1907 2204 et
1939 2149 2115 2221 gratia

519 2237 694 2292 sancti
723 2236 985 2308 Spiritus,
1037 2238 1198 2308 cujus
1246 2240 1451 2297 virtute
1490 2241 1824 2312 illorutnque
1859 2243 2117 2312 precibus

520 2330 574 2382 in
611 2340 828 2398 portum
859 2329 1117 2387 devectus
1165 2329 1242 2386 fui
1290 2339 1400 2386 tam
1439 2347 1604 2402 opere
1639 2348 1804 2403 quam
1858 2349 2113 2391 sermone

522 2420 720 2474 divinae
778 2419 1092 2476 voluntatis.
1143 2420 1300 2478 Unde
1344 2437 1452 2477 non
1511 2433 1622 2478 tam
1668 2424 1832 2480 facile
1863 2426 1986 2496 quis
2014 2441 2116 2482 nos

521 2509 827 2578 damnabit,
843 2512 888 2567 si
909 2511 1040 2582 quid
1072 2521 1222 2568 tanta
1245 2513 1443 2570 ﬁducia
1468 2516 1813 2586 protulimus,
1838 2528 1893 2573 et
1915 2518 2116 2590 longis,

523 2602 917 2673 multiplicibus
951 2605 1288 2677 utilibusque
1311 2617 1630 2664 sanctorum
1654 2608 1878 2664 Patrum
1911 2625 2124 2667 sermo-

521 2694 691 2751 nibus
730 2705 856 2764 post
918 2697 1202 2769 multosﬁet
1224 2699 1482 2771 optimos,
1505 2701 1596 2770 qui
1631 2700 1811 2758 adhuc
1839 2702 1963 2761 illos
1990 2705 2122 2762 sub-

521 2788 694 2843 secuti
737 2798 886 2855 sunt,
919 2800 976 2846 et
1011 2805 1114 2848 nos
1145 2791 1350 2863 aliquid
1382 2792 1724 2850 suﬂeeimus.

595 3140 677 3213 (l)
724 3143 1090 3200 Instrumenta
1121 3147 1320 3216 quibus
1355 3162 1520 3202 naves
1548 3151 1946 3207 subducuntur.

2219 1979 2339 2050 Θεῷ
2372 1981 2465 2034 καὶ
2486 1979 2668 2052 Λόγῳ,
2694 1982 2790 2036 καὶ
2824 1983 2936 2045 τοῖς
2963 1981 3150 2044 αὐτοῖς
3181 1980 3461 2054 συνεργοῖς
3488 1985 3587 2038 καὶ
3616 1985 3794 2049 ὅπλοις

2225 2069 2321 2123 καὶ
2359 2069 2584 2124 σκεύεσι
2637 2073 2752 2135 τοῖς
2803 2072 2900 2126 τοῦ
2928 2073 3090 2142 λόγου
3147 2075 3485 2145 προστάταις
3535 2077 3636 2130 καὶ
3693 2079 3794 2133 τῶν

2221 2160 2413 2232 ψυχῶν
2461 2163 2623 2233 ἡμῶν
2671 2165 2874 2234 φύλαξι
2927 2167 3023 2220 καὶ
3066 2170 3134 2239 τῇ
3187 2169 3325 2240 αὐτῇ
3365 2170 3473 2224 τῶν
3505 2170 3570 2236 ἐξ
3614 2171 3795 2242 οὐρίας

2221 2253 2446 2324 ἀνέμων
2488 2257 2805 2328 ἐπικουρίᾳ,
2841 2260 2908 2330 τῇ
2931 2253 3177 2331 ’βοηθείᾳ
3200 2261 3294 2313 καὶ
3329 2262 3512 2332 χάριτι
3539 2262 3639 2317 τοῦ
3665 2281 3794 2317 πανο

2222 2350 2381 2414 αγίου
2436 2347 2778 2418 Πνεύματος,
2814 2345 2875 2406 οὗ
2925 2354 2994 2423 τῇ
3035 2353 3261 2423 δυνάμει
3313 2355 3408 2407 καὶ
3451 2357 3573 2415 rat;
3632 2357 3794 2420 λιταῖς

2223 2440 2454 2493 ἐκείνων
2494 2442 2576 2504 είς
2628 2442 2825 2511 λιμένα
2854 2444 3143 2516 κατήχθην
3184 2445 3281 2500 καὶ
3310 2449 3366 2500 ἐν
3401 2447 3584 2514 λόγοις
3619 2450 3712 2502 καὶ
3744 2451 3796 2502 ἐν

2224 2531 2410 2600 ἔργοις
2447 2532 2544 2586 τοῦ
2581 2533 2728 2586 θείου
2767 2534 3092 2607 θελήματος.
3130 2536 3294 2591 Ὅθεν
3330 2539 3432 2593 οὐκ
3458 2539 3525 2593 άν
3553 2557 3644 2604 τις
3674 2539 3795 2601 fore;

2226 2621 2428 2692 ῥᾳδίως
2465 2624 2623 2694 ἡμῶν
2674 2612 3001 2698 καταγνοίη.
3041 2628 3092 2681 εί
3125 2628 3264 2698 πρὸς
3292 2630 3450 2682 τόσον
3491 2647 3557 2684 τε
3600 2630 3796 2700 τόλμης

2222 2713 2622 2785 ἐξηνέχθημεν,
2664 2717 2763 2773 καὶ
2805 2717 2882 2790 μὴ
2931 2720 3054 2784 ταῖς
3084 2723 3328 2792 μακραῖς
3367 2722 3460 2776 καὶ
3493 2722 3794 2775 πολυειδέσι

2231 2807 2327 2860 καὶ
2360 2809 2628 2878 χρησταῖς
2681 2808 2925 2877 ὁμιλίαις
2971 2812 3084 2867 τῶν
3138 2811 3298 2879 θείων
3357 2814 3625 2884 Πατέρων
3667 2811 3796 2882 μετὰ

2231 2897 2444 2952 πολλῶν
2493 2897 2590 2952 καὶ
2634 2899 2816 2978 καλῶν
2871 2901 2982 2959 τῶν
3039 2902 3158 2974 μετ’
3208 2905 3449 2972 ἐκείνους
3495 2907 3599 2962 καὶ
3646 2905 3795 2976 ἡμεῖὶ

2228 2990 2472 3062 ἠρκέσθη
2481 3009 2603 3063 μεν.

580 3323 3776 3383 Μ

771 3415 2135 3740 BABTHOLOM

2216 3545 2529 3741 (ἘΙ
2601 3563 2888 3742 DE
3024 3561 3580 3746 ,ΙΑΝο

1795 3955 2122 4020 0RDlNIS
2162 3955 2536 4022 MINORUM

920 4213 1509 4310 EPISTOLA
1589 4220 1737 4310 DE
1814 4220 2664 4315 CBUDELITATE
2739 4178 3393 4324 TURCARUM

1373 4465 1496 4540 ‘(Ex
1531 4465 1657 4522 cod.
1694 4463 1831 4522 1150
1863 4465 2213 4525 bibliotheca:
2249 4468 2309 4526 S.
2357 4470 2642 4527 Michaelis
2671 4471 2938 4542 Venetae.)

591 4760 898 4818 Venerabili
928 4761 1202 4832 Religioso
1238 4777 1302 4819 ac
1330 4763 1685 4820 Praedicatori
1714 4764 1917 4822 eximio
1946 4765 2106 4822 fratri
2136 4777 2177 4836 ο
2213 4767 2530 4834 praedicatio
2581 4777 2696 4824 tua.
2753 4767 2906 4822 Nunc
2959 4775 3144 4823 autem
3198 4767 3508 4826 vehementi
3537 4783 3775 4842 cuperem

519 4853 744 4907 Alherto
777 4855 842 4906 de
867 4851 1121 4907 Sartiano
1150 4853 1361 4908 ordinis
1390 4853 1657 4910 Minorem
1694 4853 1938 4912 Venetiis
1968 4874 2109 4928 prae-

521 4945 748 5007 dicanti,
777 4946 918 5013 patri
961 4958 1065 5002 suo
1098 4946 1155 5001 in
1203 4944 1426 5003 Christo
1462 4947 1589 5004 Jesu
1626 4949 1920 5019 plurimum
1950 4965 2113 5022 pera-

521 5037 742 5090 mando.

586 5127 828 5194 Jamdiu,
882 5131 1190 5189 venerande
1243 5133 1316 5188 mi
1370 5143 1568 5205 pater,
1623 5136 1845 5202 videre,
1905 5137 2108 5205 alloqui

516 5223 741 5290 pariter,
767 5231 820 5277 et
838 5225 1135 5294 amplexari
1161 5226 1600 5283 desideraveram
1621 5244 1908 5298 personam
1933 5237 2104 5296 tuam,

514 5315 609 5370 sed
651 5317 892 5371 nondum
947 5317 1065 5373 haec
1113 5319 1247 5374 mihi
1283 5335 1546 5376 concessa
1590 5323 1895 5392 estgratia.
1964 5322 2099 5377 Nam

515 5401 646 5458 dum
691 5420 795 5475 ego
841 5406 896 5461 in
948 5405 1264 5462 Occidentis
1321 5412 1569 5478 partibus
1620 5426 1830 5480 versor,
1904 5429 2000 5469 vos
2031 5415 2098 5469 ad

510 5496 788 5552 Orientem
822 5498 1085 5570 pergitis;
1123 5499 1176 5554 in
1198 5499 1424 5556 Oriente
1457 5517 1554 5559 vos
1583 5520 1856 5575 quaerens,
1895 5507 1962 5560 ad
1997 5505 2100 5562 Oc-

511 5586 745 5644 cideutis
802 5590 1034 5658 patriam
1097 5593 1377 5650 remeatis.
1436 5592 1542 5651 Sed
1598 5597 1702 5652 hoc
1771 5607 1941 5654 totum
2001 5597 2098 5655 Dei

515 5681 740 5736 consilio
785 5681 987 5739 factum
1035 5695 1239 5754 putem,
1296 5700 1446 5752 cum,
1492 5697 1550 5742 ut
1597 5691 1786 5745 auditu
1855 5692 2094 5762 percepi,

517 5782 619 5824 non
642 5785 852 5843 parum,
905 5784 966 5831 ut
1018 5777 1176 5848 solet,
1237 5778 1383 5837 utilis
1417 5782 1515 5836 fuit
1538 5780 1783 5841 chetiis
1818 5785 1920 5842 hoc
1950 5801 2095 5842 anno

2210 4859 2512 4924 desiderio,
2567 4859 2694 4915 dum
2742 4868 2922 4915 tamen
2979 4858 3197 4917 favente
3249 4861 3478 4918 Domino
3507 4863 3778 4932 utriusque

2208 4949 2470 5008 Ecclesia:
2503 4951 2632 5006 unio
2653 4951 2981 5019 celebretur,
3012 4968 3110 5008 vos
3151 4953 3278 5009 istas
3301 4964 3356 5010 et
3383 4956 3668 5011 ulteriores
3699 4955 3775 5011 vi-

2207 5044 2375 5099 sitare
2398 5055 2603 5114 partes,
2628 5045 2796 5101 solito
2823 5045 3221 5115 praedicationis
3243 5057 3347 5102 tua:
3368 5057 3525 5118 atque
3547 5048 3774 5104 scientia

2207 5139 2413 5206 pariter
2443 5149 2497 5194 et
2545 5139 2671 5193 vita:
2709 5139 3343 5210 magisterio,.quoniatn
3393 5143 3770 5212 permaximum

2211 5233 2516 5287 animarum
2567 5231 2804 5306 fructum
2865 5232 2942 5287 ibi
2998 5233 3273 5288 cernimus
3334 5233 3448 5288 ﬁeri
3500 5250 3653 5304 posse
3684 5247 3771 5304 per

2208 5324 2428 5381 fratres.
2483 5325 2696 5382 Omissa
2762 5325 2908 5379 enim
2956 5323 3211 5392 Graecia,
3281 5335 3389 5380 tota
3451 5327 3673 5397 insuper
3722 5333 3772 5380 et

2208 5416 2468 5485 Turchia,
2522 5435 2645 5489 qua:
2690 5418 2826 5474 alias
2877 5418 3004 5473 Asia
3039 5419 3353 5483 vocabatur,
3397 5419 3485 5474 ubi
3528 5427 3648 5473 sunt
3677 5417 3770 5471 illa:

2205 5523 2411 5582 septem
2468 5513 2741 5577 ecclesia),
2769 5527 2892 5582 quae
2933 5512 2987 5567 in
3025 5511 3343 5582 Apocalypsi
3379 5510 3771 5586 leguntnr,uh_i-

2206 5617 2311 5671 que
2339 5603 2594 5659 inimicus
2621 5603 2823 5658 Christi
2844 5601 3055 5658 Teucer
3073 5603 3428 5673 priueipatur,
3453 5603 3518 5655 ad
3547 5612 3766 5665 presens

2207 5695 2636 5753 innumerabiles
2670 5696 2849 5752 adhuc
2886 5705 3102 5752 restant
3136 5694 3317 5766 populi
3358 5692 3650 5748 Christiani
3697 5693 3770 5744 ul-

2205 5795 2288 5842 tra
2318 5787 2564 5845 Maurum
2627 5804 2799 5856 mare,
2860 5802 2921 5846 se
2967 5787 3071 5846 sub
3123 5785 3430 5843 Graecorum
3467 5785 3572 5840 ritu
3610 5793 3764 5851 usque
