4034 6438
275 433 409 500 1057

1427 423 1668 486 EPIST.
1707 419 2008 507 CQNTRA
2051 419 2374 482 TURCAS.

3386 408 3522 477 1058

270 543 432 606 hoilie
510 538 894 617 gubernantes.
944 540 1376 612 Gcorgianorum
1427 537 1639 607 primo,
1674 533 1726 588 id
1766 542 1851 588 est
1881 535 2124 601 Aputat,
2180 531 2434 603 quoniam
2490 545 2634 584 anno
2679 528 2922 600 quolibet
2979 541 3083 582 non
3136 525 3312 580 minus
3365 540 3530 594 quam

266 641 516 712 Georgia!
539 653 766 710 regnum
823 651 928 689 non
975 649 1196 704 parvum
1250 641 1354 694 est,
1409 629 1502 684 ubi
1537 627 1845 683 Alexander

268 750 364 788 rex
395 733 555 787 hodie
577 730 915 801 priucipatur
935 770 951 793 ,
986 728 1124 780 ultra
1155 722 1589 789 Trapesundam.
1620 720 1847 782 [lossia-

271 839 462 879 norum
489 821 717 889 patriam
747 829 800 874 et
827 817 1204 872 Ruthenorum
1235 812 1338 885 sub
1361 826 1464 865 axe
1487 809 1609 880 quis
1636 824 1850 879 peram-

271 915 458 968 bulare
505 920 682 980 potest
738 922 910 978 usque
956 907 1024 962 ad
1069 902 1294 976 paludes
1343 901 1639 968 Meotides,
1697 900 1842 970 quod

270 1019 423 1058 mare
451 1002 750 1057 Abbachue
795 999 1017 1061 dicitur,
1041 998 1372 1066 explicatam
1396 994 1646 1050 iOmitto
1691 993 1858 1047 Gilll"~

266 1095 502 1150 cassiam
558 1107 621 1144 ac
668 1089 988 1158 Vogariam,
1039 1087 1408 1156 Miugriliiam,
1471 1083 1844 1143 Waiachiam,

265 1184 636 1254 l’atrasjuxta
669 1197 840 1246 utare,
869 1189 1104 1233 attamen
1137 1178 1240 1234 sub
1277 1179 1380 1231 ritu
1405 1177 1741 1231 Graecorum.
1773 1173 1849 1226 De

265 1276 522 1332 Armenis
552 1283 707 1328 taceo
728 1313 744 1338 ,
783 1286 920 1342 quos
962 1272 1028 1323 ad
1081 1283 1320 1338 praesens
1352 1282 1510 1335 spero
1541 1267 1608 1320 ad
1635 1263 1846 1318 italiam

265 1368 455 1422 venire
501 1365 749 1420 videbitis
787 1363 946 1416 simul
995 1377 1119 1416 cum
1151 1371 1344 1414 nostro
1370 1369 1522 1427 patre
1551 1358 1721 1412 fratre
1753 1357 1854 1410 Ja-

266 1459 405 1514 cobo
435 1459 502 1511 ad
549 1457 707 1510 fidem
744 1454 1088 1509 Catholicam
1123 1451 1491 1516 reducendos,
1527 1451 1686 1519 longe
1712 1447 1850 1503 faei-

267 1552 422 1606 lioris
470 1547 853 1604 conversionis
886 1557 941 1600 et
984 1544 1228 1598 veritatis
1266 1543 1540 1612 capienda:
1579 1540 1849 1595 avidiores

267 1643 393 1697 aliis
426 1641 774 1700 nationibus.
825 1635 984 1705 atque
1032 1634 1580 1690 benevolentissimos
1627 1630 1851 1685 Latino-

268 1751 408 1788 rum.
457 1733 797 1788 Christianos
848 1731 1070 1798 insuper
1115 1727 1437 1781 innumeros
1470 1726 1524 1780 in
1574 1723 1852 1780 montibus

263 1827 476 1888 Cassiis.
511 1837 674 1894 atque
705 1825 759 1879 in
793 1823 974 1876 Persia
998 1831 1054 1876 et
1083 1819 1303 1892 Scythia
1331 1819 1458 1873 hinc
1485 1817 1610 1872 inde
1637 1817 1850 1886 disper-

1954 624 2138 680 decem
2189 623 2271 676 vel
2332 623 2642 693 quindecim
2695 621 2902 686 millia,
2955 621 3213 690 pauciora
3266 618 3426 682 dico,
3475 625 3537 669 ut

1951 718 2164 781 credas,
2220 715 2522 770 animarum
2568 714 2784 784 rapiat?
2845 714 3086 767 Dicerem
3140 708 3531 778 quinquaginta

1953 808 2151 874 millia,‘
2187 808 2232 863 si
2261 809 2536 870 crederes,
2566 819 2730 875 atque
2752 805 3028 862 Christum
3059 801 3244 858 Jealllll
3285 809 3340 855 et
3370 799 3534 853 minis

1951 912 2003 957 et
2035 899 2318 954 blanditiis.
2351 913 2550 967 negare
2625 897 2946 966 compellat?
2984 893 3182 949 Verum
3225 907 3330 947 non
3365 906 3529 960 parva

1951 992 2082 1047 mihi
2118 991 2397 1059 consurgit
2423 990 2732 1052 admiratio,
2761 990 2804 1044 si
2835 987 3000 1042 etiam
3025 1001 3168 1041 unus
3191 985 3536 1040 Christianus

1952 1084 2186 1154 amplius
2208 1085 2262 1137 in
2300 1084 2408 1137 illis
2447 1083 2695 1150 partibus
2737 1082 3026 1150 reperitur.
3059 1077 3193 1132 Nam
3237 1075 3533 1131 Corinthus

1952 1175 2064 1228 sola
2096 1173 2389 1244 pedagium
2419 1173 2757 1242 captivorum
2791 1173 2854 1225 de
2876 1171 3124 1240 Gallipoli
3159 1169 3210 1223 in
3238 1168 3530 1223 Turchiam

1954 1251 2351 1320 transeuntium
2385 1264 2628 1333 quolibet
2668 1277 2811 1317 anno
2855 1263 3056 1316 emittit
3083 1262 3248 1315 millia
3279 1271 3332 1314 et
3367 1259 3533 1312 millia

1951 1358 2302 1412 ducatornm.
2338 1356 2420 1412 0h
2485 1355 2651 1424 igitur
2696 1365 2916 1424 peccata
2966 1354 3400 1408 Christianorum
3425 1365 3536 1421 quo

1954 1449 2205 1506 tenditis?
2261 1465 2370 1518 quo
2411 1463 2508 1502 vos
2553 1447 2887 1511 conducitis,
2933 1460 3043 1515 qua
3099 1446 3383 1507 servitute,
3426 1460 3537 1514 quo

1951 1539 2246 1608 cpprobrio
2279 1537 2690 1605 vossubjaccre
2719 1536 3092 1600 compellitis?
3123 1536 3232 1590 Sed
3256 1533 3387 1604 quid
3421 1542 3538 1587 mo:

1953 1645 2044 1685 ror
2057 1632 2312 1701 amplius,
2329 1631 2718 1684 lmmauissime
2749 1630 2932 1694 Pater,
2950 1627 3079 1697 quid
3104 1626 3296 1681 differo
3322 1639 3536 1691 novam,

1951 1737 2060 1777 non
2093 1737 2312 1786 novam,
2337 1723 2429 1778 sed
2461 1722 2948 1792 satpiususitatam
2999 1720 3429 1775 Christianorum
3455 1735 3546 1771 ca-

1952 1813 2259 1869 lamitosam
2291 1824 2524 1883 stragem
2551 1813 2897 1883 flebilemque
2926 1825 3183 1876 narrare,
3210 1826 3371 1881 quam
3397 1811 3542 1863 vidi-

265 1933 380 1979 sos,
413 1916 504 1971 ubi
539 1891 852 1969 nostrorum
889 1913 1124 1966 fratrum
1159 1891 1291 1963 loca
1328 1907 1596 1962 fratribus
1619 1916 1844 1961 vacuata
1875 1891 1920 1950 Β
1951 1919 2071 1958 mus
2110 1904 2195 1958 bis
2219 1903 2451 1958 diebus?
2473 1901 2676 1958 Tremit
2702 1918 2917 1966 manus,
2935 1903 3152 1976 plorant
3178 1901 3542 1963 oculi,horret

264 2005 606 2066 consistunt,
664 2001 842 2056 adhuc
894 2001 1052 2055 hodie
1107 1998 1660 2067 cognoveritis’inter
1699 1997 1846 2064 ipsas

266 2093 526 2150 Tartaros
569 2093 899 2148 habitantes.
943 2091 1058 2155 Qua
1084 2091 1152 2144 de
1185 2104 1244 2143 re
1277 2102 1383 2142 non
1429 2085 1702 2150 inutilem,
1744 2087 1854 2139 imo

266 2185 790 2256 opportunissimam
825 2193 1018 2251 reputo
1040 2191 1094 2236 et
1122 2190 1382 2244 vestram,
1414 2187 1473 2233 et
1495 2177 1663 2232 vestri
1692 2178 1849 2231 simi-

267 2279 400 2332 lium
428 2290 690 2345 personas
709 2275 764 2329 in
800 2275 1046 2342 partibus
1077 2271 1208 2337 illis,
1237 2285 1395 2326 sacra
1421 2278 1603 2324 tamen
1629 2269 1855 2331 unione,

265 2371 313 2424 si
349 2369 492 2422 Deus
535 2367 873 2438 permiserit,
925 2364 1181 2434 primitus
1220 2364 1519 2418 celebrata.
1552 2351 1682 2426 Sed,
1710 2362 1852 2416 hru!

267 2461 404 2517 heul
439 2459 568 2530 quid
619 2460 722 2513 ista
751 2471 1139 2522 commemoro,
1173 2470 1296 2510 cum
1320 2454 1480 2525 longe
1506 2455 1692 2524 potius
1726 2451 1858 2507 ﬂere

267 2553 458 2617 libeat,
483 2565 644 2620 qttam
675 2549 881 2618 aliquid
924 2547 1048 2602 boni
1094 2562 1192 2617 per
1229 2547 1542 2616 supradicta
1579 2542 1854 2612 sperare?

267 2641 446 2706 Flere,
484 2642 728 2710 inquam,
757 2654 822 2692 ex
867 2639 1076 2691 intimis
1102 2636 1284 2690 cordis
1325 2636 1454 2700 mei,
1483 2644 1540 2689 et
1569 2635 1635 2697 ad
1671 2634 1850 2688 sidera

266 2747 442 2800 usque
464 2733 721 2795 clamare,
757 2743 816 2784 ut
844 2731 960 2784 istis
1009 2729 1255 2799 partibus
1288 2728 1604 2789 liberandis,
1631 2728 1682 2780 in
1717 2741 1854 2795 qna-

269 2840 388 2878 rum
426 2824 605 2878 medio
640 2823 792 2891 quasi
840 2836 1056 2885 sumus,
1106 2820 1430 2888 quandoque
1467 2819 1734 2871 miserans
1763 2832 1854 2870 su-

213 2921 222 2927 ‘
267 2916 614 2984 perintendat
650 2913 984 2978 Altissimus,
1013 2928 1114 2965 nec
1136 2910 1320 2964 tandin
1343 2919 1563 2978 peccata
1597 2909 1852 2976 respiciat

266 3006 626 3076 populorum,
689 3018 970 3072 quousque
1030 3001 1464 3056 Christianitatis
1537 3014 1732 3054 nomen
1795 3000 1848 3053 in

265 3098 506 3154 Orientis
555 3106 612 3152 et
662 3094 1066 3165 Septentrionis
1135 3093 1384 3163 partibus
1436 3093 1840 3161 exstinguatur.

267 3191 561 3255 Deﬁciunt,
617 3189 752 3244 heul
812 3187 1060 3256 quntidie
1102 3185 1431 3251 Christiani,
1477 3193 1531 3240 et
1586 3194 1851 3254 augentur

267 3283 464 3336 diaboli
495 3291 796 3337 sectatores
821 3318 838 3343 ,
869 3291 923 3333 et
957 3294 1185 3333 numero
1223 3285 1276 3331 et
1305 3277 1505 3332 virtute
1543 3291 1846 3330 armorum.

265 3374 406 3427 Nam
442 3373 526 3426 vix
552 3381 635 3426 est
679 3371 898 3432 civitas,
959 3380 1200 3423 castrum
1257 3369 1338 3423 vel
1386 3368 1534 3432 villa,
1557 3377 1612 3421 et
1647 3367 1733 3420 vix
1766 3375 1853 3421 est

265 3467 407 3530 dies,
442 3466 494 3519 iu
519 3480 626 3533 qua
655 3471 711 3518 et
747 3465 800 3518 in
829 3463 1094 3526 Turchia,
1128 3463 1256 3516 etin
1285 3460 1516 3521 Gratcia.
1549 3475 1654 3513 non
1690 3459 1850 3513 modo

267 3562 466 3612 timore
502 3559 583 3612 vel
641 3558 824 3622 minis,
876 3571 1064 3609 verum
1107 3554 1278 3608 multo
1338 3554 1510 3622 magis
1559 3552 1770 3607 deliciis
1797 3560 1853 3604 et

269 3653 478 3704 honore
507 3649 713 3704 Christi
756 3661 952 3702 nomen
998 3646 1404 3712 sanctissimum
1457 3658 1563 3697 non
1604 3654 1850 3712 negetur,

265 3752 326 3797 et
365 3743 642 3796 Mahumet
689 3739 886 3794 diaboli
935 3738 1074 3792 filius
1126 3745 1370 3805 portetur
1395 3735 1460 3790 ad
1499 3749 1756 3800 summa;
1793 3741 1852 3788 et

266 3837 411 3904 quod
439 3835 581 3890 forte
613 3832 923 3897 miraberis,
967 3832 1036 3886 ab
1079 3829 1164 3884 his
1210 3829 1562 3899 quandoque,
1598 3829 1688 3897 qni
1719 3827 1855 3880 divi-

275 3930 393 3992 tiis,
427 3937 480 3980 et
521 3929 747 3989 honore,
799 3930 854 3977 et
899 3923 1188 3992 prudentia
1240 3921 1419 3975 saeculi
1465 3922 1850 3990 fungebantur.

271 4019 378 4075 Sed
413 4028 474 4073 ut
525 4021 798 4088 prmterita
837 4015 1025 4070 sileam
1077 4014 1238 4080 mala,
1301 4013 1367 4066 ad
1416 4029 1535 4081 qua:
1579 3997 1851 4067 narranda

272 4108 476 4168 nullam
510 4124 635 4180 puto
668 4110 906 4180 linguam
934 4099 1188 4161 sumsere
1211 4119 1390 4174 posse,
1428 4113 1642 4174 tangam
1673 4103 1854 4157 brevi-

269 4220 376 4272 ter,
402 4205 543 4275 quod
601 4218 773 4272 nuper
812 4200 990 4255 oculis
1043 4198 1180 4254 meis
1213 4200 1325 4268 ipse
1363 4197 1592 4264 inspexi,
1631 4207 1688 4251 ut
1716 4205 1770 4250 et
1799 4207 1852 4250 tu

270 4303 418 4357 scias
454 4308 506 4353 et
532 4312 748 4351 mecum
779 4294 1025 4364 plangas,
1064 4303 1118 4348 et
1167 4294 1212 4348 si
1240 4307 1376 4361 quos
1403 4290 1680 4346 inveneris
1705 4291 1852 4344 omni

271 4409 380 4449 non
406 4392 608 4461 pietate
655 4389 911 4452 nudatos,
953 4388 1101 4457 ipsos
1153 4387 1319 4442 etiam
1358 4383 1490 4438 flere
1531 4383 1850 4453 compellas.

345 4483 550 4538 Memor
570 4496 691 4536 esse
711 4490 884 4549 potes,
919 4487 976 4533 ut
999 4479 1181 4542 credo,
1213 4477 1406 4531 dilecte
1424 4474 1607 4538 Pater,
1634 4477 1851 4545 quando

1956 2001 2145 2050 charta
2195 2005 2251 2052 et
2279 1997 2522 2051 calamus
2573 1998 2675 2052 ista
2737 2008 2951 2053 notare.
2978 1997 3082 2051 Ubi
3106 2005 3190 2051 est
3220 1996 3312 2050 ille
3347 1995 3544 2049 lliere-

1960 2090 2097 2144 mias
2126 2089 2410 2158 propheta,
2447 2089 2539 2159 qui
2575 2104 2680 2144 nou
2714 2105 2879 2143 unam
2913 2089 3086 2143 solam
3119 2088 3316 2142 defleat
3349 2088 3545 2142 cii-ita.

1957 2188 2092 2246 tem,
2114 2181 2210 2235 sed
2237 2193 2368 2247 tres,
2410 2183 2504 2235 sed
2545 2190 2816 2252 quatuor,
2851 2183 2948 2237 sed
2988 2192 3172 2236 castra
3201 2191 3364 2250 atque
3390 2181 3545 2234 villas

1956 2269 2294 2333 innumeras,
2351 2284 2602 2340 magnam
2653 2272 2776 2326 dico
2826 2287 2892 2327 ac
2945 2271 3242 2327 notabilem
3287 2271 3542 2338 patriam,

1956 2359 2358 2418 habitatoribus
2415 2372 2468 2415 et
2519 2363 2727 2418 divitiis
2759 2363 3250 2432 opulentissimam,
3297 2363 3412 2432 jam
3449 2363 3546 2415 de-

1956 2461 2216 2506 structam
2255 2454 2309 2507 in
2357 2455 2713 2525 cineremque
2743 2457 3046 2522 redactam,
3086 2459 3153 2511 de
3189 2470 3378 2510 mense
3396 2455 3548 2509 vitie-

1956 2545 2086 2601 licet
2122 2545 2348 2616 Augusti
2373 2551 2666 2618 praesentis
2697 2553 2859 2616 anni;
2894 2553 3128 2622 patriam
3159 2552 3279 2606 dico
3306 2549 3543 2604 ﬁdelium
3581 2574 3591 2583 -

1954 2629 2302 2707 populorum,
2357 2641 2448 2710 qui
2515 2640 2762 2696 Saxones
2817 2653 3206 2711 nuncupantur
3252 2643 3308 2701 in
3364 2645 3541 2711 putria

1954 2728 2352 2800 Transylvana,
2382 2745 2526 2800 quae,
2590 2741 2649 2785 ut
2675 2732 2844 2786 frater
2886 2733 3020 2787 mihi
3058 2742 3238 2786 narrat
3268 2747 3330 2786 ex
3362 2735 3541 2802 prmda

1957 2821 2297 2889 redemptus,
2335 2833 2464 2876 octo
2510 2823 2721 2877 dierum
2772 2823 3113 2894 longitudine
3135 2834 3192 2878 et
3227 2824 3385 2878 trium
3420 2823 3540 2876 lati-

1957 2915 2144 2971 tudine
2183 2915 2533 2980 tendebatur,
2583 2932 2702 2985 qua:
2743 2917 2895 2988 prius
2927 2916 3287 2987 Septemsolia
3317 2916 3539 2971 diceba-

1956 3017 2062 3074 tur,
2093 3022 2236 3062 nunc
2289 3023 2419 3061 vero
2462 3008 2591 3077 quid
2647 3009 2967 3063 nominetur
3014 3008 3226 3079 ignoro,
3265 3008 3370 3062 nisi
3397 3006 3539 3061 forte

1955 3099 2108 3154 locus
2155 3100 2561 3156 iameutatiouis
2613 3111 2666 3156 et
2715 3101 2988 3169 planctus.
3044 3101 3178 3167 Quis
3225 3115 3357 3170 ergo
3389 3100 3542 3153 dabit

1901 3246 1920 3268 π
1957 3192 2125 3262 capiti
2159 3207 2282 3248 meo
2347 3208 2566 3262 aquam,
2612 3204 2669 3248 ut
2724 3198 2930 3263 plorem
2985 3195 3071 3248 die
3123 3203 3389 3257 acnocte,
3429 3206 3539 3244 non

1959 3299 2142 3340 muros
2166 3296 2218 3338 et
2239 3284 2476 3355 parietes
2513 3286 2835 3349 destructos,
2867 3286 2961 3340 sed
2991 3286 3307 3340 innmneras
3328 3283 3540 3338 aii-uas

1955 3389 2294 3446 exportatas,
2321 3387 2378 3433 et
2423 3380 2530 3448 jam
2579 3379 2797 3434 diabolo
2855 3380 3088 3434 traditas
3111 3380 3178 3434 ad
3210 3379 3538 3440 vorandum,

1955 3486 2094 3539 qum,
2121 3479 2180 3523 ut
2219 3472 2438 3535 dicitur,
2501 3472 2567 3525 ad
2622 3473 2870 3542 triginta,
2905 3483 2959 3526 et
2997 3472 3136 3526 forte
3179 3469 3538 3540 quadraginta

1956 3561 2180 3615 tnillium
2205 3577 2488 3616 numerum
2521 3564 2924 3617 extenduntur?
2958 3561 3075 3617 0h!
3109 3564 3234 3632 quis
3265 3562 3396 3616 mihi
3428 3562 3540 3624 det,

1961 3669 2066 3706 non
2091 3652 2351 3718 Maronis,
2375 3667 2480 3706 non
2501 3653 2661 3706 Tullii
2685 3654 3052 3722 eloquentiam
3078 3655 3144 3707 abl
3163 3653 3536 3715 scribendum,

1956 3757 2078 3811 quae
2109 3743 2161 3796 in
2191 3742 2276 3798 his
2311 3743 2554 3813 Profecto
2599 3743 3004 3807 succumberet,
3051 3744 3146 3798 sed
3180 3744 3362 3813 potius
3395 3743 3538 3796 toni.

1956 3834 2064 3887 trui
2133 3849 2322 3888 vocem
2379 3843 2434 3888 et
2482 3851 2687 3904 pennas
2756 3845 3039 3889 ventorum
3097 3836 3419 3899 ascendere,
3476 3850 3542 3890 ac

1955 3942 2120 3997 super
2145 3927 2584 3981 Christianorum
2612 3928 2844 3996 patriam
2870 3927 3125 3992 volitare,
3159 3943 3267 3983 non
3298 3937 3357 3981 ut
3379 3930 3542 3982 modo

1917 4079 1922 4084 _
1954 4016 2118 4070 corda
2155 4015 2390 4086 lapidea,
2425 4031 2612 4071 verum
2645 4017 2748 4086 ipsi
2785 4029 3000 4072 montes
3040 4031 3097 4072 et
3143 4020 3308 4074 valles
3335 4034 3364 4072 a
3393 4020 3542 4075 vocis

1933 4108 2340 4184 magnitudine
2375 4111 2722 4163 terreantur?
2757 4107 2874 4164 Non
2930 4111 3158 4166 audiunt
3206 4111 3307 4167 ista
3356 4111 3542 4166 miseri

1953 4197 2274 4267 Christiani,
2303 4209 2359 4254 et
2393 4199 2646 4256 fortassis
2673 4201 2863 4257 audita
2919 4218 3026 4257 non
3057 4205 3300 4259 credent.
3338 4205 3546 4258 Audie-

1959 4302 2104 4354 runt,
2127 4292 2314 4357 credo,
2347 4303 2404 4346 et
2438 4294 2697 4358 libentius
2723 4295 3094 4358 crediderunt.
3120 4296 3390 4352 Teucrum
3419 4313 3542 4352 esse

1953 4387 2477 4459 conﬂictum;quod
2521 4405 2630 4444 non
2689 4389 2762 4444 sit
2814 4404 3030 4454 verum,
3079 4391 3196 4445 .hoc
3253 4390 3543 4446 manifeste

1955 4480 2318 4543 demonstrat,
2339 4481 2484 4550 quod
2513 4479 2624 4548 jam
2662 4483 2747 4536 bis
2778 4482 2862 4536 vel
2891 4491 2974 4537 ter
3016 4498 3192 4552 usque
3231 4485 3393 4538 modo
3423 4495 3544 4553 post

273 4590 305 4627 a
341 4573 567 4627 Domino
593 4583 783 4626 nostro
809 4586 945 4640 papa
971 4571 1317 4626 SanCliSSimO
1337 4569 1592 4624 dBSliIIali
1624 4573 1690 4624 ad
1722 4584 1851 4638 βειν-
1883 4583 1931 4642 ι)
1959 4572 2191 4628 reditum
2215 4576 2281 4629 ad
2308 4575 2434 4630 illas
2477 4586 2662 4644 partes
2693 4576 2998 4631 exercitum
3036 4577 3352 4636 destinavit.
3384 4580 3539 4645 Quod

276 4678 359 4721 tes
391 4667 554 4729 istas,
585 4681 613 4717 a
649 4662 889 4719 Venetiis
921 4665 1313 4724 discessimus,
1354 4661 1444 4716 ubi
1479 4669 1535 4716 et
1575 4671 1628 4715 tu
1671 4664 1852 4716 subito

273 4757 348 4810 ab
378 4753 719 4809 Hierusalem
758 4753 976 4808 rediens
1007 4752 1336 4822 applicuisti,
1361 4754 1636 4821 quomodo
1661 4752 1853 4820 vulga-

270 4851 433 4906 batur
488 4849 687 4902 ibidem
745 4846 938 4900 diebus
991 4847 1284 4914 proximis,
1337 4843 1620 4913 Hungaros
1672 4845 1852 4912 aliqua

271 4941 611 4994 Teucrorum
681 4936 895 5007 navigia
957 4937 1350 5003 combussisse,
1405 4952 1503 4992 nec
1551 4940 1850 4992 nonetiam

271 5032 539 5101 plurimos
579 5029 844 5102 occidisse
887 5026 1128 5080 illorum.
1181 5025 1329 5091 llaac,
1386 5026 1631 5096 inquam,
1671 5027 1852 5080 omnia

270 5135 401 5176 vera
436 5120 670 5174 fuerunt.
721 5119 851 5182 Sed,
902 5119 943 5171 si
991 5109 1335 5190 postmodum
1378 5119 1606 5172 audistis
1638 5118 1854 5188 ignoro,

273 5218 417 5284 quod
453 5228 517 5268 ex
549 5214 652 5269 hoc
687 5214 896 5267 Teucer
945 5213 1059 5278 ipse
1103 5211 1299 5274 iratus,
1335 5209 1466 5264 illuc
1492 5226 1614 5264 cum
1657 5225 1854 5281 magno

272 5309 514 5362 exercitu
536 5307 896 5376 personaliter
923 5303 1211 5368 accedens,
1255 5303 1541 5370 plusquam
1575 5303 1853 5372 sexaginta

270 5401 466 5464 millia,
506 5414 564 5452 ut
595 5399 818 5460 dicitur,
877 5399 1183 5452 animarum
1243 5397 1544 5465 asportavit
1592 5397 1658 5449 de
1689 5412 1855 5465 regno

275 5489 476 5555 Rasiae,
527 5488 822 5559 Huugarite
881 5489 1204 5552 convicino;
1258 5502 1514 5555 quarum,
1561 5486 1607 5540 si
1643 5502 1762 5554 qua:
1789 5487 1854 5541 ad

274 5595 516 5650 pra'sens
565 5575 726 5635 etiam
771 5579 974 5634 Christi
1036 5579 1414 5644 recordentur,
1449 5578 1714 5632 incertum
1751 5589 1855 5634 est.

274 5671 491 5726 Miraris
530 5671 678 5726 hoc?
717 5671 826 5727 Sed
875 5671 1048 5727 multo
1085 5673 1264 5742 magis
1311 5671 1530 5726 mireris
1563 5681 1616 5726 et
1651 5674 1856 5739 doleas,

273 5765 418 5834 quod
471 5779 504 5817 a
549 5763 737 5835 viginti
793 5764 1036 5834 quinque
1085 5778 1151 5819 ac
1210 5765 1432 5834 triginta
1490 5765 1648 5820 annis
1698 5765 1856 5831 citra,

274 5872 438 5917 uuam
472 5871 581 5912 non
630 5845 797 5925 parvo
849 5858 1048 5912 damno
1097 5857 1200 5912 sibi
1234 5867 1290 5913 et
1335 5859 1675 5916 verecundia:
1704 5875 1859 5915 com-

559 5953 819 6014 Paruoa.
875 5955 994 6014 Gn.
1034 5953 1296 6015 CLVIII.
1813 5981 1833 6005 ι

1959 4668 2002 4719 si
2031 4675 2086 4720 et
2113 4682 2302 4722 verum
2339 4676 2426 4723 est
2459 4668 2658 4722 multos
2698 4685 2764 4723 ex
2801 4670 2913 4724 suis
2942 4685 3049 4725 non
3077 4685 3200 4726 esse
3228 4671 3541 4739 defunctos,

1958 4756 2140 4825 potius
2190 4757 2396 4820 labore,
2451 4769 2629 4828 peste,
2684 4760 2850 4826 fame,
2910 4777 3072 4831 qttam
3123 4762 3325 4832 gladio,
3383 4764 3540 4833 quid,

1957 4865 2163 4918 quaeso,
2202 4850 2398 4904 mirum
2423 4851 2586 4906 estin
2618 4853 2861 4908 exercitu
2893 4863 3267 4909 tercentutum
3311 4857 3540 4910 millium

1960 4944 2241 4997 hominum
2274 4944 2490 5013 aliquos
2517 4946 2674 5009 mori,
2695 4961 2828 5015 quos
2855 4948 3014 5001 etiam
3037 4964 3134 5017 pro
3164 4949 3353 5018 majori
3389 4962 3544 5022 parte

1960 5035 2180 5088 noveris
2244 5035 2628 5091 Christianos?
2693 5038 2809 5103 Qua
2857 5039 2925 5095 de
2979 5055 3057 5106 re,
3110 5056 3434 5113 quocunque
3486 5054 3540 5100 te

1959 5133 2165 5193 vertas,
2227 5128 2397 5182 babes
2451 5130 2736 5184 materiam
2801 5130 3035 5187 dcflendi
3099 5135 3402 5205 copiosam.
3435 5137 3539 5194 Ubi

1961 5233 2103 5273 nunc
2138 5219 2304 5288 igitur
2333 5222 2570 5290 amplius
2595 5225 2844 5280 ecclesiae
2881 5225 2934 5280 in
2962 5229 3138 5296 patria
3169 5204 3281 5296 illa,
3325 5204 3572 5296 cruces,‘

1959 5311 2185 5375 calices,
2210 5313 2471 5379 missalia,
2521 5318 2871 5385 paramenta?
2923 5321 3012 5374 ubi
3064 5332 3377 5378 sanctorum
3417 5325 3543 5381 reli-

1960 5398 2137 5467 quia:?
2165 5404 2382 5471 etquod
2419 5404 2598 5472 majus
2631 5415 2714 5461 est
2741 5410 3023 5476 onmibus,
3054 5412 3110 5466 in
3138 5412 3271 5469 locis
3295 5414 3543 5484 pluribus

1959 5505 2158 5561 corpus
2191 5494 2401 5550 Domini
2431 5503 2851 5556 consecratum?
2886 5503 3034 5558 lleul
3070 5521 3180 5574 quo
3222 5509 3539 5576 opprobrio,

1961 5599 2071 5652 quo
2095 5585 2300 5650 derisu,
2331 5597 2533 5656 quanta
2562 5602 2694 5647 sunt
2724 5593 2980 5649 illusione
3009 5596 3243 5664 deiecta,
3277 5616 3341 5654 ac
3381 5603 3540 5670 pedi-

1961 5675 2063 5730 bus
2089 5679 2451 5734 conculcata?
2477 5680 2576 5738 Ubi
2599 5694 2684 5738 est
2712 5683 2860 5739 hunc
2892 5686 2982 5740 ille
3005 5684 3150 5741 Deus
3173 5690 3540 5758 omnipotens,

1962 5769 2054 5839 qui
2079 5771 2192 5840 regi
2219 5771 2537 5830 Balthassar
2583 5778 2856 5833 irascatur
2906 5779 3052 5836 vasis
3091 5783 3276 5853 templi
3327 5784 3542 5844 Domini

1967 5863 2203 5934 turpiter
2237 5867 2528 5925 abutentil
2567 5870 2749 5938 Certe,
2786 5879 2844 5926 ut
2874 5873 3159 5931 manifeste
3190 5889 3437 5950 apparet,
3469 5883 3544 5938 si-

3149 5969 3228 6031 34
