  <div class='ocr_page' id='page_1' title='image "/cluster/home/n/w/nwhite01/storage/ocr_20150623/158/coo.31924054870633/565.png"; bbox 0 0 4034 6434; ppageno 0'>
   <div class='ocr_carea' id='block_1_1' title="bbox 533 361 667 450">
    <p class='ocr_par' dir='ltr' id='par_1_1' title="bbox 533 361 667 450">
     <span class='ocr_line' id='line_1_1' title="bbox 533 361 667 450; baseline -0.015 0"><span class='ocrx_word' id='word_1_1' title='bbox 533 361 667 450; x_wconf 61' lang='grc'><strong>1059</strong></span> 
     </span>
    </p>
   </div>
   <div class='ocr_carea' id='block_1_2' title="bbox 1830 390 2485 478">
    <p class='ocr_par' dir='ltr' id='par_1_2' title="bbox 1830 390 2485 478">
     <span class='ocr_line' id='line_1_2' title="bbox 1830 390 2485 478; baseline 0.006 -26"><span class='ocrx_word' id='word_1_2' title='bbox 1830 390 2104 456; x_wconf 79' lang='lat' dir='ltr'><strong>BARTII.</strong></span> <span class='ocrx_word' id='word_1_3' title='bbox 2156 394 2254 456; x_wconf 88' lang='lat' dir='ltr'><strong>DE</strong></span> <span class='ocrx_word' id='word_1_4' title='bbox 2295 394 2485 478; x_wconf 63' lang='lat' dir='ltr'><strong>.j&#39;.\7\&#39;0</strong></span> 
     </span>
    </p>
   </div>
   <div class='ocr_carea' id='block_1_3' title="bbox 3650 397 3763 466">
    <p class='ocr_par' dir='ltr' id='par_1_3' title="bbox 3650 397 3763 466">
     <span class='ocr_line' id='line_1_3' title="bbox 3650 397 3763 466; baseline 0 0"><span class='ocrx_word' id='word_1_5' title='bbox 3650 397 3763 466; x_wconf 68' lang='lat'><strong>196&#39;.)</strong></span> 
     </span>
    </p>
   </div>
   <div class='ocr_carea' id='block_1_4' title="bbox 528 505 3761 586">
    <p class='ocr_par' dir='ltr' id='par_1_4' title="bbox 528 505 3761 586">
     <span class='ocr_line' id='line_1_4' title="bbox 528 505 3761 586; baseline 0.005 -28"><span class='ocrx_word' id='word_1_6' title='bbox 528 522 632 575; x_wconf 80' lang='lat' dir='ltr'><strong>gna</strong></span> <span class='ocrx_word' id='word_1_7' title='bbox 663 512 849 560; x_wconf 80' lang='lat' dir='ltr'><strong>nostra</strong></span> <span class='ocrx_word' id='word_1_8' title='bbox 886 519 990 559; x_wconf 90' lang='lat' dir='ltr'><strong>non</strong></span> <span class='ocrx_word' id='word_1_9' title='bbox 1032 505 1287 569; x_wconf 85' lang='lat' dir='ltr'><strong>vidimus,</strong></span> <span class='ocrx_word' id='word_1_10' title='bbox 1323 505 1434 576; x_wconf 90' lang='lat' dir='ltr'><strong>jam</strong></span> <span class='ocrx_word' id='word_1_11' title='bbox 1469 521 1575 562; x_wconf 88' lang='lat' dir='ltr'><strong>non</strong></span> <span class='ocrx_word' id='word_1_12' title='bbox 1620 517 1700 564; x_wconf 90' lang='lat' dir='ltr'><strong>est</strong></span> <span class='ocrx_word' id='word_1_13' title='bbox 1743 513 2031 581; x_wconf 81' lang='lat' dir='ltr'><strong>propheta,</strong></span> <span class='ocrx_word' id='word_1_14' title='bbox 2061 521 2116 567; x_wconf 80' lang='lat' dir='ltr'><strong>et</strong></span> <span class='ocrx_word' id='word_1_15' title='bbox 2151 523 2189 577; x_wconf 73' lang='grc' dir='ltr'>Α</span> <span class='ocrx_word' id='word_1_16' title='bbox 2225 525 2374 568; x_wconf 87' lang='lat' dir='ltr'><strong>turas</strong></span> <span class='ocrx_word' id='word_1_17' title='bbox 2423 514 2541 569; x_wconf 87' lang='lat' dir='ltr'><strong>fore</strong></span> <span class='ocrx_word' id='word_1_18' title='bbox 2585 530 2644 569; x_wconf 90' lang='lat' dir='ltr'><strong>se</strong></span> <span class='ocrx_word' id='word_1_19' title='bbox 2677 517 2925 579; x_wconf 88' lang='lat' dir='ltr'><strong>credunt,</strong></span> <span class='ocrx_word' id='word_1_20' title='bbox 2987 527 3148 586; x_wconf 87' lang='lat' dir='ltr'><strong>atque</strong></span> <span class='ocrx_word' id='word_1_21' title='bbox 3198 516 3493 572; x_wconf 88' lang='lat' dir='ltr'><strong>creduntur</strong></span> <span class='ocrx_word' id='word_1_22' title='bbox 3546 520 3610 572; x_wconf 90' lang='lat' dir='ltr'><strong>ab</strong></span> <span class='ocrx_word' id='word_1_23' title='bbox 3638 521 3761 584; x_wconf 84' lang='lat' dir='ltr'><strong>aliis,</strong></span> 
     </span>
    </p>
   </div>
   <div class='ocr_carea' id='block_1_5' title="bbox 529 597 2113 667">
    <p class='ocr_par' dir='ltr' id='par_1_5' title="bbox 529 597 2113 667">
     <span class='ocr_line' id='line_1_5' title="bbox 529 597 2113 667; baseline 0.005 -19"><span class='ocrx_word' id='word_1_24' title='bbox 529 612 629 652; x_wconf 72' lang='lat' dir='ltr'><strong>nos</strong></span> <span class='ocrx_word' id='word_1_25' title='bbox 660 609 765 648; x_wconf 89' lang='lat' dir='ltr'><strong>non</strong></span> <span class='ocrx_word' id='word_1_26' title='bbox 813 597 1092 664; x_wconf 82' lang='lat' dir='ltr'><strong>cognoscit</strong></span> <span class='ocrx_word' id='word_1_27' title='bbox 1139 598 1372 665; x_wconf 81' lang='lat' dir='ltr'><strong>amplius</strong></span> <span class='ocrx_word' id='word_1_28' title='bbox 1419 599 1591 665; x_wconf 87' lang='lat' dir='ltr'><strong>Deus;</strong></span> <span class='ocrx_word' id='word_1_29' title='bbox 1647 610 1700 653; x_wconf 85' lang='lat' dir='ltr'><strong>et</strong></span> <span class='ocrx_word' id='word_1_30' title='bbox 1744 603 1960 667; x_wconf 82' lang='lat' dir='ltr'><strong>merito,</strong></span> <span class='ocrx_word' id='word_1_31' title='bbox 1991 618 2113 658; x_wconf 87' lang='lat' dir='ltr'><strong>cunt</strong></span> 
     </span>
    </p>
   </div>
   <div class='ocr_carea' id='block_1_6' title="bbox 533 687 2115 762">
    <p class='ocr_par' dir='ltr' id='par_1_6' title="bbox 533 687 2115 762">
     <span class='ocr_line' id='line_1_6' title="bbox 533 687 2115 762; baseline 0.004 -22"><span class='ocrx_word' id='word_1_32' title='bbox 533 694 584 740; x_wconf 83' lang='lat' dir='ltr'><strong>et</strong></span> <span class='ocrx_word' id='word_1_33' title='bbox 624 701 720 740; x_wconf 87' lang='lat' dir='ltr'><strong>nos</strong></span> <span class='ocrx_word' id='word_1_34' title='bbox 754 689 930 754; x_wconf 89' lang='lat' dir='ltr'><strong>ipsum</strong></span> <span class='ocrx_word' id='word_1_35' title='bbox 962 702 1060 742; x_wconf 89' lang='lat' dir='ltr'><strong>nec</strong></span> <span class='ocrx_word' id='word_1_36' title='bbox 1083 687 1314 756; x_wconf 79' lang='lat' dir='ltr'><strong>amplius</strong></span> <span class='ocrx_word' id='word_1_37' title='bbox 1346 694 1753 760; x_wconf 69' lang='lat' dir='ltr'><strong>cognoseimus.</strong></span> <span class='ocrx_word' id='word_1_38' title='bbox 1791 692 1896 747; x_wconf 84' lang='lat' dir='ltr'><strong>Sed</strong></span> <span class='ocrx_word' id='word_1_39' title='bbox 1931 709 2115 762; x_wconf 85' lang='lat' dir='ltr'><strong>prose-</strong></span> 
     </span>
    </p>
   </div>
   <div class='ocr_carea' id='block_1_7' title="bbox 533 780 2118 853">
    <p class='ocr_par' dir='ltr' id='par_1_7' title="bbox 533 780 2118 853">
     <span class='ocr_line' id='line_1_7' title="bbox 533 780 2118 853; baseline 0.005 -24"><span class='ocrx_word' id='word_1_40' title='bbox 533 795 761 846; x_wconf 81' lang='lat' dir='ltr'><strong>quamur</strong></span> <span class='ocrx_word' id='word_1_41' title='bbox 792 780 1088 848; x_wconf 82' lang='lat' dir='ltr'><strong>inceptum.</strong></span> <span class='ocrx_word' id='word_1_42' title='bbox 1126 780 1263 836; x_wconf 83' lang='lat' dir='ltr'><strong>Tres</strong></span> <span class='ocrx_word' id='word_1_43' title='bbox 1300 784 1482 853; x_wconf 75' lang='lat' dir='ltr'><strong>magni</strong></span> <span class='ocrx_word' id='word_1_44' title='bbox 1519 797 1731 838; x_wconf 65' lang='lat' dir='ltr'><strong>montes</strong></span> <span class='ocrx_word' id='word_1_45' title='bbox 1757 787 1994 853; x_wconf 89' lang='lat' dir='ltr'><strong>capitum</strong></span> <span class='ocrx_word' id='word_1_46' title='bbox 2031 802 2118 838; x_wconf 84' lang='lat' dir='ltr'><strong>or-</strong></span> 
     </span>
    </p>
   </div>
   <div class='ocr_carea' id='block_1_8' title="bbox 530 872 2116 946">
    <p class='ocr_par' dir='ltr' id='par_1_8' title="bbox 530 872 2116 946">
     <span class='ocr_line' id='line_1_8' title="bbox 530 872 2116 946; baseline 0.006 -22"><span class='ocrx_word' id='word_1_47' title='bbox 530 875 770 926; x_wconf 74' lang='lat' dir='ltr'><strong>c‘surum</strong></span> <span class='ocrx_word' id='word_1_48' title='bbox 835 872 1118 927; x_wconf 80' lang='lat' dir='ltr'><strong>hominum</strong></span> <span class='ocrx_word' id='word_1_49' title='bbox 1175 874 1300 927; x_wconf 84' lang='lat' dir='ltr'><strong>farti</strong></span> <span class='ocrx_word' id='word_1_50' title='bbox 1365 888 1490 930; x_wconf 82' lang='lat' dir='ltr'><strong>sant</strong></span> <span class='ocrx_word' id='word_1_51' title='bbox 1535 877 1628 941; x_wconf 92' lang='lat' dir='ltr'><strong>ibi,</strong></span> <span class='ocrx_word' id='word_1_52' title='bbox 1671 879 1775 946; x_wconf 66' lang='lat' dir='ltr'><strong>qui</strong></span> <span class='ocrx_word' id='word_1_53' title='bbox 1796 893 1856 932; x_wconf 82' lang='lat' dir='ltr'><strong>se</strong></span> <span class='ocrx_word' id='word_1_54' title='bbox 1893 880 2116 946; x_wconf 83' lang='lat' dir='ltr'><strong>pacifice</strong></span> 
     </span>
    </p>
   </div>
   <div class='ocr_carea' id='block_1_9' title="bbox 532 961 2106 1035">
    <p class='ocr_par' dir='ltr' id='par_1_9' title="bbox 532 961 2106 1035">
     <span class='ocr_line' id='line_1_9' title="bbox 532 961 2106 1035; baseline 0.003 -22"><span class='ocrx_word' id='word_1_55' title='bbox 532 975 719 1013; x_wconf 81' lang='lat' dir='ltr'><strong>eorum</strong></span> <span class='ocrx_word' id='word_1_56' title='bbox 751 961 1003 1015; x_wconf 87' lang='lat' dir='ltr'><strong>manibus</strong></span> <span class='ocrx_word' id='word_1_57' title='bbox 1048 961 1262 1016; x_wconf 78' lang='lat' dir='ltr'><strong>tradere</strong></span> <span class='ocrx_word' id='word_1_58' title='bbox 1308 963 1620 1025; x_wconf 77' lang='lat' dir='ltr'><strong>ndiuerunt,</strong></span> <span class='ocrx_word' id='word_1_59' title='bbox 1653 965 1974 1033; x_wconf 79' lang='lat' dir='ltr'><strong>corporibus</strong></span> <span class='ocrx_word' id='word_1_60' title='bbox 2009 981 2106 1035; x_wconf 82' lang='lat' dir='ltr'><strong>per</strong></span> 
     </span>
    </p>
   </div>
   <div class='ocr_carea' id='block_1_10' title="bbox 533 1054 2118 1126">
    <p class='ocr_par' dir='ltr' id='par_1_10' title="bbox 533 1054 2118 1126">
     <span class='ocr_line' id='line_1_10' title="bbox 533 1054 2118 1126; baseline 0.003 -20"><span class='ocrx_word' id='word_1_61' title='bbox 533 1069 771 1106; x_wconf 76' lang='lat' dir='ltr'><strong>convexa</strong></span> <span class='ocrx_word' id='word_1_62' title='bbox 811 1055 1081 1107; x_wconf 76' lang='lat' dir='ltr'><strong>montium</strong></span> <span class='ocrx_word' id='word_1_63' title='bbox 1119 1055 1396 1119; x_wconf 81' lang='lat' dir='ltr'><strong>rotulatis,</strong></span> <span class='ocrx_word' id='word_1_64' title='bbox 1450 1054 1590 1122; x_wconf 89' lang='lat' dir='ltr'><strong>lupis</strong></span> <span class='ocrx_word' id='word_1_65' title='bbox 1618 1065 1671 1107; x_wconf 87' lang='lat' dir='ltr'><strong>ct</strong></span> <span class='ocrx_word' id='word_1_66' title='bbox 1699 1056 1928 1110; x_wconf 84' lang='lat' dir='ltr'><strong>canibus</strong></span> <span class='ocrx_word' id='word_1_67' title='bbox 1954 1065 2118 1126; x_wconf 86' lang='lat' dir='ltr'><strong>atque</strong></span> 
     </span>
    </p>
   </div>
   <div class='ocr_carea' id='block_1_11' title="bbox 533 1147 2120 1219">
    <p class='ocr_par' dir='ltr' id='par_1_11' title="bbox 533 1147 2120 1219">
     <span class='ocr_line' id='line_1_11' title="bbox 533 1147 2120 1219; baseline 0.002 -20"><span class='ocrx_word' id='word_1_68' title='bbox 533 1147 724 1199; x_wconf 81' lang='lat' dir='ltr'><strong>avibus</strong></span> <span class='ocrx_word' id='word_1_69' title='bbox 757 1147 1026 1200; x_wconf 82' lang='lat' dir='ltr'><strong>herremta</strong></span> <span class='ocrx_word' id='word_1_70' title='bbox 1074 1148 1316 1214; x_wconf 89' lang='lat' dir='ltr'><strong>cibatio;</strong></span> <span class='ocrx_word' id='word_1_71' title='bbox 1369 1149 1702 1213; x_wconf 76' lang='lat' dir='ltr'><strong>sacerdotes,</strong></span> <span class='ocrx_word' id='word_1_72' title='bbox 1747 1149 2006 1219; x_wconf 82' lang='lat' dir='ltr'><strong>religinsi,</strong></span> <span class='ocrx_word' id='word_1_73' title='bbox 2035 1149 2120 1217; x_wconf 88' lang='lat' dir='ltr'><strong>ju-</strong></span> 
     </span>
    </p>
   </div>
   <div class='ocr_carea' id='block_1_12' title="bbox 533 1244 2114 1313">
    <p class='ocr_par' dir='ltr' id='par_1_12' title="bbox 533 1244 2114 1313">
     <span class='ocr_line' id='line_1_12' title="bbox 533 1244 2114 1313; baseline 0.001 -18"><span class='ocrx_word' id='word_1_74' title='bbox 533 1260 698 1295; x_wconf 73' lang='lat' dir='ltr'><strong>venes</strong></span> <span class='ocrx_word' id='word_1_75' title='bbox 723 1253 777 1296; x_wconf 78' lang='lat' dir='ltr'><strong>et</strong></span> <span class='ocrx_word' id='word_1_76' title='bbox 808 1244 1033 1310; x_wconf 84' lang='lat' dir='ltr'><strong>antiqui,</strong></span> <span class='ocrx_word' id='word_1_77' title='bbox 1093 1244 1220 1296; x_wconf 90' lang='lat' dir='ltr'><strong>dum</strong></span> <span class='ocrx_word' id='word_1_78' title='bbox 1257 1253 1434 1298; x_wconf 88' lang='lat' dir='ltr'><strong>tamen</strong></span> <span class='ocrx_word' id='word_1_79' title='bbox 1477 1244 1756 1298; x_wconf 81' lang='lat' dir='ltr'><strong>ambulare</strong></span> <span class='ocrx_word' id='word_1_80' title='bbox 1789 1255 2029 1313; x_wconf 80' lang='lat' dir='ltr'><strong>possent,</strong></span> <span class='ocrx_word' id='word_1_81' title='bbox 2063 1247 2114 1299; x_wconf 93' lang='lat' dir='ltr'><strong>in</strong></span> 
     </span>
    </p>
   </div>
   <div class='ocr_carea' id='block_1_13' title="bbox 535 1334 2118 1408">
    <p class='ocr_par' dir='ltr' id='par_1_13' title="bbox 535 1334 2118 1408">
     <span class='ocr_line' id='line_1_13' title="bbox 535 1334 2118 1408; baseline 0.006 -26"><span class='ocrx_word' id='word_1_82' title='bbox 535 1335 744 1388; x_wconf 74' lang='lat' dir='ltr'><strong>catenis</strong></span> <span class='ocrx_word' id='word_1_83' title='bbox 776 1334 970 1390; x_wconf 80' lang='lat' dir='ltr'><strong>ferreis</strong></span> <span class='ocrx_word' id='word_1_84' title='bbox 994 1337 1236 1403; x_wconf 81' lang='lat' dir='ltr'><strong>perducti</strong></span> <span class='ocrx_word' id='word_1_85' title='bbox 1287 1346 1418 1391; x_wconf 86' lang='lat' dir='ltr'><strong>sunt</strong></span> <span class='ocrx_word' id='word_1_86' title='bbox 1465 1337 1530 1389; x_wconf 86' lang='lat' dir='ltr'><strong>ad</strong></span> <span class='ocrx_word' id='word_1_87' title='bbox 1585 1337 1787 1393; x_wconf 76' lang='lat' dir='ltr'><strong>caudas</strong></span> <span class='ocrx_word' id='word_1_88' title='bbox 1813 1353 2076 1408; x_wconf 85' lang='lat' dir='ltr'><strong>equorum</strong></span> <span class='ocrx_word' id='word_1_89' title='bbox 2103 1355 2118 1404; x_wconf 89' lang='lat'><strong>;</strong></span> 
     </span>
    </p>
   </div>
   <div class='ocr_carea' id='block_1_14' title="bbox 536 1423 2121 1494">
    <p class='ocr_par' dir='ltr' id='par_1_14' title="bbox 536 1423 2121 1494">
     <span class='ocr_line' id='line_1_14' title="bbox 536 1423 2121 1494; baseline 0.005 -20"><span class='ocrx_word' id='word_1_90' title='bbox 536 1423 802 1489; x_wconf 80' lang='lat' dir='ltr'><strong>reliquum</strong></span> <span class='ocrx_word' id='word_1_91' title='bbox 838 1440 966 1478; x_wconf 88' lang='lat' dir='ltr'><strong>vero</strong></span> <span class='ocrx_word' id='word_1_92' title='bbox 1005 1426 1195 1492; x_wconf 76' lang='lat' dir='ltr'><strong>vulgus</strong></span> <span class='ocrx_word' id='word_1_93' title='bbox 1243 1441 1364 1480; x_wconf 90' lang='lat' dir='ltr'><strong>cum</strong></span> <span class='ocrx_word' id='word_1_94' title='bbox 1429 1427 1609 1494; x_wconf 89' lang='lat' dir='ltr'><strong>pueris</strong></span> <span class='ocrx_word' id='word_1_95' title='bbox 1629 1437 1682 1480; x_wconf 91' lang='lat' dir='ltr'><strong>et</strong></span> <span class='ocrx_word' id='word_1_96' title='bbox 1718 1427 2034 1482; x_wconf 73' lang='lat' dir='ltr'><strong>mulieribus</strong></span> <span class='ocrx_word' id='word_1_97' title='bbox 2062 1439 2121 1482; x_wconf 90' lang='lat' dir='ltr'><strong>ut</strong></span> 
     </span>
    </p>
   </div>
   <div class='ocr_carea' id='block_1_15' title="bbox 535 1517 2122 1589">
    <p class='ocr_par' dir='ltr' id='par_1_15' title="bbox 535 1517 2122 1589">
     <span class='ocr_line' id='line_1_15' title="bbox 535 1517 2122 1589; baseline 0.005 -21"><span class='ocrx_word' id='word_1_98' title='bbox 535 1524 733 1583; x_wconf 75' lang='lat' dir='ltr'><strong>perora</strong></span> <span class='ocrx_word' id='word_1_99' title='bbox 772 1531 800 1568; x_wconf 90' lang='lat' dir='ltr'><strong>a</strong></span> <span class='ocrx_word' id='word_1_100' title='bbox 825 1517 1054 1572; x_wconf 78' lang='lat' dir='ltr'><strong>Canibus</strong></span> <span class='ocrx_word' id='word_1_101' title='bbox 1088 1517 1314 1586; x_wconf 88' lang='lat' dir='ltr'><strong>impulsa</strong></span> <span class='ocrx_word' id='word_1_102' title='bbox 1342 1530 1490 1584; x_wconf 90' lang='lat' dir='ltr'><strong>sunt,</strong></span> <span class='ocrx_word' id='word_1_103' title='bbox 1527 1519 1732 1589; x_wconf 82' lang='lat' dir='ltr'><strong>absque</strong></span> <span class='ocrx_word' id='word_1_104' title='bbox 1772 1520 1877 1574; x_wconf 88' lang='lat' dir='ltr'><strong>ulla</strong></span> <span class='ocrx_word' id='word_1_105' title='bbox 1909 1522 2122 1576; x_wconf 83' lang='lat' dir='ltr'><strong>miscri-</strong></span> 
     </span>
    </p>
   </div>
   <div class='ocr_carea' id='block_1_16' title="bbox 537 1607 2120 1678">
    <p class='ocr_par' dir='ltr' id='par_1_16' title="bbox 537 1607 2120 1678">
     <span class='ocr_line' id='line_1_16' title="bbox 537 1607 2120 1678; baseline 0.004 -21"><span class='ocrx_word' id='word_1_106' title='bbox 537 1608 722 1660; x_wconf 78' lang='lat' dir='ltr'><strong>cordia</strong></span> <span class='ocrx_word' id='word_1_107' title='bbox 752 1607 832 1661; x_wconf 84' lang='lat' dir='ltr'><strong>vel</strong></span> <span class='ocrx_word' id='word_1_108' title='bbox 877 1608 1116 1675; x_wconf 66' lang='lat' dir='ltr'><strong>pii-tate;</strong></span> <span class='ocrx_word' id='word_1_109' title='bbox 1163 1625 1392 1678; x_wconf 87' lang='lat' dir='ltr'><strong>quorum</strong></span> <span class='ocrx_word' id='word_1_110' title='bbox 1421 1609 1466 1664; x_wconf 88' lang='lat' dir='ltr'><strong>si</strong></span> <span class='ocrx_word' id='word_1_111' title='bbox 1505 1610 1626 1675; x_wconf 87' lang='lat' dir='ltr'><strong>quis</strong></span> <span class='ocrx_word' id='word_1_112' title='bbox 1667 1611 1874 1675; x_wconf 84' lang='lat' dir='ltr'><strong>labore,</strong></span> <span class='ocrx_word' id='word_1_113' title='bbox 1913 1610 2000 1676; x_wconf 49' lang='lat' dir='ltr'><strong>siti</strong></span> <span class='ocrx_word' id='word_1_114' title='bbox 2035 1611 2120 1665; x_wconf 68' lang='lat' dir='ltr'><strong>v’el</strong></span> 
     </span>
    </p>
   </div>
   <div class='ocr_carea' id='block_1_17' title="bbox 537 1700 2117 1769">
    <p class='ocr_par' dir='ltr' id='par_1_17' title="bbox 537 1700 2117 1769">
     <span class='ocr_line' id='line_1_17' title="bbox 537 1700 2117 1769; baseline 0.003 -18"><span class='ocrx_word' id='word_1_115' title='bbox 537 1700 722 1753; x_wconf 81' lang='lat' dir='ltr'><strong>dolum</strong></span> <span class='ocrx_word' id='word_1_116' title='bbox 767 1701 945 1769; x_wconf 82' lang='lat' dir='ltr'><strong>potius</strong></span> <span class='ocrx_word' id='word_1_117' title='bbox 968 1702 1358 1755; x_wconf 88' lang='lat' dir='ltr'><strong>inambulando</strong></span> <span class='ocrx_word' id='word_1_118' title='bbox 1379 1702 1699 1765; x_wconf 70' lang='lat' dir='ltr'><strong>tardaverit,</strong></span> <span class='ocrx_word' id='word_1_119' title='bbox 1726 1719 1758 1755; x_wconf 90' lang='grc' dir='ltr'><strong>ο</strong></span> <span class='ocrx_word' id='word_1_120' title='bbox 1783 1703 1924 1758; x_wconf 90' lang='lat' dir='ltr'><strong>bone</strong></span> <span class='ocrx_word' id='word_1_121' title='bbox 1952 1701 2117 1758; x_wconf 80' lang='lat' dir='ltr'><strong>Jesul</strong></span> 
     </span>
    </p>
   </div>
   <div class='ocr_carea' id='block_1_18' title="bbox 538 1793 2113 1862">
    <p class='ocr_par' dir='ltr' id='par_1_18' title="bbox 538 1793 2113 1862">
     <span class='ocr_line' id='line_1_18' title="bbox 538 1793 2113 1862; baseline 0.004 -20"><span class='ocrx_word' id='word_1_122' title='bbox 538 1793 783 1858; x_wconf 77' lang='lat' dir='ltr'><strong>protinus</strong></span> <span class='ocrx_word' id='word_1_123' title='bbox 812 1793 864 1845; x_wconf 88' lang='lat' dir='ltr'><strong>itt</strong></span> <span class='ocrx_word' id='word_1_124' title='bbox 891 1794 1023 1847; x_wconf 88' lang='lat' dir='ltr'><strong>duas</strong></span> <span class='ocrx_word' id='word_1_125' title='bbox 1047 1793 1254 1847; x_wconf 65' lang='lat' dir='ltr'><strong>divisus</strong></span> <span class='ocrx_word' id='word_1_126' title='bbox 1279 1802 1456 1862; x_wconf 80' lang='lat' dir='ltr'><strong>partes</strong></span> <span class='ocrx_word' id='word_1_127' title='bbox 1481 1793 1552 1847; x_wconf 87' lang='lat' dir='ltr'><strong>ibi</strong></span> <span class='ocrx_word' id='word_1_128' title='bbox 1580 1793 1742 1848; x_wconf 86' lang='lat' dir='ltr'><strong>vitam</strong></span> <span class='ocrx_word' id='word_1_129' title='bbox 1774 1809 1896 1848; x_wconf 88' lang='lat' dir='ltr'><strong>cum</strong></span> <span class='ocrx_word' id='word_1_130' title='bbox 1926 1793 2113 1848; x_wconf 86' lang='lat' dir='ltr'><strong>labore</strong></span> 
     </span>
    </p>
   </div>
   <div class='ocr_carea' id='block_1_19' title="bbox 2229 606 3830 684">
    <p class='ocr_par' dir='ltr' id='par_1_19' title="bbox 2229 606 3830 684">
     <span class='ocr_line' id='line_1_19' title="bbox 2229 606 3830 684; baseline 0.004 -27"><span class='ocrx_word' id='word_1_131' title='bbox 2229 606 2560 674; x_wconf 76' lang='lat' dir='ltr'><strong>videremus,</strong></span> <span class='ocrx_word' id='word_1_132' title='bbox 2596 607 2680 662; x_wconf 83' lang='lat' dir='ltr'><strong>vel</strong></span> <span class='ocrx_word' id='word_1_133' title='bbox 2702 607 2841 662; x_wconf 88' lang='lat' dir='ltr'><strong>forte</strong></span> <span class='ocrx_word' id='word_1_134' title='bbox 2868 608 3177 663; x_wconf 85' lang='lat' dir='ltr'><strong>videremur</strong></span> <span class='ocrx_word' id='word_1_135' title='bbox 3209 610 3586 664; x_wconf 83' lang='lat' dir='ltr'><strong>miserabiliter</strong></span> <span class='ocrx_word' id='word_1_136' title='bbox 3610 614 3768 666; x_wconf 79' lang='lat' dir='ltr'><strong>ruina-</strong></span> <span class='ocrx_word' id='word_1_137' title='bbox 3825 679 3830 684; x_wconf 90' lang='lat'><em>_</em></span> 
     </span>
    </p>
   </div>
   <div class='ocr_carea' id='block_1_20' title="bbox 2227 700 3770 768">
    <p class='ocr_par' dir='ltr' id='par_1_20' title="bbox 2227 700 3770 768">
     <span class='ocr_line' id='line_1_20' title="bbox 2227 700 3770 768; baseline 0.002 -13"><span class='ocrx_word' id='word_1_138' title='bbox 2227 709 2331 755; x_wconf 77' lang='lat' dir='ltr'><strong>tus.</strong></span> <span class='ocrx_word' id='word_1_139' title='bbox 2349 700 2602 765; x_wconf 79' lang='lat' dir='ltr'><strong>Mentior,</strong></span> <span class='ocrx_word' id='word_1_140' title='bbox 2621 700 2665 753; x_wconf 83' lang='lat' dir='ltr'><strong>si</strong></span> <span class='ocrx_word' id='word_1_141' title='bbox 2696 715 2802 755; x_wconf 89' lang='lat' dir='ltr'><strong>non</strong></span> <span class='ocrx_word' id='word_1_142' title='bbox 2829 700 3014 768; x_wconf 85' lang='lat' dir='ltr'><strong>plures</strong></span> <span class='ocrx_word' id='word_1_143' title='bbox 3037 702 3159 755; x_wconf 83' lang='lat' dir='ltr'><strong>novi</strong></span> <span class='ocrx_word' id='word_1_144' title='bbox 3187 718 3251 756; x_wconf 78' lang='lat' dir='ltr'><strong>ex</strong></span> <span class='ocrx_word' id='word_1_145' title='bbox 3279 702 3502 757; x_wconf 79' lang='lat' dir='ltr'><strong>diversis</strong></span> <span class='ocrx_word' id='word_1_146' title='bbox 3516 704 3770 758; x_wconf 77' lang='lat' dir='ltr'><strong>ordinibus</strong></span> 
     </span>
    </p>
   </div>
   <div class='ocr_carea' id='block_1_21' title="bbox 2228 790 3772 861">
    <p class='ocr_par' dir='ltr' id='par_1_21' title="bbox 2228 790 3772 861">
     <span class='ocr_line' id='line_1_21' title="bbox 2228 790 3772 861; baseline 0.003 -18"><span class='ocrx_word' id='word_1_147' title='bbox 2228 790 2512 860; x_wconf 75' lang='lat' dir='ltr'><strong>religiosos</strong></span> <span class='ocrx_word' id='word_1_148' title='bbox 2530 791 2687 846; x_wconf 88' lang='lat' dir='ltr'><strong>hodie</strong></span> <span class='ocrx_word' id='word_1_149' title='bbox 2707 791 2988 846; x_wconf 87' lang='lat' dir='ltr'><strong>Christum</strong></span> <span class='ocrx_word' id='word_1_150' title='bbox 3011 792 3410 846; x_wconf 81' lang='lat' dir='ltr'><strong>ferventissime</strong></span> <span class='ocrx_word' id='word_1_151' title='bbox 3425 793 3772 861; x_wconf 43' lang='lat' dir='ltr'><strong>praedicantes,</strong></span> 
     </span>
    </p>
   </div>
   <div class='ocr_carea' id='block_1_22' title="bbox 2231 883 3771 952">
    <p class='ocr_par' dir='ltr' id='par_1_22' title="bbox 2231 883 3771 952">
     <span class='ocr_line' id='line_1_22' title="bbox 2231 883 3771 952; baseline 0.001 -17"><span class='ocrx_word' id='word_1_152' title='bbox 2231 896 2355 937; x_wconf 87' lang='lat' dir='ltr'><strong>cras</strong></span> <span class='ocrx_word' id='word_1_153' title='bbox 2403 896 2530 936; x_wconf 89' lang='lat' dir='ltr'><strong>vero</strong></span> <span class='ocrx_word' id='word_1_154' title='bbox 2579 883 2754 950; x_wconf 87' lang='lat' dir='ltr'><strong>ipsum</strong></span> <span class='ocrx_word' id='word_1_155' title='bbox 2798 884 3028 952; x_wconf 84' lang='lat' dir='ltr'><strong>turpiter</strong></span> <span class='ocrx_word' id='word_1_156' title='bbox 3073 883 3423 952; x_wconf 75' lang='lat' dir='ltr'><strong>abnegarent.</strong></span> <span class='ocrx_word' id='word_1_157' title='bbox 3453 883 3623 948; x_wconf 82' lang='lat' dir='ltr'><strong>Quare</strong></span> <span class='ocrx_word' id='word_1_158' title='bbox 3658 883 3771 937; x_wconf 88' lang='lat' dir='ltr'><strong>nulli</strong></span> 
     </span>
    </p>
   </div>
   <div class='ocr_carea' id='block_1_23' title="bbox 2229 971 3773 1038">
    <p class='ocr_par' dir='ltr' id='par_1_23' title="bbox 2229 971 3773 1038">
     <span class='ocr_line' id='line_1_23' title="bbox 2229 971 3773 1038; baseline 0.002 -15"><span class='ocrx_word' id='word_1_159' title='bbox 2229 971 2282 1024; x_wconf 89' lang='lat' dir='ltr'><strong>itt</strong></span> <span class='ocrx_word' id='word_1_160' title='bbox 2318 986 2379 1027; x_wconf 91' lang='lat' dir='ltr'><strong>se</strong></span> <span class='ocrx_word' id='word_1_161' title='bbox 2417 971 2692 1028; x_wconf 76' lang='lat' dir='ltr'><strong>(ldendum</strong></span> <span class='ocrx_word' id='word_1_162' title='bbox 2727 983 2830 1038; x_wconf 69' lang='grc' dir='ltr'><strong>θοι,</strong></span> <span class='ocrx_word' id='word_1_163' title='bbox 2862 972 3116 1027; x_wconf 86' lang='lat' dir='ltr'><strong>omnibus</strong></span> <span class='ocrx_word' id='word_1_164' title='bbox 3141 987 3270 1027; x_wconf 83' lang='lat' dir='ltr'><strong>vero</strong></span> <span class='ocrx_word' id='word_1_165' title='bbox 3298 974 3589 1027; x_wconf 85' lang='lat' dir='ltr'><strong>timendum</strong></span> <span class='ocrx_word' id='word_1_166' title='bbox 3611 975 3773 1028; x_wconf 82' lang='lat' dir='ltr'><strong>utilius</strong></span> 
     </span>
    </p>
   </div>
   <div class='ocr_carea' id='block_1_24' title="bbox 2231 1063 3174 1134">
    <p class='ocr_par' dir='ltr' id='par_1_24' title="bbox 2231 1063 3174 1134">
     <span class='ocr_line' id='line_1_24' title="bbox 2231 1063 3174 1134; baseline 0 -16"><span class='ocrx_word' id='word_1_167' title='bbox 2231 1075 2384 1132; x_wconf 86' lang='lat' dir='ltr'><strong>puto.</strong></span> <span class='ocrx_word' id='word_1_168' title='bbox 2419 1063 2523 1119; x_wconf 87' lang='lat' dir='ltr'><strong>Sed</strong></span> <span class='ocrx_word' id='word_1_169' title='bbox 2560 1065 2846 1120; x_wconf 90' lang='lat' dir='ltr'><strong>redeamus</strong></span> <span class='ocrx_word' id='word_1_170' title='bbox 2879 1066 2944 1118; x_wconf 89' lang='lat' dir='ltr'><strong>ad</strong></span> <span class='ocrx_word' id='word_1_171' title='bbox 2979 1065 3174 1134; x_wconf 88' lang='lat' dir='ltr'><strong>prima.</strong></span> 
     </span>
    </p>
   </div>
   <div class='ocr_carea' id='block_1_25' title="bbox 2305 1154 3774 1226">
    <p class='ocr_par' dir='ltr' id='par_1_25' title="bbox 2305 1154 3774 1226">
     <span class='ocr_line' id='line_1_25' title="bbox 2305 1154 3774 1226; baseline 0.001 -18"><span class='ocrx_word' id='word_1_172' title='bbox 2305 1154 2413 1210; x_wconf 84' lang='lat' dir='ltr'><strong>Nos</strong></span> <span class='ocrx_word' id='word_1_173' title='bbox 2466 1155 2648 1226; x_wconf 76' lang='lat' dir='ltr'><strong>igitur,</strong></span> <span class='ocrx_word' id='word_1_174' title='bbox 2711 1157 2802 1225; x_wconf 92' lang='lat' dir='ltr'><strong>qtti</strong></span> <span class='ocrx_word' id='word_1_175' title='bbox 2861 1157 2914 1210; x_wconf 91' lang='lat' dir='ltr'><strong>in</strong></span> <span class='ocrx_word' id='word_1_176' title='bbox 2954 1157 3072 1212; x_wconf 91' lang='lat' dir='ltr'><strong>istls</strong></span> <span class='ocrx_word' id='word_1_177' title='bbox 3116 1156 3361 1226; x_wconf 86' lang='lat' dir='ltr'><strong>partibus</strong></span> <span class='ocrx_word' id='word_1_178' title='bbox 3392 1157 3706 1218; x_wconf 86' lang='lat' dir='ltr'><strong>habitamus.</strong></span> <span class='ocrx_word' id='word_1_179' title='bbox 3728 1165 3774 1210; x_wconf 86' lang='lat' dir='ltr'><strong>et</strong></span> 
     </span>
    </p>
   </div>
   <div class='ocr_carea' id='block_1_26' title="bbox 2229 1245 3771 1316">
    <p class='ocr_par' dir='ltr' id='par_1_26' title="bbox 2229 1245 3771 1316">
     <span class='ocr_line' id='line_1_26' title="bbox 2229 1245 3771 1316; baseline -0.001 -18"><span class='ocrx_word' id='word_1_180' title='bbox 2229 1245 2540 1314; x_wconf 85' lang='lat' dir='ltr'><strong>supradicta</strong></span> <span class='ocrx_word' id='word_1_181' title='bbox 2573 1247 2754 1300; x_wconf 88' lang='lat' dir='ltr'><strong>omnia</strong></span> <span class='ocrx_word' id='word_1_182' title='bbox 2783 1261 2908 1300; x_wconf 86' lang='lat' dir='ltr'><strong>vera</strong></span> <span class='ocrx_word' id='word_1_183' title='bbox 2934 1261 3057 1302; x_wconf 89' lang='lat' dir='ltr'><strong>esse</strong></span> <span class='ocrx_word' id='word_1_184' title='bbox 3089 1257 3143 1301; x_wconf 88' lang='lat' dir='ltr'><strong>et</strong></span> <span class='ocrx_word' id='word_1_185' title='bbox 3177 1248 3378 1301; x_wconf 57' lang='lat' dir='ltr'><strong>scimus</strong></span> <span class='ocrx_word' id='word_1_186' title='bbox 3407 1257 3460 1300; x_wconf 89' lang='lat' dir='ltr'><strong>et</strong></span> <span class='ocrx_word' id='word_1_187' title='bbox 3512 1249 3771 1316; x_wconf 73' lang='lat' dir='ltr'><strong>tangimus.</strong></span> 
     </span>
    </p>
   </div>
   <div class='ocr_carea' id='block_1_27' title="bbox 2229 1336 3773 1408">
    <p class='ocr_par' dir='ltr' id='par_1_27' title="bbox 2229 1336 3773 1408">
     <span class='ocr_line' id='line_1_27' title="bbox 2229 1336 3773 1408; baseline 0.001 -19"><span class='ocrx_word' id='word_1_188' title='bbox 2229 1344 2282 1390; x_wconf 89' lang='lat' dir='ltr'><strong>et</strong></span> <span class='ocrx_word' id='word_1_189' title='bbox 2315 1351 2471 1404; x_wconf 64' lang='lat' dir='ltr'><strong>atque</strong></span> <span class='ocrx_word' id='word_1_190' title='bbox 2513 1336 2722 1405; x_wconf 80' lang='lat' dir='ltr'><strong>majora</strong></span> <span class='ocrx_word' id='word_1_191' title='bbox 2759 1347 2815 1391; x_wconf 89' lang='lat' dir='ltr'><strong>et</strong></span> <span class='ocrx_word' id='word_1_192' title='bbox 2857 1339 3058 1408; x_wconf 78' lang='lat' dir='ltr'><strong>pejora,</strong></span> <span class='ocrx_word' id='word_1_193' title='bbox 3106 1353 3267 1406; x_wconf 88' lang='lat' dir='ltr'><strong>quam</strong></span> <span class='ocrx_word' id='word_1_194' title='bbox 3295 1353 3590 1401; x_wconf 86' lang='lat' dir='ltr'><strong>narremus,</strong></span> <span class='ocrx_word' id='word_1_195' title='bbox 3617 1339 3773 1406; x_wconf 74' lang='lat' dir='ltr'><strong>qualia</strong></span> 
     </span>
    </p>
   </div>
   <div class='ocr_carea' id='block_1_28' title="bbox 2230 1429 3776 1493">
    <p class='ocr_par' dir='ltr' id='par_1_28' title="bbox 2230 1429 3776 1493">
     <span class='ocr_line' id='line_1_28' title="bbox 2230 1429 3776 1493; baseline -0.001 -11"><span class='ocrx_word' id='word_1_196' title='bbox 2230 1443 2352 1485; x_wconf 87' lang='lat' dir='ltr'><strong>esse</strong></span> <span class='ocrx_word' id='word_1_197' title='bbox 2381 1429 2663 1484; x_wconf 77' lang='lat' dir='ltr'><strong>existimas</strong></span> <span class='ocrx_word' id='word_1_198' title='bbox 2702 1431 2865 1483; x_wconf 84' lang='lat' dir='ltr'><strong>corda</strong></span> <span class='ocrx_word' id='word_1_199' title='bbox 2906 1431 3132 1484; x_wconf 82' lang='lat' dir='ltr'><strong>nostra?</strong></span> <span class='ocrx_word' id='word_1_200' title='bbox 3161 1429 3379 1493; x_wconf 80' lang='lat' dir='ltr'><strong>Fateor,</strong></span> <span class='ocrx_word' id='word_1_201' title='bbox 3417 1441 3596 1484; x_wconf 89' lang='lat' dir='ltr'><strong>tantus</strong></span> <span class='ocrx_word' id='word_1_202' title='bbox 3626 1431 3776 1492; x_wconf 87' lang='lat' dir='ltr'><strong>dolor,</strong></span> 
     </span>
    </p>
   </div>
   <div class='ocr_carea' id='block_1_29' title="bbox 2243 1522 3778 1591">
    <p class='ocr_par' dir='ltr' id='par_1_29' title="bbox 2243 1522 3778 1591">
     <span class='ocr_line' id='line_1_29' title="bbox 2243 1522 3778 1591; baseline -0.002 -15"><span class='ocrx_word' id='word_1_203' title='bbox 2243 1532 2393 1576; x_wconf 88' lang='lat' dir='ltr'><strong>tanta</strong></span> <span class='ocrx_word' id='word_1_204' title='bbox 2422 1523 2620 1575; x_wconf 90' lang='lat' dir='ltr'><strong>mentis</strong></span> <span class='ocrx_word' id='word_1_205' title='bbox 2655 1522 2927 1591; x_wconf 81' lang='lat' dir='ltr'><strong>angustia,</strong></span> <span class='ocrx_word' id='word_1_206' title='bbox 2965 1528 3114 1575; x_wconf 83' lang='lat' dir='ltr'><strong>tanta</strong></span> <span class='ocrx_word' id='word_1_207' title='bbox 3161 1537 3325 1591; x_wconf 86' lang='lat' dir='ltr'><strong>super</strong></span> <span class='ocrx_word' id='word_1_208' title='bbox 3362 1536 3461 1575; x_wconf 92' lang='lat' dir='ltr'><strong>nos</strong></span> <span class='ocrx_word' id='word_1_209' title='bbox 3505 1522 3778 1576; x_wconf 79' lang='lat' dir='ltr'><strong>atttariludo</strong></span> 
     </span>
    </p>
   </div>
   <div class='ocr_carea' id='block_1_30' title="bbox 2231 1611 3778 1684">
    <p class='ocr_par' dir='ltr' id='par_1_30' title="bbox 2231 1611 3778 1684">
     <span class='ocr_line' id='line_1_30' title="bbox 2231 1611 3778 1684; baseline 0.001 -18"><span class='ocrx_word' id='word_1_210' title='bbox 2231 1612 2527 1676; x_wconf 82' lang='lat' dir='ltr'><strong>convaluit,</strong></span> <span class='ocrx_word' id='word_1_211' title='bbox 2565 1623 2622 1666; x_wconf 84' lang='lat' dir='ltr'><strong>tit</strong></span> <span class='ocrx_word' id='word_1_212' title='bbox 2643 1611 2804 1682; x_wconf 78' lang='lat' dir='ltr'><strong>longo</strong></span> <span class='ocrx_word' id='word_1_213' title='bbox 2829 1612 2942 1677; x_wconf 88' lang='lat' dir='ltr'><strong>jam</strong></span> <span class='ocrx_word' id='word_1_214' title='bbox 2981 1623 3224 1684; x_wconf 89' lang='lat' dir='ltr'><strong>tempore</strong></span> <span class='ocrx_word' id='word_1_215' title='bbox 3255 1629 3352 1669; x_wconf 88' lang='lat' dir='ltr'><strong>nec</strong></span> <span class='ocrx_word' id='word_1_216' title='bbox 3377 1616 3535 1670; x_wconf 83' lang='lat' dir='ltr'><strong>cibus</strong></span> <span class='ocrx_word' id='word_1_217' title='bbox 3560 1615 3658 1674; x_wconf 88' lang='lat' dir='ltr'><strong>ori.</strong></span> <span class='ocrx_word' id='word_1_218' title='bbox 3694 1629 3778 1668; x_wconf 88' lang='lat' dir='ltr'><strong>nec</strong></span> 
     </span>
    </p>
   </div>
   <div class='ocr_carea' id='block_1_31' title="bbox 2231 1704 3781 1776">
    <p class='ocr_par' dir='ltr' id='par_1_31' title="bbox 2231 1704 3781 1776">
     <span class='ocr_line' id='line_1_31' title="bbox 2231 1704 3781 1776; baseline -0.001 -16"><span class='ocrx_word' id='word_1_219' title='bbox 2231 1718 2454 1760; x_wconf 86' lang='lat' dir='ltr'><strong>somnus</strong></span> <span class='ocrx_word' id='word_1_220' title='bbox 2489 1704 2662 1758; x_wconf 89' lang='lat' dir='ltr'><strong>oculis</strong></span> <span class='ocrx_word' id='word_1_221' title='bbox 2713 1705 2816 1760; x_wconf 85' lang='lat' dir='ltr'><strong>nisi</strong></span> <span class='ocrx_word' id='word_1_222' title='bbox 2880 1704 3052 1760; x_wconf 83' lang='lat' dir='ltr'><strong>tristis</strong></span> <span class='ocrx_word' id='word_1_223' title='bbox 3104 1715 3380 1774; x_wconf 83' lang='lat' dir='ltr'><strong>appareat.</strong></span> <span class='ocrx_word' id='word_1_224' title='bbox 3431 1709 3554 1776; x_wconf 85' lang='lat' dir='ltr'><strong>ipse</strong></span> <span class='ocrx_word' id='word_1_225' title='bbox 3589 1721 3781 1775; x_wconf 87' lang='lat' dir='ltr'><strong>qttoque</strong></span> 
     </span>
    </p>
   </div>
   <div class='ocr_carea' id='block_1_32' title="bbox 2235 1797 3784 1871">
    <p class='ocr_par' dir='ltr' id='par_1_32' title="bbox 2235 1797 3784 1871">
     <span class='ocr_line' id='line_1_32' title="bbox 2235 1797 3784 1871; baseline -0.001 -20"><span class='ocrx_word' id='word_1_226' title='bbox 2235 1797 2368 1852; x_wconf 87' lang='lat' dir='ltr'><strong>solis</strong></span> <span class='ocrx_word' id='word_1_227' title='bbox 2389 1804 2661 1866; x_wconf 85' lang='lat' dir='ltr'><strong>aspectus,</strong></span> <span class='ocrx_word' id='word_1_228' title='bbox 2697 1807 2859 1866; x_wconf 89' lang='lat' dir='ltr'><strong>atque</strong></span> <span class='ocrx_word' id='word_1_229' title='bbox 2899 1799 3251 1854; x_wconf 82' lang='lat' dir='ltr'><strong>viridantium</strong></span> <span class='ocrx_word' id='word_1_230' title='bbox 3303 1800 3580 1871; x_wconf 75' lang='lat' dir='ltr'><strong>regionum</strong></span> <span class='ocrx_word' id='word_1_231' title='bbox 3611 1809 3662 1854; x_wconf 90' lang='lat' dir='ltr'><strong>et</strong></span> <span class='ocrx_word' id='word_1_232' title='bbox 3687 1816 3784 1852; x_wconf 78' lang='lat' dir='ltr'><strong>uta-</strong></span> 
     </span>
    </p>
   </div>
   <div class='ocr_carea' id='block_1_33' title="bbox 537 1877 3786 1959">
    <p class='ocr_par' dir='ltr' id='par_1_33' title="bbox 537 1877 3786 1959">
     <span class='ocr_line' id='line_1_33' title="bbox 537 1877 3786 1959; baseline 0.002 -23"><span class='ocrx_word' id='word_1_233' title='bbox 537 1885 730 1938; x_wconf 84' lang='lat' dir='ltr'><strong>tiuivit.</strong></span> <span class='ocrx_word' id='word_1_234' title='bbox 765 1884 1009 1949; x_wconf 64' lang='lat' dir='ltr'><strong>Quorum</strong></span> <span class='ocrx_word' id='word_1_235' title='bbox 1063 1895 1210 1938; x_wconf 87' lang='lat' dir='ltr'><strong>tanta</strong></span> <span class='ocrx_word' id='word_1_236' title='bbox 1252 1895 1337 1940; x_wconf 89' lang='lat' dir='ltr'><strong>est</strong></span> <span class='ocrx_word' id='word_1_237' title='bbox 1379 1885 1789 1953; x_wconf 86' lang='lat' dir='ltr'><strong>multitudo,ut,</strong></span> <span class='ocrx_word' id='word_1_238' title='bbox 1825 1895 1963 1940; x_wconf 83' lang='lat' dir='ltr'><strong>teste</strong></span> <span class='ocrx_word' id='word_1_239' title='bbox 1985 1902 2118 1940; x_wconf 86' lang='lat' dir='ltr'><strong>cou-</strong></span> <span class='ocrx_word' id='word_1_240' title='bbox 2151 1877 2192 1932; x_wconf 77' lang='grc' dir='ltr'><strong><em>Β</em></strong></span> <span class='ocrx_word' id='word_1_241' title='bbox 2227 1888 2305 1942; x_wconf 82' lang='lat' dir='ltr'><strong>ris</strong></span> <span class='ocrx_word' id='word_1_242' title='bbox 2335 1899 2391 1943; x_wconf 89' lang='lat' dir='ltr'><strong>et</strong></span> <span class='ocrx_word' id='word_1_243' title='bbox 2425 1898 2606 1954; x_wconf 68' lang='lat' dir='ltr'><strong>terrai,</strong></span> <span class='ocrx_word' id='word_1_244' title='bbox 2635 1888 2908 1958; x_wconf 85' lang='lat' dir='ltr'><strong>planctum</strong></span> <span class='ocrx_word' id='word_1_245' title='bbox 2953 1891 3134 1959; x_wconf 89' lang='lat' dir='ltr'><strong>potius</strong></span> <span class='ocrx_word' id='word_1_246' title='bbox 3172 1892 3433 1956; x_wconf 85' lang='lat' dir='ltr'><strong>excitant,</strong></span> <span class='ocrx_word' id='word_1_247' title='bbox 3482 1905 3640 1958; x_wconf 87' lang='lat' dir='ltr'><strong>quam</strong></span> <span class='ocrx_word' id='word_1_248' title='bbox 3663 1890 3786 1944; x_wconf 75' lang='lat' dir='ltr'><strong>sula-</strong></span> 
     </span>
    </p>
   </div>
   <div class='ocr_carea' id='block_1_34' title="bbox 535 1976 2128 2048">
    <p class='ocr_par' dir='ltr' id='par_1_34' title="bbox 535 1976 2128 2048">
     <span class='ocr_line' id='line_1_34' title="bbox 535 1976 2128 2048; baseline 0.002 -18"><span class='ocrx_word' id='word_1_249' title='bbox 535 1977 786 2038; x_wconf 80' lang='lat' dir='ltr'><strong>scientia,</strong></span> <span class='ocrx_word' id='word_1_250' title='bbox 823 1978 1077 2044; x_wconf 75' lang='lat' dir='ltr'><strong>prmdicto</strong></span> <span class='ocrx_word' id='word_1_251' title='bbox 1113 1976 1285 2031; x_wconf 79' lang='lat' dir='ltr'><strong>fratre</strong></span> <span class='ocrx_word' id='word_1_252' title='bbox 1339 1988 1597 2032; x_wconf 89' lang='lat' dir='ltr'><strong>narrante</strong></span> <span class='ocrx_word' id='word_1_253' title='bbox 1643 1979 1885 2048; x_wconf 85' lang='lat' dir='ltr'><strong>percepi,</strong></span> <span class='ocrx_word' id='word_1_254' title='bbox 1919 1977 2128 2033; x_wconf 86' lang='lat' dir='ltr'><strong>delibe-</strong></span> 
     </span>
    </p>
   </div>
   <div class='ocr_carea' id='block_1_35' title="bbox 538 2068 2126 2138">
    <p class='ocr_par' dir='ltr' id='par_1_35' title="bbox 538 2068 2126 2138">
     <span class='ocr_line' id='line_1_35' title="bbox 538 2068 2126 2138; baseline 0.002 -19"><span class='ocrx_word' id='word_1_255' title='bbox 538 2083 666 2122; x_wconf 84' lang='lat' dir='ltr'><strong>rans</strong></span> <span class='ocrx_word' id='word_1_256' title='bbox 688 2069 740 2120; x_wconf 88' lang='lat' dir='ltr'><strong>in</strong></span> <span class='ocrx_word' id='word_1_257' title='bbox 766 2084 824 2123; x_wconf 86' lang='lat' dir='ltr'><strong>se</strong></span> <span class='ocrx_word' id='word_1_258' title='bbox 847 2084 948 2137; x_wconf 89' lang='lat' dir='ltr'><strong>pro</strong></span> <span class='ocrx_word' id='word_1_259' title='bbox 969 2068 1214 2138; x_wconf 88' lang='lat' dir='ltr'><strong>quolibet</strong></span> <span class='ocrx_word' id='word_1_260' title='bbox 1240 2068 1502 2124; x_wconf 85' lang='lat' dir='ltr'><strong>defuncto</strong></span> <span class='ocrx_word' id='word_1_261' title='bbox 1518 2070 1699 2124; x_wconf 86' lang='lat' dir='ltr'><strong>dicere</strong></span> <span class='ocrx_word' id='word_1_262' title='bbox 1727 2069 1801 2123; x_wconf 79' lang='lat' dir='ltr'><strong>De</strong></span> <span class='ocrx_word' id='word_1_263' title='bbox 1820 2069 2126 2138; x_wconf 74' lang='lat' dir='ltr'><strong>profundis,</strong></span> 
     </span>
    </p>
   </div>
   <div class='ocr_carea' id='block_1_36' title="bbox 535 2161 2126 2232">
    <p class='ocr_par' dir='ltr' id='par_1_36' title="bbox 535 2161 2126 2232">
     <span class='ocr_line' id='line_1_36' title="bbox 535 2161 2126 2232; baseline 0.001 -18"><span class='ocrx_word' id='word_1_264' title='bbox 535 2171 588 2214; x_wconf 87' lang='lat' dir='ltr'><strong>ct</strong></span> <span class='ocrx_word' id='word_1_265' title='bbox 621 2175 726 2214; x_wconf 92' lang='lat' dir='ltr'><strong>non</strong></span> <span class='ocrx_word' id='word_1_266' title='bbox 759 2162 944 2215; x_wconf 84' lang='lat' dir='ltr'><strong>valens</strong></span> <span class='ocrx_word' id='word_1_267' title='bbox 1002 2178 1111 2232; x_wconf 80' lang='lat' dir='ltr'><strong>prae</strong></span> <span class='ocrx_word' id='word_1_268' title='bbox 1147 2161 1494 2217; x_wconf 86' lang='lat' dir='ltr'><strong>multitudine</strong></span> <span class='ocrx_word' id='word_1_269' title='bbox 1542 2163 1877 2226; x_wconf 84' lang='lat' dir='ltr'><strong>occisorum,</strong></span> <span class='ocrx_word' id='word_1_270' title='bbox 1913 2163 2126 2216; x_wconf 86' lang='lat' dir='ltr'><strong>tandem</strong></span> 
     </span>
    </p>
   </div>
   <div class='ocr_carea' id='block_1_37' title="bbox 536 2251 2129 2327">
    <p class='ocr_par' dir='ltr' id='par_1_37' title="bbox 536 2251 2129 2327">
     <span class='ocr_line' id='line_1_37' title="bbox 536 2251 2129 2327; baseline 0.004 -23"><span class='ocrx_word' id='word_1_271' title='bbox 536 2251 838 2307; x_wconf 61' lang='lat' dir='ltr'><strong>motionem</strong></span> <span class='ocrx_word' id='word_1_272' title='bbox 886 2253 1033 2307; x_wconf 87' lang='lat' dir='ltr'><strong>illam</strong></span> <span class='ocrx_word' id='word_1_273' title='bbox 1095 2253 1302 2308; x_wconf 75' lang='lat' dir='ltr'><strong>lncliua</strong></span> <span class='ocrx_word' id='word_1_274' title='bbox 1348 2256 1699 2327; x_wconf 86' lang='lat' dir='ltr'><strong>lacrymando</strong></span> <span class='ocrx_word' id='word_1_275' title='bbox 1747 2255 1983 2310; x_wconf 87' lang='lat' dir='ltr'><strong>dicebat.</strong></span> <span class='ocrx_word' id='word_1_276' title='bbox 2017 2254 2129 2311; x_wconf 77' lang='lat' dir='ltr'><strong>Nec</strong></span> 
     </span>
    </p>
   </div>
   <div class='ocr_carea' id='block_1_38' title="bbox 541 2347 2126 2418">
    <p class='ocr_par' dir='ltr' id='par_1_38' title="bbox 541 2347 2126 2418">
     <span class='ocr_line' id='line_1_38' title="bbox 541 2347 2126 2418; baseline 0.004 -22"><span class='ocrx_word' id='word_1_277' title='bbox 541 2349 595 2398; x_wconf 87' lang='lat' dir='ltr'><strong>iu</strong></span> <span class='ocrx_word' id='word_1_278' title='bbox 635 2347 738 2399; x_wconf 88' lang='lat' dir='ltr'><strong>hoc</strong></span> <span class='ocrx_word' id='word_1_279' title='bbox 772 2363 879 2400; x_wconf 88' lang='lat' dir='ltr'><strong>uno</strong></span> <span class='ocrx_word' id='word_1_280' title='bbox 917 2348 1053 2401; x_wconf 80' lang='lat' dir='ltr'><strong>forte</strong></span> <span class='ocrx_word' id='word_1_281' title='bbox 1087 2347 1226 2415; x_wconf 90' lang='lat' dir='ltr'><strong>loco,</strong></span> <span class='ocrx_word' id='word_1_282' title='bbox 1292 2359 1348 2400; x_wconf 78' lang='grc' dir='ltr'><strong>ιιι</strong></span> <span class='ocrx_word' id='word_1_283' title='bbox 1414 2348 1612 2418; x_wconf 79' lang='lat' dir='ltr'><strong>aliquis</strong></span> <span class='ocrx_word' id='word_1_284' title='bbox 1641 2349 1997 2413; x_wconf 81' lang='lat' dir='ltr'><strong>existimaret,</strong></span> <span class='ocrx_word' id='word_1_285' title='bbox 2031 2349 2126 2403; x_wconf 86' lang='lat' dir='ltr'><strong>sed</strong></span> 
     </span>
    </p>
   </div>
   <div class='ocr_carea' id='block_1_39' title="bbox 541 2437 2123 2511">
    <p class='ocr_par' dir='ltr' id='par_1_39' title="bbox 541 2437 2123 2511">
     <span class='ocr_line' id='line_1_39' title="bbox 541 2437 2123 2511; baseline 0.003 -19"><span class='ocrx_word' id='word_1_286' title='bbox 541 2453 636 2508; x_wconf 81' lang='lat' dir='ltr'><strong>per</strong></span> <span class='ocrx_word' id='word_1_287' title='bbox 664 2437 856 2508; x_wconf 62' lang='lat' dir='ltr'><strong>viginti</strong></span> <span class='ocrx_word' id='word_1_288' title='bbox 887 2439 1169 2493; x_wconf 66' lang='lat' dir='ltr'><strong>diaetarum</strong></span> <span class='ocrx_word' id='word_1_289' title='bbox 1219 2442 1475 2509; x_wconf 85' lang='lat' dir='ltr'><strong>spatium,</strong></span> <span class='ocrx_word' id='word_1_290' title='bbox 1501 2443 1640 2495; x_wconf 87' lang='lat' dir='ltr'><strong>unde</strong></span> <span class='ocrx_word' id='word_1_291' title='bbox 1671 2442 1912 2511; x_wconf 69' lang='lat' dir='ltr'><strong>praedicti</strong></span> <span class='ocrx_word' id='word_1_292' title='bbox 1945 2451 2123 2496; x_wconf 84' lang='lat' dir='ltr'><strong>trans-</strong></span> 
     </span>
    </p>
   </div>
   <div class='ocr_carea' id='block_1_40' title="bbox 542 2529 2123 2600">
    <p class='ocr_par' dir='ltr' id='par_1_40' title="bbox 542 2529 2123 2600">
     <span class='ocr_line' id='line_1_40' title="bbox 542 2529 2123 2600; baseline 0.001 -18"><span class='ocrx_word' id='word_1_293' title='bbox 542 2534 718 2582; x_wconf 83' lang='lat' dir='ltr'><strong>ierant</strong></span> <span class='ocrx_word' id='word_1_294' title='bbox 775 2529 1053 2596; x_wconf 85' lang='lat' dir='ltr'><strong>captivati,</strong></span> <span class='ocrx_word' id='word_1_295' title='bbox 1084 2541 1134 2584; x_wconf 91' lang='lat' dir='ltr'><strong>et</strong></span> <span class='ocrx_word' id='word_1_296' title='bbox 1167 2546 1328 2600; x_wconf 84' lang='lat' dir='ltr'><strong>quant</strong></span> <span class='ocrx_word' id='word_1_297' title='bbox 1362 2531 1597 2586; x_wconf 80' lang='lat' dir='ltr'><strong>maxime</strong></span> <span class='ocrx_word' id='word_1_298' title='bbox 1637 2530 1690 2586; x_wconf 87' lang='lat' dir='ltr'><strong>itt</strong></span> <span class='ocrx_word' id='word_1_299' title='bbox 1718 2531 2123 2598; x_wconf 85' lang='lat' dir='ltr'><strong>lladrianopoli,</strong></span> 
     </span>
    </p>
   </div>
   <div class='ocr_carea' id='block_1_41' title="bbox 543 2619 2128 2688">
    <p class='ocr_par' dir='ltr' id='par_1_41' title="bbox 543 2619 2128 2688">
     <span class='ocr_line' id='line_1_41' title="bbox 543 2619 2128 2688; baseline 0 -12"><span class='ocrx_word' id='word_1_300' title='bbox 543 2619 632 2676; x_wconf 73' lang='lat' dir='ltr'><strong>tibi</strong></span> <span class='ocrx_word' id='word_1_301' title='bbox 689 2631 839 2673; x_wconf 77' lang='lat' dir='ltr'><strong>extra</strong></span> <span class='ocrx_word' id='word_1_302' title='bbox 899 2620 1205 2674; x_wconf 88' lang='lat' dir='ltr'><strong>habitacula</strong></span> <span class='ocrx_word' id='word_1_303' title='bbox 1269 2631 1416 2675; x_wconf 83' lang='lat' dir='ltr'><strong>tanta</strong></span> <span class='ocrx_word' id='word_1_304' title='bbox 1477 2636 1766 2688; x_wconf 87' lang='lat' dir='ltr'><strong>corporum</strong></span> <span class='ocrx_word' id='word_1_305' title='bbox 1832 2622 2128 2676; x_wconf 82' lang='lat' dir='ltr'><strong>multitudo</strong></span> 
     </span>
    </p>
   </div>
   <div class='ocr_carea' id='block_1_42' title="bbox 545 2713 2127 2784">
    <p class='ocr_par' dir='ltr' id='par_1_42' title="bbox 545 2713 2127 2784">
     <span class='ocr_line' id='line_1_42' title="bbox 545 2713 2127 2784; baseline 0.004 -21"><span class='ocrx_word' id='word_1_306' title='bbox 545 2721 868 2778; x_wconf 78' lang='lat' dir='ltr'><strong>consumpta</strong></span> <span class='ocrx_word' id='word_1_307' title='bbox 895 2713 1058 2781; x_wconf 76' lang='lat' dir='ltr'><strong>jacet,</strong></span> <span class='ocrx_word' id='word_1_308' title='bbox 1088 2725 1196 2766; x_wconf 89' lang='lat' dir='ltr'><strong>tum</strong></span> <span class='ocrx_word' id='word_1_309' title='bbox 1223 2716 1420 2784; x_wconf 86' lang='lat' dir='ltr'><strong>partim</strong></span> <span class='ocrx_word' id='word_1_310' title='bbox 1449 2723 1735 2783; x_wconf 77' lang='lat' dir='ltr'><strong>corrupta,</strong></span> <span class='ocrx_word' id='word_1_311' title='bbox 1770 2715 1966 2782; x_wconf 81' lang='lat' dir='ltr'><strong>partim</strong></span> <span class='ocrx_word' id='word_1_312' title='bbox 1999 2729 2127 2769; x_wconf 67' lang='lat' dir='ltr'><strong>vero</strong></span> 
     </span>
    </p>
   </div>
   <div class='ocr_carea' id='block_1_43' title="bbox 545 2804 2124 2876">
    <p class='ocr_par' dir='ltr' id='par_1_43' title="bbox 545 2804 2124 2876">
     <span class='ocr_line' id='line_1_43' title="bbox 545 2804 2124 2876; baseline 0 -19"><span class='ocrx_word' id='word_1_313' title='bbox 545 2821 573 2857; x_wconf 87' lang='lat' dir='ltr'><strong>a</strong></span> <span class='ocrx_word' id='word_1_314' title='bbox 619 2804 846 2858; x_wconf 68' lang='grc' dir='ltr'><strong>οιιιὶῑιυε</strong></span> <span class='ocrx_word' id='word_1_315' title='bbox 883 2807 1162 2872; x_wconf 71' lang='lat' dir='ltr'><strong>devorata,</strong></span> <span class='ocrx_word' id='word_1_316' title='bbox 1205 2815 1264 2859; x_wconf 91' lang='lat' dir='ltr'><strong>ut</strong></span> <span class='ocrx_word' id='word_1_317' title='bbox 1305 2805 1622 2861; x_wconf 87' lang='lat' dir='ltr'><strong>incredibile</strong></span> <span class='ocrx_word' id='word_1_318' title='bbox 1665 2807 1922 2876; x_wconf 79' lang='lat' dir='ltr'><strong>cuiquam</strong></span> <span class='ocrx_word' id='word_1_319' title='bbox 1960 2804 2124 2868; x_wconf 83' lang='lat' dir='ltr'><strong>foret,</strong></span> 
     </span>
    </p>
   </div>
   <div class='ocr_carea' id='block_1_44' title="bbox 544 2898 2125 2970">
    <p class='ocr_par' dir='ltr' id='par_1_44' title="bbox 544 2898 2125 2970">
     <span class='ocr_line' id='line_1_44' title="bbox 544 2898 2125 2970; baseline 0.001 -21"><span class='ocrx_word' id='word_1_320' title='bbox 544 2898 647 2950; x_wconf 77' lang='lat' dir='ltr'><strong>tisi</strong></span> <span class='ocrx_word' id='word_1_321' title='bbox 675 2899 914 2966; x_wconf 87' lang='lat' dir='ltr'><strong>p:0priis</strong></span> <span class='ocrx_word' id='word_1_322' title='bbox 943 2898 1116 2952; x_wconf 75' lang='lat' dir='ltr'><strong>Oculis</strong></span> <span class='ocrx_word' id='word_1_323' title='bbox 1173 2900 1499 2966; x_wconf 75' lang='lat' dir='ltr'><strong>aspexisset.</strong></span> <span class='ocrx_word' id='word_1_324' title='bbox 1552 2898 1924 2970; x_wconf 83' lang='lat' dir='ltr'><strong>Projiciuntur</strong></span> <span class='ocrx_word' id='word_1_325' title='bbox 1952 2900 2125 2952; x_wconf 87' lang='lat' dir='ltr'><strong>inter-</strong></span> 
     </span>
    </p>
   </div>
   <div class='ocr_carea' id='block_1_45' title="bbox 541 2991 2124 3059">
    <p class='ocr_par' dir='ltr' id='par_1_45' title="bbox 541 2991 2124 3059">
     <span class='ocr_line' id='line_1_45' title="bbox 541 2991 2124 3059; baseline 0.003 -20"><span class='ocrx_word' id='word_1_326' title='bbox 541 2992 666 3041; x_wconf 83' lang='lat' dir='ltr'><strong>du.n</strong></span> <span class='ocrx_word' id='word_1_327' title='bbox 711 2991 879 3059; x_wconf 84' lang='lat' dir='ltr'><strong>aliqui</strong></span> <span class='ocrx_word' id='word_1_328' title='bbox 933 2993 1232 3045; x_wconf 81' lang='lat' dir='ltr'><strong>morientes</strong></span> <span class='ocrx_word' id='word_1_329' title='bbox 1295 2991 1348 3044; x_wconf 88' lang='lat' dir='ltr'><strong>in</strong></span> <span class='ocrx_word' id='word_1_330' title='bbox 1405 3001 1772 3046; x_wconf 83' lang='lat' dir='ltr'><strong>mercatorum</strong></span> <span class='ocrx_word' id='word_1_331' title='bbox 1809 2992 2124 3046; x_wconf 84' lang='lat' dir='ltr'><strong>Latinorum</strong></span> 
     </span>
    </p>
   </div>
   <div class='ocr_carea' id='block_1_46' title="bbox 543 3083 2126 3154">
    <p class='ocr_par' dir='ltr' id='par_1_46' title="bbox 543 3083 2126 3154">
     <span class='ocr_line' id='line_1_46' title="bbox 543 3083 2126 3154; baseline 0.003 -20"><span class='ocrx_word' id='word_1_332' title='bbox 543 3092 861 3150; x_wconf 76' lang='lat' dir='ltr'><strong>couSpectn,</strong></span> <span class='ocrx_word' id='word_1_333' title='bbox 891 3097 1028 3152; x_wconf 90' lang='lat' dir='ltr'><strong>quos</strong></span> <span class='ocrx_word' id='word_1_334' title='bbox 1066 3084 1108 3137; x_wconf 90' lang='lat' dir='ltr'><strong>si</strong></span> <span class='ocrx_word' id='word_1_335' title='bbox 1145 3085 1268 3154; x_wconf 88' lang='lat' dir='ltr'><strong>quis</strong></span> <span class='ocrx_word' id='word_1_336' title='bbox 1307 3083 1389 3138; x_wconf 86' lang='lat' dir='ltr'><strong>vel</strong></span> <span class='ocrx_word' id='word_1_337' title='bbox 1425 3083 1683 3154; x_wconf 65' lang='lat' dir='ltr'><strong>s-pelirc,</strong></span> <span class='ocrx_word' id='word_1_338' title='bbox 1723 3084 1804 3138; x_wconf 85' lang='lat' dir='ltr'><strong>vel</strong></span> <span class='ocrx_word' id='word_1_339' title='bbox 1830 3086 1957 3140; x_wconf 87' lang='lat' dir='ltr'><strong>inde</strong></span> <span class='ocrx_word' id='word_1_340' title='bbox 1979 3099 2126 3138; x_wconf 88' lang='lat' dir='ltr'><strong>amo-</strong></span> 
     </span>
    </p>
   </div>
   <div class='ocr_carea' id='block_1_47' title="bbox 2234 1981 3785 2051">
    <p class='ocr_par' dir='ltr' id='par_1_47' title="bbox 2234 1981 3785 2051">
     <span class='ocr_line' id='line_1_47' title="bbox 2234 1981 3785 2051; baseline -0.001 -17"><span class='ocrx_word' id='word_1_341' title='bbox 2234 1997 2381 2044; x_wconf 84' lang='lat' dir='ltr'><strong>mcn,</strong></span> <span class='ocrx_word' id='word_1_342' title='bbox 2446 1995 2547 2036; x_wconf 85' lang='lat' dir='ltr'><strong>nec</strong></span> <span class='ocrx_word' id='word_1_343' title='bbox 2608 1996 2674 2036; x_wconf 82' lang='lat' dir='ltr'><strong>ex</strong></span> <span class='ocrx_word' id='word_1_344' title='bbox 2721 1995 2827 2050; x_wconf 90' lang='lat' dir='ltr'><strong>quo</strong></span> <span class='ocrx_word' id='word_1_345' title='bbox 2881 1983 2934 2036; x_wconf 94' lang='lat' dir='ltr'><strong>in</strong></span> <span class='ocrx_word' id='word_1_346' title='bbox 2998 1982 3118 2037; x_wconf 91' lang='lat' dir='ltr'><strong>istis</strong></span> <span class='ocrx_word' id='word_1_347' title='bbox 3157 1983 3402 2051; x_wconf 89' lang='lat' dir='ltr'><strong>partibus</strong></span> <span class='ocrx_word' id='word_1_348' title='bbox 3456 1983 3672 2047; x_wconf 80' lang='lat' dir='ltr'><strong>fuimus,</strong></span> <span class='ocrx_word' id='word_1_349' title='bbox 3714 1981 3785 2033; x_wconf 76' lang='lat' dir='ltr'><strong>vel</strong></span> 
     </span>
    </p>
   </div>
   <div class='ocr_carea' id='block_1_48' title="bbox 2230 2074 3783 2145">
    <p class='ocr_par' dir='ltr' id='par_1_48' title="bbox 2230 2074 3783 2145">
     <span class='ocr_line' id='line_1_48' title="bbox 2230 2074 3783 2145; baseline -0.001 -17"><span class='ocrx_word' id='word_1_350' title='bbox 2230 2075 2396 2129; x_wconf 89' lang='lat' dir='ltr'><strong>unius</strong></span> <span class='ocrx_word' id='word_1_351' title='bbox 2443 2074 2633 2130; x_wconf 77' lang='lat' dir='ltr'><strong>saltem</strong></span> <span class='ocrx_word' id='word_1_352' title='bbox 2677 2077 2825 2130; x_wconf 81' lang='lat' dir='ltr'><strong>horae</strong></span> <span class='ocrx_word' id='word_1_353' title='bbox 2885 2076 3164 2142; x_wconf 86' lang='lat' dir='ltr'><strong>potuimus</strong></span> <span class='ocrx_word' id='word_1_354' title='bbox 3225 2075 3424 2131; x_wconf 90' lang='lat' dir='ltr'><strong>habere</strong></span> <span class='ocrx_word' id='word_1_355' title='bbox 3469 2077 3699 2145; x_wconf 84' lang='lat' dir='ltr'><strong>quietem</strong></span> <span class='ocrx_word' id='word_1_356' title='bbox 3727 2089 3783 2126; x_wconf 77' lang='lat' dir='ltr'><strong>rx</strong></span> 
     </span>
    </p>
   </div>
   <div class='ocr_carea' id='block_1_49' title="bbox 2234 2166 3786 2236">
    <p class='ocr_par' dir='ltr' id='par_1_49' title="bbox 2234 2166 3786 2236">
     <span class='ocr_line' id='line_1_49' title="bbox 2234 2166 3786 2236; baseline -0.001 -15"><span class='ocrx_word' id='word_1_357' title='bbox 2234 2167 2342 2231; x_wconf 88' lang='lat' dir='ltr'><strong>bis,</strong></span> <span class='ocrx_word' id='word_1_358' title='bbox 2376 2180 2497 2236; x_wconf 83' lang='lat' dir='ltr'><strong>quae</strong></span> <span class='ocrx_word' id='word_1_359' title='bbox 2550 2167 2806 2220; x_wconf 79' lang='lat' dir='ltr'><strong>continue</strong></span> <span class='ocrx_word' id='word_1_360' title='bbox 2859 2166 3139 2232; x_wconf 86' lang='lat' dir='ltr'><strong>audimus,</strong></span> <span class='ocrx_word' id='word_1_361' title='bbox 3202 2177 3258 2222; x_wconf 90' lang='lat' dir='ltr'><strong>et</strong></span> <span class='ocrx_word' id='word_1_362' title='bbox 3297 2182 3402 2221; x_wconf 91' lang='lat' dir='ltr'><strong>non</strong></span> <span class='ocrx_word' id='word_1_363' title='bbox 3447 2167 3646 2229; x_wconf 85' lang='lat' dir='ltr'><strong>minus,</strong></span> <span class='ocrx_word' id='word_1_364' title='bbox 3684 2182 3786 2236; x_wconf 77' lang='lat' dir='ltr'><strong>qua:</strong></span> 
     </span>
    </p>
   </div>
   <div class='ocr_carea' id='block_1_50' title="bbox 2230 2258 3784 2328">
    <p class='ocr_par' dir='ltr' id='par_1_50' title="bbox 2230 2258 3784 2328">
     <span class='ocr_line' id='line_1_50' title="bbox 2230 2258 3784 2328; baseline -0.002 -13"><span class='ocrx_word' id='word_1_365' title='bbox 2230 2259 2408 2315; x_wconf 88' lang='lat' dir='ltr'><strong>oculis</strong></span> <span class='ocrx_word' id='word_1_366' title='bbox 2439 2259 2737 2313; x_wconf 81' lang='lat' dir='ltr'><strong>cernimus.</strong></span> <span class='ocrx_word' id='word_1_367' title='bbox 2781 2258 2982 2315; x_wconf 83' lang='lat' dir='ltr'><strong>Sumus</strong></span> <span class='ocrx_word' id='word_1_368' title='bbox 3034 2259 3179 2312; x_wconf 91' lang='lat' dir='ltr'><strong>enim</strong></span> <span class='ocrx_word' id='word_1_369' title='bbox 3232 2261 3286 2315; x_wconf 89' lang='lat' dir='ltr'><strong>in</strong></span> <span class='ocrx_word' id='word_1_370' title='bbox 3315 2259 3784 2328; x_wconf 87' lang='lat' dir='ltr'><strong>Constantinopoli,</strong></span> 
     </span>
    </p>
   </div>
   <div class='ocr_carea' id='block_1_51' title="bbox 2230 2332 3785 2420">
    <p class='ocr_par' dir='ltr' id='par_1_51' title="bbox 2230 2332 3785 2420">
     <span class='ocr_line' id='line_1_51' title="bbox 2230 2332 3785 2420; baseline -0.001 -14"><span class='ocrx_word' id='word_1_371' title='bbox 2230 2332 2663 2406; x_wconf 84' lang='lat' dir='ltr'><strong>eminentissimo</strong></span> <span class='ocrx_word' id='word_1_372' title='bbox 2698 2351 2836 2416; x_wconf 80' lang='lat' dir='ltr'><strong>loco,</strong></span> <span class='ocrx_word' id='word_1_373' title='bbox 2892 2352 2943 2404; x_wconf 92' lang='lat' dir='ltr'><strong>in</strong></span> <span class='ocrx_word' id='word_1_374' title='bbox 2990 2349 3209 2420; x_wconf 82' lang='lat' dir='ltr'><strong>Capella</strong></span> <span class='ocrx_word' id='word_1_375' title='bbox 3267 2351 3516 2406; x_wconf 82' lang='lat' dir='ltr'><strong>videlicet</strong></span> <span class='ocrx_word' id='word_1_376' title='bbox 3544 2351 3785 2406; x_wconf 84' lang='lat' dir='ltr'><strong>Constan-</strong></span> 
     </span>
    </p>
   </div>
   <div class='ocr_carea' id='block_1_52' title="bbox 2233 2443 3787 2514">
    <p class='ocr_par' dir='ltr' id='par_1_52' title="bbox 2233 2443 3787 2514">
     <span class='ocr_line' id='line_1_52' title="bbox 2233 2443 3787 2514; baseline 0 -18"><span class='ocrx_word' id='word_1_377' title='bbox 2233 2445 2330 2497; x_wconf 87' lang='lat' dir='ltr'><strong>tini</strong></span> <span class='ocrx_word' id='word_1_378' title='bbox 2361 2443 2517 2513; x_wconf 81' lang='lat' dir='ltr'><strong>juxta</strong></span> <span class='ocrx_word' id='word_1_379' title='bbox 2563 2444 2824 2511; x_wconf 82' lang='lat' dir='ltr'><strong>palatium</strong></span> <span class='ocrx_word' id='word_1_380' title='bbox 2865 2443 3002 2513; x_wconf 82' lang='lat' dir='ltr'><strong>ejus,</strong></span> <span class='ocrx_word' id='word_1_381' title='bbox 3047 2458 3209 2514; x_wconf 86' lang='lat' dir='ltr'><strong>quam</strong></span> <span class='ocrx_word' id='word_1_382' title='bbox 3242 2445 3411 2499; x_wconf 85' lang='lat' dir='ltr'><strong>sancti</strong></span> <span class='ocrx_word' id='word_1_383' title='bbox 3447 2443 3787 2514; x_wconf 80' lang='lat' dir='ltr'><strong>Hieronymus</strong></span> 
     </span>
    </p>
   </div>
   <div class='ocr_carea' id='block_1_53' title="bbox 2231 2535 3786 2605">
    <p class='ocr_par' dir='ltr' id='par_1_53' title="bbox 2231 2535 3786 2605">
     <span class='ocr_line' id='line_1_53' title="bbox 2231 2535 3786 2605; baseline -0.002 -16"><span class='ocrx_word' id='word_1_384' title='bbox 2231 2546 2285 2589; x_wconf 89' lang='lat' dir='ltr'><strong>et</strong></span> <span class='ocrx_word' id='word_1_385' title='bbox 2317 2536 2652 2604; x_wconf 81' lang='lat' dir='ltr'><strong>Augustinus</strong></span> <span class='ocrx_word' id='word_1_386' title='bbox 2703 2545 2757 2588; x_wconf 92' lang='lat' dir='ltr'><strong>et</strong></span> <span class='ocrx_word' id='word_1_387' title='bbox 2807 2535 3068 2591; x_wconf 85' lang='lat' dir='ltr'><strong>Nicolaus</strong></span> <span class='ocrx_word' id='word_1_388' title='bbox 3105 2551 3225 2588; x_wconf 90' lang='lat' dir='ltr'><strong>cum</strong></span> <span class='ocrx_word' id='word_1_389' title='bbox 3273 2535 3503 2605; x_wconf 87' lang='lat' dir='ltr'><strong>reliquis</strong></span> <span class='ocrx_word' id='word_1_390' title='bbox 3554 2536 3786 2590; x_wconf 89' lang='lat' dir='ltr'><strong>tercentis</strong></span> 
     </span>
    </p>
   </div>
   <div class='ocr_carea' id='block_1_54' title="bbox 2229 2625 3787 2682">
    <p class='ocr_par' dir='ltr' id='par_1_54' title="bbox 2229 2625 3787 2682">
     <span class='ocr_line' id='line_1_54' title="bbox 2229 2625 3787 2682; baseline -0.002 -2"><span class='ocrx_word' id='word_1_391' title='bbox 2229 2626 2526 2682; x_wconf 87' lang='lat' dir='ltr'><strong>octodecim</strong></span> <span class='ocrx_word' id='word_1_392' title='bbox 2554 2625 2805 2682; x_wconf 87' lang='lat' dir='ltr'><strong>Patribus</strong></span> <span class='ocrx_word' id='word_1_393' title='bbox 2849 2626 3324 2682; x_wconf 82' lang='lat' dir='ltr'><strong>Chalcedonensis</strong></span> <span class='ocrx_word' id='word_1_394' title='bbox 3372 2627 3592 2682; x_wconf 89' lang='lat' dir='ltr'><strong>concilii</strong></span> <span class='ocrx_word' id='word_1_395' title='bbox 3620 2639 3787 2682; x_wconf 82' lang='lat' dir='ltr'><strong>consc-</strong></span> 
     </span>
    </p>
   </div>
   <div class='ocr_carea' id='block_1_55' title="bbox 2231 2719 3786 2790">
    <p class='ocr_par' dir='ltr' id='par_1_55' title="bbox 2231 2719 3786 2790">
     <span class='ocr_line' id='line_1_55' title="bbox 2231 2719 3786 2790; baseline -0.005 -15"><span class='ocrx_word' id='word_1_396' title='bbox 2231 2729 2478 2784; x_wconf 83' lang='lat' dir='ltr'><strong>crarunt,</strong></span> <span class='ocrx_word' id='word_1_397' title='bbox 2517 2722 2660 2774; x_wconf 86' lang='lat' dir='ltr'><strong>unde</strong></span> <span class='ocrx_word' id='word_1_398' title='bbox 2713 2735 2876 2790; x_wconf 87' lang='lat' dir='ltr'><strong>supra</strong></span> <span class='ocrx_word' id='word_1_399' title='bbox 2933 2720 3209 2789; x_wconf 75' lang='lat' dir='ltr'><strong>speculam</strong></span> <span class='ocrx_word' id='word_1_400' title='bbox 3260 2722 3621 2776; x_wconf 83' lang='lat' dir='ltr'><strong>ascendentes</strong></span> <span class='ocrx_word' id='word_1_401' title='bbox 3648 2719 3786 2774; x_wconf 78' lang='lat' dir='ltr'><strong>facile</strong></span> 
     </span>
    </p>
   </div>
   <div class='ocr_carea' id='block_1_56' title="bbox 2231 2813 3788 2883">
    <p class='ocr_par' dir='ltr' id='par_1_56' title="bbox 2231 2813 3788 2883">
     <span class='ocr_line' id='line_1_56' title="bbox 2231 2813 3788 2883; baseline -0.004 -13"><span class='ocrx_word' id='word_1_402' title='bbox 2231 2829 2523 2882; x_wconf 88' lang='lat' dir='ltr'><strong>possumus</strong></span> <span class='ocrx_word' id='word_1_403' title='bbox 2559 2823 2726 2868; x_wconf 89' lang='lat' dir='ltr'><strong>totam</strong></span> <span class='ocrx_word' id='word_1_404' title='bbox 2779 2814 3088 2883; x_wconf 87' lang='lat' dir='ltr'><strong>prospicere</strong></span> <span class='ocrx_word' id='word_1_405' title='bbox 3134 2814 3432 2880; x_wconf 80' lang='lat' dir='ltr'><strong>civitatem,</strong></span> <span class='ocrx_word' id='word_1_406' title='bbox 3476 2815 3605 2869; x_wconf 88' lang='lat' dir='ltr'><strong>olim</strong></span> <span class='ocrx_word' id='word_1_407' title='bbox 3643 2813 3788 2868; x_wconf 77' lang='lat' dir='ltr'><strong>totius</strong></span> 
     </span>
    </p>
   </div>
   <div class='ocr_carea' id='block_1_57' title="bbox 2231 2898 3831 2970">
    <p class='ocr_par' dir='ltr' id='par_1_57' title="bbox 2231 2898 3831 2970">
     <span class='ocr_line' id='line_1_57' title="bbox 2231 2898 3831 2970; baseline -0.003 -8"><span class='ocrx_word' id='word_1_408' title='bbox 2231 2908 2379 2962; x_wconf 77' lang='lat' dir='ltr'><strong>orbis</strong></span> <span class='ocrx_word' id='word_1_409' title='bbox 2409 2907 2954 2970; x_wconf 77' lang='lat' dir='ltr'><strong>excellentissimam,</strong></span> <span class='ocrx_word' id='word_1_410' title='bbox 2999 2921 3142 2960; x_wconf 91' lang='lat' dir='ltr'><strong>nunc</strong></span> <span class='ocrx_word' id='word_1_411' title='bbox 3168 2921 3295 2960; x_wconf 88' lang='lat' dir='ltr'><strong>vero</strong></span> <span class='ocrx_word' id='word_1_412' title='bbox 3329 2916 3474 2959; x_wconf 86' lang='lat' dir='ltr'><strong>tanta</strong></span> <span class='ocrx_word' id='word_1_413' title='bbox 3505 2905 3785 2960; x_wconf 80' lang='lat' dir='ltr'><strong>calamitate</strong></span> <span class='ocrx_word' id='word_1_414' title='bbox 3827 2898 3831 2901; x_wconf 72' lang='grc'><em>’</em></span> 
     </span>
    </p>
   </div>
   <div class='ocr_carea' id='block_1_58' title="bbox 2229 2995 3784 3068">
    <p class='ocr_par' dir='ltr' id='par_1_58' title="bbox 2229 2995 3784 3068">
     <span class='ocr_line' id='line_1_58' title="bbox 2229 2995 3784 3068; baseline -0.004 -15"><span class='ocrx_word' id='word_1_415' title='bbox 2229 2999 2518 3068; x_wconf 87' lang='lat' dir='ltr'><strong>dejectam,</strong></span> <span class='ocrx_word' id='word_1_416' title='bbox 2553 2995 2762 3051; x_wconf 83' lang='lat' dir='ltr'><strong>utflcre</strong></span> <span class='ocrx_word' id='word_1_417' title='bbox 2806 2997 2984 3064; x_wconf 88' lang='lat' dir='ltr'><strong>potius</strong></span> <span class='ocrx_word' id='word_1_418' title='bbox 3027 2995 3211 3058; x_wconf 89' lang='lat' dir='ltr'><strong>libeat,</strong></span> <span class='ocrx_word' id='word_1_419' title='bbox 3250 3011 3410 3064; x_wconf 88' lang='lat' dir='ltr'><strong>quam</strong></span> <span class='ocrx_word' id='word_1_420' title='bbox 3441 2997 3650 3061; x_wconf 87' lang='lat' dir='ltr'><strong>mirari,</strong></span> <span class='ocrx_word' id='word_1_421' title='bbox 3679 3011 3784 3049; x_wconf 80' lang='lat' dir='ltr'><strong>Cllln</strong></span> 
     </span>
    </p>
   </div>
   <div class='ocr_carea' id='block_1_59' title="bbox 2231 3090 3784 3160">
    <p class='ocr_par' dir='ltr' id='par_1_59' title="bbox 2231 3090 3784 3160">
     <span class='ocr_line' id='line_1_59' title="bbox 2231 3090 3784 3160; baseline -0.003 -14"><span class='ocrx_word' id='word_1_422' title='bbox 2231 3104 2338 3146; x_wconf 85' lang='lat' dir='ltr'><strong>tant</strong></span> <span class='ocrx_word' id='word_1_423' title='bbox 2375 3106 2441 3146; x_wconf 79' lang='lat' dir='ltr'><strong>ex</strong></span> <span class='ocrx_word' id='word_1_424' title='bbox 2467 3092 2598 3150; x_wconf 90' lang='lat' dir='ltr'><strong>situ.</strong></span> <span class='ocrx_word' id='word_1_425' title='bbox 2634 3105 2796 3160; x_wconf 91' lang='lat' dir='ltr'><strong>quam</strong></span> <span class='ocrx_word' id='word_1_426' title='bbox 2830 3105 2894 3144; x_wconf 78' lang='lat' dir='ltr'><strong>ex</strong></span> <span class='ocrx_word' id='word_1_427' title='bbox 2926 3090 3173 3144; x_wconf 72' lang='lat' dir='ltr'><strong>aediliciLS</strong></span> <span class='ocrx_word' id='word_1_428' title='bbox 3212 3102 3264 3148; x_wconf 88' lang='lat' dir='ltr'><strong>et</strong></span> <span class='ocrx_word' id='word_1_429' title='bbox 3296 3093 3513 3145; x_wconf 71' lang='lat' dir='ltr'><strong>caeteris</strong></span> <span class='ocrx_word' id='word_1_430' title='bbox 3549 3100 3784 3160; x_wconf 81' lang='lat' dir='ltr'><strong>opportu-</strong></span> 
     </span>
    </p>
   </div>
   <div class='ocr_carea' id='block_1_60' title="bbox 541 3177 3786 3270">
    <p class='ocr_par' dir='ltr' id='par_1_60' title="bbox 541 3177 3786 3270">
     <span class='ocr_line' id='line_1_60' title="bbox 541 3177 3786 3270; baseline 0.001 -41"><span class='ocrx_word' id='word_1_431' title='bbox 541 3191 692 3244; x_wconf 84' lang='lat' dir='ltr'><strong>vere,</strong></span> <span class='ocrx_word' id='word_1_432' title='bbox 731 3177 906 3233; x_wconf 89' lang='lat' dir='ltr'><strong>solum</strong></span> <span class='ocrx_word' id='word_1_433' title='bbox 940 3177 1137 3232; x_wconf 69' lang='lat' dir='ltr'><strong>fanore</strong></span> <span class='ocrx_word' id='word_1_434' title='bbox 1161 3180 1342 3248; x_wconf 85' lang='lat' dir='ltr'><strong>potius</strong></span> <span class='ocrx_word' id='word_1_435' title='bbox 1372 3194 1533 3248; x_wconf 88' lang='lat' dir='ltr'><strong>quam</strong></span> <span class='ocrx_word' id='word_1_436' title='bbox 1559 3179 1781 3245; x_wconf 87' lang='lat' dir='ltr'><strong>pietate,</strong></span> <span class='ocrx_word' id='word_1_437' title='bbox 1808 3179 2120 3244; x_wconf 86' lang='lat' dir='ltr'><strong>teutaverit,</strong></span> <span class='ocrx_word' id='word_1_438' title='bbox 2153 3210 2196 3270; x_wconf 61' lang='grc' dir='ltr'>α</span> <span class='ocrx_word' id='word_1_439' title='bbox 2233 3189 2315 3240; x_wconf 88' lang='lat' dir='ltr'><strong>nis</strong></span> <span class='ocrx_word' id='word_1_440' title='bbox 2375 3184 2511 3239; x_wconf 79' lang='lat' dir='ltr'><strong>alter</strong></span> <span class='ocrx_word' id='word_1_441' title='bbox 2566 3183 2880 3239; x_wconf 84' lang='lat' dir='ltr'><strong>deliciarum</strong></span> <span class='ocrx_word' id='word_1_442' title='bbox 2969 3183 3140 3239; x_wconf 78' lang='lat' dir='ltr'><strong>fuisse</strong></span> <span class='ocrx_word' id='word_1_443' title='bbox 3193 3184 3478 3254; x_wconf 73' lang='lat' dir='ltr'><strong>paradisus</strong></span> <span class='ocrx_word' id='word_1_444' title='bbox 3533 3193 3786 3255; x_wconf 76' lang='lat' dir='ltr'><strong>appareat,</strong></span> 
     </span>
    </p>
   </div>
   <div class='ocr_carea' id='block_1_61' title="bbox 541 3269 2122 3338">
    <p class='ocr_par' dir='ltr' id='par_1_61' title="bbox 541 3269 2122 3338">
     <span class='ocr_line' id='line_1_61' title="bbox 541 3269 2122 3338; baseline 0.001 -16"><span class='ocrx_word' id='word_1_445' title='bbox 541 3285 643 3323; x_wconf 86' lang='lat' dir='ltr'><strong>nec</strong></span> <span class='ocrx_word' id='word_1_446' title='bbox 673 3270 800 3333; x_wconf 89' lang='lat' dir='ltr'><strong>hoc,</strong></span> <span class='ocrx_word' id='word_1_447' title='bbox 827 3270 932 3324; x_wconf 84' lang='lat' dir='ltr'><strong>nisi</strong></span> <span class='ocrx_word' id='word_1_448' title='bbox 983 3271 1130 3336; x_wconf 88' lang='lat' dir='ltr'><strong>prius</strong></span> <span class='ocrx_word' id='word_1_449' title='bbox 1185 3275 1360 3338; x_wconf 85' lang='lat' dir='ltr'><strong>pretio</strong></span> <span class='ocrx_word' id='word_1_450' title='bbox 1415 3272 1564 3334; x_wconf 82' lang='lat' dir='ltr'><strong>dato,</strong></span> <span class='ocrx_word' id='word_1_451' title='bbox 1604 3269 1761 3323; x_wconf 84' lang='lat' dir='ltr'><strong>liccat</strong></span> <span class='ocrx_word' id='word_1_452' title='bbox 1811 3269 1918 3324; x_wconf 91' lang='lat' dir='ltr'><strong>ullo</strong></span> <span class='ocrx_word' id='word_1_453' title='bbox 1945 3282 2122 3338; x_wconf 91' lang='lat' dir='ltr'><strong>pacto.</strong></span> 
     </span>
    </p>
   </div>
   <div class='ocr_carea' id='block_1_62' title="bbox 520 3358 2128 3432">
    <p class='ocr_par' dir='ltr' id='par_1_62' title="bbox 520 3358 2128 3432">
     <span class='ocr_line' id='line_1_62' title="bbox 520 3358 2128 3432; baseline 0.002 -18"><span class='ocrx_word' id='word_1_454' title='bbox 520 3359 622 3415; x_wconf 77' lang='lat' dir='ltr'><strong>Oh</strong></span> <span class='ocrx_word' id='word_1_455' title='bbox 658 3361 673 3414; x_wconf 87' lang='lat'><strong>!</strong></span> <span class='ocrx_word' id='word_1_456' title='bbox 708 3361 894 3413; x_wconf 85' lang='lat' dir='ltr'><strong>beatos</strong></span> <span class='ocrx_word' id='word_1_457' title='bbox 943 3360 1063 3415; x_wconf 83' lang='lat' dir='ltr'><strong>illos</strong></span> <span class='ocrx_word' id='word_1_458' title='bbox 1114 3361 1351 3431; x_wconf 88' lang='lat' dir='ltr'><strong>appello,</strong></span> <span class='ocrx_word' id='word_1_459' title='bbox 1384 3360 1486 3416; x_wconf 82' lang='lat' dir='ltr'><strong>uisi</strong></span> <span class='ocrx_word' id='word_1_460' title='bbox 1521 3358 1658 3416; x_wconf 80' lang='lat' dir='ltr'><strong>forte</strong></span> <span class='ocrx_word' id='word_1_461' title='bbox 1703 3361 1974 3432; x_wconf 79' lang='lat' dir='ltr'><strong>desperati</strong></span> <span class='ocrx_word' id='word_1_462' title='bbox 2000 3363 2128 3417; x_wconf 88' lang='lat' dir='ltr'><strong>dor-</strong></span> 
     </span>
    </p>
   </div>
   <div class='ocr_carea' id='block_1_63' title="bbox 543 3449 2126 3523">
    <p class='ocr_par' dir='ltr' id='par_1_63' title="bbox 543 3449 2126 3523">
     <span class='ocr_line' id='line_1_63' title="bbox 543 3449 2126 3523; baseline 0.004 -20"><span class='ocrx_word' id='word_1_463' title='bbox 543 3452 784 3506; x_wconf 79' lang='lat' dir='ltr'><strong>mierint.</strong></span> <span class='ocrx_word' id='word_1_464' title='bbox 814 3449 948 3504; x_wconf 75' lang='lat' dir='ltr'><strong>Nam</strong></span> <span class='ocrx_word' id='word_1_465' title='bbox 980 3453 1088 3506; x_wconf 80' lang='lat' dir='ltr'><strong>ala</strong></span> <span class='ocrx_word' id='word_1_466' title='bbox 1118 3468 1270 3516; x_wconf 88' lang='lat' dir='ltr'><strong>voce.</strong></span> <span class='ocrx_word' id='word_1_467' title='bbox 1300 3452 1570 3523; x_wconf 83' lang='lat' dir='ltr'><strong>ﬂebiliqite</strong></span> <span class='ocrx_word' id='word_1_468' title='bbox 1611 3455 1758 3511; x_wconf 90' lang='lat' dir='ltr'><strong>luctu</strong></span> <span class='ocrx_word' id='word_1_469' title='bbox 1791 3458 2126 3523; x_wconf 84' lang='lat' dir='ltr'><strong>clamabant,</strong></span> 
     </span>
    </p>
   </div>
   <div class='ocr_carea' id='block_1_64' title="bbox 541 3543 2133 3615">
    <p class='ocr_par' dir='ltr' id='par_1_64' title="bbox 541 3543 2133 3615">
     <span class='ocr_line' id='line_1_64' title="bbox 541 3543 2133 3615; baseline 0.004 -17"><span class='ocrx_word' id='word_1_470' title='bbox 541 3543 669 3598; x_wconf 87' lang='lat' dir='ltr'><strong>dum</strong></span> <span class='ocrx_word' id='word_1_471' title='bbox 735 3544 1114 3611; x_wconf 84' lang='lat' dir='ltr'><strong>capiebantur,</strong></span> <span class='ocrx_word' id='word_1_472' title='bbox 1171 3545 1608 3615; x_wconf 88' lang='lat' dir='ltr'><strong>impellebantur,</strong></span> <span class='ocrx_word' id='word_1_473' title='bbox 1661 3549 2054 3606; x_wconf 80' lang='lat' dir='ltr'><strong>occidebantur</strong></span> <span class='ocrx_word' id='word_1_474' title='bbox 2079 3561 2133 3606; x_wconf 92' lang='lat' dir='ltr'><strong>et</strong></span> 
     </span>
    </p>
   </div>
   <div class='ocr_carea' id='block_1_65' title="bbox 545 3637 2127 3712">
    <p class='ocr_par' dir='ltr' id='par_1_65' title="bbox 545 3637 2127 3712">
     <span class='ocr_line' id='line_1_65' title="bbox 545 3637 2127 3712; baseline 0.006 -23"><span class='ocrx_word' id='word_1_475' title='bbox 545 3638 698 3706; x_wconf 89' lang='lat' dir='ltr'><strong>pueri</strong></span> <span class='ocrx_word' id='word_1_476' title='bbox 731 3647 783 3691; x_wconf 88' lang='lat' dir='ltr'><strong>et</strong></span> <span class='ocrx_word' id='word_1_477' title='bbox 814 3637 1103 3705; x_wconf 83' lang='lat' dir='ltr'><strong>lactentes,</strong></span> <span class='ocrx_word' id='word_1_478' title='bbox 1139 3637 1370 3709; x_wconf 86' lang='lat' dir='ltr'><strong>juvenes</strong></span> <span class='ocrx_word' id='word_1_479' title='bbox 1411 3651 1467 3696; x_wconf 89' lang='lat' dir='ltr'><strong>et</strong></span> <span class='ocrx_word' id='word_1_480' title='bbox 1499 3643 1761 3712; x_wconf 79' lang='lat' dir='ltr'><strong>virgines,</strong></span> <span class='ocrx_word' id='word_1_481' title='bbox 1788 3645 1890 3698; x_wconf 84' lang='lat' dir='ltr'><strong>viri</strong></span> <span class='ocrx_word' id='word_1_482' title='bbox 1921 3653 1975 3700; x_wconf 88' lang='lat' dir='ltr'><strong>et</strong></span> <span class='ocrx_word' id='word_1_483' title='bbox 2004 3661 2127 3698; x_wconf 86' lang='lat' dir='ltr'><strong>mu-</strong></span> 
     </span>
    </p>
   </div>
   <div class='ocr_carea' id='block_1_66' title="bbox 539 3729 2127 3805">
    <p class='ocr_par' dir='ltr' id='par_1_66' title="bbox 539 3729 2127 3805">
     <span class='ocr_line' id='line_1_66' title="bbox 539 3729 2127 3805; baseline 0.004 -22"><span class='ocrx_word' id='word_1_484' title='bbox 539 3730 728 3784; x_wconf 84' lang='lat' dir='ltr'><strong>lieres.</strong></span> <span class='ocrx_word' id='word_1_485' title='bbox 783 3729 830 3784; x_wconf 88' lang='grc'>0</span> <span class='ocrx_word' id='word_1_486' title='bbox 887 3740 963 3795; x_wconf 90' lang='lat' dir='ltr'><strong>tu,</strong></span> <span class='ocrx_word' id='word_1_487' title='bbox 1026 3732 1118 3800; x_wconf 90' lang='lat' dir='ltr'><strong>qui</strong></span> <span class='ocrx_word' id='word_1_488' title='bbox 1177 3731 1228 3785; x_wconf 88' lang='lat' dir='ltr'><strong>itt</strong></span> <span class='ocrx_word' id='word_1_489' title='bbox 1265 3733 1420 3788; x_wconf 79' lang='lat' dir='ltr'><strong>cmlis</strong></span> <span class='ocrx_word' id='word_1_490' title='bbox 1466 3734 1701 3800; x_wconf 88' lang='lat' dir='ltr'><strong>habitas,</strong></span> <span class='ocrx_word' id='word_1_491' title='bbox 1729 3739 1994 3805; x_wconf 90' lang='lat' dir='ltr'><strong>numquid</strong></span> <span class='ocrx_word' id='word_1_492' title='bbox 2025 3738 2127 3792; x_wconf 89' lang='lat' dir='ltr'><strong>ista</strong></span> 
     </span>
    </p>
   </div>
   <div class='ocr_carea' id='block_1_67' title="bbox 541 3820 2131 3901">
    <p class='ocr_par' dir='ltr' id='par_1_67' title="bbox 541 3820 2131 3901">
     <span class='ocr_line' id='line_1_67' title="bbox 541 3820 2131 3901; baseline 0.011 -33"><span class='ocrx_word' id='word_1_493' title='bbox 541 3820 907 3877; x_wconf 62' lang='lat' dir='ltr'><strong>consideras?</strong></span> <span class='ocrx_word' id='word_1_494' title='bbox 939 3837 1066 3876; x_wconf 90' lang='lat' dir='ltr'><strong>nunt</strong></span> <span class='ocrx_word' id='word_1_495' title='bbox 1093 3822 1176 3878; x_wconf 87' lang='lat' dir='ltr'><strong>vel</strong></span> <span class='ocrx_word' id='word_1_496' title='bbox 1223 3824 1492 3878; x_wconf 72' lang='grc' dir='ltr'><strong>ιιιυάὶι-υιιι</strong></span> <span class='ocrx_word' id='word_1_497' title='bbox 1536 3826 1734 3894; x_wconf 87' lang='lat' dir='ltr'><strong>pietate</strong></span> <span class='ocrx_word' id='word_1_498' title='bbox 1774 3828 2012 3884; x_wconf 87' lang='lat' dir='ltr'><strong>moveris</strong></span> <span class='ocrx_word' id='word_1_499' title='bbox 2037 3829 2062 3901; x_wconf 66' lang='grc' dir='ltr'><em>ἵ</em></span> <span class='ocrx_word' id='word_1_500' title='bbox 2086 3830 2131 3884; x_wconf 84' lang='grc'>0</span> 
     </span>
    </p>
   </div>
   <div class='ocr_carea' id='block_1_68' title="bbox 543 3911 2127 3990">
    <p class='ocr_par' dir='ltr' id='par_1_68' title="bbox 543 3911 2127 3990">
     <span class='ocr_line' id='line_1_68' title="bbox 543 3911 2127 3990; baseline 0.006 -27"><span class='ocrx_word' id='word_1_501' title='bbox 543 3911 707 3980; x_wconf 75' lang='lat' dir='ltr'><strong>Virgo</strong></span> <span class='ocrx_word' id='word_1_502' title='bbox 740 3912 918 3979; x_wconf 88' lang='lat' dir='ltr'><strong>beata,</strong></span> <span class='ocrx_word' id='word_1_503' title='bbox 954 3928 988 3968; x_wconf 93' lang='grc' dir='ltr'>ο</span> <span class='ocrx_word' id='word_1_504' title='bbox 1021 3913 1194 3968; x_wconf 77' lang='lat' dir='ltr'><strong>sancti</strong></span> <span class='ocrx_word' id='word_1_505' title='bbox 1242 3927 1558 3986; x_wconf 84' lang='lat' dir='ltr'><strong>sancta-que</strong></span> <span class='ocrx_word' id='word_1_506' title='bbox 1586 3916 1706 3981; x_wconf 84' lang='lat' dir='ltr'><strong>Dei,</strong></span> <span class='ocrx_word' id='word_1_507' title='bbox 1739 3917 1827 3974; x_wconf 86' lang='lat' dir='ltr'><strong>tibi</strong></span> <span class='ocrx_word' id='word_1_508' title='bbox 1862 3935 2006 3990; x_wconf 87' lang='lat' dir='ltr'><strong>spes,</strong></span> <span class='ocrx_word' id='word_1_509' title='bbox 2039 3921 2127 3974; x_wconf 81' lang='lat' dir='ltr'><strong>ubi</strong></span> 
     </span>
    </p>
   </div>
   <div class='ocr_carea' id='block_1_69' title="bbox 539 4006 2128 4083">
    <p class='ocr_par' dir='ltr' id='par_1_69' title="bbox 539 4006 2128 4083">
     <span class='ocr_line' id='line_1_69' title="bbox 539 4006 2128 4083; baseline 0.004 -23"><span class='ocrx_word' id='word_1_510' title='bbox 539 4006 868 4060; x_wconf 76' lang='lat' dir='ltr'><strong>confidentia</strong></span> <span class='ocrx_word' id='word_1_511' title='bbox 890 4015 1075 4060; x_wconf 83' lang='lat' dir='ltr'><strong>nostra</strong></span> <span class='ocrx_word' id='word_1_512' title='bbox 1109 4006 1392 4062; x_wconf 76' lang='lat' dir='ltr'><strong>iuvabis?</strong></span> <span class='ocrx_word' id='word_1_513' title='bbox 1427 4010 1506 4082; x_wconf 65' lang='lat' dir='ltr'><strong>Ap</strong></span> <span class='ocrx_word' id='word_1_514' title='bbox 1531 4011 1670 4065; x_wconf 82' lang='lat' dir='ltr'><strong>forte</strong></span> <span class='ocrx_word' id='word_1_515' title='bbox 1699 4011 1882 4082; x_wconf 86' lang='lat' dir='ltr'><strong>putius</strong></span> <span class='ocrx_word' id='word_1_516' title='bbox 1915 4012 2128 4083; x_wconf 87' lang='lat' dir='ltr'><strong>decepti</strong></span> 
     </span>
    </p>
   </div>
   <div class='ocr_carea' id='block_1_70' title="bbox 541 4097 2125 4174">
    <p class='ocr_par' dir='ltr' id='par_1_70' title="bbox 541 4097 2125 4174">
     <span class='ocr_line' id='line_1_70' title="bbox 541 4097 2125 4174; baseline 0.006 -22"><span class='ocrx_word' id='word_1_517' title='bbox 541 4111 754 4158; x_wconf 87' lang='lat' dir='ltr'><strong>sumus.</strong></span> <span class='ocrx_word' id='word_1_518' title='bbox 787 4097 912 4166; x_wconf 85' lang='lat' dir='ltr'><strong>quia</strong></span> <span class='ocrx_word' id='word_1_519' title='bbox 939 4106 1122 4152; x_wconf 85' lang='lat' dir='ltr'><strong>nostra</strong></span> <span class='ocrx_word' id='word_1_520' title='bbox 1149 4098 1286 4154; x_wconf 78' lang='lat' dir='ltr'><strong>fides</strong></span> <span class='ocrx_word' id='word_1_521' title='bbox 1323 4101 1501 4154; x_wconf 79' lang='lat' dir='ltr'><strong>inanis</strong></span> <span class='ocrx_word' id='word_1_522' title='bbox 1523 4112 1576 4156; x_wconf 92' lang='lat' dir='ltr'><strong>et</strong></span> <span class='ocrx_word' id='word_1_523' title='bbox 1607 4102 1739 4156; x_wconf 87' lang='lat' dir='ltr'><strong>falsa</strong></span> <span class='ocrx_word' id='word_1_524' title='bbox 1771 4105 2125 4174; x_wconf 85' lang='lat' dir='ltr'><strong>est?Beatos,</strong></span> 
     </span>
    </p>
   </div>
   <div class='ocr_carea' id='block_1_71' title="bbox 544 4190 2130 4270">
    <p class='ocr_par' dir='ltr' id='par_1_71' title="bbox 544 4190 2130 4270">
     <span class='ocr_line' id='line_1_71' title="bbox 544 4190 2130 4270; baseline 0.008 -27"><span class='ocrx_word' id='word_1_525' title='bbox 544 4191 787 4258; x_wconf 80' lang='lat' dir='ltr'><strong>inquam,</strong></span> <span class='ocrx_word' id='word_1_526' title='bbox 823 4190 1055 4246; x_wconf 76' lang='lat' dir='ltr'><strong>dixerim</strong></span> <span class='ocrx_word' id='word_1_527' title='bbox 1088 4191 1235 4256; x_wconf 89' lang='lat' dir='ltr'><strong>illos,</strong></span> <span class='ocrx_word' id='word_1_528' title='bbox 1285 4193 1328 4248; x_wconf 89' lang='lat' dir='ltr'><strong>si</strong></span> <span class='ocrx_word' id='word_1_529' title='bbox 1385 4197 1658 4262; x_wconf 81' lang='lat' dir='ltr'><strong>patienter</strong></span> <span class='ocrx_word' id='word_1_530' title='bbox 1703 4199 2021 4254; x_wconf 77' lang='lat' dir='ltr'><strong>sustulerint</strong></span> <span class='ocrx_word' id='word_1_531' title='bbox 2047 4201 2130 4270; x_wconf 77' lang='lat' dir='ltr'><strong>fa-</strong></span> 
     </span>
    </p>
   </div>
   <div class='ocr_carea' id='block_1_72' title="bbox 545 4282 2130 4362">
    <p class='ocr_par' dir='ltr' id='par_1_72' title="bbox 545 4282 2130 4362">
     <span class='ocr_line' id='line_1_72' title="bbox 545 4282 2130 4362; baseline 0.009 -29"><span class='ocrx_word' id='word_1_532' title='bbox 545 4295 710 4342; x_wconf 88' lang='lat' dir='ltr'><strong>mem,</strong></span> <span class='ocrx_word' id='word_1_533' title='bbox 745 4283 915 4346; x_wconf 85' lang='lat' dir='ltr'><strong>sitim,</strong></span> <span class='ocrx_word' id='word_1_534' title='bbox 945 4282 1210 4346; x_wconf 86' lang='lat' dir='ltr'><strong>laborem,</strong></span> <span class='ocrx_word' id='word_1_535' title='bbox 1243 4285 1506 4354; x_wconf 79' lang='lat' dir='ltr'><strong>dolorem,</strong></span> <span class='ocrx_word' id='word_1_536' title='bbox 1543 4289 1932 4346; x_wconf 87' lang='lat' dir='ltr'><strong>scrvitudinem</strong></span> <span class='ocrx_word' id='word_1_537' title='bbox 1967 4302 2130 4362; x_wconf 79' lang='lat' dir='ltr'><strong>atque</strong></span> 
     </span>
    </p>
   </div>
   <div class='ocr_carea' id='block_1_73' title="bbox 546 4374 2127 4451">
    <p class='ocr_par' dir='ltr' id='par_1_73' title="bbox 546 4374 2127 4451">
     <span class='ocr_line' id='line_1_73' title="bbox 546 4374 2127 4451; baseline 0.006 -23"><span class='ocrx_word' id='word_1_538' title='bbox 546 4384 798 4430; x_wconf 87' lang='lat' dir='ltr'><strong>mortem.</strong></span> <span class='ocrx_word' id='word_1_539' title='bbox 842 4374 949 4430; x_wconf 84' lang='lat' dir='ltr'><strong>Sed</strong></span> <span class='ocrx_word' id='word_1_540' title='bbox 982 4391 1086 4446; x_wconf 88' lang='lat' dir='ltr'><strong>qua</strong></span> <span class='ocrx_word' id='word_1_541' title='bbox 1126 4378 1337 4434; x_wconf 87' lang='lat' dir='ltr'><strong>ratione</strong></span> <span class='ocrx_word' id='word_1_542' title='bbox 1371 4380 1560 4436; x_wconf 86' lang='lat' dir='ltr'><strong>beatos</strong></span> <span class='ocrx_word' id='word_1_543' title='bbox 1608 4382 1728 4436; x_wconf 88' lang='lat' dir='ltr'><strong>illos</strong></span> <span class='ocrx_word' id='word_1_544' title='bbox 1769 4384 1966 4451; x_wconf 89' lang='lat' dir='ltr'><strong>dicam,</strong></span> <span class='ocrx_word' id='word_1_545' title='bbox 2003 4401 2127 4439; x_wconf 88' lang='lat' dir='ltr'><strong>cum</strong></span> 
     </span>
    </p>
   </div>
   <div class='ocr_carea' id='block_1_74' title="bbox 543 4468 2127 4546">
    <p class='ocr_par' dir='ltr' id='par_1_74' title="bbox 543 4468 2127 4546">
     <span class='ocr_line' id='line_1_74' title="bbox 543 4468 2127 4546; baseline 0.005 -22"><span class='ocrx_word' id='word_1_546' title='bbox 543 4469 806 4524; x_wconf 88' lang='lat' dir='ltr'><strong>continuo</strong></span> <span class='ocrx_word' id='word_1_547' title='bbox 833 4468 1100 4541; x_wconf 81' lang='lat' dir='ltr'><strong>abucgent</strong></span> <span class='ocrx_word' id='word_1_548' title='bbox 1133 4471 1341 4528; x_wconf 84' lang='lat' dir='ltr'><strong>Christi</strong></span> <span class='ocrx_word' id='word_1_549' title='bbox 1375 4475 1555 4539; x_wconf 86' lang='lat' dir='ltr'><strong>tidem,</strong></span> <span class='ocrx_word' id='word_1_550' title='bbox 1587 4479 1822 4529; x_wconf 80' lang='lat' dir='ltr'><strong>maxime</strong></span> <span class='ocrx_word' id='word_1_551' title='bbox 1843 4477 2127 4546; x_wconf 89' lang='lat' dir='ltr'><strong>utriusque</strong></span> 
     </span>
    </p>
   </div>
   <div class='ocr_carea' id='block_1_75' title="bbox 2235 3277 3787 3348">
    <p class='ocr_par' dir='ltr' id='par_1_75' title="bbox 2235 3277 3787 3348">
     <span class='ocr_line' id='line_1_75' title="bbox 2235 3277 3787 3348; baseline -0.004 -16"><span class='ocrx_word' id='word_1_552' title='bbox 2235 3289 2422 3348; x_wconf 75' lang='lat' dir='ltr'><strong>tuique</strong></span> <span class='ocrx_word' id='word_1_553' title='bbox 2453 3277 2714 3332; x_wconf 77' lang='lat' dir='ltr'><strong>ecclesias</strong></span> <span class='ocrx_word' id='word_1_554' title='bbox 2739 3287 2791 3332; x_wconf 88' lang='lat' dir='ltr'><strong>et</strong></span> <span class='ocrx_word' id='word_1_555' title='bbox 2819 3278 3152 3331; x_wconf 87' lang='lat' dir='ltr'><strong>monasteria</strong></span> <span class='ocrx_word' id='word_1_556' title='bbox 3187 3277 3613 3347; x_wconf 87' lang='lat' dir='ltr'><strong>stupendissima</strong></span> <span class='ocrx_word' id='word_1_557' title='bbox 3653 3277 3787 3330; x_wconf 83' lang='lat' dir='ltr'><strong>ruina</strong></span> 
     </span>
    </p>
   </div>
   <div class='ocr_carea' id='block_1_76' title="bbox 2233 3370 3788 3439">
    <p class='ocr_par' dir='ltr' id='par_1_76' title="bbox 2233 3370 3788 3439">
     <span class='ocr_line' id='line_1_76' title="bbox 2233 3370 3788 3439; baseline 0 -18"><span class='ocrx_word' id='word_1_558' title='bbox 2233 3370 2470 3439; x_wconf 83' lang='lat' dir='ltr'><strong>collapsa</strong></span> <span class='ocrx_word' id='word_1_559' title='bbox 2503 3371 2650 3422; x_wconf 81' lang='lat' dir='ltr'><strong>intus</strong></span> <span class='ocrx_word' id='word_1_560' title='bbox 2679 3380 2735 3424; x_wconf 89' lang='lat' dir='ltr'><strong>et</strong></span> <span class='ocrx_word' id='word_1_561' title='bbox 2762 3382 2916 3423; x_wconf 83' lang='lat' dir='ltr'><strong>extra</strong></span> <span class='ocrx_word' id='word_1_562' title='bbox 2953 3385 3112 3437; x_wconf 89' lang='lat' dir='ltr'><strong>quam</strong></span> <span class='ocrx_word' id='word_1_563' title='bbox 3155 3373 3409 3437; x_wconf 75' lang='lat' dir='ltr'><strong>maxime,</strong></span> <span class='ocrx_word' id='word_1_564' title='bbox 3439 3381 3503 3424; x_wconf 91' lang='lat' dir='ltr'><strong>ut</strong></span> <span class='ocrx_word' id='word_1_565' title='bbox 3531 3376 3788 3425; x_wconf 83' lang='lat' dir='ltr'><strong>monaste-</strong></span> 
     </span>
    </p>
   </div>
   <div class='ocr_carea' id='block_1_77' title="bbox 2233 3461 3787 3532">
    <p class='ocr_par' dir='ltr' id='par_1_77' title="bbox 2233 3461 3787 3532">
     <span class='ocr_line' id='line_1_77' title="bbox 2233 3461 3787 3532; baseline -0.003 -16"><span class='ocrx_word' id='word_1_566' title='bbox 2233 3464 2435 3516; x_wconf 86' lang='lat' dir='ltr'><strong>riorum</strong></span> <span class='ocrx_word' id='word_1_567' title='bbox 2498 3461 2703 3532; x_wconf 80' lang='lat' dir='ltr'><strong>sylvum</strong></span> <span class='ocrx_word' id='word_1_568' title='bbox 2758 3462 2938 3531; x_wconf 85' lang='lat' dir='ltr'><strong>potius</strong></span> <span class='ocrx_word' id='word_1_569' title='bbox 2988 3461 3242 3529; x_wconf 88' lang='lat' dir='ltr'><strong>primitus</strong></span> <span class='ocrx_word' id='word_1_570' title='bbox 3291 3462 3688 3527; x_wconf 64' lang='lat' dir='ltr'><strong>cvistitnasses,</strong></span> <span class='ocrx_word' id='word_1_571' title='bbox 3743 3462 3787 3514; x_wconf 92' lang='lat' dir='ltr'><strong>iu</strong></span> 
     </span>
    </p>
   </div>
   <div class='ocr_carea' id='block_1_78' title="bbox 2231 3553 3792 3625">
    <p class='ocr_par' dir='ltr' id='par_1_78' title="bbox 2231 3553 3792 3625">
     <span class='ocr_line' id='line_1_78' title="bbox 2231 3553 3792 3625; baseline 0.002 -21"><span class='ocrx_word' id='word_1_572' title='bbox 2231 3568 2460 3625; x_wconf 88' lang='lat' dir='ltr'><strong>quorum</strong></span> <span class='ocrx_word' id='word_1_573' title='bbox 2511 3553 2755 3619; x_wconf 82' lang='lat' dir='ltr'><strong>quolibet</strong></span> <span class='ocrx_word' id='word_1_574' title='bbox 2807 3563 2862 3608; x_wconf 89' lang='lat' dir='ltr'><strong>et</strong></span> <span class='ocrx_word' id='word_1_575' title='bbox 2923 3555 3140 3609; x_wconf 86' lang='lat' dir='ltr'><strong>ducenti</strong></span> <span class='ocrx_word' id='word_1_576' title='bbox 3187 3565 3244 3608; x_wconf 92' lang='lat' dir='ltr'><strong>et</strong></span> <span class='ocrx_word' id='word_1_577' title='bbox 3298 3553 3792 3621; x_wconf 86' lang='lat' dir='ltr'><strong>tercenti,etmille</strong></span> 
     </span>
    </p>
   </div>
   <div class='ocr_carea' id='block_1_79' title="bbox 2233 3646 3790 3716">
    <p class='ocr_par' dir='ltr' id='par_1_79' title="bbox 2233 3646 3790 3716">
     <span class='ocr_line' id='line_1_79' title="bbox 2233 3646 3790 3716; baseline 0 -16"><span class='ocrx_word' id='word_1_578' title='bbox 2233 3646 2486 3702; x_wconf 84' lang='lat' dir='ltr'><strong>monachi</strong></span> <span class='ocrx_word' id='word_1_579' title='bbox 2546 3646 3101 3716; x_wconf 81' lang='lat' dir='ltr'><strong>residebant,_laudcs</strong></span> <span class='ocrx_word' id='word_1_580' title='bbox 3147 3647 3428 3703; x_wconf 79' lang='lat' dir='ltr'><strong>Altissimo</strong></span> <span class='ocrx_word' id='word_1_581' title='bbox 3455 3649 3790 3704; x_wconf 80' lang='lat' dir='ltr'><strong>decantautcs</strong></span> 
     </span>
    </p>
   </div>
   <div class='ocr_carea' id='block_1_80' title="bbox 2232 3738 3785 3808">
    <p class='ocr_par' dir='ltr' id='par_1_80' title="bbox 2232 3738 3785 3808">
     <span class='ocr_line' id='line_1_80' title="bbox 2232 3738 3785 3808; baseline 0 -16"><span class='ocrx_word' id='word_1_582' title='bbox 2232 3738 2286 3792; x_wconf 89' lang='lat' dir='ltr'><strong>in</strong></span> <span class='ocrx_word' id='word_1_583' title='bbox 2311 3748 2420 3792; x_wconf 84' lang='lat' dir='ltr'><strong>tam</strong></span> <span class='ocrx_word' id='word_1_584' title='bbox 2452 3738 2763 3797; x_wconf 83' lang='lat' dir='ltr'><strong>dulcissima</strong></span> <span class='ocrx_word' id='word_1_585' title='bbox 2801 3739 3058 3805; x_wconf 73' lang='lat' dir='ltr'><strong>melodis,</strong></span> <span class='ocrx_word' id='word_1_586' title='bbox 3091 3741 3232 3808; x_wconf 88' lang='lat' dir='ltr'><strong>quod</strong></span> <span class='ocrx_word' id='word_1_587' title='bbox 3280 3741 3394 3808; x_wconf 88' lang='lat' dir='ltr'><strong>ipse</strong></span> <span class='ocrx_word' id='word_1_588' title='bbox 3421 3754 3518 3793; x_wconf 87' lang='lat' dir='ltr'><strong>aer</strong></span> <span class='ocrx_word' id='word_1_589' title='bbox 3548 3741 3600 3793; x_wconf 90' lang='lat' dir='ltr'><strong>in</strong></span> <span class='ocrx_word' id='word_1_590' title='bbox 3629 3739 3785 3793; x_wconf 69' lang='lat' dir='ltr'><strong>DOCliS</strong></span> 
     </span>
    </p>
   </div>
   <div class='ocr_carea' id='block_1_81' title="bbox 2233 3828 3788 3901">
    <p class='ocr_par' dir='ltr' id='par_1_81' title="bbox 2233 3828 3788 3901">
     <span class='ocr_line' id='line_1_81' title="bbox 2233 3828 3788 3901; baseline -0.002 -19"><span class='ocrx_word' id='word_1_591' title='bbox 2233 3828 2412 3883; x_wconf 84' lang='lat' dir='ltr'><strong>medio</strong></span> <span class='ocrx_word' id='word_1_592' title='bbox 2476 3829 2903 3901; x_wconf 82' lang='lat' dir='ltr'><strong>circumquaque</strong></span> <span class='ocrx_word' id='word_1_593' title='bbox 2968 3833 3256 3886; x_wconf 83' lang='lat' dir='ltr'><strong>resonabat</strong></span> <span class='ocrx_word' id='word_1_594' title='bbox 3307 3831 3462 3900; x_wconf 83' lang='lat' dir='ltr'><strong>quasi</strong></span> <span class='ocrx_word' id='word_1_595' title='bbox 3512 3831 3788 3901; x_wconf 69' lang='lat' dir='ltr'><strong>augt-licunt</strong></span> 
     </span>
    </p>
   </div>
   <div class='ocr_carea' id='block_1_82' title="bbox 2235 3920 3791 3995">
    <p class='ocr_par' dir='ltr' id='par_1_82' title="bbox 2235 3920 3791 3995">
     <span class='ocr_line' id='line_1_82' title="bbox 2235 3920 3791 3995; baseline -0.001 -20"><span class='ocrx_word' id='word_1_596' title='bbox 2235 3922 2602 3976; x_wconf 84' lang='lat' dir='ltr'><strong>harmoniam.</strong></span> <span class='ocrx_word' id='word_1_597' title='bbox 2641 3920 2797 3976; x_wconf 78' lang='lat' dir='ltr'><strong>Nunc</strong></span> <span class='ocrx_word' id='word_1_598' title='bbox 2844 3938 2994 3987; x_wconf 89' lang='lat' dir='ltr'><strong>vero,</strong></span> <span class='ocrx_word' id='word_1_599' title='bbox 3035 3923 3167 3990; x_wconf 89' lang='lat' dir='ltr'><strong>prob</strong></span> <span class='ocrx_word' id='word_1_600' title='bbox 3224 3925 3406 3979; x_wconf 84' lang='lat' dir='ltr'><strong>dolori</strong></span> <span class='ocrx_word' id='word_1_601' title='bbox 3457 3933 3516 3979; x_wconf 90' lang='lat' dir='ltr'><strong>et</strong></span> <span class='ocrx_word' id='word_1_602' title='bbox 3561 3925 3720 3995; x_wconf 76' lang='lat' dir='ltr'><strong>Spiua:</strong></span> <span class='ocrx_word' id='word_1_603' title='bbox 3747 3930 3791 3975; x_wconf 88' lang='lat' dir='ltr'><strong>ct</strong></span> 
     </span>
    </p>
   </div>
   <div class='ocr_carea' id='block_1_83' title="bbox 2234 4017 3791 4084">
    <p class='ocr_par' dir='ltr' id='par_1_83' title="bbox 2234 4017 3791 4084">
     <span class='ocr_line' id='line_1_83' title="bbox 2234 4017 3791 4084; baseline 0.003 -18"><span class='ocrx_word' id='word_1_604' title='bbox 2234 4027 2426 4082; x_wconf 87' lang='lat' dir='ltr'><strong>vepres</strong></span> <span class='ocrx_word' id='word_1_605' title='bbox 2456 4027 2624 4084; x_wconf 86' lang='lat' dir='ltr'><strong>super</strong></span> <span class='ocrx_word' id='word_1_606' title='bbox 2640 4031 2827 4071; x_wconf 90' lang='lat' dir='ltr'><strong>muros</strong></span> <span class='ocrx_word' id='word_1_607' title='bbox 2851 4017 3174 4083; x_wconf 74' lang='lat' dir='ltr'><strong>ascendunt,</strong></span> <span class='ocrx_word' id='word_1_608' title='bbox 3203 4027 3256 4072; x_wconf 93' lang='lat' dir='ltr'><strong>et</strong></span> <span class='ocrx_word' id='word_1_609' title='bbox 3282 4017 3354 4074; x_wconf 87' lang='lat' dir='ltr'><strong>ibi</strong></span> <span class='ocrx_word' id='word_1_610' title='bbox 3376 4028 3629 4074; x_wconf 85' lang='lat' dir='ltr'><strong>resonant</strong></span> <span class='ocrx_word' id='word_1_611' title='bbox 3655 4018 3791 4072; x_wconf 69' lang='lat' dir='ltr'><strong>ululae</strong></span> 
     </span>
    </p>
   </div>
   <div class='ocr_carea' id='block_1_84' title="bbox 2232 4105 3788 4179">
    <p class='ocr_par' dir='ltr' id='par_1_84' title="bbox 2232 4105 3788 4179">
     <span class='ocr_line' id='line_1_84' title="bbox 2232 4105 3788 4179; baseline 0.003 -19"><span class='ocrx_word' id='word_1_612' title='bbox 2232 4105 2616 4161; x_wconf 84' lang='lat' dir='ltr'><strong>et~bubones.</strong></span> <span class='ocrx_word' id='word_1_613' title='bbox 2653 4106 2848 4162; x_wconf 78' lang='lat' dir='ltr'><strong>Verum</strong></span> <span class='ocrx_word' id='word_1_614' title='bbox 2911 4109 2955 4163; x_wconf 92' lang='lat' dir='ltr'><strong>si</strong></span> <span class='ocrx_word' id='word_1_615' title='bbox 2999 4111 3120 4179; x_wconf 83' lang='lat' dir='ltr'><strong>quis</strong></span> <span class='ocrx_word' id='word_1_616' title='bbox 3178 4111 3425 4167; x_wconf 84' lang='lat' dir='ltr'><strong>civitates</strong></span> <span class='ocrx_word' id='word_1_617' title='bbox 3479 4110 3788 4172; x_wconf 65' lang='lat' dir='ltr'><strong>destructas,</strong></span> 
     </span>
    </p>
   </div>
   <div class='ocr_carea' id='block_1_85' title="bbox 2233 4196 3790 4271">
    <p class='ocr_par' dir='ltr' id='par_1_85' title="bbox 2233 4196 3790 4271">
     <span class='ocr_line' id='line_1_85' title="bbox 2233 4196 3790 4271; baseline -0.001 -19"><span class='ocrx_word' id='word_1_618' title='bbox 2233 4196 2362 4252; x_wconf 89' lang='lat' dir='ltr'><strong>olim</strong></span> <span class='ocrx_word' id='word_1_619' title='bbox 2393 4198 2692 4267; x_wconf 85' lang='lat' dir='ltr'><strong>mirabiles,</strong></span> <span class='ocrx_word' id='word_1_620' title='bbox 2727 4208 2785 4253; x_wconf 92' lang='lat' dir='ltr'><strong>ut</strong></span> <span class='ocrx_word' id='word_1_621' title='bbox 2816 4200 3090 4255; x_wconf 84' lang='lat' dir='ltr'><strong>Chalcedo</strong></span> <span class='ocrx_word' id='word_1_622' title='bbox 3120 4210 3175 4255; x_wconf 90' lang='lat' dir='ltr'><strong>et</strong></span> <span class='ocrx_word' id='word_1_623' title='bbox 3213 4200 3416 4266; x_wconf 78' lang='lat' dir='ltr'><strong>Nicaea,</strong></span> <span class='ocrx_word' id='word_1_624' title='bbox 3449 4203 3605 4271; x_wconf 74' lang='lat' dir='ltr'><strong>quasi</strong></span> <span class='ocrx_word' id='word_1_625' title='bbox 3635 4201 3790 4256; x_wconf 87' lang='lat' dir='ltr'><strong>conti-</strong></span> 
     </span>
    </p>
   </div>
   <div class='ocr_carea' id='block_1_86' title="bbox 2235 4289 3792 4361">
    <p class='ocr_par' dir='ltr' id='par_1_86' title="bbox 2235 4289 3792 4361">
     <span class='ocr_line' id='line_1_86' title="bbox 2235 4289 3792 4361; baseline 0.001 -21"><span class='ocrx_word' id='word_1_626' title='bbox 2235 4303 2368 4358; x_wconf 77' lang='lat' dir='ltr'><strong>guas</strong></span> <span class='ocrx_word' id='word_1_627' title='bbox 2398 4290 2485 4344; x_wconf 87' lang='lat' dir='ltr'><strong>isti</strong></span> <span class='ocrx_word' id='word_1_628' title='bbox 2515 4289 2658 4355; x_wconf 90' lang='lat' dir='ltr'><strong>urbi,</strong></span> <span class='ocrx_word' id='word_1_629' title='bbox 2692 4301 2758 4345; x_wconf 88' lang='lat' dir='ltr'><strong>ac</strong></span> <span class='ocrx_word' id='word_1_630' title='bbox 2782 4293 2916 4346; x_wconf 88' lang='lat' dir='ltr'><strong>alias</strong></span> <span class='ocrx_word' id='word_1_631' title='bbox 2943 4293 3228 4361; x_wconf 86' lang='lat' dir='ltr'><strong>plurimas,</strong></span> <span class='ocrx_word' id='word_1_632' title='bbox 3270 4309 3496 4361; x_wconf 84' lang='lat' dir='ltr'><strong>quarunt</strong></span> <span class='ocrx_word' id='word_1_633' title='bbox 3525 4310 3623 4348; x_wconf 90' lang='lat' dir='ltr'><strong>nec</strong></span> <span class='ocrx_word' id='word_1_634' title='bbox 3655 4291 3792 4346; x_wconf 87' lang='lat' dir='ltr'><strong>modo</strong></span> 
     </span>
    </p>
   </div>
   <div class='ocr_carea' id='block_1_87' title="bbox 2236 4382 3790 4456">
    <p class='ocr_par' dir='ltr' id='par_1_87' title="bbox 2236 4382 3790 4456">
     <span class='ocr_line' id='line_1_87' title="bbox 2236 4382 3790 4456; baseline -0.001 -20"><span class='ocrx_word' id='word_1_635' title='bbox 2236 4382 2391 4452; x_wconf 79' lang='lat' dir='ltr'><strong>signa</strong></span> <span class='ocrx_word' id='word_1_636' title='bbox 2435 4393 2722 4452; x_wconf 86' lang='lat' dir='ltr'><strong>apparent,</strong></span> <span class='ocrx_word' id='word_1_637' title='bbox 2756 4387 3049 4455; x_wconf 87' lang='lat' dir='ltr'><strong>aspiceret,</strong></span> <span class='ocrx_word' id='word_1_638' title='bbox 3101 4402 3206 4440; x_wconf 90' lang='lat' dir='ltr'><strong>non</strong></span> <span class='ocrx_word' id='word_1_639' title='bbox 3247 4399 3377 4455; x_wconf 92' lang='lat' dir='ltr'><strong>puto</strong></span> <span class='ocrx_word' id='word_1_640' title='bbox 3427 4399 3606 4456; x_wconf 88' lang='lat' dir='ltr'><strong>posset</strong></span> <span class='ocrx_word' id='word_1_641' title='bbox 3635 4384 3790 4440; x_wconf 89' lang='lat' dir='ltr'><strong>conti-</strong></span> 
     </span>
    </p>
   </div>
   <div class='ocr_carea' id='block_1_88' title="bbox 2240 4473 3787 4546">
    <p class='ocr_par' dir='ltr' id='par_1_88' title="bbox 2240 4473 3787 4546">
     <span class='ocr_line' id='line_1_88' title="bbox 2240 4473 3787 4546; baseline 0.002 -21"><span class='ocrx_word' id='word_1_642' title='bbox 2240 4488 2369 4528; x_wconf 88' lang='lat' dir='ltr'><strong>rere</strong></span> <span class='ocrx_word' id='word_1_643' title='bbox 2396 4487 2456 4528; x_wconf 90' lang='lat' dir='ltr'><strong>se</strong></span> <span class='ocrx_word' id='word_1_644' title='bbox 2487 4488 2516 4527; x_wconf 90' lang='lat' dir='ltr'><strong>a</strong></span> <span class='ocrx_word' id='word_1_645' title='bbox 2564 4473 2715 4541; x_wconf 81' lang='lat' dir='ltr'><strong>ﬂetu,</strong></span> <span class='ocrx_word' id='word_1_646' title='bbox 2749 4491 2868 4545; x_wconf 65' lang='lat' dir='ltr'><strong>qua;</strong></span> <span class='ocrx_word' id='word_1_647' title='bbox 2915 4492 3013 4546; x_wconf 89' lang='lat' dir='ltr'><strong>per</strong></span> <span class='ocrx_word' id='word_1_648' title='bbox 3048 4479 3347 4532; x_wconf 73' lang='lat' dir='ltr'><strong>inﬁdelium</strong></span> <span class='ocrx_word' id='word_1_649' title='bbox 3398 4493 3586 4533; x_wconf 87' lang='lat' dir='ltr'><strong>manus</strong></span> <span class='ocrx_word' id='word_1_650' title='bbox 3627 4478 3787 4531; x_wconf 79' lang='lat' dir='ltr'><strong>omnia</strong></span> 
     </span>
    </p>
   </div>
   <div class='ocr_carea' id='block_1_89' title="bbox 545 4561 3788 4640">
    <p class='ocr_par' dir='ltr' id='par_1_89' title="bbox 545 4561 3788 4640">
     <span class='ocr_line' id='line_1_89' title="bbox 545 4561 3788 4640; baseline 0.002 -24"><span class='ocrx_word' id='word_1_651' title='bbox 545 4575 712 4616; x_wconf 74' lang='lat' dir='ltr'><strong>sexus</strong></span> <span class='ocrx_word' id='word_1_652' title='bbox 737 4561 991 4630; x_wconf 84' lang='lat' dir='ltr'><strong>juvenes,</strong></span> <span class='ocrx_word' id='word_1_653' title='bbox 1037 4563 1128 4629; x_wconf 88' lang='lat' dir='ltr'><strong>qui</strong></span> <span class='ocrx_word' id='word_1_654' title='bbox 1174 4573 1322 4618; x_wconf 90' lang='lat' dir='ltr'><strong>tanta</strong></span> <span class='ocrx_word' id='word_1_655' title='bbox 1377 4565 1638 4621; x_wconf 83' lang='lat' dir='ltr'><strong>facilitate</strong></span> <span class='ocrx_word' id='word_1_656' title='bbox 1673 4577 2065 4637; x_wconf 76' lang='lat' dir='ltr'><strong>pervertuntur</strong></span> <span class='ocrx_word' id='word_1_657' title='bbox 2095 4583 2124 4622; x_wconf 91' lang='lat' dir='ltr'><strong>a</strong></span> <span class='ocrx_word' id='word_1_658' title='bbox 2163 4561 2206 4619; x_wconf 78' lang='grc' dir='ltr'>ο</span> <span class='ocrx_word' id='word_1_659' title='bbox 2238 4565 2514 4622; x_wconf 87' lang='lat' dir='ltr'><strong>destructa</strong></span> <span class='ocrx_word' id='word_1_660' title='bbox 2549 4578 2696 4623; x_wconf 83' lang='lat' dir='ltr'><strong>sunt.</strong></span> <span class='ocrx_word' id='word_1_661' title='bbox 2734 4569 2859 4624; x_wconf 76' lang='lat' dir='ltr'><strong>Haec</strong></span> <span class='ocrx_word' id='word_1_662' title='bbox 2893 4570 3092 4639; x_wconf 65' lang='lat' dir='ltr'><strong>stepius</strong></span> <span class='ocrx_word' id='word_1_663' title='bbox 3139 4571 3430 4640; x_wconf 85' lang='lat' dir='ltr'><strong>loquimur,</strong></span> <span class='ocrx_word' id='word_1_664' title='bbox 3463 4571 3573 4626; x_wconf 62' lang='lat' dir='ltr'><strong>haec</strong></span> <span class='ocrx_word' id='word_1_665' title='bbox 3605 4569 3788 4640; x_wconf 78' lang='lat' dir='ltr'><strong>plangi-</strong></span> 
     </span>
    </p>
   </div>
   <div class='ocr_carea' id='block_1_90' title="bbox 549 4653 2130 4728">
    <p class='ocr_par' dir='ltr' id='par_1_90' title="bbox 549 4653 2130 4728">
     <span class='ocr_line' id='line_1_90' title="bbox 549 4653 2130 4728; baseline 0.006 -22"><span class='ocrx_word' id='word_1_666' title='bbox 549 4654 672 4719; x_wconf 86' lang='lat' dir='ltr'><strong>tide,</strong></span> <span class='ocrx_word' id='word_1_667' title='bbox 704 4664 758 4708; x_wconf 87' lang='lat' dir='ltr'><strong>et</strong></span> <span class='ocrx_word' id='word_1_668' title='bbox 786 4655 850 4709; x_wconf 91' lang='lat' dir='ltr'><strong>ad</strong></span> <span class='ocrx_word' id='word_1_669' title='bbox 873 4653 1312 4710; x_wconf 81' lang='lat' dir='ltr'><strong>Cluistianorum</strong></span> <span class='ocrx_word' id='word_1_670' title='bbox 1341 4657 1680 4714; x_wconf 83' lang='lat' dir='ltr'><strong>inimicitiam</strong></span> <span class='ocrx_word' id='word_1_671' title='bbox 1712 4670 2130 4728; x_wconf 83' lang='lat' dir='ltr'><strong>convertuntur,</strong></span> 
     </span>
    </p>
   </div>
   <div class='ocr_carea' id='block_1_91' title="bbox 547 4748 2131 4820">
    <p class='ocr_par' dir='ltr' id='par_1_91' title="bbox 547 4748 2131 4820">
     <span class='ocr_line' id='line_1_91' title="bbox 547 4748 2131 4820; baseline 0.007 -24"><span class='ocrx_word' id='word_1_672' title='bbox 547 4748 674 4810; x_wconf 83' lang='lat' dir='ltr'><strong>quia</strong></span> <span class='ocrx_word' id='word_1_673' title='bbox 710 4748 936 4803; x_wconf 86' lang='lat' dir='ltr'><strong>credere</strong></span> <span class='ocrx_word' id='word_1_674' title='bbox 985 4748 1136 4818; x_wconf 86' lang='lat' dir='ltr'><strong>quasi</strong></span> <span class='ocrx_word' id='word_1_675' title='bbox 1191 4748 1471 4816; x_wconf 87' lang='lat' dir='ltr'><strong>incipiant,</strong></span> <span class='ocrx_word' id='word_1_676' title='bbox 1507 4753 1552 4805; x_wconf 90' lang='lat' dir='ltr'><strong>si</strong></span> <span class='ocrx_word' id='word_1_677' title='bbox 1602 4751 1717 4805; x_wconf 80' lang='lat' dir='ltr'><strong>fieri</strong></span> <span class='ocrx_word' id='word_1_678' title='bbox 1745 4761 1944 4820; x_wconf 85' lang='lat' dir='ltr'><strong>potest,</strong></span> <span class='ocrx_word' id='word_1_679' title='bbox 1987 4755 2131 4808; x_wconf 92' lang='lat' dir='ltr'><strong>utin</strong></span> 
     </span>
    </p>
   </div>
   <div class='ocr_carea' id='block_1_92' title="bbox 550 4839 2135 4915">
    <p class='ocr_par' dir='ltr' id='par_1_92' title="bbox 550 4839 2135 4915">
     <span class='ocr_line' id='line_1_92' title="bbox 550 4839 2135 4915; baseline 0.009 -27"><span class='ocrx_word' id='word_1_680' title='bbox 550 4854 792 4893; x_wconf 79' lang='lat' dir='ltr'><strong>errorem</strong></span> <span class='ocrx_word' id='word_1_681' title='bbox 828 4839 1159 4894; x_wconf 85' lang='lat' dir='ltr'><strong>inducantur</strong></span> <span class='ocrx_word' id='word_1_682' title='bbox 1188 4849 1244 4894; x_wconf 93' lang='lat' dir='ltr'><strong>ct</strong></span> <span class='ocrx_word' id='word_1_683' title='bbox 1293 4840 1477 4896; x_wconf 86' lang='lat' dir='ltr'><strong>electi.</strong></span> <span class='ocrx_word' id='word_1_684' title='bbox 1517 4841 1561 4896; x_wconf 92' lang='grc' dir='ltr'>Ο</span> <span class='ocrx_word' id='word_1_685' title='bbox 1593 4842 1826 4898; x_wconf 87' lang='lat' dir='ltr'><strong>altitudo</strong></span> <span class='ocrx_word' id='word_1_686' title='bbox 1854 4845 2135 4915; x_wconf 68' lang='lat' dir='ltr'><strong>sapientiai</strong></span> 
     </span>
    </p>
   </div>
   <div class='ocr_carea' id='block_1_93' title="bbox 550 4930 2132 5005">
    <p class='ocr_par' dir='ltr' id='par_1_93' title="bbox 550 4930 2132 5005">
     <span class='ocr_line' id='line_1_93' title="bbox 550 4930 2132 5005; baseline 0.006 -24"><span class='ocrx_word' id='word_1_687' title='bbox 550 4938 606 4981; x_wconf 88' lang='lat' dir='ltr'><strong>et</strong></span> <span class='ocrx_word' id='word_1_688' title='bbox 642 4930 881 4984; x_wconf 49' lang='lat' dir='ltr'><strong>scit-ntiai</strong></span> <span class='ocrx_word' id='word_1_689' title='bbox 906 4930 1026 4999; x_wconf 83' lang='lat' dir='ltr'><strong>Dei,</strong></span> <span class='ocrx_word' id='word_1_690' title='bbox 1054 4947 1216 5002; x_wconf 89' lang='lat' dir='ltr'><strong>quam</strong></span> <span class='ocrx_word' id='word_1_691' title='bbox 1272 4933 1846 5004; x_wconf 84' lang='lat' dir='ltr'><strong>incomprehensibilia</strong></span> <span class='ocrx_word' id='word_1_692' title='bbox 1880 4945 2008 4992; x_wconf 83' lang='lat' dir='ltr'><strong>sunt</strong></span> <span class='ocrx_word' id='word_1_693' title='bbox 2039 4936 2132 5005; x_wconf 80' lang='lat' dir='ltr'><strong>ju-</strong></span> 
     </span>
    </p>
   </div>
   <div class='ocr_carea' id='block_1_94' title="bbox 547 5021 2136 5098">
    <p class='ocr_par' dir='ltr' id='par_1_94' title="bbox 547 5021 2136 5098">
     <span class='ocr_line' id='line_1_94' title="bbox 547 5021 2136 5098; baseline 0.008 -25"><span class='ocrx_word' id='word_1_694' title='bbox 547 5021 688 5075; x_wconf 87' lang='lat' dir='ltr'><strong>dicia</strong></span> <span class='ocrx_word' id='word_1_695' title='bbox 739 5022 856 5089; x_wconf 84' lang='lat' dir='ltr'><strong>ejus</strong></span> <span class='ocrx_word' id='word_1_696' title='bbox 914 5032 969 5077; x_wconf 89' lang='lat' dir='ltr'><strong>ct</strong></span> <span class='ocrx_word' id='word_1_697' title='bbox 1027 5024 1437 5095; x_wconf 74' lang='lat' dir='ltr'><strong>investigabiles</strong></span> <span class='ocrx_word' id='word_1_698' title='bbox 1494 5030 1594 5082; x_wconf 70' lang='lat' dir='ltr'><strong>via:</strong></span> <span class='ocrx_word' id='word_1_699' title='bbox 1639 5027 1799 5097; x_wconf 83' lang='lat' dir='ltr'><strong>cjusi</strong></span> <span class='ocrx_word' id='word_1_700' title='bbox 1837 5030 1878 5083; x_wconf 92' lang='grc'><strong>0</strong></span> <span class='ocrx_word' id='word_1_701' title='bbox 1917 5038 2049 5098; x_wconf 92' lang='lat' dir='ltr'><strong>quot</strong></span> <span class='ocrx_word' id='word_1_702' title='bbox 2079 5041 2136 5085; x_wconf 88' lang='lat' dir='ltr'><strong>et</strong></span> 
     </span>
    </p>
   </div>
   <div class='ocr_carea' id='block_1_95' title="bbox 548 5119 2134 5191">
    <p class='ocr_par' dir='ltr' id='par_1_95' title="bbox 548 5119 2134 5191">
     <span class='ocr_line' id='line_1_95' title="bbox 548 5119 2134 5191; baseline 0.007 -26"><span class='ocrx_word' id='word_1_703' title='bbox 548 5123 785 5184; x_wconf 73' lang='lat' dir='ltr'><strong>quantos</strong></span> <span class='ocrx_word' id='word_1_704' title='bbox 813 5129 934 5169; x_wconf 82' lang='lat' dir='ltr'><strong>esse</strong></span> <span class='ocrx_word' id='word_1_705' title='bbox 960 5119 1125 5171; x_wconf 76' lang='lat' dir='ltr'><strong>credo</strong></span> <span class='ocrx_word' id='word_1_706' title='bbox 1157 5119 1206 5172; x_wconf 90' lang='lat' dir='ltr'><strong>in</strong></span> <span class='ocrx_word' id='word_1_707' title='bbox 1240 5121 1464 5186; x_wconf 87' lang='lat' dir='ltr'><strong>mundo,</strong></span> <span class='ocrx_word' id='word_1_708' title='bbox 1495 5123 1588 5191; x_wconf 87' lang='lat' dir='ltr'><strong>qui</strong></span> <span class='ocrx_word' id='word_1_709' title='bbox 1624 5122 1876 5177; x_wconf 86' lang='lat' dir='ltr'><strong>videntur</strong></span> <span class='ocrx_word' id='word_1_710' title='bbox 1910 5135 1962 5178; x_wconf 88' lang='lat' dir='ltr'><strong>et</strong></span> <span class='ocrx_word' id='word_1_711' title='bbox 1999 5138 2056 5178; x_wconf 89' lang='lat' dir='ltr'><strong>re</strong></span> <span class='ocrx_word' id='word_1_712' title='bbox 2079 5132 2134 5178; x_wconf 87' lang='lat' dir='ltr'><strong>et</strong></span> 
     </span>
    </p>
   </div>
   <div class='ocr_carea' id='block_1_96' title="bbox 550 5206 2128 5286">
    <p class='ocr_par' dir='ltr' id='par_1_96' title="bbox 550 5206 2128 5286">
     <span class='ocr_line' id='line_1_96' title="bbox 550 5206 2128 5286; baseline 0.008 -29"><span class='ocrx_word' id='word_1_713' title='bbox 550 5206 770 5261; x_wconf 88' lang='lat' dir='ltr'><strong>nomine</strong></span> <span class='ocrx_word' id='word_1_714' title='bbox 805 5207 1124 5276; x_wconf 84' lang='lat' dir='ltr'><strong>Christiani,</strong></span> <span class='ocrx_word' id='word_1_715' title='bbox 1155 5226 1292 5280; x_wconf 86' lang='lat' dir='ltr'><strong>quos</strong></span> <span class='ocrx_word' id='word_1_716' title='bbox 1315 5213 1361 5267; x_wconf 85' lang='lat' dir='ltr'><strong>si</strong></span> <span class='ocrx_word' id='word_1_717' title='bbox 1413 5215 1494 5268; x_wconf 90' lang='lat' dir='ltr'><strong>vel</strong></span> <span class='ocrx_word' id='word_1_718' title='bbox 1534 5216 1811 5270; x_wconf 86' lang='lat' dir='ltr'><strong>modicum</strong></span> <span class='ocrx_word' id='word_1_719' title='bbox 1856 5216 1972 5271; x_wconf 69' lang='lat' dir='ltr'><strong>huic</strong></span> <span class='ocrx_word' id='word_1_720' title='bbox 2009 5232 2128 5286; x_wconf 86' lang='lat' dir='ltr'><strong>per-</strong></span> 
     </span>
    </p>
   </div>
   <div class='ocr_carea' id='block_1_97' title="bbox 548 5301 2135 5377">
    <p class='ocr_par' dir='ltr' id='par_1_97' title="bbox 548 5301 2135 5377">
     <span class='ocr_line' id='line_1_97' title="bbox 548 5301 2135 5377; baseline 0.006 -21"><span class='ocrx_word' id='word_1_721' title='bbox 548 5301 847 5358; x_wconf 71' lang='lat' dir='ltr'><strong>secutionis</strong></span> <span class='ocrx_word' id='word_1_722' title='bbox 902 5304 1094 5372; x_wconf 84' lang='lat' dir='ltr'><strong>pruina</strong></span> <span class='ocrx_word' id='word_1_723' title='bbox 1139 5309 1420 5363; x_wconf 79' lang='lat' dir='ltr'><strong>decoxerit</strong></span> <span class='ocrx_word' id='word_1_724' title='bbox 1471 5309 1558 5363; x_wconf 87' lang='lat' dir='ltr'><strong>vel</strong></span> <span class='ocrx_word' id='word_1_725' title='bbox 1591 5312 1774 5377; x_wconf 88' lang='lat' dir='ltr'><strong>potius</strong></span> <span class='ocrx_word' id='word_1_726' title='bbox 1817 5311 2135 5367; x_wconf 86' lang='lat' dir='ltr'><strong>demulserit</strong></span> 
     </span>
    </p>
   </div>
   <div class='ocr_carea' id='block_1_98' title="bbox 549 5395 2134 5472">
    <p class='ocr_par' dir='ltr' id='par_1_98' title="bbox 549 5395 2134 5472">
     <span class='ocr_line' id='line_1_98' title="bbox 549 5395 2134 5472; baseline 0.009 -29"><span class='ocrx_word' id='word_1_727' title='bbox 549 5395 730 5448; x_wconf 67' lang='lat' dir='ltr'><strong>Hll‘llis</strong></span> <span class='ocrx_word' id='word_1_728' title='bbox 762 5396 958 5450; x_wconf 80' lang='lat' dir='ltr'><strong>hianda</strong></span> <span class='ocrx_word' id='word_1_729' title='bbox 994 5396 1224 5452; x_wconf 79' lang='lat' dir='ltr'><strong>dulcedo</strong></span> <span class='ocrx_word' id='word_1_730' title='bbox 1250 5441 1264 5464; x_wconf 97' lang='lat'><strong>,</strong></span> <span class='ocrx_word' id='word_1_731' title='bbox 1314 5399 1478 5455; x_wconf 75' lang='lat' dir='ltr'><strong>facile</strong></span> <span class='ocrx_word' id='word_1_732' title='bbox 1517 5411 1715 5472; x_wconf 78' lang='lat' dir='ltr'><strong>negent</strong></span> <span class='ocrx_word' id='word_1_733' title='bbox 1749 5400 2050 5468; x_wconf 88' lang='lat' dir='ltr'><strong>Christum,</strong></span> <span class='ocrx_word' id='word_1_734' title='bbox 2079 5414 2134 5459; x_wconf 84' lang='lat' dir='ltr'><strong>et</strong></span> 
     </span>
    </p>
   </div>
   <div class='ocr_carea' id='block_1_99' title="bbox 550 5488 2134 5550">
    <p class='ocr_par' dir='ltr' id='par_1_99' title="bbox 550 5488 2134 5550">
     <span class='ocr_line' id='line_1_99' title="bbox 550 5488 2134 5550; baseline 0.008 -13"><span class='ocrx_word' id='word_1_735' title='bbox 550 5488 734 5539; x_wconf 74' lang='lat' dir='ltr'><strong>dicant</strong></span> <span class='ocrx_word' id='word_1_736' title='bbox 767 5502 888 5541; x_wconf 91' lang='lat' dir='ltr'><strong>cum</strong></span> <span class='ocrx_word' id='word_1_737' title='bbox 925 5488 1081 5544; x_wconf 81' lang='lat' dir='ltr'><strong>Petro</strong></span> <span class='ocrx_word' id='word_1_738' title='bbox 1123 5507 1134 5543; x_wconf 92' lang='lat'><strong>:</strong></span> <span class='ocrx_word' id='word_1_739' title='bbox 1172 5491 1287 5544; x_wconf 84' lang='lat' dir='ltr'><strong>Non</strong></span> <span class='ocrx_word' id='word_1_740' title='bbox 1334 5490 1462 5546; x_wconf 88' lang='lat' dir='ltr'><strong>novi</strong></span> <span class='ocrx_word' id='word_1_741' title='bbox 1503 5505 1649 5546; x_wconf 91' lang='lat' dir='ltr'><strong>eum.</strong></span> <span class='ocrx_word' id='word_1_742' title='bbox 1681 5493 1726 5546; x_wconf 92' lang='grc' dir='ltr'><strong>Ο</strong></span> <span class='ocrx_word' id='word_1_743' title='bbox 1773 5495 1978 5548; x_wconf 90' lang='lat' dir='ltr'><strong>utinam</strong></span> <span class='ocrx_word' id='word_1_744' title='bbox 2009 5496 2134 5550; x_wconf 86' lang='lat' dir='ltr'><strong>talis</strong></span> 
     </span>
    </p>
   </div>
   <div class='ocr_carea' id='block_1_100' title="bbox 550 5579 2136 5648">
    <p class='ocr_par' dir='ltr' id='par_1_100' title="bbox 550 5579 2136 5648">
     <span class='ocr_line' id='line_1_100' title="bbox 550 5579 2136 5648; baseline 0.006 -18"><span class='ocrx_word' id='word_1_745' title='bbox 550 5579 817 5644; x_wconf 66' lang='lat' dir='ltr'><strong>probatio.</strong></span> <span class='ocrx_word' id='word_1_746' title='bbox 853 5579 974 5634; x_wconf 83' lang='lat' dir='ltr'><strong>talis</strong></span> <span class='ocrx_word' id='word_1_747' title='bbox 1009 5581 1367 5648; x_wconf 81' lang='lat' dir='ltr'><strong>experientia,</strong></span> <span class='ocrx_word' id='word_1_748' title='bbox 1421 5583 1542 5638; x_wconf 79' lang='lat' dir='ltr'><strong>talis</strong></span> <span class='ocrx_word' id='word_1_749' title='bbox 1572 5583 1770 5640; x_wconf 75' lang='lat' dir='ltr'><strong>fortzax</strong></span> <span class='ocrx_word' id='word_1_750' title='bbox 1801 5601 1907 5640; x_wconf 89' lang='lat' dir='ltr'><strong>non</strong></span> <span class='ocrx_word' id='word_1_751' title='bbox 1951 5587 2136 5642; x_wconf 80' lang='lat' dir='ltr'><strong>veniat</strong></span> 
     </span>
    </p>
   </div>
   <div class='ocr_carea' id='block_1_101' title="bbox 552 5673 2130 5746">
    <p class='ocr_par' dir='ltr' id='par_1_101' title="bbox 552 5673 2130 5746">
     <span class='ocr_line' id='line_1_101' title="bbox 552 5673 2130 5746; baseline 0.006 -26"><span class='ocrx_word' id='word_1_752' title='bbox 552 5683 716 5738; x_wconf 77' lang='lat' dir='ltr'><strong>Sttp‘t&#39;</strong></span> <span class='ocrx_word' id='word_1_753' title='bbox 748 5687 868 5735; x_wconf 85' lang='lat' dir='ltr'><strong>nos,</strong></span> <span class='ocrx_word' id='word_1_754' title='bbox 920 5673 963 5726; x_wconf 90' lang='lat' dir='ltr'><strong>si</strong></span> <span class='ocrx_word' id='word_1_755' title='bbox 1013 5684 1402 5742; x_wconf 75' lang='lat' dir='ltr'><strong>consumptum</strong></span> <span class='ocrx_word' id='word_1_756' title='bbox 1446 5674 1606 5742; x_wconf 80' lang='lat' dir='ltr'><strong>foret,</strong></span> <span class='ocrx_word' id='word_1_757' title='bbox 1664 5693 1767 5732; x_wconf 89' lang='lat' dir='ltr'><strong>non</strong></span> <span class='ocrx_word' id='word_1_758' title='bbox 1816 5681 2130 5746; x_wconf 84' lang='lat' dir='ltr'><strong>probatura,</strong></span> 
     </span>
    </p>
   </div>
   <div class='ocr_carea' id='block_1_102' title="bbox 554 5763 2135 5833">
    <p class='ocr_par' dir='ltr' id='par_1_102' title="bbox 554 5763 2135 5833">
     <span class='ocr_line' id='line_1_102' title="bbox 554 5763 2135 5833; baseline 0.011 -23"><span class='ocrx_word' id='word_1_759' title='bbox 554 5774 727 5829; x_wconf 85' lang='lat' dir='ltr'><strong>neque</strong></span> <span class='ocrx_word' id='word_1_760' title='bbox 759 5763 809 5815; x_wconf 92' lang='lat' dir='ltr'><strong>in</strong></span> <span class='ocrx_word' id='word_1_761' title='bbox 837 5767 1171 5833; x_wconf 81' lang='lat' dir='ltr'><strong>temporibus</strong></span> <span class='ocrx_word' id='word_1_762' title='bbox 1225 5769 1452 5833; x_wconf 86' lang='lat' dir='ltr'><strong>nostris,</strong></span> <span class='ocrx_word' id='word_1_763' title='bbox 1520 5770 1667 5824; x_wconf 88' lang='lat' dir='ltr'><strong>salva</strong></span> <span class='ocrx_word' id='word_1_764' title='bbox 1701 5771 1913 5828; x_wconf 90' lang='lat' dir='ltr'><strong>Domini</strong></span> <span class='ocrx_word' id='word_1_765' title='bbox 1943 5774 2135 5828; x_wconf 87' lang='lat' dir='ltr'><strong>volun-</strong></span> 
     </span>
    </p>
   </div>
   <div class='ocr_carea' id='block_1_103' title="bbox 557 5856 2134 5928">
    <p class='ocr_par' dir='ltr' id='par_1_103' title="bbox 557 5856 2134 5928">
     <span class='ocr_line' id='line_1_103' title="bbox 557 5856 2134 5928; baseline 0.01 -21"><span class='ocrx_word' id='word_1_766' title='bbox 557 5863 696 5920; x_wconf 77' lang='lat' dir='ltr'><strong>tate;</strong></span> <span class='ocrx_word' id='word_1_767' title='bbox 755 5856 1013 5923; x_wconf 84' lang='lat' dir='ltr'><strong>quoniam</strong></span> <span class='ocrx_word' id='word_1_768' title='bbox 1042 5858 1217 5925; x_wconf 89' lang='lat' dir='ltr'><strong>multi,</strong></span> <span class='ocrx_word' id='word_1_769' title='bbox 1263 5861 1351 5928; x_wconf 82' lang='lat' dir='ltr'><strong>qui</strong></span> <span class='ocrx_word' id='word_1_770' title='bbox 1396 5861 1678 5918; x_wconf 87' lang='lat' dir='ltr'><strong>columnas</strong></span> <span class='ocrx_word' id='word_1_771' title='bbox 1711 5863 2018 5922; x_wconf 77' lang='lat' dir='ltr'><strong>immobiles</strong></span> <span class='ocrx_word' id='word_1_772' title='bbox 2049 5866 2134 5921; x_wconf 84' lang='lat' dir='ltr'><strong>fu-</strong></span> 
     </span>
    </p>
   </div>
   <div class='ocr_carea' id='block_1_104' title="bbox 2239 4660 3786 4731">
    <p class='ocr_par' dir='ltr' id='par_1_104' title="bbox 2239 4660 3786 4731">
     <span class='ocr_line' id='line_1_104' title="bbox 2239 4660 3786 4731; baseline 0 -20"><span class='ocrx_word' id='word_1_773' title='bbox 2239 4676 2381 4723; x_wconf 86' lang='lat' dir='ltr'><strong>mus,</strong></span> <span class='ocrx_word' id='word_1_774' title='bbox 2420 4660 2472 4713; x_wconf 91' lang='lat' dir='ltr'><strong>in</strong></span> <span class='ocrx_word' id='word_1_775' title='bbox 2510 4660 2595 4716; x_wconf 88' lang='lat' dir='ltr'><strong>his</strong></span> <span class='ocrx_word' id='word_1_776' title='bbox 2634 4672 2688 4715; x_wconf 87' lang='lat' dir='ltr'><strong>et</strong></span> <span class='ocrx_word' id='word_1_777' title='bbox 2716 4661 2992 4716; x_wconf 88' lang='lat' dir='ltr'><strong>similibus</strong></span> <span class='ocrx_word' id='word_1_778' title='bbox 3023 4662 3383 4716; x_wconf 89' lang='lat' dir='ltr'><strong>lamentaudis</strong></span> <span class='ocrx_word' id='word_1_779' title='bbox 3423 4661 3786 4731; x_wconf 80' lang='lat' dir='ltr'><strong>tcntporisnmt</strong></span> 
     </span>
    </p>
   </div>
   <div class='ocr_carea' id='block_1_105' title="bbox 2237 4749 3786 4824">
    <p class='ocr_par' dir='ltr' id='par_1_105' title="bbox 2237 4749 3786 4824">
     <span class='ocr_line' id='line_1_105' title="bbox 2237 4749 3786 4824; baseline -0.003 -18"><span class='ocrx_word' id='word_1_780' title='bbox 2237 4767 2460 4820; x_wconf 85' lang='lat' dir='ltr'><strong>parvam</strong></span> <span class='ocrx_word' id='word_1_781' title='bbox 2503 4763 2713 4822; x_wconf 89' lang='lat' dir='ltr'><strong>partem</strong></span> <span class='ocrx_word' id='word_1_782' title='bbox 2733 4754 3127 4818; x_wconf 89' lang='lat' dir='ltr'><strong>consumimus,</strong></span> <span class='ocrx_word' id='word_1_783' title='bbox 3161 4755 3340 4823; x_wconf 81' lang='lat' dir='ltr'><strong>petius</strong></span> <span class='ocrx_word' id='word_1_784' title='bbox 3360 4763 3614 4824; x_wconf 82' lang='lat' dir='ltr'><strong>aptantes</strong></span> <span class='ocrx_word' id='word_1_785' title='bbox 3643 4749 3786 4814; x_wconf 80' lang='lat' dir='ltr'><strong>uteri,</strong></span> 
     </span>
    </p>
   </div>
   <div class='ocr_carea' id='block_1_106' title="bbox 2238 4844 3787 4914">
    <p class='ocr_par' dir='ltr' id='par_1_106' title="bbox 2238 4844 3787 4914">
     <span class='ocr_line' id='line_1_106' title="bbox 2238 4844 3787 4914; baseline -0.001 -18"><span class='ocrx_word' id='word_1_786' title='bbox 2238 4859 2403 4912; x_wconf 89' lang='lat' dir='ltr'><strong>quam</strong></span> <span class='ocrx_word' id='word_1_787' title='bbox 2439 4844 2630 4899; x_wconf 88' lang='lat' dir='ltr'><strong>ultitna</strong></span> <span class='ocrx_word' id='word_1_788' title='bbox 2668 4844 2854 4900; x_wconf 84' lang='lat' dir='ltr'><strong>videre</strong></span> <span class='ocrx_word' id='word_1_789' title='bbox 2889 4845 3048 4911; x_wconf 87' lang='lat' dir='ltr'><strong>mala,</strong></span> <span class='ocrx_word' id='word_1_790' title='bbox 3080 4845 3320 4914; x_wconf 82' lang='lat' dir='ltr'><strong>quotidie</strong></span> <span class='ocrx_word' id='word_1_791' title='bbox 3345 4853 3683 4914; x_wconf 81' lang='lat' dir='ltr'><strong>auguientum</strong></span> <span class='ocrx_word' id='word_1_792' title='bbox 3713 4858 3787 4896; x_wconf 85' lang='lat' dir='ltr'><strong>su-</strong></span> 
     </span>
    </p>
   </div>
   <div class='ocr_carea' id='block_1_107' title="bbox 2237 4935 3788 5006">
    <p class='ocr_par' dir='ltr' id='par_1_107' title="bbox 2237 4935 3788 5006">
     <span class='ocr_line' id='line_1_107' title="bbox 2237 4935 3788 5006; baseline -0.002 -17"><span class='ocrx_word' id='word_1_793' title='bbox 2237 4936 2437 4990; x_wconf 89' lang='lat' dir='ltr'><strong>mcntia</strong></span> <span class='ocrx_word' id='word_1_794' title='bbox 2465 4947 2663 4990; x_wconf 70' lang='lat' dir='ltr'><strong>nostra:</strong></span> <span class='ocrx_word' id='word_1_795' title='bbox 2702 4939 2896 5004; x_wconf 83' lang='lat' dir='ltr'><strong>gentis.</strong></span> <span class='ocrx_word' id='word_1_796' title='bbox 2938 4935 3001 4988; x_wconf 68' lang='lat' dir='ltr'><strong>lit</strong></span> <span class='ocrx_word' id='word_1_797' title='bbox 3035 4937 3176 5006; x_wconf 87' lang='lat' dir='ltr'><strong>quod</strong></span> <span class='ocrx_word' id='word_1_798' title='bbox 3220 4938 3338 5004; x_wconf 88' lang='lat' dir='ltr'><strong>plus</strong></span> <span class='ocrx_word' id='word_1_799' title='bbox 3381 4937 3617 4991; x_wconf 88' lang='lat' dir='ltr'><strong>dolorem</strong></span> <span class='ocrx_word' id='word_1_800' title='bbox 3647 4949 3788 5000; x_wconf 75' lang='lat' dir='ltr'><strong>exag-</strong></span> 
     </span>
    </p>
   </div>
   <div class='ocr_carea' id='block_1_108' title="bbox 2233 5026 3787 5100">
    <p class='ocr_par' dir='ltr' id='par_1_108' title="bbox 2233 5026 3787 5100">
     <span class='ocr_line' id='line_1_108' title="bbox 2233 5026 3787 5100; baseline -0.006 -17"><span class='ocrx_word' id='word_1_801' title='bbox 2233 5039 2388 5100; x_wconf 81' lang='lat' dir='ltr'><strong>gerat</strong></span> <span class='ocrx_word' id='word_1_802' title='bbox 2405 5037 2569 5100; x_wconf 89' lang='lat' dir='ltr'><strong>atqne</strong></span> <span class='ocrx_word' id='word_1_803' title='bbox 2591 5030 2895 5094; x_wconf 82' lang='lat' dir='ltr'><strong>confirmat,</strong></span> <span class='ocrx_word' id='word_1_804' title='bbox 2915 5044 3037 5082; x_wconf 71' lang='lat' dir='ltr'><strong>cum</strong></span> <span class='ocrx_word' id='word_1_805' title='bbox 3056 5029 3249 5098; x_wconf 84' lang='lat' dir='ltr'><strong>quibus</strong></span> <span class='ocrx_word' id='word_1_806' title='bbox 3269 5028 3382 5081; x_wconf 65' lang='lat' dir='ltr'><strong>hec</strong></span> <span class='ocrx_word' id='word_1_807' title='bbox 3404 5026 3787 5083; x_wconf 83' lang='lat' dir='ltr'><strong>communicare</strong></span> 
     </span>
    </p>
   </div>
   <div class='ocr_carea' id='block_1_109' title="bbox 2235 5121 3782 5196">
    <p class='ocr_par' dir='ltr' id='par_1_109' title="bbox 2235 5121 3782 5196">
     <span class='ocr_line' id='line_1_109' title="bbox 2235 5121 3782 5196; baseline -0.008 -17"><span class='ocrx_word' id='word_1_808' title='bbox 2235 5137 2290 5179; x_wconf 89' lang='lat' dir='ltr'><strong>et</strong></span> <span class='ocrx_word' id='word_1_809' title='bbox 2327 5140 2541 5196; x_wconf 74' lang='lat' dir='ltr'><strong>pmnam</strong></span> <span class='ocrx_word' id='word_1_810' title='bbox 2567 5125 2825 5179; x_wconf 87' lang='lat' dir='ltr'><strong>alleviarc</strong></span> <span class='ocrx_word' id='word_1_811' title='bbox 2845 5127 3136 5195; x_wconf 83' lang='lat' dir='ltr'><strong>possimus,</strong></span> <span class='ocrx_word' id='word_1_812' title='bbox 3159 5124 3372 5192; x_wconf 89' lang='lat' dir='ltr'><strong>penitus</strong></span> <span class='ocrx_word' id='word_1_813' title='bbox 3398 5137 3502 5177; x_wconf 88' lang='lat' dir='ltr'><strong>non</strong></span> <span class='ocrx_word' id='word_1_814' title='bbox 3526 5121 3782 5176; x_wconf 86' lang='lat' dir='ltr'><strong>habemus.</strong></span> 
     </span>
    </p>
   </div>
   <div class='ocr_carea' id='block_1_110' title="bbox 2236 5210 3785 5288">
    <p class='ocr_par' dir='ltr' id='par_1_110' title="bbox 2236 5210 3785 5288">
     <span class='ocr_line' id='line_1_110' title="bbox 2236 5210 3785 5288; baseline -0.008 -18"><span class='ocrx_word' id='word_1_815' title='bbox 2236 5217 2370 5272; x_wconf 79' lang='lat' dir='ltr'><strong>Nam</strong></span> <span class='ocrx_word' id='word_1_816' title='bbox 2397 5219 2440 5273; x_wconf 91' lang='lat' dir='ltr'><strong>si</strong></span> <span class='ocrx_word' id='word_1_817' title='bbox 2471 5219 2560 5287; x_wconf 90' lang='lat' dir='ltr'><strong>qui</strong></span> <span class='ocrx_word' id='word_1_818' title='bbox 2601 5220 2654 5272; x_wconf 88' lang='lat' dir='ltr'><strong>in</strong></span> <span class='ocrx_word' id='word_1_819' title='bbox 2694 5218 2778 5272; x_wconf 74' lang='lat' dir='ltr'><strong>his</strong></span> <span class='ocrx_word' id='word_1_820' title='bbox 2813 5217 3058 5288; x_wconf 87' lang='lat' dir='ltr'><strong>partibus</strong></span> <span class='ocrx_word' id='word_1_821' title='bbox 3087 5216 3166 5270; x_wconf 84' lang='lat' dir='ltr'><strong>vel</strong></span> <span class='ocrx_word' id='word_1_822' title='bbox 3202 5225 3496 5278; x_wconf 89' lang='lat' dir='ltr'><strong>morantur,</strong></span> <span class='ocrx_word' id='word_1_823' title='bbox 3535 5212 3612 5265; x_wconf 82' lang='lat' dir='ltr'><strong>vel</strong></span> <span class='ocrx_word' id='word_1_824' title='bbox 3640 5210 3785 5263; x_wconf 83' lang='lat' dir='ltr'><strong>adve-</strong></span> 
     </span>
    </p>
   </div>
   <div class='ocr_carea' id='block_1_111' title="bbox 2235 5303 3786 5378">
    <p class='ocr_par' dir='ltr' id='par_1_111' title="bbox 2235 5303 3786 5378">
     <span class='ocr_line' id='line_1_111' title="bbox 2235 5303 3786 5378; baseline -0.01 -12"><span class='ocrx_word' id='word_1_825' title='bbox 2235 5313 2393 5366; x_wconf 87' lang='lat' dir='ltr'><strong>niunt</strong></span> <span class='ocrx_word' id='word_1_826' title='bbox 2433 5311 2753 5378; x_wconf 81' lang='lat' dir='ltr'><strong>Christiani,</strong></span> <span class='ocrx_word' id='word_1_827' title='bbox 2791 5318 2938 5364; x_wconf 79' lang='lat' dir='ltr'><strong>tanta</strong></span> <span class='ocrx_word' id='word_1_828' title='bbox 2988 5308 3299 5376; x_wconf 84' lang='lat' dir='ltr'><strong>temporalis</strong></span> <span class='ocrx_word' id='word_1_829' title='bbox 3345 5306 3480 5371; x_wconf 86' lang='lat' dir='ltr'><strong>lucri</strong></span> <span class='ocrx_word' id='word_1_830' title='bbox 3516 5303 3786 5370; x_wconf 87' lang='lat' dir='ltr'><strong>cupiditate</strong></span> 
     </span>
    </p>
   </div>
   <div class='ocr_carea' id='block_1_112' title="bbox 2236 5389 3784 5469">
    <p class='ocr_par' dir='ltr' id='par_1_112' title="bbox 2236 5389 3784 5469">
     <span class='ocr_line' id='line_1_112' title="bbox 2236 5389 3784 5469; baseline -0.005 -12"><span class='ocrx_word' id='word_1_831' title='bbox 2236 5407 2622 5469; x_wconf 74' lang='lat' dir='ltr'><strong>exardescuhl,</strong></span> <span class='ocrx_word' id='word_1_832' title='bbox 2654 5413 2712 5458; x_wconf 91' lang='lat' dir='ltr'><strong>ut</strong></span> <span class='ocrx_word' id='word_1_833' title='bbox 2742 5403 2826 5459; x_wconf 84' lang='lat' dir='ltr'><strong>vel</strong></span> <span class='ocrx_word' id='word_1_834' title='bbox 2867 5417 2970 5456; x_wconf 89' lang='lat' dir='ltr'><strong>non</strong></span> <span class='ocrx_word' id='word_1_835' title='bbox 3009 5402 3112 5457; x_wconf 82' lang='lat' dir='ltr'><strong>ista</strong></span> <span class='ocrx_word' id='word_1_836' title='bbox 3141 5400 3507 5462; x_wconf 84' lang='lat' dir='ltr'><strong>considerent,</strong></span> <span class='ocrx_word' id='word_1_837' title='bbox 3534 5395 3636 5459; x_wconf 85' lang='lat' dir='ltr'><strong>vel,</strong></span> <span class='ocrx_word' id='word_1_838' title='bbox 3660 5389 3784 5462; x_wconf 75' lang='lat' dir='ltr'><strong>quod</strong></span> 
     </span>
    </p>
   </div>
   <div class='ocr_carea' id='block_1_113' title="bbox 2236 5488 3783 5562">
    <p class='ocr_par' dir='ltr' id='par_1_113' title="bbox 2236 5488 3783 5562">
     <span class='ocr_line' id='line_1_113' title="bbox 2236 5488 3783 5562; baseline -0.009 -10"><span class='ocrx_word' id='word_1_839' title='bbox 2236 5499 2569 5554; x_wconf 82' lang='lat' dir='ltr'><strong>horrendum</strong></span> <span class='ocrx_word' id='word_1_840' title='bbox 2610 5511 2694 5553; x_wconf 85' lang='lat' dir='ltr'><strong>cst</strong></span> <span class='ocrx_word' id='word_1_841' title='bbox 2735 5498 2937 5561; x_wconf 83' lang='lat' dir='ltr'><strong>dicere,</strong></span> <span class='ocrx_word' id='word_1_842' title='bbox 2991 5497 3224 5550; x_wconf 82' lang='lat' dir='ltr'><strong>latenter</strong></span> <span class='ocrx_word' id='word_1_843' title='bbox 3269 5501 3542 5562; x_wconf 78' lang='lat' dir='ltr'><strong>exoptem.</strong></span> <span class='ocrx_word' id='word_1_844' title='bbox 3572 5488 3700 5543; x_wconf 88' lang='lat' dir='ltr'><strong>Ecce</strong></span> <span class='ocrx_word' id='word_1_845' title='bbox 3728 5497 3783 5538; x_wconf 77' lang='lat' dir='ltr'><strong>ex</strong></span> 
     </span>
    </p>
   </div>
   <div class='ocr_carea' id='block_1_114' title="bbox 2237 5585 3784 5656">
    <p class='ocr_par' dir='ltr' id='par_1_114' title="bbox 2237 5585 3784 5656">
     <span class='ocr_line' id='line_1_114' title="bbox 2237 5585 3784 5656; baseline -0.008 -10"><span class='ocrx_word' id='word_1_846' title='bbox 2237 5593 2574 5646; x_wconf 77' lang='lat' dir='ltr'><strong>Teucrorum</strong></span> <span class='ocrx_word' id='word_1_847' title='bbox 2631 5590 2801 5645; x_wconf 90' lang='lat' dir='ltr'><strong>lucris</strong></span> <span class='ocrx_word' id='word_1_848' title='bbox 2863 5589 3058 5643; x_wconf 84' lang='lat' dir='ltr'><strong>bnrsas</strong></span> <span class='ocrx_word' id='word_1_849' title='bbox 3118 5587 3366 5656; x_wconf 86' lang='lat' dir='ltr'><strong>implent,</strong></span> <span class='ocrx_word' id='word_1_850' title='bbox 3401 5595 3456 5639; x_wconf 89' lang='lat' dir='ltr'><strong>et</strong></span> <span class='ocrx_word' id='word_1_851' title='bbox 3501 5585 3698 5652; x_wconf 82' lang='lat' dir='ltr'><strong>scipsos</strong></span> <span class='ocrx_word' id='word_1_852' title='bbox 3726 5592 3784 5628; x_wconf 72' lang='lat' dir='ltr'><strong>ex</strong></span> 
     </span>
    </p>
   </div>
   <div class='ocr_carea' id='block_1_115' title="bbox 2235 5666 3782 5752">
    <p class='ocr_par' dir='ltr' id='par_1_115' title="bbox 2235 5666 3782 5752">
     <span class='ocr_line' id='line_1_115' title="bbox 2235 5666 3782 5752; baseline -0.013 -15"><span class='ocrx_word' id='word_1_853' title='bbox 2235 5684 2673 5739; x_wconf 84' lang='lat' dir='ltr'><strong>Christianorum</strong></span> <span class='ocrx_word' id='word_1_854' title='bbox 2705 5681 2970 5752; x_wconf 70' lang='lat' dir='ltr'><strong>sanguine</strong></span> <span class='ocrx_word' id='word_1_855' title='bbox 3021 5679 3388 5748; x_wconf 82' lang='lat' dir='ltr'><strong>locupletum;</strong></span> <span class='ocrx_word' id='word_1_856' title='bbox 3425 5675 3516 5730; x_wconf 88' lang='lat' dir='ltr'><strong>sed</strong></span> <span class='ocrx_word' id='word_1_857' title='bbox 3544 5689 3638 5743; x_wconf 89' lang='lat' dir='ltr'><strong>pro</strong></span> <span class='ocrx_word' id='word_1_858' title='bbox 3668 5666 3782 5723; x_wconf 83' lang='lat' dir='ltr'><strong>tanti</strong></span> 
     </span>
    </p>
   </div>
   <div class='ocr_carea' id='block_1_116' title="bbox 2239 5761 3785 5840">
    <p class='ocr_par' dir='ltr' id='par_1_116' title="bbox 2239 5761 3785 5840">
     <span class='ocr_line' id='line_1_116' title="bbox 2239 5761 3785 5840; baseline -0.014 -10"><span class='ocrx_word' id='word_1_859' title='bbox 2239 5777 2440 5830; x_wconf 81' lang='lat' dir='ltr'><strong>doloris</strong></span> <span class='ocrx_word' id='word_1_860' title='bbox 2479 5774 2750 5830; x_wconf 80' lang='lat' dir='ltr'><strong>levamine</strong></span> <span class='ocrx_word' id='word_1_861' title='bbox 2799 5771 3146 5840; x_wconf 78' lang='lat' dir='ltr'><strong>subjunctunt</strong></span> <span class='ocrx_word' id='word_1_862' title='bbox 3187 5779 3290 5834; x_wconf 87' lang='lat' dir='ltr'><strong>est,</strong></span> <span class='ocrx_word' id='word_1_863' title='bbox 3324 5769 3466 5840; x_wconf 87' lang='lat' dir='ltr'><strong>quod</strong></span> <span class='ocrx_word' id='word_1_864' title='bbox 3501 5761 3785 5834; x_wconf 81' lang='lat' dir='ltr'><strong>nuperrime</strong></span> 
     </span>
    </p>
   </div>
   <div class='ocr_carea' id='block_1_117' title="bbox 2244 5863 3781 5934">
    <p class='ocr_par' dir='ltr' id='par_1_117' title="bbox 2244 5863 3781 5934">
     <span class='ocr_line' id='line_1_117' title="bbox 2244 5863 3781 5934; baseline -0.012 -12"><span class='ocrx_word' id='word_1_865' title='bbox 2244 5871 2586 5925; x_wconf 80' lang='lat' dir='ltr'><strong>verissimum</strong></span> <span class='ocrx_word' id='word_1_866' title='bbox 2617 5867 2958 5933; x_wconf 85' lang='lat' dir='ltr'><strong>audivimus;</strong></span> <span class='ocrx_word' id='word_1_867' title='bbox 2993 5873 3113 5934; x_wconf 88' lang='lat' dir='ltr'><strong>post</strong></span> <span class='ocrx_word' id='word_1_868' title='bbox 3160 5863 3390 5919; x_wconf 87' lang='lat' dir='ltr'><strong>reditum</strong></span> <span class='ocrx_word' id='word_1_869' title='bbox 3437 5871 3660 5928; x_wconf 87' lang='lat' dir='ltr'><strong>namque</strong></span> <span class='ocrx_word' id='word_1_870' title='bbox 3689 5866 3781 5906; x_wconf 82' lang='lat' dir='ltr'><strong>ma-</strong></span> 
     </span>
    </p>
   </div>
  </div>
