4034 6438
220 476 225 481 .
278 422 414 497 lilii!

1447 436 1693 506 EPIST.
1737 438 2042 502 CONTRA
2078 441 2396 511 TURCAS.

3409 437 3546 502 106?.

276 547 366 612 gni
402 543 677 600 exercitus
700 542 1032 602 Teucrorum
1056 544 1240 603 subito
1270 561 1337 603 ex
1364 561 1446 604 ets
1475 549 1664 620 viginti
1694 550 1861 605 millia
1893 560 1935 616 Α
1969 556 2058 610 vix
2092 570 2258 611 unum
2298 557 2546 626 reperies
2584 526 2981 611 Christianum.
3014 551 3082 608 Et
3119 559 3299 606 tamen
3331 562 3547 607 constat

278 636 364 691 vel
403 635 553 690 circa
598 638 917 703 retroversi,
967 638 1251 708 lltmgaros
1280 640 1436 711 quasi
1486 640 1600 708 jam
1632 655 1859 697 securos

280 725 656 793 repentisslme
690 725 1009 783 invaserunt
1038 729 1091 781 in
1124 728 1359 795 quadam
1396 729 1704 798 provincia,
1737 744 1861 798 quas

278 815 484 870 dicitur
517 814 850 879 Siculorum,
874 817 1036 881 quasi
1094 816 1153 872 in
1215 817 1395 873 medio
1429 816 1757 887 llttngaritc;
1791 834 1858 874 ex

278 907 504 974 quibus,
532 916 594 962 nt
642 907 838 975 fertur,
896 909 1120 978 triginta
1170 909 1320 964 mille
1372 912 1583 965 animas
1610 922 1863 981 portave-

283 1005 430 1050 runt.
472 995 666 1053 Testes
699 1010 848 1063 sunt,
877 1000 969 1068 qui
1007 1000 1389 1055 viderttnttton
1423 1000 1591 1057 modo
1618 1003 1862 1071 captivos

277 1089 432 1155 duci,
459 1104 647 1146 verum
676 1091 915 1158 plurium
952 1091 1217 1147 nobilium
1248 1105 1306 1149 et
1337 1093 1645 1163 principum
1681 1095 1861 1162 capita

277 1182 526 1235 abscissa
554 1182 745 1250 projici
779 1191 906 1236 ante
953 1183 1117 1250 pedes
1163 1185 1515 1253 imperatoris
1547 1200 1733 1238 eorum
1762 1200 1864 1250 per

280 1272 638 1339 Capitauenm
671 1274 843 1339 illum,
871 1276 961 1343 qui
995 1276 1097 1329 ista
1123 1276 1348 1345 peregit,
1372 1285 1429 1330 et
1453 1279 1554 1330 hoc
1588 1278 1653 1330 de
1675 1292 1864 1332 mense

280 1360 638 1429 S-ptcmbris.
667 1363 983 1437 iterumque
1007 1364 1176 1418 alium
1223 1365 1422 1420 direxit
1454 1366 1507 1420 in
1552 1365 1670 1435 ipso
1692 1365 1864 1421 Octo-

284 1454 407 1508 lirio
426 1459 757 1522 exercitum;
797 1455 842 1509 si
871 1455 999 1523 quid
1041 1455 1164 1508 ntali
1195 1455 1408 1515 fecerit.
1440 1472 1547 1511 non
1582 1467 1861 1522 narratur,

286 1554 349 1598 et
379 1547 460 1601 sic
497 1557 705 1614 terque,
739 1555 1060 1615 quaterque,
1102 1547 1392 1617 deciesque
1426 1548 1479 1601 in
1528 1562 1691 1611 anno,
1720 1565 1865 1620 nunc

284 1636 415 1700 huc,
450 1652 593 1693 nunc
629 1636 778 1702 illuc,
806 1638 1155 1693 formicarum
1211 1654 1364 1694 more
1415 1649 1610 1694 euntes
1656 1649 1711 1694 et
1740 1642 1867 1696 red-

283 1738 499 1795 euntes,
535 1743 856 1797 semperque
913 1729 1063 1784 lucra
1102 1738 1400 1798 portantes,
1444 1746 1508 1784 ac
1570 1731 1613 1786 si
1649 1746 1864 1785 omnem

288 1820 728 1873 Christianorum
761 1829 962 1874 terram
994 1821 1138 1875 Deus
1164 1822 1247 1877 eis
1273 1821 1559 1878 tradiderit
1581 1822 1864 1890 possiden-

287 1910 430 1963 dam.
467 1908 749 1979 Tantaque
799 1921 924 1967 sunt
957 1913 1252 1968 securitate
1302 1912 1503 1967 firmati
1535 1922 1588 1968 et
1620 1914 1858 1969 roiiorati

288 2000 567 2069 victoriis,
632 2012 898 2071 lautaque
961 2004 1209 2060 lucrandi
1273 2004 1575 2074 cupiditate
1641 2005 1858 2060 accensi

283 2108 481 2150 omnes
515 2096 745 2164 pariter,
769 2098 913 2166 quod
947 2097 1321 2152 indubitanter
1348 2112 1411 2153 se
1436 2098 1661 2153 credant
1690 2108 1859 2152 totam

288 2189 762 2245 Christianitatem
792 2192 843 2245 in
869 2206 1037 2261 parvo
1081 2203 1330 2263 tempore
1352 2192 1752 2248 destructuros.
1800 2190 1864 2247 lit

282 2283 434 2352 quis,
475 2296 682 2352 quaeso,
715 2283 817 2339 ista
849 2299 959 2340 non
995 2288 1265 2345 crederet,
1295 2287 1338 2341 si
1364 2301 1486 2356 quae
1517 2287 1781 2349 videmus.
1808 2296 1865 2342 et

286 2374 409 2443 ipse
430 2374 678 2429 videret?
703 2375 962 2434 Videmus
1006 2393 1246 2448 namque
1279 2381 1333 2433 in
1358 2380 1599 2435 exercitu
1626 2379 1867 2434 transire

293 2481 410 2523 non
452 2467 631 2524 solum
665 2469 899 2527 melicos
921 2477 981 2524 et
1015 2478 1261 2538 pastores
1290 2470 1546 2536 inermes,
1578 2473 1699 2541 solo
1734 2487 1865 2526 arcu

292 2559 377 2616 vel
408 2575 547 2619 ense
589 2560 851 2629 munitos,
882 2564 976 2617 sed
1015 2563 1220 2633 passim
1259 2577 1418 2619 senes
1440 2573 1495 2618 et
1523 2578 1720 2618 curvos
1759 2579 1869 2635 prm

292 2672 329 2706 ι·
354 2656 469 2710 mia
502 2656 833 2726 antiquitate
863 2656 1028 2712 asella
1062 2656 1341 2722 derectos,
1369 2666 1493 2725 post
1521 2657 1637 2712 dies
1665 2672 1869 2727 paucos

290 2746 586 2802 redeuntes
620 2754 732 2801 tres
763 2747 847 2802 vel
893 2746 1388 2818 quatuor-juvenes
1432 2746 1577 2803 collo
1609 2756 1665 2801 et
1697 2747 1870 2801 mani-

292 2840 396 2894 bus
420 2849 542 2909 post
582 2847 730 2909 terga
779 2838 976 2909 ligatos
1024 2853 1207 2894 secum
1262 2838 1465 2896 ducere
1508 2854 1605 2911 per
1633 2840 1867 2893 mediam

286 2927 847 2999 Constantinopolim,
893 2940 951 2985 et
992 2930 1229 2987 transire
1272 2930 1325 2984 in
1363 2940 1658 3000 conspectu
1695 2928 1870 2986 Vene-

284 3030 472 3075 torum
501 3032 558 3076 et
584 3020 939 3079 Januensium
966 3033 1357 3078 mercatorum.
1380 3023 1460 3079 Ibi
1495 3024 1547 3077 itt
1577 3034 1869 3094 conspectu

293 3113 543 3169 omnium
597 3115 870 3169 interdum
923 3114 1117 3171 sistere
1167 3114 1394 3181 faciunt,
1444 3124 1505 3169 ιιι
1552 3130 1746 3171 omnes
1794 3116 1875 3171 vi-

1964 648 2254 714 pwdictas
2280 662 2473 703 onmcs
2505 646 2672 702 fuisse
2711 646 2920 717 patrias
2944 644 3402 701 Christianorum.
3438 641 3548 696 Sed

1966 734 2216 805 bteciam
2256 736 2435 806 sopita
2486 746 2613 791 sunt
2663 734 3007 803 longitudine
3044 733 3331 803 temporis.
3365 731 3551 786 llcdco

1966 828 2032 882 ad
2073 827 2193 884 dies
2237 838 2479 882 nostros.
2522 827 2848 895 Octnaginta
2893 807 2979 879 vel
3024 826 3189 892 paulo
3216 824 3398 894 plures
3422 822 3549 875 anni

1962 927 2116 982 sunt,
2148 919 2294 988 quod
2321 934 2420 974 nec
2441 934 2586 975 unus
2606 919 2821 975 Teucer
2841 919 3211 988 reperiebatur
3237 917 3290 970 in
3312 914 3545 971 Graecia.

1972 1009 2341 1066 Transierunt
2369 1012 2532 1069 etiam
2560 1011 2628 1065 ab
2667 1011 2800 1081 ipsis
2836 1009 3164 1067 Christianis
3206 1008 3437 1073 advecti,
3470 1015 3552 1059 to-

1971 1113 2195 1171 tamque
2219 1103 2363 1157 illam
2386 1103 2621 1173 patriam
2650 1103 2971 1172 implevere,
3002 1116 3124 1171 qua:
3155 1102 3262 1157 nisi
3288 1102 3353 1156 de
3383 1102 3549 1157 celeri

1971 1193 2324 1263 providentur
2372 1194 2637 1265 remedio,
2696 1194 2962 1250 efﬁcietur
3011 1196 3123 1249 cito
3172 1195 3313 1248 sicut
3349 1193 3549 1248 Arabia

1965 1286 2050 1340 vel
2074 1285 2357 1357 Egyptus.
2395 1286 2631 1340 Patriam
2664 1285 2787 1342 dico
2825 1287 3011 1351 latam,
3068 1286 3403 1356 populosam,
3436 1286 3553 1354 glu-

1968 1377 2288 1432 riosissintis
2341 1374 2658 1434 civitatibus
2704 1378 3042 1444 decoratum,
3091 1393 3213 1448 qua:
3261 1391 3454 1431 Omnes
3483 1377 3549 1431 ad

1964 1482 2232 1538 praesens,
2264 1479 2324 1524 ut
2375 1470 2457 1525 sic
2511 1470 2712 1535 dicam,
2767 1471 2834 1524 ad
2871 1469 3097 1524 nihilum
3144 1469 3374 1524 redactae
3403 1480 3547 1530 sunt,

1969 1560 2367 1616 habitatoribus
2404 1570 2678 1627 vacuatus;
2728 1563 2816 1616 ubi
2867 1563 3174 1616 Alexander
3201 1560 3430 1631 Magnus
3455 1560 3553 1613 int-

1970 1653 2212 1722 perarit;
2275 1653 2368 1709 ubi
2434 1647 2700 1718 Athenae,
2758 1653 3051 1717 Corinthi,
3122 1653 3549 1721 Spartanorum,

1974 1745 2569 1812 Thessalonicensium,
2621 1745 3047 1815 Philippensiunt
3088 1746 3365 1811 eirltates,
3415 1758 3552 1813 quas

1972 1841 2135 1892 modo
2162 1840 2407 1909 aspicere
2436 1839 2614 1893 luctus
2639 1846 2743 1893 est.
2773 1838 2974 1892 Parnm
3009 1844 3109 1898 est.
3140 1837 3282 1903 quod
3310 1835 3441 1899 disi,
3470 1850 3553 1889 re-

1971 1941 2163 2000 spectu
2204 1931 2550 2000 sequentium
2583 1938 2634 1983 et
2673 1928 2939 1983 factorum
2973 1938 3028 1981 et
3076 1927 3402 1994 fiendorum,
3445 1927 3551 1981 nisi

1972 2021 2228 2091 rcSpiciat
2254 2031 2311 2076 et
2348 2031 2661 2075 succurrat.
2692 2020 2790 2075 Ubi
2844 2034 3010 2083 nunc,
3036 2035 3243 2090 qtneso,
3263 2030 3347 2075 est
3375 2021 3550 2089 patria

1975 2110 2272 2174 Dalmatia,
2332 2110 2590 2175 Croatiae,
2637 2108 2873 2176 Bosuiae,
2959 2108 3206 2172 Rascize,
3253 2109 3550 2180 Bulgaria),

1970 2203 2234 2270 Albaniae,
2288 2202 2605 2283 Walacbiaa,
2652 2220 2816 2273 regna
2867 2220 2977 2258 non
3034 2218 3224 2271 parva,
3266 2204 3318 2256 in
3366 2203 3553 2273 paucis
3602 2276 3605 2281 η

1969 2297 2135 2354 anuis
2160 2296 2561 2352 habitatoribus
2590 2297 2819 2364 spoliata
2844 2296 2868 2349 ‘.'
2891 2296 2971 2349 Ad
3004 2295 3336 2364 Hungariam
3369 2295 3553 2356 venio,

1973 2390 2041 2445 de
2070 2404 2200 2460 qua,
2233 2397 2294 2443 ut
2320 2390 2537 2457 dicitur,
2564 2404 2598 2447 a
2647 2388 2838 2444 diebus
2882 2403 2990 2442 non
3039 2389 3221 2443 multis
3267 2387 3553 2457 plusquam

1977 2487 2221 2535 tercenta
2277 2478 2464 2541 millia,
2513 2479 2695 2535 verius
2746 2478 3006 2535 dixissem
3059 2486 3321 2534 sexcenta
3388 2478 3557 2533 millia

1975 2572 2280 2625 animarum
2333 2581 2551 2638 portata
2594 2578 2740 2625 sunt.
2790 2570 3062 2625 Credisne
3110 2585 3242 2640 ergo
3298 2567 3560 2639 posslltilo

1977 2664 2115 2729 fore,
2168 2664 2314 2733 quod
2368 2663 2557 2727 timeo,
2606 2676 2679 2716 ne
2734 2661 2948 2717 scilicet
2994 2662 3143 2728 justo
3188 2660 3282 2715 Dei
3321 2658 3556 2732 indicio,

1975 2764 2187 2810 tantum
2217 2755 2355 2825 ignis
2380 2754 2486 2809 iste
2527 2752 2811 2823 procedat,
2849 2761 2910 2808 ut
2938 2764 3210 2822 occupare
3252 2751 3427 2821 possit
3449 2758 3560 2806 ter-

1980 2846 2162 2902 minos
2208 2847 2591 2903 Cltristianos?
2623 2847 2764 2913 Quid
2811 2844 2977 2916 igitur
3021 2860 3166 2899 nunc
3203 2843 3418 2899 faciunt
3451 2844 3559 2898 mi-

1970 2922 2093 2995 seri
2121 2939 2417 2995 Christiani
2440 2939 2463 2992 2
2491 2940 2620 3006 quid
2655 2920 3147 3009 eorunfprincipcs
3166 2925 3192 2990 ἲ
3213 2936 3341 3006 quid
3371 2946 3560 3005 raste-

1979 3046 2069 3087 res
2132 3031 2426 3085 Ecclesiae?
2458 3030 2833 3097 Dormiuntne,
2889 3045 2956 3083 an
3011 3029 3315 3098 lethargum
3375 3026 3559 3096 potius

1981 3124 2282 3195 patiuntur,
2323 3131 2381 3175 ttt
2440 3121 2703 3191 paulatim
2727 3129 3046 3190 exspectent
3089 3117 3557 3174 Christianitatem

292 3207 484 3272 deamo
512 3221 715 3277 eosque
760 3207 980 3276 injuriis
1033 3215 1090 3262 et
1131 3206 1453 3263 verberibus
1495 3205 1867 3277 colaphizant,
1899 3243 1945 3302 ο
1982 3215 2274 3271 consumi?
2306 3215 2526 3269 Ludunt
2569 3216 2622 3269 in
2666 3215 2842 3269 hastis
2882 3222 2938 3267 et
2979 3213 3213 3279 choreis,
3251 3211 3336 3265 vel
3381 3211 3561 3278 potius

298 3302 371 3354 ita
401 3309 460 3354 ut
490 3314 652 3355 nemo
678 3300 877 3356 audeat
913 3299 1331 3366 contradicere;
1367 3300 1412 3354 si
1451 3314 1683 3370 pensare
1721 3301 1872 3362 velit,

298 3403 361 3447 ut
381 3393 586 3448 veritas
617 3407 678 3447 se
716 3392 922 3448 habet?
957 3393 1082 3461 quia
1110 3393 1213 3460 -qni
1252 3407 1394 3446 anno
1423 3393 1701 3462 prieterito
1728 3393 1875 3448 ducti

251 3543 260 3552 _
296 3496 430 3542 sunt
453 3486 679 3554 captivi.
706 3485 809 3540 hoc
847 3498 990 3541 anno
1018 3484 1241 3551 Teucri,
1275 3484 1722 3554 Teucrorumque
1753 3500 1877 3539 om-

304 3579 455 3633 nium
494 3577 829 3633 crudeliores
860 3577 1063 3643 ell'ecti,
1104 3579 1157 3633 in
1208 3577 1450 3633 exercitu
1504 3577 1687 3646 primi,
1710 3579 1876 3631 auda-

305 3671 390 3724 cia
441 3678 498 3725 et
544 3669 867 3725 fortitudine
931 3671 1333 3740 promptiores,
1380 3669 1536 3739 quasi
1594 3668 1879 3738 religionis

300 3762 506 3832 pietate
533 3763 686 3829 moti,
734 3772 793 3817 ut
850 3763 1102 3827 credunt,
1146 3762 1300 3818 Fidei
1358 3763 1586 3818 veritate
1637 3771 1876 3830 reperta,

309 3856 582 3926 propriam
627 3855 859 3927 patriam
920 3857 1139 3910 tradere
1186 3854 1482 3921 festinant;
1515 3854 1621 3911 hoc
1662 3870 1881 3923 quoque

302 3949 650 4019 potissimum
687 3948 830 4003 inter
872 3949 1057 4003 munia
1107 3957 1315 4018 optent,
1358 3958 1591 4018 patrem,
1626 3954 1879 4009 matrem,

303 4040 503 4095 fratres
517 4048 570 4095 et
588 4054 827 4103 sorores,
857 4050 1190 4106 umerosque
1206 4038 1641 4106 consanguineos
1659 4051 1879 4107 capere,

302 4141 360 4188 et
377 4133 444 4188 ad
468 4133 647 4187 lumen
668 4133 863 4187 tlnccte
887 4128 1152 4186 veritatis.
1171 4128 1217 4185 Ο
1231 4129 1582 4199 stupendum,
1598 4144 1635 4185 o
1658 4127 1884 4197 profun-

295 4226 433 4282 dum
475 4226 741 4298 judicium
786 4224 905 4286 Dei,
929 4222 1026 4279 sed
1048 4224 1261 4278 tiouuisi
1283 4223 1511 4293 justum,
1536 4222 1776 4293 quandiu
1802 4221 1882 4278 ira

303 4336 416 4375 sua
427 4334 596 4389 super
619 4332 721 4374 nos
750 4315 1050 4374 desaeviet!
1072 4316 1313 4387 qnandia
1351 4314 1884 4371 nostriobliviscetur

1979 3308 2226 3363 lacerant
2259 3309 2603 3376 semetipsos.
2630 3304 2854 3361 Interim
2885 3305 3097 3361 Teucer
3123 3303 3329 3359 Christi
3363 3316 3560 3356 nomen

1976 3400 2304 3472 exstinguit,
2370 3399 2484 3469 iam
2515 3399 2743 3470 iuravit,
2803 3398 2914 3468 jam
2968 3412 3029 3453 se
3068 3395 3187 3451 Deo'
3214 3411 3313 3450 suo
3342 3393 3563 3448 devovit

1978 3493 2128 3548 nullo
2170 3503 2325 3561 pacto
2384 3492 2696 3559 quiescere,
2753 3492 2865 3545 nisi
2918 3504 3081 3559 quam
3132 3490 3296 3544 citius
3346 3488 3399 3541 in
3452 3493 3561 3540 tota

1979 3582 2274 3653 Hnugarita
2330 3583 2542 3636 cantari
2607 3581 2776 3637 faciat
2828 3581 3013 3636 laudes
3063 3578 3411 3633 Mahumetis.
3444 3575 3561 3633 Heu

1980 3674 2111 3738 lteu,
2149 3688 2261 3729 non
2296 3673 2448 3728 multi
2480 3672 2607 3727 anui
2632 3682 2782 3737 sunt,
2811 3671 2955 3738 quod
2985 3684 3085 3725 nec
3117 3668 3354 3722 Tencres
3385 3667 3566 3720 nomi-

1982 3766 2218 3822 nabatur
2252 3765 2307 3819 in
2350 3767 2572 3828 mundo,
2612 3764 2716 3820 nisi
2758 3771 3004 3833 pastores
3041 3763 3192 3829 juxta
3234 3760 3563 3817 Damascum

1981 3857 2037 3913 in
2073 3858 2403 3928 quibusnam
2434 3858 2623 3913 nescio
2673 3857 2952 3912 montibus
2978 3855 3314 3920 habitantes,
3345 3852 3558 3917 rustici,

1980 3948 2214 4014 indocti,
2254 3947 2554 4012 silvestres,
2608 3946 2727 4003 sine
2748 3947 2946 4003 litteris
2968 3986 2986 4012 ,
3014 3947 3135 4002 sine
3169 3946 3399 4002 scientia
3425 3944 3560 4007 ulla,

1982 4048 2045 4093 ut
2074 4048 2198 4094 sunt
2232 4040 2398 4093 etiam
2433 4053 2614 4108 usque
2646 4040 2832 4096 modo.
2865 4038 3024 4095 Nunc
3061 4052 3192 4095 vero
3220 4053 3355 4093 auro
3380 4036 3565 4094 vestiti

1982 4138 2039 4187 et
2064 4132 2314 4198 genuinis,
2350 4132 2568 4201 regibus
2600 4142 2658 4188 et
2707 4132 3135 4201 imperatoribus
3163 4132 3563 4203 principantur,

1985 4239 2087 4280 nec
2110 4223 2229 4279 suis
2252 4224 2506 4280 laborant
2531 4226 2806 4290 manilius,
2844 4226 2938 4281 sed
2984 4236 3242 4295 tanquam
3277 4225 3483 4280 tlnutiui
3511 4225 3563 4278 in

1988 4315 2125 4385 ipsis
2157 4317 2353 4385 tapetis
2375 4318 2560 4372 aureis
2591 4328 2650 4372 et
2691 4318 2946 4372 mollibus
2984 4318 3362 4387 pulvinaribus
3400 4332 3566 4370 accu-

299 4411 654 4468 Altissitnusl
681 4408 903 4466 Utinam
931 4408 1338 4465 nottinllnsml
1372 4407 1532 4475 Vere,
1559 4420 1711 4472 vere,
1730 4415 1887 4478 pater
1986 4409 2142 4472 bant,
2196 4425 2501 4478 eorumque
2544 4408 2779 4465 luxuriis
2823 4410 3074 4479 turpibus
3133 4419 3189 4464 et
3245 4410 3562 4474 immundis,

305 4503 705 4568 amantissime,
739 4505 1038 4560 ﬁniendum
1057 4512 1167 4568 est,
1194 4519 1260 4558 ne
1281 4505 1523 4572 peccatis
1550 4503 1749 4558 matris
1764 4502 1882 4558 esi—

1987 4498 2119 4553 olim
2151 4499 2384 4562 nobiles,
2410 4514 2557 4555 nunc
2593 4499 2775 4554 Sclavi
2817 4499 3153 4556 famulantur
3184 4500 3368 4555 miseri
3401 4499 3568 4554 Chri-

303 4597 591 4669 gentibus,
626 4612 748 4669 qua:
795 4610 1045 4652 crescere
1075 4595 1655 4669 quotidieocernimus,
1693 4593 1879 4665 potius
1914 4597 1959 4650 ι)
1983 4588 2170 4644 stiaui.
2193 4586 2331 4643 Nam
2355 4591 2510 4657 pauci
2536 4592 2777 4663 ipsorum
2803 4599 2951 4654 sunt,
2982 4590 3076 4660 qui
3107 4598 3232 4645 οι·ιο
3255 4589 3336 4644 vel
3355 4590 3561 4656 decem,

298 4706 467 4760 quam
486 4690 680 4756 minui,
693 4698 902 4746 tantum
917 4691 996 4745 ira
1011 4688 1208 4745 divinae
1221 4688 1448 4758 iustitia:
1465 4687 1804 4753 csardescat,
1819 4696 1881 4740 ut

303 4787 373 4841 ad
411 4784 550 4840 fines
594 4798 775 4853 usque
802 4791 1071 4837 terrarum
1118 4790 1347 4852 occupet
1380 4782 1519 4852 ignis
1544 4782 1668 4847 iste,
1705 4780 1799 4849 qui
1827 4782 1880 4835 in

308 4880 428 4935 dies
452 4878 672 4933 extendi
704 4876 968 4938 cernitur,
1009 4885 1066 4929 et
1111 4876 1287 4946 spatia
1333 4875 1530 4930 latiora
1571 4875 1881 4943 complecti.

306 4972 450 5028 Ecce
479 4970 694 5026 ducenti
729 4972 813 5023 vel
843 4971 992 5023 circa
1020 4968 1147 5022 anni
1176 4978 1328 5032 sunt,
1357 4962 1579 5041 quando
1614 4977 1722 5022 tota
1757 4969 1880 5023 Asia
1924 5004 1935 5009 ι

304 5079 479 5133 usque
503 5065 570 5116 ad
621 5059 964 5124 Antiochiam
985 5067 1043 5115 et
1097 5059 1258 5123 ultra,
1302 5061 1735 5115 Christianorum
1766 5070 1884 5133 erat

303 5156 517 5223 to,»ulis
538 5155 810 5220 habitata;
841 5167 983 5207 nunc
1000 5165 1132 5206 vero
1168 5152 1425 5221 paulatim
1448 5152 1540 5206 tali
1581 5153 1702 5221 igne
1735 5166 1884 5205 com-

305 5248 463 5301 busta
494 5252 600 5307 est,
631 5254 695 5298 ut
737 5257 940 5311 paucos
974 5243 1047 5296 ibi
1086 5228 1337 5311 reperias
1380 5239 1748 5303 Christianos,
1777 5241 1880 5297 nisi

305 5342 447 5397 forte
468 5339 694 5394 Sclavos
711 5336 973 5406 obsequio
988 5336 1326 5391 Teucrorum
1355 5335 1661 5403 deputatus.
1678 5332 1884 5389 Omitto

311 5434 550 5506 Syriam,
579 5432 805 5489 Terram
849 5440 1118 5494 sanctam,
1149 5429 1486 5494 Armeniam,
1515 5429 1793 5493 Arabiam,
1829 5442 1884 5485 et

310 5541 483 5594 usque
521 5526 589 5582 ad
615 5523 999 5581 Alexandriam
1025 5520 1233 5591 patrias
1268 5523 1708 5586 circumstantes,
1743 5537 1883 5591 quas

308 5632 503 5673 omties
542 5615 981 5674 Christianorum
1014 5614 1187 5671 fuisse
1227 5628 1325 5682 pro
1359 5612 1551 5684 majori
1584 5622 1741 5684 parte
1776 5629 1880 5668 non

305 5710 473 5779 longo
526 5709 638 5780 iam
711 5718 955 5777 tempore
1021 5707 1373 5763 manifestum
1431 5714 1535 5762 cst.
1615 5706 1795 5762 Taceo
1819 5707 1886 5762 de

306 5799 568 5871 Egypto,
589 5798 889 5871 Ethiopia,
913 5799 1121 5864 Persia,
1152 5808 1207 5855 et
1234 5800 1379 5870 quod
1407 5797 1580 5868 majus
1602 5808 1684 5853 est
1706 5801 1887 5854 omni-

307 5895 579 5961 bus,~tota
612 5892 820 5959 Africa,
855 5893 946 5949 ubi
978 5893 1083 5950 nisi
1104 5892 1246 5948 forte
1279 5891 1492 5963 aliquos
1520 5901 1880 5958 mercatores,

1988 4683 2175 4753 ntagni
2209 4698 2339 4738 vero
2388 4683 2612 4755 triginta
2640 4693 2696 4739 et
2729 4675 2985 4748 centum;
3035 4683 3240 4738 minimi
3275 4698 3401 4739 vero
3426 4684 3566 4739 duos

1986 4774 2070 4828 vel
2102 4787 2217 4832 tres
2245 4776 2313 4830 ad
2349 4777 2527 4832 minus
2549 4777 2779 4834 Sclavos
2796 4791 2900 4832 non
2936 4777 3172 4832 habeant
3198 4776 3561 4833 Christianos.

1984 4869 2194 4934 Quibus
2220 4883 2316 4924 eos
2340 4870 2674 4938 opprobriis,
2692 4884 2801 4939 quo
2824 4854 3032 4937 derisu,
3057 4870 3256 4940 quibus
3278 4870 3493 4941 injuriis
3512 4881 3567 4926 et

1984 4962 2309 5017 verberibus
2342 4963 2711 5033 tyrannizent,
2764 4974 2990 5019 narrent
3047 4965 3123 5029 hi,
3160 4965 3254 5034 qui
3299 4965 3561 5027 sentiunt,
3624 4998 3631 5003 -

1987 5056 2173 5108 dicant
2204 5054 2530 5110 Christiani.
2560 5055 2773 5121 Utinam
2800 5057 2928 5110 talia
2967 5058 3284 5127 probarent,
3305 5059 3394 5128 qui
3428 5060 3564 5115 tanti

1986 5159 2115 5205 sunt
2145 5164 2308 5203 causa
2376 5151 2528 5216 mali,
2588 5167 2766 5221 neque
2817 5167 2942 5206 cum
2999 5154 3564 5229 possentsubvenire,

1986 5251 2298 5312 procurant.
2977 5236 2991 5247 ’

2061 5334 2328 5392 Deficeret
2381 5336 2511 5391 mihi
2570 5346 2811 5406 tempus,
2854 5340 3244 5397 humanissime
3289 5339 3472 5408 Pater,
3516 5343 3561 5397 si

1986 5440 2179 5487 cuncta
2215 5430 2409 5485 vellem
2456 5430 2896 5486 Christianorum
2941 5433 3136 5488 damna
3188 5446 3244 5488 et
3274 5434 3563 5502 approhria

1988 5534 2348 5593 pertractare,
2400 5537 2525 5592 qua:
2570 5524 2851 5579 cernimus
2904 5525 2957 5576 in
3009 5526 3256 5594 partibus
3298 5526 3436 5593 istis,
3465 5528 3566 5580 nec

1990 5598 2328 5668 millesimam
2366 5627 2558 5668 eorum
2612 5624 2822 5683 partem
2873 5613 3210 5669 sufﬁcienter
3254 5616 3563 5683 exprimere

1989 5721 2073 5759 me
2108 5719 2270 5783 posse
2320 5707 2556 5763 confido.
2616 5709 2888 5779 Exsurgat
2935 5708 3113 5778 potius
3156 5707 3428 5778 Josephus
3472 5710 3566 5766 ille

1988 5799 2175 5853 rhetor
2213 5799 2506 5867 excellens,
2554 5810 2810 5870 exsurgat
2862 5799 3151 5867 Homerus,
3182 5813 3237 5857 et
3266 5802 3429 5857 unius
3452 5816 3562 5858 non

1990 5889 2142 5947 urbis
2170 5890 2372 5959 solum,
2419 5902 2478 5945 ut
2538 5892 2639 5956 illi,
2690 5893 2789 5948 sed
2852 5894 3040 5949 decem
3089 5904 3145 5951 et
3194 5904 3436 5964 centum,
3462 5896 3560 5952 sed
