4034 6422
538 419 677 485 1963

1856 413 2144 478 BARTH.
2187 413 2283 478 DE
2327 411 2523 477 ΙΑΝο

3643 406 3769 476 toct

537 533 708 598 tnille,
739 531 831 587 sed
866 531 1025 589 trium
1071 539 1126 588 et
1148 515 1384 601 quatuor
1438 529 1689 596 millium,
1723 529 1834 586 imo
1900 530 2116 600 triginta
2152 541 2193 597 Α
2229 529 2304 583 ris
2339 526 2499 588 forte,
2535 523 2808 592 quomodo
2843 533 2899 577 et
2934 521 3172 578 Venetiae
3201 533 3255 578 et
3301 522 3467 578 Janua
3495 533 3550 580 et
3581 539 3773 583 canens

537 639 591 680 et
641 625 1003 696 quadraginta
1055 639 1372 695 regnorum,
1437 624 1484 680 si
1533 632 1790 694 possunt,
1829 623 2018 677 ruinas
2065 631 2120 676 et

538 715 880 770 calamitates
907 726 1188 772 enat-rent.
1229 714 1505 786 Exsurgat
1529 731 1653 772 cum
1688 717 1770 771 eis
1801 714 1966 769 simul
1991 713 2119 769 Hie-

536 809 757 874 remias,
785 820 836 864 et
865 807 1044 866 ﬂendo
1074 810 1332 878 suspiret,
1365 819 1418 863 et
1452 810 1599 864 dicat
1631 807 1950 873 :Quomodo
1968 806 2124 860 sedet

537 905 651 960 sola
678 903 1067 961 Cbristianitas
1095 904 1252 972 plena
1286 902 1520 974 populis,
1563 901 1706 956 facta
1737 907 1826 955 est
1857 899 2012 967 quasi
2046 899 2121 952 vi-

535 999 640 1052 dua
676 998 893 1052 dotuiua
929 997 1202 1066 gentium,
1235 995 1493 1066 princeps
1543 992 1950 1064 provinciarum
1980 989 2121 1045 facta

533 1099 619 1145 est
657 1092 762 1146 sub
819 1089 1055 1146 tributo?
1083 1087 1314 1145 Plorans
1354 1087 1586 1159 ploravit
1633 1086 1688 1140 in
1743 1093 1922 1149 nocte,
1953 1093 2009 1139 et
2042 1083 2121 1138 la-

532 1197 738 1254 crymae
796 1184 850 1236 in
907 1182 1144 1236 maxillis
1182 1181 1341 1250 ejus;
1385 1168 1490 1235 non
1535 1189 1619 1258 est
1680 1178 1772 1245 qui
1811 1176 2124 1232 consoletur

532 1287 654 1327 eam
689 1289 756 1326 ex
809 1273 1064 1328 omnibus
1120 1271 1309 1328 charis
1351 1271 1496 1338 ejus.
1550 1272 1752 1325 Omnes
1814 1267 1975 1322 amici
2004 1265 2124 1332 ejus

531 1371 864 1433 spreverunt
896 1376 1044 1426 eam,
1099 1374 1154 1418 et
1207 1363 1354 1432 quod
1405 1361 1559 1432 pejus
1620 1369 1726 1426 est,
1764 1359 1891 1415 facti
1919 1368 2045 1412 sunt
2074 1358 2121 1409 ei

535 1453 788 1509 inimici?
812 1451 927 1509 Vite
962 1453 1094 1508 Sion
1143 1468 1270 1508 vere
1302 1455 1462 1508 modo
1500 1453 1709 1524 lugent,
1739 1465 1804 1507 eo
1834 1451 1980 1521 quod
2018 1465 2122 1504 non

537 1545 648 1606 sit,
674 1542 765 1612 qui
802 1543 986 1598 veniat
1013 1545 1078 1598 ad
1128 1542 1552 1606 solemnitatem,
1578 1553 1687 1598 etc.
1747 1541 1983 1606 Miraris,
2014 1542 2124 1595 fra-

537 1645 640 1695 ter,
679 1636 803 1704 quia
837 1636 948 1691 dixi
998 1635 1216 1704 triginta
1251 1634 1334 1690 vel
1371 1635 1733 1706 quadraginta
1773 1649 2066 1706 regnorum
2103 1651 2117 1695 ς

532 1730 788 1792 obsecro,
820 1744 886 1783 ue
917 1727 1154 1793 mireris,
1192 1729 1450 1798 quoniam
1503 1729 1618 1786 haec
1641 1740 1696 1784 et
1739 1731 1930 1786 eadem
1980 1732 2120 1785 mala

532 1833 587 1877 et
617 1837 775 1893 aeque
798 1822 883 1878 his
915 1821 1146 1894 majora,
1189 1837 1310 1893 qua
1341 1820 1537 1887 Teucri
1584 1820 1836 1878 fecerunt
1864 1822 1920 1877 in
1949 1825 2122 1892 parti-

533 1916 636 1972 bus
668 1915 808 1982 istis,
833 1913 1054 1970 Tartari
1086 1903 1140 1970 et
1171 1916 1381 1985 operati
1428 1926 1578 1982 sunt,
1607 1927 1664 1971 et
1695 1915 1957 1971 continue
1982 1930 2117 1983 ope-

534 2019 730 2064 rantur
786 2009 839 2064 in
909 2008 1155 2075 partibus
1197 2009 1338 2064 ultra
1399 2009 1644 2075 remotis,
1698 2017 1755 2064 et
1804 2017 1862 2064 ut
1890 2019 2120 2088 caeteras

541 2103 790 2155 uiuittam
821 2102 1045 2172 patrias,
1081 2116 1200 2170 qua:
1225 2101 1560 2158 dinumerari
1588 2107 1670 2158 vix
1699 2113 1942 2174 possent,
1973 2111 2118 2156 tanta

538 2194 784 2264 quotidie
815 2194 956 2248 mala
986 2193 1227 2248 inferunt
1272 2195 1327 2249 in
1381 2193 1604 2259 Russia,
1634 2193 1779 2263 quod
1827 2194 2005 2248 nullus
2037 2201 2123 2248 est

522 2304 734 2350 anuus,
764 2287 895 2356 quin
924 2286 1146 2357 triginta
1190 2296 1245 2341 et
1273 2285 1460 2355 plures
1495 2302 1661 2341 naves
1699 2283 1916 2342 Selavis
1948 2286 2122 2356 plena:

535 2381 1066 2450 Constantinopolim
1107 2393 1214 2434 non
1268 2379 1515 2443 veniant,
1549 2377 1640 2446 qui
1692 2395 1720 2430 a
1759 2375 2005 2433 Tartaris
2033 2385 2120 2432 ve«

538 2475 810 2528 mtndatur
847 2483 906 2527 ut
945 2487 1142 2542 pecora
1199 2473 1254 2526 in
1298 2472 1629 2537 Moncastro,
1667 2471 1718 2526 in
1767 2471 1915 2527 Tana
1969 2481 2022 2527 et
2066 2472 2120 2526 in

527 2566 764 2622 civitate
811 2565 980 2630 Cafaa,
1029 2579 1130 2620 nec
1181 2565 1237 2619 hi
1279 2574 1407 2619 sunt
1449 2564 1657 2620 decima
1693 2564 1778 2618 Vel
1817 2565 2120 2620 centesima

537 2673 684 2727 pars,
711 2659 800 2727 qui
830 2659 1144 2727 capiuntur.
1171 2659 1239 2713 ab
1287 2657 1386 2712 eis.
1440 2655 1808 2727 Singulariter
1847 2657 1955 2711 isto
1976 2670 2122 2711 anno

537 2752 592 2805 in
623 2750 798 2813 Taua,
833 2750 884 2804 in
942 2765 1051 2820 quo
1111 2759 1258 2806 tanta
1308 2751 1628 2806 Sclavorum
1687 2749 1974 2805 multitudo
1997 2763 2122 2804 ven-

535 2847 712 2901 denda
743 2844 1006 2913 perducta
1041 2853 1145 2908 est,
1175 2855 1231 2900 ut
1267 2859 1370 2913 ego
1410 2844 1527 2913 ipse
1582 2843 1651 2899 ab
1689 2842 1803 2909 illo,
1837 2842 1930 2912 qui
1961 2841 2120 2906 vidit,

541 2937 752 3006 act-cpi,
820 2935 963 3006 quod
1029 2950 1126 3003 pro
1178 2947 1434 3006 quatuor,
1489 2944 1545 2990 et
1608 2950 1725 3001 sex,
1755 2945 1810 2989 et
1836 2934 2026 2990 decem
2053 2920 2118 2990 ad

539 3030 656 3094 Ilus
681 3029 907 3084 llorenis
938 3029 1100 3084 etiam
1132 3029 1302 3083 millia
1328 3029 1591 3098 iuvenum
1623 3043 1808 3083 emere
1835 3027 2118 3096 potuisset.

538 3121 644 3175 Sed
696 3135 794 3190 pro
847 3120 1195 3175 multitudine
1249 3131 1305 3176 et
1364 3120 1510 3176 fame
1551 3120 1741 3187 rejecti
1789 3129 1936 3185 sunt,
1981 3127 2035 3175 et
2065 3127 2122 3172 ut

2225 620 2474 676 civitates
2505 617 2674 674 Italiae
2704 617 3059 686 quatiuntur!
3097 617 3258 674 Certe
3285 621 3456 689 magis
3488 620 3773 674 mirandum
3835 691 3838 694 ἢ

2225 722 2330 780 est,
2361 727 2533 783 quare
2577 727 2682 767 non
2735 713 2952 780 penitus
2999 711 3114 766 sint
3165 712 3375 769 delete.
3415 712 3655 769 Vidimus
3701 715 3777 769 his

2224 806 2416 862 diebus
2447 804 2806 876 quadraginta
2838 812 3017 858 mutos
3063 804 3292 872 chalybe
3313 815 3569 861 oneratos
3593 805 3658 860 ab
3685 806 3778 859 hac

2225 899 2449 956 civitate
2479 900 2546 953 ad
2576 898 3016 967 Hadrianopolim
3061 898 3207 964 duci,
3231 913 3338 969 quo
3370 909 3425 954 et
3468 898 3568 967 ipsi
3599 897 3778 954 Teucri

2227 993 2476 1048 derident
2506 991 2737 1062 turpiter
2783 990 3130 1046 Christianos
3176 1001 3361 1062 aperte
3396 989 3672 1046 dicentes:
3699 991 3781 1043 Vi-

2226 1085 2369 1150 dete,
2411 1083 2620 1146 miseri,
2655 1079 2959 1138 caecitatem
3018 1092 3298 1150 vestram;
3353 1096 3482 1139 ecce
3519 1097 3612 1137 vos
3643 1084 3780 1137 nobis

2226 1190 2377 1232 arma
2409 1174 2714 1244 porrigitis,
2749 1185 2810 1229 ut
2836 1189 2932 1230 vos
2981 1175 3198 1243 penitus
3241 1174 3580 1230 occidamus.
3609 1172 3778 1240 Qualia

2225 1267 2327 1322 ista
2356 1267 2452 1322 tibi
2487 1267 2761 1332 videntur,
2787 1267 2986 1322 dilecte
3019 1266 3232 1321 frater?
3273 1280 3441 1336 quare
3469 1280 3577 1320 non
3604 1280 3666 1318 ex
3693 1265 3783 1320 hac

2224 1357 2541 1415 etiam‘sola
2566 1373 2730 1414 causa
2755 1359 2810 1413 in
2839 1360 3083 1420 civitate,
3133 1359 3186 1412 in
3221 1372 3326 1426 qua
3357 1357 3642 1426 praedicas,
3667 1370 3781 1424 pro-

2229 1453 2454 1507 nuntias
2503 1453 2584 1507 eis
2620 1450 2916 1508 manifeste
2973 1453 3232 1508 ruinam?
3282 1453 3388 1508 Sed
3437 1451 3782 1507 indubitanter

2226 1545 2362 1609 scio,
2401 1543 2543 1611 quod
2573 1543 2729 1598 facis.
2763 1543 3003 1608 Clamas,
3040 1554 3097 1599 et
3126 1560 3231 1599 non
3258 1543 3486 1598 audiris.
3527 1543 3630 1597 Sed
3647 1544 3784 1596 adest

2225 1635 2492 1707 flagellum
2516 1634 2631 1702 Dei,
2651 1634 2957 1706 quodjnste
2985 1636 3233 1691 verberat
3262 1636 3658 1706 delinquentes.
3685 1634 3779 1689 Sed

2224 1727 2309 1782 vis
2339 1740 2638 1797 parumper
2666 1736 3005 1782 revertamur
3044 1729 3109 1783 ad
3136 1728 3414 1785 Tartaros.

2305 1819 2461 1873 Anno
2520 1818 2628 1874 isto
2682 1819 2751 1874 de
2813 1835 3001 1876 mense
3027 1821 3284 1890 Augusti,
3343 1823 3563 1890 quando
3599 1819 3785 1875 Teucer

2222 1910 2535 1965 destruebat
2572 1908 2926 1980 Hunguriam,
2981 1926 3156 1966 novus
3212 1911 3524 1980 imperator
3570 1912 3783 1975 electus,

2228 2012 2288 2056 ut
2322 2002 2413 2058 hic
2467 2017 2497 2058 a
2551 2003 2799 2073 pluribus
2851 2003 3048 2069 fertur,
3105 2017 3212 2057 non
3269 2001 3506 2066 ailirm'o,
3543 2004 3664 2071 quia
3695 2019 3785 2055 non

2228 2097 2374 2163 vidi;
2409 2106 2462 2151 tu
2497 2097 2693 2153 melius
2751 2097 2858 2152 ista
2921 2110 3243 2168 cognosces,
3294 2111 3417 2150 cum
3449 2094 3788 2163 Polouis-pu-

2223 2202 2395 2258 gnaus
2419 2202 2518 2258 pro
2547 2202 2716 2259 regno
2745 2186 3054 2256 Hungariaa,
3090 2188 3234 2256 ipsos
3269 2186 3590 2252 debellavit,
3645 2187 3786 2240 ἱηηιι-

2227 2295 2519 2350 merosque
2549 2279 2770 2344 occidit,
2804 2279 3046 2350 intellige
3089 2279 3453 2335 Christianos.
3484 2279 3634 2334 Tunc
3671 2277 3788 2332 'l‘ar-

2226 2374 2329 2427 tari
2366 2373 2644 2427 couviciui
2672 2371 2890 2426 Polouis
2921 2372 3169 2428 videntes
3203 2372 3550 2428 Christianos
3583 2373 3788 2441 populos

2224 2475 2523 2536 occupatos
2573 2466 2628 2520 in
2671 2465 2850 2532 bellis,
2911 2464 3185 2520 Poloniam
3239 2466 3509 2521 invasere.
3565 2465 3697 2534 Quid
3724 2463 3787 2517 ibi

2227 2556 2479 2623 fecerint,
2511 2572 2772 2613 enarrare
2802 2572 2908 2611 non
2951 2557 3182 2613 sullicio.
3227 2556 3375 2629 ipsos
3430 2558 3718 2626 interroga,
3749 2556 3788 2610 si

2224 2652 2318 2722 qui
2353 2652 2478 2706 inde
2505 2659 2792 2707 venerunt.
2815 2648 2968 2704 Talia
2995 2660 3123 2704 sunt
3145 2648 3444 2704 munimina
3479 2649 3788 2718 principum,

2228 2745 2359 2798 talia
2393 2742 2643 2807 consilia,
2671 2743 2796 2798 talis
2835 2741 3148 2799 estmilitia
3197 2749 3388 2797 contra
3421 2741 3655 2810 populos
3683 2741 3790 2792 inti-

2227 2835 2396 2890 tleles.
2435 2832 2550 2890 Heu
2588 2836 2827 2897 miseris,
2857 2833 2950 2903 qui
2993 2845 3054 2889 et»
3095 2834 3292 2889 debent
3319 2843 3374 2889 et
3407 2843 3647 2902 possunt
3674 2835 3789 2886 sub-

2227 2933 2410 2987 venire
2434 2941 2489 2986 et
2531 2946 2638 2986 non
2693 2931 2918 2985 faciunt.
2981 2929 3091 2984 Nec
3141 2929 3272 2998 ipsis
3310 2927 3486 2982 defuit
3544 2926 3790 2980 advisatio

2229 3035 2355 3080 ante
2404 3036 2640 3094 tempus.
2697 3023 2835 3086 Nam
2881 3033 2937 3078 et
2982 3039 3083 3093 ego
3129 3037 3194 3077 ex
3242 3033 3395 3092 parte
3436 3022 3698 3090 majorum
3746 3027 3792 3072 et

2230 3119 2428 3175 fratres
2467 3118 2663 3182 direxi,
2723 3126 2778 3173 et
2836 3116 3042 3171 litteras
3094 3114 3374 3185 plusquam
3423 3115 3644 3185 triginta
3673 3126 3790 3167 cuu-

537 3215 710 3284 magis
734 3216 797 3268 de
818 3214 1260 3270 Christianorum
1288 3213 1464 3281 gloria
1501 3213 1742 3281 gaudeas
1770 3222 1827 3268 et
1853 3212 2120 3278 exsultes,
2155 3247 2198 3301 ε
2233 3212 2426 3278 scripsi
2461 3211 2551 3265 diu
2601 3221 2729 3266 ante
2773 3211 2838 3265 de
2891 3223 3076 3263 mense
3125 3208 3432 3274 Decembri,
3482 3206 3694 3277 quando
3716 3205 3793 3257 ille

537 3307 757 3362 noveris
778 3346 792 3370 ,
825 3308 971 3376 quod
1011 3307 1079 3360 de
1109 3307 1310 3375 Cayro,
1351 3306 1420 3361 de
1445 3306 1795 3372 Alexandria,
1831 3314 1885 3360 et
1913 3319 1976 3359 ex
2009 3305 2129 3361 aliis

536 3401 789 3471 partibus
804 3397 1042 3455 Orientis
1063 3399 1317 3455 Saraceni
1341 3413 1668 3454 mercatores
1685 3399 1981 3454 adveniunt
1994 3415 2128 3467 quo-

541 3497 668 3548 libet
693 3508 859 3558 anuo,
903 3493 1230 3564 quandoque
1260 3509 1287 3546 a
1320 3491 1546 3548 Sullano
1576 3493 1787 3558 direCti,
1812 3493 1878 3547 ad
1915 3491 2125 3557 Cafam,

537 3588 604 3640 ad
635 3585 845 3642 Tanam
876 3597 932 3643 ct
957 3587 1344 3654 Moncastrum,
1368 3599 1422 3642 et
1448 3585 1514 3641 ad
1540 3588 1675 3642 alias
1694 3586 2127 3643 Christianorum

540 3694 736 3748 terras,
762 3692 815 3736 et
845 3681 916 3736 ibi
956 3697 984 3734 a
1014 3681 1344 3737 Christianis
1368 3680 1713 3735 Christianos
1735 3689 1923 3734 emunt
1955 3682 2128 3749 pretio

540 3789 763 3846 magno,
823 3790 1096 3844 superque
1155 3773 1596 3830 Christianorum
1655 3788 1826 3828 naves
1880 3781 2125 3842 portant,

541 3869 670 3936 quia
699 3868 799 3936 ipsi
858 3881 964 3922 non
997 3867 1242 3933 ‘habent,
1303 3865 1369 3920 ad
1430 3865 1661 3935 patriam
1711 3879 1890 3928 suam,
1933 3873 1993 3918 ut
2021 3878 2127 3917 non

541 3962 703 4017 modo
725 3960 956 4016 Sclavos
981 3960 1244 4025 habeant,
1290 3958 1383 4013 sed
1420 3969 1476 4013 ut
1511 3959 1772 4014 libentius
1799 3957 2002 4013 faciant
2025 3955 2126 4011 Sa-

543 4067 791 4118 racenos,
851 4053 1290 4106 Christianorum
1333 4051 1678 4122 postmodum
1729 4052 2001 4106 inimicos.
2044 4049 2125 4104 0b

540 4146 731 4199 divina
791 4143 1028 4214 justitia,
1086 4151 1236 4198 certe
1285 4143 1482 4197 mirum
1529 4151 1640 4208 est,
1685 4158 1858 4212 quare
1914 4152 2126 4198 tantum

543 4239 778 4293 sustinet
804 4236 1178 4294 Cbristianosl
1217 4236 1311 4292 sed
1350 4237 1597 4307 quotidie
1635 4236 1955 4307 mysterium
1997 4250 2128 4305 ope-

542 4342 719 4388 ratur.
756 4332 1020 4402 Exspecta
1074 4346 1388 4402 parumper,
1419 4331 1745 4386 venerabilis
1775 4341 1948 4400 pater,
1981 4329 2124 4384 aliud

543 4426 737 4481 audire
771 4425 1042 4491 mirabile,
1069 4423 1502 4494 delectabileque
1545 4437 1648 4479 non
1685 4437 1898 4492 parum.
1928 4420 2125 4476 Teucri

544 4535 650 4574 non
687 4516 886 4574 habent
914 4533 1087 4585 arma,
1124 4527 1184 4572 ut
1217 4516 1452 4580 dicitur;
1496 4517 1539 4570 si
1593 4526 1648 4569 tu
1683 4517 1860 4570 credis
1888 4516 1988 4570 hoc
2019 4516 2123 4569 im-

2206 3378 2209 3380 _
2241 3304 2466 3370 parabat
2495 3304 2795 3360 exercitum
2829 3313 3016 3358 contra
3054 3304 3233 3371 ipsos;
3269 3312 3322 3356 et
3348 3303 3446 3356 bas
3473 3301 3542 3354 ad
3573 3300 3790 3367 impera-

2240 3406 2412 3451 torem
2438 3405 2493 3450 et
2517 3396 2690 3450 duces
2719 3395 2868 3459 misi,
2891 3409 3028 3464 quas
3051 3403 3107 3448 et
3135 3395 3439 3448 habuerunt
3467 3403 3520 3447 et
3543 3393 3790 3461 legerunt,

2241 3501 2341 3542 nec
2371 3497 2728 3551 curaverunt,
2757 3496 2918 3557 prOut
2947 3485 3126 3540 exitus
3155 3485 3269 3555 ipse
3304 3485 3659 3539 demonstrat.
3685 3483 3793 3536 Cla-

2240 3581 2422 3635 mabat
2453 3580 2617 3634 etiam
2649 3580 2702 3634 in
2735 3589 3025 3649 conspectu
3055 3579 3200 3648 regis
3263 3587 3316 3632 et
3344 3577 3647 3648 principum
3681 3573 3790 3628 tuba

2241 3673 2327 3728 illa
2358 3672 2454 3728 Dei
2485 3663 2653 3728 frater
2681 3671 2918 3728 Jacobus
2943 3679 3153 3736 noster,
3187 3671 3374 3738 eisque
3402 3668 3457 3722 in
3494 3667 3680 3722 faciem
3713 3666 3788 3718 in-

2233 3765 2409 3838 jurias
2478 3763 2995 3835 irrogabatrEcce,
3051 3763 3257 3827 dicens,
3321 3761 3532 3827 miseri,
3579 3759 3788 3829 patriam

2238 3871 2474 3914 vestram
2505 3858 2670 3913 alieni
2690 3857 2947 3927 spoliant,
2969 3871 3166 3912 uxores
3193 3867 3402 3911 vestras
3432 3855 3485 3909 in
3511 3861 3791 3922 couSpectu

2239 3961 2422 4008 vestro
2461 3950 2793 4019 vituperant,
2830 3957 2886 4004 et
2927 3949 3133 4003 ducunt
3171 3955 3227 4002 et
3265 3947 3462 4001 fratres
3489 3953 3546 3999 et
3589 3945 3719 3998 filios
3747 3942 3790 3995 in

2237 4042 2472 4106 catenis,
2503 4055 2604 4097 nec
2649 4041 2879 4097 curatis.
2932 4039 3038 4109 ipsi
3088 4055 3218 4095 vero
3262 4039 3377 4094 haec
3407 4037 3682 4094 et‘similia
3711 4053 3794 4090 au-

2235 4133 2449 4189 dientes
2485 4142 2541 4187 et
2596 4132 2861 4198 ridentes,
2920 4132 3268 4188 insensibiles
3337 4132 3673 4188 videbantur.
3734 4129 3791 4184 Et

2235 4229 2378 4298 quod
2419 4228 2542 4297 plus
2571 4235 2675 4289 est,
2720 4225 2973 4281 dominus
3013 4235 3201 4279 noster
3257 4239 3393 4294 papa
3431 4223 3791 4280 sanctissimus

2237 4333 2464 4374 munera
2526 4320 2608 4374 eis
2657 4318 2808 4373 misit
2859 4325 3088 4382 aeterna,
3161 4317 3550 4386 indulgentiam
3603 4315 3791 4372 scilicet

2234 4417 2610 4482 peccatorum,
2647 4409 2692 4464 si
2724 4409 2816 4479 qui
2851 4419 3041 4464 contra
3071 4408 3318 4465 infideles
3364 4425 3512 4465 arma
3547 4409 3790 4479 sumpsis-

2235 4513 2381 4559 sent.
2407 4503 2635 4571 Quando
2683 4502 2868 4573 igitur,
2928 4501 3147 4573 quando
3199 4503 3581 4558 excitabantur
3627 4499 3789 4557 miseri

543 4610 801 4680 possibile
823 4610 962 4675 fore,
1011 4623 1134 4664 cum
1204 4616 1385 4664 tantas
1437 4608 1874 4663 Christianorum
1925 4608 2128 4676 patrius
2162 4611 2212 4669 D
2237 4593 2637 4650 ChfiﬁlialliYO
2668 4595 2896 4670 Ωωηιάο
2951 4596 3058 4650 erit
3115 4605 3323 4664 tempus
3354 4595 3523 4650 illud?
3546 4595 3592 4650 si
3623 4594 3789 4650 videro

544 4703 1010 4773 exspoliaveriut;
1061 4719 1192 4759 ecce
1239 4703 1554 4758 veniuutde
1605 4699 1757 4755 italia
1799 4708 2132 4754 mercatores

542 4798 744 4864 Latini,
770 4809 825 4854 et
856 4798 1072 4861 Veneti,
1099 4806 1154 4852 et
1191 4795 1514 4878 Januenses,
1535 4803 1590 4850 et
1620 4795 1820 4858 caeteri,
1839 4802 1899 4849 et
1921 4809 1986 4847 ex
2020 4806 2133 4846 ma-

543 4907 643 4960 gua
669 4892 909 4959 ipsorum
941 4889 1147 4958 pietate
1196 4897 1251 4940 et
1299 4888 1474 4957 gratia
1513 4893 1704 4938 contra
1753 4883 1834 4938 fas
1877 4892 1932 4938 et
1959 4881 2131 4946 nefas,

451 5017 456 5020 -
544 4983 726 5049 galeas
789 4992 843 5036 et
891 4996 1056 5037 naves
1112 4981 1323 5050 plenas,
1385 4996 1490 5033 n-tu
1546 4976 1828 5041 ferro,sed
1876 4975 2130 5046 chalybe,

545 5083 764 5141 portant
787 5074 839 5127 in
859 5073 1192 5128 abundantia
1224 5081 1394 5136 tanta,
1416 5079 1475 5125 ut
1505 5072 1589 5124 vix
1620 5071 1838 5126 credam
1864 5070 1916 5125 in
1951 5069 2130 5139 aliqua

545 5166 769 5220 civitate
793 5165 962 5220 italiae
1014 5166 1069 5220 in
1127 5176 1236 5220 tam
1294 5165 1432 5219 bono
1465 5164 1581 5219 foro
1613 5173 1668 5219 et
1702 5165 1753 5218 in
1789 5171 1938 5217 tanta
1975 5164 2129 5232 cupia

547 5257 798 5327 reperiri,
835 5266 1041 5328 quanta
1067 5256 1122 5312 in
1160 5256 1433 5326 Gallipoli,
1473 5255 1606 5312 Pera
1645 5264 1697 5310 et
1739 5253 2128 5324 Hadrianopoli

549 5355 858 5423 reperitur;
891 5354 1145 5419 mentior,
1186 5353 1229 5408 si
1283 5367 1389 5407 non
1433 5351 1544 5408 vidi
1595 5350 1770 5406 oculis
1798 5350 1970 5414 meis;
1998 5359 2052 5403 et
2075 5349 2128 5403 in

549 5447 740 5518 galeis,
775 5447 976 5516 quibus
1000 5446 1268 5501 venimus.
1301 5442 1407 5500 Sed
1455 5443 1603 5507 audi,
1659 5443 1929 5511 quomodo
1960 5456 2130 5496 excu-

550 5538 782 5595 santur?
809 5553 916 5593 non
939 5535 1168 5591 Teucris
1197 5537 1462 5594 vendunt.
1497 5535 1592 5590 sed
1613 5533 1815 5590 Judaeis
1830 5542 1885 5588 et
1905 5532 2131 5598 Grecis,

551 5629 716 5684 etilli
750 5623 1092 5699 postmotlum
1146 5627 1254 5682 illis
1307 5627 1545 5696 prepriis
1606 5625 1860 5682 manibus
1893 5623 2134 5692 largiun-

555 5736 663 5774 llll'.
694 5720 759 5775 Et
787 5721 910 5784 hoc,
942 5730 1000 5774 ut
1053 5719 1328 5773 acutiores
1374 5718 1584 5786 gladios
1638 5715 1842 5771 faciant
1875 5715 1940 5768 ad
1974 5713 2133 5768 Chri-

562 5813 861 5866 stianorum
890 5812 1100 5866 viscera
1132 5809 1479 5864 eﬂ‘undenda.
1509 5807 1554 5862 Ο
1586 5807 1677 5862 Dei
1703 5807 1898 5878 piet'as,
1929 5814 2133 5875 quanta

560 5903 798 5958 sustinet
824 5903 839 5958 l
870 5912 1076 5973 quanto
1112 5900 1298 5958 differs
1331 5912 1575 5972 tempore
1615 5901 1927 5956 vindicare!
1969 5900 2132 5953 mira-

2237 4688 2411 4743 oculis
2443 4689 2600 4753 meis,
2631 4699 2921 4757 antequam
2955 4687 3174 4742 moriar.
3207 4685 3332 4742 llaec
3365 4688 3494 4742 mihi
3536 4702 3678 4758 spes,
3707 4683 3790 4740 sed

2240 4781 2396 4837 valde
2428 4783 2650 4848 debilis,
2676 4781 2774 4837 sed
2803 4781 2958 4836 valde
2995 4795 3203 4836 remota
3233 4791 3344 4847 est,
3369 4791 3422 4836 et
3448 4795 3584 4852 pene
3621 4782 3790 4848 despe-

2240 4877 2438 4931 rationi
2471 4876 2583 4948 jam
2629 4876 2895 4947 proxima.
2934 4875 3037 4932 Ubi
3076 4889 3219 4930 nunc
3251 4885 3334 4931 est
3391 4889 3615 4945 regnum
3643 4873 3792 4928 Frau-

2235 4970 2335 5025 cia:
2363 4970 2681 5038 gloriosum,
2707 4970 2851 5039 quod
2874 4969 2985 5038 jam
3007 4970 3230 5034 antiquo
3257 4979 3494 5037 tempore
3511 4967 3790 5021 Saracenos

2196 5056 2199 5057 ⁷
2235 5077 2304 5116 ex
2331 5058 2592 5129 Hispania
2622 5060 2871 5130 depulit?
2932 5058 3020 5114 ubi
3085 5059 3379 5130 Anglorum
3433 5057 3666 5128 potentia
3692 5069 3793 5109 ma-

2236 5154 2380 5223 gna?
2440 5152 2566 5208 Haec
2609 5154 2720 5209 duo
2777 5153 2843 5206 ad
2885 5153 3116 5237 invicem
3170 5163 3492 5222 consumpta
3535 5158 3679 5207 sunt.
3703 5148 3788 5206 Ubi

2241 5260 2384 5300 nunc
2419 5246 2730 5316 Aragonum
2757 5244 3206 5311 rem/infidelium
3239 5243 3447 5314 pavor?
3474 5243 3560 5298 ubi
3588 5242 3788 5310 reliquae

2237 5338 2496 5410 patentia:
2555 5347 2610 5392 et
2654 5338 2837 5394 caeteri
2892 5339 3164 5408 principes
3205 5336 3534 5393 Christiani?
3565 5335 3790 5393 Alamaui

2237 5429 2414 5485 odiosi
2439 5438 2564 5486 sunt
2610 5427 2882 5499 lluugaris
2909 5437 2962 5482 et
2993 5425 3268 5483 Bobemis.
3302 5426 3535 5496 l‘luugari
3561 5439 3677 5480 cum
3701 5421 3790 5474 Po-

2237 5523 2377 5578 louis
2434 5534 2692 5594 pugnant.
2757 5521 3009 5576 Ecclesiae
3055 5528 3299 5591 pastores
3347 5535 3469 5576 cum
3511 5516 3790 5590 pastoribus

2237 5627 2362 5672 sunt
2390 5616 2568 5680 divisi,
2605 5617 2837 5672 barones
2879 5630 3000 5670 cum
3063 5613 3380 5678 baronibus,
3422 5613 3658 5669 civitates
3684 5622 3790 5662 curn

2238 5711 2552 5767 civitatibus
2605 5711 2838 5766 invicem
2867 5725 2926 5767 se
2971 5719 3320 5775 consumunt,
3374 5709 3446 5764 ita
3482 5717 3556 5771 ut,
3587 5706 3629 5761 si
3661 5699 3790 5757 nulla

2239 5805 2306 5858 ab
2335 5804 2647 5858 extrinseco
2702 5803 2869 5858 altera
2930 5802 3233 5872 persecutio
3284 5800 3562 5861 inferatur,
3594 5794 3786 5852 sibimet

2239 5896 2507 5953 sufﬁciant
2538 5897 2604 5952 ad
2635 5889 2875 5953 ruinam.
2908 5896 2969 5953 Et
2992 5906 3049 5952 ut
3077 5897 3298 5953 silentcr
3321 5896 3603 5957 insinuem,
3627 5889 3790 5954 limem
