4034 6428
281 457 420 522 Ῑο65

1450 465 1700 529 EPIST.
1745 466 2047 529 CONTRA
2079 425 2412 529 'TURCAS.

3399 466 3539 533 10136

273 576 465 640 frater,
495 575 660 630 timeo
708 591 777 633 ne
810 577 920 646 iam
987 588 1202 649 tempus
1250 581 1455 636 ultimae
1486 583 1852 637 tribulationis
1886 591 1926 646 Α
1962 580 2186 635 tendere
2222 583 2287 636 ad
2320 581 2644 638 nocendum.
2672 583 2852 649 Quare
2873 584 3269 640 cordialissime
3306 600 3542 640 exorau-

269 666 570 722 advenerit.
605 664 970 724 Vehementer
1026 669 1334 740 angustior,
1378 669 1576 725 dilecte
1625 671 1719 736 mi,
1747 672 1849 726 ista

268 758 570 824 revolvere,
626 772 750 813 cum
811 768 866 814 et
917 761 1148 830 plurima
1202 771 1415 816 restent
1464 777 1618 830 atque
1640 761 1850 832 majora

268 849 567 919 praedictis,
620 865 739 919 quae
781 867 850 907 ex
903 853 1024 923 ipso
1067 855 1400 910 narrationis
1435 853 1594 909 taedio
1630 864 1853 922 praeter-

265 943 446 998 mitto.

344 1037 471 1093 Hice
501 1047 680 1094 autem
737 1053 929 1107 pauca,
987 1054 1108 1108 quae
1147 1040 1214 1093 de
1261 1041 1444 1094 multis
1472 1038 1627 1107 quasi
1670 1037 1855 1108 praeli-

272 1130 477 1195 bando,
511 1129 619 1185 non
678 1131 1004 1200 esplicando
1061 1131 1376 1200 perstrinxi,
1441 1146 1539 1201 pro
1571 1141 1724 1184 tanto
1757 1130 1855 1186 tibi

272 1220 587 1290 signiﬁcare
614 1221 826 1287 curavi,
863 1230 921 1274 ut
973 1223 1153 1292 primo
1200 1223 1314 1277 htec
1359 1231 1616 1290 tanquam
1653 1236 1680 1274 a
1709 1220 1854 1275 ﬁdeli

272 1321 530 1367 narrante
558 1326 681 1368 esse
709 1327 838 1368 vera
864 1328 1189 1382 cognoscas,
1228 1315 1609 1382 cognoscendo
1644 1314 1853 1368 condo-

269 1405 406 1466 ιρις,
448 1415 500 1458 et
534 1405 659 1460 aliis
716 1406 1060 1474 prmtlicando
1105 1407 1420 1470 denunties,
1468 1407 1561 1476 qui
1608 1406 1709 1460 ista
1749 1421 1854 1460 non

269 1495 522 1559 credunt,
561 1506 722 1565 atque
747 1495 934 1554 ﬁdeles
975 1499 1210 1564 animas,
1246 1499 1290 1552 si
1331 1508 1450 1567 quin
1489 1499 1853 1565 reperiuntur,

271 1587 326 1639 in
359 1586 561 1642 mundo
577 1597 850 1654 gestantes
877 1590 1090 1643 viscera
1105 1591 1343 1656 pietatis,
1374 1605 1559 1654 orare,
1596 1590 1854 1658 clamare,

269 1688 324 1732 et
349 1677 476 1732 ﬂere
503 1691 630 1732 ante
665 1681 828 1748 pedes
875 1680 1074 1735 d-ivinte
1108 1681 1407 1751 Maiestatis
1429 1682 1681 1749 inducas,
1720 1692 1779 1735 ut
1804 1683 1865 1736 in

267 1781 424 1826 tanto
452 1772 699 1841 periculo
734 1771 849 1827 suis
876 1773 1150 1837 ﬁdelibus,
1187 1774 1270 1826 vel
1301 1774 1490 1829 saltem
1525 1789 1624 1827 suo
1649 1774 1860 1826 nomini

273 1863 568 1918 subvenire
625 1863 906 1933 dignetur.
956 1863 1092 1918 Nam
1155 1865 1199 1918 si
1222 1865 1290 1918 ab
1355 1867 1472 1934 ipso
1519 1864 1852 1933 adiutorium

1961 672 2088 727 dum
2144 682 2248 738 est,
2307 681 2366 727 ut
2422 674 2468 728 si
2527 675 2827 730 obsidionis
2885 690 3046 730 casus
3086 675 3370 739 acciderit,
3425 677 3542 745 ipse

1959 763 2178 830 adjuvet
2212 761 2372 826 Deus,
2406 762 2663 833 quoniam
2709 766 2775 819 de
2822 765 2996 832 Italia,
3027 766 3172 820 unde
3227 765 3302 818 illi
3333 766 3539 820 civitati

1959 855 2204 908 succurri
2234 853 2456 910 forsitan
2493 856 2783 922 timuisset,
2820 859 3052 913 maxime
3096 873 3124 912 a
3155 858 3376 914 Venetis
3401 897 3415 924 ,
3444 872 3542 926 pe-

1960 946 2108 1001 nitus
2133 957 2218 1002 est
2252 963 2512 1015 securus;
2567 965 2632 1004 ex
2681 965 2789 1018 qtto
2839 966 2942 1006 non
2995 950 3236 1006 creditur
3281 959 3393 1006 toto
3428 965 3540 1005 suae

1959 1047 2201 1106 tempore.
2231 1040 2352 1093 vitae
2379 1042 2520 1093 hunc
2584 1039 2754 1096 fuisse
2816 1051 2926 1095 tam
2974 1041 3186 1096 fortiter
3216 1042 3537 1104 animatum,

1961 1137 2178 1196 tamque
2231 1130 2550 1200 dispositum
2615 1133 2680 1185 ad
2732 1132 2854 1197 hoc,
2915 1134 3186 1202 quomodo
3241 1149 3382 1186 nunc
3421 1145 3538 1195 est;

1961 1220 2106 1290 quod
2150 1231 2205 1276 et
2245 1222 2349 1276 alia
2387 1222 2500 1291 jam
2541 1223 2700 1278 dictis
2742 1224 2936 1280 iudicia
2985 1225 3269 1282 manifesta
3315 1227 3542 1281 demon-

1961 1322 2161 1368 strant.
2213 1311 2350 1368 Nam
2385 1315 2609 1385 triginta
2666 1316 2833 1372 millia
2888 1318 3165 1387 piconum,
3212 1319 3543 1386 totidemque

1961 1404 2285 1458 malleorum
2311 1415 2475 1472 atque
2501 1407 2746 1476 palarnm
2771 1407 2841 1462 de
2865 1409 3008 1463 ferro
3039 1424 3352 1478 magnarum
3384 1411 3544 1463 modo

1962 1495 2142 1564 parari
2175 1495 2325 1551 fecit.
2382 1496 2461 1551 Tu
2521 1506 2726 1564 autem,
2760 1501 2826 1554 ad
2870 1500 3000 1570 quid
3046 1500 3192 1554 ista?
3233 1502 3540 1555 considera.

1961 1585 2188 1655 Insuper
2220 1600 2494 1656 nunquam
2541 1591 2856 1656 manducat,
2906 1599 2960 1646 et
3004 1606 3127 1646 raro
3155 1608 3280 1646 cum
3323 1591 3435 1646 suis
3467 1597 3546 1645 to»

1959 1677 2167 1745 quitur,
2229 1678 2446 1747 quando
2491 1680 2684 1734 civitas
2748 1679 3360 1753 Constantinopolitana
3415 1699 3542 1738 cum

1961 1771 2196 1837 suspirio
2219 1771 2526 1838 proferatur
2573 1773 2628 1827 in
2692 1773 2948 1828 medium.
2999 1775 3065 1829 Et
3091 1792 3198 1829 non
3237 1777 3543 1838 immerito;

1963 1876 2087 1915 cum
2117 1877 2213 1932 per
2245 1864 2418 1932 Ipsam
2450 1863 2614 1918 etiam
2650 1866 2812 1920 maris
2843 1867 3140 1937 potentiam
3171 1867 3328 1922 facile
3363 1878 3547 1937 posset

273 1967 516 2011 nostrum
538 1972 643 2010 non
671 1957 876 2021 veniat,
901 1957 1102 2012 frustra
1134 1967 1488 2026 exspectatur
1510 1957 1578 2011 ab
1604 1957 1847 2020 homine,
1885 1949 2255 2022 Bacquirere.
2309 1959 2480 2023 Adde,
2546 1959 2590 2012 si
2641 1961 2770 2029 quid
2823 1963 3078 2030 p0nderis
3136 1970 3240 2026 est,
3297 1960 3440 2030 quod
3479 1963 3544 2014 de

275 2049 328 2102 in
359 2063 466 2118 quo
497 2058 580 2104 est
611 2062 747 2102 vana
790 2049 960 2112 salus,
1004 2058 1059 2103 et
1113 2049 1203 2117 qui
1253 2057 1436 2119 sperat
1470 2049 1524 2102 in
1554 2063 1640 2110 eo,
1667 2048 1846 2117 potius

273 2139 613 2195 maledictus.
641 2139 749 2194 Sed
797 2151 851 2194 et
894 2142 1007 2196 haec
1043 2142 1321 2211 potissima
1376 2157 1538 2197 causa
1585 2151 1689 2205 est,
1730 2155 1852 2209 quac

273 2247 361 2286 me
388 2233 482 2287 tibi
515 2234 580 2286 ad
609 2235 706 2288 ista
733 2234 1020 2289 scribenda
1053 2236 1368 2299 commovit,
1399 2244 1457 2289 ut
1485 2244 1539 2289 tu
1571 2233 1846 2298 videlicet,

273 2327 366 2394 qui
393 2325 593 2382 Christi
626 2327 828 2397 pietate
858 2337 911 2382 et
955 2329 1259 2383 animarum
1293 2328 1409 2383 zelo
1438 2343 1734 2384 succensus
1769 2343 1850 2394 es,

272 2419 472 2486 quique
503 2419 730 2474 scientia
758 2429 812 2474 et
840 2421 1147 2489 eloquentia
1181 2422 1372 2486 ﬂores,
1414 2423 1650 2476 litteram
1689 2421 1854 2474 istam

273 2523 435 2577 quam
464 2511 560 2563 tibi
618 2514 871 2574 conﬁcio.
928 2514 1134 2584 dirigas
1183 2523 1237 2568 et
1271 2529 1524 2578 exornes,
1581 2530 1642 2568 ac
1671 2513 1852 2568 debita

275 2610 477 2671 pietate
511 2613 566 2658 et
598 2607 864 2673 gravitate
895 2607 1190 2676 componas
1214 2643 1230 2668 ,
1267 2615 1534 2675 quatenus
1567 2606 1728 2676 digna
1763 2607 1856 2660 ﬁat

273 2695 328 2746 in
387 2705 682 2764 conspectu
737 2711 922 2766 regum
993 2708 1047 2752 et
1101 2699 1406 2767 principum
1459 2711 1740 2765 apparere.
1808 2695 1852 2750 si

272 2785 417 2840 torte
444 2788 670 2841 audiant
700 2798 755 2842 et
779 2799 1176 2846 convertantur
1202 2790 1531 2858 quandoque
1558 2793 1622 2842 ad
1653 2787 1855 2843 Christi

271 2877 400 2934 Jesu
441 2878 690 2948 iniuriam
729 2880 1134 2936 vindicandam.
1163 2882 1279 2936 Nisi
1311 2882 1490 2952 potius
1522 2897 1552 2937 e
1576 2881 1856 2938 contrario

270 2972 624 3044 iudicaveris,
662 2980 815 3027 tanto
844 2974 910 3027 ad
959 2974 1062 3027 sibi
1104 2972 1263 3029 ﬁdem
1297 2975 1636 3042 praebendam
1681 2975 1854 3043 aptio-

272 3078 385 3120 rem
405 3080 546 3127 esse,
566 3078 772 3134 quanto
794 3080 897 3119 non
920 3061 1245 3134 composito,
1269 3081 1376 3120 non
1409 3076 1599 3120 ornato
1615 3063 1854 3135 eloquia,

275 3157 368 3211 sed
403 3156 541 3225 stylo
568 3155 799 3224 simplici
831 3156 1200 3224 conscriptam
1243 3157 1476 3224 quisque
1507 3154 1854 3222 cognoverit;

1953 2047 2204 2101 omnibus
2233 2048 2391 2128 villis,
2426 2050 2740 2105 civitatibus
2777 2061 2830 2106 et
2866 2051 3104 2109 rastellis
3152 2067 3250 2104 suo
3279 2050 3545 2121 snhjcCIis

1955 2139 2205 2206 imperio,
2242 2155 2362 2208 quae
2396 2139 2538 2196 forte
2588 2152 2806 2210 Centum
2864 2143 3027 2196 millia
3083 2151 3233 2208 sunt,
3269 2143 3539 2196 decimam

1955 2244 2250 2299 pucrorunt
2283 2227 2498 2300 partem
2539 2231 2606 2287 de
2631 2232 2985 2296 CltriStianis.
3023 2233 3168 2302 quod
3217 2234 3366 2303 prius
3399 2249 3544 2287 nun-

1954 2337 2115 2391 quam
2147 2320 2368 2389 fecerat,
2399 2338 2570 2393 nuper
2621 2326 2839 2394 accepit
2869 2339 2899 2379 a
2932 2325 3117 2379 decem
3163 2340 3335 2394 usque
3363 2325 3430 2380 ad
3468 2326 3547 2379 vi-

1956 2411 2090 2481 gittli
2120 2413 2294 2468 aetatis
2321 2428 2523 2479 atinas,
2560 2431 2698 2485 quos
2745 2431 2876 2472 suos
2923 2417 3190 2486 speciales
3238 2415 3460 2471 Sclavos
3493 2427 3548 2471 et

1902 2509 1907 2519 '
1955 2504 2294 2574 Armigeros,
2349 2517 2402 2561 et
2445 2509 2590 2575 quod
2637 2509 2793 2577 pejus
2828 2519 2936 2574 est,
3009 2511 3313 2565 Saracenos
3343 2495 3546 2565 eﬁcci‘t.

1958 2593 2112 2648 Unde
2148 2596 2434 2652 manifeste
2475 2609 2717 2668 apparet,
2748 2609 2804 2652 ttt
2831 2616 3097 2654 summam
3128 2601 3369 2655 omnium
3401 2601 3546 2655 brevi

1957 2689 2126 2743 verbo
2165 2691 2510 2755 concludam,
2567 2707 2711 2745 nunc
2768 2691 3146 2747 infaliihilitcr
3180 2693 3384 2746 instare
3415 2703 3549 2746 tem-

1959 2772 2112 2851 pora,
2151 2793 2210 2838 ut
2247 2795 2340 2837 aut
2375 2784 2490 2853 ipse
2519 2784 2764 2840 destruat
2790 2785 3153 2847 Christianos,
3190 2796 3347 2841 auta
3387 2785 3551 2841 Chri~

1959 2876 2155 2932 Stianis
2229 2877 2452 2947 penitus
2505 2877 2771 2944 deleatur,
2820 2895 3047 2948 quorum
3110 2879 3341 2948 printtnu
3386 2881 3548 2933 vehe-

1961 2979 2174 3025 menter
2199 2985 2259 3025 ex
2270 2984 2462 3039 paveo,
2494 2970 2725 3024 alterum
2758 2971 2933 3038 potius
2955 2971 3096 3026 Deus
3124 2973 3239 3038 ipse
3259 2972 3541 3026 concedat.

1959 3064 2114 3131 Quod
2151 3073 2330 3118 tamen
2385 3079 2486 3120 nec
2541 3065 2941 3134 desperandum
2994 3079 3097 3122 est.
3147 3065 3280 3120 Nam
3333 3066 3542 3134 publica

1963 3158 2107 3211 inter
2133 3155 2440 3212 Saracenos
2468 3166 2521 3210 et
2548 3149 2784 3210 Teucros
2810 3154 2951 3210 fama
2976 3155 3246 3225 divulgata
3285 3154 3542 3214 defertur.
3622 3182 3624 3185 -

277 3250 422 3318 quod
455 3259 623 3302 totum
653 3247 1074 3341 vestro.jndicio
1107 3248 1449 3316 derelinquo.
1490 3245 1853 3301 Facio'lidcm
1880 3287 1927 3344 ο
1966 3248 2176 3303 instare
2209 3260 2425 3318 tempus
2455 3249 2840 3304 destructionis
2868 3263 3083 3316 eorum,
3107 3251 3296 3318 eLjant
3325 3257 3547 3317 praetcr-

275 3343 484 3408 verbis,
513 3347 625 3395 non‘
657 3323 934 3412 Iacrymis,
960 3356 1067 3397 non
1109 3339 1304 3404 dolori,
1325 3353 1443 3409 qum
1471 3329 1646 3408 potius
1676 3338 1858 3408 quoti-

277 3436 369 3490 die
403 3444 759 3500 renovantur,
794 3447 977 3501 orans,
1011 3441 1066 3488 et
1096 3440 1403 3500 protestans
1431 3440 1482 3486 te
1515 3446 1613 3501 per
1649 3430 1856 3485 viscera

275 3525 403 3580 Jesu
431 3524 658 3591 Christi,
693 3533 751 3580 ut
784 3524 898 3580 haec
943 3525 1172 3589 scribas,
1217 3525 1332 3579 haec
1369 3524 1536 3588 dicas,
1573 3524 1686 3577 hzec
1721 3536 1858 3591 pra:-

276 3619 429 3673 dices
460 3618 556 3672 toti
590 3618 812 3684 tnundo,
845 3625 900 3672 et
939 3619 1121 3687 parvis
1165 3626 1222 3672 et
1265 3617 1471 3685 magnis
1511 3613 1754 3669 dominis
1803 3623 1855 3666 et

278 3713 550 3783 praelatis,
581 3711 755 3781 utqui
807 3719 1034 3780 possunt
1087 3711 1398 3780 pugnando,
1448 3709 1538 3776 qui
1591 3722 1696 3760 non
1734 3721 1872 3774 pos:

285 3815 434 3871 Stllll,
481 3805 670 3860 saltem
712 3804 920 3860 orando
958 3803 1308 3859 subvenianl.
1341 3801 1494 3868 Quod
1543 3799 1586 3855 si
1637 3799 1855 3862 vellent,

279 3896 510 3952 Domino
550 3895 919 3966 permittente,
983 3906 1092 3950 tam
1132 3894 1287 3950 facile
1340 3895 1479 3948 foret
1535 3906 1857 3948 succurrere

278 3999 433 4044 tanto
485 3987 698 4058 morbo,
748 3999 1014 4059 quantum
1066 3989 1115 4043 ei
1164 3987 1256 4056 qui
1288 3986 1514 4057 praafata
1544 3983 1854 4055 perlegerit,

278 4079 620 4148 incredibile,
651 4081 758 4135 imo
785 4079 1118 4151 impossibile
1143 4079 1434 4133 videretur.

354 4171 432 4229 Ds
466 4183 687 4238 caetero,
733 4171 925 4236 frater,
953 4181 1266 4241 compatere
1321 4169 1500 4235 nobis,
1532 4169 1622 4240 qui
1659 4181 1856 4237 supra-

279 4266 425 4322 dicta
476 4266 717 4336 quotidie
756 4266 1003 4321 videmus
1063 4273 1119 4319 et
1181 4265 1491 4331 tangimus;
1547 4271 1858 4331 contpatere

279 4359 460 4429 magis
512 4359 727 4414 miseris
783 4357 1094 4429 captivatis,
1145 4371 1376 4428 quorum
1414 4353 1586 4426 multo
1639 4352 1858 4421 gravius

281 4461 367 4506 est
395 4450 696 4519 periculum
727 4453 1056 4516 animarum,
1104 4463 1264 4519 quam
1306 4446 1423 4518 ipsa
1453 4446 1702 4514 corporis
1737 4458 1858 4499 ser-

283 4543 493 4598 vitudo.
517 4542 622 4597 Sed
665 4543 902 4597 tuaxime
933 4538 1330 4609 compassionis
1359 4538 1564 4607 pietate
1591 4536 1858 4605 liquescat

1961 3339 2111 3407 iisse,
2137 3347 2197 3394 ut
2247 3355 2437 3396 eorum
2471 3340 2716 3411 quadam
2747 3341 3043 3410 prophetiae
3083 3342 3379 3397 declarant.
3437 3340 3544 3396 Sed

1956 3447 2024 3488 ex
2053 3449 2241 3489 eorum
2273 3435 2644 3505 eleemosynis
2675 3445 2728 3487 et
2755 3434 2960 3504 pietate
2993 3435 3045 3488 in
3085 3451 3377 3504 pauperes,
3401 3438 3548 3504 quod

1959 3537 2146 3579 verum
2206 3534 2313 3592 est,
2364 3535 2419 3580 et
2479 3542 2547 3579 ex
2601 3536 2915 3580 nostrorqu
2978 3527 3353 3596 castigatione,
3402 3528 3546 3596 quod

1960 3617 2141 3670 verius
2168 3624 2274 3682 est,
2314 3629 2487 3684 usque
2517 3615 2571 3670 in
2599 3631 2841 3684 prmsens
2868 3631 2990 3671 esse
3015 3617 3264 3682 dilatum,
3295 3628 3346 3672 et
3369 3619 3547 3672 adhuc

1958 3717 2012 3760 et
2039 3705 2654 3763 tlitttitIs-tliffettenduut.

2027 3795 2072 3853 Ο
2098 3797 2110 3848 ι
2133 3798 2221 3853 tibi
2257 3813 2400 3852 nunc
2420 3808 2506 3853 est
2537 3799 2643 3854 dux
2681 3798 2771 3851 ille
2805 3797 3332 3870 Christianissimus,
3362 3801 3540 3864 fortis,

1959 3887 2081 3956 pius
2109 3886 2482 3956 Gottofredus,
2513 3888 2696 3944 Boxon
2743 3889 2860 3958 (sic)
2885 3929 2900 3953 ,
2933 3889 3229 3946 Balduinus
3260 3902 3313 3946 et
3340 3888 3542 3963 reliqui

1962 3979 2240 4048 principes
2277 3994 2372 4049 per
2403 3980 2609 4035 inﬁnita
2643 3981 2841 4036 saecula
2889 3981 3151 4050 gloriosi?
3187 3983 3277 4053 qui
3331 3985 3544 4038 Christi.

1960 4071 2090 4126 Iesu
2119 4072 2430 4140 sepulcrum
2469 4075 2535 4128 de
2577 4073 2875 4128 inﬁdelium
2912 4073 3166 4128 manibus
3201 4074 3546 4129 liberarunt?

1961 4175 2016 4219 et
2048 4173 2105 4218 ut
2134 4165 2295 4234 paulo
2324 4165 2484 4222 altius
2528 4179 2793 4234 repetam,
2830 4167 2918 4222 ubi
2962 4165 3188 4222 Carolus
3222 4168 3311 4222 ille
3348 4167 3544 4221 nobilis

1963 4254 2296 4310 Francorum
2349 4272 2467 4322 rex,
2509 4258 2678 4328 cujus.
2718 4259 2998 4322 omlest'em
3035 4266 3090 4311 et
3137 4267 3392 4312 :rternam
3427 4259 3545 4326 glo-

1964 4348 2099 4403 riam
2137 4348 2280 4402 nulIa
2306 4347 2508 4402 delebit
2544 4358 2696 4414 aetas,
2738 4349 2994 4418 nullaque
3044 4350 3244 4405 oblivio
3261 4351 3290 4404 τ’
3313 4353 3403 4418 qui
3432 4367 3539 4404 non

1962 4437 2124 4493 modo
2182 4437 2500 4492 fortitudine
2551 4447 2606 4492 et
2666 4440 2858 4501 armis,
2919 4453 3106 4494 verum
3163 4444 3335 4493 multo
3369 4443 3542 4509 magis

1961 4531 2248 4600 prudentia
2275 4538 2330 4584 et
2365 4530 2563 4598 pietate
2603 4528 2813 4585 Christi
2845 4528 2974 4584 Jesu
3009 4531 3261 4600 iniuriam
3293 4531 3539 4586 vindica-

283 4647 450 4703 supra
502 4631 740 4701 reliquos
785 4630 1149 4694 Christianos,
1189 4642 1330 4696 quos
1379 4637 1529 4682 tanta
1581 4625 1858 4679 cernimus
1894 4642 1938 4698 ι)
1971 4633 2058 4676 tus
2087 4633 2190 4687 est,
2225 4623 2489 4693 cujusque
2513 4622 2670 4677 ﬁdem
2704 4632 2758 4676 et
2783 4623 2987 4677 cultum
3025 4625 3080 4678 in
3121 4621 3434 4678 Occidentis
3485 4636 3541 4679 et

289 4723 594 4778 miseranda
625 4723 866 4790 perditos
906 4723 1170 4778 caecitate.
1203 4719 1488 4776 Postremo
1513 4717 1734 4778 fratres,
1765 4717 1858 4786 qui

287 4831 499 4873 mecum
526 4825 652 4870 sunt
679 4829 870 4869 novem
921 4829 1150 4869 numero
1187 4814 1334 4870 inter
1372 4813 1608 4868 novitios
1645 4820 1701 4866 et
1730 4826 1859 4877 pro-

289 4907 481 4970 fessos,
507 4907 614 4961 tuis
634 4915 687 4959 et
716 4904 943 4959 aliorum
976 4915 1186 4974 patrum
1240 4903 1584 4959 orationibus
1618 4915 1678 4956 se
1708 4914 1860 4956 com-

289 5000 573 5054 incndant.
615 4996 787 5064 Quam
825 4998 1058 5050 maxime
1094 5005 1274 5050 autem
1307 5009 1467 5050 orare
1492 4993 1861 5062 complsceat,

289 5104 353 5143 ac
397 5087 518 5144 aliis
570 5087 954 5144 commendare
1004 5087 1282 5141 civitatem
1324 5086 1508 5150 istam,
1567 5099 1688 5154 qua:
1711 5081 1860 5136 Teu-

287 5196 442 5235 crum
495 5194 595 5249 pro
651 5194 797 5234 anno
855 5178 1105 5248 sequenti
1153 5175 1626 5232 vehementissime
1685 5175 1859 5238 timet,

285 5276 608 5346 iudicioque
634 5273 877 5329 omnium
934 5272 1092 5327 valde
1145 5269 1442 5325 timendum
1471 5279 1575 5335 est,
1602 5268 1858 5336 quoniam

289 5371 392 5425 tria
429 5370 595 5424 millia
642 5379 795 5422 eteo
838 5365 1072 5434 amplius
1116 5365 1371 5434 iuvenum
1420 5363 1859 5418 Christianorum

288 5457 355 5510 ad
401 5471 555 5512 mare
585 5455 866 5520 conduxit,
923 5467 1130 5523 eosque
1171 5451 1439 5508 instruere
1486 5451 1614 5506 fecit
1655 5450 1864 5520 optimo

292 5548 580 5614 remigare,
637 5547 928 5615 galeasque
971 5545 1229 5600 continue
1283 5553 1438 5611 parat
1479 5543 1548 5598 ad
1604 5557 1860 5612 pugnam.

287 5637 444 5704 Quod
482 5637 532 5691 si
557 5637 714 5692 istam
744 5637 1017 5692 civitatem
1045 5637 1271 5704 ceperit,
1295 5636 1437 5706 quod
1459 5635 1602 5692 Deus
1629 5644 1862 5700 avertat,

291 5718 390 5784 heu
415 5729 428 5782 l
451 5728 554 5781 heu
575 5729 588 5781 ε
611 5729 824 5782 ueteris
841 5727 1338 5798 Christianis,quos
1366 5730 1430 5782 de
1458 5726 1600 5783 facili
1630 5717 1864 5796 postmo-

289 5826 415 5879 dum
446 5836 756 5890 oppugnarc
785 5820 1011 5889 poterit,
1039 5829 1089 5874 ct
1127 5835 1222 5889 per
1253 5836 1398 5874 mare
1429 5832 1483 5875 ct
1519 5835 1614 5890 per
1640 5830 1859 5883 terram,

288 5930 410 5972 cuin
446 5915 514 5971 ad
548 5928 788 5986 praesens
819 5913 1048 5972 alteram
1092 5914 1261 5972 solam
1291 5928 1526 5996 manum
1564 5913 1735 5985 possit
1767 5927 1860 5971 ει·
1893 5989 1900 5996 ,

1967 4716 2202 4770 Orientis
2223 4715 2468 4784 partibus
2484 4713 2781 4784 ampliavit,
2799 4722 3057 4783 tantaque
3074 4723 3128 4768 et
3147 4716 3228 4769 sui
3249 4724 3305 4769 et
3320 4731 3539 4770 suorum

1965 4806 2143 4862 adhuc
2166 4815 2250 4860 est
2276 4806 2466 4873 gloria,
2497 4815 2558 4860 ut
2587 4805 2762 4876 ipsum
2792 4804 3125 4858 Francorum
3154 4820 3347 4860 nomen
3375 4807 3553 4884 ctiam-

1966 4896 2225 4952 Barbaris
2285 4897 2528 4952 terribile
2582 4895 2850 4959 videatur,
2907 4911 3204 4964 omnesque
3241 4898 3553 4954 Christiani-

1962 4988 2396 5044 Occidentalium
2437 4988 2720 5057 regionum
2743 5003 2839 5058 per
2870 4998 3038 5042 totum
3063 4987 3335 5065 Orientem
3368 4989 3540 5044 Fran-

1964 5097 2151 5137 corum
2229 5081 2451 5136 nomine
2520 5082 2881 5152 appellentur.
2935 5079 2980 5136 Ο
3046 5082 3213 5151 igitur
3269 5098 3425 5156 reges
3487 5093 3541 5139 et

1963 5175 2240 5245 principes
2269 5172 2588 5239 Christiani,
2622 5173 2827 5243 surgite
2857 5174 2990 5245 jam,
3035 5177 3158 5241 quia
3201 5185 3417 5244 tempus
3435 5187 3536 5229 est.

1963 5267 2131 5322 Adest
2182 5266 2514 5334 exemplum,
2553 5265 2709 5320 adest
2779 5265 2974 5326 honor.
3022 5267 3174 5320 adest
3215 5265 3548 5328 necessitas,
3603 5307 3610 5312 .

1966 5359 2217 5413 hortatur
2267 5358 2504 5426 iustitia,
2561 5355 2782 5426 religio,
2837 5357 3003 5421 ﬁdes;
3054 5372 3183 5413 ecce
3233 5360 3537 5412 communis

1967 5451 2143 5506 hostis
2174 5452 2226 5504 in
2255 5461 2548 5520 conspectu
2581 5460 2689 5514 est,
2729 5451 2822 5520 qui
2863 5461 3053 5505 contra
3080 5451 3356 5505 Christum
3380 5457 3542 5517 caput

1965 5545 2159 5607 erexit,
2187 5543 2344 5597 fortis
2388 5543 2441 5596 in
2495 5543 2733 5606 timidos.
2768 5542 2821 5596 itt
2863 5544 3097 5597 audaces
3122 5541 3370 5610 pas-idus,
3408 5539 3539 5608 quid

1966 5635 2166 5706 agitis?
2196 5634 2374 5698 Vires,
2414 5647 2533 5703 qua:
2565 5647 2672 5687 non
2725 5635 2883 5688 modo
2918 5635 2984 5685 ad
3021 5629 3379 5685 resistendum
3440 5642 3538 5696 pa-

1967 5729 2145 5800 ganis,
2182 5741 2366 5783 verum
2411 5727 2476 5781 ad
2523 5726 2728 5782 Christi
2762 5741 2956 5779 nomen
3000 5722 3366 5793 ampliandum
3395 5718 3538 5774 sum-

1966 5827 2172 5882 cereut,
2224 5817 2276 5872 itt
2332 5832 2428 5873 vos
2482 5815 2817 5877 consumitis,
2862 5813 3106 5882 bellaque
3155 5812 3264 5881 geri
3314 5811 3537 5882 placuit,

1968 5912 2142 5971 nullos
2173 5909 2417 5968 habitura
2447 5909 2765 5978 triumphos.
2800 5907 2970 5975 Unde,
3003 5921 3207 5977 (10:12:50,
3237 5905 3553 5961 Alexandro
