4034 6432
292 435 432 502 1069

1071 435 1556 497 EPHEMERID.
1603 433 1702 496 DE
1733 433 1996 497 CPOl.IS
2031 436 2665 502 EXPUGNATIONL

3415 432 3552 497 1076

291 549 600 621 versa,quia
620 546 1000 604 salutationem
1021 546 1315 602 militarem
1331 545 1535 613 omisit,
1560 545 1872 602 bombarda:
1902 553 1971 609 Α.
2057 545 2218 604 Febr.
2243 547 2335 603 26.
2370 542 2486 601 Una
2541 545 2754 600 navium
2795 542 3122 598 Venetorum
3161 559 3279 611 qua:
3313 545 3359 598 vi
3412 547 3553 614 pacti

291 641 726 716 grandiorisictu
756 641 1052 711 mergitur;
1082 633 1392 696 nauclerus
1411 649 1535 710 post
1564 638 1634 692 14
1654 639 1864 694 dierum

252 792 259 799 ,
291 734 665 804 captivitatem
694 732 890 787 sultani
927 731 1084 802 jussu
1110 731 1177 785 ad
1203 731 1381 800 palum
1403 729 1663 798 adigitur,
1691 731 1869 786 accito

293 826 437 882 inter
455 827 724 892 palatinos
743 820 949 889 scriba,
981 821 1244 876 Dominici
1269 819 1474 875 Maistri
1501 821 1634 885 ﬁlio;
1661 822 1868 888 nautis,

294 923 480 989 paucis
525 916 788 985 exceptis,
835 916 923 982 qui
971 912 1478 979 Constantinopolin
1524 914 1674 967 missi
1720 922 1874 979 sunt,

295 1027 446 1069 serra
481 1026 578 1081 per
627 1009 861 1062 medium
893 1020 1090 1073 corpus
1121 1003 1331 1058 divisis.
1362 1002 1500 1056 Sunt
1552 1005 1644 1071 qui
1687 1002 1872 1056 dicant

296 1117 515 1158 causam
559 1099 728 1152 fuisse
753 1095 880 1152 belli
917 1105 1103 1148 eontra
1135 1093 1365 1148 Venetos
1384 1092 1546 1147 Fabr.
1571 1091 1871 1147 Cernernnt

299 1195 500 1249 infecta
557 1207 613 1246 re
644 1187 1109 1257 Constantinopoli
1155 1201 1454 1242 reversum.

375 1283 534 1346 1455.
557 1281 697 1336 llinc
718 1280 844 1334 inde
861 1279 1135 1334 Barbarus
1155 1293 1242 1333 res
1268 1281 1528 1344 quasdam
1552 1287 1704 1331 extra
1735 1287 1872 1331 tem-

299 1375 446 1444 poris
481 1373 747 1427 rationem
802 1379 1014 1424 narrat.
1045 1367 1230 1424 Mense
1275 1367 1399 1423 Jan.
1433 1368 1573 1423 “55
1597 1369 1726 1423 sult.
1764 1369 1874 1424 vim

301 1466 610 1532 pedestrem
659 1475 724 1515 ac
786 1461 1035 1516 navalem
1097 1459 1389 1514 maximam
1426 1458 1547 1513 urbi
1599 1462 1874 1515 admovet.

303 1554 490 1610 Mense
513 1552 811 1608 Februario
861 1559 1150 1616 tormenta,
1171 1549 1360 1606 decem
1391 1551 1620 1619 millium
1650 1549 1879 1605 cohorte

303 1646 561 1716 stipante,
579 1660 748 1714 prope
776 1645 965 1699 urbem
993 1643 1230 1700 adducit.
1252 1644 1453 1699 Eodem
1489 1658 1676 1698 mense
1704 1643 1878 1699 Graci

302 1754 424 1788 cum
479 1735 649 1789 tribus
684 1721 941 1803 navigiis‘
963 1733 1220 1789 Turciam
1269 1736 1508 1799 intrant,
1540 1747 1606 1788 ac
1637 1734 1879 1802 captivos

303 1825 778 1894 ConstantinOpoli
815 1826 1074 1889 vendunt,
1098 1826 1302 1880 sultani
1325 1827 1462 1880 iram
1495 1825 1880 1880 accendentes.

377 1917 536 1972 1452.
564 1917 763 1971 Mcntio
790 1917 1020 1970 duarum
1052 1915 1356 1970 triremium
1393 1915 1720 1972 Venetarnm
1743 1914 1880 1968 duce
1917 1910 1959 1965 Β

305 2009 557 2064 Gabriele
604 2009 904 2064 Trevisano
936 2009 1128 2078 Cpolln
1158 2009 1502 2078 appulsarum
1527 2047 1543 2073 ,
1578 2022 1699 2076 qua:
1725 2007 1881 2074 jussu

304 2112 534 2157 senatus
585 2101 771 2156 Veneti
823 2102 929 2155 tria
971 2101 1183 2171 navigia
1212 2101 1466 2153 oneraria
1522 2114 1552 2154 a
1587 2099 1722 2154 mari
1748 2100 1884 2154 Διοο

305 2195 426 2249 vico
479 2193 722 2264 profecta
751 2180 1173 2250 comitabantur.
1194 2192 1362 2246 Navis
1403 2191 1534 2247 item
1581 2190 1887 2246 Genueusis

307 2299 338 2337 a
397 2299 535 2353 papa
596 2284 764 2338 missa
827 2291 1164 2338 memoratur
1219 2281 1488 2338 lsidorum
1541 2280 1878 2337 eardinalent

305 2378 376 2448 (at
417 2377 676 2448 gardenol
719 2378 783 2431 de
836 2376 1024 2447 Rosia)
1075 2384 1298 2446 gestans
1347 2383 1408 2430 ut
1459 2384 1750 2445 utramque
1783 2374 1886 2432 Ec-

301 2469 532 2522 clesiam
594 2467 955 2532 conciliaret,
1003 2466 1111 2520 200
1171 2466 1473 2536 sagittariis
1529 2467 1884 2537 stipantibus,

304 2559 396 2626 qui
427 2560 616 2612 urbem
660 2563 803 2611 male
861 2557 1100 2610 habitam
1150 2557 1549 2623 defenderent;
1585 2566 1708 2612 octo
1755 2558 1886 2610 item

307 2664 477 2704 naves
512 2664 633 2704 cum
675 2657 980 2702 commeatu
1001 2663 1032 2702 e
1060 2646 1223 2703 Creta
1247 2649 1500 2704 aderant.

377 2741 514 2795 Nov.
538 2742 624 2795 to.
646 2741 759 2796 Duo
782 2757 975 2810 magna
1006 2741 1219 2809 navigia
1239 2758 1269 2796 e
1293 2741 1638 2796 Chersoneso
1651 2738 1885 2794 Taurica

307 2835 588 2889 venientia
653 2836 789 2888 duce
846 2832 1181 2904 Hieronymo
1228 2833 1508 2889 Morosino
1555 2830 1887 2904 (Jeroluemo

310 2924 602 2996 Rorezini)
636 2925 833 2980 Turcis
850 2939 881 2980 e
907 2925 1136 2980 castello
1152 2924 1523 2979 clamantibus
1540 2934 1596 2978 ut
1611 2923 1887 2978 anchoras

308 3017 584 3085 jacereut,
612 3016 896 3086 agerrime
932 3016 1247 3071 obedientes
1272 3025 1500 3072 mortem
1531 3026 1716 3070 tamen
1747 3014 1887 3070 elin-

307 3119 524 3178 geruut.
557 3107 684 3162 Haec
713 3107 801 3162 ubi
854 3106 1127 3163 Baiharus
1158 3109 1363 3172 retulit,
1416 3109 1608 3162 ordine
1638 3107 1888 3176 protinus

310 3203 702 3268 chronologico
735 3211 794 3256 ut
824 3210 984 3256 antea
1019 3202 1391 3270 pregreditur.
1514 3190 1522 3196 ’

384 3294 510 3347 Dec.
533 3294 590 3348 9..
632 3293 853 3348 Castelli
883 3292 1101 3348 Turcici
1146 3294 1347 3347 milites
1379 3293 1701 3362 praesidiarii
1734 3293 1894 3348 trire-

309 3402 450 3442 mem
483 3387 740 3441 Venetam
789 3384 905 3440 Jac.
941 3384 1086 3440 Coco
1126 3386 1260 3440 duce
1291 3386 1636 3456 Trapezunte
1668 3385 1881 3456 (Trabe-

307 3478 509 3547 xonda)
533 3479 839 3533 venientem
872 3479 1010 3532 male
1031 3485 1302 3545 tractant;
1335 3494 1453 3548 qua:
1475 3490 1654 3534 tamen
1679 3479 1893 3534 incolu-

311 3571 414 3624 mis
444 3570 637 3637 Cpolin
675 3569 944 3638 pervenit.
1729 3558 1738 3567 ’

385 3662 541 3715 1452.
572 3663 698 3716 Dec.
731 3662 801 3716 ti!
828 3671 882 3716 et
934 3663 1022 3716 15.
1054 3661 1319 3718 Ecclesiae
1356 3663 1642 3733 utriusque
1673 3663 1804 3718 unio
1839 3664 1892 3716 in

311 3755 370 3808 S.
407 3755 626 3823 Sophim
653 3753 883 3807 ecclesia
919 3755 1237 3808 soletnniter
1267 3755 1618 3808 conﬁrmata.
1651 3753 1892 3824 impera-

312 3856 418 3911 tor,
491 3845 787 3901 eardinalis
841 3845 1168 3906 Russorum.
1225 3847 1516 3916 episcopus
1601 3845 1888 3917 Mitylenes

321 3936 671 4002 (Leonardus
693 3933 1054 4006 Chiensis)‘et
1078 3934 1392 3991 Grecorum
1425 3937 1664 3990 barones
1695 3938 1760 3990 in
1789 3952 1883 3990 ea-

311 4034 434 4087 dem
487 4032 721 4087 ecclesia
755 4033 822 4086 de
873 4033 1208 4086 necessitate
1255 4031 1564 4086 deliberant
1597 4047 1760 4087 naves
1789 4033 1892 4087 Ve-

314 4134 467 4178 netas
505 4124 558 4177 in
585 4125 854 4178 auxilium
892 4125 1043 4178 urbis
1073 4124 1368 4178 retinendi.
1415 4154 1418 4156 η

385 4208 511 4264 Dec.
532 4210 621 4263 14.
641 4211 898 4280 Sequitur
915 4211 1178 4280 quidquid
1211 4211 1330 4266 viva
1356 4227 1488 4268 voce
1509 4227 1573 4267 ac
1598 4215 1800 4282 scripto
1819 4229 1902 4267 tu-

313 4313 396 4356 ter
415 4302 1106 4373 cardinalem,episcopum
1136 4303 1576 4376 Mitylettensem,
1619 4307 1899 4378 magistra-

315 4405 404 4449 tus
433 4394 672 4462 Graacos,
711 4405 998 4466 putorem
1027 4395 1317 4456 Venetam.
1350 4399 1641 4454 naucleros
1707 4415 1772 4455 ac
1829 4399 1892 4454 2i

313 4487 743 4554 spectatissimos
771 4487 823 4541 in
853 4489 986 4542 urbe
1031 4487 1184 4557 Cpoli
1239 4487 1470 4544 Venetos
1531 4489 1898 4545 deliberatum

1982 641 2137 695 abire
2161 653 2267 693 non
2287 637 2577 703 debebant,
2608 635 2772 690 ducta
2804 651 2830 687 a
2854 635 2913 688 1).
2937 635 3190 690 Davanzo
3211 651 3335 690 cum
3355 635 3386 690 6
3406 637 3558 691 navis

1987 735 2088 788 bus
2113 729 2466 800 emporeticis
2485 735 2649 782 vento
2667 725 2906 780 secundo
2934 726 3117 794 adjuta
3133 744 3163 782 e
3187 737 3342 795 portu
3361 730 3556 783 evasit.

2061 823 2215 877 Mart.
2255 820 2338 874 id.
2368 821 2692 889 imperatori
2745 819 2848 874 hoc
2900 819 3213 874 sollicitanti
3252 822 3357 874 dux
3398 822 3558 874 trire-

1989 916 2154 971 mium
2181 901 2514 970 Tanen'sinm
2549 913 2782 981 remiges
2813 927 2941 966 suos
2982 913 3047 966 ad
3092 913 3336 966 locorum
3375 913 3558 966 muni-

1988 993 2190 1064 tionem
2231 1017 2288 1062 et
2319 1007 2386 1060 ad
2435 1005 2693 1075 palatium
2735 1021 2902 1075 pr0pe
2932 1015 3145 1074 portam
3183 1007 3555 1076 cynegeticain

1986 1095 2516 1153 circumvallandutn
2559 1095 2900 1150 adhibendos
2942 1097 3133 1149 tradit.

2058 1189 2223 1243 Mart.
2261 1188 2352 1242 '51.
2411 1187 2613 1242 Eodem
2648 1202 2813 1255 porro
2844 1189 3017 1242 sancti
3054 1187 3276 1242 Sabbati
3319 1187 3425 1251 die,
3470 1187 3562 1254 qui

1933 1322 1942 1331 .
1988 1282 2208 1352 quidem
2247 1297 2370 1334 cum
2422 1280 2492 1335 29
2535 1280 2681 1345 Maii,
2715 1279 2808 1348 qui
2849 1280 3035 1334 Martis
3081 1280 3198 1333 dies
3229 1291 3367 1344 erat,
3409 1296 3560 1333 con-

1989 1374 2160 1445 gruit,
2209 1373 2461 1442 remiges,
2500 1371 2728 1441 jubente
2757 1370 2946 1434 Diedo,
2979 1371 3137 1425 navis
3189 1379 3439 1439 patrono,
3471 1387 3568 1425 co-

1991 1481 2106 1520 ram
2139 1466 2473 1533 imperatore
2505 1475 2555 1517 et
2587 1461 2934 1530 magnatibus
2964 1461 3138 1517 fossas
3166 1463 3396 1517 iaciunt.

2059 1556 2262 1624 Aprilis
2277 1557 2334 1611 2.
2355 1554 2597 1609 Barthol.
2619 1555 2857 1622 Soligus,
2872 1553 3204 1622 imperatore
3228 1557 3301 1609 ita
3321 1555 3565 1627 jnbente,

1993 1656 2182 1716 portus
2227 1647 2428 1700 ostium
2462 1645 2654 1712 Cpolin
2701 1644 2845 1699 inter
2897 1660 2960 1699 ac
2997 1647 3186 1700 Peratu
3223 1646 3428 1701 iatieoszi
3463 1647 3569 1700 ista

1991 1753 2182 1794 catena
2203 1739 2377 1794 ferrea
2402 1739 2546 1810 (quac
2572 1749 2766 1794 exacte
2785 1738 3138 1810 describitur)
3162 1740 3422 1794 occludit.

2063 1831 2387 1900 Imperator,
2415 1841 2652 1901 quatuor
2681 1831 3008 1886 Venetorum
3047 1830 3323 1884 nobilibus
3348 1831 3453 1884 hoc
3481 1844 3571 1882 ro-

1990 1923 2268 1994 gantibus,
2288 1931 2522 1992 quatuor
2544 1924 2938 1992 praecipitarunt
2971 1923 3119 1976 urbis
3145 1931 3422 1990 portarum
3447 1936 3571 1974 vcr-

1991 2031 2088 2070 sus
2109 2014 2482 2068 continentem
2507 2014 2814 2068 custodiam
2845 2012 3032 2076 tradit,
3074 2021 3286 2082 portam
3309 2011 3570 2067 Crescaut

1993 2104 2313 2177 (χρυσῆνῖ)
2353 2104 2612 2158 Catarino
2667 2102 3002 2168 Contarino;
3063 2102 3355 2165 secundam
3405 2098 3612 2154 Fabr.’

1991 2200 2268 2264 Coruaro;
2299 2198 2518 2252 tertium
2563 2211 2684 2264 qua:
2710 2195 2812 2264 τῆς
2857 2195 3046 2264 ﬁeri};
3078 2194 3410 2256 nominatur,
3454 2191 3570 2245 Nic.

1993 2290 2294 2358 Mozenigo,
2323 2287 2748 2342 Blachernarnm
2781 2285 3016 2354 denique
3035 2295 3246 2354 portam
3282 2283 3572 2354 Dolphino.

2067 2382 2384 2450 Sequuntur
2415 2380 2633 2434 nomina
2690 2377 2759 2433 68
2801 2378 3062 2431 nobilium
3097 2378 3428 2433 Venetorum
3479 2377 3574 2444 qui

1996 2474 2118 2529 urbi
2161 2475 2400 2529 obsessae
2446 2473 2694 2534 aderant,
2738 2471 2881 2524 inter
2910 2485 3049 2539 quos
3079 2479 3270 2523 auctor
3306 2468 3577 2537 Ephcme-

1997 2565 2171 2618 ridum
2221 2562 2537 2617 nominatur
2579 2561 2826 2614 medicus
2863 2561 3080 2612 navium
3111 2556 3467 2612 Tauensiunt.

2066 2652 2242 2721 April.
2285 2653 2338 2707 ὅ.
2366 2651 2628 2706 Sultanus
2655 2651 2994 2704 Mahotnetes
3025 2664 3146 2702 cum
3179 2649 3283 2702 160
3313 2647 3577 2702 militibus

1992 2745 2028 2798 2
2070 2743 2168 2814 119.
2204 2742 2340 2795 mill.
2376 2739 2496 2794 ltal.
2533 2739 2602 2793 ab
2631 2739 2968 2792 nrbecastra
3001 2745 3259 2788 metatur.

2068 2834 2240 2903 April.
2288 2833 2340 2888 6.
2375 2831 2516 2887 Hinc
2547 2836 2613 2885 ad
2652 2830 2888 2884 tnilliare
2931 2845 3095 2881 unum
3131 2829 3197 2881 ad
3227 2841 3415 2881 muros
3440 2827 3575 2878 mari

1995 2925 2242 2995 ohjectos
2272 2922 2526 2994 procedit
2550 2932 2616 2977 ct
2651 2922 2813 2990 paulo
2845 2921 3047 2976 abhinc
3084 2921 3136 2974 iu
3173 2922 3395 2988 regione
3429 2919 3580 2974 urbis

1996 3017 2322 3072 occidentali
2359 3015 2484 3070 inde
2516 3033 2547 3070 a
2573 3024 2725 3084 porta
2757 3017 2942 3069 Aurea
2972 3029 3144 3082 usque
3189 3012 3256 3066 ad
3283 3011 3578 3082 Cynegeti-

1997 3126 2114 3166 cam
2147 3125 2240 3180 per
2265 3110 2296 3163 6
2327 3109 2462 3163 mill.
2496 3109 2624 3162 ital.
2657 3117 2840 3161 eastra
2877 3107 3048 3174 ponit.

2071 3203 2185 3259 Sub
2215 3203 2408 3257 eodem
2441 3202 2527 3256 die
2557 3202 2856 3270 imperator
2900 3215 3021 3254 cum
3081 3198 3271 3252 multis
3307 3197 3582 3251 nobilibus

1999 3295 2388 3363 equitibusque
2413 3292 2475 3346 ad
2504 3301 2715 3360 portam
2738 3295 3007 3360 Auream;
3050 3303 3249 3360 praeter
3274 3303 3453 3346 autem
3486 3291 3583 3345 Mi-

1999 3395 2182 3440 nottus
2205 3398 2326 3438 cum
2357 3382 2607 3451 plurimis
2629 3381 2850 3436 Venetis
2877 3382 3272 3437 mercatoribus
3301 3382 3352 3434 itt
3383 3380 3604 3450 palatio

2001 3476 2356 3544 imperatorio
2381 3475 2500 3528 loca
2515 3489 2610 3528 sua
2640 3489 2936 3541 occupasse
2964 3475 3275 3528 traduntur.
3315 3473 3582 3543 Legimus

1997 3569 2224 3636 insuper
2255 3565 2402 3634 quod
2437 3580 2670 3634 magnus
2701 3563 2838 3628 Dux,
2873 3565 3110 3632 primum
3149 3565 3448 3617 secundum
3486 3564 3584 3615 ἰω-

1954 3726 1956 3729 .
1998 3669 2310 3727 peratorem
2350 3659 2526 3712 locum
2589 3667 2785 3712 tenens
2843 3655 3020 3726 portui
3073 3656 3312 3723 prminit,
3357 3656 3447 3711 ubi
3486 3656 3588 3710 100

1996 3753 2048 3808 ei
2090 3751 2216 3821 equi
2252 3751 2425 3820 parati
2453 3751 2714 3812 stabant;
2741 3749 2888 3818 quod
2924 3748 3062 3802 muri
3083 3747 3348 3805 maritimi
3399 3759 3585 3802 custo-

1997 3844 2087 3898 dia
2115 3842 2401 3898 monachis
2427 3843 2563 3896 duce
2589 3840 2837 3896 Mattuele
2865 3841 3098 3908 Giagaro
3121 3840 3370 3909 ('lzypov
3399 3839 3579 3894 Grzeei

1998 3932 2298 4004 appellant)
2329 3947 2394 3988 ac
2431 3927 2714 4002 Neophyto
2765 3927 3039 3984 Rhodensi
3098 3927 3388 3982 commissa
3449 3926 3582 3991 fuit;

1997 4026 2141 4095 quod
2165 4024 2401 4092 denique
2426 4021 2533 4076 alia
2557 4022 2801 4091 quaedam
2833 4020 2982 4075 urbis
3008 4019 3154 4089 regio
3179 4019 3430 4089 Dorgano
3467 4021 3583 4088 (qni

1999 4117 2188 4187 procul
2234 4117 2398 4171 dubio
2439 4117 2578 4170 idem
2620 4124 2706 4170 est
2749 4129 2874 4170 cum
2926 4114 3172 4184 principe
3222 4113 3591 4175 Orchanoiet

2003 4191 2473 4265 tnercenariorum
2495 4208 2708 4264 cohorti
2735 4207 3036 4263 Turcarum
3067 4207 3160 4277 qui
3192 4222 3219 4261 a
3251 4209 3470 4262 sultano
3496 4207 3590 4259 de-

2000 4304 2268 4366 fecerant,
2302 4302 2660 4358 custodienda
2691 4300 2791 4355 fuit
2817 4301 3013 4355 tradita
3041 4317 3056 4353 :
3092 4316 3213 4370 quae
3241 4299 3423 4354 omnia
3446 4299 3590 4352 sicut

2001 4396 2108 4450 alio
2141 4409 2263 4464 qum
2293 4395 2450 4449 modo
2484 4393 2791 4456 retulimus,
2829 4407 2958 4448 cum
3002 4391 3291 4446 Phrantza:
3319 4375 3588 4444 i‘elatioue

2003 4503 2333 4558 comparare
2363 4502 2425 4542 ac
2463 4486 2746 4541 discutere
2782 4485 3228 4555 supersedemus.

316 4580 446 4643 fuit,
485 4579 839 4649 additumque
893 4583 1178 4636 decretum
1210 4593 1267 4636 ut
1302 4594 1617 4637 memorata:
1644 4584 1898 4640 triremes
1926 4593 1978 4653 1)
2078 4578 2278 4634 Eodem
2309 4579 2396 4631 die
2447 4578 2749 4646 imperator
2774 4577 3097 4632 classiarios
3149 4578 3242 4646 qui
3283 4588 3394 4634 tres
3424 4595 3594 4648 supra

318 4669 639 4740 Byzantium
696 4687 764 4724 ne
801 4673 1196 4740 relinquerent.
1229 4671 1408 4743 (Conf.
1442 4670 1702 4728 Phrantz.
1743 4674 1898 4743 258.)

389 4762 517 4817 Dic.
565 4762 778 4817 17.20»
804 4762 1092 4818 Duodecim
1139 4763 1248 4817 viri
1285 4763 1544 4818 nobilium
1569 4765 1899 4820 Venetorum

318 4864 444 4923 post
466 4864 732 4909 maturam
758 4853 1204 4908 deliberationem
1231 4856 1534 4909 decernunt
1560 4871 1665 4924 qua
1691 4856 1903 4910 ratione

319 4962 386 5001 ac
421 4948 580 5000 modo
621 4958 814 5001 recens
854 4947 1071 4999 decreta
1114 4947 1332 5001 senatui
1365 4946 1574 5002 Veneto
1607 4947 1902 5002 deferenda

316 5040 449 5094 sint.
1658 5022 1662 5030 “

394 5131 555 5185 1455.
589 5129 717 5185 Jan.
742 5128 834 5184 26.
867 5127 1061 5184 Veneti
1088 5144 1212 5184 eum
1248 5129 1583 5199 imperatore
1607 5129 1902 5198 paciscun-

319 5233 428 5285 tur,
473 5239 535 5276 ea
567 5224 686 5293 lege
718 5231 779 5276 ut
817 5224 1056 5292 ipsorum
1084 5237 1254 5277 naves
1283 5222 1403 5278 sine
1429 5223 1593 5292 hujus
1629 5221 1900 5294 permissu

318 5315 508 5369 urbem
539 5331 604 5370 ue
627 5315 907 5378 deserant,
937 5325 991 5369 et
1023 5326 1080 5370 ut
1100 5306 1370 5371 onerandi
1394 5331 1491 5373 eas
1514 5324 1680 5386 atque
1701 5330 1906 5371 exone-

319 5405 478 5460 randi
505 5405 738 5461 facultas
772 5407 852 5461 eis
878 5421 1095 5476 semper
1126 5417 1328 5478 praesto
1353 5409 1444 5463 sit.

391 5498 596 5554 Eodem
651 5499 740 5554 die
793 5500 1161 5567 Justinianus,
1204 5499 1390 5555 Genua
1447 5501 1731 5572 profectus
1779 5519 1902 5558 cum

319 5592 536 5646 duobus
598 5592 831 5659 navigiis
875 5603 931 5647 et
964 5593 1068 5648 700
1101 5594 1365 5649 militibus
1403 5595 1728 5663 auxiliariis,
1758 5596 1906 5651 venit

316 5683 536 5752 Cpolin,
562 5692 616 5737 et
651 5685 722 5739 ab
755 5685 1084 5751 imperatore
1114 5687 1223 5739 dux
1252 5686 1531 5755 copiarum
1570 5685 1906 5756 pedestrium

319 5784 378 5828 et
411 5770 705 5842 praefactus
747 5773 899 5828 urbis
933 5772 1296 5832 occidentalis
1334 5776 1406 5833 ab
1436 5776 1684 5834 exercitu
1737 5775 1907 5832 sulta-

330 5867 467 5940 uico
485 5874 804 5938 oppugnatae
830 5867 1164 5924 deciaratur.

2004 4672 2180 4726 dictas
2209 4669 2540 4725 Venetorum
2582 4671 2844 4724 triremes
2874 4669 3180 4733 Tanenses,
3229 4681 3288 4724 ut
3347 4679 3397 4722 et
3454 4675 3589 4724 «luas

2003 4763 2159 4828 alias,
2180 4763 2375 4829 quibus
2400 4762 2727 4816 Trevisanus
2748 4773 3003 4830 praeerat,
3032 4763 3243 4831 agmine
3283 4763 3428 4817 facto
3459 4777 3586 4830 pro-

2004 4857 2201 4911 cedere
2225 4855 2414 4924 jussit,
2441 4862 2502 4909 ut
2523 4865 2576 4909 et
2601 4854 2755 4910 urbis
2783 4854 2978 4909 incolis
3007 4857 3249 4908 animum
3277 4855 3501 4910 adderet
3532 4867 3588 4912 et

2008 4950 2260 5004 hostibus
2297 4961 2503 5002 metum
2537 4948 2812 5017 injiceret.

2079 5043 2209 5112 Apr.
2253 5041 2308 5098 9.
2359 5041 2636 5096 Concione
2689 5049 2986 5093 convocata
3034 5040 3104 5093 de
3133 5038 3310 5095 classe
3337 5039 3474 5095 bene
3507 5049 3591 5094 at‘

2003 5149 2110 5202 que
2171 5134 2377 5187 utiliter
2443 5131 2750 5186 adhibenda
2817 5131 3141 5186 deliberant.
3210 5131 3338 5185 lude
3393 5148 3588 5186 novem

2004 5235 2097 5279 aut
2163 5225 2352 5279 decem
2415 5239 2582 5277 naves
2643 5222 2963 5291 grandiores
3019 5240 3125 5278 una
3187 5241 3310 5277 cum
3366 5225 3591 5277 ducibus

2006 5318 2394 5372 nominantur:
2435 5316 2492 5385 (3
2543 5315 2885 5382 Cennenses,
2919 5318 2953 5371 5
3003 5316 3316 5377 Cretenses.
3352 5315 3376 5367 i
3412 5317 3591 5370 Anco-

2008 5408 2272 5473 nensis,i
2317 5409 2737 5476 imperatoria);
2783 5423 2902 5478 qua:
2947 5423 3138 5464 omnes
3175 5408 3457 5463 certamini
3507 5408 3591 5462 fu-

2008 5516 2131 5557 turo
2164 5501 2451 5556 destinatae
2495 5517 2749 5570 magnam
2787 5512 2976 5571 portus
3005 5511 3254 5556 catenam
3321 5501 3588 5569 cingunt,

2003 5597 2130 5649 dum
2162 5594 2215 5648 in
2248 5593 2519 5661 superiori
2560 5603 2746 5663 portus
2768 5594 2988 5661 regione
3020 5593 3081 5644 -l7
3125 5591 3245 5644 alite
3302 5605 3590 5644 reservan-

2009 5695 2125 5750 tur;
2155 5687 2298 5740 inter
2321 5700 2414 5741 eas
2443 5685 2477 5740 5
2509 5686 2760 5741 triremes
2785 5685 3063 5740 Tanenses
3084 5701 3207 5737 cum
3231 5685 3442 5740 duabus
3466 5683 3600 5738 aliis.

2010 5772 2344 5830 Venetorum
2415 5777 2691 5830 communi
2746 5775 3028 5830 securitati
3077 5785 3431 5839 consecratae,
3468 5783 3522 5830 et
3555 5775 3591 5829 5

2011 5867 2380 5939 imperatoria:
2407 5867 2552 5926 maio
2587 5866 2865 5938 armisque
2899 5865 3188 5922 denudata‘.
3212 5877 3588 5926 recensentur.
