2017 3215
263 213 330 245 1071

724 214 884 245 NICOLAI
904 214 1078 245 BARBARI
1100 213 1271 245 PATRICII
1292 213 1435 244 VENETI

1828 212 1886 247 1072

299 271 391 306 April.
419 272 463 300 Η.
481 270 614 299 Su‘tanus
629 278 767 301 tormenta
781 279 853 301 anle-
866 282 959 302 muros
990 275 1058 301 mali
1073 271 1098 307 Α
1114 274 1232 302 tantibus
1243 273 1349 302 duabus
1364 273 1523 300 triremibus
1534 278 1632 300 armat.
1648 273 1700 301 Sed
1711 274 1884 303 Genuensiuut

261 318 403 353 oppositos
422 319 620 353 quadripat‘lita
642 320 720 353 ponit
752 321 801 354 (cf.
830 320 992 354 Phrantzes,
1009 321 1054 355 qui

261 365 358 392 scribit
372 373 379 392 :
396 365 442 391 Ἑν
459 365 554 396 τόποις
568 366 700 402 τέσσαρσι
716 367 764 393 καὶ
782 366 848 393 δέκα
862 366 896 393 τὰ
909 367 987 403 τείχη
1003 369 1053 402 τῆς

263 412 374 443 Πόλεως
385 411 524 447 ἔτυπτον).
542 412 610 439 Tres
625 413 725 439 deinde
743 413 899 441 bontharda:
916 415 948 441 ad
965 415 1055 448 impe-

263 458 365 486 ratoris
388 458 519 493 palatium
545 458 762 491 Blacbernense;
779 460 851 492 .item
883 465 940 487 tres
958 465 1054 487 contra

262 509 370 539 portam
387 505 439 539 τῆς
461 505 576 540 Πηγῆς;
594 506 655 533 dua:
683 506 711 532 itt
742 511 849 540 portam
869 507 1000 540 Auream,
1026 512 1055 536 et

262 554 379 583 quatuor
397 550 421 577 in
436 550 465 577 S.
481 550 597 577 Romani
616 554 720 584 portant
734 551 845 579 directa:
860 557 943 586 sunt;
958 559 973 579 e
992 553 1054 587 qui-

262 596 313 622 bus
333 596 429 630 ingens
445 596 490 623 illa
506 595 577 624 1200
593 596 724 623 librarqu
740 602 767 624 et
785 597 839 624 alia
853 598 908 625 800
921 598 1052 626 librarum

263 646 459 669 memorantur.

297 686 384 721 April.
398 687 492 714 12.17.
507 687 673 715 Duodecitno
684 688 727 715 die
742 689 807 724 Apr.
821 689 888 724 (sec.
899 690 1053 718 Phrantzen

261 734 359 768 quinto
375 733 491 768 decimo)
515 734 612 761 clusis
635 733 785 761 ’l‘urcarum
802 744 817 763 ο
834 736 945 771 regione
960 742 1054 771 portus

262 783 400 817 Cpolitani
421 784 556 811 anchoras
577 785 662 819 jacit;
688 784 778 819 cujus,
795 783 915 811 Barbaro
929 788 1052 815 auctore,

264 836 395 855 numerus
405 828 456 855 fuit
464 829 526 861 M5,
535 837 550 856 e
559 830 656 864 quibus
667 829 700 856 12
709 829 834 855 triretnes
845 828 923 862 plane
931 832 1053 862 armatae,

263 873 351 901 70-80
364 873 480 901 liburnae
502 875 634 910 majores,
650 874 734 902 20-25
754 874 924 909 parandariaa
942 874 1054 909 (onera.

263 920 312 946 ria:
337 921 362 946 in
388 919 451 947 belli
477 920 581 956 nsunt),
613 926 719 948 camera:
746 921 875 948 actuariae
898 921 1054 948 traduntur.

1115 320 1211 348 Peram
1234 310 1413 347 habitantium
1446 318 1588 353 praefectus
1613 327 1643 347 ea
1661 320 1693 346 de
1717 328 1744 347 re
1758 321 1885 348 sullantnn

1110 366 1255 394 certiorem
1267 365 1331 393 facit
1343 375 1350 397 ς
1361 373 1393 392 ac
1401 365 1559 393 Geuucnses
1567 365 1628 400 ipsi,
1642 365 1763 393 homines
1772 366 1886 399 perﬁdis-

1109 412 1183 444 simi,
1195 419 1257 439 cum
1275 411 1389 439 ducibus
1409 410 1520 438 Venetis
1531 414 1612 438 hosce
1624 416 1779 446 permovent
1794 417 1821 438 ut
1829 419 1885 445 ρω-

1110 458 1228 492 positum
1244 465 1377 485 conamen
1396 458 1441 484 alii
1467 457 1540 484 nocti
1563 461 1740 489 reservarem,
1766 457 1885 484 auxilium

1109 512 1188 532 suum
1207 504 1370 539 pollicendo,
1385 512 1413 531 re
1429 511 1490 531 vera
1506 502 1700 533 autemTurcis
1719 503 1841 531 omnibus
1853 504 1887 530 vi-

1109 551 1187 578 ribus
1200 551 1329 578 auxilium
1349 550 1441 577 laturi.
1710 576 1714 579 _

1144 597 1231 632 April.
1257 596 1353 624 25-27.
1380 597 1436 622 Hoc
1459 595 1588 630 temporis
1606 594 1748 622 intervallo
1777 602 1830 629 quo
1849 595 1883 622 nil

1108 648 1260 671 memoratu
1272 643 1383 677 dignum
1396 642 1504 675 accidit,
1521 641 1653 668 Barbarus
1665 640 1811 668 infortunia
1826 641 1886 667 ulte-

1108 690 1180 717 riora
1210 689 1337 716 Numinis
1361 688 1445 716 divini
1475 688 1603 714 ultionem
1629 693 1689 713 esse
1710 686 1835 720 opinatur
1857 687 1887 712 ob

1109 740 1220 769 peccata
1245 742 1360 769 quorum
1375 738 1440 760 ictas
1457 734 1506 761 ista
1526 740 1570 759 rea
1585 736 1668 760 esset.

1144 781 1228 816 April.
1245 781 1290 809 28.
1308 781 1434 812 Εθδιοειε
1447 780 1508 807 duae
1519 779 1644 806 triremes
1652 778 1735 806 Gabr.
1750 778 1887 805 Trevisano

1109 835 1135 856 et
1152 828 1224 856 Hier.
1241 828 1376 855 Morosino
1397 826 1488 860 equite
1509 830 1590 859 atque
1607 824 1666 852 Jac.
1684 825 1759 852 Coeo
1772 824 1887 855 ducibus,

1108 874 1260 901 Turcarum
1276 879 1359 899 naves
1375 871 1402 898 in
1419 875 1498 905 portu
1512 871 1574 904 igne
1584 870 1722 898 cremandi
1745 877 1794 905 spe
1813 870 1887 897 desti-

1111 923 1235 946 tuuntur.
1252 917 1350 945 Fusius
1367 916 1392 943 id
1408 923 1540 944 conamen
1557 915 1692 942 Barbarus
1708 922 1788 950 quam
1805 916 1888 942 ceteri

264 965 323 992 line
339 964 409 992 adde
430 965 566 1000 navigium
577 967 734 993 otterarium
750 966 834 993 atueis
846 966 934 1001 globis
946 965 1055 1000 (verisi-
1073 971 1094 998 Β
1110 971 1206 991 omnes
1231 967 1338 990 narrat.

262 1011 355 1038 utilius
369 1016 461 1038 autem
485 1011 619 1045 lapidibus
636 1011 846 1046 projectilibns),
864 1011 978 1038 materie
995 1010 1054 1039 bel-

262 1057 314 1084 lica
330 1063 458 1084 onustum
483 1057 643 1092 Sinopense.
665 1058 770 1085 Classis
787 1057 903 1084 Turcica
922 1057 1001 1091 longe
1020 1057 1054 1084 ab

262 1103 329 1130 urbe
339 1102 595 1131 IittusAnatolicum
607 1108 692 1131 tenet.
704 1104 756 1136 Qui
773 1104 798 1130 in
812 1104 881 1131 urbe
894 1104 1055 1131 obsidentur

263 1151 466 1186 aggressionem
483 1152 600 1179 hostium
617 1151 644 1178 in
661 1152 746 1178 armis
757 1152 868 1179 assiduo
879 1156 1052 1185 exspectant.

261 1196 338 1224 littus
370 1202 469 1232 praeter
508 1201 644 1225 tormenta
674 1199 860 1226 indesinenter
891 1199 1000 1233 explosa
1028 1202 1056 1225 et

264 1245 337 1270 leves
358 1248 452 1270 contra
474 1242 642 1271 Lnissarios
671 1251 775 1279 pugnas
802 1244 871 1271 nihil
902 1248 1054 1272 memoratu

267 1288 296 1313 fit
314 1288 435 1322 dignum.

297 1334 382 1369 April.
396 1334 440 1362 18.
456 1334 492 1361 Ea
506 1341 567 1369 qua
581 1334 651 1362 diem
666 1335 767 1369 Aprilis
781 1336 916 1362 decimum
928 1339 1054 1363 octavum

263 1381 402 1414 prtceessit
414 1386 495 1408 nocte
504 1382 644 1416 aggressio
655 1381 809 1409 Turcarum
821 1382 908 1416 prittto
923 1389 938 1408 a
953 1381 1056 1408 Graecis

262 1427 402 1459 paululum
419 1427 586 1454 tremefactis
611 1428 773 1463 repellitur;
803 1428 931 1455 occidere
960 1426 1056 1454 Turcae

262 1473 405 1507 plusquam
418 1474 541 1500 ducenti.
816 1468 819 1472 1

297 1518 386 1552 April.
396 1518 441 1546 20.
451 1518 587 1547 Vicesimo
593 1520 743 1547 obsidionis
754 1520 797 1547 die
806 1526 921 1555 quatuor
931 1521 1057 1550 Genuen-

262 1562 332 1589 siunt
353 1570 437 1590 naves
457 1564 605 1591 auxiliares
628 1564 833 1599 Hellespontum
862 1565 977 1598 intrant,
998 1574 1057 1601 qua:

262 1615 324 1645 post
332 1610 350 1638 2
357 1616 403 1638 aut
410 1611 559 1638 5horarum
568 1619 684 1646 pugnam
692 1611 844 1638 Turcarum
855 1612 1056 1646 aggressionem

263 1658 372 1683 fortuna
394 1656 480 1691 adjuti
498 1657 649 1691 repellunt;
665 1657 722 1684 sole
734 1657 795 1683 dein
812 1657 952 1684 occidente
964 1657 1057 1685 obses-

264 1710 356 1729 sorum
372 1703 498 1730 triremes
513 1702 705 1729 Genuensibus
721 1702 808 1730 obviae
824 1702 874 1729 hos
891 1710 952 1729 cum
970 1703 1056 1738 iubilo

264 1754 296 1773 ac
312 1747 433 1774 musices
448 1751 586 1774 concentu
603 1747 628 1774 in
645 1753 754 1782 portum
772 1748 968 1775 intromittunt.

299 1792 400 1828 Aprilis
413 1794 460 1821 2i.
481 1794 649 1821 Mahutuetes
665 1801 727 1821 cum
754 1793 842 1821 10000
863 1794 1002 1828 equitibus
1020 1794 1055 1821 ad

263 1838 379 1866 classem
394 1841 525 1873 procedit,
544 1841 570 1867 in
585 1840 727 1875 copiarum
744 1840 879 1867 navalium
897 1840 1053 1875 praefectum

264 1888 362 1913 acerbe
378 1887 514 1913 invehitur
539 1892 566 1913 et
581 1888 634 1913 vita
662 1887 789 1913 incolumi
811 1894 909 1913 munus
929 1887 1054 1913 abdicare

263 1933 356 1967 jubet;
382 1934 424 1960 cui
443 1934 516 1961 Petri
537 1934 690 1961 Lauredani
717 1934 787 1960 filius
808 1933 981 1967 jactabunda:
1000 1941 1056 1959 ntc~

266 1982 358 2007 moria:
377 1981 502 2015 (fortasse
525 1982 563 2008 rei
581 1981 689 2009 Venetae
705 1981 830 2008 desertor
846 1981 956 2015 aliquis)
973 1981 1052 2008 classi

264 2027 422 2060 pra-ficitur.

302 2073 342 2099 Ad
361 2073 486 2099 eumdem
505 2073 576 2100 diem
593 2074 650 2099 dira
669 2074 786 2100 vastatio
803 2074 837 2100 ab
849 2073 968 2100 ltostium
989 2080 1053 2107 pro-

262 2120 399 2154 jectilibus
430 2120 456 2146 in
475 2120 584 2154 regione
609 2120 771 2146 occidentali
790 2120 874 2151 facta,
908 2120 992 2146 turris
1016 2120 1049 2145 ad

265 2166 293 2192 S.
309 2166 421 2192 Romani
437 2172 540 2200 portant
558 2167 615 2194 siue
640 2167 738 2199 ruina;
758 2166 902 2193 conamina
927 2166 1055 2192 obsesso-

264 2222 323 2239 rnnt
338 2213 370 2239 ad
394 2214 568 2240 reficiendum
597 2214 726 2240 damnum
743 2213 909 2239 referuntur.

300 2260 400 2292 Aprilis
416 2259 461 2285 22.
491 2260 628 2286 DieDotn.
654 2259 804 2285 Turcaruut
832 2259 883 2285 hoe
901 2259 944 2285 die
970 2265 1052 2285 naves

264 2307 280 2333 5
295 2307 362 2332 mill.
381 2306 440 2332 ltal.
465 2306 562 2332 itinere
581 2305 704 2333 terrestri
727 2312 741 2331 a
761 2305 880 2339 Bosporo
898 2305 923 2331 in
946 2310 1052 2338 portutn
1072 2314 1097 2343 ι)

265 2353 436 2386 tlpolitanum
452 2357 684 2387 transportantur.
699 2352 803 2378 Auctor
818 2357 975 2378 nosternon
993 2352 1052 2378 sine

264 2400 345 2425 animi
359 2399 520 2432 a'gritndiue
534 2399 626 2430 refert,
640 2398 673 2425 72
687 2406 769 2425 naves
781 2403 902 2424 armatas
917 2398 1049 2432 cylindris

264 2446 407 2479 impositas
419 2452 465 2479 per
481 2450 600 2471 montem
619 2444 662 2471 cui
679 2443 746 2469 Pera
771 2443 803 2469 ad
833 2443 1052 2477 septentrionem

265 2490 374 2521 insidet.
393 2499 406 2516 a
424 2491 484 2517 lixis
500 2495 526 2516 et
552 2489 689 2523 plebecula
706 2489 825 2515 Turcica
848 2489 972 2515 ntanibus
993 2493 1056 2514 tra-

264 2541 323 2562 ctas
336 2536 430 2562 fuisse.
445 2535 578 2569 Cpo!itani
592 2535 617 2561 itt
635 2536 702 2562 urbe
717 2535 823 2567 inclusi,
838 2542 951 2568 quorum
962 2535 1056 2568 paucis

265 2583 379 2608 navibus
401 2582 528 2615 utrinque
545 2582 695 2616 periculum
718 2582 752 2607 ab
771 2581 889 2607 hoSIium
903 2582 990 2607 classe
1005 2581 1055 2606 int-

265 2628 359 2659 tttiuel,
391 2627 528 2653 triremem
547 2635 629 2653 uuam
659 2627 780 2661 praesidii
811 2626 871 2653 loco
895 2627 928 2653 ad
956 2626 1055 2652 fretum

264 2675 335 2707 quod
351 2674 427 2700 Pera!
441 2673 544 2707 adjacet
565 2678 677 2706 ponuttt,
695 2673 783 2699 navali
801 2673 928 2706 praefecto
942 2672 1050 2706 signant

265 2722 401 2752 daturam,
412 2721 455 2746 ubi
469 2721 560 2747 ltosws
577 2718 646 2746 forte
662 2718 864 2754 aggressionem
878 2722 1054 2745 conarentur.

300 2768 400 2802 Aprilis
414 2767 459 2793 25.
477 2768 506 2795 lu
521 2767 579 2793 rede
599 2766 627 2792 ὃ.
647 2765 738 2793 Marias
754 2765 947 2801 (llodegetriaa,
966 2769 994 2791 ut
1013 2766 1052 2791 vi-

267 2814 358 2848 dt-llll')
377 2814 426 2840 viri
448 2815 481 2840 ad
499 2814 550 2840 hoc
577 2812 719 2840 convocati
743 2813 895 2840 deliberant
916 2811 1054 2847 quomodo

266 2859 383 2886 hostium
401 2867 508 2887 navese
529 2865 607 2893 portu
624 2859 766 2894 ejiciendus
786 2859 883 2886 forent.

302 2905 402 2939 Aprilis
425 2905 471 2932 ‘25.
499 2904 617 2931 Dontnus
644 2905 701 2932 Jac.
726 2905 824 2937 Cocus,
843 2905 961 2930 triremis
984 2903 1055 2930 illius

267 2948 474 2983 ‘l‘tapezuntiuaa
483 2955 623 2984 patronus,
632 2949 700 2977 duas
714 2949 960 2986 navcsoncrarias,
970 2948 1054 2976 conti-

1145 1009 1231 1044 April.
1244 1008 1290 1036 29.
1305 1008 1462 1035 Navarcltus
1481 1006 1583 1034 Diedus
1596 1007 1691 1034 ducem
1701 1005 1820 1033 triremis
1829 1005 1888 1032 Tra-

1108 1056 1261 1091 pezunlinre
1278 1055 1303 1081 in
1317 1054 1382 1082 Coei
1394 1054 1517 1080 destituti
1530 1054 1617 1080 locum
1631 1052 1794 1087 Delphinum
1810 1052 1888 1078 nomi-

1108 1109 1173 1134 nat;
1201 1103 1244 1129 cui
1274 1101 1300 1128 in
1315 1100 1495 1128 custodienda
1511 1099 1721 1126 Blaclteruarum
1750 1103 1828 1133 porta
1848 1096 1886 1124 50.

1106 1148 1284 1176 Lattredanus
1313 1146 1496 1173 substituitur.
1515 1144 1579 1178 Quae
1609 1145 1707 1171 damna
1733 1143 1884 1171 obsidentes

1111 1193 1237 1220 obsessis
1253 1191 1383 1223 inferunt,
1401 1191 1435 1216 ab
1451 1190 1525 1216 hisce
1546 1189 1621 1215 illico
1637 1193 1810 1222 reparantur.
1823 1186 1887 1214 Nihil

1108 1242 1241 1274 prmterea
1250 1238 1321 1272 qttod
1332 1237 1464 1263 memoria
1478 1235 1589 1268 digitum
1602 1234 1647 1266 sit,
1661 1238 1752 1261 actutn
1767 1233 1793 1259 in
1806 1239 1888 1259 menso

1108 1284 1199 1320 aprili.

1144 1331 1216 1359 Maii.
1229 1330 1254 1362 l,
1267 1331 1294 1358 2.
1308 1330 1380 1358 idem
1390 1329 1423 1357 de
1433 1329 1537 1357 duobus
1546 1328 1623 1356 hisce
1631 1327 1725 1355 diebus
1739 1325 1886 1354 dicendum.

1108 1379 1304 1405 Aliutentorum
1319 1377 1344 1403 iit
1357 1377 1425 1403 urbe
1435 1375 1561 1411 penuria.

1143 1425 1208 1451 Maii
1224 1425 1250 1456 5,
1262 1424 1289 1451 4.
1307 1423 1441 1458 Cpolitani
1458 1421 1583 1449 hostibus
1600 1420 1626 1446 in
1639 1424 1717 1454 portu
1735 1418 1805 1446 duas
1819 1418 1888 1445 bom-

1108 1471 1207 1499 bardas
1222 1474 1370 1504 opponunt;
1386 1469 1483 1496 Turcaa
1496 1468 1564 1494 duas
1578 1466 1700 1500 ejusdem
1716 1464 1825 1498 generis
1835 1470 1886 1489 ma-

1107 1516 1203 1543 chinas
1214 1520 1324 1549 ponunt.
1344 1514 1394 1542 Per
1409 1514 1502 1541 decem
1518 1513 1579 1539 dein
1593 1512 1651 1538 dies
1664 1518 1696 1538 ac
1712 1510 1824 1537 totidem
1845 1516 1888 1536 no-

1109 1567 1170 1590 ctes
1187 1562 1317 1596 utrinque
1335 1564 1470 1587 tormenta
1486 1560 1585 1586 sudant
1600 1557 1659 1585 sine
1677 1556 1780 1584 elfectu
1796 1562 1889 1583 memo-

1110 1607 1200 1634 rabili.
1217 1606 1392 1640 Imperatoris
1405 1605 1482 1640 jussu
1500 1603 1575 1630 navis
1593 1602 1714 1629 actuaria
1731 1608 1825 1628 versus
1839 1599 1888 1626 Nc-

1111 1651 1237 1687 groponti
1261 1652 1381 1678 insulam
1391 1647 1526 1678 'mittitur,
1544 1648 1706 1674 Venetorum
1719 1646 1833 1673 classem
1845 1652 1887 1671 ex-

1111 1699 1243 1733 quisitura
1266 1703 1294 1724 et
1311 1706 1325 1723 ει
1344 1696 1369 1723 J.
1389 1695 1551 1722 Lauredane
1567 1693 1733 1729 postulatum
1751 1697 1781 1719 ut
1796 1692 1851 1718 urbi
1864 1691 1887 1717 in

1112 1743 1244 1771 extremis
1274 1743 1362 1778 agenti
1393 1742 1454 1769 sine
1479 1748 1552 1768 tnora
1581 1743 1768 1767 succurreret.
1791 1738 1821 1764 Et
1838 1737 1887 1764 haec

1111 1790 1220 1825 quidem
1241 1789 1291 1816 sub
1305 1787 1407 1816 vexillo
1423 1787 1538 1814 Turcico
1553 1791 1581 1814 et
1601 1785 1728 1813 simulato
1743 1784 1886 1812 Turcarum

1115 1836 1281 1864 vestimento
1302 1832 1513 1869 Archipelagum
1533 1831 1666 1870 pervadit,
1683 1831 1729 1858 sed
1747 1839 1777 1858 re
1795 1828 1887 1857 infecta

1111 1883 1206 1917 Cpolin
1227 1883 1382 1908 revertitur.

1146 1930 1209 1956 Maii
1225 1929 1249 1956 5.
1268 1929 1361 1955 Turczc
1376 1927 1465 1961 plures
1482 1926 1645 1952 bomhardas
1661 1924 1688 1951 in
1704 1929 1797 1951 monte
1820 1923 1888 1950 Ferte

1112 1977 1270 2002 imminente
1293 1975 1405 2006 sistunt,
1427 1978 1508 2007 atque
1533 1972 1594 1998 inde
1622 1971 1741 1997 hostium
1764 1976 1846 1997 nares
1864 1967 1886 1994 in

1110 2027 1188 2056 portu
1207 2029 1253 2055 per
1268 2025 1350 2047 totam
1364 2025 1466 2046 catena:
1486 2025 1590 2051 magna
1611 2016 1807 2051 longitudinem
1831 2020 1882 2041 tor-

1112 2068 1209 2094 mentis
1223 2071 1325 2101 petunt.
1341 2065 1373 2092 Et
1387 2065 1484 2092 tertius
1497 2064 1604 2098 quidem
1622 2070 1714 2089 aeneus
1725 2061 1820 2095 globus
1831 2067 1887 2094 pro-

1108 2107 1197 2149 je’ctos
1214 2113 1384 2140 Genuensem
1411 2118 1507 2138 narem
1524 2109 1660 2137 mercibus
1688 2116 1720 2135 ac
1744 2110 1887 2134 commeatu

1113 2161 1219 2195 plenam
1238 2159 1263 2185 in
1280 2157 1363 2185 maris
1380 2158 1431 2183 ima
1449 2156 1581 2183 detrudit.
1596 2154 1814 2181 Christianorum
1833 2152 1887 2178 inde

1111 2214 1193 2233 uates
1211 2205 1284 2231 Pera:
1300 2205 1399 2230 moenia
1413 2211 1466 2230 ll0ll
1481 2203 1541 2229 sine
1555 2202 1653 2228 damno
1671 2204 1805 2233 repetunt.
1822 2198 1886 2224 Tur-

1113 2260 1151 2279 caa
1183 2258 1325 2286 postquam
1355 2250 1449 2276 eadem
1483 2252 1614 2275 tormenta
1640 2247 1779 2281 Kynegion
1802 2251 1886 2271 versus

1112 2299 1170 2325 sine
1186 2298 1282 2324 eﬂ'ectu
1299 2296 1474 2326 direxissent,
1500 2299 1636 2328 postremo
1651 2293 1683 2319 iis
1707 2299 1766 2327 quae
1793 2290 1886 2318 moenia

1112 2345 1240 2372 interiora
1256 2343 1397 2376 tegebant,
1416 2341 1553 2368 addidere.
1792 2359 1801 2369 ,

1148 2390 1210 2416 Maii
1227 2390 1253 2416 ὕ.
1270 2389 1325 2415 Hac
1337 2395 1445 2422 quoque
1460 2386 1600 2413 Doutiniea
1623 2384 1667 2411 die
1683 2388 1815 2411 tormenta
1833 2387 1885 2415 pcr-

1111 2442 1192 2471 petuo
1209 2436 1365 2462 fulminant.

1146 2482 1209 2508 Maii
1227 2482 1253 2508 7.
1268 2479 1412 2515 Aggressio
1426 2483 1558 2505 nocturna
1570 2485 1585 2504 a
1602 2475 1690 2503 50000
1709 2474 1805 2502 Turcis
1819 2472 1884 2500 facta

1111 2528 1218 2555 fortiter
1250 2527 1409 2561 repellitur;
1427 2525 1452 2551 itt
1478 2532 1531 2559 qua
1556 2525 1689 2550 clat’tmrcs
1709 2520 1831 2554 stupendi
1854 2518 1883 2545 ad

1108 2575 1286 2603 Anatolicum
1307 2580 1393 2607 usque
1424 2579 1499 2598 mare
1525 2571 1702 2604 pervadentes
1729 2569 1846 2595 fecerunt
1860 2569 1884 2590 ιιι

1109 2623 1186 2649 urbis
1202 2620 1360 2648 defensores
1373 2624 1443 2645 terra
1457 2617 1579 2650 marique
1595 2616 1627 2643 ad
1639 2621 1756 2650 pugnam
1768 2612 1885 2640 seacéin-

1109 2672 1215 2703 gerent.
1225 2667 1267 2693 Nil
1281 2671 1369 2692 tamen
1385 2672 1400 2691 a
1412 2663 1511 2690 Turcis
1521 2663 1590 2689 ultra
1608 2666 1752 2691 tentatum,
1762 2659 1813 2686 nisi
1821 2656 1883 2692 quod

1108 2713 1288 2740 abiturientes
1300 2713 1389 2745 ignem
1409 2713 1494 2743 porta:
1511 2707 1640 2734 Palatinae
1664 2706 1798 2738 subdunt;
1812 2709 1883 2738 quam

1107 2761 1205 2787 deinde
1219 2758 1306 2786 ΘΗΜ-ἰ
1325 2763 1402 2783 tnuro
1416 2758 1574 2782 obstruunt.
1603 2753 1690 2780 Naves
1713 2752 1794 2787 priori
1819 2750 1884 2777 circa

1107 2812 1230 2834 catenam
1249 2804 1368 2832 statione
1381 2803 1473 2837 potita:
1488 2805 1562 2827 sunt.

1144 2852 1206 2879 Maii
1223 2852 1250 2879 8.
1267 2851 1411 2878 Decretum
1429 2856 1443 2875 a
1472 2846 1684 2875 Dnodeeintviris
1703 2848 1744 2872 est
1770 2848 1798 2870 ut
1813 2842 1884 2869 trire-

1108 2907 1166 2926 mes
1177 2899 1317 2926 Tanenses
1343 2900 1500 2924 exonerata:
1514 2895 1541 2920 in
1556 2890 1794 2920 armamentarium
1807 2893 1885 2915 trans-

1108 2950 1293 2980 portarentur.
1320 2942 1440 2969 Navibus
1453 2940 1492 2968 sic
1505 2937 1688 2968 exonerandir
1698 2938 1801 2965 armata
1812 2938 1883 2962 manu
