4034 6450
373 448 517 518 1073

1146 422 1638 521 EPHEMERID.
1685 461 2101 526 DE-CPULIS
2139 464 2779 534 EXPUGNATIONE.
2836 452 2841 457 ’

3422 533 3430 539 ,
3498 470 3638 535 10⁷⁵14

370 563 668 632 obsistunt,
717 581 784 621 ne
826 567 927 623 sub
958 569 1244 626 arbitrium
1286 570 1601 627 Graecorum
1656 573 1952 640 caderent,
1985 582 2032 638 Α
2061 589 2319 647 quantam
2353 582 2677 652 sagittarum
2718 583 2914 638 molem
2957 584 3011 637 in
3038 584 3226 640 urbem
3261 585 3634 656 proiecerunt,

336 700 341 703 ν
371 658 629 716 triremes
656 660 899 715 dicentes
915 662 1019 717 sibi
1045 678 1143 731 pro
1162 665 1413 718 domibus
1464 680 1633 733 esse;
1668 668 1825 728 utari,
1857 681 1954 720 ne-

370 766 481 822 que
518 767 648 808 vero
678 754 731 807 in
770 756 1067 811 continenti
1099 757 1204 812 sibi
1237 756 1528 811 vivendum
1561 766 1658 813 aut
1709 759 1954 813 morien-

339 846 503 905 .tlum
530 860 675 902 esse.
694 844 822 902 Haec
861 851 1129 904 sententia
1162 851 1326 916 vicit;
1352 861 1405 904 et
1433 851 1535 920 ipsi
1564 860 1618 905 et
1644 853 1954 907 uavarchus

377 936 431 989 in
456 935 640 991 littore
674 937 924 993 Peratico
959 950 1265 998 remanent.
1298 939 1591 996 Tormenta
1623 944 1769 997 circa
1815 960 1949 1014 por-

376 1037 485 1081 tam
518 1030 580 1083 S.
603 1029 832 1084 Romani
865 1041 1129 1101 perpetuo
1154 1032 1343 1104 globos
1372 1026 1689 1103 projiciunt.

444 1120 570 1175 Maii
603 1122 657 1179 9.
694 1123 1038 1196 Dom.,Gabr.
1070 1127 1400 1185 Trevisanus
1416 1144 1481 1183 ex
1504 1131 1782 1186 voluntate
1805 1130 1954 1185 Duo-

376 1212 798 1270 decimvirorum
824 1217 905 1272 sic
931 1217 1239 1287 jubentium
1288 1218 1394 1274 400
1430 1221 1637 1277 milites
1676 1239 1708 1276 ο
1739 1223 1952 1278 duabus

358 1304 691 1362 -triretnibus
738 1311 1033 1365 arcessitos
1084 1325 1243 1366 muro
1297 1315 1542 1367 terrestri
1591 1315 1954 1373 custodiendo

373 1395 661 1464 impendit.

449 1487 571 1541 Maii
606 1488 692 1544 10.
733 1487 790 1543 In
832 1491 1095 1547 concione
1132 1491 1315 1548 habita
1346 1510 1374 1548 a
1402 1495 1694 1552 duodecim
1731 1497 1864 1553 viris
1895 1497 1949 1550 in

375 1580 492 1635 atde
514 1580 572 1635 8.
593 1579 778 1636 Marize
798 1581 953 1637 Dom.
976 1584 1172 1639 Diedus
1200 1587 1511 1642 navarcbus
1534 1587 1724 1645 classis
1744 1605 1805 1645 ea
1834 1589 1950 1660 lege

374 1671 713 1740 designatur,
748 1684 803 1728 ut
838 1685 1027 1744 portus
1050 1679 1327 1748 totiusque
1350 1681 1424 1734 rei
1448 1683 1737 1736 maritima:
1761 1698 1951 1736 curam

373 1779 475 1819 ltro
511 1765 665 1819 libito
696 1779 871 1834 gerat.
1826 1777 1833 1783 ’

446 1861 569 1937 blaii
601 1863 685 1916 ll.
719 1864 863 1918 Idem
898 1875 1288 1921 tormentorum
1318 1868 1564 1924 funestus
1589 1860 1762 1927 labor.

2059 677 2116 722 ut
2136 667 2225 735 qui
2260 670 2402 724 intus
2418 682 2602 726 essent
2627 684 2876 728 extremo
2901 675 3097 731 timore
3119 675 3487 733 adicerentur.

2134 747 2375 816 ilaii’l9.
2413 760 2527 817 Hoc
2574 764 2791 820 demum
2845 777 3090 837 tempore
3137 783 3272 838 pons
3327 767 3634 834 COIlillDCliS

2057 853 2286 908 navibus
2327 853 2606 909 conlectus
2637 871 2665 909 a
2695 854 2886 912 Galata
2942 857 3009 911 ad
3056 859 3336 928 Kynegiou
3363 862 3635 917 exsistere

2054 942 2243 1011 etrapit,
2291 954 2348 998 ut
2398 944 2673 1001 Barbarus
2719 947 2895 1015 dicit;
2948 949 3243 1004 secundum
3303 950 3630 1005 Phrantzem

2056 1048 2188 1089 vero
2217 1045 2337 1103 post
2375 1053 2541 1093 naves
2586 1047 2985 1108 transportatas
3043 1043 3221 1097 locum
3259 1042 3536 1104 habuerit,
3573 1049 3634 1095 ut

2055 1133 2337 1182 taceamus
2365 1118 2775 1199 chronologiam
2822 1134 3192 1187 coniusiorem
3221 1127 3629 1201 Leonardifqni

2053 1233 2177 1272 eum
2220 1229 2346 1274 ante
2373 1235 2605 1290 pugnam
2643 1223 2888 1278 navalem
2922 1224 3122 1279 lacuna
3155 1242 3279 1281 esse
3309 1240 3433 1281 cum
3465 1228 3630 1279 totius

2054 1309 2259 1365 mensis
2313 1310 2622 1365 dill'erentia
2659 1322 2867 1367 cenSt-t.
2920 1312 3082 1368 Certe
3123 1314 3297 1368 Ducas
3340 1316 3440 1370 hac
3492 1318 3542 1369 in
3574 1330 3631 1368 re

2051 1415 2176 1454 cum
2217 1399 2458 1455 Barbare
2486 1413 2677 1458 nostro
2703 1404 2924 1474 propius
2955 1407 3257 1461 consentit.
3303 1406 3496 1461 Turcae
3517 1407 3635 1477 glo-

2052 1495 2151 1548 bos
2181 1507 2350 1547 aereos
2386 1494 2439 1547 in
2467 1494 2654 1549 hostes
2688 1505 2949 1563 torquere
2980 1507 3034 1551 et
3089 1513 3269 1553 aerem
3301 1498 3631 1555 clamoribus

2053 1584 2263 1652 replere
2292 1599 2397 1639 non
2434 1580 2710 1642 desistunt
2740 1603 2756 1654 ;
2788 1590 2997 1644 obsessi
3037 1592 3232 1644 damna
3284 1591 3435 1645 illata
3470 1606 3629 1662 repa-

2054 1686 2196 1728 rant.

2124 1767 2248 1824 Maii
2281 1768 2375 1826 20.
2413 1770 2686 1826 Barbarus
2721 1772 3058 1827 inclusorum
3095 1785 3323 1830 conatus
3356 1784 3418 1829 ut
3446 1789 3634 1831 muros

2057 1860 2269 1917 hiantes
2294 1863 2580 1920 reﬁcerent
2611 1863 2800 1929 refert,
2833 1867 2919 1919 cui
2952 1868 3103 1934 operi
3142 1867 3421 1933 mulieres,
3453 1870 3629 1935 pueri,

455 1955 575 2007 Maii
611 1956 692 2012 l2,
727 1955 921 2011 Tur-ca:
960 1956 1139 2013 50000
1169 1976 1290 2014 cum
1324 1962 1501 2016 solitis
1531 1964 1861 2022 clamoribus
1897 1979 1952 2022 ει
1989 1967 2027 2019 Β
2055 1962 2235 2015 s‘eues.
2265 1955 2621 2011 ecclesiastici
2657 1959 2800 2012 vires
2826 1974 2954 2013 suas
2973 1959 3383 2024 impendebant.
3408 1959 3634 2014 Μεηιῑο-

376 2047 604 2113 strepitu
658 2057 1039 2117 tympanorum
1105 2049 1477 2121 tibiarumque
1511 2052 1734 2108 dissono
1793 2056 1953 2111 clan-

376 2152 506 2205 gere
536 2153 753 2191 murum
786 2139 932 2193 eirea
963 2140 1230 2211 palatium
1267 2143 1431 2196 situm
1467 2144 1827 2215 adoriuntur;
1856 2149 1949 2203 sed

378 2229 752 2283 misericordia
791 2229 922 2287 Jesu
955 2232 1158 2287 Christi
1214 2235 1515 2303 perniciem
1550 2248 1851 2293 extremam
1884 2243 1953 2295 ab

378 2324 513 2378 urbe
556 2323 655 2376 bac.
687 2328 808 2380 vice
839 2325 1057 2392 avertit,
1086 2327 1233 2394 quia,
1269 2337 1327 2381 ιιι
1361 2327 1633 2382 Barbarus
1677 2318 1952 2398 opinatur,

380 2414 568 2483 Cpulis
632 2418 901 2470 excidium
953 2419 1249 2471 secundum
1285 2417 1344 2473 ὃ.
1381 2420 1574 2486 imper.
1611 2420 1953 2476 Constantini

377 2506 717 2576 propin-tiam
753 2520 859 2560 non
886 2508 1161 2577 praesenti,
1185 2510 1280 2563 sed
1315 2510 1559 2564 ulteriori
1607 2513 1746 2566 luna:
1800 2514 1951 2582 phasi

379 2606 715 2649 reservatum
746 2607 914 2651 εεεει.
1762 2616 1767 2617 ⁷

452 2687 575 2740 Maii
610 2688 696 2742 l5.
726 2688 882 2743 Dom.
908 2689 1243 2746 Trcvisanus
1280 2691 1475 2745 classis
1505 2690 1796 2758 praefectus
1827 2708 1951 2748 cum

379 2779 645 2836 militibus
695 2783 808 2836 suis
844 2782 909 2835 ad
952 2793 1151 2838 terram
1202 2785 1402 2839 tnmnia
1444 2784 1769 2839 defensurus
1827 2785 1951 2839 laesa

379 2872 733 2943 appellit..Eo
760 2874 880 2929 loco
908 2876 973 2927 ad
1005 2885 1368 2946 expugnatam
1411 2893 1583 2946 usque
1617 2879 1806 2931 urbem
1845 2892 1951 2932 non

378 2967 920 3023 reccdit.Secuudum
941 2967 1264 3022 Pltrantzetn
1286 2968 1428 3023 inter
1447 2968 1719 3040 Kyuegiun
1737 2979 1791 3022 et
1809 2970 1955 3037 μετει-

381 3064 510 3116 tium
524 3059 829 3115 Caesareum
850 3071 1117 3130 pastorem
1136 3076 1331 3124 se,non
1353 3075 1623 3115 mercenat
1638 3067 1745 3113 :nm
1764 3062 1951 3131 gessit.

449 3151 866 3208 Tormentorum
921 3167 1019 3222 per
1042 3155 1093 3207 id
1152 3163 1368 3222 tempus
1428 3169 1535 3209 non
1617 3153 1955 3223 interruptus

380 3243 522 3315 ignis
554 3257 743 3298 contra
783 3259 993 3298 murum
1019 3245 1435 3299 occidentalem.

450 3336 574 3391 Maii
600 3337 688 3391 Η,
710 3336 924 3404 Turcae,
949 3347 1006 3391 ut
1028 3337 1140 3406 jam
1165 3338 1419 3402 vidimus,
1437 3343 1704 3390 tormenta
1725 3352 1755 3391 a
1773 3348 1955 3392 monte

389 3429 577 3498 Ἀγίου
608 3428 886 3498 Θεοδώρου
909 3444 1006 3499 per
1032 3427 1224 3482 Puram
1255 3443 1472 3483 versqu
1523 3430 1798 3498 Κυνηγίου
1828 3440 1975 3497 por-°

376 3533 488 3580 tam
519 3539 551 3579 e
573 3526 793 3593 regione
825 3531 1019 3592 portus
1047 3525 1272 3578 trahunt
1313 3532 1369 3576 et
1426 3524 1771 3592 postmodum
1815 3536 1957 3591 pone

377 3627 593 3689 portant
626 3616 685 3672 S.’
720 3615 950 3670 Romani
1003 3623 1229 3685 ponunt,
1266 3615 1355 3670 ubi
1383 3606 1574 3668 murus
1614 3613 1852 3683 pessime
1878 3615 1954 3667 la-

376 3709 896 3783 borabat,quamvis
927 3707 1134 3762 obsessi
1182 3705 1395 3760 damnis
1429 3705 1595 3759 illatis
1624 3720 1722 3775 pro
1748 3706 1986 3761 viribus-

378 3803 595 3860 mederi
617 3805 920 3857 studerent.
967 3797 1225 3854 Trecenti
1257 3798 1359 3851 viri
1415 3797 1704 3850 maximam
1735 3790 1963 3865 partem

377 3894 768 3966 pyrotecbnitte
797 3901 852 3946 et
878 3891 1143 3962 sagittarii
1198 3890 1357 3944 istam
1393 3900 1604 3959 portam
1656 3899 1950 3958 occupant,

377 4004 568 4047 sumes
586 3986 882 4059 peregrini,
912 3984 1156 4053 exceptis
1184 3982 1412 4049 Graecis,
1438 3996 1673 4052 quorum
1721 3983 1951 4052 pusilla-

376 4085 676 4140 uiutitatem
706 4090 897 4134 auctor
919 4089 1102 4132 noster
1123 4091 1312 4130 severe
1343 4076 1598 4147 castigat.

450 4174 571 4230 Maii
600 4174 686 4229 t5.
713 4172 1133 4228 Tormentorum
1161 4166 1455 4235 irrequieta
1481 4166 1725 4239 explosro
1744 4170 1799 4221 et
1822 4180 1953 4238 par-

379 4269 513 4322 tium
548 4270 674 4322 inde
704 4266 952 4320 laesarum
984 4260 1172 4316 sedula
1223 4258 1539 4329 reparatio;
1579 4269 1834 4314 caeterum
1871 4259 1955 4314 in-

376 4363 572 4419 ducite.

447 4455 574 4511 Maii
604 4454 687 4509 l6.
724 4449 1026 4505 Turcarum
1068 4447 1278 4516 aliquot
1314 4460 1480 4500 naves
1514 4444 1775 4500 actual-ire
1807 4452 1954 4500 cate-

375 4564 459 4605 nae
491 4549 640 4605 circa
671 4551 886 4616 portum
920 4539 1364 4612 apprOpinquant
1395 4545 1449 4592 et
1477 4537 1826 4592 obsessomm
1855 4551 1953 4592 na-

2058 2064 2178 2102 uem
2207 2060 2464 2117 prmterea
2496 2048 2729 2119 ingentis
2748 2050 2895 2106 Illius
2917 2051 3180 2105 machina:
3198 2050 3323 2105 facit
3347 2050 3487 2105 1200
3503 2051 3631 2106 libr.

2057 2140 2261 2209 lapides
2289 2143 2611 2208 eminentis,
2638 2155 2692 2198 et
2734 2160 2840 2215 qua
2896 2143 3227 2199 inﬂammata
3274 2158 3380 2197 non
3430 2145 3629 2198 tutenla

2058 2237 2290 2296 tantum,
2322 2233 2414 2285 sed
2453 2232 2606 2288 urbis
2638 2237 3010 2301 pavimentum
3048 2248 3110 2305 ac
3138 2249 3307 2287 naves
3362 2234 3417 2286 in
3472 2244 3632 2302 portu

2056 2323 2541 2378 velletnculiQime
2562 2326 3032 2382 concutiebantur.

2127 2413 2251 2468 Maii
2276 2414 2366 2468 2t.
2405 2413 2541 2469 Tota
2569 2416 2760 2472 classis
2799 2417 3035 2471 hostium
3070 2415 3162 2470 diu
3216 2426 3345 2470 ante
3377 2415 3508 2471 solis
3544 2431 3635 2470 or-

2057 2514 2170 2560 tum
2215 2508 2621 2576 aggressionem
2661 2508 2932 2575 minatur;
2968 2517 3254 2578 postquam
3299 2517 3483 2563 autem
3529 2509 3635 2561 ob-

2057 2611 2335 2652 scs>orum
2378 2601 2594 2667 navigia
2629 2602 2696 2654 ad
2729 2601 3078 2671 pugnantium
3115 2610 3299 2671 parata
3338 2602 3484 2655 circa
3518 2613 3635 2654 ma.

2056 2704 2217 2757 gnam
2243 2700 2490 2746 catenam
2514 2691 2964 2759 vidissent,.niitii
2997 2702 3298 2755 tentarunt,
3320 2692 3431 2745 imo
3451 2694 3639 2745 reces-

2056 2790 2268 2835 serunt.

2126 2872 2296 2927 iidem
2329 2875 2641 2929 cuniculum
2684 2890 2712 2928 a
2740 2872 2935 2930 Turcis
2967 2858 3257 2930 sul‘l'ossum
3287 2876 3640 2931 ubi'detexis—

2057 2974 2178 3016 sent
2209 2979 2376 3033 prope
2398 2980 2607 3034 portam
2636 2966 2985 3032 Caligariam,
3012 2969 3425 3027 obstruxerunt.
3456 2967 3631 3022 fosso-

2059 3069 2252 3125 rcsqne
2290 3057 2657 3113 trucidarunt.
2705 3059 2884 3114 Nihilo
2933 3060 3113 3114 secius
3170 3062 3338 3114 hocce
3377 3061 3463 3116 die
3515 3075 3634 3113 mu-

2058 3164 2156 3204 rus
2190 3161 2244 3204 et
2275 3151 2441 3206 turris
2476 3140 2947 3222 ipsi'prupinquus
2980 3152 3270 3206 admodum
3324 3152 3451 3206 laesa
3479 3162 3632 3216 sunt,

2058 3250 2115 3297 ct
2145 3258 2235 3312 qtn
2272 3244 2413 3297 intra
2450 3245 2639 3299 urbem
2693 3252 2871 3309 erant,
2932 3244 3200 3299 indefesso
3241 3242 3441 3299 labore
3466 3253 3635 3314 atque

2059 3334 2319 3388 mrumuis
2348 3337 2589 3387 membra
2620 3348 2761 3404 aegra
2811 3335 3103 3389 habebant.

2131 3426 2252 3480 Maii
2283 3427 2376 3480 22.
2401 3427 2701 3482 Cuniculus
2730 3442 2897 3497 prope
2926 3438 3140 3498 portam
3173 3427 3503 3497 Caligariam
3540 3430 3634 3484 de-

2056 3532 2167 3571 nuo
2196 3519 2512 3573 obstructus
2547 3504 2704 3588 spem
2741 3520 3258 3575 lossorum'l‘el'ellit.
3290 3519 3428 3578 Miro
3455 3532 3636 3578 autem

2057 3611 2267 3666 caelesti
2295 3611 2611 3680 spectaculo
2640 3623 2935 3679 conspecto
2956 3611 3253 3682 (Barbarus
3286 3629 3634 3672 communem

2056 3703 2196 3757 luna:
2230 3703 2462 3771 ellipsim
2497 3704 2819 3770 nuncupat),
2845 3703 3143 3772 Gpulitani,
3169 3707 3465 3775 prophetia:
3486 3710 3636 3764 Con-

2055 3793 2278 3848 stantini
2326 3794 2456 3864 imp.
2488 3809 2788 3864 memores,
2828 3795 3046 3865 signum
3079 3797 3251 3852 ruina:
3277 3799 3630 3867 imminentis,

2055 3885 2247 3942 Ture-ae
2281 3889 2521 3943 victoria:
2562 3889 2759 3957 pignus
2796 3889 3070 3945 viderunt.
3317 3876 3321 3880 ”

2128 3977 2249 4032 Maii
2275 3978 2367 4032 25.
2398 3975 2616 4034 Tertius
2649 3996 2808 4047 porro
2835 3982 3125 4035 cuniculus
3146 3994 3322 4053 prepe
3345 3983 3633 4056 Caligaria

2055 4080 2269 4139 portam
2293 4081 2347 4126 et
2374 4072 2631 4141 palatium
2659 4074 3007 4143 imperatoris
3038 4074 3292 4129 inventus
3328 4092 3494 4133 causa
3526 4078 3632 4134 l‘uit

2053 4175 2153 4216 cur
2178 4164 2550 4218 machinarum
2587 4156 2907 4221 bellicarum
2933 4167 3171 4223 artiliees
3209 4168 3420 4238 aliquot
3465 4186 3629 4225 manu

2059 4265 2427 4323 caperentur;
2459 4255 2550 4326 qui
2581 4267 2868 4328 postquam
2898 4257 3035 4329 jussi
3073 4259 3339 4315 dixissent
3370 4262 3458 4315 ubi
3491 4263 3629 4317 loco.

2056 4360 2175 4399 rum
2200 4347 2290 4402 alii
2315 4349 2767 4407 cuniculi.structi
2800 4360 3011 4415 essent,
3039 4351 3301 4407 abscissis
3355 4354 3633 4423 capitibus

2054 4456 2151 4511 per
2184 4457 2370 4497 muros
2404 4441 2458 4497 in
2480 4429 2788 4497 Turcarum
2824 4451 3005 4525 castra
3026 4443 3218 4513 deiecti
3241 4453 3387 4499 sunt.
3416 4474 3487 4485 —
3515 4446 3632 4503 Hoc

2054 4535 2245 4589 eodem
2293 4534 2380 4589 die
2420 4534 2578 4589 navis
2604 4537 2866 4602 actuaria,
2894 4544 3088 4605 quarto
3120 4535 3239 4604 ejus
3273 4540 3477 4592 mensis
3516 4539 3630 4607 die,

374 4659 468 4701 ves
495 4643 814 4698 Morinum,
841 4657 857 4705 ς
893 4636 1074 4691 sum“,
1114 4642 1293 4689 autem
1324 4641 1468 4687 mem
1506 4646 1574 4686 ne
1616 4630 1952 4700 repenmmr
1983 4643 2026 4699 ι)
2058 4626 2123 4682 ad
2141 4627 2491 4695 qutrrendam
2509 4625 2844 4682 Venetorum
2872 4627 3104 4680 classem
3137 4626 3193 4680 in
3212 4627 3631 4701 Archipelagum

372 4734 548 4802 inviti,
579 4742 727 4787 retro
764 4728 988 4807 abeunt.
1027 4724 1273 4780 Cuniculi
1305 4739 1334 4777 a
1365 4721 1558 4778 Turcis
1597 4721 1780 4780 ell‘ossi
1801 4724 1948 4777 circa

370 4836 580 4898 portam
597 4820 924 4891 Kaligariam
938 4835 967 4873 a
983 4817 1177 4888 Magno
1194 4818 1332 4874 duce
1351 4816 1547 4872 detecti
1566 4817 1651 4871 lru
1662 4815 1946 4884 stratique.

441 4918 564 4978 Maii
615 4906 707 4973 l7.
749 4912 1000 4982 Quinque
1056 4898 1361 4966 Turcarum
1410 4925 1577 4965 naves
1628 4906 1947 4978 explorandi
2000 4920 2017 4941 ι

368 5025 500 5080 ergo
553 5009 621 5064 ad
676 5015 921 5062 catenam
981 5017 1159 5072 usque
1207 5010 1400 5073 portus
1462 5000 1788 5071 procedunt.
1852 4999 1979 5071 sedt

367 5101 440 5157 70
466 5100 666 5157 ictibus
700 5097 875 5167 iisque
909 5095 1078 5151 irritis
1109 5095 1324 5162 excepti
1356 5108 1461 5166 qua
1514 5092 1750 5146 maxima
1786 5099 1946 5163 potc-
1995 5090 1999 5094 ’

368 5202 497 5252 rant
549 5191 831 5250 celeritate
882 5187 1185 5258 aufugiam.
1229 5185 1301 5241 At
1341 5200 1532 5241 omnes
1580 5193 1832 5239 metuunt
1879 5198 1950 5239 ne

368 5260 549 5345 hostis
568 5285 696 5343 totis
711 5283 919 5338 viribus
939 5282 1126 5338 urbem
1151 5280 1454 5342 adoriatur,
1471 5277 1560 5333 cui
1586 5278 1768 5334 resisti
1787 5289 1950 5349 posse

369 5395 560 5438 omnes
588 5378 970 5449 desperabant.
991 5447 1013 5449 η
1347 5445 1353 5449 υ
1737 5422 1749 5433 .

438 5473 563 5530 Maii
593 5447 903 5528 l8.—Turcaa
924 5447 1020 5540 pe;
1052 5467 1228 5523 noctis
1257 5447 1491 5538 spatium
1518 5464 1801 5520 machinas
1828 5461 1950 5523 illas

370 5566 616 5632 turritas,
644 5579 673 5617 a
698 5561 942 5640 Barbaro
970 5573 1189 5630 quoque
1218 5568 1407 5614 nostro
1429 5571 1550 5611 cum
1572 5555 1949 5613 admiratione

371 5667 721 5722 memoratas,
745 5654 1044 5710 coniiciunt
1069 5669 1086 5721 ;
1112 5669 1214 5709 nec
1238 5652 1375 5707 satis
1402 5650 1589 5706 mirari
1611 5652 1787 5720 potuit
1807 5648 1950 5704 Tur-

372 5764 465 5807 cas
489 5749 543 5805 id
574 5759 809 5820 quatuor
849 5748 998 5801 horis
1028 5745 1333 5801 confecisse
1369 5744 1513 5814 quod
1546 5756 1738 5798 omnes
1786 5742 1949 5798 Chri-

365 5838 744 5915 stianiCpolin
794 5835 1516 5921 ltabitantestotiusmeusis
1536 5832 1712 5904 spatio
1766 5831 1948 5887 facere

375 5931 764 6004 nequivissent.
792 5934 865 5992 De
925 5947 1133 5991 summa
1182 5933 1281 5988 hac
1326 5926 1457 5989 arce
1492 5924 1945 5988 Turcaeimmanc
2007 6008 2013 6015 δ

2061 4719 2251 4784 missa,
2279 4716 2633 4772 Turcicarum
2662 4720 2884 4773 navium
2929 4718 3156 4773 insidias
3185 4713 3387 4789 elapsa
3415 4721 3469 4775 in
3506 4737 3635 4793 por-

2058 4820 2170 4863 tum
2206 4813 2519 4866 revertitur.
2552 4841 2622 4852 —
2652 4810 2796 4867 Urbs
2834 4814 3095 4867 continuo
3128 4820 3523 4868 tormentorum
3554 4815 3634 4871 la-

2056 4902 2187 4957 bore
2224 4903 2536 4958 infestatur.
3367 4898 3371 4903 ’

2125 4994 2251 5050 Maii
2284 4996 2379 5052 24.
2415 4999 2650 5064 Quartus
2687 5014 2846 5069 quem
2883 5001 3062 5057 denuo
3121 5017 3290 5070 prape
3343 5001 3634 5071 Caligaria:

2054 5092 2375 5146 detexcrunt
2403 5102 2613 5162 portam
2668 5091 2957 5148 cuniculus
3007 5106 3227 5149 murum
3263 5093 3407 5148 haud
3438 5108 3630 5164 parum

2053 5180 2215 5236 laesit.
2258 5179 2434 5237 Ferox
2461 5184 2584 5238 inde
2612 5198 2642 5237 a
2677 5181 3198 5255 Turcarum‘castris
3217 5184 3426 5239 clamor
3456 5198 3521 5238 ae
3546 5187 3634 5253 ju-

2058 5272 2251 5328 bilatio
2283 5282 2502 5344 propter
2538 5291 2775 5346 pugnam
2809 5275 3129 5331 aleatorium
3171 5277 3397 5347 jamjam
3427 5277 3633 5330 instan'

2002 5366 2005 5369 “
2053 5374 2184 5421 tem.
2221 5364 2457 5421 Ultimus
2490 5368 2774 5423 cuniculus
2801 5383 2971 5439 prope
2997 5384 3162 5440 supra
3191 5368 3393 5424 dictam
3416 5378 3628 5437 portam

2054 5467 2302 5526 repertus
2331 5457 2385 5512 iu
2413 5459 2547 5513 urbe
2576 5458 2816 5515 inclusos
2843 5460 3079 5515 maxime
3092 5460 3388 5515 terrefecit.
3423 5487 3486 5503 --
3518 5460 3632 5515 Ma-

2000 5564 2009 5574 λ
2051 5550 2227 5607 ebinae
2255 5552 2461 5608 bellica:
2504 5553 2682 5623 ignem
2715 5568 2778 5609 ac
2808 5553 3017 5625 lapides
3050 5555 3102 5607 in
3141 5553 3334 5607 urbem
3372 5556 3629 5611 emittere

2050 5659 2161 5698 I‘nOﬂ
2189 5653 2429 5700 0858M“.

2128 5737 2253 5794 Maii
2279 5738 2372 5795 26.
2398 5739 2555 5811 Ignes
2589 5739 2720 5798 festi
2771 5739 2882 5796 late
2911 5748 3162 5810 patentes
3188 5747 3241 5795 el
3277 5738 3535 5809 jubilatio
3569 5740 3627 5797 in

2050 5830 2351 5888 Turcarum
2377 5833 2574 5890 castris
2592 5839 2811 5904 propter
2831 5833 3019 5888 urbem
3037 5831 3289 5904 proximo
3305 5832 3394 5888 die
3419 5832 3470 5888 vi
3498 5834 3629 5889 ado-

2055 5922 2325 5980 rieudam.
2356 5922 2624 5996 Cpolitani
2652 5922 2939 5996 liciparatu
2974 5923 3222 5995 precibus
3251 5937 3316 5980 ac
3344 5924 3652 5996 suppliciis--
