2017 3212
255 203 326 235 1075

569 201 724 233 NICOLAI
743 200 916 232 ΒᾹΡιΒᾹΒΙ
938 201 1037 238 ΡΑῙΓΒ

1100 201 1111 230 [
1132 200 1277 233 VENETI
1295 200 1586 235 EPHEMERIDES.

1807 201 1867 233 1076

252 260 355 286 adeunt
369 263 399 286 ut
416 266 430 284 a
447 259 588 293 gentilium
602 258 696 286 furore
707 258 902 286 liberaremur.
916 273 948 278 —-
966 257 1044 286 0mi-
1059 269 1082 294 Α
1097 257 1135 286 illi
1150 258 1238 286 scalas
1262 258 1347 286 muris
1365 259 1510 286 admovere
1533 262 1674 292 conantes,
1693 258 1789 294 ingenti
1812 267 1866 287 cum

254 313 320 332 nosa
336 304 479 337 trepidatio
494 305 521 332 in
537 305 652 332 navibus
667 304 801 332 Turcicis.

287 352 323 379 27
334 352 408 379 Maii.
421 351 529 378 Domin.
540 350 651 378 Postera
666 358 775 386 quoque
791 358 843 379 nox
856 350 932 379 festis
942 350 1046 378 Turca-

250 402 314 423 l‘llm
337 396 488 423 illustratur
514 396 631 429 ignibus.
649 395 789 423 Clamores
804 396 901 423 sublati
917 396 1046 423 obsesso-

252 451 311 471 rum
325 450 405 471 aures
417 444 589 478 obstrepunt,
599 443 633 470 ad
645 443 716 470 Asiae
728 451 815 477 usque
824 442 915 469 littora
928 442 1043 476 profusi.

251 489 374 525 Ingentia
393 489 462 517 nturi
477 489 593 517 labentis
610 491 709 516 rudera
734 497 796 515 cum
823 488 931 524 fragore
956 490 1046 524 proci-

252 536 330 565 dunt.
344 535 389 562 cui
410 535 449 562 rt-i
463 535 563 562 mederi
580 534 714 570 Cpolitani
739 535 766 562 in
782 543 881 562 vanum
898 539 1041 562 conantur.

289 581 350 607 Maii
364 581 408 608 28.
427 581 557 608 Sullanus
574 582 607 608 ad
625 581 745 616 tympani
766 588 864 609 sonum
890 588 937 616 per
954 585 1044 608 castra

250 627 320 654 edici
339 627 416 662 jubet
431 632 461 655 ut
475 635 526 655 suo
540 628 656 662 quisque
685 628 746 654 loco
770 632 902 660 maneret,
929 632 1043 653 mortem

253 674 374 701 minatus
398 674 423 700 ei
446 673 491 708 qui
519 674 598 701 aliter
616 673 723 706 fecerit,
744 675 779 701 ob
808 674 902 701 urbem
931 678 1041 707 postero

250 727 333 747 mane
360 720 487 747 omnibtts
519 720 627 748 viribus
654 720 842 755 premendam.
866 719 926 747 Jam
958 719 1043 754 igitur

250 766 321 793 2000
339 766 420 793 scalae
448 766 639 793 admoventur.
659 765 686 793 lu
709 766 862 794 Turcarum
889 766 987 793 castris
998 766 1043 792 alii

250 812 319 838 alios
332 812 429 846 prazdaa
443 812 647 846 exspectatione
669 811 840 839 inﬂammant
855 820 862 838 :
879 811 979 846 quippe
991 810 1038 845 qui

252 863 292 885 tot
308 857 462 885 Christiana
476 859 610 892 mancipia
628 857 789 893 prehensuri
804 858 859 885 sint
881 861 910 885 ut
926 864 979 884 uno
996 863 1044 882 att-

250 912 296 932 reo
309 905 362 932 duo
372 905 428 933 sint
437 904 569 933 habituri.
581 904 738 933 Grecorum
750 904 850 932 barbas
863 904 970 940 laqueis
982 908 1044 932 tor-

1099 305 1200 332 damuo
1219 304 1399 339 repelluntur,
1411 305 1458 332 sed
1475 305 1508 332 ab
1519 305 1724 340 insequentibus
1739 311 1808 333 tanta
1819 307 1868 334 vio-

1099 350 1181 378 lentia
1196 350 1228 377 ad
1252 358 1344 378 muros
1358 351 1516 385 adiguntur,
1533 356 1564 378 ut
1580 359 1634 378 ttno
1648 350 1688 378 vel
1703 352 1784 379 altero
1799 352 1869 379 modo

1099 396 1268 431 pereundum
1291 397 1357 432 ipsis
1380 402 1464 424 esset.
1483 397 1518 425 Ut
1533 396 1670 425 Barbarus
1686 403 1783 429 monet,
1796 398 1870 425 sulta-

1098 450 1149 470 nus
1164 442 1335 470 Christianos
1352 443 1419 470 istos
1434 448 1578 478 propterea
1599 442 1626 470 itt
1640 443 1724 478 pritna
1739 444 1795 471 acie
1814 452 1871 471 con-

1097 488 1225 516 stituerat
1253 494 1282 516 ut
1305 489 1553 516 certissimaeutorti
1571 496 1781 523 exponerentur,
1805 491 1867 517 Tur-

1098 543 1190 562 carum
1205 540 1294 562 autent
1309 536 1369 562 vitae
1383 541 1518 570 parceret,
1534 540 1561 562 et
1577 541 1606 562 ιιι
1616 543 1664 570 per
1677 542 1767 562 eorum
1788 535 1827 562 vel
1839 536 1870 562 ir-

1098 580 1178 607 ritam
1209 580 1413 615 aggressionem
1440 581 1593 608 defensores
1610 581 1685 608 urbis
1702 580 1871 615 fatigaret;id

1097 626 1168 660 quod
1186 634 1214 653 re
1229 626 1286 660 ipsa
1305 627 1398 653 evenit
1410 627 1537 653 secunda:
1551 626 1618 654 aciei
1635 627 1806 662 proccssioue
1819 626 1871 654 licet

1098 679 1111 698 a
1133 672 1283 705 sagittariis
1297 676 1324 699 et
1342 673 1540 699 hombardariis
1557 672 1633 699 urbis
1651 672 1734 700 multo
1746 681 1805 700 cum
1817 681 1873 700 san-

1097 718 1179 753 guine
1195 718 1354 753 repellatur.
1373 718 1474 745 Deinde
1493 719 1572 747 tertia
1599 719 1699 748 sultani
1714 720 1786 748 acics
1804 721 1872 748 novis

1097 764 1199 792 viribus
1213 768 1241 792 et
1256 773 1316 792 cum
1328 765 1447 793 clamore
1461 765 1539 800 longe
1557 766 1662 801 lateque
1675 767 1780 800 audito,
1792 767 1871 802 janis~

1097 812 1160 838 sarii
1180 816 1207 838 et
1222 812 1305 839 robur
1320 813 1457 839 exercitus
1472 812 1580 840 leonum
1594 812 1680 840 instar
1693 818 1873 848 prorumpunt.

1097 855 1154 882 Non
1179 856 1351 884 obstantibus
1385 857 1567 886 multitudinis
1594 858 1713 892 utbauae,
1736 859 1873 893 pratserzitn

1098 902 1252 937 mulierum,
1264 903 1390 938 precibus
1407 911 1440 931 ac
1455 903 1705 938 lamentationibus,
1721 910 1749 932 et
1763 906 1875 939 quamvis

248 951 367 986 quandis
397 959 427 979 se
455 951 627 979 adltibituros
641 958 702 979 esse
718 950 893 985 locabantur,
910 951 981 978 unde
998 959 1043 978 ea.
1060 941 1081 971 Β
1096 953 1313 982 propugnatores
1325 949 1350 975 in
1364 956 1456 976 muros
1466 949 1611 977 fortissime
1621 954 1768 983 certarent,
1779 951 1875 977 oriente

249 1005 300 1025 nes
309 1005 373 1025 suos
381 997 537 1031 alligarent.
545 1012 581 1017 —
594 996 727 1025 Machina
735 1004 859 1024 extremo
868 997 966 1024 ardore
978 997 1045 1031 lapi-

249 1042 299 1070 des
317 1047 458 1070 evomunt.
469 1042 607 1071 Barbarus
617 1041 777 1070 Graecorum
787 1042 928 1069 avaritiam
939 1050 972 1070 ac
984 1050 1045 1078 per-

251 1089 409 1117 versitatem
424 1094 537 1117 strenuo
559 1090 712 1123 vituperat.
730 1088 789 1115 Non
808 1088 883 1116 enim
911 1089 964 1115 nisi
981 1089 1044 1116 data

250 1136 364 1169 pccuuia
372 1136 503 1163 auxilium
515 1135 698 1163 vendideruttt
709 1143 796 1170 eaque
807 1134 908 1162 reurbi
925 1135 1045 1162 immane

249 1186 382 1216 quantum
395 1182 486 1209 dantni
510 1181 669 1208 intulerunt.
687 1195 723 1201 —
738 1181 856 1208 lubente
884 1181 948 1208 dein
971 1188 1043 1216 prat-

250 1228 335 1259 fccto,
358 1226 458 1254 Veneti
477 1227 510 1253 ad
526 1234 634 1253 murum
651 1226 810 1254 interiorem
835 1226 990 1254 consistunt
1016 1232 1045 1254 ιιι

250 1273 303 1308 (sic
316 1273 388 1299 enim
402 1272 546 1307 prmfcctus
561 1280 655 1300 eorutn
672 1272 811 1306 monebat)
828 1279 876 1306 per
889 1271 973 1299 Deum
992 1272 1044 1299 im-

251 1317 409 1350 mortalem,
423 1323 504 1345 ωτι-ω
516 1317 632 1345 salutem
648 1322 675 1344 et
689 1317 811 1344 omnium
823 1317 1042 1344 Christianorum

250 1364 381 1390 honorem
395 1363 698 1391 vivantetmoriantur.
712 1379 746 1384 —
760 1363 816 1390 Nec
828 1364 918 1390 minus
929 1363 1042 1390 classia-

250 1410 284 1436 rii
300 1410 373 1436 circa
389 1416 514 1444 magnam
530 1414 625 1443 portus
638 1414 763 1436 catenam
781 1408 814 1435 ad
825 1416 942 1442 pugnant
957 1416 986 1435 se
996 1415 1041 1435 ac-

193 1473 203 1479 κ
249 1454 545 1490 cingtmt.——luterim
573 1455 696 1482 sultanus
719 1462 780 1481 cum
808 1446 1043 1482 10000'tnilitibus

249 1503 285 1530 ad
305 1502 420 1530 classem
436 1502 597 1540 provehitur
618 1505 645 1528 ct
663 1506 806 1535 postquam
827 1508 888 1528 cum
905 1501 1042 1528 ttavarcbo

249 1553 278 1576 ιιι.
294 1549 398 1576 faueris
414 1548 596 1583 polemarchis
613 1547 721 1574 Baccho
736 1547 890 1581 largissime
906 1547 938 1573 ad
953 1546 1042 1573 ebrie-

251 1599 333 1621 tatem
350 1602 436 1628 usque
449 1594 619 1627 indulsisset,
636 1593 661 1619 in
674 1597 765 1620 castra
778 1593 976 1620 revertitur.——
991 1591 1042 1619 Per

250 1643 336 1666 totttm
349 1639 429 1666 istutn
443 1638 513 1665 diem
526 1646 608 1673 grave
624 1638 771 1665 Turcictim
796 1642 953 1672 tympanum
968 1633 1042 1665 res‘o—

251 1690 302 1713 nat
316 1690 344 1712 et
360 1693 413 1712 nox
427 1684 574 1719 insequens
590 1684 665 1712 festis
679 1684 787 1720 ignibus
803 1684 921 1712 maxime
934 1684 1042 1719 conspi-

250 1740 300 1759 cua
316 1737 358 1759 est
372 1737 398 1759 et
412 1731 575 1758 clamoribus
590 1732 636 1766 qui
658 1732 762 1758 auctori
776 1736 871 1758 nostro
888 1739 920 1757 ex
937 1731 1041 1758 inmitt-

251 1782 327 1806 terno
345 1780 437 1806 venire
455 1779 591 1811 videntur,
607 1785 734 1810 resonat;
753 1783 778 1804 et
795 1778 857 1805 dum
887 1779 982 1805 Turcaa
996 1779 1041 1804 diu

250 1832 387 1860 noctuque
399 1826 585 1853 Multamedem
598 1826 724 1859 precibus
738 1833 786 1859 pro
798 1825 944 1852 obtinenda
960 1826 1043 1852 victo-

250 1874 287 1899 ria
301 1873 444 1907 praedaque
464 1871 587 1906 fatigant,
610 1871 758 1898 Christiani
776 1876 839 1898 ante
857 1870 999 1904 Deiparam
1016 1875 1043 1897 et

248 1927 343 1945 omnes
368 1923 477 1945 sanctos
496 1918 631 1952 provoluti
649 1925 710 1944 cum
739 1917 839 1952 gemitu
861 1925 892 1943 ac
912 1917 1041 1951 lacrymis

249 1965 438 1992 liberationem
458 1972 472 1990 e
487 1965 613 1991 tutantibus
631 1964 773 1999 gentilium
793 1965 914 1998 impense
938 1963 1041 1997 efflagi—

251 2017 318 2039 tant.
334 2012 399 2037 Atat
416 2010 487 2037 Deus
503 2011 634 2037 Dominus
648 2016 738 2037 noster
762 2019 809 2045 pro
824 2010 963 2037 voluntate
992 2017 1040 2035 sua

248 2057 410 2085 inexorabili
428 2057 549 2083 decrevit
566 2062 596 2083 ιιι
613 2065 645 2084 eo
660 2058 718 2091 ipso
731 2058 774 2084 die
788 2063 871 2092 caput
883 2057 1039 2084 Graecorum

249 2106 276 2130 in
292 2110 386 2130 manus
405 2103 566 2129 Mahautetis
580 2104 685 2130 veniret
704 2104 738 2137 (el
763 2109 852 2131 nostra
870 2104 968 2137 Signor
991 2104 1040 2130 Dio

247 2154 280 2178 de
304 2153 329 2178 la
346 2160 423 2184 aspra
441 2152 572 2177 sententia
587 2157 678 2177 contra
694 2150 796 2182 Griexi,
814 2152 859 2177 E/le
873 2152 896 2177 el
914 2151 980 2177 valse
996 2151 1041 2177 c/te

246 2205 338 2233 ιμεθιςια
355 2199 417 2225 sitm
434 2199 546 2224 andaase
562 2199 587 2224 in
607 2205 695 2232 questo
714 2207 794 2224 serito
814 2199 839 2224 in
858 2207 918 2223 man
934 2199 964 2223 de
980 2197 1040 2223 Μα-

247 2247 353 2279 cantet).

1096 994 1153 1021 sole
1168 993 1263 1022 Turea-
1280 994 1390 1030 pulvere
1407 1002 1422 1023 e
1447 999 1583 1023 tormento
1600 995 1644 1023 iilo
1661 996 1781 1023 maximo
1795 996 1875 1024 olli-ita

1096 1040 1196 1068 obtecti
1214 1041 1326 1068 trecenti
1340 1041 1428 1076 primo
1445 1049 1537 1068 muros
1557 1042 1718 1076 transgressi
1743 1048 1813 1069 sttul.
1829 1042 1874 1069 Sel

1096 1091 1244 1121 postquaur
1262 1092 1288 1113 et
1305 1086 1333 1116 bi
1359 1086 1409 1121 ipsi
1436 1086 1578 1114 audaciam
1610 1093 1696 1115 morte
1716 1088 1874 1121 expiasseut,

1097 1132 1222 1167 idemque
1246 1137 1413 1168 strategema
1437 1139 1594 1160 renovatum
1612 1132 1721 1163 fuisset.
1745 1139 1875 1168 postremo

1095 1172 1131 1206 ad
1144 1178 1233 1207 30000
1248 1179 1347 1206 milites
1360 1187 1409 1214 per
1423 1178 1553 1214 disjectas
1570 1179 1642 1208 circa
1656 1178 1685 1207 S.
1697 1178 1811 1207 Romani
1823 1188 1876 1215 por-

1097 1231 1150 1252 tam
1167 1226 1238 1253 nturi
1263 1230 1357 1261 partes
1369 1233 1430 1253 cum
1447 1226 1563 1261 impetu,
1577 1226 1665 1261 qualis
1680 1227 1800 1253 ferarum
1822 1233 1876 1253 esse

1095 1274 1176 1305 solet,
1192 1272 1219 1299 in
1242 1272 1338 1299 urbem
1352 1272 1520 1306 irruperunt.
1542 1271 1592 1298 Tot
1603 1279 1667 1299 vero
1682 1272 1709 1298 iu
1738 1280 1769 1298 ea
1795 1277 1876 1305 strage

1095 1317 1190 1345 ΤΗΙ-επ
1215 1317 1391 1348 ceciderunt,
1406 1322 1445 1351 ιιι,
1467 1318 1489 1345 si
1516 1317 1635 1345 Barbaro
1662 1317 1739 1350 fides,
1750 1318 1785 1344 40
1800 1324 1874 1345 naves
1898 1310 1900 1314 ⁷

1094 1364 1227 1391 onerariae
1240 1363 1416 1391 cadaveribus
1431 1363 1647 1398 transportandis
1656 1364 1698 1390 vix
1715 1364 1874 1391 suﬂ'eccrim.

1094 1408 1166 1435 idem
1183 1408 1268 1436 refert
1296 1416 1345 1443 pra
1354 1413 1428 1435 terea
1447 1408 1630 1436 Justinianum
1657 1409 1825 1436 vnlncratuut
1841 1414 1874 1441 et,

1094 1455 1199 1482 Turcas
1217 1455 1274 1490 jam
1290 1454 1356 1482 urbe
1375 1454 1454 1489 potiri
1469 1455 1642 1492 clamantem,
1667 1455 1735 1489 fugas
1757 1455 1875 1482 omnibus

1094 1508 1204 1527 causam
1228 1501 1376 1528 exstitisse.
1395 1500 1424 1527 ln
1441 1502 1507 1528 urbe
1532 1501 1556 1527 vi
1584 1505 1661 1536 capta
1684 1500 1781 1528 Turcae
1810 1501 1875 1528 nulla

1093 1548 1182 1574 aetatis
1198 1555 1336 1582 sexusque
1352 1547 1455 1575 ratione
1471 1548 1563 1575 habita
1582 1547 1738 1582 sanguinem
1755 1547 1873 1578 fundunt,

1095 1595 1180 1622 donec
1197 1595 1327 1627 inermes,
1343 1595 1415 1623 inter
1428 1603 1498 1630 quos
1515 1600 1682 1622 mercatores
1700 1594 1815 1621 Venetos
1832 1593 1874 1628 qui

1095 1642 1122 1668 in
1141 1641 1219 1670 cellis
1236 1649 1265 1669 se
1287 1641 1460 1675 abdiderant,
1473 1641 1561 1676 pretio
1587 1641 1704 1669 vendere
1722 1642 1808 1668 satius
1821 1647 1878 1668 esse-

1093 1688 1251 1721 judicarint.
1275 1687 1369 1714 Sancti
1391 1687 1472 1714 Marci
1499 1691 1526 1714 et
1546 1687 1716 1721 imperatoris
1740 1687 1842 1713 vexillis
1861 1692 1878 1712 θ

1097 1735 1214 1760 tortibus
1250 1734 1361 1767 direptis
1391 1734 1579 1766 iutpcraturis,
1598 1733 1770 1761 substituitur
1804 1732 1876 1759 cauis

1096 1779 1203 1806 Turcici
1232 1786 1259 1807 ut
1280 1786 1449 1814 nuncupant.
1467 1780 1547 1807 Urbis
1564 1781 1655 1814 itaque
1680 1769 1892 1813 expugnatione.

1095 1828 1203 1858 cognita
1224 1827 1379 1861 quicunque
1400 1827 1433 1854 '70
1462 1835 1541 1854 naves
1563 1824 1596 1853 iu'
1613 1832 1691 1861 portu
1713 1825 1838 1852 tenebant
1851 1829 1875 1850 et

1096 1881 1192 1905 magna
1208 1874 1305 1900 classis
1324 1880 1370 1906 per
1388 1872 1593 1906 Hellespontum
1616 1871 1711 1903 adfuit,
1741 1874 1774 1898 ne
1790 1869 1874 1905 pra‘da

1096 1920 1196 1953 ingenti
1213 1919 1422 1949 frustrarentur,
1441 1926 1499 1952 qua:
1517 1926 1549 1946 eo
1575 1919 1634 1952 ipso
1652 1921 1790 1944 momento
1811 1922 1874 1943 tetu-

1095 1967 1168 2001 p0ris
1187 1966 1301 2001 navigiis
1316 1966 1419 1999 imponi
1438 1970 1526 1999 ctepta
1541 1971 1610 1991 erat.
1629 1964 1723 1991 Refert
1744 1963 1873 1990 Barbarus

1094 2014 1166 2046 quod
1191 2012 1286 2039 "furca:
1314 2012 1388 2039 omni
1413 2012 1516 2042 domui,
1533 2011 1709 2042 monasterio,
1725 2010 1873 2038 ecclesiam

1093 2068 1173 2095 quatn
1194 2059 1306 2094 ἱιιειυδδὶ
1330 2064 1417 2091 erant,
1434 2057 1586 2085 vexillolunt
1611 2056 1784 2092 praefixeruut
1810 2055 1874 2088 quod

1093 2114 1140 2134 eos
1156 2108 1199 2139 qui
1223 2105 1358 2140 pra‘dautli
1390 2113 1470 2132 causa
1486 2104 1723 2138 subsequebantur
1750 2102 1784 2129 ab
1810 2101 1873 2127 ulle-

1095 2155 1148 2180 rius
1167 2153 1337 2186 procedendo
1359 2152 1501 2178 avocabat.
1527 2150 1590 2177 Plus
1611 2149 1718 2177 200000
1746 2146 1873 2183 ejusmodi

1093 2199 1241 2233 signaculis
1250 2208 1297 2233 per
1308 2204 1390 2224 totatn
1405 2198 1496 2224 urbem
1510 2197 1585 2223 :tﬁiva
1598 2196 1681 2222 fuisse
1696 2195 1829 2225 videntur,
1841 2194 1874 2219 si-

1092 2247 1201 2279 quitlrm
1214 2254 1308 2279 magna
1322 2252 1384 2278 pars
1399 2245 1525 2271 domuum
1541 2244 1633 2269 decem
1646 2241 1779 2274 ejusmodi
1794 2239 1872 2274 signis

284 2293 346 2319 Maii
360 2294 404 2320 9.0.
419 2293 554 2319 Barbarus
563 2292 690 2325 antiquas
703 2293 735 2318 de
750 2292 940 2327 excidioregni
952 2293 1038 2319 Gl'it‘Ci
1058 2298 1079 2325 ῃ
1096 2291 1222 2317 decorata
1241 2295 1310 2317 erat.
1331 2290 1546 2317 Christianorum
1564 2289 1660 2315 deinde
1678 2292 1783 2321 strages
1805 2290 1870 2312 tanta

247 2340 403 2373 prophetias
418 2342 591 2368 rentemorat,
602 2345 715 2371 quarum
727 2338 883 2371 atliutpletio
893 2339 1039 2364 secundum

248 2386 362 2418 plurima
375 2385 474 2411 indicia
493 2384 554 2410 huic
571 2384 621 2418 ipsi
642 2383 694 2410 dict
711 2389 848 2409 rosetvata
865 2383 956 2410 fuctit.
973 2384 1040 2410 Ter-

248 2434 283 2458 tia
298 2438 360 2459 ante
381 2432 446 2459 solis
465 2437 557 2457 orttttn
577 2432 640 2457 hora
657 2431 779 2457 sultauus
793 2431 878 2456 trinos
888 2431 1037 2462 exercitus,

246 2487 362 2513 quorum
380 2478 565 2511 unusquisque
585 2476 673 2504 50000
696 2482 814 2503 armatos
842 2476 968 2508 haberet,
996 2485 1040 2503 ur-

248 2527 310 2553 bcm
327 2532 421 2551 versus
439 2523 682 2558 procederejubct.
704 2522 791 2549 Prima
811 2523 923 2557 quidem
939 2523 1040 2549 cohors

246 2572 412 2599 Christianis
432 2571 575 2597 constabat
593 2577 661 2604 quos
680 2568 776 2596 ΤΗΙ-ωε
792 2570 824 2596 ad
842 2578 936 2604 pung
949 2571 1038 2596 socie-

247 2623 329 2645 tatem
348 2620 514 2650 cocgerant;
531 2615 651 2642 secunda
671 2615 748 2643 turba
763 2615 865 2642 itnbclli
883 2616 966 2649 (senta
990 2624 1040 2642 me-

246 2664 329 2697 nuda,
344 2663 389 2689 ς.οὲ
406 2662 504 2689 uilanie
522 2662 560 2687 ιαι
586 2662 702 2697 zentaia)
717 2670 723 2694 ;
742 2663 821 2688 tertia
847 2667 938 2688 antem
954 2662 1041 2696 janis-

246 2711 326 2737 sariis
336 2711 509 2738 etexcrcitus
523 2709 620 2736 robore
633 2710 783 2743 composita
798 2714 856 2735 erat
871 2717 877 2742 ;
895 2714 955 2743 post
971 2717 1041 2743 quos

248 2759 356 2785 tandem
368 2757 493 2784 sultauus
509 2757 597 2783 locum
615 2763 693 2782 suum
713 2756 874 2790 occupabat.
892 2756 931 2782 Ac
960 2756 1039 2790 primi

284 2827 321 2860 (i)
340 2835 348 2852 ι
368 2826 404 2852 De
418 2825 592 2859 l'impcrador
605 2825 657 2851 mai
673 2832 725 2851 noa
740 2833 768 2852 se
781 2826 842 2859 pote
854 2833 933 2852 saver
946 2825 1039 2852 novt-la

222 2871 225 2875 τ
248 2863 273 2887 (li
291 2862 349 2888 latti
366 2862 416 2892 soi,
433 2862 460 2888 ni
487 2868 559 2891 vtvo,
578 2861 604 2887 ni
622 2867 710 2887 murto
725 2870 731 2893 ;
751 2869 791 2887 ma
806 2862 896 2893 alguni
915 2862 976 2888 dixe
990 2861 1040 2888 Che

247 2897 273 2921 el
288 2896 315 2922 fu
330 2897 400 2923 visto
421 2897 447 2922 in
461 2897 502 2922 uel
519 2903 630 2922 tnttucro
644 2896 668 2922 di
687 2896 761 2928 corpi
779 2896 858 2922 morti
873 2904 879 2926 ;
897 2896 920 2922 cl
936 2898 998 2928 qual
1013 2898 1039 2922 f0

249 2932 315 2964 dito,
328 2932 375 2959 the
390 2931 452 2958 clsc
467 2931 561 2966 sufega
587 2930 610 2957 al
629 2930 699 2958 intra
717 2931 764 2958 che
779 2930 839 2958 fere
853 2930 859 2957 i
874 2931 974 2959 Turchi
990 2932 1039 2959 ala

1096 2337 1144 2363 fuit
1162 2343 1189 2363 ut
1207 2337 1254 2363 viae
1267 2336 1378 2370 publica:
1399 2336 1437 2362 vel
1453 2340 1513 2370 post
1530 2334 1642 2361 imbretn
1660 2333 1747 2368 aquis,
1760 2333 1800 2360 sic
1817 2338 1874 2358 san-

1093 2383 1175 2416 guine
1188 2381 1395 2413 inundarenlur,
1406 2387 1431 2408 et
1441 2383 1571 2408 cadavera
1580 2388 1605 2406 tn
1615 2379 1804 2413 Propontidem
1814 2384 1872 2412 pro-

1090 2429 1161 2462 jecta
1192 2435 1334 2462 pomorum
1348 2429 1432 2453 instar
1449 2427 1475 2453 in
1492 2435 1599 2460 aequore
1623 2431 1757 2452 natarent.
1776 2425 1872 2451 Auctor

1095 2481 1187 2502 uoster
1200 2476 1232 2502 de
1249 2477 1301 2501 vita
1319 2481 1344 2501 et
1363 2478 1448 2501 motte
1464 2473 1636 2507 imperatoris
1647 2472 1712 2499 nihil
1727 2472 1791 2498 certi
1800 2477 1872 2498 cont-

1095 2527 1198 2555 perttnn
1218 2529 1277 2548 esse
1288 2522 1366 2553 dicit,
1386 2521 1437 2546 nisi
1459 2521 1541 2554 quod.
1558 2524 1585 2546 ut
1609 2519 1691 2553 aliqui
1717 2520 1870 2548 memorant,

1094 2578 1192 2602 corpus
1210 2570 1267 2603 ejus
1290 2570 1361 2595 inter
1390 2576 1437 2595 eos
1455 2569 1592 2594 inventum
1619 2571 1661 2592 est
1677 2566 1721 2599 qui
1737 2572 1752 2591 a
1780 2563 1871 2591 Turcis

1093 2621 1197 2651 portam
1214 2617 1243 2643 S.
1261 2616 1375 2642 Romani
1400 2615 1565 2641 itttrantibus
1591 2614 1715 2648 oppressi
1728 2610 1871 2646 .fuere(f).

1093 2663 1121 2691 ld
1140 2671 1245 2697 quoque
1261 2663 1343 2690 refert
1355 2662 1491 2689 Barbarus
1506 2662 1577 2694 quod
1591 2660 1731 2699 Venetiaui
1747 2659 1870 2694 supersti-

1095 2715 1133 2737 tes
1150 2711 1174 2737 id
1190 2715 1306 2745 egerunt
1320 2715 1349 2737 ιιι
1363 2718 1407 2737 res
1418 2717 1492 2740 suas,
1506 2707 1657 2742 prtesertint
1672 2715 1765 2739 naves,
1778 2707 1803 2732 in
1818 2709 1871 2731 tuto

1093 2755 1268 2783 collocarent.
1283 2755 1354 2783 Inter
1365 2763 1413 2782 eos
1428 2754 1473 2789 qui
1483 2755 1559 2781 salva
1574 2754 1628 2780 vita
1644 2757 1797 2784 evaserunt,
1809 2757 1871 2785 prae

1093 2830 1168 2863 porta
1183 2825 1216 2851 de
1239 2832 1292 2863 san
1314 2824 1446 2850 Romano.
1468 2832 1476 2848 ι
1507 2823 1534 2849 In
1562 2823 1682 2863 margine
1700 2830 1754 2863 rus.
1781 2818 1869 2863 Veneti

1093 2855 1191 2895 iegitur
1209 2869 1215 2886 :
1234 2868 1243 2885 ι
1265 2861 1457 2892 L'nupcrator,
1476 2866 1597 2895 pregavaq
1620 2855 1669 2884 chc
1699 2857 1716 2895 li
1741 2857 1798 2895 suoi
1823 2855 1870 2895 l'aj

1094 2892 1227 2926 ntazasse,
1250 2900 1281 2932 et
1302 2895 1324 2920 si
1340 2901 1428 2932 tnesse
1446 2892 1512 2920 ttclla
1545 2892 1615 2920 furia
1632 2900 1682 2932 cup
1699 2893 1723 2919 la
1738 2892 1827 2932 spatia,
1843 2893 1869 2917 et

1095 2939 1185 2965 casco,
1204 2937 1229 2957 ct
1252 2930 1346 2962 rilcvo,
1369 2930 1413 2964 poi
1430 2937 1556 2965 rccasco;
1576 2934 1600 2956 et
1619 2929 1676 2956 cost
1696 2929 1773 2956 mori.
1790 2936 1799 2954 ι
