1944 3072
1229 100 1247 117 Ο

244 166 273 187 Ix
890 158 1031 192 JOANNE

1083 161 1237 191 LAliZUS.
1853 168 1870 190 tt

244 224 304 244 nem
322 216 466 250 Sinaitam,
484 222 536 246 etc.
553 218 629 252 Quod
647 217 756 253 quidrm
780 218 954 245 (iramznatiei
980 226 1029 244 no-
1048 220 1066 246 Α
1082 217 1130 243 τοῦ
1147 217 1250 249 Duxi,
1267 225 1294 243 κ.
1311 225 1334 243 τ.
1353 216 1378 244 λ.
1402 216 1598 252 Sapientissimi
1618 221 1642 243 et
1667 216 1874 251 eloquentissimi

245 271 307 290 men
324 263 504 297 professionis
516 273 577 293 esse
591 273 643 292 non
667 270 711 293 cst
733 272 782 293 cur
807 264 976 294 dubitemus.
1002 269 1029 291 et

244 308 327 342 quod,
339 309 420 336 etiam
436 308 579 344 postquam
598 306 777 342 monasticam
793 310 875 337 vitam
887 310 1030 344 amplexus

244 360 336 389 esset,
369 356 488 383 retinere
514 357 618 391 potuit,
636 356 789 392 si-quidcm
819 365 877 383 eam
912 364 1029 390 unquam

245 402 388 437 amplexus
405 408 463 430 est:
493 411 568 437 nam,
589 409 619 431 ut
631 403 697 436 dixi,
711 403 784 430 omni
799 403 920 430 historia:
935 407 1030 430 aucto-

245 449 325 476 ritate
340 449 488 477 destitutus
506 450 544 483 id,
561 458 614 477 una
630 458 690 478 cum
705 450 842 489 Fabricio,
856 451 917 485 quis
934 450 1030 477 crede—

247 500 288 521 ret
301 495 312 521 ?
324 495 357 522 Et
371 496 481 530 quidem
492 496 616 523 monachi
627 497 738 531 passim,
750 496 848 534 aliique
862 497 888 530 in
900 495 1031 523 eminenti

245 541 377 576 dignitate
390 543 545 576 constituti,
564 550 647 578 super
661 542 821 578 theologicis
847 542 1032 578 gravissimis-

244 595 298 621 que
313 589 505 617 controversiis
521 597 583 617 eum
608 589 800 621 consulebant,
817 594 848 616 ut
861 597 893 616 ex
923 588 1032 623 Episto-

245 633 288 664 lis.
317 641 363 661 seu
393 634 651 668 dissertationibus,
682 643 750 671 quas
784 635 902 670 edimus,
923 639 1030 668 certum

246 680 471 716 exploratumque
483 687 536 709 est.
552 682 619 715 Quis
633 688 724 709 autem
738 682 817 710 facile
832 683 970 717 opinetur,
981 681 1032 709 ho-

230 719 348 762 V‘mincm
365 727 450 753 sacris
465 732 492 753 et
509 727 633 754 castior-is
655 727 773 762 alicujus
792 732 875 754 sectae
898 727 1031 755 institutis

232 771 361 799 'mi..ime
384 772 534 804 addictum,
549 773 596 800 sed
614 781 630 801 e
657 773 748 800 medio
771 773 884 808 populo,
913 781 974 800 cum
993 778 1032 802 tot

247 818 370 852 episcopi
398 817 632 854 ecclesiasticique
659 823 841 854 przeceptores
866 819 948 854 vulgo
965 826 1032 854 sup-

248 868 380 897 peterent,
396 865 431 892 ab
446 864 486 892 cis
507 865 536 891 in
552 865 692 900 religionis
707 865 923 900 dogmatumque
948 865 1032 893 Chri-

248 911 401 939 stianorum
429 912 538 947 negotio
577 913 734 941 consultum
772 915 841 941 adeo
872 914 1034 949 frequenter

249 956 356 984 fuisse?
373 956 432 985 Non
457 966 501 985 me
520 958 629 993 quidem
653 959 730 992 latet,
747 966 819 986 mere
844 960 927 986 etiam
944 959 1028 987 laicos

247 1003 394 1038 aliquando
405 1003 432 1030 in
449 1003 571 1031 Ecclesia
586 1005 724 1038 docuisse,
738 1010 764 1033 ct
775 1006 906 1033 habuisse
921 1007 1034 1033 concio-

246 1057 306 1081 nes,
319 1054 348 1076 ut
361 1058 393 1077 ex
409 1050 528 1078 Eusebio
543 1051 576 1078 de.
589 1051 704 1086 Origene
717 1052 805 1080 adhuc
820 1053 919 1088 juvene
933 1052 1030 1088 liquet;

246 1100 274 1122 et
292 1095 407 1131 Prosper
426 1097 579 1131 Aquitanus
604 1097 700 1129 multa,
731 1106 791 1133 quae
816 1099 882 1133 ipsis
905 1099 1036 1126 coclesia-

246 1141 308 1169 Stici
332 1142 435 1169 ordinis
461 1143 597 1178 magistris
626 1143 708 1171 ardua
733 1148 759 1171 et
790 1144 927 1173 salebrosa
946 1144 1034 1177 videri

246 1193 393 1222 poterant,
422 1189 448 1215 in
477 1197 506 1216 re
532 1189 682 1224 theologica
713 1190 792 1226 (lecte
809 1195 837 1218 et
866 1191 1034 1225 pracclariter

246 1234 437 1269 pertractavit;
455 1239 577 1263 attamen
595 1236 686 1264 isthuc
711 1237 800 1272 ipsum
818 1237 845 1264 in
867 1245 895 1272 re
914 1242 968 1265 tam
986 1238 1036 1269 ob-

247 1288 326 1307 scura
344 1285 371 1308 ct
387 1281 513 1315 ambigua
533 1282 626 1309 nescio
640 1282 703 1317 quid
722 1283 888 1317 suspicionis
906 1284 1035 1312 inducere

245 1327 470 1361 dissimulandum
487 1327 697 1362 haudquaquam
711 1328 851 1356 existimo.
872 1329 1035 1364 conﬁrmari

247 1372 272 1398 id
292 1373 373 1399 etiam
392 1377 483 1407 posset
497 1373 739 1411 animadvertendo
755 1375 782 1402 in
798 1375 892 1403 codice
909 1376 1035 1409 Caesareo

247 1419 328 1454 κηρὸν
351 1419 462 1455 Glycam
476 1419 624 1455 appellari;
651 1428 706 1455 quo
736 1421 868 1449 vocabulo
894 1425 1035 1450 contracto

246 1466 374 1492 iuonaehi
401 1466 550 1500 praesertim
565 1486 572 1498 ,
593 1466 768 1502 sequioribus
792 1467 911 1500 saeculis,
938 1467 1036 1503 indigi-

246 1512 390 1538 taiaulur:
414 1519 468 1538 non
493 1519 572 1540 secus
598 1513 708 1547 quidem
738 1516 820 1548 atque
849 1521 898 1541 nos
927 1514 1035 1541 damnas

1085 263 1219 291 dlu‘ltm‘lis
1235 262 1334 298 Glycrr,
1349 268 1414 295 ctc.;
1427 268 1453 290 et
1469 271 1499 290 ex
1512 263 1739 298 inscriptionibus
1749 263 1874 290 codicmu

1084 311 1228 338 Annalium
1248 309 1416 337 Vallicellani
1439 314 1466 337 ct
1497 309 1777 339 Fontisebraldensis,
1807 316 1876 343 quas

1083 357 1165 391 paulo
1182 356 1308 390 superius
1325 355 1478 382 attulimus.
1495 356 1528 382 Et
1549 356 1657 390 quidem
1675 356 1702 383 in
1725 363 1821 390 magna
1839 355 1875 382 ob

1083 402 1236 429 doctrinam
1250 401 1454 429 existimatione
1472 400 1557 428 fuisse
1573 401 1693 428 indicant
1703 401 1784 428 etiam
1798 401 1875 427 lucu-

1082 448 1171 475 lenter
1180 448 1240 484 ejus
1249 455 1276 482 c.-
1284 447 1380 478 istolaz.
1393 455 1453 482 qua:
1467 447 1609 474 monachis
1618 448 1718 482 passim
1746 447 1873 481 aliisque,

1082 495 1128 530 qui
1150 503 1212 522 eum
1229 495 1263 522 de
1278 486 1475 530 quaestionibus
1492 493 1659 521 ditlicillimis
1681 493 1874 522 consulebant,

1083 541 1239 573 mittuntur,
1255 545 1285 568 ut
1305 548 1354 576 per
1368 548 1399 568 ea
1414 544 1538 575 tempora
1555 545 1653 566 omnes
1677 537 1735 564 fere
1761 537 1794 564 ad
1809 544 1872 563 eum

1081 588 1211 614 doctrinre
1225 594 1376 620 causa,seu
1392 594 1517 619 accessu,
1527 593 1575 613 seu
1585 584 1693 617 litteris,
1707 583 1874 610 conﬂuxisse

1082 634 1237 662 videantur.

1118 680 1177 713 Qua
1195 685 1275 708 aetate
1298 679 1395 716 Clycas
1433 684 1528 707 noster
1550 678 1659 709 vixerit,
1685 681 1745 712 post
1771 683 1870 706 novam

1083 725 1262 753 eruditissimi
1279 725 1363 752 Leon.
1383 724 1472 751 Allatii
1486 723 1655 759 opinionem,
1672 729 1752 756 quam
1769 721 1830 747 Casi
1844 731 1871 747 ιι.

1083 772 1210 808 Oudinus
1225 780 1275 800 suo
1291 770 1398 798 calculo
1413 771 1586 805 comprobat,
1606 769 1632 796 in
1651 767 1798 795 sententiis
1819 773 1873 793 est.

1082 817 1211 852 Plerique
1230 821 1320 847 tamen
1340 824 1437 844 omnes
1453 816 1544 843 saeculi
1569 823 1607 842 xu
1630 814 1790 849 scriptorem
1809 821 1870 839 cum

1085 864 1255 897 existimant,
1277 862 1320 898 lo.
1335 863 1459 895 Zonarm,
1483 862 1593 897 Georgii
1619 861 1747 893 Cedreni,
1778 860 1873 887 Comt.

1087 910 1219 944 Manassis
1235 911 1396 947 σύγχρονον,
1411 910 1581 944 aliorumque
1604 909 1744 936 similium.
1765 908 1798 934 Et
1816 907 1876 940 qni-

1086 958 1148 985 dem
1163 965 1240 985 suam
1257 956 1417 990 llistoriam,
1438 964 1519 991 quam
1535 956 1569 983 ab
1581 956 1646 982 orbe
1665 954 1775 982 condito
1794 961 1874 980 exor-

1086 1005 1172 1037 ditur,
1187 1012 1273 1039 usque
1286 1004 1319 1032 ad
1332 1003 1437 1030 obitum
1461 1002 1547 1030 Alcxii
1563 1001 1708 1032 Comneni,
1726 1006 1753 1028 et
1770 1008 1874 1027 annum

1087 1051 1187 1079 Christi
1203 1050 1282 1084 11-18,
1296 1050 1416 1078 deducit.
1432 1049 1500 1076 lline
1521 1057 1535 1076 a
1558 1048 1590 1076 (Ξ.
1613 1047 1655 1075 Jo.
1670 1047 1775 1078 Vossio,
1793 1046 1840 1073 lih.
1856 1053 1873 1072 ιι

1088 1094 1126 1121 De
1135 1095 1226 1121 Itislor.
1243 1093 1409 1129 Ui-tec.,cap.
1425 1094 1470 1125 27,
1487 1093 1520 1119 ad
1533 1100 1633 1120 annutn
1648 1092 1716 1119 11Ξο
1740 1091 1873 1120 refertur;

1087 1141 1316 1176 queuntdmodutn
1343 1146 1371 1167 et
1390 1148 1404 1167 a
1423 1139 1521 1167 Guliel.
1544 1140 1644 1169 Cavco.
1662 1139 1687 1165 in
1706 1138 1773 1164 "ist.
1791 1138 1873 1164 littcr.

1085 1188 1178 1222 script.
1194 1187 1286 1213 ccclet.
1303 1186 1355 1213 Ph.
1374 1186 1484 1213 Labbeo
1498 1185 1646 1213 verisimile
1662 1188 1714 1216 est,
1727 1191 1788 1210 cttm
1801 1183 1874 1209 circa

1087 1240 1189 1260 anntttn
1205 1233 1274 1260 1150
1285 1232 1410 1260 ﬂoruisse
1423 1241 1430 1259 :
1452 1232 1493 1259 cui
1510 1231 1620 1267 epocha:
1631 1231 1675 1258 alii
1688 1238 1794 1265 quoque
1809 1230 1875 1256 asti-

1086 1279 1225 1314 pulantur,
1246 1279 1268 1309 si
1283 1279 1410 1306 Allatium
1428 1283 1455 1306 et
1474 1278 1613 1306 Oudinum
1626 1279 1749 1305 laudatos
1763 1284 1876 1310 excepe-

1087 1326 1137 1360 ris.
1152 1325 1197 1353 llle
1217 1326 1290 1353 enim
1314 1326 1424 1362 Glycam
1440 1326 1531 1353 saeculi
1554 1333 1589 1352 xv
1613 1324 1776 1359 scriptorem
1797 1330 1870 1352 esse.

1087 1377 1112 1408 et
1126 1380 1198 1400 anno
1212 1371 1282 1401 1450
1311 1380 1343 1400 ac
1356 1372 1485 1407 deinceps
1501 1372 1645 1403 claruisse,
1662 1369 1812 1406 pertendit,
1832 1377 1874 1395 ra-

1088 1419 1189 1454 tioque,
1206 1428 1259 1455 qua
1280 1419 1415 1451 innititur,
1433 1424 1486 1454 est,
1504 1419 1576 1455 quod
1597 1427 1628 1446 ex
1648 1419 1736 1454 Glycze
1751 1417 1875 1453 epistulis

1087 1466 1179 1507 plures
1193 1466 1225 1493 ad
1237 1466 1381 1493 Maximum
1398 1466 1577 1497 Smeniotem,
1590 1471 1616 1493 et
1631 1465 1730 1492 lsaiam
1744 1464 1872 1500 Cyprium

1087 1513 1264 1546 monachum,
1279 1513 1325 1547 qui
1352 1517 1418 1540 tunc
1443 1513 1573 1548 temporis
1597 1511 1736 1544 vivebant,
1766 1510 1873 1544 scriptu

246 1557 395 1584 monachos
413 1558 524 1585 honoris
539 1565 619 1585 causa
636 1566 838 1593 nuncupamus,
857 1560 930 1594 quod
953 1560 1069 1594 latiusc
1085 1562 1158 1588 sunt,
1180 1557 1305 1586 Oudinus
1318 1559 1394 1589 addit
1420 1557 1512 1594 Glycm
1537 1562 1677 1594 syntagma
1710 1558 1872 1586 historicum

245 1611 278 1629 ac
293 1603 437 1631 dilucidius
452 1604 479 1630 in
497 1604 608 1631 scholiis
623 1605 657 1632 ad
674 1605 897 1632 dissertationem
916 1606 1031 1640 primam

247 1649 416 1682 cxpedimus,
432 1653 459 1676 et
478 1649 655 1677 classicorum
682 1650 848 1685 scriptorum
869 1652 1032 1680 testimoniis

247 1694 276 1722 in
291 1695 407 1730 medium
422 1695 549 1723 adductis
564 1696 781 1730 comprobamus.
798 1696 868 1729 Quid
887 1698 959 1733 quod
985 1706 1032 1725 co-

247 1742 299 1767 dex
328 1749 378 1767 ms.
395 1741 540 1768 Annalium
554 1741 642 1777 Glycat
660 1741 854 1770 Vallicellanus
875 1743 1031 1779 huiusmodi

249 1787 355 1822 titulum
386 1788 516 1823 praefert?
540 1788 596 1814 Τθῦ
618 1788 787 1822 λογιωτάτου
813 1790 861 1815 καὶ
889 1799 1034 1825 μακαριω-

246 1834 329 1860 titan
361 1834 446 1869 κυροῦ
463 1833 572 1869 Μιχαὴλ
587 1834 636 1860 τοῦ
649 1834 740 1861 Γλυκᾶ
755 1835 900 1870 Χρονικὸν,
916 1845 943 1862 κ.
960 1845 985 1862 τ.
1005 1837 1031 1864 λ.

247 1880 466 1914 Eloquentissimi
482 1885 506 1907 et
521 1881 666 1907 beatissimi
679 1882 770 1908 damni
783 1881 919 1909 Michaelis
944 1882 1032 1918 Glyco:

247 1926 407 1958 Chronicon,
423 1933 493 1958 etc.,
510 1926 557 1961 qui
574 1927 644 1954 forte
660 1935 714 1954 non
729 1932 782 1954 tam
809 1936 914 1956 morum
939 1929 1033 1964 probi-

247 1978 330 1999 tatem
346 1977 373 1999 ct
392 1973 615 2005 sanctitudiuem,
630 1981 712 2008 quam
728 1974 905 2002 monasticam
928 1975 1032 2010 proles-

247 2019 353 2046 sionem
378 2019 521 2053 designare
546 2027 626 2053 posse
651 2020 786 2047 videatur.
804 2019 895 2048 Codex
922 2029 1032 2056 quoque

247 2065 404 2100 monasterii
432 2064 699 2092 Fontisebraldonsis
725 2067 820 2101 paucis
849 2067 959 2094 mutatis
991 2068 1032 2095 sic

247 2111 358 2145 incipit:
386 2110 439 2138 Τοῦ
467 2111 624 2146 σοφωτάτου
654 2111 702 2138 καὶ
723 2112 946 2147 μακαριωτᾲτου,
963 2117 1029 2146 etc.,

248 2157 443 2192 Sapientissimi
456 2161 480 2184 et
499 2157 654 2190 beatissimi,
667 2162 722 2184 etc.

285 2202 418 2238 Quidquid
436 2209 526 2230 autem
542 2203 587 2235 sit,
601 2201 669 2230 illud
681 2202 828 2237 exploratae
845 2203 905 2231 ﬁdei
921 2210 972 2235 est,
989 2204 1031 2231 vi-

248 2257 306 2275 rum
322 2242 391 2276 hunc
407 2249 558 2276 litterarum
567 2249 667 2277 studiis
682 2250 799 2277 maxime
813 2250 946 2283 deditum,
958 2250 1032 2284 φιλό-
1045 2240 1071 2271 Ῐ)
1082 2251 1158 2287 juxta
1188 2251 1256 2278 alios
1280 2251 1297 2283 5

247 2303 326 2320 παν-»ον
351 2295 397 2320 καὶ
419 2295 568 2330 φιλομαθῆ,
595 2295 678 2324 fuisse
703 2295 864 2332 cunctisque
883 2297 952 2324 adeo
973 2297 1029 2325 fere

245 2341 395 2375 tiisripi’llis
411 2341 568 2367 eruditum:
585 2342 684 2375 passim
703 2342 775 2369 enim
792 2342 819 2368 in
831 2342 888 2369 suis
901 2343 1030 2377 operibus

246 2388 400 2420 tln-ntngmu
411 2386 502 2419 simul,
511 2393 651 2413 sacrarum
663 2386 827 2421 Litterarum
837 2387 1029 2422 interpretem,

244 2432 381 2469 medicum
397 2432 583 2467 tiaturalisque
597 2433 720 2461 scientiae
735 2434 923 2469 indagatorem
940 2434 1028 2461 soler-

244 2479 389 2514 tissitnum,
409 2472 661 2513 peritissimumun
686 2487 714 2506 se
736 2480 828 2516 prodit
853 2480 1029 2508 historicum.

243 2525 300 2552 Mc
316 2525 475 2559 eloquentia:
489 2524 599 2564 quidem
616 2524 696 2552 laude
710 2530 796 2558 caret,
813 2531 841 2553 et
864 2526 935 2553 facili
959 2535 1027 2560 qua-

242 2571 306 2597 dam
321 2577 353 2597 ac
368 2571 444 2605 plana
459 2570 567 2606 dicendi
583 2571 688 2598 ratione
705 2571 834 2599 lectorem
851 2572 971 2599 oblectat
996 2579 1028 2600 ac

241 2617 358 2648 detinet,
390 2616 427 2650 ita
450 2620 480 2643 ut
498 2617 654 2651 eloquentia
674 2624 735 2644 cum
762 2617 865 2652 ingenii
896 2617 1028 2646 facilitate

243 2667 351 2689 certare
363 2662 499 2690 videatur.
513 2662 607 2698 Itaque
624 2662 659 2690 ob
674 2662 734 2697 ejus
747 2663 880 2691 doctrina:
894 2669 1028 2699 praestan-

245 2709 308 2735 tiam
328 2709 427 2736 merito
451 2708 616 2742 λνλγιώταιτος
632 2709 679 2735 καὶ
694 2709 852 2743 σοφώτατος
876 2710 1027 2744 appellatus

242 2759 294 2787 est,
313 2758 343 2780 ut
363 2761 397 2781 ex
422 2755 481 2787 ejus
503 2754 687 2789 Epistolarum
713 2756 831 2790 generali
849 2756 1028 2791 inscriptione

243 2803 271 2828 in
304 2801 399 2828 codice
423 2801 548 2829 Caesareo
584 2802 655 2837 apud
686 2802 715 2830 P.
745 2803 931 2835 Lambecium,
965 2805 1026 2832 cod.

207 2878 209 2880 _
244 2847 364 2882 theolog.
403 2847 463 2879 159,
480 2847 662 2883 intelligitur;
693 2855 734 2877 est
770 2851 844 2878 enim
879 2859 930 2881 ea,
968 2859 1028 2884 qua:

245 2894 369 2927 sequitur
384 2901 389 2920 :
407 2892 458 2920 Τοῦ
486 2895 640 2930 σοφωτάτου
659 2897 704 2923 καὶ
731 2897 896 2931 ique-.5th
917 2897 943 2924 Μ
957 2896 1026 2931 χαὴλ

1083 1604 1159 1635 olere
1176 1605 1309 1632 Grieciam
1322 1605 1552 1638 recentissimam,
1568 1605 1641 1641 quod
1657 1605 1702 1633 ille
1716 1605 1759 1632 vel
1784 1610 1873 1632 morte

1083 1650 1125 1677 vel
1141 1650 1257 1686 negotiis
1275 1655 1425 1687 occupatus
1452 1651 1522 1678 ttltra
1540 1659 1642 1679 annum
1660 1651 1728 1679 llis
1753 1659 1809 1678 non
1825 1659 1873 1678 cx-

1083 1697 1212 1724 tendcrit.
1228 1697 1320 1731 ltaquc
1334 1697 1409 1732 juxta
1426 1702 1593 1726 memoratos
1609 1698 1758 1734 scriptorcs
1774 1698 1872 1734 Glycas

1084 1741 1233 1777 σύγχρονος
1253 1741 1351 1769 fuisset
1376 1743 1487 1770 Macarii
1513 1742 1652 1778 Ancyrani
1679 1744 1871 1778 metropolita‘,

1084 1788 1187 1814 Nicolai
1203 1787 1347 1823 Selengiai,
1363 1787 1405 1815 Jo.
1420 1787 1511 1820 Ducat,
1530 1789 1700 1823 aliorumque
1716 1788 1797 1822 hujus
1810 1793 1873 1814 a-ta-

1084 1834 1118 1861 tis
1133 1834 1264 1867 virorum,
1274 1835 1321 1869 qui
1337 1834 1573 1861 lucubrationibus
1585 1833 1666 1861 editis
1678 1841 1777 1861 nomen
1790 1841 1869 1860 suum

1083 1881 1234 1916 posteritati
1249 1881 1520 1908 eommeudaverunt.
1541 1880 1641 1908 Verum
1657 1880 1695 1912 id,
1712 1881 1783 1914 quod
1796 1880 1876 1921 litem,

1083 1935 1192 1955 onmem
1207 1927 1320 1961 dirimit,
1339 1932 1403 1955 sunt
1427 1927 1554 1961 Epistolas
1570 1926 1658 1962 Clycae
1673 1925 1718 1960 55,
1734 1926 1768 1955 56
1783 1931 1811 1953 et
1826 1927 1870 1958 41,

1083 1982 1143 2009 qua:
1171 1973 1205 2001 ad
1235 1973 1427 2009 imperatorem
1452 1973 1664 2000 Constantinum
1707 1972 1870 2014 Palmlogmu

1082 2020 1193 2055 scriptae
1204 2025 1282 2053 sunt;
1299 2024 1406 2048 constat
1419 2025 1510 2054 autem
1528 2027 1561 2048 ex
1580 2019 1735 2047 verioribus
1756 2020 1872 2047 chrono—

1082 2066 1151 2102 logis
1175 2066 1386 2094 Constantinum
1416 2065 1595 2106 PalmOIOgum
1624 2075 1679 2093 non
1716 2071 1779 2093 ante
1819 2074 1870 2093 an-

1082 2119 1147 2148 num
1175 2108 1254 2144 1445,
1270 2111 1312 2139 vel
1337 2111 1415 2147 juxta
1433 2112 1502 2138 alios
1521 2111 1601 2143 1448,
1621 2111 1765 2146 imperium
1776 2118 1870 2138 susce-

1083 2158 1155 2199 pisse
1168 2157 1297 2191 Orientis,
1311 2158 1381 2193 quod
1398 2165 1471 2185 anno
1487 2157 1567 2188 1453.
1591 2157 1616 2184 in
1637 2156 1871 2192 Constantinopo-

1083 2203 1167 2232 litana
1195 2205 1273 2234 clade
1297 2205 1461 2237 exstinctus,
1487 2203 1590 2235 amisit,
1609 2210 1671 2230 cum
1693 2203 1774 2230 annis
1786 2203 1812 2235 8,
1828 2203 1870 2230 vel

1324 2251 1374 2278 etsi
1404 2258 1459 2277 non
1478 2249 1590 2285 integris
1616 2249 1787 2284 imperasset.
1809 2248 1869 2276 .lam

1082 2302 1291 2324 memoratarum
1308 2296 1488 2331 Epistolarum
1505 2296 1698 2330 inscriptiones
1714 2295 1740 2332 in
1753 2295 1806 2322 alio
1823 2303 1870 2321 vo-

1081 2339 1183 2369 lumine
1200 2349 1251 2369 una
1263 2350 1324 2369 cum
1342 2342 1456 2369 aliarum
1469 2341 1556 2369 titulis
1568 2341 1728 2373 aﬂ‘erelnus,
1744 2346 1771 2368 ct
1787 2349 1821 2368 cx
1838 2341 1870 2367 iis

1080 2389 1180 2416 veritas
1192 2389 1236 2415 illa
1247 2396 1328 2423 quam
1336 2388 1481 2416 astruimus
1489 2388 1631 2422 evidenter
1643 2387 1770 2414 elucebit.
1780 2386 1869 2414 Carol.

1080 2434 1191 2469 quidem
1213 2434 1384 2466 Dulrcsnius,
1405 2434 1445 2460 vir
1462 2433 1649 2465 doctissimus,
1659 2433 1685 2459 in
1701 2433 1871 2470 praefatione,

1079 2489 1161 2516 quam
1177 2481 1306 2515 operibus
1324 2479 1367 2508 Jo.
1385 2480 1498 2507 Zonarte
1514 2480 1657 2514 praemisit,
1676 2487 1737 2506 cum
1757 2479 1784 2506 in
1809 2487 1868 2505 eam

1079 2527 1243 2554 sententiam
1261 2526 1443 2560 discessisset,
1468 2534 1529 2561 qua:
1551 2526 1610 2554 vult
1634 2527 1714 2554 hasce
1734 2526 1868 2560 Epistolas

1078 2580 1140 2601 esse
1153 2572 1195 2600 ιο.
1215 2572 1330 2600 Zonara:
1358 2571 1455 2604 fetum,
1473 2572 1623 2599 utevincat
1639 2580 1696 2606 cas,
1714 2571 1756 2599 vel
1772 2578 1866 2597 earum

1078 2618 1175 2645 saltem
1191 2618 1306 2653 aliquas,
1322 2625 1383 2645 esse
1399 2618 1516 2653 scriptas
1530 2625 1562 2645 ea
1583 2622 1673 2650 atate,
1690 2625 1743 2652 qua
1768 2617 1813 2643 itte
1829 2617 1870 2652 vi:

1078 2663 1169 2695 vebat,
1180 2664 1285 2690 clarum
1299 2669 1529 2699 perspectumque
1538 2671 1600 2691 esse
1608 2664 1656 2696 ait,
1671 2661 1865 2690 nonnullarum

1078 2714 1229 2741 auclorctn,
1261 2709 1283 2736 si
1305 2717 1359 2736 non
1382 2710 1516 2743 omnium,
1539 2710 1637 2736 vixisse
1665 2709 1717 2736 sub
1740 2708 1865 2736 Manuele

1078 2755 1237 2788 Coruncno;
1255 2763 1316 2782 nam
1332 2756 1476 2791 epistolam
1491 2755 1524 2782 38
1540 2756 1566 2782 in
1579 2755 1668 2782 indice
1681 2755 1864 2783 Lambeciano

1079 2802 1211 2829 Mauuclis
1219 2802 1352 2829 Contncni
1362 2803 1533 2837 imperatoris
1542 2809 1602 2829 esse
1611 2803 1770 2835 arbitratur,
1780 2811 1865 2838 quare

1079 2852 1105 2875 et
1122 2849 1294 2882 subsequens
1318 2847 1577 2881 .lulupulogcticum,
1596 2851 1668 2883 quod
1684 2849 1793 2884 quidem
1809 2853 1864 2875 sla-

1080 2895 1128 2928 titu
1144 2894 1268 2932 sub'lilur
1284 2895 1310 2921 in
1327 2894 1419 2931 codice
1437 2893 1560 2923 Caesareo
1583 2900 1609 2923 ct
1633 2895 1660 2922 in
1676 2894 1762 2930 llegio
1789 2895 1864 2931 Paris

1867 2965 1921 2980 ’—
