1944 3072
200 133 238 153 XIII

820 123 990 153 Jt).\t\'NES
1011 124 1055 152 l..\
1063 124 1085 152 Μ
1095 123 1100 151 1
1109 123 1165 153 US.

1766 125 1807 144 \lv

201 191 224 211 ut
238 185 263 210 in
279 183 399 210 lati-latis
413 182 485 209 notis
499 182 623 208 atlirmat.
641 181 707 208 Tres
725 187 813 208 autem
832 181 969 215 Epistrilm,
989 182 1009 209 Α
1025 185 1051 207 et
1077 181 1188 214 integra:
1204 180 1387 213 petlt'geulur.
1413 179 1530 213 [leuique
1544 176 1702 211 iragtucntis
1717 184 1808 203 carum

201 239 258 264 ljllaS
283 229 354 266 typis
377 228 515 255 mandavit
536 228 690 257 Vulcanius,
717 228 813 253 ordine
836 231 899 253 sunt
929 226 972 258 10,

203 277 236 307 15,
252 275 296 302 '52.
313 273 373 301 lac.
391 281 498 308 quoque
523 273 661 300 Pontanus
677 272 744 299 duas
759 280 792 299 cx
811 272 884 298 hisce
902 271 974 298 litte-

202 323 242 352 ris.
257 328 326 356 quas
340 320 374 347 ab
387 319 495 346 Andrea
513 319 627 346 Scitotto
646 319 787 348 habuerat.
806 318 900 345 Latine
915 326 929 344 a
945 325 974 344 sc

201 374 338 393 routversas
348 365 521 392 excudendas
531 364 646 395 curavit.
657 371 716 398 qua:
728 363 808 390 hodie
817 364 843 389 in
856 362 974 389 Maxima

203 411 306 438 Patrum
326 409 496 442 Bibliotheca,
512 413 539 435 ct
554 409 580 435 in
598 407 741 435 Annalium
754 407 842 442 Glyco:
855 407 976 434 editione

203 456 340 485 Parisiensi
356 464 370 482 a
400 445 525 489 l’hiltppo
543 454 651 481 Labbeo
669 454 798 481 adornata
821 453 973 481 habentur:

201 503 241 529 sed
257 510 306 529 nec
324 506 428 529 textum
445 501 569 528 Grmcum
593 501 738 535 apposuit,
754 504 783 527 et
801 499 914 526 alterius
931 499 974 526 vix

201 548 301 575 dimidia
317 555 379 582 pars
395 553 447 579 est,
464 554 544 581 quam
558 546 653 579 edidit,
669 546 737 573 adeo
750 553 874 573 mancum
891 550 917 572 et
931 545 975 574 tle-

201 599 350 621 truncatum
372 593 455 620 fuisse
471 598 579 627 oportet
605 593 738 624 codicem,
756 600 810 626 quo
831 599 897 618 usus
922 597 974 619 cst.

201 639 315 667 Tandem
331 640 388 667 Leo
403 639 517 666 Allalius
538 639 573 666 De
587 639 718 666 Cousensu
735 639 869 673 utriusque
888 637 976 664 Eccle-

200 687 248 717 siw,
261 689 351 712 contra
366 686 545 719 Crcigtltonem
557 693 565 717 ;
579 684 615 711 De
627 684 700 711 libris
714 684 893 711 ecclesiasticis
903 683 976 711 Cra:-

200 739 260 764 cor.;
277 732 320 758 lib.
334 733 366 758 de
384 731 526 767 Purgator.
541 736 568 758 et
585 731 628 757 lib.
641 732 767 757 adversus
781 731 974 766 IIottingcrum,

201 780 274 805 llilat'e
289 778 418 812 epistulas
433 785 504 812 sepe
515 777 614 810 laudat,
631 782 660 804 et
671 778 819 813 fragmenta
846 777 974 811 plurima,

200 831 242 850 nec
253 823 450 850 contemnenda
467 823 587 857 quidem,
609 830 704 850 earum
721 823 851 854 adducit;
878 823 932 850 imo
947 823 974 850 in

199 869 355 903 quibusdam
373 869 438 897 locis
450 869 594 896 nonnullas
606 869 688 896 etiam
698 869 818 903 integras
831 868 974 896 describit.

230 915 282 941 Nos
298 914 379 948 igitur
406 914 507 942 horum
535 914 654 942 virorum
687 914 975 949 praestantissimorum

199 959 362 993 propositum
379 959 516 987 laudabile
530 960 628 992 secuti,
644 960 792 987 nonnullas
806 959 895 994 Glycre
912 958 975 994 Epi-

198 1005 275 1032 stolas
288 1006 315 1032 in
329 1005 417 1033 lucem
434 1006 517 1033 cdere
529 1007 651 1033 animum
676 1006 843 1038 indusimus,
863 1010 975 1033 nostrae-

197 1059 245 1086 que
270 1052 420 1078 ἀνεκδότων
448 1051 619 1079 collectionis
642 1052 718 1079 velut
741 1051 769 1078 in
798 1051 858 1086 ipsa
887 1051 976 1079 fronte

197 1099 376 1130 cmtstitucre;
394 1106 455 1126 cum
468 1099 504 1126 ob
521 1103 710 1133 argumentum
728 1098 819 1126 nobile
835 1103 862 1125 et
887 1098 977 1125 excel-

198 1146 262 1178 lens,
288 1149 381 1179 utpote
401 1145 604 1180 tlteologicum,
633 1149 689 1172 tum
714 1145 742 1172 in
762 1148 976 1172 memoratarum

197 1193 358 1226 Scriptorum
390 1193 477 1220 laudis
505 1197 533 1220 et
557 1193 742 1220 venerationis
772 1198 975 1228 argumentum.

196 1239 260 1265 tlunt
285 1239 358 1266 enim
383 1239 409 1265 in
434 1247 486 1268 ms.
515 1239 687 1266 bibliothecae
710 1239 907 1272 lticcardiante,
932 1239 976 1267 cui

196 1293 322 1319 prmsum,
332 1285 454 1313 codicem
464 1285 561 1320 quinto
570 1285 677 1312 decimo
685 1284 807 1320 quidem,
822 1289 851 1312 ut
858 1285 975 1319 videtur,

194 1331 302 1363 seculo,
326 1331 374 1358 sed
394 1331 508 1367 egregie
532 1335 683 1366 exacleque
709 1331 878 1367 descriptum
907 1332 977 1359 inci-

195 1377 306 1410 dissem,
334 1385 389 1410 quo
418 1379 514 1405 harum
544 1377 729 1413 Epistolarum
767 1378 975 1413 quatuordecim

194 1423 378 1456 continentur,
392 1424 441 1452 has
454 1424 549 1452 saltem
563 1425 673 1460 publico
698 1433 753 1452 non
780 1425 902 1454 invidere
920 1434 977 1454 me-

195 1477 256 1497 cum
276 1471 333 1504 ipse
347 1469 508 1503 deliberavi,
524 1471 646 1506 adeoque
661 1471 792 1507 exscripsi
819 1480 878 1500 mea
893 1481 976 1501 manu

193 1515 348 1550 diiigenter,
363 1521 391 1543 et
407 1516 435 1543 in
448 1516 574 1545 Latinam
590 1517 708 1552 linguam
723 1518 816 1546 sedulo
840 1527 891 1554 pro
903 1519 976 1547 virili

193 1566 377 1596 accurateque
388 1563 521 1590 converti.
542 1563 629 1598 Hujus
645 1569 737 1591 autem
758 1571 825 1592 mete
847 1565 976 1592 editionis

191 1609 330 1642 specimen
346 1608 474 1636 dederam
490 1610 518 1636 in
534 1609 690 1644 Appendice
707 1610 817 1637 illorum
830 1610 978 1638 Commen-

192 1655 338 1687 tariorum,
367 1655 466 1690 quibus
487 1655 526 1681 De
542 1660 614 1682 recta
640 1656 852 1683 Christianorum
880 1657 909 1683 in
935 1665 975 1690 eo,

190 1700 263 1734 quod
276 1701 426 1735 mysterium
443 1700 539 1728 diuina:
551 1699 690 1728 Trinitatis
707 1702 813 1733 attinet.
831 1703 975 1736 sententia,

191 1746 302 1773 titulum
338 1747 412 1779 feci,
440 1752 653 1774 memoratarum
682 1747 867 1783 Epistolarum
897 1750 976 1778 tertia

189 1793 284 1820 Graece
297 1801 330 1820 ac
343 1793 440 1821 Latine
454 1793 554 1828 publici
568 1793 637 1828 juris
652 1793 740 1822 facta:
755 1795 848 1831 ibique
861 1796 917 1830 jam
932 1804 976 1824 me

189 1839 258 1865 olim
276 1844 389 1867 caeteras
405 1847 514 1874 quoque
525 1860 534 1872 ,
559 1846 628 1874 quas
642 1840 815 1875 habuissem,
836 1841 976 1869 editurum

190 1892 370 1919 receperam:
401 1892 485 1919 quare
514 1893 588 1912 nunc
604 1885 683 1912 fidetn
701 1885 797 1913 libero.
825 1887 898 1914 inter
927 1887 976 1914 has

188 1932 301 1966 quidem
319 1939 373 1957 non
398 1939 445 1958 eas
475 1936 579 1958 tantum
595 1931 744 1966 proferam,
762 1940 822 1967 quae
838 1933 975 1959 ἀνέκδοτοι

188 1983 267 2012 sunt,
281 1979 327 2006 sed
347 1983 376 2006 ut
389 1986 459 2013 opus
472 1979 622 2013 perfectum
645 1984 673 2006 et
696 1980 863 2011 absolutum,
886 1981 973 2015 quoad

187 2025 248 2051 ﬁeri
262 2029 362 2059 potest,
380 2025 504 2057 exsistat,
530 2027 564 2054 iis
590 2035 640 2054 suo
661 2027 720 2053 lOCU
736 2032 762 2054 et
778 2027 846 2058 illas,
864 2035 924 2062 quze
941 2028 975 2054 ab

186 2072 253 2099 aliis
268 2072 348 2098 editze
365 2072 482 2105 fuerunt,
500 2073 660 2100 interseram
677 2082 683 2100 :
703 2073 852 2107 fragmenta
881 2074 973 2105 etiam,

186 2118 376 2151 undecunque
414 2119 557 2146 corradere
584 2120 702 2149 licuerit.
722 2119 847 2153 adjiciam
862 2127 869 2144 :
887 2124 913 2145 et
928 2119 974 2145 ubi

183 2165 253 2199 plus
266 2169 393 2197 prrestare
412 2173 464 2191 non
483 2164 603 2197 dabitur,
620 2166 714 2192 saltem
741 2165 907 2198 reliquarum
922 2173 973 2191 nu-

992 854 1012 881 Β

989 1533 1012 1568 C

1027 231 1053 253 ct
1071 226 1156 253 titulis
1189 226 1253 252 illud
1270 226 1331 252 novi
1350 226 1445 252 saltent
1460 225 1582 257 accedet,
1599 225 1668 258 quod
1682 231 1743 250 cum
1762 223 1810 249 Ln-

1028 273 1081 299 tiua
1099 272 1327 307 interpretatione
1346 271 1505 305 prodibant.
1529 270 1602 298 Adde
1621 270 1692 305 quod
1709 277 1809 303 oppon

1028 324 1091 346 tuna
1112 319 1213 346 scholia
1237 318 1384 345 identidem
1401 318 1587 351 ascripsimus,
1603 321 1630 342 ct
1646 321 1807 350 perpetuum

1026 373 1110 400 prope
1124 364 1350 392 commentarium
1373 364 1550 390 attexuimns.
1573 363 1598 389 Id
1615 363 1687 397 quod
1709 369 1807 387 not-inn

1027 412 1122 440 saltem
1131 413 1184 439 erit
1195 412 1221 439 in
1238 411 1274 439 iis
1289 419 1356 446 quas
1372 411 1426 438 Leo
1439 410 1553 437 Allatius
1567 411 1670 442 edidit;
1688 417 1747 435 nam
1765 418 1810 433 t'zts

1027 462 1053 485 et
1065 458 1158 486 Graece
1171 463 1198 486 ct
1212 457 1317 491 Latine,
1334 463 1361 485 et
1375 457 1610 491 castigatissinms,
1625 464 1685 490 quae
1699 456 1749 482 fuit
1762 455 1808 480 \ir'.

1026 505 1166 539 diligentia
1198 509 1225 532 ct
1248 504 1376 536 eruditio,
1393 503 1541 538 evulgavit.
1560 501 1617 528 Non
1633 502 1703 536 quod
1724 502 1808 527 nostri

1027 550 1158 586 propositi
1189 559 1252 586 pars
1273 550 1319 584 sit,
1343 550 1411 577 adeo
1435 549 1586 584 frequentia
1615 553 1643 576 et
1666 547 1809 581 prolixiora

1026 599 1106 626 etiam
1123 598 1227 626 scholia
1253 597 1284 625 ad
1300 605 1331 624 ea
1350 605 1442 632 opera,
1459 605 1521 630 qua:
1543 596 1569 622 in
1586 595 1746 621 collectione
1765 602 1810 619 nn-

1026 649 1081 673 stra
1100 645 1200 680 publici
1216 645 1286 679 juris
1303 643 1399 670 facturi
1421 650 1526 673 sumus,
1543 640 1734 670 commentari,
1765 640 1811 666 sui

1027 691 1054 717 in
1073 690 1193 717 editione
1209 690 1305 716 harum
1319 688 1500 723 Epistolarum
1514 687 1538 714 id
1555 685 1739 714 necessariqu
1751 693 1811 710 (ιςτῖιε

1027 736 1176 763 arbitratus
1191 744 1262 763 sum.
1280 736 1348 762 Cum
1365 735 1437 762 enim
1452 734 1549 769 Clycas
1567 738 1661 760 noster
1677 733 1811 765 sequimu-

1028 782 1078 810 bus
1094 782 1199 809 smculis
1219 781 1326 811 vixerit,
1349 785 1377 808 et
1389 782 1499 816 quando
1513 780 1597 807 Crteci
1616 779 1740 806 homines
1754 778 1811 803 sine

1027 829 1106 863 nugis
1136 834 1163 856 et
1186 827 1295 863 ineptiis
1327 829 1370 855 vix
1387 828 1537 861 quidquam
1553 826 1672 853 scribere
1695 824 1812 860 aggressi

1029 880 1101 907 sunt,
1120 875 1180 911 ejus
1199 874 1356 909 opinionum
1387 873 1524 900 licentiam
1555 877 1582 899 et
1608 872 1639 898 τὺ
1653 871 1813 905 ίπαράδῡξον

1028 927 1204 956 compescere
1229 920 1364 947 interdum
1395 919 1526 954 oportuit,
1551 926 1583 945 ac
1612 918 1694 945 certis
1729 918 1814 943 frenis

1029 975 1167 1000 coercere,
1183 967 1371 1001 theologorum
1400 966 1499 993 melius
1523 965 1729 1000 sapicntiusqne
1753 965 1813 998 opi—

1029 1013 1154 1041 nantium
1181 1012 1306 1040 consulta
1334 1019 1349 1038 e
1380 1012 1504 1047 regione,
1534 1015 1563 1038 ut
1582 1011 1618 1038 ita
1635 1010 1736 1041 dicam,
1758 1014 1815 1036 sta-

1030 1058 1142 1090 tuendo,
1159 1061 1288 1093 tanquam
1304 1054 1440 1084 adversus
1451 1064 1513 1083 eum
1528 1057 1613 1084 aciem
1635 1055 1813 1082 instructissi-

1029 1112 1113 1138 mam,
1141 1108 1222 1139 atque
1249 1104 1287 1130 ita
1316 1103 1467 1138 legentium
1495 1107 1578 1129 recta:
1612 1101 1755 1128 sementim
1788 1107 1815 1126 ct

1030 1146 1169 1174 securitati
1198 1145 1352 1174 consulere.
1373 1144 1433 1172 Non
1458 1145 1532 1172 enim
1562 1152 1672 1178 semper
1697 1143 1814 1178 optimas

1029 1198 1157 1229 ratasque
1170 1192 1332 1224 sententias.
1350 1196 1378 1220 et
1391 1191 1565 1227 antiquorum
1580 1191 1688 1218 Patrum
1703 1190 1814 1225 placita,

1030 1241 1146 1276 seligere
1156 1246 1183 1268 et
1193 1240 1342 1275 amplexari
1358 1239 1484 1272 videtur;
1501 1239 1548 1266 sed
1564 1239 1598 1266 de
1615 1239 1687 1273 regia
1706 1239 1815 1273 opinio-

1030 1296 1094 1316 num
1112 1287 1155 1314 via
1167 1287 1204 1314 ita
1218 1286 1340 1321 quaedam
1353 1285 1386 1313 ad
1397 1285 1513 1312 divortia
1532 1285 1675 1312 deflectere
1691 1285 1814 1319 aliquan-

1030 1335 1075 1368 do,
1091 1339 1121 1362 ut
1136 1334 1217 1361 facile
1233 1333 1320 1367 possit
1333 1340 1348 1360 a
1363 1331 1570 1359 delicatioribus
1587 1331 1747 1366 quibusdam
1766 1338 1814 1357 nn-

1029 1381 1121 1409 vitatis
1140 1384 1168 1408 et
1189 1379 1356 1414 αὐτομολίας
1391 1377 1556 1406 insimulari.
1585 1377 1623 1404 Ad
1651 1377 1702 1404 hoc
1731 1377 1813 1411 igitur

1029 1427 1126 1454 saltem
1152 1433 1219 1453 mea:
1245 1424 1453 1452 observationes
1479 1423 1651 1455 inservient,
1681 1427 1711 1449 ut
1741 1427 1814 1448 recta

1029 1473 1118 1509 Glyco:
1131 1471 1267 1507 sententia
1282 1471 1405 1506 apertius
1419 1470 1621 1503 dilucidiusque
1634 1469 1811 1504 percipiatur,

1030 1524 1057 1548 et
1072 1528 1128 1547 non
1147 1519 1226 1547 facile
1241 1518 1430 1554 cujuscunque
1460 1516 1702 1544 criminationibus
1718 1516 1743 1541 in
1760 1515 1812 1546 his,

1028 1567 1056 1594 in
1074 1566 1175 1601 quibus
1203 1565 1316 1593 minime
1342 1570 1474 1596 meretur,
1494 1563 1629 1591 obnoxius
1657 1561 1764 1589 evadat.
1785 1562 1813 1587 In

1027 1613 1190 1648 quibusdam
1206 1610 1331 1639 excusari
1347 1615 1394 1637 aut
1406 1609 1515 1637 defendi
1530 1617 1584 1636 non
1602 1612 1703 1644 potest.
1720 1613 1813 1642 utpote.

1028 1659 1114 1686 (ἕτεθί
1135 1657 1290 1685 schismatis
1303 1657 1396 1685 homo.
1417 1660 1444 1683 et
1462 1655 1641 1682 erraticarum
1661 1654 1733 1681 illius
1747 1662 1814 1689 geu-

1028 1704 1064 1731 tis
1078 1702 1239 1738 opinionum
1261 1701 1406 1736 aliquando
1423 1705 1621 1737 propugnator,
1640 1705 1670 1726 ut
1684 1700 1813 1726 ostendo—

1029 1755 1073 1778 tur
1088 1749 1215 1777 inferius.
1242 1748 1301 1775 Non
1320 1752 1411 1775 tamen
1430 1747 1493 1774 ideo
1511 1746 1686 1781 spernendus
1716 1752 1813 1772 auctor

1028 1798 1073 1825 hic
1087 1796 1224 1828 videatur;
1244 1803 1306 1822 nam
1323 1799 1351 1821 et
1368 1802 1400 1822 ex
1424 1794 1468 1822 bis
1483 1793 1617 1828 sequioris
1632 1793 1681 1820 aevi
1699 1793 1814 1826 scripto-

1028 1843 1104 1870 ribus
1116 1842 1217 1870 Grrecis
1232 1848 1357 1876 magnam
1369 1840 1511 1868 catholica:
1523 1839 1651 1867 Ecclesiae
1667 1838 1813 1866 utilitatem

1026 1891 1172 1925 provenire
1186 1888 1370 1923 cognoscitur,
1384 1887 1442 1915 sive
1456 1891 1484 1914 ut
1499 1886 1612 1914 historia
1628 1886 1812 1913 ecclesiastica

1026 1936 1186 1971 locupletior
1214 1934 1388 1969 erectiorque
1415 1933 1560 1965 habeatur,
1589 1933 1647 1960 sive
1679 1938 1707 1959 ut
1726 1933 1812 1959 (ira-ei

1026 1983 1182 2010 schismatis
1210 1989 1318 2008 errores
1346 1981 1454 2008 facilius
1488 1979 1667 2008 refellantur.
1699 1979 1756 2005 sive
1785 1984 1814 2004 ut

1026 2034 1182 2057 nostrorum
1198 2033 1350 2063 temporum
1367 2027 1477 2054 scctarii
1495 2026 1624 2053 falsarum
1652 2026 1811 2059 opinionum

1026 2081 1216 2109 certornmquc
1229 2075 1472 2102 deiiramcntorum
1502 2073 1539 2098 rei
1559 2071 1704 2098 manifeste
1719 2070 1811 2097 revin-

1026 2126 1122 2149 cantur
1136 2131 1141 2147 :
1155 2121 1181 2147 id
1198 2121 1269 2155 quod
1283 2125 1375 2153 aperte
1390 2119 1478 2145 elucet.
1492 2126 1523 2143 es
1537 2117 1580 2144 J0.
1597 2117 1706 2146 Morini,
1725 2115 1811 2142 Leon.

1027 2168 1129 2199 Allatii,
1146 2166 1217 2193 l‘ctri
1236 2166 1357 2197 Arcudii,
1373 2165 1417 2192 Fr.
1451 2163 1619 2194 Combolisii,
1645 2163 1812 2195 aliorumque

184 2209 242 2235 dos
256 2209 405 2243 titulos(i),
421 2215 451 2236 ut
465 2217 512 2236 eos
530 2210 694 2237 Lambecius
707 2215 830 2236 recenset
846 2215 872 2236 et
895 2210 972 2236 exhi-

1027 2214 1247 2241 doctissimorum
1264 2212 1405 2239 hominum
1421 2209 1670 2238 lucubrationibus.
1686 2215 1755 2241 ques
1774 2208 1813 2232 in-

184 2256 249 2283 bet.
267 2255 294 2281 in
312 2255 427 2282 medium
455 2256 598 2282 adducant.
613 2256 773 2290 Quanquam
793 2260 821 2282 et
836 2263 891 2286 eas.
916 2264 975 2290 quae

182 2301 261 2327 alias
276 2300 354 2327 edita:
367 2301 454 2332 fuere,
480 2301 649 2334 ἀνεκδότους,
667 2306 694 2327 et
710 2308 784 2327 nunc
810 2301 928 2335 primum
945 2301 972 2327 in

181 2347 332 2381 publicum
346 2346 454 2380 prodire
470 2347 559 2374 visum
576 2348 608 2373 iri
628 2347 850 2381 prudentioribus
878 2354 975 2381 spero;

181 2400 255 2418 nam
280 2392 322 2418 vel
338 2393 488 2419 exactiores
502 2398 530 2418 et
544 2393 758 2426 emendatiores,
776 2393 818 2419 vel
846 2392 976 2428 integrio-

179 2446 251 2470 res,
268 2438 311 2463 vel
325 2438 483 2473 primigenia
499 2446 548 2465 sua
562 2439 664 2473 lingua.
690 2447 743 2472 qua
775 2444 891 2466 exaratis
917 2439 975 2465 fue-

179 2487 266 2513 runt,
284 2483 452 2510 emittentur.
471 2485 541 2511 Ecce
554 2485 626 2511 enim
646 2483 784 2511 Pontanus
798 2485 894 2511 Latine
912 2490 973 2510 tan-

178 2535 261 2559 tum,
278 2530 443 2564 alteramque
463 2532 584 2558 mutilam
608 2531 736 2558 excudit:
766 2532 824 2564 ipse
852 2531 974 2557 Grrecum

175 2581 346 2602 contextum
363 2584 508 2610 apponam.
524 2582 551 2603 et
566 2585 735 2611 quaecunque
754 2577 852 2604 destitit
884 2585 915 2603 ex
932 2585 976 2603 co-

179 2622 252 2648 dice
280 2622 461 2650 Riccardiano
491 2624 633 2658 supplebo.
658 2624 805 2652 Bonavent.
828 2624 974 2651 Vulcanius

179 2666 287 2694 Gra‘t‘e
302 2669 409 2701 quidem
428 2678 460 2696 ac
488 2670 582 2696 Latine
599 2678 661 2696 suas
676 2670 803 2704 vulgavit,
822 2671 869 2697 sed
897 2677 974 2696 men-

173 2715 261 2741 doso
289 2716 379 2743 codice
407 2725 482 2748 usus,
515 2724 593 2742 unam
620 2721 702 2742 etiam
730 2717 865 2750 ἀκέφαλτιν
894 2717 976 2743 cdere

171 2766 305 2788 ccnctus
319 2767 378 2789 est:
411 2763 439 2788 in
458 2763 507 2789 hac
523 2763 643 2789 editione
659 2767 686 2789 et
702 2764 852 2789 emendata!
867 2771 974 2794 omnes,

1026 2265 1066 2286 ter
1079 2258 1272 2285 memorandus
1296 2257 1432 2291 prmripuc
1457 2254 1540 2281 Nicol.
1558 2255 1715 2280 (iontncuns
1743 2252 1811 2284 νίψ-

1025 2304 1185 2339 padopolus,
1202 2304 1248 2336 qui
1279 2311 1349 2329 anno
1364 2302 1431 2328 ’1697
1456 2301 1554 2327 librum
1583 2300 1653 2333 typis
1673 2299 1813 2325 mandavit

1027 2350 1140 2382 Patavii,
1154 2351 1191 2377 ita
1214 2349 1378 2383 inscriptum
1393 2357 1400 2374 :
1433 2347 1611 2373 Prwuotioues
1629 2345 1813 2379 mystngngiur

1028 2403 1058 2422 ea:
1069 2396 1132 2430 jurc
1144 2397 1283 2426 canonico,
1303 2396 1355 2421 sive
1369 2395 1501 2428 Responsa
1521 2401 1575 2425 seu,
1601 2393 1626 2418 iu
1644 2392 1738 2426 quibus
1759 2399 1811 2416 una

1029 2443 1184 2478 proponitur
1209 2442 1335 2468 Ecclesia:
1359 2441 1503 2474 utriusque,
1531 2438 1629 2465 Cra‘ra'
1645 2444 1668 2463 ,τι
1696 2438 1809 2467 Latium,

1029 2488 1184 2522 suffragium
1203 2487 1291 2517 dciis,
1318 2494 1376 2520 (Ill!!!
1406 2485 1511 2511 omnino
1541 2484 1724 2516 pra'mittumla
1751 2486 1809 2507 sunt

1028 2532 1162 2558 ordinibus
1174 2532 1268 2561 sacris,
1285 2535 1363 2565 atque
1379 2531 1459 2557 obiter
1470 2535 1493 2555 et
1508 2529 1609 2555 Gm’ria
1627 2529 1748 2554 adversus
1767 2536 1811 2552 cn-

1023 2578 1197 2605 'Iumnia!ores
1225 2577 1383 2612 defenditur,
1402 2582 1425 2603 et
1451 2577 1590 2611 pra'cipua':
1619 2574 1809 2601 Pholiuuorunt

1026 2625 1132 2658 ineptire
1144 2623 1308 2659 refelluntur.
1326 2624 1363 2649 lbi
1381 2623 1514 2650 innumeri
1534 2623 1682 2656 scriptores
1712 2619 1809 2648 Grtnri,

1026 2670 1202 2704 proximioris
1215 2670 1368 2704 praesertim
1385 2670 1483 2700 aetatis,
1502 2670 1528 2696 in
1544 2669 1662 2696 modium
1683 2666 1809 2692 'allcruu-

1026 2722 1080 2747 tur,
1095 2717 1140 2751 qui
1156 2717 1272 2743 maxima
1289 2725 1350 2750 pars
1367 2716 1450 2750 ignoti
1465 2717 1543 2742 nobis
1559 2718 1647 2744 erant,
1664 2717 1695 2738 ut.
1715 2712 1810 2738 ςσοΓΗιΞι

1026 2763 1269 2797 prmstantissimus
1284 2762 1497 2790 Mousfalconius
1515 2758 1660 2787 Diar.ltal.
1677 2767 1738 2792 cap.
1765 2759 1809 2785 9.3.

217 2850 260 2879 tl)
275 2849 305 2875 El
321 2852 365 2876 hoc
377 2851 451 2876 etiam
474 2859 519 2877 non
542 2854 666 2883 praestitit,
692 2852 757 2882 quod
781 2853 834 2883 ejus
847 2853 901 2877 loco
913 2853 1024 2877 fecimus.
1040 2853 1106 2878 Eutr.
