1944 3072
151 149 181 167 I-V
753 145 801 174 Diti
823 143 1019 174 Mi(.ll:\El.E
1039 143 1157 171 GLYCA

1718 147 1764 167 ‘VI

183 203 317 229 Caeterum
329 211 400 230 nunc
412 203 578 231 monendum
592 207 643 235 est,
662 203 689 230 in
704 203 865 237 quihusdam
883 210 931 230 co-
946 204 967 231 Α
983 202 1085 229 scltelio
1116 209 1148 228 ex
1179 200 1344 228 bibliotheca
1373 201 1525 235 Augustatta
1554 199 1650 241 eodem
1678 200 1766 232 titulo,

151 249 256 276 .lieibus
277 249 358 276 hasce
376 249 511 284 Epistolas
529 257 583 276 non
603 249 728 276 Michaeli
755 249 854 284 Glycar,
882 248 930 276 sed

153 293 190 320 lo.
207 294 320 321 Zonara:
337 295 431 326 tribui,
448 299 477 322 ut
494 295 521 322 in
536 295 630 323 codice
655 294 751 330 Regio,
769 295 846 330 cujus
871 302 930 321 me-

151 340 228 366 n-init
267 339 445 371 Dul‘resnius.
482 348 637 375 quanquam
653 339 818 368 ‘recentiori
849 348 931 368 manu

151 385 262 420 scripto,
278 393 350 413 anno
378 387 482 414 scilicet
510 386 604 414 mundi
631 387 706 422 iuxta
730 386 837 414 Graecos
861 386 931 414 6996

151 431 261 465 (Christi
280 431 371 466 1488),
389 431 485 460 iudict.
499 432 526 460 6.
545 432 625 460 Ilunc
638 433 712 460 enim
729 432 837 460 titulum
863 441 933 468 prat-

151 476 203 503 l’ert
226 484 234 503 :
275 476 434 503 Ἐπιστολαὶ
460 476 544 512 κυροῦ
577 477 703 505 Ἰωάννου
739 478 855 513 Ζωναρᾶ
884 478 932 505 καὶ

151 523 397 558 πρωτοασηκρῆτις
410 524 457 549 καὶ
478 523 661 559 δρουγγαρζου
679 523 728 559 τῆς
745 524 856 558 Βιγλης.
871 523 934 559 Epi-

151 568 225 594 stolte
236 567 326 595 domui
347 568 459 596 Joannis
473 568 596 602 Zonaraz,
622 574 648 596 et
671 570 879 605 protoasecretis,
908 573 933 596 et

151 612 267 647 profecti
293 612 419 647 Vigilum.
453 613 566 641 Zonartc
589 622 697 649 quoque
721 615 770 642 has
799 614 933 649 Epistolas

151 658 413 691 ascribcbatcodex,
429 667 509 694 quem
524 660 622 695 Georg.
642 661 729 688 Douza
742 659 934 688 Constantino-

153 703 205 738 toli
219 704 355 736 attulerat,
369 709 510 740 exstatque
527 705 608 733 modo
623 706 650 733 in
665 705 834 739 Bibliotheca
862 706 935 742 Lug-

151 749 358 783 duno~Batava;
379 759 464 786 quare
477 756 503 779 et
530 751 592 784 illic,
608 760 675 787 quas
687 760 720 779 ex
736 760 768 780 eo
784 752 868 780 edidit
885 752 935 780 Bo-

153 803 215 822 nav.
229 794 387 829 Vulcanius,
404 797 492 825 eidem
510 798 622 826 Zonarae
639 799 806 826 tribuuntur.
822 799 936 826 lunarat

154 842 257 876 pariter
271 842 391 870 vindicat
405 842 490 870 Index
506 843 663 870 Grrecorum
680 843 811 871 librorum
839 851 871 871 ex
891 852 936 871 co-

981 247 1043 274 cod.
1055 247 1100 278 65,
1113 252 1140 274 et
1152 254 1166 274 a
1181 247 1238 275 Jac.
1256 247 1390 280 Pontano,
1407 247 1453 280 qui
1472 247 1577 282 priores
1591 246 1660 274 duas
1673 246 1767 274 Latine

982 293 1115 320 convertit
1131 298 1213 326 aulae
1228 292 1322 320 edidit.
1339 291 1392 320 Sed
1407 297 1434 320 et
1452 293 1501 320 has
1519 293 1571 320 sub
1597 292 1687 327 Glycse
1720 301 1769 319 no-

982 340 1057 367 mine
1067 340 1153 367 citant
1161 339 1337 367 Casaubonus
1347 340 1462 367 Exercit.
1472 341 1500 367 in
1509 339 1608 367 Baran.
1620 340 1663 372 16,
1677 348 1704 367 ιι.
1716 340 1767 370 49;

983 385 1116 413 Antonius
1142 385 1317 418 Posseviuus,
1345 390 1412 413 tom.
1428 386 1450 413 11
1471 386 1624 420 Apparatus
1644 386 1724 416 sacri.
1742 390 1769 412 et

982 430 1025 458 Jo.
1041 431 1160 466 Baptista
1183 431 1336 458 Cotelerius
1352 432 1378 458 itt
1394 431 1470 459 Notis
1482 432 1515 459 ad
1530 431 1619 467 Opera
1647 431 1697 458 SS.
1719 431 1770 457 Pa-

986 481 1057 504 trum
1083 478 1130 512 qui
1147 478 1316 513 temporibus
1340 478 1499 514 apostolicis
1526 478 1687 506 lloruerunt.
1723 478 1768 505 ubi

985 524 1090 559 inquit:
1111 524 1176 557 Qua:
1205 525 1285 552 etiam
1298 526 1363 552 citat
1392 525 1506 552 Michael
1532 525 1626 560 Glycas
1655 525 1681 551 in
1705 524 1770 551 libro

985 571 1127 606 posteriore
1141 572 1225 606 operis
1241 571 1281 602 el;
1297 571 1331 597 τὰ
1343 571 1435 606 ἄπορα
1449 571 1499 605 τῆς
1514 572 1636 606 Γραφῆς,
1652 579 1712 605 cap.
1724 571 1769 598 59..

988 615 1083 643 Exstat
1096 616 1122 643 id
1137 625 1200 651 opus
1217 625 1265 643 ms.
1286 616 1314 643 in
1327 617 1481 643 bibliotheca
1500 616 1623 647 TImana,
1643 617 1771 649 compati-

987 667 1090 696 tumque
1103 667 1140 688 est
1155 670 1186 689 ex
1199 662 1344 689 orthodoxa
1359 662 1410 695 ﬁde
1425 662 1454 689 S.
1473 662 1587 688 Joannis
1602 661 1770 691 Damasum,

986 707 1095 743 adjectis
1115 708 1250 735 nonnullis
1277 708 1393 735 aliorum
1420 707 1543 735 Patrum.
1575 708 1628 735 Sed
1657 713 1684 735 ct
1707 709 1770 737 Gul.

985 752 1090 779 Caveas
1103 752 1130 779 in
1148 752 1252 780 Joanne
1265 752 1371 780 Zonara
1388 760 1437 780 eas
1449 753 1539 788 Glyca:
1554 753 1646 788 potius
1663 754 1770 787 adjudi-

986 799 1086 826 caudas
1097 798 1244 826 existimat.
1254 798 1291 825 Ex
1305 798 1357 830 his,
1367 807 1426 834 qua:
1438 799 1570 827 hactenus
1581 800 1770 828 disseruimus.

987 844 1123 877 constitit,
1140 845 1268 876 arbitror,
1283 853 1336 871 non
1351 850 1454 872 tantum
1468 847 1515 872 bas
1530 845 1665 880 Epistolas
1677 847 1772 880 genui-

152 883 212 915 dice
228 896 279 915 ms.
304 887 387 924 Regio
401 888 481 916 2815.
509 887 651 923 Philippus
675 896 782 924 quoque
801 889 935 922 Labbeus,
952 897 973 924 ῃ
988 898 1053 918 num
1070 898 1131 918 esse
1147 890 1287 918 Michaelis
1302 891 1391 926 Glyezc
1416 891 1500 918 fetum
1513 912 1520 923 ,
1552 897 1647 919 verum
1676 893 1771 922 etiam.

155 941 220 961 tom.
240 932 250 961 Ι
279 934 317 961 De
343 934 472 969 Scriptor.
489 935 601 967 Eecles.,
622 937 648 963 in
672 936 771 972 Georg.
800 936 934 968 Cedreuo.

154 978 236 1009 hasce
251 981 383 1016 Epistolas
395 982 509 1010 Zonaras
523 982 613 1018 potius
627 990 688 1010 esse
702 983 853 1013 existimat.
868 991 936 1017 quas

153 1033 260 1055 exstare
275 1032 378 1055 tantum
396 1036 510 1056 numero
527 1029 561 1056 ιδ
578 1029 713 1061 al‘l‘trtnat,
731 1034 758 1061 ct
780 1030 936 1064 suspicatur

153 1073 192 1100 eis
211 1074 316 1101 atltlitas
332 1074 437 1109 aliquot
453 1074 539 1102 luisse
554 1075 669 1110 alicujus
695 1075 838 1110 scriptoris
852 1075 935 1111 Glyca

155 1119 315 1146 recentioris
333 1119 473 1154 epistolas.
504 1120 556 1152 Qui
569 1120 639 1146 enim
655 1120 714 1154 ﬁeri
727 1120 822 1154 potuit,
837 1120 936 1154 inquit,

154 1169 181 1191 ut
198 1165 229 1191 de
243 1164 357 1191 (Icili-eno
369 1173 401 1192 ne
419 1164 523 1192 verbum
543 1166 648 1200 quidem
664 1166 755 1199 fecerit
769 1165 795 1192 in
822 1165 937 1192 Annali-

154 1211 201 1236 bus
215 1210 269 1237 suis
284 1211 388 1246 Glycas,
404 1212 447 1246 qui
456 1211 586 1238 Joannem
601 1211 748 1246 Scylitzen,
759 1211 938 1245 Joanncmque

154 1257 286 1285 Zonaram
312 1264 366 1286 tam
383 1267 452 1293 stvpe
464 1258 603 1294 appellat?
636 1258 702 1292 Quae
733 1259 841 1293 quidem
870 1259 938 1286 ratio

155 1304 221 1331 mihi
239 1304 395 1339 languitlula
422 1305 528 1332 videtur
553 1313 584 1332 ac
600 1304 696 1332 futilis.
722 1305 845 1332 Labbeus
874 1313 938 1333 usus

155 1351 264 1378 videtur
273 1351 367 1378 codice
380 1359 432 1378 ms.
446 1350 649 1379 Claromontani
662 1351 766 1386 collegii
778 1351 938 1380 Parisiensis

155 1397 294 1424 societatis
312 1397 388 1429 Jtsu,
403 1398 449 1432 qui
473 1398 603 1432 episwlas
618 1398 653 1426 46
683 1398 804 1426 continet
828 1398 939 1426 Zonaras

157 1444 283 1472 tributus.
299 1443 369 1471 Hine
382 1443 482 1471 laetum
499 1449 551 1476 est,
569 1450 598 1471 ut
610 1443 764 1479 promiscue
778 1445 858 1472 hasce
875 1445 940 1480 Epi;

156 1491 240 1518 stolas
255 1490 306 1518 sub
324 1490 436 1518 nomine
450 1482 572 1524 Zonarm,
591 1495 638 1518 aut
658 1490 757 1527 σηοω,
777 1491 870 1518 laudet
892 1492 939 1518 Al-

157 1538 253 1570 latius;
269 1545 425 1573 quanquam
439 1543 533 1565 contra
554 1537 752 1573 Creigthonum
767 1538 892 1566 scribens
908 1537 935 1565 in

158 1591 215 1611 eam
227 1584 380 1612 concedere
392 1584 555 1612 sententiam
567 1584 685 1617 videtur,
699 1590 728 1612 ut
738 1584 828 1620 Glyco:
849 1585 941 1620 potius

158 1639 238 1664 quant
254 1630 368 1658 Zonaras
385 1631 444 1657 illas
458 1631 589 1658 attribuat
603 1639 610 1658 :
630 1631 666 1658 ibi
682 1631 756 1658 enim
770 1631 805 1658 ita
821 1630 918 1658 scribit
933 1640 939 1658 :

160 1676 222 1704 lla'c
237 1682 261 1703 et
277 1676 333 1704 alia
349 1676 464 1704 Michael
476 1677 579 1712 Glyeas,
591 1677 702 1712 epistola
711 1677 778 1704 satis
792 1677 895 1712 prolixa
906 1677 941 1704 ad

159 1722 327 1750 .loarmicium
348 1723 515 1756 monui-hum,
530 1729 582 1751 etc.
600 1723 633 1751 Et
657 1724 728 1751 idem
754 1731 864 1758 quoque
878 1723 942 1751 facit

159 1767 260 1800 passim
282 1767 309 1794 in
326 1775 409 1802 opere
428 1767 465 1794 De
495 1773 618 1802 perpetuo
647 1776 772 1795 consensu
807 1767 942 1802 utriusque

160 1810 295 1845 Ecclesitt’,
309 1818 374 1845 etc.,
391 1818 418 1841 et
429 1814 456 1847 in
473 1813 709 1842 dissertationibus
724 1813 762 1840 De
775 1813 847 1840 libris
862 1813 944 1841 eccle-

159 1860 272 1888 siasticis
290 1860 441 1888 ercorum
457 1868 565 1896 quoque
592 1866 621 1888 ut
635 1861 782 1896 plurimum
795 1860 884 1896 Glyco:
895 1868 942 1888 eas

159 1909 289 1935 vmdicat.
309 1908 340 1935 Et
357 1914 430 1936 recte
445 1908 567 1943 qttidcnt,
588 1912 618 1935 ut
643 1907 772 1939 arbitror,
794 1907 829 1934 ita
860 1907 944 1934 sentit

160 1957 200 1982 \‘ir
217 1956 263 1982 ille
282 1955 468 1982 doctissimus.
486 1955 629 1988 Quomodo
652 1955 724 1982 enim
757 1953 799 1981 J0.
830 1954 943 1981 Zonarze

163 2001 252 2029 :ulscri
270 2006 383 2036 ptissunt
397 2001 448 2028 "illi
464 2000 604 2034 Epistula,
620 2008 688 2034 quas
700 1999 871 2027 Constantini
894 1999 944 2026 Pa-

159 2038 261 2082 lx-nlogi
280 2051 358 2074 uitale
382 2047 498 2081 scriptas
526 2046 610 2072 fuisse
638 2046 785 2080 explorata:
809 2045 871 2071 lidci
888 2050 942 2076 est.

160 2099 188 2121 ut
204 2093 331 2128 superius
353 2092 541 2121 ostendimus?
574 2091 694 2118 Zonaras
710 2090 783 2118 enim
812 2090 943 2128 nun‘sub

160 2142 211 2169 hoc
240 2141 373 2176 principe,
392 2147 481 2174 neqtte
505 2139 607 2166 saeculo
621 2145 665 2169 xv,
693 2137 740 2165 sed
769 2137 820 2167 sub
848 2136 944 2164 Alexio

159 2190 306 2218 tintinnuio.
316 2196 352 2214 xu
362 2187 486 2214 videlicet
494 2183 602 2216 saseulo,
615 2184 649 2210 ab
660 2191 733 2211 anno
745 2183 811 2210 1110
832 2182 865 2209 ad
875 2182 943 2211 “'20

988 944 1068 970 quem
1083 944 1123 963 ea:
1139 936 1166 964 in
1181 937 1296 965 diversis
1317 937 1459 964 codicibus
1479 937 1587 964 titulum
1615 938 1772 972 prxel‘erant.

988 981 1094 1014 Quibus
1105 981 1167 1010 addi
1184 987 1274 1018 potest
1290 983 1433 1018 inscriptio
1447 983 1548 1010 codicis
1564 984 1714 1017 Augustam
1727 983 1773 1014 5'7.

988 1035 1048 1062 qua:
1068 1028 1105 1055 ita
1121 1027 1222 1056 habet:
1250 1028 1390 1056 Michaelis
1410 1028 1499 1064 Clyt-te
1525 1029 1712 1063 explicationes
1732 1029 1773 1056 ob-

988 1080 1126 1101 scurorum
1143 1074 1259 1102 locorum
1271 1084 1355 1102 saeue
1371 1074 1525 1111 Scriptum.

1024 1119 1158 1146 Cancrum
1172 1120 1278 1155 aliquot
1292 1120 1359 1147 alios
1378 1125 1511 1148 tractatus
1525 1121 1657 1149 hactenus
1687 1121 1775 1147 inedi<

991 1169 1033 1192 tos
1052 1170 1175 1192 recenset
1192 1165 1248 1193 Leo
1263 1166 1387 1198 Allatius,
1423 1165 1460 1192 De
1487 1174 1617 1193 consensu
1641 1167 1775 1201 utriusque

989 1211 1124 1244 Ecclesiae,
1140 1212 1188 1238 lib.
1206 1220 1237 1244 tu
1257 1219 1318 1246 cap.
1337 1211 1381 1243 18,
1398 1220 1505 1247 nentpe,
1523 1213 1622 1239 librttm
1639 1213 1672 1239 ad
1689 1213 1776 1240 Maxi-

990 1265 1064 1292 ntum
1081 1257 1249 1285 Stneniolem
1267 1257 1303 1285 De
1314 1259 1478 1293 processione
1491 1257 1606 1292 Spiritus
1617 1259 1712 1290 sancti,
1729 1266 1777 1285 eu-

987 1303 1033 1338 jns
1049 1304 1229 1339 fragmentum
1255 1304 1335 1332 habet
1353 1304 1453 1332 ibidem
1471 1305 1519 1332 iib.
1535 1313 1575 1337 ut,
1596 1311 1657 1339 cap.
1676 1305 1703 1330 2.
1734 1304 1775 1332 Ad

990 1353 1127 1382 eumdem,
1143 1359 1178 1378 an
1192 1349 1310 1378 Christus
1338 1358 1431 1386 azyma
1444 1351 1472 1378 in
1486 1358 1607 1384 suprema
1623 1358 1696 1377 coma
1712 1357 1775 1375 usus

989 1397 1032 1423 sit.
1048 1397 1086 1423 Ad
1100 1397 1197 1424 Isaiam
1219 1397 1382 1424 monachum
1404 1397 1440 1423 De
1455 1398 1595 1424 animabus
1622 1405 1639 1423 α
1668 1402 1776 1430 corpore

991 1444 1132 1477 separatis.
1158 1443 1260 1471 Verum
1284 1443 1312 1470 hi
1330 1450 1426 1470 omnes
1451 1446 1581 1470 tractatus
1605 1442 1673 1469 nihil
1702 1442 1777 1468 aliud

991 1489 1059 1525 mihi
1078 1497 1139 1516 cunt
1156 1488 1265 1517 Oudino
1280 1496 1341 1517 esse
1369 1488 1508 1520 videntur,
1537 1495 1619 1523 quant
1646 1486 1778 1521 Epistolz

991 1534 1130 1561 Michaelis
1143 1533 1243 1570 Glyeie,
1257 1535 1286 1562 in
1299 1534 1398 1570 quibus
1412 1533 1561 1569 Scriptura:
1578 1533 1637 1560 loca
1653 1533 1777 1568 quaedam

954 1566 976 1596 θ
994 1580 1121 1612 obscura.
1139 1581 1181 1608 vel
1194 1586 1382 1614 controversa,
1396 1580 1441 1607 ille
1459 1580 1587 1615 explicat.

1029 1626 1082 1653 Sed
1100 1626 1164 1661 quia
1186 1625 1219 1653 ad
1242 1625 1343 1654 calcent
1359 1625 1462 1653 codicis
1491 1623 1568 1660 Regii
1584 1623 1778 1652 describuntur

993 1681 1087 1700 eorum
1102 1672 1214 1702 nomina
1222 1673 1337 1706 quorum
1354 1671 1517 1699 auctoritate
1535 1677 1600 1698 usus
1614 1673 1657 1698 est
1669 1670 1778 1705 Episto-

994 1720 1081 1747 larum
1097 1719 1214 1754 seriptor
1225 1739 1233 1751 ,
1247 1727 1307 1747 eam
1326 1718 1371 1746 hic
1385 1718 1542 1746 describere
1552 1725 1642 1753 operte
1660 1718 1778 1752 pretium

994 1774 1055 1793 esse
1075 1765 1248 1793 existimavi:
1281 1764 1490 1799 Συγγράφοντες
1506 1764 1554 1790 κὰ).
1576 1763 1778 1798 συμμάρτυρες

994 1811 1043 1846 τῆς
1068 1811 1160 1845 βίϐλου
1175 1811 1264 1842 αὐτοὶ,
1295 1810 1444 1844 Γρηγόριος
1466 1811 1480 1835 ὁ
1501 1809 1642 1843 Θεολόγος,
1663 1811 1677 1835 ὁ
1693 1808 1778 1843 μὲγάς

995 1857 1146 1888 Βασίλειος,
1159 1856 1312 1891 Γρηγόριος
1329 1855 1454 1889 Nocens,
1476 1854 1603 1889 Ἰωάννης
1619 1856 1634 1881 ὁ
1661 1856 1779 1890 χρυσοῤ-

995 1905 1101 1938 ρήμων,
1124 1904 1139 1929 ὁ
1164 1902 1249 1937 μέγας
1268 1901 1438 1933 ’Λϐανὰσιος,
1455 1902 1469 1927 ὁ
1495 1900 1640 1936 Κύριλλος,
1661 1902 1675 1927 ὀ
1693 1900 1778 1935 μέγας

1001 1949 1171 1982 Ἐπιφάνιος,
1202 1947 1379 1978 Ἀναστάσιος
1407 1947 1420 1972 ὁ
1448 1947 1587 1982 Σιναῖτης,
1615 1946 1740 1980 Ἰωάννης
1766 1947 1780 1972 ὁ

995 1995 1187 2030 Δαμασκηνῦς,
1204 1994 1353 2028 Γρηγόριος
1366 1994 1380 2020 ὁ
1403 1993 1543 2027 Διᾶλογος,
1560 1993 1686 2028 ’Δνδρέας
1703 1993 1781 2027 Κρή-

995 2049 1054 2075 της,
1073 2039 1174 2075 Πέτρος
1200 2039 1245 2065 καὶ
1269 2039 1372 2070 Παῦλος
1401 2039 1425 2065 ul
1442 2039 1597 2072 ἀπόστολοι,
1623 2038 1780 2073 Νικηφόρσς

996 2088 1170 2123 πκτριάρχης
1184 2095 1191 2103 ⁸
1209 2087 1257 2113 σὺν
1271 2087 1376 2118 τούτοις
1388 2087 1435 2114 κλὶ
1446 2086 1548 2120 Μωσῆς
1563 2086 1609 2112 καὶ
1621 2085 1713 2115 Δασὶδ.
1732 2084 1780 2111 καί

995 2142 1036 2164 τις
1060 2133 1074 2159 ὁ
1090 2132 1214 2166 φωτίζων
1233 2131 1358 2164 τούτους,
1387 2132 1434 2158 καὶ
1459 2131 1564 2167 μάρτυς
1589 2130 1720 2165 ἀψευδὴς.
1749 2130 1780 2156 τὸ

995 2179 1146 2214 “vet-151.13
1179 2178 1265 2213 ἅγιον.
1283 2178 1335 2211 Qui
1356 2178 1435 2205 simul
1455 2178 1626 2212 scripserunt,
1655 2176 1782 2210 simulque

160 2226 260 2265 tim-uit.
276 2243 307 2262 ac
320 2233 413 2268 paucis
428 2236 489 2268 post
502 2231 582 2258 annis
596 2231 700 2258 Joanne
717 2229 803 2258 Alexii
819 2229 873 2256 lilio
891 2229 942 2256 itu—
958 2233 980 2261 ι)
998 2231 1072 2253 testes
1083 2226 1160 2259 hujus
1173 2225 1232 2252 libri
1245 2226 1326 2260 fuere,
1342 2232 1403 2252 sunt
1414 2225 1458 2251 Itl:
1470 2223 1611 2258 Gregorius
1626 2223 1781 2256 Tlteotogus,

160 2286 271 2315 pcrautc
287 2285 391 2308 natura:
406 2279 552 2306 concessit.
570 2277 682 2311 lusup-r
699 2277 753 2303 duo
765 2275 880 2303 Cassarei
899 2284 944 2302 co-

160 2330 245 2358 dices,
265 2335 336 2361 quos
354 2326 401 2352 lib.
420 2334 445 2352 tv
463 2323 730 2352 Commentariorum
757 2323 848 2350 laudat
862 2323 943 2350 Latn-

161 2375 265 2405 becius,
284 2380 400 2407 quorum
418 2371 494 2406 prior
521 2370 652 2404 epistolas
679 2369 723 2401 50,
741 2369 810 2396 alter
828 2369 862 2395 Ξίὓ
878 2376 945 2395 cott-

161 2421 239 2449 tiuct.
257 2418 416 2446 Michaclcnt
430 2417 539 2452 Glyconi
555 2423 694 2444 auctorem
714 2416 873 2451 prthCI‘tllll,
893 2417 945 2441 hoc

162 2467 312 2492 lemmate:
340 2463 393 2490 Τοῦ
414 2463 572 2496 σοφωτάτου
596 2463 642 2489 καὶ
668 2461 835 2495 λογιωτάτου
860 2460 944 2495 κυροῦ

163 2512 271 2547 Μιχαὴλ
302 2512 348 2538 τοῦ
380 2511 470 2537 Duxi
503 2511 544 2542 εἰς
574 2510 622 2541 τὰς
649 2508 766 2545 ἀπορίας
796 2509 845 2543 τῆς
869 2508 945 2538 θείας

162 2560 281 2594 Γραφῆς.
305 2558 499 2593 Sapientissimi
516 2565 540 2584 et
556 2556 759 2591 eloquentissimi
783 2554 873 2581 doumi
892 2553 944 2580 Mi-

162 2606 255 2633 :lutelis
268 2605 355 2641 Glycw
368 2606 394 2632 in
405 2606 499 2632 divime
512 2603 656 2639 Scriptura;
665 2602 851 2630 dubitationes.
868 2600 901 2628 Et
912 2599 945 2627 ad

162 2654 263 2681 calcent
279 2652 382 2680 codicis
398 2651 559 2686 posterioris
588 2650 646 2677 haec
661 2649 840 2676 scribuntur:
861 2648 947 2673 Τοῦτο

162 2699 264 2733 βιῆιίον
280 2699 396 2733 ὑπάρχει
413 2697 524 2731 Μιχαὴλ
538 2696 583 2722 τοῦ
599 2695 700 2722 Fluxa.
731 2694 782 2721 llic
795 2693 896 2721 libellus
909 2698 946 2720 est

165 2743 300 2770 Michaelis
337 2743 433 2778 Glyrw.
465 2742 518 2769 Sed
550 2746 577 2768 et
608 2740 698 2768 Codex
730 2738 945 2770 lliecardiauus,

164 2797 216 2822 quo
234 2790 344 2820 utimur,
361 2789 397 2815 ita
411 2787 572 2816 inscribitur
587 2795 594 2813 :
621 2785 819 2820 Γραμματικοῦ
839 2783 946 2818 Μιχαὴλ

163 2834 210 2860 τοῦ
226 2835 322 2861 Duxi.
340 2834 513 2861 (.‘rammatici
526 2831 660 2860 Michaelis
677 2831 773 2866 Glyctc.
790 2829 947 2857 Laudantur

163 2881 243 2907 etiam
261 2888 274 2907 a
290 2879 412 2908 Gcsuero
425 2881 476 2907 sub
495 2878 604 2907 nexninc
618 2878 717 2907 Glrczc.
739 2882 766 2904 ut
783 2881 810 2903 ct
835 2877 869 2903 ab
885 2875 947 2903 llo:-

997 2272 1107 2307 Magnus
1125 2271 1253 2304 Basilius,-
1270 2271 1411 2306 Gregorius
1429 2271 1575 2306 Nyssenus,
1593 2269 1709 2296 Joannes
1724 2267 1779 2294 Au-

997 2321 1102 2355 t'iﬂnus,
1121 2326 1232 2353 magnus
1251 2319 1421 2349 Athanasius.
1436 2317 1560 2351 Cyrillus.
1582 2319 1693 2350 nlagnus
1712 2313 1779 2346 Epi-

997 2367 1119 2400 pltanins,
1133 2366 1290 2391 Anastasius
1306 2363 1431 2396 Sinaites,
1444 2362 1561 2389 Joannes
1592 2361 1781 2387 Damascenns.

998 2413 1137 2447 Gregorius
1166 2411 1303 2446 Dialogus,
1328 2411 1445 2438 Andreas
1475 2407 1615 2438 Cretensis.
1643 2406 1737 2433 Petrus
1758 2409 1782 2431 ct

998 2457 1100 2484 Paulus
1125 2457 1246 2492 apostoli,
1264 2456 1427 2490 Nicephorus
1439 2453 1606 2488 patriarcha.
1622 2459 1732 2486 euntque
1743 2451 1782 2476 his

999 2503 1085 2531 Moses
1096 2508 1120 2531 et
1135 2503 1229 2536 David,
1245 2507 1281 2534 et,
1292 2503 1337 2537 qui
1350 2502 1424 2528 hosce
1455 2499 1589 2526 illuminat
1605 2498 1726 2532 testisque
1745 2501 1782 2523 est

998 2550 1104 2578 mentiri
1118 2550 1229 2582 nescius,
1244 2545 1368 2583 Spiritus;
1376 2551 1492 2574 sanctus.

1036 2596 1138 2625 Verum
1154 2601 1302 2630 antequam
1319 2595 1353 2622 de
1369 2595 1458 2630 Glycae
1477 2593 1608 2628 Epistolis
1625 2599 1704 2627 agere
1732 2591 1782 2618 de-

998 2644 1133 2675 sinamus,
1148 2643 1182 2670 de
1197 2642 1292 2670 codice
1312 2640 1494 2668 lliceardiano
1517 2640 1649 2666 lectorem
1665 2638 1782 2665 cdocere

999 2690 1053 2718 fert
1064 2689 1182 2717 animus.
1201 2687 1293 2716 Codex
1308 2688 1352 2715 hic
1366 2688 1527 2715 chartaceus
1541 2690 1591 2717 est,
1608 2688 1718 2712 notatus
1730 2691 1783 2710 nu-

998 2735 1129 2768 merol9,
1146 2734 1242 2770 Pluteo
1261 2735 1296 2766 Κ,
1311 2733 1408 2761 ordine
1425 2733 1446 2764 l,
1474 2732 1546 2758 inter
1568 2730 1661 2758 Cra-ca
1690 2736 1784 2756 manu-

999 2783 1110 2817 scripta.
1121 2781 1247 2809 Continet
1261 2781 1375 2815 primum
1386 2778 1522 2813 Epistolas
1531 2777 1618 2813 Glycze
1630 2774 1782 2805 nonnullas,

1000 2828 1098 2856 deinde
1111 2827 1278 2856 Christoduli
1296 2825 1434 2855 monachi.
1456 2832 1504 2850 seu
1521 2823 1635 2850 Joannis
1646 2822 1782 2849 Cantacu-

1000 2875 1074 2903 zeui.
1100 2874 1221 2904 dialogos
1246 2873 1262 2899 8
1287 2872 1417 2899 adversus
1443 2869 1549 2897 Jadmos
1573 2876 1651 2895 manu
1677 2867 1784 2894 diversa
