1944 3072
205 161 261 187 tvu

842 161 1010 192 JOANNES
1034 161 1109 192 LA.“
1117 162 1125 191 I
1132 161 1188 192 US.

1756 164 1822 186 XVIII

203 223 337 247 exaratos.
353 218 435 246 Primi
450 222 540 246 autem
572 219 666 246 titulus
693 219 729 246 ita
748 219 829 246 habct
843 229 849 246 ;
868 219 985 254 Χριστο-
1001 222 1022 248 Α
1038 227 1107 250 mus,
1122 219 1300 253 perscrutari.
1316 219 1414 254 quibus
1441 219 1486 246 ille
1501 219 1663 246 Christianm
1683 217 1823 253 religionis

204 266 297 292 δούλου
323 265 446 300 μοναχοῦ
477 265 548 292 καέᾶ
575 264 711 292 Ἰουδαίων
744 265 821 300 λόγος
850 265 885 292 α’.
911 264 987 292 Chri-

204 310 297 337 stoduli
313 310 434 337 monac/1i
446 309 570 338 adversus
598 310 704 338 Judams
729 319 813 337 sermo
837 309 861 337 1.
890 309 988 344 Incipit

205 363 287 383 vero:
303 355 362 382 Οὐκ
387 354 436 382 οἷδ’
455 356 584 390 ὁπότερον
612 355 721 383 κάλλιον
746 356 824 390 φαῖεν
845 356 878 382 ἄν
904 363 988 387 τινες,

203 401 359 436 ἐπιγράψας
381 401 420 436 τῷ
433 401 547 436 τοιούτῳ
570 401 741 437 συντάγματι
762 402 832 428 κατὰ
851 394 989 428 Ἰουδαίων

204 447 295 482 ἄρα,ἢ
313 447 413 482 pano»;
426 447 495 483 ὑπὲρ
513 447 613 480 αὐτῶν,
633 457 660 475 κ.
675 456 702 476 τ.
718 447 742 475 λ.
759 447 808 475 Est
831 448 858 475 in
882 448 936 475 line
962 451 991 474 et

204 494 274 521 aliud
288 494 422 529 perbreve
436 493 609 529 opusculum,
626 493 679 521 alia
700 501 810 529 quoque
838 501 932 526 manu,
961 498 990 520 ut

206 540 321 571 videtur,
337 539 514 574 exscriptum,
528 539 571 568 cui
588 539 736 575 praeﬂgitur
747 548 754 567 :
766 539 894 574 Δόγματα
909 539 989 574 ὀρθό-

205 586 276 618 δυξα,
288 585 360 621 ἅπερ
375 585 498 618 ἐξέθεντο
522 587 546 613 oi
567 587 640 621 ἅγιοι
667 587 821 620 ἀπόστολοι,
833 587 880 614 καὶ
892 587 992 618 πάντες

205 631 230 657 οἱ
245 631 316 666 amt
332 631 464 666 [Ia-:épz.‘,
480 632 527 659 καὶ
540 633 726 668 οἱκουμενικοὶ
738 632 903 662 διδάσκαλοι.
920 632 992 667 Dog-

205 683 274 704 mata
297 678 441 705 orthodoxa
458 686 517 713 qute
531 671 705 714 exposuerunt
722 679 809 706 sancti
829 678 950 714 apostoli,
968 682 992 705 et

204 731 292 751 omnes
322 724 408 752 sancti
422 722 528 757 Patres,
555 728 580 752 et
602 725 756 752 wcumem‘ci
784 726 913 752 doctores.
939 724 993 752 Ini-

204 770 270 800 iium
282 775 372 797 autem
394 769 453 804 ejus
469 774 512 798 est
534 779 541 798 :
567 770 735 806 Πιστεύομεν
746 791 754 804 ,
770 770 862 803 καθὼς
878 771 994 797 Hianti-

206 815 323 850 σῡημεν,
341 815 381 847 εὶς
396 816 518 850 Πατέρα,
534 816 583 842 καὶ
609 815 673 842 Υῑδν
698 817 746 843 καὶ
770 816 849 850 ἅγιον
871 816 995 851 Πνεῦμα,

208 862 255 889 τὸν
268 862 317 889 ἕνα
332 861 408 894 Θεὸν,
423 870 450 889 κ.
465 870 492 889 τ.
507 862 534 889 λ.
549 861 647 890 Omnia
665 867 756 889 tamen
768 862 827 890 haec
841 869 924 896 opera
941 869 991 899 sae-

205 908 268 937 culo
285 916 319 936 xv
335 908 474 943 descripta
487 915 550 937 esse
574 908 713 940 videntur,
735 908 785 935 etsi
800 907 896 935 nullibi
911 907 987 940 anni,

206 955 248 982 vel
260 954 401 989 temporis,
417 961 471 989 quo
482 953 583 989 scripta
597 954 720 986 luerunt,
729 954 870 982 adnotatio
882 958 988 989 parcat.

204 1000 293 1035 Glyca‘.
306 1004 397 1028 autem
409 999 539 1035 Epistolas
551 1007 658 1033 omnes,
677 1005 737 1035 quze
751 1000 804 1027 hoc
819 999 914 1027 codice
942 999 991 1026 ha-

207 1047 316 1078 bentur,
331 1045 536 1082 quatuordecim
553 1050 659 1073 tantum
679 1050 755 1079 sunt,
769 1053 885 1080 quarum
902 1045 991 1080 prima

206 1091 238 1118 ad
254 1090 386 1118 Joannem
411 1091 545 1119 Sinaitam
562 1091 665 1126 scripta
679 1096 732 1124 est,
757 1096 839 1126 prout
852 1091 880 1119 in
898 1090 991 1119 Indice

207 1137 399 1171 Lambeciano,
420 1141 448 1165 et
468 1142 573 1166 caeteras
597 1138 680 1166 etiam
706 1138 803 1165 eodem
831 1137 927 1166 ordine
955 1144 988 1165 ac

206 1184 288 1216 serie,
299 1184 388 1219 quain
398 1188 550 1211 memorato
561 1184 649 1212 indice
672 1183 893 1220 progrediuntur.
901 1183 992 1211 Unum

208 1235 311 1257 tantum
329 1229 465 1266 singulare
490 1230 572 1258 habet
592 1230 638 1258 hic
663 1234 760 1264 codex,
781 1229 854 1266 quod
883 1229 992 1257 numeri

207 1276 346 1304 adnotatio
364 1275 478 1309 indicat,
493 1282 552 1302 eam
575 1275 717 1311 epistolam
735 1282 790 1303 non
816 1282 877 1304 esse
902 1275 993 1311 Glycee

209 1321 334 1355 primam,
350 1320 398 1348 sed
412 1319 540 1352 tertiam;
554 1319 592 1347 ita
610 1323 638 1347 ut
653 1323 749 1355 quarta
766 1320 871 1348 decima
887 1319 993 1348 decima

209 1374 294 1400 sexta,
310 1375 425 1396 nurnero
440 1366 571 1402 ascripto,
589 1366 768 1403 signiﬁcetur.
797 1367 933 1395 Caeterum
951 1370 994 1395 est

210 1415 353 1442 admodum
366 1418 507 1442 correctus
528 1417 555 1441 et
566 1413 726 1441 emendatus
737 1433 745 1447 ,
768 1414 873 1450 integer
883 1420 994 1449 quoque

209 1467 236 1488 ct
253 1461 391 1496 eleganter
411 1465 551 1493 exaratos,
572 1464 601 1488 ut
617 1460 729 1496 plurimi
760 1460 903 1490 faciendus
931 1468 994 1490 esse

211 1507 345 1535 rideatur.

247 1553 302 1580 Sed
319 1554 372 1589 iam
396 1553 422 1581 in
437 1553 490 1582 alia
506 1553 593 1590 Glyca‘.
607 1560 690 1589 opera
709 1553 888 1589 inquiramus,
905 1553 994 1589 deque

212 1599 244 1626 iis
261 1599 415 1634 loquentem
429 1599 573 1627 audiamus
595 1599 659 1628 Cas.
674 1599 811 1627 Oudinum
842 1599 870 1627 in
890 1599 994 1636 Glyca:

212 1644 287 1672 Inter
300 1653 361 1672 mss.
378 1646 490 1678 codices,
507 1645 606 1681 inquit,
626 1645 777 1673 Bodleiante
791 1645 888 1673 Oxonii
896 1646 924 1673 in
943 1645 997 1672 An-

211 1691 263 1725 glia
275 1689 434 1718 bibliothecae
449 1690 507 1718 cod.
520 1690 582 1723 720,
599 1691 628 1717 in
642 1698 704 1718 mss.
720 1690 851 1717 codicibus
863 1689 996 1718 Guillelmi

212 1734 297 1762 Laudi
310 1735 363 1762 litt.
376 1743 399 1762 c.
411 1735 471 1763 cod.
480 1735 524 1768 77,
541 1735 630 1765 Griece
643 1739 747 1763 exstant
758 1735 894 1763 Michaelis
910 1735 997 1770 Glycce

211 1789 342 1807 sermones
359 1782 446 1808 uarii:
460 1786 485 1809 et
505 1782 599 1809 ibidem
616 1782 674 1809 cod.
691 1782 743 1810 725
758 1783 786 1810 in
809 1783 995 1818 manuscriptis

211 1827 341 1855 codicibus
351 1828 466 1863 ejusdem
476 1827 570 1855 ibidem
582 1829 639 1856 cod.
649 1828 694 1862 9i,
704 1836 730 1856 η.
742 1828 770 1863 2,
781 1833 865 1856 exstat
879 1828 996 1855 Michae-

213 1874 244 1900 lis
257 1872 345 1908 Glycw
354 1878 499 1913 tractatus,
508 1875 554 1909 qui
568 1875 596 1901 in
606 1875 682 1902 varia
696 1875 785 1909 capita
796 1874 924 1902 diuiditur
935 1879 995 1907 etc.,

213 1918 257 1953 qui
282 1918 346 1945 liber
362 1926 431 1946 anno
445 1927 507 1946 certe
529 1919 690 1947 Gra'canicw
715 1919 785 1948 6978
810 1920 923 1954 scriptus
943 1928 998 1947 esse

213 1963 319 1996 dicitur,
340 1964 388 1990 hoc
403 1968 450 1996 est,
465 1972 535 1991 anno
550 1963 648 1992 Christi
661 1964 718 1992 nati
734 1964 813 1992 H70.
832 1964 951 1999 Denique
968 1965 997 1992 in

213 2008 333 2044 catalogo
356 2008 518 2036 bibliotheca
545 2008 704 2045 Marquardi
725 2010 821 2043 Gudii,
851 2011 896 2046 qui
918 2010 997 2045 regite

213 2054 456 2089 majestatisDanite
463 2056 630 2083 consiliarius
638 2056 688 2092 fuit
701 2057 728 2083 in
739 2064 860 2091 supremo
869 2057 996 2084 tribunali

212 2102 322 2128 ducatus
340 2099 522 2135 Sleswicensis,
543 2110 613 2129 anno
631 2102 700 2130 I706
721 2101 824 2130 Kilonii
837 2103 907 2130 edito
921 2103 950 2130 in
967 2103 995 2135 Α,

213 2147 284 2182 apud
297 2146 470 2175 Bartholdum
482 2147 651 2181 Reutherum,
673 2157 734 2183 pag.
751 2149 813 2181 555,
840 2149 908 2176 inter
930 2157 994 2178 mss.

213 2194 310 2221 codices
322 2193 427 2223 Crassos
439 2195 468 2222 in
482 2195 510 2228 4,
525 2195 583 2223 cod.
602 2195 647 2228 50,
669 2194 807 2223 Michaelis
824 2195 911 2230 Glyw
938 2204 996 2223 ser-

213 2249 311 2274 mones,
327 2242 467 2269 chartaceo
489 2243 576 2269 codice
600 2242 675 2270 bona
698 2246 778 2276 ποατ,
803 2251 879 2277 quem
901 2243 994 2270 titulus

212 2285 366 2320 σοφώτατον
395 2287 444 2314 καὶ
462 2288 626 2322 λογιώτατον
643 2289 749 2321 laudat,
778 2289 822 2316 ubi
840 2294 994 2325 argumenta

211 2339 358 2359 sermonum
390 2338 557 2360 recensentur
585 2335 748 2368 summatim,
769 2334 878 2371 singulis
895 2343 942 2370 per
953 2343 997 2362 or-

212 2379 299 2405 dinem
318 2379 390 2412 operi
400 2379 551 2413 prtemissis.
570 2379 631 2408 Ilaec
651 2381 759 2416 quidem
775 2381 832 2409 ille.
852 2381 907 2410 Sed
937 2382 996 2417 haec

211 2423 270 2452 fere
281 2425 371 2451 omnia
391 2425 428 2451 nil
446 2425 520 2452 aliud
532 2425 597 2453 mihi
613 2434 672 2454 csse
685 2426 823 2462 videntur,
838 2435 918 2464 quam
932 2428 996 2463 ipsa:

211 2469 300 2505 Clyt-ae
335 2469 476 2505 Epistolas,
503 2479 563 2506 qua:
590 2472 682 2505 Λόγοι,
694 2472 831 2500 Sermones
857 2473 995 2501 interdum

211 2516 409 2550 inscribuntur,
427 2522 456 2544 ut
475 2518 586 2553 quidem
616 2518 764 2554 aliquando
789 2519 819 2546 lit
845 2519 872 2546 in
899 2519 995 2547 codice

211 2561 401 2590 lticcardiano.
418 2562 490 2591 Guil.
503 2563 613 2599 quidem
627 2564 733 2592 Cavcus
748 2565 776 2592 in
784 2573 832 2593 sua
846 2565 993 2593 Litteraria

213 2607 365 2641 scriptorum
383 2609 618 2637 ecclesiasticarum
648 2610 767 2638 Historia
778 2612 911 2647 scriptum
926 2611 994 2639 reli-

215 2654 282 2687 quit,
295 2654 389 2682 codice
401 2655 590 2691 philosophico
605 2656 656 2684 103
669 2657 841 2686 bibliothecae
853 2658 994 2690 Caesareae,

216 2701 341 2727 nonnulla
357 2701 445 2737 Glycae
459 2703 546 2737 capita
562 2703 747 2739 philosophica
764 2705 920 2733 asservari:
947 2707 995 2734 sed

214 2746 273 2781 eius
284 2745 407 2776 inimicus
420 2752 447 2776 et
455 2749 604 2777 insectator
613 2750 775 2784 acerrimus,
786 2750 848 2779 Cas.
861 2751 994 2786 Oudinus,

215 2791 240 2819 id
256 2791 315 2819 Ialsi
329 2794 418 2830 arguit
444 2794 622 2831 aﬂlrmatque,
641 2803 702 2824 cum
717 2798 908 2831 consuluisset,
927 2799 994 2827 nihil

214 2845 244 2866 se
265 2839 315 2866 tale
330 2841 464 2876 reperisse

250 2883 309 2912 iam
325 2891 442 2924 tempus,
462 2895 536 2928 cum‘
553 2891 586 2919 de
600 2891 689 2925 Glycze
714 2892 822 2925 scriptis
836 2892 890 2921 late
907 2893 995 2927 egeri-

1039 265 1175 300 dogmatis
1186 265 1340 293 censendus
1351 265 1396 297 sit,
1408 265 1479 300 quod
1491 265 1599 301 quidem
1613 273 1646 292 ex
1661 264 1746 300 ipsius
1758 264 1825 290 scri-

1040 312 1094 346 ptis
1104 312 1254 339 eruendum
1268 312 1383 339 videtur.
1394 312 1502 348 Glycam
1515 313 1625 347 quidem
1642 311 1824 338 orthodoxmn

1039 358 1108 386 Phil.
1124 358 1247 386 Labbe'us
1268 358 1416 385 arbitratur
1429 379 1436 391 ,
1461 359 1508 385 scd
1521 358 1658 386 evidentia
1683 357 1742 392 ipsa
1758 365 1826 383 cou—

1041 404 1154 432 trarium
1177 404 1386 432 demonstravit.
1400 404 1549 438 Antiquum
1563 404 1637 430 enim
1653 403 1772 431 schisma
1799 406 1827 428 et

1041 450 1099 485 ipse
1126 449 1232 483 fovens,
1253 449 1376 484 quaedam
1404 454 1498 477 contra
1522 448 1631 476 Latinos
1662 447 1825 482 composuit.

1042 494 1109 522 Nam
1136 495 1247 530 scripsit
1267 494 1385 528 primum
1414 494 1448 521 ad
1477 493 1625 520 Maximum
1648 492 1828 521 Smenintem,

1043 540 1075 567 Εἰ
1083 540 1136 576 χρὴ
1152 541 1297 575 προσέχειν
1308 541 1364 572 τοῖς
1374 539 1512 574 λέγουσιν,
1528 539 1568 565 ὃτι
1584 537 1674 564 λαϐὼν
1689 535 1828 572 ὁΧριστῆς

1043 587 1148 622 ἄζυμον
1161 587 1190 613 ἐν
1202 589 1235 622 τῇ
1256 586 1362 622 ἑσπέρᾳ
1375 586 1424 621 τῆς
1441 585 1562 620 μεγάλης
1577 586 1706 619 Ilia-mn;
1721 585 1758 615 Lb;
1774 583 1829 609 τῶν

1043 633 1093 668 τῆς
1108 633 1205 668 ἑορτῆς
1218 633 1265 659 τοῦ
1279 633 1384 668 Πάσχα,
1397 630 1546 666 τηνικαῦτα
1558 631 1636 666 δῆθεν
1648 632 1703 661 τοῖς
1719 630 1829 659 οἰκείοις

1045 679 1074 706 τὸ
1094 679 1192 714 Πάσχα
1210 678 1346 706 ἐτέλεσενυ
1365 678 1406 705 An
1434 678 1579 705 dicentibus
1596 677 1781 704 attendendum
1796 677 1829 702 sit

1045 725 1179 752 Christum
1191 733 1296 759 vespere
1314 732 1416 760 magna:
1431 724 1506 759 ferite
1522 732 1549 754 ν,
1573 726 1630 750 cu'nt
1645 723 1751 750 Pascha
1763 720 1830 748 cclc-

1045 771 1176 804 brarctur,
1194 771 1321 804 accepisse
1334 778 1469 805 azymum,
1490 774 1514 796 et
1526 770 1564 796 sic
1583 769 1637 795 suis
1658 773 1711 794 tum
1729 767 1829 794 Pascha

1047 817 1198 845 tradidisse.
1232 815 1399 851 Principium
1424 820 1515 842 autem
1541 819 1602 842 est:
1636 813 1666 840 '0
1689 814 1752 848 περὶ
1777 814 1831 838 τῶν

1046 863 1160 898 ἀζύμων
1178 862 1266 897 λόγος,
1277 858 1300 889 ὦ
1312 861 1373 888 Θεία
1389 862 1436 888 καὶ
1452 860 1513 896 ἱερὰ
1528 859 1645 895 κεφαλὴ,
1661 859 1707 886 καὶ
1725 858 1831 889 πολλοῖς

1040 909 1153 944 εφοασε.
1167 907 1284 943 Scripsit
1300 907 1398 935 deinde
1411 907 1480 942 Περί
1499 915 1579 933 τινων
1604 906 1737 941 χρήσεων,
1752 905 1791 930 ὅτι
1801 905 1831 929 ἐκ

1042 955 1124 991 μόνου
1140 953 1188 981 τοῦ
1211 953 1327 988 Πατρὸς,
1352 953 1382 979 οὐ
1399 952 1452 987 μὴν
1463 952 1492 979 δὲ
1521 953 1567 978 καὶ
1583 951 1616 977 ἐκ
1639 950 1686 977 τοῦ
1711 949 1775 976 Υἱοῦ
1801 950 1831 974 eo

1041 1000 1155 1036 Πνεῦμα
1172 1000 1204 1027 τὸ
1217 1000 1295 1034 ὶγιον
1311 999 1509 1034 ἐκπορεύεται,
1533 998 1581 1024 καὶ
1609 998 1651 1023 ὅτι
1678 997 1709 1023 οὗ
1733 997 1830 1022 ταυεὶιν

1041 1047 1179 1082 ἀποστολὴ
1190 1048 1238 1074 καὶ
1253 1046 1432 1081 ἔκπόρευοις’
1453 1045 1490 1072 De
1513 1044 1649 1071 nonnullis
1667 1043 1776 1070 Patrum
1794 1047 1830 1068 te-

1043 1094 1185 1125 stimoniis,
1199 1092 1291 1128 quibus
1303 1093 1437 1127 probatur,
1450 1099 1483 1118 ea:
1500 1090 1555 1118 solo
1571 1089 1665 1123 Patre,
1679 1097 1730 1116 non
1744 1093 1832 1114 autem

1043 1145 1067 1168 et
1083 1148 1114 1168 ea:
1123 1139 1203 1172 Filio,
1221 1131 1349 1173 Spiritum
1362 1142 1483 1165 sanctum
1495 1136 1633 1171 procedere
1645 1144 1654 1163 :
1669 1141 1693 1162 et
1707 1143 1756 1161 non
1776 1140 1832 1161 esse

1043 1186 1112 1214 idem
1128 1185 1278 1213 missionem
1301 1188 1326 1212 et
1346 1183 1548 1219 processionem.
1572 1181 1750 1217 Principium,
1762 1180 1794 1207 'I'.’
1805 1181 1832 1206 δέ

1045 1240 1087 1259 σοι
1104 1231 1152 1258 καὶ
1166 1231 1293 1267 περὶτῆς
1312 1230 1433 1266 ἀρρήτου
1448 1229 1495 1256 τοῦ
1511 1228 1648 1263 παναγῐου
1673 1227 1832 1261 “vstitu-.0;

1043 1277 1246 1313 ἑκπορεύσεως.
1266 1276 1367 1304 Verum
1385 1281 1477 1303 tamen
1496 1279 1538 1302 est
1568 1283 1629 1302 eum
1646 1282 1695 1311 pro
1727 1273 1833 1300 Latinis

1044 1331 1152 1361 quoque
1166 1328 1260 1352 contra
1283 1331 1346 1352 suos
1360 1323 1470 1351 Graecos
1502 1322 1647 1357 scripsisse
1675 1321 1709 1348 ad
1737 1321 1833 1348 Isaiam

1045 1370 1218 1404 monachum,
1251 1370 1320 1405 Περὶ
1342 1369 1390 1396 τοῦ
1416 1371 1507 1397 ὁποῖον
1539 1369 1647 1404 ἀπαντᾷ
1671 1368 1748 1399 τέλος
1773 1368 1833 1397 ui;

1044 1414 1145 1450 ψυχαῖς
1159 1413 1361 1450 χωριζομέναις
1384 1413 1432 1440 τοῦ
1451 1413 1589 1448 σώματος,
1602 1413 1650 1439 καὶ
1670 1413 1738 1438 ὅπου
1753 1411 1834 1438 αὐταὶ

1045 1460 1224 1496 ἀπέρχονται.
1238 1459 1307 1492 Quid
1321 1460 1356 1487 sit
1372 1458 1404 1487 de
1420 1459 1570 1490 animabus.
1582 1464 1722 1494 postquam
1739 1459 1834 1493 fuerint

1046 1516 1063 1535 α
1078 1514 1185 1541 corpore
1197 1510 1337 1542 separatae,
1354 1510 1379 1533 et
1392 1514 1444 1542 quo
1460 1506 1515 1533 illa:
1526 1506 1644 1533 abeant?
1657 1505 1835 1540 I‘rincipiuni,

1046 1553 1101 1581 Kal.
1113 1553 1243 1588 περὶτῶν
1261 1553 1310 1588 μὲν
1321 1552 1444 1586 δικαίων,
1460 1552 1489 1579 τί
1502 1552 1556 1588 χρὴ
1573 1554 1621 1580 καὶ
1638 1552 1739 1586 λέγειν.
1765 1551 1834 1578 Inibi

1048 1600 1146 1636 probat
1162 1599 1377 1628 luculentissime
1395 1599 1423 1626 in
1439 1599 1539 1626 cadum
1557 1605 1603 1626 eas
1619 1598 1721 1626 del'erri
1735 1619 1742 1631 ,
1757 1597 1834 1624 idco—

1048 1654 1102 1682 que
1119 1649 1268 1681 praesentes
1282 1645 1367 1674 Deum
1386 1645 1531 1673 manifeste
1558 1644 1670 1678 intueri,
1684 1650 1767 1679 atque
1797 1644 1835 1670 ita

1049 1699 1155 1720 summa
1168 1692 1299 1719 beatitate
1325 1691 1466 1727 gaudere:
1488 1695 1517 1718 ut
1531 1691 1596 1718 hinc
1619 1698 1717 1726 arguas
1740 1697 1836 1717 omnes

1048 1738 1204 1767 Graecorum
1216 1744 1336 1769 errores,
1350 1737 1417 1772 ipsis
1432 1737 1515 1764 etiam
1527 1735 1640 1769 Graecis,
1653 1736 1700 1770 qui
1717 1735 1835 1762 schisma

1049 1785 1185 1817 foverunt,
1210 1791 1266 1811 non
1284 1783 1382 1811 eodem
1413 1783 1473 1810 loco
1493 1782 1589 1810 fuisse.
1607 1781 1657 1809 llic
1681 1787 1836 1817 postremus

1049 1838 1139 1859 sermo
1159 1830 1274 1858 decima:
1286 1834 1390 1857 octavae
1411 1828 1535 1864 epistolze
1563 1828 1654 1855 locum
1675 1827 1781 1854 obtinet
1810 1827 1835 1852 in

1048 1877 1141 1905 Indice
1153 1875 1348 1909 Lambeciano,
1363 1882 1444 1910 aqua
1469 1881 1526 1902 non
1551 1873 1667 1901 multum
1694 1873 1836 1901 dissimilis

1048 1922 1202 1959 argumenti
1220 1921 1329 1949 videtur
1340 1928 1401 1948 esse
1414 1928 1458 1953 ea,
1482 1928 1543 1955 quae
1564 1920 1700 1955 sequitur,
1720 1920 1837 1947 undevi-

1048 1968 1162 2001 cesima,
1177 1967 1268 1995 eidem
1291 1966 1428 1995 monacho
1448 1967 1559 2001 scripta.
1587 1967 1640 1994 Alii
1660 1971 1752 1994 autem
1782 1967 1836 1994 duo

1049 2018 1182 2043 tractatus
1195 2014 1329 2042 adversus
1341 2012 1453 2040 Latinos
1471 2017 1536 2040 sunt
1550 2012 1681 2040 vicesima
1707 2013 1834 2047 septima,

1048 2067 1076 2090 et
1088 2060 1330 2094 duodetricesima,
1347 2060 1470 2095 epistola:
1501 2059 1529 2087 in
1554 2058 1644 2086 Indice
1675 2063 1835 2089 memoratu,

1047 2114 1128 2143 quem
1143 2111 1206 2142 post
1218 2105 1348 2141 epistolas
1363 2106 1397 2132 ad
1412 2104 1505 2139 operis
1517 2105 1632 2136 calcem,
1649 2109 1675 2130 ut
1693 2104 1748 2139 jam
1764 2104 1821 2130 dixi

1048 2160 1120 2185 mus,
1146 2159 1209 2180 cum
1231 2151 1291 2179 aliis
1323 2150 1508 2186 fragmentis.
1535 2150 1698 2185 tempestive
1723 2150 1835 2177 exhibe-

1047 2201 1147 2229 bimus.

1010 2236 1034 2264 Ῐ)
1083 2247 1142 2275 Jam
1157 2253 1223 2274 vero
1240 2245 1309 2281 quid
1323 2245 1358 2274 de
1371 2245 1460 2281 Glycz
1480 2246 1646 2278 eruditione,
1661 2245 1778 2282 judicio,
1792 2245 1834 2272 di—

1048 2293 1157 2328 ligentia
1176 2297 1204 2320 et
1232 2292 1410 2328 opinionibus
1438 2292 1584 2321 dicendum
1611 2297 1638 2320 et
1658 2292 1833 2320 sentiendum

1047 2339 1092 2374 sit,
1102 2339 1178 2372 alibi,
1192 2339 1257 2367 licet
1268 2339 1453 2375 perfunctorie
1462 2343 1490 2367 et
1503 2339 1602 2372 obiter,
1614 2339 1817 2367 enuntiavimus
1828 2361 1834 2371 ,

1047 2393 1132 2421 quare
1146 2385 1204 2413 haec
1221 2385 1249 2413 in
1263 2385 1406 2420 pmsentia
1419 2384 1545 2420 pluribus
1559 2385 1690 2413 diducere
1707 2392 1756 2420 pro
1770 2385 1834 2412 inu-

1049 2431 1088 2460 tili
1113 2439 1146 2460 ac
1171 2439 1375 2468 supervacaneo
1399 2431 1494 2459 haberi
1526 2436 1628 2467 posset.
1653 2431 1702 2459 llic
1731 2436 1834 2458 tantum

1048 2479 1183 2507 ascribere
1205 2485 1221 2506 e
1236 2485 1266 2506 re
1288 2477 1347 2505 fore
1363 2478 1483 2506 arbitror
1507 2478 1662 2513 catalogum
1679 2482 1835 2509 auctorum,

1047 2525 1093 2560 qui
1107 2524 1133 2552 in
1148 2524 1236 2560 Glyca!
1250 2524 1394 2559 operibus,
1410 2532 1471 2552 cum
1487 2524 1628 2559 Epistolis,
1643 2529 1699 2552 tum
1722 2523 1836 2551 Annali-

1047 2571 1109 2604 bus,
1123 2571 1253 2604 citantur,
1273 2574 1300 2598 et
1313 2578 1348 2598 ex
1373 2570 1472 2606 quibus
1497 2569 1591 2598 omnia
1620 2577 1668 2598 sua
1693 2568 1835 2603 collegisse

1049 2617 1200 2652 compilans
1214 2616 1260 2644 ille
1270 2617 1388 2650 videtur,

1084 2661 1224 2697 Floriferis
1243 2667 1272 2689 ut
1287 2671 1348 2697 apes
1360 2663 1388 2690 in
1400 2663 1510 2690 saltibus
1526 2663 1614 2690 omnia
1633 2662 1726 2688 libant.

1083 2709 1162 2736 Hunc
1173 2709 1283 2744 quidem
1296 2714 1395 2745 prreter
1403 2710 1512 2737 brevem
1530 2710 1605 2736 illum
1617 2712 1773 2737 auctorum,
1788 2708 1834 2742 qn?

1048 2756 1076 2783 in
1091 2755 1218 2791 Epistolis
1231 2756 1387 2788 laudantur,
1403 2763 1483 2791 quem
1495 2756 1576 2789 paulo
1589 2754 1715 2789 superius
1731 2753 1820 2781 descrt

1048 2801 1164 2836 psimus,
1180 2801 1225 2828 alii
1240 2809 1349 2836 quoque
1362 2802 1563 2829 concinnarunt
1577 2808 1583 2831 :
1599 2800 1657 2832 sed,
1677 2807 1757 2835 quem
1775 2799 1834 2833 ipse

1046 2847 1188 2880 contexui,
1202 2848 1383 2883 copiosiorem
1395 2847 1646 2882 absolutioremque
1656 2854 1716 2875 esse
1729 2846 1834 2873 inﬁcia-

1046 2893 1120 2922 bitur
1138 2902 1231 2924 nemo.
