1944 3072
192 145 237 164 XVI

836 138 929 167 JUAN
938 139 958 167 Ν
967 139 1009 168 ES
1031 139 1105 169 [ΑΜ
1114 139 1186 169 lUS.

1762 144 1818 165 XXII

190 197 308 231 alicujus
325 202 386 223 esse
400 203 454 222 non
469 195 618 230 poterunt?
630 195 794 230 Argumenta
810 201 840 223 ut
855 194 882 223 id
898 198 972 223 cvin-
989 201 1012 227 Λ
1027 197 1147 231 ipsorum
1168 199 1260 233 l‘ngua
1277 198 1430 232 absolvere,
1446 205 1475 227 ut
1492 199 1588 228 scribit
1603 198 1750 231 Baronias,
1764 199 1806 225 An

191 247 268 270 catur
281 242 380 269 alterve
395 249 510 269 necesse
525 247 576 269 est.
604 241 656 269 Pro
671 241 751 277 Glyca
767 247 821 269 stat
851 243 976 270 codicqu

192 295 259 316 mss.
287 288 448 322 inscriptio;
476 293 530 315 stat
549 287 622 322 quod
648 287 756 314 illarum
792 287 977 323 Epistolarum

189 333 285 368 plures
299 333 361 367 ejus
383 341 491 367 quoque
513 333 662 360 Annalibus
683 333 794 361 totidem
817 334 909 361 verbis
935 334 977 361 in-

191 384 271 406 serta:
284 385 364 412 sunt;
381 383 435 406 stat
452 380 522 406 i-lem
539 379 635 414 stylus,
648 379 742 406 eadem
754 379 911 413 sin-iptionis
921 387 977 406 ma-

192 426 286 456 teries,
297 426 391 452 eadem
400 425 587 459 dispositionis
601 431 628 452 et
642 425 858 452 ratiocinationis
875 426 980 452 metho-

189 469 255 496 dus.
273 470 338 502 Qua:
355 469 464 504 quidem
477 469 569 496 omnia
584 469 665 496 simul
687 469 800 496 collecta
815 473 843 496 et
859 476 978 504 expensa

192 513 340 547 pra-valere
355 513 481 540 videntur
493 514 596 548 jejuna:
614 513 652 540 illi
668 513 831 540 dubitationi
846 521 854 540 :
870 513 939 546 Quid
958 514 979 540 si

192 558 322 592 Epistolm
338 559 464 586 misiclla:
480 559 564 587 sunt?
580 559 656 592 Quod
671 560 693 587 si
707 559 796 595 Glyeae
819 559 904 586 dictio
928 560 982 587 ele-

192 611 259 639 gans
284 608 312 631 et
336 603 430 632 ﬂorida
449 610 502 638 est,
526 613 582 632 non
606 606 668 632 ideo
692 605 792 632 srecnlo
830 613 864 631 xv
889 605 980 632 minus

187 650 338 684 congruit,
362 658 416 685 quo
436 651 607 685 exploratum
634 651 786 682 habemus,
812 651 979 685 Plethoues,

193 696 370 724 Bessarioues
382 717 390 729 ,
413 697 611 732 'l'rapczuntios
622 719 629 730 ,
653 696 739 725 Gazas
751 718 758 731 ,
780 697 979 733 Argyropylos,

176 742 333 790 ‘Lasearcs.
346 743 589 780 Chalcoeondylas,
599 744 734 781 Musuros,
747 748 775 771 et
788 743 898 771 Grrecos
912 744 980 771 alios

174 787 183 805 ⁵
192 792 338 814 sexcentos
348 787 551 820 disertissimos,
568 796 664 815 omnes
675 789 838 823 eloquentia:
848 793 978 820 ornatus,

193 836 220 858 et
237 832 364 859 dictionis
380 832 515 866 phaleras,
545 833 705 868 copiamque
721 833 844 865 uberem,
870 833 896 860 iu
921 834 979 860 suis

1033 243 1134 270 nalium
1153 252 1253 279 parens
1267 245 1515 273 eminentissimus.
1535 245 1614 278 Quod
1631 244 1741 278 quidem
1758 252 1820 271 suc-

1032 288 1195 316 cudcntibus
1209 289 1375 324 temporibus
1391 298 1477 324 usque
1487 290 1519 317 ad
1537 297 1614 316 suam
1626 294 1748 320 nitatem,
1767 289 1820 315 hoc

1030 339 1085 367 est,
1101 342 1186 369 usque
1202 336 1235 362 ad
1249 343 1349 362 annum
1367 336 1434 363 1640
1461 341 1489 363 et
1501 336 1572 370 quod
1583 335 1716 368 excurrit,
1729 343 1822 361 sena-

1034 385 1090 407 tum
1105 388 1165 407 esse
1186 385 1305 409 testatur
1327 381 1436 409 Roelms
1451 381 1579 417 Pyrrhus.
1594 382 1682 408 Nn-tini
1697 381 1819 408 cmnobii

1034 425 1162 453 Basiliani
1190 427 1284 459 abbas,
1311 427 1437 455 laudatus
1459 427 1539 454 nolit.
1565 428 1576 453 I
1606 427 1667 454 libri
1696 435 1732 457 IV,
1759 434 1821 453 cum

1033 478 1087 505 quo
1112 472 1205 499 nescio
1232 473 1368 507 quomodo
1391 473 1537 500 conciliare
1567 473 1821 507 praestantissimum

1035 517 1316 550 Μ(›ι1[ριιιί.ι1(ῑ‹ιιιίυιιι,
1342 519 1388 553 qui
1407 527 1468 554 cap.
1487 519 1521 545 lii
1546 519 1633 545 οιανῆ
1649 518 1739 544 Italici
1755 518 1822 545 scri-

1035 563 1084 594 bit,
1099 564 1125 590 in
1143 563 1277 597 Calabria,
1293 569 1320 591 et
1336 564 1397 590 aliis
1413 563 1586 599 Neapolitani
1605 563 1682 597 regni
1701 563 1822 597 regioni—

1036 609 1098 638 bus.
1111 614 1193 644 atque
1209 610 1235 636 in
1250 609 1354 641 Sicilia,
1366 608 1576 644 linguaeGrate-at
1587 609 1613 635 in
1626 607 1823 635 ecclesiasticis

1035 655 1132 682 officiis
1153 663 1231 682 usum
1259 656 1355 686 fuisse,
1377 655 1464 682 donec
1483 654 1582 682 Sixtus
1608 653 1641 681 IV
1669 654 1764 683 vetuit,
1790 661 1824 678 ne

1034 703 1096 737 quis
1109 701 1160 728 nisi
1173 701 1272 727 Latine
1305 701 1397 727 divina
1429 699 1520 726 officia
1549 698 1740 733 persolveret;
1770 698 1823 724 nisi

1034 747 1155 773 dicamus
1181 745 1251 772 Sixti
1278 745 1310 772 IV
1341 745 1460 772 edictum
1497 745 1530 771 ad
1560 742 1710 770 monachos
1742 743 1823 769 etiam

1035 791 1185 819 Basiliauos
1221 795 1362 818 extensum
1395 799 1450 817 non
1496 790 1596 822 fuisse,
1639 789 1686 816 sed
1719 794 1825 815 tantum

1036 835 1151 862 clericos
1165 834 1319 866 sati-ularcs,
1343 835 1463 869 alioSque
1479 834 1594 860 aliorum
1615 833 1744 860 mdfnum
1768 841 1825 859 mo-

194 877 412 905 uistructissimis
423 879 666 906 commentariiset
676 879 801 914 epistolis
813 879 982 908 exhibuisse.
1000 877 1019 904 Β
1036 880 1138 906 naebos
1154 879 1318 914 respexisse.
1338 880 1369 906 lit
1397 880 1506 913 quidem
1522 877 1566 905 ιο.
1586 878 1759 905 Mabillonius
1772 877 1822 904 ιιι

193 922 263 954 Quid
279 927 368 950 autem
384 923 486 950 habent
500 924 545 951 alii
558 924 592 951 de
611 924 702 959 (ilyrxe
717 928 797 952 uate
816 925 896 952 aliter
919 933 981 952 sen-

193 968 305 1000 tientes.
321 977 375 1003 quo
390 977 466 996 suam
482 969 640 1004 opinionem
656 970 791 998 fulciant?
805 970 874 998 Illud
897 978 980 998 unum

193 1014 276 1040 nimis
292 1014 429 1041 incertum
444 1017 470 1041 ct
485 1014 576 1044 fallax.
596 1014 707 1049 (ilycam
722 1023 787 1042 suos
802 1015 922 1043 Annales
946 1016 981 1043 ad

193 1060 383 1087 smeulumxn
414 1063 519 1086 tantum
551 1060 708 1088 deduxisse.
737 1061 820 1089 Multa
847 1062 874 1089 in
900 1070 982 1090 causa

191 1113 252 1132 esse
269 1109 391 1140 potuere,
405 1113 454 1132 cur
468 1106 582 1133 ulterius
593 1106 709 1133 Annales
717 1106 817 1142 .Clycas
848 1108 982 1142 oon‘pro-

190 1150 317 1183 duceret,
333 1156 363 1178 ut
377 1151 440 1179 alibi
458 1152 680 1185 observavimus;
693 1158 720 1180 et
743 1153 874 1180 lectorem
890 1161 982 1181 exem-

194 1196 245 1231 plis
275 1197 390 1224 obruere
417 1205 535 1232 possem,
560 1197 612 1224 nisi
642 1197 770 1225 brevitati
791 1199 978 1231 consulerem,

194 1251 303 1275 eorum,
317 1244 362 1278 qui
380 1244 444 1271 licet
458 1244 548 1271 serius
570 1244 697 1276 vixerint,
724 1250 866 1280 susceptas
892 1251 981 1273 tamen

196 1291 324 1319 historias
340 1291 373 1319 ad
389 1299 466 1319 suam
481 1299 568 1326 usque
590 1296 774 1321 tetatentnon
799 1292 980 1320 deduxerunt.

199 1337 232 1363 Iit
244 1337 307 1364 luce
325 1337 448 1371 quidem,
458 1337 631 1372 coniecturis
645 1337 875 1371 probabiliorihus
891 1337 982 1364 indul—

195 1390 281 1417 gens;
311 1390 373 1410 cum
401 1387 490 1410 tamen
509 1383 619 1417 plurimi
633 1383 732 1410 facium
750 1383 783 1410 de
799 1383 889 1419 Glycae
902 1388 982 1411 aetate

196 1428 408 1461 dubitationem,
424 1437 478 1463 qua
490 1429 532 1456 vir
548 1428 723 1456 doctissimus
739 1436 816 1463 atque
832 1436 863 1457 ac
874 1429 983 1457 amicis-

196 1474 283 1502 sinms
299 1481 328 1502 se
344 1475 371 1501 in
387 1482 417 1502 ea
434 1474 549 1502 traducit
569 1475 737 1510 ambiguum.
767 1473 826 1501 Non
854 1480 947 1502 tamen
968 1482 983 1502 a

196 1519 302 1547 Boivini
318 1520 452 1548 sententia
464 1520 544 1556 longe
565 1520 724 1548 recesserint
739 1521 765 1547 in
781 1528 814 1547 eo
832 1520 904 1555 quod
920 1520 984 1555 Gly-

193 1574 254 1593 icam
268 1566 442 1601 Byzantinum
454 1571 553 1601 putet;
571 1574 585 1593 a
597 1573 641 1593 me
654 1566 730 1594 enim
740 1566 795 1601 jam
809 1566 982 1594 animadver-

195 1621 255 1640 sum
276 1612 515 1648 fuitGlycetarum
530 1612 660 1640 familiam
681 1612 763 1640 etiam
780 1613 981 1640 Lonstantino-

197 1660 262 1694 poli.
281 1659 380 1692 fuis~e,
406 1665 433 1686 et
453 1658 586 1686 Joannem
608 1658 722 1694 Glyeyn,
745 1666 793 1686 seu
816 1658 928 1694 Glycan.
953 1664 983 1686 ut

198 1705 358 1732 Dufresnius
368 1704 494 1739 appellat,
509 1704 690 1739 patriarcham
701 1704 754 1732 ΟΡ.
765 1704 897 1732 claruisse
909 1712 982 1732 anno

197 1751 276 1780 1316.
289 1752 367 1782 Item.
386 1751 480 1778 Daniel
495 1751 593 1786 Glyets
611 1758 681 1778 unus
695 1755 737 1778 est
752 1758 784 1778 ex
801 1751 845 1781 iis.
866 1751 898 1778 ad
913 1758 982 1785 quos

195 1797 338 1832 Georgius,
355 1805 403 1824 seu
424 1797 570 1832 Gregorius
584 1796 704 1832 Cyprius
732 1797 886 1832 patriarcha
913 1796 979 1828 ΕΡ..

192 1844 241 1877 qui
253 1851 326 1870 anno
346 1843 413 1870 l283
437 1843 561 1875 florebat,
577 1844 681 1876 scribit,
701 1847 730 1870 ut
753 1844 825 1879 apud
856 1843 887 1870 L.
911 1843 982 1870 Alla-

197 1890 263 1916 tium
284 1889 320 1916 De
338 1888 459 1924 Georgii:
488 1889 581 1916 videre
606 1893 657 1922 est,
683 1894 711 1916 et
727 1897 767 1916 ex
791 1889 885 1916 cadent
911 1888 981 1915 forte

198 1934 298 1961 familia
315 1939 346 1962 ac
362 1934 483 1962 Joannes
507 1934 568 1962 fuit.
589 1935 622 1961 At
641 1943 695 1962 non
713 1939 845 1970 repugnat
870 1934 980 1969 Glycam

197 1984 319 2005 nostrqu
334 1979 439 2014 origine
452 1979 783 2014 Constantiuopolitanum
798 1979 893 2011 fuisse,
903 1980 980 2006 inco-

196 2025 252 2052 latu
271 2033 334 2052 vero
351 2024 486 2056 Siculam.
506 2026 641 2060 praecipue
656 2026 678 2052 si
697 2026 848 2052 tnonachus
865 2030 934 2055 erat.
951 2030 981 2053 ut

179 2070 338 2097 'Fabricius
360 2071 519 2099 arbitratur.
536 2070 613 2097 Patet
627 2070 700 2097 enim
731 2070 748 2097 S
760 2070 848 2098 ciliam
862 2075 889 2098 et
903 2071 981 2098 Cala-

197 2115 282 2142 briam
296 2115 397 2142 Graecis
412 2115 608 2142 Basilianorum
627 2115 823 2142 monachorum
845 2115 979 2143 ctenobiis

199 2161 309 2188 refertas
326 2161 421 2192 fuisse,
437 2165 464 2188 et
485 2161 511 2188 in
526 2161 558 2187 iis
572 2169 623 2187 non
640 2161 696 2188 Itali
727 2165 846 2191 tantum.
880 2161 927 2188 sed
953 2165 980 2186 et

1033 933 1094 952 nere
1112 925 1208 951 Italico
1225 925 1307 952 tradit
1325 925 1475 952 monachos
1497 924 1615 951 cmnobii
1636 922 1744 958 Crypta:
1759 922 1824 949 Fer-

1034 974 1108 1000 ratat,
1123 968 1285 996 duodecimo
1300 969 1334 995 ab
1349 968 1416 995 urbe
1434 967 1522 1002 lapide
1549 967 1688 998 distantis,
1714 966 1822 994 missam

1033 1015 1126 1042 Gnece
1141 1015 1292 1046 celebrare,
1308 1014 1354 1041 sed
1368 1014 1492 1041 Romano
1507 1013 1572 1040 ritui
1589 1021 1702 1048 prorsus
1716 1020 1824 1051 accom-

1034 1061 1182 1088 tuodatam.
1197 1060 1256 1088 Jam
1276 1069 1343 1088 vero
1357 1069 1419 1089 cum
1435 1060 1492 1088 hate
1510 1061 1546 1088 ita
1562 1068 1592 1088 se
1606 1061 1738 1092 habeant,
1760 1061 1823 1095 quis

1035 1115 1088 1133 non
1105 1107 1196 1134 videat
1210 1107 1320 1134 facilem
1336 1111 1434 1134 etnon
1451 1107 1586 1142 ingratum
1603 1107 1706 1134 Graecis
1721 1108 1754 1134 ad
1767 1108 1822 1133 Ιιιιιι·

1034 1152 1124 1180 Sicula
1136 1153 1263 1180 coenobio
1279 1153 1422 1180 transitura
1434 1152 1528 1185 fuisse,
1542 1152 1701 1187 multosque
1714 1152 1822 1180 illorum

1035 1199 1063 1226 in
1079 1206 1110 1226 ea
1126 1199 1213 1226 insula
1232 1199 1412 1226 austerior-cm
1428 1198 1511 1225 vitam
1528 1202 1639 1233 stuupto
1651 1205 1729 1226 sacro
1741 1198 1823 1225 sche-

1035 1250 1106 1273 mate
1118 1245 1237 1280 profiteri
1253 1247 1375 1280 potuisse
1385 1254 1392 1277 ;
1404 1252 1557 1280 eorumque
1569 1253 1653 1272 unum
1665 1244 1822 1272 Michaeleo.

1032 1292 1144 1326 Glycam
1161 1291 1231 1318 forte
1248 1291 1352 1318 fuisse?
1375 1291 1447 1322 Ouis
1470 1291 1542 1318 enim
1561 1291 1669 1325 ignorat
1684 1290 1822 1317 laudatum

1035 1338 1179 1365 Baronimn
1194 1337 1303 1364 tradere
1324 1337 1375 1364 sub
1389 1336 1482 1363 Leone
1495 1344 1607 1371 quoque
1625 1336 1755 1363 Armenio
1772 1335 1823 1362 im—

1035 1389 1173 1420 peratore,
1196 1390 1336 1410 saetarum
1364 1382 1514 1416 imaginum
1533 1383 1623 1414 hoste,
1652 1381 1823 1409 orthodotos

1035 1429 1185 1456 monachos
1198 1427 1445 1461 Constantinopoli,
1459 1431 1486 1454 et
1503 1435 1537 1454 ex
1550 1427 1612 1454 aliis
1619 1426 1744 1454 Orientis
1760 1433 1823 1461 par-

1036 1474 1109 1501 tibus
1131 1477 1241 1501 exactns
1266 1477 1292 1499 et
1317 1476 1443 1501 extorres
1470 1472 1496 1499 in
1521 1471 1627 1499 italiam
1655 1477 1682 1498 ct
1709 1471 1822 1498 Romam

1037 1518 1209 1554 confugisse?
1220 1518 1273 1545 Sed
1289 1517 1424 1552 exemplis
1439 1518 1523 1544 etiam
1542 1517 1570 1545 id
1582 1516 1746 1544 confit-move
1760 1524 1823 1550 ιιι-ο-

1033 1567 1104 1595 clive
1121 1570 1172 1599 est,
1190 1573 1223 1592 ex
1241 1572 1272 1592 ea
1283 1564 1398 1592 circiter
1411 1568 1503 1595 aelate,
1518 1571 1550 1590 ac
1563 1563 1694 1597 deinceps
1719 1563 1822 1597 petitis.

1035 1620 1088 1647 qua
1103 1612 1215 1646 Glycam
1237 1611 1338 1638 vixisse
1360 1609 1649 1645 wroquamsimillime
1673 1610 1821 1637 credimus.

1036 1659 1105 1686 Ecce
1125 1658 1267 1686 Bessariou
1295 1656 1443 1685 cardinalis
1456 1676 1463 1685 .
1488 1657 1574 1691 patria
1598 1656 1798 1691 Trapezuutius
1812 1675 1823 1689 .

1035 1713 1107 1732 anno
1125 1704 1190 1731 H46
1219 1711 1249 1731 ac
1264 1704 1403 1738 deinceps,
1426 1702 1637 1730 archimamlrita
1651 1707 1710 1730 erat
1727 1710 1821 1729 mona-

1035 1749 1110 1778 sterii
1126 1749 1218 1777 Sancti
1234 1749 1384 1775 Salvatoris
1401 1749 1510 1783 Lingua:
1531 1747 1614 1775 Phari
1631 1748 1759 1775 Messana:
1770 1768 1777 1780 ,
1795 1754 1823 1774 et

1035 1795 1195 1822 monasterii
1225 1794 1274 1822 SS.
1294 1793 1368 1822 Petri
1384 1799 1412 1821 et
1428 1794 1506 1821 Pauli
1531 1794 1565 1821 de
1581 1794 1663 1829 Agre,
1684 1797 1712 1821 et
1729 1793 1820 1821 Sancti

1033 1841 1152 1876 Philippi
1172 1840 1292 1875 Maioris,
1306 1844 1334 1868 et
1358 1839 1450 1867 Sancti
1469 1840 1565 1875 Angcli
1588 1839 1622 1867 de
1647 1839 1738 1870 Brolo,
1759 1847 1821 1866 cum

1036 1887 1148 1922 insuper
1172 1893 1243 1915 esset
1261 1892 1399 1921 protector
1418 1886 1537 1913 universi
1555 1886 1663 1913 ordinis
1680 1885 1821 1916 Basiliani,

1034 1938 1065 1961 ut
1084 1934 1203 1969 Pyrrhus
1217 1933 1318 1960 citatus
1331 1933 1470 1960 memoriae
1486 1931 1617 1967 prodidit.
1645 1931 1726 1958 Anno
1751 1931 1818 1958 1551

1035 1979 1175 2007 Anatolius
1185 1978 1504 2013 Constantinopolitanus
1513 1978 1680 2011 monachus,
1695 1985 1748 2005 una
1758 1985 1820 2005 cum

1034 2026 1169 2053 monacho
1179 2026 1281 2059 pariter
1291 2024 1384 2052 Graeco
1397 2024 1534 2051 Basili-ano
1549 2024 1657 2055 Dovide,
1672 2030 1697 2050 ct
1710 2025 1824 2059 presby-

1035 2077 1094 2099 tero
1113 2072 1230 2106 quodam
1255 2071 1396 2098 societatis
1416 2070 1502 2100 Jesu’,
1527 2071 1553 2097 in
1578 2070 1642 2096 Sit‘ll
1659 2078 1671 2095 a
1703 2070 1820 2104 diploma

1037 2118 1143 2152 lingerii
1161 2118 1232 2152 regis
1251 2125 1324 2144 anno
1342 2117 1411 2144 1145
1423 2124 1596 2148 Comessum,
1613 2124 1668 2151 quo
1684 2125 1730 2143 rex
1755 2124 1822 2143 con-

1036 2165 1125 2190 firmat
1155 2163 1338 2190 Athanasium
1367 2163 1630 2194 hieromonaebum,
1665 2162 1820 2190 secundum

197 2205 281 2232 Graeci
296 2206 345 2238 ipsi
362 2206 525 2240 (quanquam
540 2205 637 2233 Sicilia
649 2206 713 2232 olim
729 2211 757 2232 et
771 2206 906 2236 Calabria.
919 2213 979 2240 qua:

1034 2210 1160 2237 abbatem
1186 2209 1303 2237 ωειιοῦἰί
1319 2209 1350 2237 S.
1376 2209 1493 2243 Philippi
1520 2209 1649 2244 Majoris.
1679 2209 1819 2237 describit.

197 2251 288 2286 Magna
302 2251 405 2279 Graecia
421 2259 530 2286 quoque
545 2252 616 2278 dicta
628 2256 669 2279 est
680 2273 686 2284 ,
701 2251 899 2279 (ii-:ecissanti-s
916 2260 980 2289 pro-

198 2298 292 2324 vincia:
317 2298 406 2334 erant)
435 2298 634 2332 philosophiam
657 2297 841 2327 Christianam
870 2300 981 2332 profite-

198 2344 305 2371 bantur.
322 2343 431 2370 Rochus
449 2344 569 2379 Pyrrhus
586 2344 612 2370 in
633 2352 690 2370 suae
714 2343 813 2370 Sicilia:
829 2343 919 2370 Suum:
951 2344 983 2370 li-

197 2390 246 2416 bro
273 2397 297 2415 tv
320 2389 430 2424 triginta
456 2389 652 2416 Basilianorum
681 2389 807 2416 cmiobia
839 2397 865 2415 ιιι
891 2389 982 2415 Sicilia

194 2435 354 2463 exsistemia
369 2442 494 2464 recenset
502 2441 584 2470 atque
597 2435 733 2466 describit,
743 2443 858 2470 quorum
869 2436 982 2470 plurima

199 2481 248 2508 sub
261 2481 443 2509 Constantino
456 2481 632 2517 Copronymo
653 2481 772 2508 excitata
787 2481 871 2509 fuisse
888 2482 984 2508 viden-

199 2534 252 2560 tur,
283 2537 343 2556 cum
382 2529 487 2557 scilicet
516 2529 560 2556 ille
587 2529 689 2564 impius
716 2529 864 2563 imperator
891 2529 982 2556 edicto

197 2575 366 2610 promulgata
393 2579 518 2602 vetuerat
546 2583 606 2602 esse
638 2575 784 2602 monachos
807 2575 833 2602 in
854 2575 981 2602 Oriente.

201 2618 276 2646 Tunc
287 2619 360 2647 enim
374 2620 472 2654 ingens
484 2622 683 2646 monachorum
698 2619 870 2647 orientalium
887 2621 981 2647 multi-

199 2665 265 2693 tudo
292 2673 351 2693 sese
366 2665 393 2693 in
417 2666 511 2693 urbem
540 2671 569 2693 et
597 2666 700 2693 Italiam
728 2665 837 2698 infudit,
863 2674 980 2701 quorum

200 2718 262 2737 cum
278 2710 368 2738 Graeca
381 2712 472 2747 lingua
485 2716 558 2739 esset
571 2711 726 2746 peculiaris,
742 2712 852 2739 eosdem
866 2713 893 2738 in
924 2720 981 2739 ιιιο-

201 2757 326 2783 nasteriis
355 2756 502 2784 collocatos
518 2757 603 2784 voluit
621 2757 722 2787 Paulus
745 2758 754 2785 I
770 2765 838 2792 papa
863 2766 894 2785 ea
912 2767 978 2792 pray-

200 2806 282 2833 stare,
298 2808 356 2835 quae
365 2804 572 2829 consuevissent
589 2803 615 2829 in
630 2805 802 2831 monasteriis
811 2804 941 2835 Orientis,
954 2809 982 2831 ct

203 2847 368 2883 psalmorum
380 2853 487 2880 cantus,
501 2850 605 2884 aliaque
620 2850 906 2878 officia-ecclesiastica
930 2858 979 2878 sua

360 2894 493 2926 ΡΑτιιοι.
509 2896 567 2928 Gn.
588 2897 720 2929 CLVIII.

1034 2253 1106 2290 quod
1127 2254 1155 2280 in
1171 2254 1255 2280 libros
1272 2253 1352 2288 regiae
1366 2253 1537 2280 cancellariie
1562 2252 1741 2280 transfertur.
1763 2252 1819 2279 lmo

1033 2308 1088 2327 non
1102 2299 1280 2327 dubitandum
1294 2299 1392 2333 lingua:
1404 2298 1505 2326 Gratum
1519 2303 1700 2334 pra-eeptores
1712 2299 1821 2332 aliquos

1035 2347 1062 2374 in
1088 2345 1246 2373 memoratis
1273 2345 1449 2372 monasteriis
1474 2352 1522 2379 per
1546 2353 1578 2371 ea
1606 2349 1727 2378 tempora
1748 2352 1819 2375 θςςυ,

1035 2393 1186 2428 praesertim
1223 2400 1285 2418 cum
1315 2392 1340 2418 in
1378 2390 1470 2418 Sicilia
1505 2396 1533 2418 et
1566 2391 1690 2418 Calabria
1728 2391 1820 2417 italica

1035 2439 1126 2474 lingua
1151 2439 1250 2473 passim
1271 2437 1440 2468 invaluissrt,
1468 2442 1496 2465 et
1519 2438 1604 2471 major
1623 2438 1819 2464 monachorum

1035 2493 1166 2512 luunch
1181 2490 1245 2512 tunc
1268 2485 1398 2518 temporis
1423 2486 1506 2512 Italus
1533 2484 1647 2517 fuisset;
1667 2489 1697 2511 ut
1717 2485 1820 2510 (ira-eis

1033 2532 1133 2559 litteris
1147 2531 1240 2558 animo
1253 2531 1461 2566 comprehensis
1478 2532 1605 2558 monachi
1617 2531 1708 2558 Cra-ca
1726 2531 1818 2565 lingua

1034 2578 1068 2605 de
1096 2585 1171 2605 more
1191 2577 1375 2605 ecclesiastica
1397 2577 1489 2604 ofﬁcia
1512 2577 1685 2611 perficerent.
1714 2577 1753 2604 Ex
1777 2575 1820 2602 his

1029 2632 1093 2652 esse
1117 2624 1205 2659 potuit
1224 2623 1337 2651 Michael
1354 2623 1461 2659 Glycas,
1478 2624 1523 2658 qui
1542 2623 1569 2650 in
1594 2623 1688 2651 codice
1706 2622 1817 2649 Riecar-

1033 2671 1116 2697 diano
1126 2671 1188 2697 ideo
1207 2670 1275 2697 forte
1293 2669 1489 2697 Grammaticus
1506 2661 1615 2697 dicitur.
1633 2669 1666 2696 Et
1679 2673 1753 2695 certe
1767 2668 1818 2694 bu-

1032 2716 1151 2750 justnndi
1189 2721 1373 2751 praeceptures
1397 2716 1568 2743 necessarios
1601 2714 1687 2741 fuisse
1714 2713 1818 2740 evincit

1033 2762 1115 2789 etiam
1131 2762 1167 2794 id,
1183 2762 1255 2796 quod
1273 2762 1372 2789 deinde
1384 2766 1561 2789 consecutum
1575 2765 1634 2791 est,
1650 2767 1724 2786 anno
1739 2760 1818 2794 vide-

1034 2806 1096 2832 bc<t
1123 2807 1187 2833 HS!
1207 2811 1332 2834 senatum
1361 2806 1563 2833 Messanensetn
1586 2812 1601 2831 a
1623 2803 1671 2831 Pio
1688 2804 1710 2832 ll
1739 2811 1816 2840 pont,

1034 2859 1105 2878 max.
1131 2852 1252 2886 petiisse,
1279 2857 1306 2880 et
1328 2852 1492 2883 obtinuisse,
1513 2855 1541 2878 ut
1560 2851 1699 2886 gymnasia
1725 2851 1816 2880 Greca

1630 2901 1649 2933 b
