1944 3072
185 181 262 204 sxm

786 175 852 209 ’ΒΕ
875 174 1073 208 MICIIAELE
1092 178 1210 208 GLYCA

1744 163 1824 202 ~X\'Iv

192 232 323 263 Messana:
349 241 399 270 pro
430 231 571 262 monachis
598 234 696 262 Cir.ch
710 255 717 267 ,
747 241 794 262 scu
821 234 959 269 Cal-thris
972 254 979 265 ,
996 237 1016 264 Α
1032 232 1156 260 Gnecum
1175 232 1321 260 Annalium
1346 232 1435 268 Glyco:
1451 232 1573 261 codicem
1590 238 1640 259 ms.
1669 231 1696 258 iu
1714 230 1825 258 Biblio-

192 281 281 309 consti
295 289 337 309 uta
354 282 515 316 praccptori
537 288 626 308 annua
641 281 766 308 mercede
780 288 926 308 aureorum
946 280 980 307 ευ

193 326 227 352 de
243 333 349 353 camera
377 325 507 353 solvenda
521 334 534 352 a
551 325 725 353 monasteriis
740 324 896 356 Basilianis,
924 325 980 351 cri-

192 377 334 405 gereutur;
352 372 424 407 quod
441 371 611 399 exsccutioni
627 371 811 399 mandandum
835 370 978 398 Bessarion

192 414 303 444 Ordinis
319 422 459 452 protector
486 418 585 445 litteris
612 418 703 445 [tenue
728 426 800 444 anno
825 418 979 452 insequenti

190 460 261 488 datis
289 462 393 495 edixit,
421 464 572 490 Athanasio
603 463 732 498 episcopo
754 460 921 491 'llieract-usi
942 469 980 490 -'et

190 506 353 540 quibusdam
373 508 517 536 abbatibus
549 510 682 538 scribens.
698 510 980 538 HincConstantinus

191 551 314 580 Lascaris
342 553 395 580 ΟΡ.
417 561 450 580 ex
466 554 564 582 litteris
587 556 750 590 protectoris
769 556 882 584 Ordinis
909 556 979 584 datis

189 596 286 625 Romae
302 599 471 633 pridieidus
487 600 646 629 Decembris
665 601 747 635 1467,
770 610 830 630 cum
854 602 979 630 mercede

190 650 282 670 annua
296 648 465 672 st-ulatorum
482 645 527 677 80,
543 654 603 680 qua:
623 647 729 675 solvere
747 651 906 675 tenerentur
920 655 979 675 mo-

191 689 311 716 nasteria
342 689 437 718 Gre-ca
464 691 582 725 Siciliae,
600 693 728 720 docendae
752 693 851 729 linguae
867 694 979 722 ‘Grtccte

192 734 348 768 praeﬁcitur.
367 737 446 768 Anno
465 738 530 766 1478
546 739 744 767 Constantinus
752 740 874 768 Lascaris
890 741 980 768 adhuc

191 780 218 806 in
232 780 325 808 Sicilia
344 781 470 816 docebat,
497 788 524 811 et
539 784 591 811 hoc
609 792 690 817 anno,
706 785 783 820 jussu
808 785 907 820 Egidii
927 785 980 814 Ro-

192 827 262 854 mani
279 827 384 855 abbatis
399 830 557 857 monasterii
572 830 622 858 SS.
633 830 706 858 Petri
720 837 745 858 et
760 831 833 858 Pauli
849 832 882 859 de
895 832 978 867 Agro,

191 879 207 899 e
223 872 320 901 Grmco
335 873 362 900 in
376 873 503 902 Latinum
522 877 656 904 convertit
672 877 833 912 primtevum
856 877 976 912 diplOma

191 917 360 946 l'undationis
378 924 406 947 et
420 920 568 949 delationis
582 921 655 949 illitis
672 922 787 950 emnobii
807 923 900 950 datum
928 931 977 950 an-

191 971 228 990 no
243 965 336 992 mundi
353 965 436 999 6625,
451 966 604 994 indictione
625 968 652 995 9.
670 968 750 995 Auno
774 969 878 1003 pariter
906 968 976 996 M99

195 1008 269 1036 idem
287 1008 412 1038 Lascaris
445 1010 539 1039 Latine
572 1012 825 1041 reddiditGrtecum
852 1013 975 1049 Diploma

184 1054 303 1089 :Rogerii
319 1057 439 1090 comitis,
458 1064 512 1091 quo
528 1057 550 1084 is
564 1060 679 1085 testatur
693 1063 769 1093 parta
781 1058 815 1086 de
833 1058 978 1086 Saracenis

161 1137 166 1140 ἱ
191 1100 306 1128 victoria
321 1101 453 1137 templum
477 1107 504 1129 ct
528 1103 684 1131 coenobium
702 1103 810 1132 Sancta:
837 1104 926 1132 Maria:
944 1105 978 1133 de

192 1146 248 1174 uiti
258 1147 415 1182 tediﬂcasse,
425 1153 453 1176 et
465 1148 489 1176 ei
500 1149 657 1177 Micltaelem
669 1150 794 1178 abbatem
811 1141 977 1186 piaret-isse.

190 1193 283 1220 datum
301 1201 374 1222 anno
389 1194 484 1222 mundi
500 1194 580 1228 6600,
596 1195 640 1223 die
655 1196 688 1224 10
711 1196 878 1231 Decembris,
906 1198 978 1225 iudi-

189 1238 281 1266 eiione
297 1238 341 1272 Η,
357 1239 459 1268 Christi
478 1240 559 1268 1092.
578 1241 630 1269 Sed
655 1242 698 1268 vix
713 1242 841 1270 dubitare
857 1251 977 1278 possum,

189 1285 256 1319 quin
274 1285 318 1312 hic
334 1286 392 1320 ipse
406 1285 530 1314 Lascaris
547 1292 574 1315 et
593 1293 656 1315 ante
672 1287 729 1315 haec
745 1292 867 1323 tempora
884 1289 911 1316 in
931 1289 978 1316 Si-

189 1329 252 1356 cilia
268 1335 296 1357 et
311 1330 435 1358 Calabria
453 1337 578 1359 versatus
593 1332 639 1367 sit,
665 1340 727 1360 cum
738 1334 849 1362 videam
863 1342 927 1362 eum
945 1335 979 1362 ii-

191 1377 270 1402 hrum
289 1376 324 1404 De
346 1376 469 1405 Calabris
484 1384 509 1405 et
531 1378 630 1406 Siculis
645 1380 817 1414 scriptoribus
843 1389 979 1413 exarasse,

189 1425 217 1448 et
236 1421 377 1456 Alphouso
393 1422 544 1459 Noapoleos
561 1425 628 1460 regi,
645 1425 691 1460 qui
707 1432 781 1454 anno
795 1426 863 1454 1458
876 1431 980 1455 natura:

190 1470 340 1503 concessit,
357 1472 580 1506 nuncupavisse;
607 1471 736 1505 quilihcr
767 1472 884 1500 habetur
909 1474 980 1509 apud

185 1513 359 1548 Fabricium,
388 1520 454 1544 tom.
476 1515 533 1544 XIV
552 1516 722 1545 Bibliotheca:
750 1518 861 1545 Graece.
892 1518 980 1553 Atque

1033 279 1111 306 theca
1126 279 1266 306 Saibantis
1283 278 1397 306 Veronae
1412 277 1556 309 asservari,
1574 281 1603 304 ut
1618 276 1709 311 prodit
1726 275 1754 303 in
1768 283 1825 303 sua

1039 323 1139 351 Verona
1153 324 1286 351 illmtrata
1303 323 1343 351 vir
1352 323 1484 351 doctrina:
1495 328 1522 350 et
1532 321 1693 350 eruditionis
1704 321 1826 348 immen-

1031 377 1068 397 sae
1083 369 1175 404 Scipio
1189 369 1312 397 Maﬂ'eitts
1323 369 1455 397 marchio.
1651 366 1653 368 ’

1066 414 1156 450 Glycae
1180 414 1306 449 Epistolte
1321 415 1398 450 juxta
1429 414 1587 442 Fabricium
1615 419 1761 440 numerum
1785 411 1824 439 50

1029 461 1151 496 explent,
1167 466 1234 496 quot
1249 460 1294 488 ille
1309 460 1424 488 credita
1436 459 1582 487 Lambecio
1601 459 1755 491 recenseri;
1767 458 1820 486 sed

1021 507 1116 535 .multo
1133 507 1236 542 [plures
1257 507 1302 534 ille
1324 511 1479 540 memorat,
1505 511 1532 533 et
1555 505 1588 533 ad
1611 511 1757 532 numerum
1783 504 1823 532 64

1017 554 1176 582 ascendere
1188 554 1314 586 allirmat,
1324 559 1351 581 ut
1359 554 1413 588 jam
1425 553 1451 580 in
1463 553 1550 588 prima
1561 551 1719 587 praefatione
1730 552 1820 580 anim-

1030 601 1145 628 adverti.
1162 600 1232 633 Quin
1264 600 1322 635 ipse
1344 600 1485 628 Fabricius
1516 600 1645 627 observat
1661 598 1773 627 Parisiis
1788 599 1819 626 in

1030 646 1192 673 bibliotheca
1211 646 1294 681 Regia
1306 646 1436 681 epistolas
1446 645 1481 674 92
1492 645 1631 672 Michaelis
1647 644 1737 681 Glycat
1747 652 1819 672 mss.

1026 691 1180 724 asservari;
1199 691 1257 726 ipse
1269 699 1335 719 vero
1351 691 1501 719 addiderim
1517 691 1606 727 Glycte
1631 690 1818 723 Epistolarum

1030 738 1162 770 codicem,
1181 744 1262 765 manu
1278 742 1431 770 exaratum,
1448 735 1529 772 quiin
1545 737 1699 772 Augustam
1712 736 1818 764 Biblio-

1030 785 1108 812 theca
1132 788 1231 816 exstat,
1257 788 1286 811 et
1308 783 1386 818 cujus
1413 782 1477 810 alibi
1505 782 1672 810 mentienem
1688 782 1818 813 fecimus,

1031 829 1097 856 mihi
1110 829 1223 856 missum
1235 833 1262 856 et
1277 828 1480 856 commodatum
1497 827 1542 859 iri,
1558 827 1580 855 si
1602 827 1694 859 velim,
1713 831 1742 855 ut
1759 834 1820 854 ou:—

1031 882 1079 901 ncs
1107 874 1272 908 describam,
1301 881 1377 909 spem
1396 874 1494 902 iecisse
1507 875 1549 901 vir
1561 873 1730 901 clarissimus
1756 873 1818 901 Jac.

1030 919 1167 957 Brukerus
1193 920 1379 955 Augustanus,
1413 919 1610 955 Caul‘byrensis
1637 918 1764 946 minister
1789 923 1820 945 et

1028 965 1187 993 scholarcba
1213 965 1335 992 doctrina
1357 965 1434 1000 juxta
1467 972 1499 992 ac
1520 964 1688 992 humanitate
1705 963 1819 998 prince}—

1029 1012 1105 1045 leus;
1121 1019 1202 1047 quem
1217 1012 1327 1046 quidem
1337 1011 1458 1039 nondum
1475 1016 1600 1039 senatum
1611 1010 1817 1045 illumampiis-

1028 1057 1127 1085 simum
1144 1057 1222 1093 petii,
1236 1057 1308 1093 quod
1325 1065 1421 1085 omnes
1438 1057 1491 1085 illa:
1506 1057 1549 1085 his
1562 1057 1722 1084 Deliciarum
1741 1063 1819 1083 mea-

1028 1111 1087 1130 rum
1101 1104 1236 1138 angustiis
1249 1103 1445 1139 comprehendi
1456 1111 1510 1131 non
1523 1103 1639 1138 possint,
1653 1109 1680 1144 u_t
1689 1102 1818 1130 materia—
1849 1111 1855 1113 ·

1028 1159 1088 1179 rum
1106 1151 1221 1179 varietas
1235 1150 1262 1178 iu
1280 1151 1313 1178 iis
1323 1150 1463 1185 promissa
1479 1154 1615 1178 servetur.
1640 1148 1817 1176 Metuorabilo

1028 1204 1056 1226 et
1069 1199 1177 1233 insigne
1189 1198 1356 1233 exemplum,
1369 1197 1441 1232 quod
1458 1197 1559 1224 multos
1571 1196 1666 1232 patria:
1683 1196 1817 1231 ingratos.

1029 1244 1128 1272 litteris
1144 1244 1281 1276 exitiales.
1311 1244 1417 1278 sibique
1442 1247 1470 1270 et
1495 1250 1552 1270 sua:
1582 1242 1662 1270 famae
1688 1241 1817 1269 inimicos

1030 1291 1140 1318 homunu
1151 1290 1237 1322 ioues,
1251 1290 1297 1324 qui
1311 1289 1345 1316 ad
1363 1288 1475 1316 inutiles
1485 1288 1537 1316 sibi
1553 1295 1618 1315 suas
1634 1286 1818 1314 bibliothecas

1029 1337 1097 1364 viris
1115 1336 1203 1364 doctis
1225 1335 1329 1363 aditum
1351 1334 1518 1370 prtecludere
1538 1333 1696 1365 sustinent,
1720 1332 1818 1359 merito

1029 1382 1134 1418 pudore
1154 1381 1306 1410 sun'undat.
1335 1381 1463 1415 Epistolas
1491 1380 1508 1408 5
1537 1380 1640 1415 Glycat,
1667 1384 1736 1414 quas
1763 1378 1817 1406 hoc

1031 1428 1170 1456 volumine
1183 1427 1284 1463 publici
1294 1427 1364 1462 juris
1377 1427 1458 1460 facio,
1470 1425 1680 1461 partiurJoauni
1699 1424 1819 1459 Aspiotte

1031 1472 1177 1506 monacho,
1191 1472 1289 1507 partim
1306 1471 1384 1499 [snite
1411 1471 1515 1506 pariter
1538 1471 1675 1497 monacho
1691 1469 1819 1497 scribun-

1033 1524 1087 1546 tur.
1100 1518 1167 1552 Quis
1186 1518 1221 1545 sit
1234 1517 1354 1545 Joannes
1377 1517 1423 1544 ille
1441 1516 1568 1552 Aspiotas
1585 1517 1679 1552 ignoro
1695 1522 1816 1550 prorsus.

192 1561 251 1588 lucc
268 1561 359 1596 quoad
386 1561 475 1598 Glycae
495 1568 602 1590 aetatem
621 1569 648 1591 ct
676 1564 791 1598 patriam
817 1565 887 1592 dicta
914 1565 977 1592 sint.
994 1573 1016 1603 α
1033 1564 1105 1592 idem
1126 1563 1277 1599 proferrem
1292 1563 1326 1591 de
1351 1563 1486 1590 monacho
1510 1562 1597 1596 Isaia,
1613 1562 1666 1590 nisi
1682 1561 1745 1589 Cas.
1760 1561 1818 1589 Ou-

191 1605 282 1639 Nunc,
296 1606 376 1634 aliam
396 1607 583 1642 praefationem
597 1611 681 1636 etiam
701 1610 728 1637 in
746 1610 797 1637 hoc
812 1610 977 1644 suppleturi,

191 1651 407 1680 memorabimus
422 1653 563 1681 Michaelis
582 1654 670 1689 Glyca:
690 1655 726 1682 De
744 1655 904 1682 Pmniteutia
923 1656 979 1683 Sa-

194 1697 306 1724 lomonis
336 1703 482 1726 tractatum
499 1719 507 1731 ,
534 1707 618 1726 unum
649 1700 755 1727 illorum
784 1701 979 1736 opusculorum

193 1742 292 1776 fuisse,
314 1751 375 1779 quze
402 1743 519 1772 Allatius
540 1745 609 1772 libro
625 1753 653 1773 tv
680 1754 792 1773 suorum
818 1745 981 1782 Symnn‘cton

191 1789 315 1819 inserere
330 1790 525 1825 meditabatur,
541 1797 569 1819 ut
584 1792 656 1827 apud
672 1792 827 1820 Fabricium
839 1793 979 1820 laudatum

183 1836 276 1864 citato
300 1841 375 1865 tumo
398 1837 495 1865 videre
508 1843 571 1869 est:
591 1838 638 1873 qui
664 1839 736 1866 forte
763 1839 801 1865 nil
828 1839 902 1865 aliud
927 1843 979 1869 est,

191 1890 272 1918 quam
295 1891 347 1912 uua
357 1892 396 1912 ex
420 1883 509 1920 Glycae
533 1884 673 1920 Epistolis.
698 1885 814 1920 insuper
838 1892 980 1911 monemus

206 1999 359 2007 μή...

1029 1610 1112 1638 diuus
1132 1609 1237 1644 opinari
1263 1609 1404 1636 videretur
1430 1616 1491 1636 esse
1515 1608 1642 1636 eumdem
1667 1615 1700 1635 ac
1718 1607 1817 1634 isaiam

1028 1657 1116 1689 illum,
1129 1655 1208 1690 cujus
1230 1655 1378 1690 Epistolam
1394 1659 1488 1683 contra
1506 1654 1648 1682 Nicolaum
1665 1653 1817 1688 Sclengium

1029 1703 1071 1730 De
1094 1702 1257 1736 precatione
1280 1701 1397 1736 Spiritus
1428 1701 1525 1731 sancti.
1552 1700 1679 1735 producit
1703 1699 1818 1727 Allatius

1030 1753 1096 1775 tom.
1116 1748 1126 1775 l
1143 1746 1256 1774 (ἓν-(τοίω
1281 1747 1452 1779 orthodoxa;
1467 1751 1495 1774 et
1509 1747 1556 1780 qui
1580 1753 1652 1773 anno
1669 1745 1735 1772 “30
1756 1752 1818 1779 pro-

1030 1793 1156 1821 babiliter
1170 1793 1293 1824 ﬂorebat,
1307 1797 1336 1819 ut
1348 1792 1498 1820 observant
1513 1792 1662 1820 Wartonus
1681 1796 1708 1818 et
1724 1790 1819 1818 Fabri-

1029 1839 1100 1866 cius.
1119 1839 1168 1865 ilic
1183 1838 1265 1865 Isaias
1281 1838 1437 1872 appellatur
1453 1838 1538 1865 etiam
1565 1845 1654 1865 [nonat
1665 1837 1717 1864 itus
1732 1841 1760 1864 et
1770 1836 1818 1863 de.

1031 1884 1171 1915 tuesticus,
1192 1888 1220 1910 ut
1238 1883 1293 1918 jam
1311 1884 1463 1911 innuimus.

770 2083 1249 2142 DISSERTATIO

553 2195 607 2226 DE
625 2195 772 2228 ᾸΞΤΛΤΕ
791 2197 841 2227 ΕΤ
863 2197 980 2228 SCRIP'

1031 2198 1036 2227 ἱ
1062 2197 1282 2228 MICHAELIS
1302 2196 1460 2229 GLYCE.

656 2279 719 2311 (Cas.
736 2280 821 2305 Ouum.
839 2281 871 2305 De
884 2279 969 2311 script.
981 2279 1076 2310 cedes,
1095 2284 1152 2305 tom.
1168 2279 1212 2310 lli,
1229 2281 1277 2306 col.
1293 2279 1375 2312 2521.)

488 2430 648 2460 PROLOGO
653 2431 681 2459 S.

231 2480 346 2508 Michael
362 2479 469 2516 Glycas,
489 2479 600 2506 natione
614 2477 734 2508 Siculus,
755 2483 810 2516 non
830 2476 881 2502 sub
890 2475 984 2503 Alexio

197 2533 222 2556 ct
240 2526 345 2555 Joanne
375 2524 522 2553 Comnenis
554 2523 764 2559 i-upcratoribus
792 2515 986 2550 Constantino-

197 2573 325 2611 politanis
341 2574 446 2604 vivens,
466 2576 495 2599 ut
511 2571 590 2606 vulgo
617 2571 746 2602 creditur,
774 2569 821 2597 sed
845 2569 895 2597 sub
911 2569 985 2596 Con-

197 2620 318 2649 stantino
330 2618 587 2652 Paltnologoultimo
616 2617 662 2644 illo
679 2617 844 2651 imperatore
871 2615 905 2642 ad
936 2623 985 2642 au-

197 2675 261 2695 utvm
278 2667 347 2694 “50
363 2666 464 2697 clarus,
488 2664 597 2699 scripsit
611 2670 683 2690 anno
706 2662 875 2697 incomperta
890 2662 983 2688 Attua-

199 2720 233 2742 tcs
248 2713 469 2750 quadripartitos,
500 2718 569 2746 opus
602 2717 656 2736 non
681 2709 761 2736 modo
794 2708 984 2742 theologicam,

199 2761 246 2787 sed
262 2766 289 2788 ct
307 2760 449 2796 physicum
465 2762 493 2785 et
508 2756 680 2784 historicum.
711 2754 801 2781 Prima
819 2751 901 2790 parte
930 2753 986 2788 agit

200 2808 235 2834 de
251 2814 334 2840 opere
350 2814 396 2834 sex
418 2805 535 2832 dierum.
562 2802 654 2829 Altera
678 2801 711 2828 de
735 2801 816 2828 rebus
842 2800 926 2835 gestis
952 2800 986 2826 ab

199 2851 266 2879 orbe
292 2851 402 2879 condito
415 2857 501 2886 usque
516 2849 548 2876 ad
561 2847 702 2876 Christum
714 2851 818 2874 natum.
835 2845 925 2872 Tertia
943 2853 986 2872 res

201 2901 292 2933 gestas
307 2905 320 2924 a
337 2898 446 2925 Christo
460 2903 545 2932 usque
580 2893 615 2922 ad
629 2893 836 2921 Constantinum
862 2892 985 2928 Magnum

996 2431 1023 2460 Β
1036 2431 1217 2467 prosequitur.
1228 2430 1328 2464 Quarta
1344 2437 1386 2458 res
1397 2433 1494 2467 tractat
1509 2427 1716 2463 Byzantinorum
1731 2428 1815 2464 impc-

1035 2466 1154 2505 ratomm
1167 2483 1252 2511 usque
1265 2477 1298 2503 ad
1313 2466 1516 2503 obitutitAlexii
1531 2474 1674 2507 Comneni,
1688 2475 1734 2510 qui
1748 2483 1817 2502 anno

1036 2523 1104 2551 1118
1116 2523 1245 2554 moriens.
1277 2522 1411 2550 Joannem
1434 2521 1605 2549 Comncnum
1632 2528 1815 2549 successori-ui

1035 2569 1137 2596 habuit.
1155 2568 1257 2595 Exinde
1269 2575 1355 2602 usque
1368 2567 1401 2594 ad
1416 2573 1521 2602 captam
1537 2574 1550 2593 a
1568 2566 1672 2594 Latinis
1685 2566 1817 2594 Constan-

1034 2613 1174 2649 tinopolim
1188 2613 1342 2649 perstringit
1358 2621 1401 2640 res
1420 2612 1581 2647 Byzantinos
1591 2612 1710 2640 Joannes
1729 2611 1817 2639 Leon.

1037 2659 1149 2692 clavius,
1163 2659 1209 2694 qui
1224 2663 1251 2685 et
1264 2659 1367 2693 primus
1383 2657 1471 2693 Glyca:
1497 2657 1752 2693 interpretationem
1769 2666 1816 2685 no-

1036 2706 1077 2734 bis
1093 2705 1175 2737 dedit,
1196 2704 1319 2737 Basileut,
1336 2703 1496 2737 annoibﬂ,
1511 2704 1538 2731 in
1553 2703 1579 2736 8,
1597 2704 1666 2738 typis
1683 2703 1816 2739 Episcopii

1036 2753 1146 2780 editam.
1165 2751 1285 2778 Habetur
1299 2755 1389 2776 autem
1419 2749 1514 2777 eadem
1538 2749 1656 2777 Historia
1674 2749 1768 2778 Griecc
1792 2756 1817 2778 ct

1038 2798 1131 2826 Latine
1145 2798 1172 2825 in
1199 2795 1264 2824 folio
1284 2796 1353 2823 inter
1372 2795 1526 2823 Historicos
1555 2796 1719 2832 Byttantinos
1740 2795 1816 2823 Pari-

1036 2845 1086 2873 siis
1099 2852 1131 2871 ex
1147 2841 1324 2879 typograpltia
1341 2841 1434 2876 Regia,
1461 2849 1522 2869 cum
1547 2841 1769 2876 interpretatione
1793 2847 1817 2870 et

1036 2891 1108 2919 notis
1123 2888 1240 2925 Philippi
1259 2887 1370 2921 Labbt-i,
1388 2887 1421 2915 de
1439 2894 1493 2922 quo
1509 2891 1564 2915 tam
1581 2895 1653 2923 saepe
1672 2887 1815 2921 loquimur.
