  <div class='ocr_page' id='page_1' title='image "/cluster/home/n/w/nwhite01/storage/ocr_20150623/158/njp.32101077773230/024.png"; bbox 0 0 1944 3072; ppageno 0'>
   <div class='ocr_carea' id='block_1_1' title="bbox 172 130 239 151">
    <p class='ocr_par' dir='ltr' id='par_1_1' title="bbox 172 130 239 151">
     <span class='ocr_line' id='line_1_1' title="bbox 172 130 239 151; baseline -0.015 -2"><span class='ocrx_word' id='word_1_1' title='bbox 172 130 239 151; x_wconf 62' lang='grc' dir='ltr'><strong>ΧΧΠ.</strong></span> 
     </span>
    </p>
   </div>
   <div class='ocr_carea' id='block_1_2' title="bbox 849 121 1139 151">
    <p class='ocr_par' dir='ltr' id='par_1_2' title="bbox 849 121 1139 151">
     <span class='ocr_line' id='line_1_2' title="bbox 849 121 1139 151; baseline 0.01 -3"><span class='ocrx_word' id='word_1_2' title='bbox 849 121 925 150; x_wconf 68' lang='lat' dir='ltr'><strong>CAS.</strong></span> <span class='ocrx_word' id='word_1_3' title='bbox 949 121 1139 151; x_wconf 65' lang='lat' dir='ltr'><strong>OUlttNUS.</strong></span> 
     </span>
    </p>
   </div>
   <div class='ocr_carea' id='block_1_3' title="bbox 1740 125 1792 144">
    <p class='ocr_par' dir='ltr' id='par_1_3' title="bbox 1740 125 1792 144">
     <span class='ocr_line' id='line_1_3' title="bbox 1740 125 1792 144; baseline -0.019 0"><span class='ocrx_word' id='word_1_4' title='bbox 1740 125 1792 144; x_wconf 61' lang='lat' dir='ltr'><strong>Xl“</strong></span> 
     </span>
    </p>
   </div>
   <div class='ocr_carea' id='block_1_4' title="bbox 173 173 1796 209">
    <p class='ocr_par' dir='ltr' id='par_1_4' title="bbox 173 173 1796 209">
     <span class='ocr_line' id='line_1_4' title="bbox 173 173 1796 209; baseline -0.006 -1"><span class='ocrx_word' id='word_1_5' title='bbox 173 181 216 208; x_wconf 66' lang='lat' dir='ltr'><strong>lib.</strong></span> <span class='ocrx_word' id='word_1_6' title='bbox 245 188 261 206; x_wconf 82' lang='grc' dir='ltr'>ν</span> <span class='ocrx_word' id='word_1_7' title='bbox 288 177 558 206; x_wconf 72' lang='lat' dir='ltr'><strong>Commentariorum</strong></span> <span class='ocrx_word' id='word_1_8' title='bbox 591 176 637 204; x_wconf 81' lang='lat' dir='ltr'><strong>lol.</strong></span> <span class='ocrx_word' id='word_1_9' title='bbox 659 177 692 204; x_wconf 72' lang='lat'><strong>30</strong></span> <span class='ocrx_word' id='word_1_10' title='bbox 728 175 819 203; x_wconf 74' lang='lat' dir='ltr'><strong>laudat</strong></span> <span class='ocrx_word' id='word_1_11' title='bbox 843 175 944 203; x_wconf 82' lang='lat' dir='ltr'><strong>Lanbe</strong></span> <span class='ocrx_word' id='word_1_12' title='bbox 974 178 996 208; x_wconf 83' lang='lat' dir='ltr'><strong>A</strong></span> <span class='ocrx_word' id='word_1_13' title='bbox 1047 176 1100 203; x_wconf 72' lang='lat' dir='ltr'><strong>Nec</strong></span> <span class='ocrx_word' id='word_1_14' title='bbox 1116 177 1226 209; x_wconf 80' lang='lat' dir='ltr'><strong>jmatur</strong></span> <span class='ocrx_word' id='word_1_15' title='bbox 1245 174 1540 209; x_wconf 75' lang='lat' dir='ltr'><strong>etiaminmnjeetura</strong></span> <span class='ocrx_word' id='word_1_16' title='bbox 1571 181 1619 201; x_wconf 87' lang='lat' dir='ltr'><strong>sua</strong></span> <span class='ocrx_word' id='word_1_17' title='bbox 1637 173 1664 200; x_wconf 95' lang='lat' dir='ltr'><strong>in</strong></span> <span class='ocrx_word' id='word_1_18' title='bbox 1683 173 1796 199; x_wconf 66' lang='lat' dir='ltr'><strong>lunam</strong></span> 
     </span>
    </p>
   </div>
   <div class='ocr_carea' id='block_1_5' title="bbox 171 222 954 260">
    <p class='ocr_par' dir='ltr' id='par_1_5' title="bbox 171 222 954 260">
     <span class='ocr_line' id='line_1_5' title="bbox 171 222 954 260; baseline -0.008 -6"><span class='ocrx_word' id='word_1_19' title='bbox 171 227 239 257; x_wconf 84' lang='lat' dir='ltr'><strong>eius.</strong></span> <span class='ocrx_word' id='word_1_20' title='bbox 261 232 376 260; x_wconf 88' lang='lat' dir='ltr'><strong>quorum</strong></span> <span class='ocrx_word' id='word_1_21' title='bbox 401 223 476 259; x_wconf 80' lang='lat' dir='ltr'><strong>prior</strong></span> <span class='ocrx_word' id='word_1_22' title='bbox 490 222 624 258; x_wconf 84' lang='lat' dir='ltr'><strong>Epistolas</strong></span> <span class='ocrx_word' id='word_1_23' title='bbox 642 231 668 254; x_wconf 71' lang='grc' dir='ltr'><strong>ι,</strong></span> <span class='ocrx_word' id='word_1_24' title='bbox 685 222 752 249; x_wconf 77' lang='lat' dir='ltr'><strong>alter</strong></span> <span class='ocrx_word' id='word_1_25' title='bbox 764 229 806 248; x_wconf 77' lang='lat' dir='ltr'><strong>er</strong></span> <span class='ocrx_word' id='word_1_26' title='bbox 821 222 954 254; x_wconf 81' lang='lat' dir='ltr'><strong>continet,</strong></span> 
     </span>
    </p>
   </div>
   <div class='ocr_carea' id='block_1_6' title="bbox 173 268 958 305">
    <p class='ocr_par' dir='ltr' id='par_1_6' title="bbox 173 268 958 305">
     <span class='ocr_line' id='line_1_6' title="bbox 173 268 958 305; baseline -0.006 -6"><span class='ocrx_word' id='word_1_27' title='bbox 173 269 451 305; x_wconf 72' lang='lat' dir='ltr'><strong>Michaclemciycam</strong></span> <span class='ocrx_word' id='word_1_28' title='bbox 463 273 604 297; x_wconf 80' lang='lat' dir='ltr'><strong>auctorem</strong></span> <span class='ocrx_word' id='word_1_29' title='bbox 635 268 793 302; x_wconf 65' lang='lat' dir='ltr'><strong>praeterunt,</strong></span> <span class='ocrx_word' id='word_1_30' title='bbox 821 269 872 296; x_wconf 86' lang='lat' dir='ltr'><strong>hoc</strong></span> <span class='ocrx_word' id='word_1_31' title='bbox 889 268 958 295; x_wconf 87' lang='lat' dir='ltr'><strong>lem-</strong></span> 
     </span>
    </p>
   </div>
   <div class='ocr_carea' id='block_1_7' title="bbox 173 312 956 350">
    <p class='ocr_par' dir='ltr' id='par_1_7' title="bbox 173 312 956 350">
     <span class='ocr_line' id='line_1_7' title="bbox 173 312 956 350; baseline -0.008 -6"><span class='ocrx_word' id='word_1_32' title='bbox 173 323 263 344; x_wconf 77' lang='lat' dir='ltr'><strong>utate:</strong></span> <span class='ocrx_word' id='word_1_33' title='bbox 281 316 334 343; x_wconf 78' lang='grc' dir='ltr'>Τοῦ</span> <span class='ocrx_word' id='word_1_34' title='bbox 356 316 514 350; x_wconf 76' lang='grc' dir='ltr'><strong>σοφωτάτου</strong></span> <span class='ocrx_word' id='word_1_35' title='bbox 530 316 577 341; x_wconf 71' lang='grc' dir='ltr'><strong>καὶ</strong></span> <span class='ocrx_word' id='word_1_36' title='bbox 603 314 770 348; x_wconf 70' lang='grc' dir='ltr'><strong>λογιωτάτου</strong></span> <span class='ocrx_word' id='word_1_37' title='bbox 792 312 877 348; x_wconf 81' lang='grc' dir='ltr'><strong>χυροῦ</strong></span> <span class='ocrx_word' id='word_1_38' title='bbox 891 313 956 347; x_wconf 79' lang='grc' dir='ltr'><strong>ΙΜι-</strong></span> 
     </span>
    </p>
   </div>
   <div class='ocr_carea' id='block_1_8' title="bbox 171 358 956 396">
    <p class='ocr_par' dir='ltr' id='par_1_8' title="bbox 171 358 956 396">
     <span class='ocr_line' id='line_1_8' title="bbox 171 358 956 396; baseline -0.005 -9"><span class='ocrx_word' id='word_1_39' title='bbox 171 361 238 396; x_wconf 64' lang='grc' dir='ltr'><strong>χαὴλ</strong></span> <span class='ocrx_word' id='word_1_40' title='bbox 267 360 313 386; x_wconf 74' lang='grc' dir='ltr'><strong>τοῦ</strong></span> <span class='ocrx_word' id='word_1_41' title='bbox 336 360 428 386; x_wconf 81' lang='grc' dir='ltr'><strong>Γλυκᾶ</strong></span> <span class='ocrx_word' id='word_1_42' title='bbox 444 360 484 390; x_wconf 76' lang='grc' dir='ltr'><strong>εἰς</strong></span> <span class='ocrx_word' id='word_1_43' title='bbox 511 360 561 390; x_wconf 69' lang='grc' dir='ltr'><strong>τὰς</strong></span> <span class='ocrx_word' id='word_1_44' title='bbox 575 358 693 394; x_wconf 68' lang='grc' dir='ltr'><strong>ἀπορίας</strong></span> <span class='ocrx_word' id='word_1_45' title='bbox 716 359 764 394; x_wconf 77' lang='grc' dir='ltr'><strong>τῆς</strong></span> <span class='ocrx_word' id='word_1_46' title='bbox 790 358 866 389; x_wconf 70' lang='grc' dir='ltr'><strong>θείας</strong></span> <span class='ocrx_word' id='word_1_47' title='bbox 886 358 956 392; x_wconf 74' lang='grc' dir='ltr'><strong>Γρι‹</strong></span> 
     </span>
    </p>
   </div>
   <div class='ocr_carea' id='block_1_9' title="bbox 172 403 955 441">
    <p class='ocr_par' dir='ltr' id='par_1_9' title="bbox 172 403 955 441">
     <span class='ocr_line' id='line_1_9' title="bbox 172 403 955 441; baseline -0.004 -8"><span class='ocrx_word' id='word_1_48' title='bbox 172 407 235 441; x_wconf 75' lang='grc' dir='ltr'><strong>φῆς.</strong></span> <span class='ocrx_word' id='word_1_49' title='bbox 255 405 501 433; x_wconf 78' lang='lat' dir='ltr'><strong>Laudanturctiam</strong></span> <span class='ocrx_word' id='word_1_50' title='bbox 512 413 527 432; x_wconf 91' lang='lat' dir='ltr'><strong>a</strong></span> <span class='ocrx_word' id='word_1_51' title='bbox 537 405 660 432; x_wconf 83' lang='lat' dir='ltr'><strong>Gesnero</strong></span> <span class='ocrx_word' id='word_1_52' title='bbox 671 404 722 432; x_wconf 87' lang='lat' dir='ltr'><strong>sub</strong></span> <span class='ocrx_word' id='word_1_53' title='bbox 731 404 841 431; x_wconf 77' lang='lat' dir='ltr'><strong>neruine</strong></span> <span class='ocrx_word' id='word_1_54' title='bbox 857 403 955 440; x_wconf 55' lang='grc' dir='ltr'><strong>ϐινοίη,</strong></span> 
     </span>
    </p>
   </div>
   <div class='ocr_carea' id='block_1_10' title="bbox 171 450 956 485">
    <p class='ocr_par' dir='ltr' id='par_1_10' title="bbox 171 450 956 485">
     <span class='ocr_line' id='line_1_10' title="bbox 171 450 956 485; baseline -0.005 -5"><span class='ocrx_word' id='word_1_55' title='bbox 171 458 201 480; x_wconf 76' lang='lat' dir='ltr'><strong>ut</strong></span> <span class='ocrx_word' id='word_1_56' title='bbox 213 457 244 480; x_wconf 73' lang='lat' dir='ltr'><strong>et</strong></span> <span class='ocrx_word' id='word_1_57' title='bbox 255 453 290 479; x_wconf 86' lang='lat' dir='ltr'><strong>ab</strong></span> <span class='ocrx_word' id='word_1_58' title='bbox 304 451 457 479; x_wconf 56' lang='lat' dir='ltr'><strong>liteschelio</strong></span> <span class='ocrx_word' id='word_1_59' title='bbox 484 459 516 478; x_wconf 83' lang='lat' dir='ltr'><strong>ex</strong></span> <span class='ocrx_word' id='word_1_60' title='bbox 538 450 701 477; x_wconf 72' lang='lat' dir='ltr'><strong>bibliotheca</strong></span> <span class='ocrx_word' id='word_1_61' title='bbox 723 450 882 485; x_wconf 81' lang='lat' dir='ltr'><strong>Augustana</strong></span> <span class='ocrx_word' id='word_1_62' title='bbox 910 456 956 476; x_wconf 91' lang='lat' dir='ltr'><strong>eo-</strong></span> 
     </span>
    </p>
   </div>
   <div class='ocr_carea' id='block_1_11' title="bbox 171 495 958 530">
    <p class='ocr_par' dir='ltr' id='par_1_11' title="bbox 171 495 958 530">
     <span class='ocr_line' id='line_1_11' title="bbox 171 495 958 530; baseline -0.004 -5"><span class='ocrx_word' id='word_1_63' title='bbox 171 498 231 526; x_wconf 85' lang='lat' dir='ltr'><strong>dem</strong></span> <span class='ocrx_word' id='word_1_64' title='bbox 243 498 334 528; x_wconf 82' lang='lat' dir='ltr'><strong>titulo.</strong></span> <span class='ocrx_word' id='word_1_65' title='bbox 355 502 381 524; x_wconf 86' lang='lat' dir='ltr'><strong>et</strong></span> <span class='ocrx_word' id='word_1_66' title='bbox 393 505 408 524; x_wconf 76' lang='grc' dir='ltr'><strong>ει</strong></span> <span class='ocrx_word' id='word_1_67' title='bbox 423 496 526 523; x_wconf 78' lang='lat' dir='ltr'><strong>Jacobo</strong></span> <span class='ocrx_word' id='word_1_68' title='bbox 543 496 677 527; x_wconf 73' lang='lat' dir='ltr'><strong>Pontiano,</strong></span> <span class='ocrx_word' id='word_1_69' title='bbox 691 496 737 530; x_wconf 81' lang='lat' dir='ltr'><strong>qui</strong></span> <span class='ocrx_word' id='word_1_70' title='bbox 758 495 863 530; x_wconf 83' lang='lat' dir='ltr'><strong>priores</strong></span> <span class='ocrx_word' id='word_1_71' title='bbox 889 495 958 523; x_wconf 84' lang='lat' dir='ltr'><strong>duas</strong></span> 
     </span>
    </p>
   </div>
   <div class='ocr_carea' id='block_1_12' title="bbox 171 541 958 575">
    <p class='ocr_par' dir='ltr' id='par_1_12' title="bbox 171 541 958 575">
     <span class='ocr_line' id='line_1_12' title="bbox 171 541 958 575; baseline -0.006 -3"><span class='ocrx_word' id='word_1_72' title='bbox 171 544 265 572; x_wconf 87' lang='lat' dir='ltr'><strong>Latine</strong></span> <span class='ocrx_word' id='word_1_73' title='bbox 281 543 408 571; x_wconf 77' lang='lat' dir='ltr'><strong>reddidit.</strong></span> <span class='ocrx_word' id='word_1_74' title='bbox 428 542 480 569; x_wconf 76' lang='lat' dir='ltr'><strong>Sed</strong></span> <span class='ocrx_word' id='word_1_75' title='bbox 497 547 524 569; x_wconf 83' lang='lat' dir='ltr'><strong>et</strong></span> <span class='ocrx_word' id='word_1_76' title='bbox 540 541 572 568; x_wconf 89' lang='lat' dir='ltr'><strong>ad</strong></span> <span class='ocrx_word' id='word_1_77' title='bbox 587 541 689 568; x_wconf 65' lang='lat' dir='ltr'><strong>calcem</strong></span> <span class='ocrx_word' id='word_1_78' title='bbox 727 541 831 568; x_wconf 80' lang='lat' dir='ltr'><strong>codicis</strong></span> <span class='ocrx_word' id='word_1_79' title='bbox 865 546 958 575; x_wconf 88' lang='lat' dir='ltr'><strong>poste-</strong></span> 
     </span>
    </p>
   </div>
   <div class='ocr_carea' id='block_1_13' title="bbox 172 586 958 620">
    <p class='ocr_par' dir='ltr' id='par_1_13' title="bbox 172 586 958 620">
     <span class='ocr_line' id='line_1_13' title="bbox 172 586 958 620; baseline -0.006 -4"><span class='ocrx_word' id='word_1_80' title='bbox 172 591 255 616; x_wconf 74' lang='lat' dir='ltr'><strong>rioris</strong></span> <span class='ocrx_word' id='word_1_81' title='bbox 287 588 403 616; x_wconf 68' lang='lat' dir='ltr'><strong>Caesarei</strong></span> <span class='ocrx_word' id='word_1_82' title='bbox 436 588 495 614; x_wconf 68' lang='lat' dir='ltr'><strong>hanc</strong></span> <span class='ocrx_word' id='word_1_83' title='bbox 522 587 706 614; x_wconf 86' lang='lat' dir='ltr'><strong>scribuntur:</strong></span> <span class='ocrx_word' id='word_1_84' title='bbox 742 586 828 613; x_wconf 77' lang='grc' dir='ltr'><strong>Τοῦτο</strong></span> <span class='ocrx_word' id='word_1_85' title='bbox 856 586 958 620; x_wconf 76' lang='grc' dir='ltr'><strong>βιὸλῐον</strong></span> 
     </span>
    </p>
   </div>
   <div class='ocr_carea' id='block_1_14' title="bbox 123 631 958 669">
    <p class='ocr_par' dir='ltr' id='par_1_14' title="bbox 123 631 958 669">
     <span class='ocr_line' id='line_1_14' title="bbox 123 631 958 669; baseline -0.004 -8"><span class='ocrx_word' id='word_1_86' title='bbox 123 631 126 633; x_wconf 50' lang='grc'>“</span> <span class='ocrx_word' id='word_1_87' title='bbox 171 635 291 669; x_wconf 71' lang='grc' dir='ltr'>ὑπάρχει</span> <span class='ocrx_word' id='word_1_88' title='bbox 308 633 417 669; x_wconf 73' lang='grc' dir='ltr'><strong>Μιχαὴλ</strong></span> <span class='ocrx_word' id='word_1_89' title='bbox 431 633 479 659; x_wconf 71' lang='grc' dir='ltr'><strong>τοῦ</strong></span> <span class='ocrx_word' id='word_1_90' title='bbox 505 633 604 659; x_wconf 79' lang='grc' dir='ltr'><strong>Γλυκᾶ.</strong></span> <span class='ocrx_word' id='word_1_91' title='bbox 624 632 781 660; x_wconf 81' lang='lat' dir='ltr'><strong>Promiscue</strong></span> <span class='ocrx_word' id='word_1_92' title='bbox 796 640 860 659; x_wconf 72' lang='lat' dir='ltr'><strong>vero</strong></span> <span class='ocrx_word' id='word_1_93' title='bbox 875 632 958 659; x_wconf 82' lang='lat' dir='ltr'><strong>hasce</strong></span> 
     </span>
    </p>
   </div>
   <div class='ocr_carea' id='block_1_15' title="bbox 171 678 958 715">
    <p class='ocr_par' dir='ltr' id='par_1_15' title="bbox 171 678 958 715">
     <span class='ocr_line' id='line_1_15' title="bbox 171 678 958 715; baseline -0.004 -8"><span class='ocrx_word' id='word_1_94' title='bbox 171 680 306 715; x_wconf 56' lang='lat' dir='ltr'><strong>l&#39;pislolas</strong></span> <span class='ocrx_word' id='word_1_95' title='bbox 318 681 368 706; x_wconf 89' lang='lat' dir='ltr'><strong>sub</strong></span> <span class='ocrx_word' id='word_1_96' title='bbox 385 678 495 706; x_wconf 87' lang='lat' dir='ltr'><strong>nomine</strong></span> <span class='ocrx_word' id='word_1_97' title='bbox 519 678 634 706; x_wconf 67' lang='lat' dir='ltr'><strong>Zonaras</strong></span> <span class='ocrx_word' id='word_1_98' title='bbox 661 679 720 705; x_wconf 82' lang='lat' dir='ltr'><strong>sive</strong></span> <span class='ocrx_word' id='word_1_99' title='bbox 735 678 822 714; x_wconf 71' lang='lat' dir='ltr'><strong>Glyco:</strong></span> <span class='ocrx_word' id='word_1_100' title='bbox 849 685 958 712; x_wconf 74' lang='lat' dir='ltr'><strong>semper</strong></span> 
     </span>
    </p>
   </div>
   <div class='ocr_carea' id='block_1_16' title="bbox 169 723 957 759">
    <p class='ocr_par' dir='ltr' id='par_1_16' title="bbox 169 723 957 759">
     <span class='ocr_line' id='line_1_16' title="bbox 169 723 957 759; baseline -0.005 -6"><span class='ocrx_word' id='word_1_101' title='bbox 169 727 260 754; x_wconf 93' lang='lat' dir='ltr'><strong>laudat</strong></span> <span class='ocrx_word' id='word_1_102' title='bbox 274 725 446 753; x_wconf 80' lang='lat' dir='ltr'><strong>Allatiuslib.</strong></span> <span class='ocrx_word' id='word_1_103' title='bbox 464 733 482 752; x_wconf 89' lang='lat' dir='ltr'><strong>ll</strong></span> <span class='ocrx_word' id='word_1_104' title='bbox 511 725 547 751; x_wconf 84' lang='lat' dir='ltr'><strong>De</strong></span> <span class='ocrx_word' id='word_1_105' title='bbox 560 732 685 751; x_wconf 77' lang='lat' dir='ltr'><strong>consensu</strong></span> <span class='ocrx_word' id='word_1_106' title='bbox 703 724 840 759; x_wconf 79' lang='lat' dir='ltr'><strong>utriusque</strong></span> <span class='ocrx_word' id='word_1_107' title='bbox 863 723 957 750; x_wconf 68' lang='lat' dir='ltr'><strong>Ecclc«</strong></span> 
     </span>
    </p>
   </div>
   <div class='ocr_carea' id='block_1_17' title="bbox 169 768 956 805">
    <p class='ocr_par' dir='ltr' id='par_1_17' title="bbox 169 768 956 805">
     <span class='ocr_line' id='line_1_17' title="bbox 169 768 956 805; baseline -0.003 -7"><span class='ocrx_word' id='word_1_108' title='bbox 169 773 226 803; x_wconf 77' lang='lat' dir='ltr'><strong>star,</strong></span> <span class='ocrx_word' id='word_1_109' title='bbox 246 779 307 805; x_wconf 88' lang='lat' dir='ltr'><strong>cap.</strong></span> <span class='ocrx_word' id='word_1_110' title='bbox 325 770 366 802; x_wconf 84' lang='grc'><strong>18,</strong></span> <span class='ocrx_word' id='word_1_111' title='bbox 381 778 457 796; x_wconf 90' lang='lat' dir='ltr'><strong>num.</strong></span> <span class='ocrx_word' id='word_1_112' title='bbox 483 770 536 802; x_wconf 79' lang='lat' dir='ltr'><strong>l7;</strong></span> <span class='ocrx_word' id='word_1_113' title='bbox 559 770 606 796; x_wconf 89' lang='lat' dir='ltr'><strong>lib.</strong></span> <span class='ocrx_word' id='word_1_114' title='bbox 626 777 666 800; x_wconf 89' lang='lat' dir='ltr'><strong>tu,</strong></span> <span class='ocrx_word' id='word_1_115' title='bbox 685 777 748 803; x_wconf 87' lang='lat' dir='ltr'><strong>cap.</strong></span> <span class='ocrx_word' id='word_1_116' title='bbox 777 769 820 800; x_wconf 88' lang='grc'><strong>15,</strong></span> <span class='ocrx_word' id='word_1_117' title='bbox 837 776 912 796; x_wconf 92' lang='lat' dir='ltr'><strong>num.</strong></span> <span class='ocrx_word' id='word_1_118' title='bbox 929 768 956 802; x_wconf 89' lang='lat'><strong>8,</strong></span> 
     </span>
    </p>
   </div>
   <div class='ocr_carea' id='block_1_18' title="bbox 168 816 956 852">
    <p class='ocr_par' dir='ltr' id='par_1_18' title="bbox 168 816 956 852">
     <span class='ocr_line' id='line_1_18' title="bbox 168 816 956 852; baseline -0.003 -8"><span class='ocrx_word' id='word_1_119' title='bbox 168 825 230 852; x_wconf 71' lang='lat' dir='ltr'><strong>cap.</strong></span> <span class='ocrx_word' id='word_1_120' title='bbox 248 817 291 848; x_wconf 84' lang='grc'><strong>16,</strong></span> <span class='ocrx_word' id='word_1_121' title='bbox 319 816 455 849; x_wconf 69' lang='grc' dir='ltr'><strong>ηυιιι.24,</strong></span> <span class='ocrx_word' id='word_1_122' title='bbox 484 823 544 851; x_wconf 87' lang='lat' dir='ltr'><strong>cap.</strong></span> <span class='ocrx_word' id='word_1_123' title='bbox 564 816 606 848; x_wconf 85' lang='grc'><strong>18,</strong></span> <span class='ocrx_word' id='word_1_124' title='bbox 638 823 713 842; x_wconf 92' lang='lat' dir='ltr'><strong>num.</strong></span> <span class='ocrx_word' id='word_1_125' title='bbox 738 816 765 847; x_wconf 91' lang='lat'><strong>8,</strong></span> <span class='ocrx_word' id='word_1_126' title='bbox 800 821 828 843; x_wconf 86' lang='lat' dir='ltr'><strong>et</strong></span> <span class='ocrx_word' id='word_1_127' title='bbox 862 821 956 843; x_wconf 79' lang='lat' dir='ltr'><strong>contra</strong></span> 
     </span>
    </p>
   </div>
   <div class='ocr_carea' id='block_1_19' title="bbox 168 861 953 898">
    <p class='ocr_par' dir='ltr' id='par_1_19' title="bbox 168 861 953 898">
     <span class='ocr_line' id='line_1_19' title="bbox 168 861 953 898; baseline -0.003 -8"><span class='ocrx_word' id='word_1_128' title='bbox 168 863 359 898; x_wconf 85' lang='lat' dir='ltr'><strong>Creigthonem</strong></span> <span class='ocrx_word' id='word_1_129' title='bbox 373 870 434 896; x_wconf 84' lang='lat' dir='ltr'><strong>pag.</strong></span> <span class='ocrx_word' id='word_1_130' title='bbox 454 861 503 888; x_wconf 77' lang='lat' dir='ltr'><strong>5M</strong></span> <span class='ocrx_word' id='word_1_131' title='bbox 532 867 559 888; x_wconf 90' lang='lat' dir='ltr'><strong>et</strong></span> <span class='ocrx_word' id='word_1_132' title='bbox 577 861 638 888; x_wconf 70' lang='grc'><strong>541.</strong></span> <span class='ocrx_word' id='word_1_133' title='bbox 664 861 693 888; x_wconf 92' lang='lat' dir='ltr'><strong>In</strong></span> <span class='ocrx_word' id='word_1_134' title='bbox 724 862 824 895; x_wconf 80' lang='lat' dir='ltr'><strong>quibus</strong></span> <span class='ocrx_word' id='word_1_135' title='bbox 844 861 953 895; x_wconf 86' lang='lat' dir='ltr'><strong>quidem</strong></span> 
     </span>
    </p>
   </div>
   <div class='ocr_carea' id='block_1_20' title="bbox 169 907 952 943">
    <p class='ocr_par' dir='ltr' id='par_1_20' title="bbox 169 907 952 943">
     <span class='ocr_line' id='line_1_20' title="bbox 169 907 952 943; baseline 0 -9"><span class='ocrx_word' id='word_1_136' title='bbox 169 909 237 936; x_wconf 80' lang='lat' dir='ltr'><strong>locis</strong></span> <span class='ocrx_word' id='word_1_137' title='bbox 251 909 382 943; x_wconf 88' lang='lat' dir='ltr'><strong>quasdam</strong></span> <span class='ocrx_word' id='word_1_138' title='bbox 397 916 430 936; x_wconf 77' lang='lat' dir='ltr'><strong>ex</strong></span> <span class='ocrx_word' id='word_1_139' title='bbox 445 908 481 935; x_wconf 90' lang='lat' dir='ltr'><strong>iis</strong></span> <span class='ocrx_word' id='word_1_140' title='bbox 495 908 614 943; x_wconf 82' lang='lat' dir='ltr'><strong>integras</strong></span> <span class='ocrx_word' id='word_1_141' title='bbox 630 907 783 941; x_wconf 75' lang='lat' dir='ltr'><strong>descripsit.</strong></span> <span class='ocrx_word' id='word_1_142' title='bbox 798 907 834 934; x_wconf 88' lang='lat' dir='ltr'><strong>ita</strong></span> <span class='ocrx_word' id='word_1_143' title='bbox 851 913 880 934; x_wconf 91' lang='lat' dir='ltr'><strong>ut</strong></span> <span class='ocrx_word' id='word_1_144' title='bbox 890 915 952 934; x_wconf 89' lang='lat' dir='ltr'><strong>cum</strong></span> 
     </span>
    </p>
   </div>
   <div class='ocr_carea' id='block_1_21' title="bbox 168 953 954 988">
    <p class='ocr_par' dir='ltr' id='par_1_21' title="bbox 168 953 954 988">
     <span class='ocr_line' id='line_1_21' title="bbox 168 953 954 988; baseline -0.003 -6"><span class='ocrx_word' id='word_1_145' title='bbox 168 955 316 986; x_wconf 73' lang='lat' dir='ltr'><strong>scribebat,</strong></span> <span class='ocrx_word' id='word_1_146' title='bbox 343 955 422 987; x_wconf 82' lang='lat' dir='ltr'><strong>cujus</strong></span> <span class='ocrx_word' id='word_1_147' title='bbox 433 959 523 982; x_wconf 76' lang='lat' dir='ltr'><strong>essent</strong></span> <span class='ocrx_word' id='word_1_148' title='bbox 535 962 589 981; x_wconf 90' lang='lat' dir='ltr'><strong>non</strong></span> <span class='ocrx_word' id='word_1_149' title='bbox 604 954 717 981; x_wconf 87' lang='lat' dir='ltr'><strong>omnino</strong></span> <span class='ocrx_word' id='word_1_150' title='bbox 741 953 792 988; x_wconf 89' lang='lat' dir='ltr'><strong>ipsi</strong></span> <span class='ocrx_word' id='word_1_151' title='bbox 811 961 859 988; x_wconf 89' lang='lat' dir='ltr'><strong>pro</strong></span> <span class='ocrx_word' id='word_1_152' title='bbox 873 953 954 981; x_wconf 88' lang='lat' dir='ltr'><strong>indu-</strong></span> 
     </span>
    </p>
   </div>
   <div class='ocr_carea' id='block_1_22' title="bbox 169 999 956 1032">
    <p class='ocr_par' dir='ltr' id='par_1_22' title="bbox 169 999 956 1032">
     <span class='ocr_line' id='line_1_22' title="bbox 169 999 956 1032; baseline -0.001 -5"><span class='ocrx_word' id='word_1_153' title='bbox 169 1001 253 1028; x_wconf 68' lang='lat' dir='ltr'><strong>bitnto</strong></span> <span class='ocrx_word' id='word_1_154' title='bbox 269 1001 424 1028; x_wconf 85' lang='lat' dir='ltr'><strong>haberetur.</strong></span> <span class='ocrx_word' id='word_1_155' title='bbox 449 999 477 1027; x_wconf 92' lang='lat' dir='ltr'><strong>Id</strong></span> <span class='ocrx_word' id='word_1_156' title='bbox 499 1000 632 1028; x_wconf 77' lang='lat' dir='ltr'><strong>duntaxat</strong></span> <span class='ocrx_word' id='word_1_157' title='bbox 661 1004 780 1032; x_wconf 86' lang='lat' dir='ltr'><strong>constat,</strong></span> <span class='ocrx_word' id='word_1_158' title='bbox 808 1000 956 1026; x_wconf 77' lang='lat' dir='ltr'><strong>nonnulla-</strong></span> 
     </span>
    </p>
   </div>
   <div class='ocr_carea' id='block_1_23' title="bbox 168 1045 954 1078">
    <p class='ocr_par' dir='ltr' id='par_1_23' title="bbox 168 1045 954 1078">
     <span class='ocr_line' id='line_1_23' title="bbox 168 1045 954 1078; baseline -0.001 -5"><span class='ocrx_word' id='word_1_159' title='bbox 168 1055 229 1073; x_wconf 87' lang='lat' dir='ltr'><strong>rmn</strong></span> <span class='ocrx_word' id='word_1_160' title='bbox 251 1051 403 1078; x_wconf 83' lang='lat' dir='ltr'><strong>auctorem,</strong></span> <span class='ocrx_word' id='word_1_161' title='bbox 423 1046 446 1073; x_wconf 89' lang='lat' dir='ltr'><strong>si</strong></span> <span class='ocrx_word' id='word_1_162' title='bbox 460 1053 516 1073; x_wconf 91' lang='lat' dir='ltr'><strong>non</strong></span> <span class='ocrx_word' id='word_1_163' title='bbox 540 1045 674 1078; x_wconf 83' lang='lat' dir='ltr'><strong>omnium,</strong></span> <span class='ocrx_word' id='word_1_164' title='bbox 700 1045 799 1073; x_wconf 76' lang='lat' dir='ltr'><strong>vixisse</strong></span> <span class='ocrx_word' id='word_1_165' title='bbox 818 1045 870 1073; x_wconf 85' lang='lat' dir='ltr'><strong>sub</strong></span> <span class='ocrx_word' id='word_1_166' title='bbox 897 1045 954 1072; x_wconf 80' lang='lat' dir='ltr'><strong>Ma-</strong></span> 
     </span>
    </p>
   </div>
   <div class='ocr_carea' id='block_1_24' title="bbox 168 1091 955 1127">
    <p class='ocr_par' dir='ltr' id='par_1_24' title="bbox 168 1091 955 1127">
     <span class='ocr_line' id='line_1_24' title="bbox 168 1091 955 1127; baseline -0.003 -7"><span class='ocrx_word' id='word_1_167' title='bbox 168 1093 250 1120; x_wconf 76' lang='lat' dir='ltr'><strong>Illlt&#39;le</strong></span> <span class='ocrx_word' id='word_1_168' title='bbox 279 1092 429 1125; x_wconf 87' lang='lat' dir='ltr'><strong>Comneno,</strong></span> <span class='ocrx_word' id='word_1_169' title='bbox 458 1096 514 1119; x_wconf 91' lang='lat' dir='ltr'><strong>tum</strong></span> <span class='ocrx_word' id='word_1_170' title='bbox 540 1099 574 1119; x_wconf 79' lang='lat' dir='ltr'><strong>ex</strong></span> <span class='ocrx_word' id='word_1_171' title='bbox 606 1091 849 1127; x_wconf 88' lang='lat' dir='ltr'><strong>Antapologetico,</strong></span> <span class='ocrx_word' id='word_1_172' title='bbox 875 1092 955 1126; x_wconf 83' lang='lat' dir='ltr'><strong>cujus</strong></span> 
     </span>
    </p>
   </div>
   <div class='ocr_carea' id='block_1_25' title="bbox 168 1138 954 1173">
    <p class='ocr_par' dir='ltr' id='par_1_25' title="bbox 168 1138 954 1173">
     <span class='ocr_line' id='line_1_25' title="bbox 168 1138 954 1173; baseline 0 -7"><span class='ocrx_word' id='word_1_173' title='bbox 168 1138 354 1168; x_wconf 80' lang='lat' dir='ltr'><strong>mcrninimus.</strong></span> <span class='ocrx_word' id='word_1_174' title='bbox 376 1142 432 1165; x_wconf 89' lang='lat' dir='ltr'><strong>tum</strong></span> <span class='ocrx_word' id='word_1_175' title='bbox 460 1146 492 1166; x_wconf 85' lang='lat' dir='ltr'><strong>ex</strong></span> <span class='ocrx_word' id='word_1_176' title='bbox 515 1138 580 1165; x_wconf 89' lang='lat' dir='ltr'><strong>viris</strong></span> <span class='ocrx_word' id='word_1_177' title='bbox 614 1138 754 1173; x_wconf 86' lang='lat' dir='ltr'><strong>primariis</strong></span> <span class='ocrx_word' id='word_1_178' title='bbox 783 1139 852 1165; x_wconf 63' lang='lat' dir='ltr'><strong>aula:</strong></span> <span class='ocrx_word' id='word_1_179' title='bbox 882 1138 954 1166; x_wconf 84' lang='lat' dir='ltr'><strong>Con-</strong></span> 
     </span>
    </p>
   </div>
   <div class='ocr_carea' id='block_1_26' title="bbox 169 1183 954 1219">
    <p class='ocr_par' dir='ltr' id='par_1_26' title="bbox 169 1183 954 1219">
     <span class='ocr_line' id='line_1_26' title="bbox 169 1183 954 1219; baseline 0 -7"><span class='ocrx_word' id='word_1_180' title='bbox 169 1183 443 1218; x_wconf 69' lang='lat' dir='ltr'><strong>stantinopolitanae,</strong></span> <span class='ocrx_word' id='word_1_181' title='bbox 470 1184 570 1219; x_wconf 82' lang='lat' dir='ltr'><strong>quibus</strong></span> <span class='ocrx_word' id='word_1_182' title='bbox 609 1184 714 1219; x_wconf 82' lang='lat' dir='ltr'><strong>aliquot</strong></span> <span class='ocrx_word' id='word_1_183' title='bbox 744 1185 954 1212; x_wconf 81' lang='lat' dir='ltr'><strong>inscribuntur:</strong></span> 
     </span>
    </p>
   </div>
   <div class='ocr_carea' id='block_1_27' title="bbox 167 1229 957 1265">
    <p class='ocr_par' dir='ltr' id='par_1_27' title="bbox 167 1229 957 1265">
     <span class='ocr_line' id='line_1_27' title="bbox 167 1229 957 1265; baseline 0.001 -8"><span class='ocrx_word' id='word_1_184' title='bbox 167 1233 250 1265; x_wconf 80' lang='lat' dir='ltr'><strong>atque</strong></span> <span class='ocrx_word' id='word_1_185' title='bbox 266 1231 293 1257; x_wconf 93' lang='lat' dir='ltr'><strong>in</strong></span> <span class='ocrx_word' id='word_1_186' title='bbox 309 1231 353 1262; x_wconf 84' lang='lat' dir='ltr'><strong>iis,</strong></span> <span class='ocrx_word' id='word_1_187' title='bbox 378 1230 483 1258; x_wconf 85' lang='lat' dir='ltr'><strong>Joanne</strong></span> <span class='ocrx_word' id='word_1_188' title='bbox 510 1229 582 1257; x_wconf 86' lang='lat' dir='ltr'><strong>Duca</strong></span> <span class='ocrx_word' id='word_1_189' title='bbox 596 1238 694 1265; x_wconf 79' lang='lat' dir='ltr'><strong>magno</strong></span> <span class='ocrx_word' id='word_1_190' title='bbox 725 1230 907 1258; x_wconf 82' lang='lat' dir='ltr'><strong>hetaeriarcha</strong></span> <span class='ocrx_word' id='word_1_191' title='bbox 930 1237 957 1258; x_wconf 90' lang='lat' dir='ltr'><strong>ct</strong></span> 
     </span>
    </p>
   </div>
   <div class='ocr_carea' id='block_1_28' title="bbox 169 1275 956 1310">
    <p class='ocr_par' dir='ltr' id='par_1_28' title="bbox 169 1275 956 1310">
     <span class='ocr_line' id='line_1_28' title="bbox 169 1275 956 1310; baseline 0 -8"><span class='ocrx_word' id='word_1_192' title='bbox 169 1276 290 1308; x_wconf 78' lang='lat' dir='ltr'><strong>sebasto,</strong></span> <span class='ocrx_word' id='word_1_193' title='bbox 305 1276 384 1310; x_wconf 83' lang='lat' dir='ltr'><strong>cujus</strong></span> <span class='ocrx_word' id='word_1_194' title='bbox 397 1282 451 1309; x_wconf 69' lang='lat' dir='ltr'><strong>pra:</strong></span> <span class='ocrx_word' id='word_1_195' title='bbox 466 1275 582 1307; x_wconf 54' lang='lat' dir='ltr'><strong>exteris,</strong></span> <span class='ocrx_word' id='word_1_196' title='bbox 600 1279 630 1302; x_wconf 85' lang='lat' dir='ltr'><strong>ut</strong></span> <span class='ocrx_word' id='word_1_197' title='bbox 640 1275 708 1302; x_wconf 86' lang='lat' dir='ltr'><strong>alios</strong></span> <span class='ocrx_word' id='word_1_198' title='bbox 727 1275 864 1305; x_wconf 83' lang='lat' dir='ltr'><strong>omittam.</strong></span> <span class='ocrx_word' id='word_1_199' title='bbox 881 1283 956 1302; x_wconf 75' lang='lat' dir='ltr'><strong>tnen~</strong></span> 
     </span>
    </p>
   </div>
   <div class='ocr_carea' id='block_1_29' title="bbox 169 1320 955 1356">
    <p class='ocr_par' dir='ltr' id='par_1_29' title="bbox 169 1320 955 1356">
     <span class='ocr_line' id='line_1_29' title="bbox 169 1320 955 1356; baseline 0 -7"><span class='ocrx_word' id='word_1_200' title='bbox 169 1322 207 1349; x_wconf 89' lang='lat' dir='ltr'><strong>lio</strong></span> <span class='ocrx_word' id='word_1_201' title='bbox 222 1322 344 1349; x_wconf 86' lang='lat' dir='ltr'><strong>occurrit</strong></span> <span class='ocrx_word' id='word_1_202' title='bbox 359 1321 430 1356; x_wconf 80' lang='lat' dir='ltr'><strong>apud</strong></span> <span class='ocrx_word' id='word_1_203' title='bbox 448 1320 569 1348; x_wconf 83' lang='lat' dir='ltr'><strong>Nicetam</strong></span> <span class='ocrx_word' id='word_1_204' title='bbox 595 1321 621 1347; x_wconf 91' lang='lat' dir='ltr'><strong>in</strong></span> <span class='ocrx_word' id='word_1_205' title='bbox 641 1320 733 1348; x_wconf 68' lang='lat' dir='ltr'><strong>Alexio</strong></span> <span class='ocrx_word' id='word_1_206' title='bbox 748 1320 881 1349; x_wconf 78' lang='lat' dir='ltr'><strong>Manuelis</strong></span> <span class='ocrx_word' id='word_1_207' title='bbox 899 1322 955 1356; x_wconf 78' lang='lat' dir='ltr'><strong>ﬁlio</strong></span> 
     </span>
    </p>
   </div>
   <div class='ocr_carea' id='block_1_30' title="bbox 168 1365 953 1399">
    <p class='ocr_par' dir='ltr' id='par_1_30' title="bbox 168 1365 953 1399">
     <span class='ocr_line' id='line_1_30' title="bbox 168 1365 953 1399; baseline 0.001 -6"><span class='ocrx_word' id='word_1_208' title='bbox 168 1375 244 1394; x_wconf 79' lang='lat' dir='ltr'><strong>Imm.</strong></span> <span class='ocrx_word' id='word_1_209' title='bbox 267 1368 282 1394; x_wconf 88' lang='lat'><strong>7</strong></span> <span class='ocrx_word' id='word_1_210' title='bbox 298 1373 324 1394; x_wconf 83' lang='lat' dir='ltr'><strong>et</strong></span> <span class='ocrx_word' id='word_1_211' title='bbox 336 1368 363 1399; x_wconf 87' lang='lat'><strong>9,</strong></span> <span class='ocrx_word' id='word_1_212' title='bbox 380 1372 408 1393; x_wconf 88' lang='lat' dir='ltr'><strong>et</strong></span> <span class='ocrx_word' id='word_1_213' title='bbox 424 1366 548 1393; x_wconf 80' lang='lat' dir='ltr'><strong>Manuele</strong></span> <span class='ocrx_word' id='word_1_214' title='bbox 561 1365 703 1394; x_wconf 86' lang='lat' dir='ltr'><strong>Comneno</strong></span> <span class='ocrx_word' id='word_1_215' title='bbox 722 1368 953 1399; x_wconf 79' lang='lat' dir='ltr'><strong>sebastocratore.</strong></span> 
     </span>
    </p>
   </div>
   <div class='ocr_carea' id='block_1_31' title="bbox 167 1411 955 1446">
    <p class='ocr_par' dir='ltr' id='par_1_31' title="bbox 167 1411 955 1446">
     <span class='ocr_line' id='line_1_31' title="bbox 167 1411 955 1446; baseline 0.001 -8"><span class='ocrx_word' id='word_1_216' title='bbox 167 1412 215 1446; x_wconf 85' lang='lat' dir='ltr'><strong>qui</strong></span> <span class='ocrx_word' id='word_1_217' title='bbox 231 1420 285 1439; x_wconf 80' lang='lat' dir='ltr'><strong>non</strong></span> <span class='ocrx_word' id='word_1_218' title='bbox 303 1412 374 1439; x_wconf 85' lang='lat' dir='ltr'><strong>alius</strong></span> <span class='ocrx_word' id='word_1_219' title='bbox 387 1416 428 1440; x_wconf 87' lang='lat' dir='ltr'><strong>est</strong></span> <span class='ocrx_word' id='word_1_220' title='bbox 445 1411 478 1438; x_wconf 92' lang='lat' dir='ltr'><strong>ab</strong></span> <span class='ocrx_word' id='word_1_221' title='bbox 493 1419 537 1444; x_wconf 89' lang='lat' dir='ltr'><strong>eo,</strong></span> <span class='ocrx_word' id='word_1_222' title='bbox 565 1412 645 1446; x_wconf 89' lang='lat' dir='ltr'><strong>cujus</strong></span> <span class='ocrx_word' id='word_1_223' title='bbox 670 1412 774 1446; x_wconf 87' lang='lat' dir='ltr'><strong>pariter</strong></span> <span class='ocrx_word' id='word_1_224' title='bbox 804 1411 955 1440; x_wconf 83' lang='lat' dir='ltr'><strong>Cinnamus</strong></span> 
     </span>
    </p>
   </div>
   <div class='ocr_carea' id='block_1_32' title="bbox 169 1457 669 1491">
    <p class='ocr_par' dir='ltr' id='par_1_32' title="bbox 169 1457 669 1491">
     <span class='ocr_line' id='line_1_32' title="bbox 169 1457 669 1491; baseline 0 -6"><span class='ocrx_word' id='word_1_225' title='bbox 169 1458 294 1485; x_wconf 70' lang='lat' dir='ltr'><strong>mei-iuit</strong></span> <span class='ocrx_word' id='word_1_226' title='bbox 308 1457 378 1484; x_wconf 88' lang='lat' dir='ltr'><strong>libro</strong></span> <span class='ocrx_word' id='word_1_227' title='bbox 395 1465 421 1491; x_wconf 74' lang='grc' dir='ltr'><strong>ν,</strong></span> <span class='ocrx_word' id='word_1_228' title='bbox 437 1465 514 1484; x_wconf 88' lang='lat' dir='ltr'><strong>num.</strong></span> <span class='ocrx_word' id='word_1_229' title='bbox 535 1457 569 1484; x_wconf 73' lang='lat' dir='ltr'><strong>M</strong></span> <span class='ocrx_word' id='word_1_230' title='bbox 584 1457 669 1485; x_wconf 63' lang='lat' dir='ltr'><strong>e145.</strong></span> 
     </span>
    </p>
   </div>
   <div class='ocr_carea' id='block_1_33' title="bbox 1009 218 1796 258">
    <p class='ocr_par' dir='ltr' id='par_1_33' title="bbox 1009 218 1796 258">
     <span class='ocr_line' id='line_1_33' title="bbox 1009 218 1796 258; baseline -0.005 -9"><span class='ocrx_word' id='word_1_231' title='bbox 1009 223 1121 258; x_wconf 80' lang='lat' dir='ltr'><strong>gratiam</strong></span> <span class='ocrx_word' id='word_1_232' title='bbox 1139 221 1208 248; x_wconf 79' lang='lat' dir='ltr'><strong>facta</strong></span> <span class='ocrx_word' id='word_1_233' title='bbox 1225 229 1231 247; x_wconf 91' lang='lat'>:</span> <span class='ocrx_word' id='word_1_234' title='bbox 1251 220 1290 247; x_wconf 71' lang='lat' dir='ltr'><strong>Ex</strong></span> <span class='ocrx_word' id='word_1_235' title='bbox 1303 221 1365 247; x_wconf 65' lang='lat' dir='ltr'><strong>viri:</strong></span> <span class='ocrx_word' id='word_1_236' title='bbox 1381 220 1516 255; x_wconf 76' lang='lat' dir='ltr'><strong>primariis</strong></span> <span class='ocrx_word' id='word_1_237' title='bbox 1542 219 1615 246; x_wconf 66' lang='lat' dir='ltr'><strong>aula</strong></span> <span class='ocrx_word' id='word_1_238' title='bbox 1644 218 1796 247; x_wconf 76' lang='lat' dir='ltr'><strong>Constauli-</strong></span> 
     </span>
    </p>
   </div>
   <div class='ocr_carea' id='block_1_34' title="bbox 1009 265 1821 303">
    <p class='ocr_par' dir='ltr' id='par_1_34' title="bbox 1009 265 1821 303">
     <span class='ocr_line' id='line_1_34' title="bbox 1009 265 1821 303; baseline -0.005 -8"><span class='ocrx_word' id='word_1_239' title='bbox 1009 269 1183 303; x_wconf 69' lang='lat' dir='ltr'><strong>nopolitanae,</strong></span> <span class='ocrx_word' id='word_1_240' title='bbox 1212 267 1304 302; x_wconf 80' lang='lat' dir='ltr'><strong>quibus</strong></span> <span class='ocrx_word' id='word_1_241' title='bbox 1331 267 1430 301; x_wconf 81' lang='lat' dir='ltr'><strong>aliquot</strong></span> <span class='ocrx_word' id='word_1_242' title='bbox 1455 266 1634 293; x_wconf 65' lang='lat' dir='ltr'><strong>inscribuntur:</strong></span> <span class='ocrx_word' id='word_1_243' title='bbox 1662 273 1670 292; x_wconf 90' lang='lat'><em>:</em></span> <span class='ocrx_word' id='word_1_244' title='bbox 1692 265 1797 292; x_wconf 76' lang='lat' dir='ltr'><strong>Joanne</strong></span> <span class='ocrx_word' id='word_1_245' title='bbox 1820 283 1821 286; x_wconf 61' lang='grc' dir='ltr'><strong>η</strong></span> 
     </span>
    </p>
   </div>
   <div class='ocr_carea' id='block_1_35' title="bbox 1010 312 1796 348">
    <p class='ocr_par' dir='ltr' id='par_1_35' title="bbox 1010 312 1796 348">
     <span class='ocr_line' id='line_1_35' title="bbox 1010 312 1796 348; baseline -0.003 -8"><span class='ocrx_word' id='word_1_246' title='bbox 1010 315 1082 341; x_wconf 80' lang='lat' dir='ltr'><strong>Duco</strong></span> <span class='ocrx_word' id='word_1_247' title='bbox 1095 322 1188 348; x_wconf 81' lang='lat' dir='ltr'><strong>magno</strong></span> <span class='ocrx_word' id='word_1_248' title='bbox 1204 313 1374 340; x_wconf 69' lang='lat' dir='ltr'><strong>heta&#39;riarchu</strong></span> <span class='ocrx_word' id='word_1_249' title='bbox 1386 317 1409 338; x_wconf 84' lang='lat' dir='ltr'><strong>et</strong></span> <span class='ocrx_word' id='word_1_250' title='bbox 1437 313 1549 344; x_wconf 70' lang='lat' dir='ltr'><strong>sebasto,</strong></span> <span class='ocrx_word' id='word_1_251' title='bbox 1576 312 1651 346; x_wconf 80' lang='lat' dir='ltr'><strong>cujus</strong></span> <span class='ocrx_word' id='word_1_252' title='bbox 1665 319 1720 346; x_wconf 70' lang='lat' dir='ltr'><strong>pri:</strong></span> <span class='ocrx_word' id='word_1_253' title='bbox 1733 319 1796 338; x_wconf 36' lang='lat' dir='ltr'><strong>vce:-</strong></span> 
     </span>
    </p>
   </div>
   <div class='ocr_carea' id='block_1_36' title="bbox 1009 357 1795 393">
    <p class='ocr_par' dir='ltr' id='par_1_36' title="bbox 1009 357 1795 393">
     <span class='ocr_line' id='line_1_36' title="bbox 1009 357 1795 393; baseline -0.003 -7"><span class='ocrx_word' id='word_1_254' title='bbox 1009 360 1081 391; x_wconf 84' lang='lat' dir='ltr'><strong>teris,</strong></span> <span class='ocrx_word' id='word_1_255' title='bbox 1096 365 1123 386; x_wconf 88' lang='lat' dir='ltr'><strong>ut</strong></span> <span class='ocrx_word' id='word_1_256' title='bbox 1137 360 1202 386; x_wconf 75' lang='lat' dir='ltr'><strong>alios</strong></span> <span class='ocrx_word' id='word_1_257' title='bbox 1216 360 1330 391; x_wconf 82' lang='lat' dir='ltr'><strong>omittat,</strong></span> <span class='ocrx_word' id='word_1_258' title='bbox 1342 359 1439 386; x_wconf 82' lang='lat' dir='ltr'><strong>mentio</strong></span> <span class='ocrx_word' id='word_1_259' title='bbox 1454 359 1566 385; x_wconf 87' lang='lat' dir='ltr'><strong>occurrit</strong></span> <span class='ocrx_word' id='word_1_260' title='bbox 1583 358 1655 393; x_wconf 82' lang='lat' dir='ltr'><strong>apud</strong></span> <span class='ocrx_word' id='word_1_261' title='bbox 1675 357 1795 384; x_wconf 78' lang='lat' dir='ltr'><strong>Nicetam</strong></span> 
     </span>
    </p>
   </div>
   <div class='ocr_carea' id='block_1_37' title="bbox 1009 403 1799 436">
    <p class='ocr_par' dir='ltr' id='par_1_37' title="bbox 1009 403 1799 436">
     <span class='ocr_line' id='line_1_37' title="bbox 1009 403 1799 436; baseline -0.004 -4"><span class='ocrx_word' id='word_1_262' title='bbox 1009 406 1035 432; x_wconf 92' lang='lat' dir='ltr'><strong>in</strong></span> <span class='ocrx_word' id='word_1_263' title='bbox 1059 406 1154 432; x_wconf 86' lang='lat' dir='ltr'><strong>Alexio</strong></span> <span class='ocrx_word' id='word_1_264' title='bbox 1167 405 1299 432; x_wconf 38' lang='lat' dir='ltr'><strong>Mannilis</strong></span> <span class='ocrx_word' id='word_1_265' title='bbox 1330 404 1384 432; x_wconf 85' lang='lat' dir='ltr'><strong>lilio</strong></span> <span class='ocrx_word' id='word_1_266' title='bbox 1399 412 1477 431; x_wconf 94' lang='lat' dir='ltr'><strong>num.</strong></span> <span class='ocrx_word' id='word_1_267' title='bbox 1504 405 1519 431; x_wconf 93' lang='lat'>7</span> <span class='ocrx_word' id='word_1_268' title='bbox 1537 409 1563 430; x_wconf 88' lang='lat' dir='ltr'><strong>ct</strong></span> <span class='ocrx_word' id='word_1_269' title='bbox 1580 403 1608 436; x_wconf 85' lang='lat'><strong>9,</strong></span> <span class='ocrx_word' id='word_1_270' title='bbox 1623 408 1647 430; x_wconf 88' lang='lat' dir='ltr'><strong>et</strong></span> <span class='ocrx_word' id='word_1_271' title='bbox 1675 403 1799 430; x_wconf 68' lang='lat' dir='ltr'><strong>Manuale</strong></span> 
     </span>
    </p>
   </div>
   <div class='ocr_carea' id='block_1_38' title="bbox 1008 447 1819 486">
    <p class='ocr_par' dir='ltr' id='par_1_38' title="bbox 1008 447 1819 486">
     <span class='ocr_line' id='line_1_38' title="bbox 1008 447 1819 486; baseline -0.004 -7"><span class='ocrx_word' id='word_1_272' title='bbox 1008 451 1143 480; x_wconf 83' lang='lat' dir='ltr'><strong>Camneno</strong></span> <span class='ocrx_word' id='word_1_273' title='bbox 1153 452 1372 482; x_wconf 70' lang='lat' dir='ltr'><strong>scbastotratore,</strong></span> <span class='ocrx_word' id='word_1_274' title='bbox 1402 451 1447 486; x_wconf 87' lang='lat' dir='ltr'><strong>qui</strong></span> <span class='ocrx_word' id='word_1_275' title='bbox 1466 458 1517 478; x_wconf 89' lang='lat' dir='ltr'><strong>non</strong></span> <span class='ocrx_word' id='word_1_276' title='bbox 1548 451 1616 477; x_wconf 80' lang='lat' dir='ltr'><strong>alius</strong></span> <span class='ocrx_word' id='word_1_277' title='bbox 1636 455 1673 477; x_wconf 75' lang='lat' dir='ltr'><strong>est</strong></span> <span class='ocrx_word' id='word_1_278' title='bbox 1691 451 1723 477; x_wconf 90' lang='lat' dir='ltr'><strong>ab</strong></span> <span class='ocrx_word' id='word_1_279' title='bbox 1754 458 1794 479; x_wconf 72' lang='lat' dir='ltr'><strong>eo.</strong></span> <span class='ocrx_word' id='word_1_280' title='bbox 1812 447 1819 460; x_wconf 77' lang='lat'>‘</span> 
     </span>
    </p>
   </div>
   <div class='ocr_carea' id='block_1_39' title="bbox 1007 496 1798 532">
    <p class='ocr_par' dir='ltr' id='par_1_39' title="bbox 1007 496 1798 532">
     <span class='ocr_line' id='line_1_39' title="bbox 1007 496 1798 532; baseline -0.003 -8"><span class='ocrx_word' id='word_1_281' title='bbox 1007 497 1084 532; x_wconf 74' lang='lat' dir='ltr'><strong>cujus</strong></span> <span class='ocrx_word' id='word_1_282' title='bbox 1100 498 1201 531; x_wconf 84' lang='lat' dir='ltr'><strong>pariler</strong></span> <span class='ocrx_word' id='word_1_283' title='bbox 1220 498 1364 524; x_wconf 77' lang='lat' dir='ltr'><strong>Cinnamus</strong></span> <span class='ocrx_word' id='word_1_284' title='bbox 1377 497 1495 524; x_wconf 73' lang='lat' dir='ltr'><strong>meminit</strong></span> <span class='ocrx_word' id='word_1_285' title='bbox 1512 497 1579 523; x_wconf 86' lang='lat' dir='ltr'><strong>libro</strong></span> <span class='ocrx_word' id='word_1_286' title='bbox 1594 504 1610 522; x_wconf 83' lang='grc' dir='ltr'><strong>ν</strong></span> <span class='ocrx_word' id='word_1_287' title='bbox 1627 505 1699 523; x_wconf 86' lang='lat' dir='ltr'><strong>num.</strong></span> <span class='ocrx_word' id='word_1_288' title='bbox 1717 496 1750 522; x_wconf 73' lang='grc'><strong>14</strong></span> <span class='ocrx_word' id='word_1_289' title='bbox 1772 500 1798 522; x_wconf 78' lang='lat' dir='ltr'><strong>et</strong></span> 
     </span>
    </p>
   </div>
   <div class='ocr_carea' id='block_1_40' title="bbox 1009 541 1794 574">
    <p class='ocr_par' dir='ltr' id='par_1_40' title="bbox 1009 541 1794 574">
     <span class='ocr_line' id='line_1_40' title="bbox 1009 541 1794 574; baseline -0.004 -5"><span class='ocrx_word' id='word_1_290' title='bbox 1009 543 1052 570; x_wconf 74' lang='grc'><strong>15.</strong></span> <span class='ocrx_word' id='word_1_291' title='bbox 1066 542 1124 569; x_wconf 91' lang='lat' dir='ltr'><strong>Non</strong></span> <span class='ocrx_word' id='word_1_292' title='bbox 1140 542 1214 569; x_wconf 91' lang='lat' dir='ltr'><strong>enim</strong></span> <span class='ocrx_word' id='word_1_293' title='bbox 1231 542 1273 568; x_wconf 90' lang='lat' dir='ltr'><strong>his</strong></span> <span class='ocrx_word' id='word_1_294' title='bbox 1287 541 1443 569; x_wconf 88' lang='lat' dir='ltr'><strong>nominibus</strong></span> <span class='ocrx_word' id='word_1_295' title='bbox 1460 545 1568 568; x_wconf 71' lang='lat' dir='ltr'><strong>veteres</strong></span> <span class='ocrx_word' id='word_1_296' title='bbox 1581 541 1608 567; x_wconf 92' lang='lat' dir='ltr'><strong>hi</strong></span> <span class='ocrx_word' id='word_1_297' title='bbox 1636 541 1777 574; x_wconf 78' lang='lat' dir='ltr'><strong>intclligun</strong></span> <span class='ocrx_word' id='word_1_298' title='bbox 1787 555 1794 560; x_wconf 87' lang='lat'><strong><em>-</em></strong></span> 
     </span>
    </p>
   </div>
   <div class='ocr_carea' id='block_1_41' title="bbox 1009 586 1794 622">
    <p class='ocr_par' dir='ltr' id='par_1_41' title="bbox 1009 586 1794 622">
     <span class='ocr_line' id='line_1_41' title="bbox 1009 586 1794 622; baseline -0.005 -7"><span class='ocrx_word' id='word_1_299' title='bbox 1009 593 1064 619; x_wconf 91' lang='lat' dir='ltr'><strong>tur,</strong></span> <span class='ocrx_word' id='word_1_300' title='bbox 1083 588 1130 615; x_wconf 87' lang='lat' dir='ltr'><strong>sed</strong></span> <span class='ocrx_word' id='word_1_301' title='bbox 1146 589 1315 614; x_wconf 82' lang='lat' dir='ltr'><strong>recentiores</strong></span> <span class='ocrx_word' id='word_1_302' title='bbox 1330 587 1452 622; x_wconf 85' lang='lat' dir='ltr'><strong>ejusdem</strong></span> <span class='ocrx_word' id='word_1_303' title='bbox 1471 587 1590 614; x_wconf 89' lang='lat' dir='ltr'><strong>nominis</strong></span> <span class='ocrx_word' id='word_1_304' title='bbox 1608 586 1794 621; x_wconf 72' lang='lat' dir='ltr'><strong>rttlignitatis.</strong></span> 
     </span>
    </p>
   </div>
   <div class='ocr_carea' id='block_1_42' title="bbox 1008 632 1817 668">
    <p class='ocr_par' dir='ltr' id='par_1_42' title="bbox 1008 632 1817 668">
     <span class='ocr_line' id='line_1_42' title="bbox 1008 632 1817 668; baseline -0.006 -7"><span class='ocrx_word' id='word_1_305' title='bbox 1008 635 1054 668; x_wconf 89' lang='lat' dir='ltr'><strong>qui</strong></span> <span class='ocrx_word' id='word_1_306' title='bbox 1080 642 1152 661; x_wconf 86' lang='lat' dir='ltr'><strong>anno</strong></span> <span class='ocrx_word' id='word_1_307' title='bbox 1168 635 1279 661; x_wconf 81' lang='lat' dir='ltr'><strong>circiter</strong></span> <span class='ocrx_word' id='word_1_308' title='bbox 1300 633 1368 660; x_wconf 71' lang='lat'><strong>“50</strong></span> <span class='ocrx_word' id='word_1_309' title='bbox 1393 633 1419 660; x_wconf 92' lang='lat' dir='ltr'><strong>in</strong></span> <span class='ocrx_word' id='word_1_310' title='bbox 1447 633 1563 667; x_wconf 85' lang='lat' dir='ltr'><strong>imperio</strong></span> <span class='ocrx_word' id='word_1_311' title='bbox 1588 632 1718 659; x_wconf 84' lang='lat' dir='ltr'><strong>Oricntati</strong></span> <span class='ocrx_word' id='word_1_312' title='bbox 1747 633 1796 658; x_wconf 69' lang='lat' dir='ltr'><strong>sul:</strong></span> <span class='ocrx_word' id='word_1_313' title='bbox 1811 652 1817 656; x_wconf 84' lang='lat'><strong>.</strong></span> 
     </span>
    </p>
   </div>
   <div class='ocr_carea' id='block_1_43' title="bbox 1008 677 1803 713">
    <p class='ocr_par' dir='ltr' id='par_1_43' title="bbox 1008 677 1803 713">
     <span class='ocr_line' id='line_1_43' title="bbox 1008 677 1803 713; baseline -0.003 -8"><span class='ocrx_word' id='word_1_314' title='bbox 1008 678 1190 706; x_wconf 86' lang='lat' dir='ltr'><strong>Constantino</strong></span> <span class='ocrx_word' id='word_1_315' title='bbox 1208 678 1372 713; x_wconf 66' lang='lat' dir='ltr'><strong>Palaeolugo,</strong></span> <span class='ocrx_word' id='word_1_316' title='bbox 1390 678 1486 706; x_wconf 89' lang='lat' dir='ltr'><strong>ultimo</strong></span> <span class='ocrx_word' id='word_1_317' title='bbox 1496 678 1651 706; x_wconf 70' lang='lat' dir='ltr'><strong>Grarcorutn</strong></span> <span class='ocrx_word' id='word_1_318' title='bbox 1677 677 1803 712; x_wconf 84' lang='lat' dir='ltr'><strong>impera-.</strong></span> 
     </span>
    </p>
   </div>
   <div class='ocr_carea' id='block_1_44' title="bbox 1009 723 1798 758">
    <p class='ocr_par' dir='ltr' id='par_1_44' title="bbox 1009 723 1798 758">
     <span class='ocr_line' id='line_1_44' title="bbox 1009 723 1798 758; baseline 0 -9"><span class='ocrx_word' id='word_1_319' title='bbox 1009 729 1078 756; x_wconf 87' lang='lat' dir='ltr'><strong>tore,</strong></span> <span class='ocrx_word' id='word_1_320' title='bbox 1107 723 1286 758; x_wconf 81' lang='lat' dir='ltr'><strong>dignitatibus</strong></span> <span class='ocrx_word' id='word_1_321' title='bbox 1318 724 1361 751; x_wconf 89' lang='lat' dir='ltr'><strong>his</strong></span> <span class='ocrx_word' id='word_1_322' title='bbox 1386 723 1573 758; x_wconf 76' lang='lat' dir='ltr'><strong>fungebantur</strong></span> <span class='ocrx_word' id='word_1_323' title='bbox 1600 730 1608 749; x_wconf 90' lang='lat'><strong>:</strong></span> <span class='ocrx_word' id='word_1_324' title='bbox 1636 727 1666 750; x_wconf 90' lang='lat' dir='ltr'><strong>ut</strong></span> <span class='ocrx_word' id='word_1_325' title='bbox 1690 727 1798 750; x_wconf 81' lang='lat' dir='ltr'><strong>constat</strong></span> 
     </span>
    </p>
   </div>
   <div class='ocr_carea' id='block_1_45' title="bbox 1008 768 1795 804">
    <p class='ocr_par' dir='ltr' id='par_1_45' title="bbox 1008 768 1795 804">
     <span class='ocr_line' id='line_1_45' title="bbox 1008 768 1795 804; baseline 0 -8"><span class='ocrx_word' id='word_1_326' title='bbox 1008 776 1040 796; x_wconf 82' lang='lat' dir='ltr'><strong>ex</strong></span> <span class='ocrx_word' id='word_1_327' title='bbox 1053 768 1160 796; x_wconf 80' lang='lat' dir='ltr'><strong>Joanne</strong></span> <span class='ocrx_word' id='word_1_328' title='bbox 1179 768 1262 802; x_wconf 85' lang='lat' dir='ltr'><strong>Duca,</strong></span> <span class='ocrx_word' id='word_1_329' title='bbox 1278 770 1355 804; x_wconf 88' lang='lat' dir='ltr'><strong>cujus</strong></span> <span class='ocrx_word' id='word_1_330' title='bbox 1373 769 1514 796; x_wconf 85' lang='lat' dir='ltr'><strong>historiam</strong></span> <span class='ocrx_word' id='word_1_331' title='bbox 1529 770 1556 796; x_wconf 89' lang='lat' dir='ltr'><strong>in</strong></span> <span class='ocrx_word' id='word_1_332' title='bbox 1571 769 1696 796; x_wconf 87' lang='lat' dir='ltr'><strong>manibus</strong></span> <span class='ocrx_word' id='word_1_333' title='bbox 1713 769 1795 796; x_wconf 86' lang='lat' dir='ltr'><strong>habe-</strong></span> 
     </span>
    </p>
   </div>
   <div class='ocr_carea' id='block_1_46' title="bbox 1009 813 1805 850">
    <p class='ocr_par' dir='ltr' id='par_1_46' title="bbox 1009 813 1805 850">
     <span class='ocr_line' id='line_1_46' title="bbox 1009 813 1805 850; baseline 0 -10"><span class='ocrx_word' id='word_1_334' title='bbox 1009 821 1069 840; x_wconf 89' lang='lat' dir='ltr'><strong>mus</strong></span> <span class='ocrx_word' id='word_1_335' title='bbox 1085 814 1152 847; x_wconf 87' lang='lat' dir='ltr'><strong>:qui</strong></span> <span class='ocrx_word' id='word_1_336' title='bbox 1167 813 1291 841; x_wconf 83' lang='lat' dir='ltr'><strong>Michaeli</strong></span> <span class='ocrx_word' id='word_1_337' title='bbox 1308 814 1399 850; x_wconf 72' lang='lat' dir='ltr'><strong>Glyczc</strong></span> <span class='ocrx_word' id='word_1_338' title='bbox 1426 815 1575 850; x_wconf 85' lang='lat' dir='ltr'><strong>synchroni</strong></span> <span class='ocrx_word' id='word_1_339' title='bbox 1604 823 1666 842; x_wconf 88' lang='lat' dir='ltr'><strong>eum</strong></span> <span class='ocrx_word' id='word_1_340' title='bbox 1683 814 1805 846; x_wconf 52' lang='lat' dir='ltr'><strong>itterint,</strong></span> 
     </span>
    </p>
   </div>
   <div class='ocr_carea' id='block_1_47' title="bbox 972 854 1796 895">
    <p class='ocr_par' dir='ltr' id='par_1_47' title="bbox 972 854 1796 895">
     <span class='ocr_line' id='line_1_47' title="bbox 972 854 1796 895; baseline 0.002 -9"><span class='ocrx_word' id='word_1_341' title='bbox 972 854 992 881; x_wconf 79' lang='grc' dir='ltr'><strong><em>Β</em></strong></span> <span class='ocrx_word' id='word_1_342' title='bbox 1009 861 1043 886; x_wconf 87' lang='lat' dir='ltr'><strong>ad</strong></span> <span class='ocrx_word' id='word_1_343' title='bbox 1056 860 1116 888; x_wconf 89' lang='lat' dir='ltr'><strong>illos</strong></span> <span class='ocrx_word' id='word_1_344' title='bbox 1135 861 1264 895; x_wconf 72' lang='lat' dir='ltr'><strong>epistolas</strong></span> <span class='ocrx_word' id='word_1_345' title='bbox 1292 861 1400 889; x_wconf 81' lang='lat' dir='ltr'><strong>dedisse</strong></span> <span class='ocrx_word' id='word_1_346' title='bbox 1422 862 1491 889; x_wconf 85' lang='lat' dir='ltr'><strong>nihil</strong></span> <span class='ocrx_word' id='word_1_347' title='bbox 1519 861 1618 889; x_wconf 85' lang='lat' dir='ltr'><strong>mirqu</strong></span> <span class='ocrx_word' id='word_1_348' title='bbox 1648 862 1796 890; x_wconf 74' lang='lat' dir='ltr'><strong>videbitur.</strong></span> 
     </span>
    </p>
   </div>
   <div class='ocr_carea' id='block_1_48' title="bbox 1007 905 1796 943">
    <p class='ocr_par' dir='ltr' id='par_1_48' title="bbox 1007 905 1796 943">
     <span class='ocr_line' id='line_1_48' title="bbox 1007 905 1796 943; baseline 0.003 -10"><span class='ocrx_word' id='word_1_349' title='bbox 1007 905 1069 933; x_wconf 61' lang='lat' dir='ltr'><strong>Haec</strong></span> <span class='ocrx_word' id='word_1_350' title='bbox 1082 906 1214 934; x_wconf 85' lang='lat' dir='ltr'><strong>adversus</strong></span> <span class='ocrx_word' id='word_1_351' title='bbox 1229 907 1407 942; x_wconf 79' lang='lat' dir='ltr'><strong>conjecturas</strong></span> <span class='ocrx_word' id='word_1_352' title='bbox 1435 907 1558 935; x_wconf 82' lang='lat' dir='ltr'><strong>Dufrenii</strong></span> <span class='ocrx_word' id='word_1_353' title='bbox 1569 916 1618 943; x_wconf 90' lang='lat' dir='ltr'><strong>pro</strong></span> <span class='ocrx_word' id='word_1_354' title='bbox 1637 908 1742 935; x_wconf 85' lang='lat' dir='ltr'><strong>Zonara</strong></span> <span class='ocrx_word' id='word_1_355' title='bbox 1756 908 1796 936; x_wconf 83' lang='lat' dir='ltr'><strong>ia-</strong></span> 
     </span>
    </p>
   </div>
   <div class='ocr_carea' id='block_1_49' title="bbox 1007 951 1798 989">
    <p class='ocr_par' dir='ltr' id='par_1_49' title="bbox 1007 951 1798 989">
     <span class='ocr_line' id='line_1_49' title="bbox 1007 951 1798 989; baseline 0.005 -11"><span class='ocrx_word' id='word_1_356' title='bbox 1007 956 1075 979; x_wconf 78' lang='lat' dir='ltr'><strong>ctas.</strong></span> <span class='ocrx_word' id='word_1_357' title='bbox 1100 951 1200 979; x_wconf 85' lang='lat' dir='ltr'><strong>Contra</strong></span> <span class='ocrx_word' id='word_1_358' title='bbox 1231 957 1323 980; x_wconf 86' lang='lat' dir='ltr'><strong>autent</strong></span> <span class='ocrx_word' id='word_1_359' title='bbox 1353 953 1460 980; x_wconf 87' lang='lat' dir='ltr'><strong>illorum</strong></span> <span class='ocrx_word' id='word_1_360' title='bbox 1496 953 1619 989; x_wconf 66' lang='lat' dir='ltr'><strong>plurima:</strong></span> <span class='ocrx_word' id='word_1_361' title='bbox 1656 953 1798 982; x_wconf 73' lang='lat' dir='ltr'><strong>Michaelis</strong></span> 
     </span>
    </p>
   </div>
   <div class='ocr_carea' id='block_1_50' title="bbox 1006 997 1796 1036">
    <p class='ocr_par' dir='ltr' id='par_1_50' title="bbox 1006 997 1796 1036">
     <span class='ocr_line' id='line_1_50' title="bbox 1006 997 1796 1036; baseline 0.005 -13"><span class='ocrx_word' id='word_1_362' title='bbox 1006 997 1097 1032; x_wconf 73' lang='lat' dir='ltr'><strong>Glycze</strong></span> <span class='ocrx_word' id='word_1_363' title='bbox 1110 1005 1208 1025; x_wconf 79' lang='lat' dir='ltr'><strong>nomen</strong></span> <span class='ocrx_word' id='word_1_364' title='bbox 1226 1006 1389 1034; x_wconf 80' lang='lat' dir='ltr'><strong>expressum</strong></span> <span class='ocrx_word' id='word_1_365' title='bbox 1423 1000 1536 1032; x_wconf 84' lang='lat' dir='ltr'><strong>habent,</strong></span> <span class='ocrx_word' id='word_1_366' title='bbox 1567 1000 1704 1036; x_wconf 67' lang='lat' dir='ltr'><strong>inscriptae</strong></span> <span class='ocrx_word' id='word_1_367' title='bbox 1726 1008 1796 1028; x_wconf 86' lang='lat' dir='ltr'><strong>non-</strong></span> 
     </span>
    </p>
   </div>
   <div class='ocr_carea' id='block_1_51' title="bbox 1007 1043 1797 1081">
    <p class='ocr_par' dir='ltr' id='par_1_51' title="bbox 1007 1043 1797 1081">
     <span class='ocr_line' id='line_1_51' title="bbox 1007 1043 1797 1081; baseline 0.004 -11"><span class='ocrx_word' id='word_1_368' title='bbox 1007 1043 1088 1070; x_wconf 70' lang='lat' dir='ltr'><strong>nullat</strong></span> <span class='ocrx_word' id='word_1_369' title='bbox 1101 1044 1204 1071; x_wconf 82' lang='lat' dir='ltr'><strong>diserte</strong></span> <span class='ocrx_word' id='word_1_370' title='bbox 1219 1043 1392 1072; x_wconf 84' lang='lat' dir='ltr'><strong>Constantino</strong></span> <span class='ocrx_word' id='word_1_371' title='bbox 1409 1045 1560 1080; x_wconf 76' lang='lat' dir='ltr'><strong>Pala&#39;ologo</strong></span> <span class='ocrx_word' id='word_1_372' title='bbox 1572 1046 1737 1081; x_wconf 83' lang='lat' dir='ltr'><strong>imperatori.</strong></span> <span class='ocrx_word' id='word_1_373' title='bbox 1750 1048 1797 1081; x_wconf 81' lang='lat' dir='ltr'><strong>qui</strong></span> 
     </span>
    </p>
   </div>
   <div class='ocr_carea' id='block_1_52' title="bbox 1006 1089 1798 1126">
    <p class='ocr_par' dir='ltr' id='par_1_52' title="bbox 1006 1089 1798 1126">
     <span class='ocr_line' id='line_1_52' title="bbox 1006 1089 1798 1126; baseline 0.006 -10"><span class='ocrx_word' id='word_1_374' title='bbox 1006 1089 1041 1116; x_wconf 87' lang='lat' dir='ltr'><strong>ab</strong></span> <span class='ocrx_word' id='word_1_375' title='bbox 1052 1096 1124 1116; x_wconf 87' lang='lat' dir='ltr'><strong>anno</strong></span> <span class='ocrx_word' id='word_1_376' title='bbox 1141 1089 1208 1117; x_wconf 73' lang='grc'><strong>1444</strong></span> <span class='ocrx_word' id='word_1_377' title='bbox 1218 1090 1251 1117; x_wconf 89' lang='lat' dir='ltr'><strong>ad</strong></span> <span class='ocrx_word' id='word_1_378' title='bbox 1269 1090 1339 1118; x_wconf 75' lang='grc'><strong>1455</strong></span> <span class='ocrx_word' id='word_1_379' title='bbox 1369 1091 1514 1126; x_wconf 85' lang='lat' dir='ltr'><strong>imperium</strong></span> <span class='ocrx_word' id='word_1_380' title='bbox 1537 1092 1636 1125; x_wconf 86' lang='lat' dir='ltr'><strong>tenuit,</strong></span> <span class='ocrx_word' id='word_1_381' title='bbox 1661 1092 1721 1121; x_wconf 70' lang='lat' dir='ltr'><strong>alite</strong></span> <span class='ocrx_word' id='word_1_382' title='bbox 1737 1094 1798 1122; x_wconf 85' lang='lat' dir='ltr'><strong>aliis</strong></span> 
     </span>
    </p>
   </div>
   <div class='ocr_carea' id='block_1_53' title="bbox 1006 1135 1536 1170">
    <p class='ocr_par' dir='ltr' id='par_1_53' title="bbox 1006 1135 1536 1170">
     <span class='ocr_line' id='line_1_53' title="bbox 1006 1135 1536 1170; baseline 0.006 -8"><span class='ocrx_word' id='word_1_383' title='bbox 1006 1135 1129 1170; x_wconf 83' lang='lat' dir='ltr'><strong>ejusdem</strong></span> <span class='ocrx_word' id='word_1_384' title='bbox 1147 1137 1279 1170; x_wconf 84' lang='lat' dir='ltr'><strong>temporis</strong></span> <span class='ocrx_word' id='word_1_385' title='bbox 1296 1136 1362 1164; x_wconf 70' lang='lat' dir='ltr'><strong>viris</strong></span> <span class='ocrx_word' id='word_1_386' title='bbox 1373 1137 1536 1165; x_wconf 81' lang='lat' dir='ltr'><strong>illustribus.</strong></span> 
     </span>
    </p>
   </div>
   <div class='ocr_carea' id='block_1_54' title="bbox 1256 1203 1547 1233">
    <p class='ocr_par' dir='ltr' id='par_1_54' title="bbox 1256 1203 1547 1233">
     <span class='ocr_line' id='line_1_54' title="bbox 1256 1203 1547 1233; baseline 0.007 -3"><span class='ocrx_word' id='word_1_387' title='bbox 1256 1203 1371 1232; x_wconf 80' lang='lat' dir='ltr'><strong>CAPUT</strong></span> <span class='ocrx_word' id='word_1_388' title='bbox 1382 1203 1547 1233; x_wconf 78' lang='lat' dir='ltr'><strong>TERTIUM.</strong></span> 
     </span>
    </p>
   </div>
   <div class='ocr_carea' id='block_1_55' title="bbox 1007 1258 1796 1297">
    <p class='ocr_par' dir='ltr' id='par_1_55' title="bbox 1007 1258 1796 1297">
     <span class='ocr_line' id='line_1_55' title="bbox 1007 1258 1796 1297; baseline 0.01 -13"><span class='ocrx_word' id='word_1_389' title='bbox 1007 1258 1077 1297; x_wconf 65' lang='lat' dir='ltr'><strong>Quid</strong></span> <span class='ocrx_word' id='word_1_390' title='bbox 1091 1260 1126 1286; x_wconf 77' lang='lat' dir='ltr'><strong>do</strong></span> <span class='ocrx_word' id='word_1_391' title='bbox 1137 1259 1310 1297; x_wconf 64' lang='lat' dir='ltr'><strong>Iriaepirtolis</strong></span> <span class='ocrx_word' id='word_1_392' title='bbox 1325 1261 1423 1297; x_wconf 77' lang='lat' dir='ltr'><strong>editum</strong></span> <span class='ocrx_word' id='word_1_393' title='bbox 1436 1262 1527 1296; x_wconf 75' lang='lat' dir='ltr'><strong>fuerit,</strong></span> <span class='ocrx_word' id='word_1_394' title='bbox 1544 1262 1589 1297; x_wconf 80' lang='lat' dir='ltr'><strong>qui</strong></span> <span class='ocrx_word' id='word_1_395' title='bbox 1602 1263 1703 1291; x_wconf 81' lang='lat' dir='ltr'><strong>codices</strong></span> <span class='ocrx_word' id='word_1_396' title='bbox 1734 1273 1796 1292; x_wconf 75' lang='lat' dir='ltr'><strong>mss.</strong></span> 
     </span>
    </p>
   </div>
   <div class='ocr_carea' id='block_1_56' title="bbox 1043 1295 1798 1332">
    <p class='ocr_par' dir='ltr' id='par_1_56' title="bbox 1043 1295 1798 1332">
     <span class='ocr_line' id='line_1_56' title="bbox 1043 1295 1798 1332; baseline 0.007 -11"><span class='ocrx_word' id='word_1_397' title='bbox 1043 1295 1205 1332; x_wconf 72' lang='lat' dir='ltr'><strong>illarum_in</strong></span> <span class='ocrx_word' id='word_1_398' title='bbox 1219 1296 1334 1332; x_wconf 67' lang='lat' dir='ltr'><strong>divertis</strong></span> <span class='ocrx_word' id='word_1_399' title='bbox 1350 1295 1526 1328; x_wconf 62' lang='lat' dir='ltr'><strong>bibliothecis.</strong></span> <span class='ocrx_word' id='word_1_400' title='bbox 1550 1295 1583 1324; x_wconf 75' lang='lat' dir='ltr'><strong>ac</strong></span> <span class='ocrx_word' id='word_1_401' title='bbox 1611 1301 1643 1325; x_wconf 82' lang='lat' dir='ltr'><strong>de</strong></span> <span class='ocrx_word' id='word_1_402' title='bbox 1655 1299 1709 1326; x_wconf 78' lang='lat' dir='ltr'><strong>illis</strong></span> <span class='ocrx_word' id='word_1_403' title='bbox 1735 1301 1798 1332; x_wconf 74' lang='lat' dir='ltr'><strong>quid</strong></span> 
     </span>
    </p>
   </div>
   <div class='ocr_carea' id='block_1_57' title="bbox 1044 1329 1795 1361">
    <p class='ocr_par' dir='ltr' id='par_1_57' title="bbox 1044 1329 1795 1361">
     <span class='ocr_line' id='line_1_57' title="bbox 1044 1329 1795 1361; baseline 0.008 -6"><span class='ocrx_word' id='word_1_404' title='bbox 1044 1329 1137 1356; x_wconf 72' lang='lat' dir='ltr'><strong>Petrus</strong></span> <span class='ocrx_word' id='word_1_405' title='bbox 1151 1329 1303 1357; x_wconf 69' lang='lat' dir='ltr'><strong>Lamberius</strong></span> <span class='ocrx_word' id='word_1_406' title='bbox 1319 1332 1418 1358; x_wconf 77' lang='lat' dir='ltr'><strong>scribat</strong></span> <span class='ocrx_word' id='word_1_407' title='bbox 1433 1336 1458 1357; x_wconf 82' lang='lat' dir='ltr'><strong>et</strong></span> <span class='ocrx_word' id='word_1_408' title='bbox 1481 1332 1578 1359; x_wconf 80' lang='lat' dir='ltr'><strong>sentiat</strong></span> <span class='ocrx_word' id='word_1_409' title='bbox 1597 1333 1672 1360; x_wconf 82' lang='lat' dir='ltr'><strong>libris</strong></span> <span class='ocrx_word' id='word_1_410' title='bbox 1698 1343 1724 1361; x_wconf 89' lang='lat' dir='ltr'><strong>tv</strong></span> <span class='ocrx_word' id='word_1_411' title='bbox 1740 1329 1766 1361; x_wconf 73' lang='grc' dir='ltr'><strong>ὶιι</strong></span> <span class='ocrx_word' id='word_1_412' title='bbox 1782 1343 1795 1360; x_wconf 89' lang='lat' dir='ltr'><strong>v</strong></span> 
     </span>
    </p>
   </div>
   <div class='ocr_carea' id='block_1_58' title="bbox 1043 1363 1798 1397">
    <p class='ocr_par' dir='ltr' id='par_1_58' title="bbox 1043 1363 1798 1397">
     <span class='ocr_line' id='line_1_58' title="bbox 1043 1363 1798 1397; baseline 0.008 -6"><span class='ocrx_word' id='word_1_413' title='bbox 1043 1363 1300 1392; x_wconf 82' lang='lat' dir='ltr'><strong>Commentariorum</strong></span> <span class='ocrx_word' id='word_1_414' title='bbox 1324 1365 1485 1394; x_wconf 70' lang='lat' dir='ltr'><strong>bibliotheca</strong></span> <span class='ocrx_word' id='word_1_415' title='bbox 1509 1366 1637 1395; x_wconf 60' lang='lat' dir='ltr'><strong>Caesarem</strong></span> <span class='ocrx_word' id='word_1_416' title='bbox 1671 1368 1798 1397; x_wconf 66' lang='lat' dir='ltr'><strong>Vindol&#39;o-</strong></span> 
     </span>
    </p>
   </div>
   <div class='ocr_carea' id='block_1_59' title="bbox 1044 1407 1144 1427">
    <p class='ocr_par' dir='ltr' id='par_1_59' title="bbox 1044 1407 1144 1427">
     <span class='ocr_line' id='line_1_59' title="bbox 1044 1407 1144 1427; baseline 0.02 -2"><span class='ocrx_word' id='word_1_417' title='bbox 1044 1407 1093 1426; x_wconf 69' lang='lat' dir='ltr'><strong>lle&quot;</strong></span> <span class='ocrx_word' id='word_1_418' title='bbox 1096 1409 1131 1427; x_wconf 69' lang='grc'><strong>818</strong></span> <span class='ocrx_word' id='word_1_419' title='bbox 1136 1420 1144 1427; x_wconf 89' lang='grc'><strong><em>.</em></strong></span> 
     </span>
    </p>
   </div>
   <div class='ocr_carea' id='block_1_60' title="bbox 1044 1457 1798 1496">
    <p class='ocr_par' dir='ltr' id='par_1_60' title="bbox 1044 1457 1798 1496">
     <span class='ocr_line' id='line_1_60' title="bbox 1044 1457 1798 1496; baseline 0.008 -12"><span class='ocrx_word' id='word_1_420' title='bbox 1044 1457 1170 1492; x_wconf 70' lang='lat' dir='ltr'><strong>Ejusdem</strong></span> <span class='ocrx_word' id='word_1_421' title='bbox 1192 1458 1326 1485; x_wconf 77' lang='lat' dir='ltr'><strong>Michaelis</strong></span> <span class='ocrx_word' id='word_1_422' title='bbox 1355 1457 1444 1494; x_wconf 76' lang='lat' dir='ltr'><strong>Clyca:</strong></span> <span class='ocrx_word' id='word_1_423' title='bbox 1470 1460 1708 1496; x_wconf 73' lang='lat' dir='ltr'><strong>disputatiunculae</strong></span> <span class='ocrx_word' id='word_1_424' title='bbox 1738 1464 1798 1490; x_wconf 78' lang='lat' dir='ltr'><strong>dim:</strong></span> 
     </span>
    </p>
   </div>
   <div class='ocr_carea' id='block_1_61' title="bbox 202 1501 1798 1545">
    <p class='ocr_par' dir='ltr' id='par_1_61' title="bbox 202 1501 1798 1545">
     <span class='ocr_line' id='line_1_61' title="bbox 202 1501 1798 1545; baseline 0.004 -15"><span class='ocrx_word' id='word_1_425' title='bbox 202 1501 312 1531; x_wconf 78' lang='lat' dir='ltr'><strong>Falsum</strong></span> <span class='ocrx_word' id='word_1_426' title='bbox 328 1510 409 1537; x_wconf 89' lang='lat' dir='ltr'><strong>porro</strong></span> <span class='ocrx_word' id='word_1_427' title='bbox 422 1508 474 1533; x_wconf 85' lang='lat' dir='ltr'><strong>est,</strong></span> <span class='ocrx_word' id='word_1_428' title='bbox 488 1503 560 1538; x_wconf 85' lang='lat' dir='ltr'><strong>quod</strong></span> <span class='ocrx_word' id='word_1_429' title='bbox 575 1502 672 1530; x_wconf 87' lang='lat' dir='ltr'><strong>scribit</strong></span> <span class='ocrx_word' id='word_1_430' title='bbox 685 1502 833 1530; x_wconf 81' lang='lat' dir='ltr'><strong>Dul‘renius</strong></span> <span class='ocrx_word' id='word_1_431' title='bbox 845 1504 955 1538; x_wconf 86' lang='lat' dir='ltr'><strong>allatus,</strong></span> <span class='ocrx_word' id='word_1_432' title='bbox 969 1517 991 1545; x_wconf 71' lang='grc' dir='ltr'><strong>ο</strong></span> <span class='ocrx_word' id='word_1_433' title='bbox 1009 1502 1104 1530; x_wconf 84' lang='lat' dir='ltr'><strong>Latine</strong></span> <span class='ocrx_word' id='word_1_434' title='bbox 1118 1503 1196 1530; x_wconf 60' lang='lat' dir='ltr'><strong>facta</strong></span> <span class='ocrx_word' id='word_1_435' title='bbox 1211 1511 1260 1538; x_wconf 87' lang='lat' dir='ltr'><strong>per</strong></span> <span class='ocrx_word' id='word_1_436' title='bbox 1268 1503 1399 1532; x_wconf 82' lang='lat' dir='ltr'><strong>Jacobum</strong></span> <span class='ocrx_word' id='word_1_437' title='bbox 1417 1503 1573 1534; x_wconf 84' lang='lat' dir='ltr'><strong>Pontanum</strong></span> <span class='ocrx_word' id='word_1_438' title='bbox 1585 1514 1642 1535; x_wconf 89' lang='lat' dir='ltr'><strong>soc.</strong></span> <span class='ocrx_word' id='word_1_439' title='bbox 1661 1508 1737 1541; x_wconf 82' lang='lat' dir='ltr'><strong>lesu.</strong></span> <span class='ocrx_word' id='word_1_440' title='bbox 1756 1508 1798 1536; x_wconf 88' lang='lat' dir='ltr'><strong>ln—</strong></span> 
     </span>
    </p>
   </div>
   <div class='ocr_carea' id='block_1_62' title="bbox 169 1549 955 1584">
    <p class='ocr_par' dir='ltr' id='par_1_62' title="bbox 169 1549 955 1584">
     <span class='ocr_line' id='line_1_62' title="bbox 169 1549 955 1584; baseline 0.004 -9"><span class='ocrx_word' id='word_1_441' title='bbox 169 1550 312 1584; x_wconf 57' lang='lat' dir='ltr'><strong>epistolam</strong></span> <span class='ocrx_word' id='word_1_442' title='bbox 326 1557 425 1582; x_wconf 89' lang='lat' dir='ltr'><strong>nempe</strong></span> <span class='ocrx_word' id='word_1_443' title='bbox 442 1549 476 1577; x_wconf 79' lang='lat'><strong>58</strong></span> <span class='ocrx_word' id='word_1_444' title='bbox 507 1549 587 1584; x_wconf 84' lang='lat' dir='ltr'><strong>hujus</strong></span> <span class='ocrx_word' id='word_1_445' title='bbox 610 1549 780 1577; x_wconf 81' lang='lat' dir='ltr'><strong>Collectionis</strong></span> <span class='ocrx_word' id='word_1_446' title='bbox 809 1557 871 1578; x_wconf 89' lang='lat' dir='ltr'><strong>esse</strong></span> <span class='ocrx_word' id='word_1_447' title='bbox 898 1550 955 1578; x_wconf 83' lang='lat' dir='ltr'><strong>Ma-</strong></span> 
     </span>
    </p>
   </div>
   <div class='ocr_carea' id='block_1_63' title="bbox 167 1595 954 1631">
    <p class='ocr_par' dir='ltr' id='par_1_63' title="bbox 167 1595 954 1631">
     <span class='ocr_line' id='line_1_63' title="bbox 167 1595 954 1631; baseline 0 -8"><span class='ocrx_word' id='word_1_448' title='bbox 167 1596 255 1623; x_wconf 85' lang='lat' dir='ltr'><strong>nuclis</strong></span> <span class='ocrx_word' id='word_1_449' title='bbox 268 1596 399 1623; x_wconf 80' lang='lat' dir='ltr'><strong>Comneni</strong></span> <span class='ocrx_word' id='word_1_450' title='bbox 415 1595 628 1630; x_wconf 86' lang='lat' dir='ltr'><strong>imperatorisad</strong></span> <span class='ocrx_word' id='word_1_451' title='bbox 640 1595 764 1631; x_wconf 87' lang='lat' dir='ltr'><strong>Alypium</strong></span> <span class='ocrx_word' id='word_1_452' title='bbox 780 1596 954 1628; x_wconf 88' lang='lat' dir='ltr'><strong>monachum,</strong></span> 
     </span>
    </p>
   </div>
   <div class='ocr_carea' id='block_1_64' title="bbox 167 1641 956 1677">
    <p class='ocr_par' dir='ltr' id='par_1_64' title="bbox 167 1641 956 1677">
     <span class='ocr_line' id='line_1_64' title="bbox 167 1641 956 1677; baseline 0 -8"><span class='ocrx_word' id='word_1_453' title='bbox 167 1650 247 1676; x_wconf 85' lang='lat' dir='ltr'><strong>quem</strong></span> <span class='ocrx_word' id='word_1_454' title='bbox 265 1650 280 1669; x_wconf 85' lang='lat' dir='ltr'><strong>a</strong></span> <span class='ocrx_word' id='word_1_455' title='bbox 297 1641 388 1670; x_wconf 88' lang='lat' dir='ltr'><strong>studio</strong></span> <span class='ocrx_word' id='word_1_456' title='bbox 405 1641 559 1677; x_wconf 70' lang='lat' dir='ltr'><strong>astrologia:</strong></span> <span class='ocrx_word' id='word_1_457' title='bbox 574 1646 700 1669; x_wconf 81' lang='lat' dir='ltr'><strong>avertere</strong></span> <span class='ocrx_word' id='word_1_458' title='bbox 724 1642 882 1669; x_wconf 88' lang='lat' dir='ltr'><strong>omnimode</strong></span> <span class='ocrx_word' id='word_1_459' title='bbox 893 1643 956 1670; x_wconf 90' lang='lat' dir='ltr'><strong>niti-</strong></span> 
     </span>
    </p>
   </div>
   <div class='ocr_carea' id='block_1_65' title="bbox 169 1686 955 1722">
    <p class='ocr_par' dir='ltr' id='par_1_65' title="bbox 169 1686 955 1722">
     <span class='ocr_line' id='line_1_65' title="bbox 169 1686 955 1722; baseline 0 -8"><span class='ocrx_word' id='word_1_460' title='bbox 169 1693 211 1714; x_wconf 85' lang='lat' dir='ltr'><strong>htr</strong></span> <span class='ocrx_word' id='word_1_461' title='bbox 230 1698 236 1715; x_wconf 87' lang='lat'><strong>:</strong></span> <span class='ocrx_word' id='word_1_462' title='bbox 254 1688 378 1722; x_wconf 87' lang='lat' dir='ltr'><strong>nihilque</strong></span> <span class='ocrx_word' id='word_1_463' title='bbox 405 1688 432 1714; x_wconf 88' lang='lat' dir='ltr'><strong>in</strong></span> <span class='ocrx_word' id='word_1_464' title='bbox 453 1687 504 1714; x_wconf 85' lang='lat' dir='ltr'><strong>hoc</strong></span> <span class='ocrx_word' id='word_1_465' title='bbox 527 1686 715 1720; x_wconf 79' lang='lat' dir='ltr'><strong>Collectaneo,</strong></span> <span class='ocrx_word' id='word_1_466' title='bbox 745 1687 819 1720; x_wconf 91' lang='lat' dir='ltr'><strong>quod</strong></span> <span class='ocrx_word' id='word_1_467' title='bbox 848 1691 955 1721; x_wconf 76' lang='lat' dir='ltr'><strong>spectet</strong></span> 
     </span>
    </p>
   </div>
   <div class='ocr_carea' id='block_1_66' title="bbox 166 1733 953 1768">
    <p class='ocr_par' dir='ltr' id='par_1_66' title="bbox 166 1733 953 1768">
     <span class='ocr_line' id='line_1_66' title="bbox 166 1733 953 1768; baseline -0.001 -7"><span class='ocrx_word' id='word_1_468' title='bbox 166 1734 200 1761; x_wconf 78' lang='lat' dir='ltr'><strong>ad</strong></span> <span class='ocrx_word' id='word_1_469' title='bbox 223 1734 416 1768; x_wconf 77' lang='lat' dir='ltr'><strong>imperatorem</strong></span> <span class='ocrx_word' id='word_1_470' title='bbox 430 1734 513 1766; x_wconf 87' lang='lat' dir='ltr'><strong>hunc,</strong></span> <span class='ocrx_word' id='word_1_471' title='bbox 541 1741 621 1768; x_wconf 86' lang='lat' dir='ltr'><strong>quam</strong></span> <span class='ocrx_word' id='word_1_472' title='bbox 641 1733 882 1767; x_wconf 76' lang='lat' dir='ltr'><strong>Antapologeticus,</strong></span> <span class='ocrx_word' id='word_1_473' title='bbox 908 1733 953 1767; x_wconf 87' lang='lat' dir='ltr'><strong>qui</strong></span> 
     </span>
    </p>
   </div>
   <div class='ocr_carea' id='block_1_67' title="bbox 169 1779 954 1813">
    <p class='ocr_par' dir='ltr' id='par_1_67' title="bbox 169 1779 954 1813">
     <span class='ocr_line' id='line_1_67' title="bbox 169 1779 954 1813; baseline 0.001 -8"><span class='ocrx_word' id='word_1_474' title='bbox 169 1787 270 1806; x_wconf 77' lang='lat' dir='ltr'><strong>nomen</strong></span> <span class='ocrx_word' id='word_1_475' title='bbox 286 1779 346 1813; x_wconf 87' lang='lat' dir='ltr'><strong>ejus</strong></span> <span class='ocrx_word' id='word_1_476' title='bbox 357 1779 475 1813; x_wconf 63' lang='lat' dir='ltr'><strong>praefert,</strong></span> <span class='ocrx_word' id='word_1_477' title='bbox 503 1783 531 1806; x_wconf 85' lang='lat' dir='ltr'><strong>et</strong></span> <span class='ocrx_word' id='word_1_478' title='bbox 546 1779 653 1806; x_wconf 32' lang='lat' dir='ltr'><strong>loeo‘59</strong></span> <span class='ocrx_word' id='word_1_479' title='bbox 682 1779 846 1806; x_wconf 84' lang='lat' dir='ltr'><strong>collocatur.</strong></span> <span class='ocrx_word' id='word_1_480' title='bbox 869 1780 954 1806; x_wconf 82' lang='lat' dir='ltr'><strong>Porro</strong></span> 
     </span>
    </p>
   </div>
   <div class='ocr_carea' id='block_1_68' title="bbox 167 1825 955 1860">
    <p class='ocr_par' dir='ltr' id='par_1_68' title="bbox 167 1825 955 1860">
     <span class='ocr_line' id='line_1_68' title="bbox 167 1825 955 1860; baseline 0.003 -9"><span class='ocrx_word' id='word_1_481' title='bbox 167 1833 228 1851; x_wconf 89' lang='lat' dir='ltr'><strong>ctnn</strong></span> <span class='ocrx_word' id='word_1_482' title='bbox 245 1825 356 1860; x_wconf 77' lang='lat' dir='ltr'><strong>Alypius</strong></span> <span class='ocrx_word' id='word_1_483' title='bbox 374 1825 519 1860; x_wconf 81' lang='lat' dir='ltr'><strong>astrologia</strong></span> <span class='ocrx_word' id='word_1_484' title='bbox 542 1825 640 1852; x_wconf 88' lang='lat' dir='ltr'><strong>mirum</strong></span> <span class='ocrx_word' id='word_1_485' title='bbox 657 1825 683 1852; x_wconf 90' lang='lat' dir='ltr'><strong>in</strong></span> <span class='ocrx_word' id='word_1_486' title='bbox 706 1826 816 1852; x_wconf 87' lang='lat' dir='ltr'><strong>modum</strong></span> <span class='ocrx_word' id='word_1_487' title='bbox 834 1825 955 1853; x_wconf 79' lang='lat' dir='ltr'><strong>allicere-</strong></span> 
     </span>
    </p>
   </div>
   <div class='ocr_carea' id='block_1_69' title="bbox 167 1871 953 1907">
    <p class='ocr_par' dir='ltr' id='par_1_69' title="bbox 167 1871 953 1907">
     <span class='ocr_line' id='line_1_69' title="bbox 167 1871 953 1907; baseline 0.001 -10"><span class='ocrx_word' id='word_1_488' title='bbox 167 1877 221 1902; x_wconf 79' lang='lat' dir='ltr'><strong>Iur,</strong></span> <span class='ocrx_word' id='word_1_489' title='bbox 236 1879 288 1899; x_wconf 81' lang='lat' dir='ltr'><strong>nec</strong></span> <span class='ocrx_word' id='word_1_490' title='bbox 315 1871 434 1898; x_wconf 89' lang='lat' dir='ltr'><strong>studium</strong></span> <span class='ocrx_word' id='word_1_491' title='bbox 455 1871 516 1905; x_wconf 85' lang='lat' dir='ltr'><strong>ejus</strong></span> <span class='ocrx_word' id='word_1_492' title='bbox 537 1871 664 1898; x_wconf 81' lang='lat' dir='ltr'><strong>hortante</strong></span> <span class='ocrx_word' id='word_1_493' title='bbox 699 1871 830 1899; x_wconf 82' lang='lat' dir='ltr'><strong>Michaele</strong></span> <span class='ocrx_word' id='word_1_494' title='bbox 860 1871 953 1907; x_wconf 72' lang='lat' dir='ltr'><strong>Glyco,</strong></span> 
     </span>
    </p>
   </div>
   <div class='ocr_carea' id='block_1_70' title="bbox 164 1909 952 1953">
    <p class='ocr_par' dir='ltr' id='par_1_70' title="bbox 164 1909 952 1953">
     <span class='ocr_line' id='line_1_70' title="bbox 164 1909 952 1953; baseline 0.004 -10"><span class='ocrx_word' id='word_1_495' title='bbox 164 1917 232 1944; x_wconf 80' lang='lat' dir='ltr'><strong>licet</strong></span> <span class='ocrx_word' id='word_1_496' title='bbox 241 1917 376 1944; x_wconf 85' lang='lat' dir='ltr'><strong>monacho</strong></span> <span class='ocrx_word' id='word_1_497' title='bbox 389 1918 479 1945; x_wconf 88' lang='lat' dir='ltr'><strong>minus</strong></span> <span class='ocrx_word' id='word_1_498' title='bbox 493 1917 662 1945; x_wconf 83' lang='lat' dir='ltr'><strong>conveniens</strong></span> <span class='ocrx_word' id='word_1_499' title='bbox 679 1909 833 1953; x_wconf 74' lang='lat' dir='ltr'><strong>relinquere</strong></span> <span class='ocrx_word' id='word_1_500' title='bbox 850 1919 930 1946; x_wconf 83' lang='lat' dir='ltr'><strong>vellet</strong></span> <span class='ocrx_word' id='word_1_501' title='bbox 945 1927 952 1945; x_wconf 87' lang='lat'><strong>:</strong></span> 
     </span>
    </p>
   </div>
   <div class='ocr_carea' id='block_1_71' title="bbox 165 1963 952 1999">
    <p class='ocr_par' dir='ltr' id='par_1_71' title="bbox 165 1963 952 1999">
     <span class='ocr_line' id='line_1_71' title="bbox 165 1963 952 1999; baseline 0.004 -10"><span class='ocrx_word' id='word_1_502' title='bbox 165 1963 294 1996; x_wconf 62' lang='lat' dir='ltr'><strong>Epistolm</strong></span> <span class='ocrx_word' id='word_1_503' title='bbox 310 1963 447 1991; x_wconf 78' lang='lat' dir='ltr'><strong>Michaelis</strong></span> <span class='ocrx_word' id='word_1_504' title='bbox 477 1963 577 1998; x_wconf 66' lang='lat' dir='ltr'><strong>Glycze.</strong></span> <span class='ocrx_word' id='word_1_505' title='bbox 610 1971 645 1990; x_wconf 87' lang='lat' dir='ltr'><strong>ne</strong></span> <span class='ocrx_word' id='word_1_506' title='bbox 663 1964 738 1990; x_wconf 90' lang='lat' dir='ltr'><strong>illum</strong></span> <span class='ocrx_word' id='word_1_507' title='bbox 766 1970 952 1999; x_wconf 72' lang='lat' dir='ltr'><strong>exasperaret.</strong></span> 
     </span>
    </p>
   </div>
   <div class='ocr_carea' id='block_1_72' title="bbox 163 2008 952 2043">
    <p class='ocr_par' dir='ltr' id='par_1_72' title="bbox 163 2008 952 2043">
     <span class='ocr_line' id='line_1_72' title="bbox 163 2008 952 2043; baseline 0.003 -8"><span class='ocrx_word' id='word_1_508' title='bbox 163 2008 332 2042; x_wconf 57' lang='lat' dir='ltr'><strong>respondere</strong></span> <span class='ocrx_word' id='word_1_509' title='bbox 355 2008 461 2040; x_wconf 82' lang='lat' dir='ltr'><strong>nolens,</strong></span> <span class='ocrx_word' id='word_1_510' title='bbox 478 2015 528 2043; x_wconf 85' lang='lat' dir='ltr'><strong>pro</strong></span> <span class='ocrx_word' id='word_1_511' title='bbox 553 2009 732 2043; x_wconf 88' lang='lat' dir='ltr'><strong>responsione</strong></span> <span class='ocrx_word' id='word_1_512' title='bbox 750 2009 837 2040; x_wconf 62' lang='lat' dir='ltr'><strong>n.‘.sit,</strong></span> <span class='ocrx_word' id='word_1_513' title='bbox 854 2009 888 2036; x_wconf 88' lang='lat' dir='ltr'><strong>ad</strong></span> <span class='ocrx_word' id='word_1_514' title='bbox 909 2010 952 2037; x_wconf 85' lang='lat' dir='ltr'><strong>sui</strong></span> 
     </span>
    </p>
   </div>
   <div class='ocr_carea' id='block_1_73' title="bbox 161 2053 952 2089">
    <p class='ocr_par' dir='ltr' id='par_1_73' title="bbox 161 2053 952 2089">
     <span class='ocr_line' id='line_1_73' title="bbox 161 2053 952 2089; baseline 0.001 -9"><span class='ocrx_word' id='word_1_515' title='bbox 161 2054 398 2088; x_wconf 76' lang='lat' dir='ltr'><strong>justiticationem,</strong></span> <span class='ocrx_word' id='word_1_516' title='bbox 414 2053 659 2089; x_wconf 82' lang='lat' dir='ltr'><strong>Antapologeticum</strong></span> <span class='ocrx_word' id='word_1_517' title='bbox 674 2053 807 2081; x_wconf 83' lang='lat' dir='ltr'><strong>Manuelis</strong></span> <span class='ocrx_word' id='word_1_518' title='bbox 823 2053 952 2081; x_wconf 84' lang='lat' dir='ltr'><strong>Conmeni</strong></span> 
     </span>
    </p>
   </div>
   <div class='ocr_carea' id='block_1_74' title="bbox 163 2099 954 2134">
    <p class='ocr_par' dir='ltr' id='par_1_74' title="bbox 163 2099 954 2134">
     <span class='ocr_line' id='line_1_74' title="bbox 163 2099 954 2134; baseline 0.001 -9"><span class='ocrx_word' id='word_1_519' title='bbox 163 2099 344 2132; x_wconf 81' lang='lat' dir='ltr'><strong>imperatoris,</strong></span> <span class='ocrx_word' id='word_1_520' title='bbox 357 2107 438 2134; x_wconf 88' lang='lat' dir='ltr'><strong>quem</strong></span> <span class='ocrx_word' id='word_1_521' title='bbox 455 2099 525 2126; x_wconf 90' lang='lat' dir='ltr'><strong>inter</strong></span> <span class='ocrx_word' id='word_1_522' title='bbox 546 2099 655 2127; x_wconf 86' lang='lat' dir='ltr'><strong>codices</strong></span> <span class='ocrx_word' id='word_1_523' title='bbox 670 2107 735 2127; x_wconf 88' lang='lat' dir='ltr'><strong>suos</strong></span> <span class='ocrx_word' id='word_1_524' title='bbox 761 2099 890 2131; x_wconf 83' lang='lat' dir='ltr'><strong>habebat,</strong></span> <span class='ocrx_word' id='word_1_525' title='bbox 919 2099 954 2126; x_wconf 78' lang='lat' dir='ltr'><strong>ab</strong></span> 
     </span>
    </p>
   </div>
   <div class='ocr_carea' id='block_1_75' title="bbox 162 2145 954 2180">
    <p class='ocr_par' dir='ltr' id='par_1_75' title="bbox 162 2145 954 2180">
     <span class='ocr_line' id='line_1_75' title="bbox 162 2145 954 2180; baseline 0.001 -9"><span class='ocrx_word' id='word_1_526' title='bbox 162 2146 244 2172; x_wconf 81' lang='lat' dir='ltr'><strong>anuis</strong></span> <span class='ocrx_word' id='word_1_527' title='bbox 257 2146 366 2172; x_wconf 85' lang='lat' dir='ltr'><strong>circiter</strong></span> <span class='ocrx_word' id='word_1_528' title='bbox 378 2145 429 2173; x_wconf 79' lang='lat'><strong>300</strong></span> <span class='ocrx_word' id='word_1_529' title='bbox 440 2145 626 2180; x_wconf 86' lang='lat' dir='ltr'><strong>conscriptum</strong></span> <span class='ocrx_word' id='word_1_530' title='bbox 652 2145 679 2171; x_wconf 93' lang='lat' dir='ltr'><strong>in</strong></span> <span class='ocrx_word' id='word_1_531' title='bbox 699 2145 813 2180; x_wconf 77' lang='lat' dir='ltr'><strong>gratiam</strong></span> <span class='ocrx_word' id='word_1_532' title='bbox 838 2146 954 2172; x_wconf 83' lang='lat' dir='ltr'><strong>astrolo-</strong></span> 
     </span>
    </p>
   </div>
   <div class='ocr_carea' id='block_1_76' title="bbox 1008 1549 1797 1590">
    <p class='ocr_par' dir='ltr' id='par_1_76' title="bbox 1008 1549 1797 1590">
     <span class='ocr_line' id='line_1_76' title="bbox 1008 1549 1797 1590; baseline 0.008 -15"><span class='ocrx_word' id='word_1_533' title='bbox 1008 1549 1146 1584; x_wconf 78' lang='lat' dir='ltr'><strong>golstadii,</strong></span> <span class='ocrx_word' id='word_1_534' title='bbox 1157 1558 1231 1577; x_wconf 85' lang='lat' dir='ltr'><strong>anno</strong></span> <span class='ocrx_word' id='word_1_535' title='bbox 1241 1550 1317 1584; x_wconf 71' lang='grc'><strong>1604,</strong></span> <span class='ocrx_word' id='word_1_536' title='bbox 1330 1551 1357 1578; x_wconf 94' lang='lat' dir='ltr'><strong>in</strong></span> <span class='ocrx_word' id='word_1_537' title='bbox 1369 1551 1395 1584; x_wconf 69' lang='grc'><strong>1,</strong></span> <span class='ocrx_word' id='word_1_538' title='bbox 1405 1560 1466 1579; x_wconf 91' lang='lat' dir='ltr'><strong>cum</strong></span> <span class='ocrx_word' id='word_1_539' title='bbox 1483 1552 1594 1588; x_wconf 86' lang='lat' dir='ltr'><strong>Dioptra</strong></span> <span class='ocrx_word' id='word_1_540' title='bbox 1607 1553 1722 1590; x_wconf 85' lang='lat' dir='ltr'><strong>Philippi</strong></span> <span class='ocrx_word' id='word_1_541' title='bbox 1732 1555 1797 1583; x_wconf 88' lang='lat' dir='ltr'><strong>Soli-</strong></span> 
     </span>
    </p>
   </div>
   <div class='ocr_carea' id='block_1_77' title="bbox 1009 1595 1798 1632">
    <p class='ocr_par' dir='ltr' id='par_1_77' title="bbox 1009 1595 1798 1632">
     <span class='ocr_line' id='line_1_77' title="bbox 1009 1595 1798 1632; baseline 0.01 -11"><span class='ocrx_word' id='word_1_542' title='bbox 1009 1595 1081 1628; x_wconf 85' lang='lat' dir='ltr'><strong>tarii,</strong></span> <span class='ocrx_word' id='word_1_543' title='bbox 1093 1603 1154 1630; x_wconf 67' lang='lat' dir='ltr'><strong>qua:</strong></span> <span class='ocrx_word' id='word_1_544' title='bbox 1166 1595 1260 1624; x_wconf 70' lang='lat' dir='ltr'><strong>Graece</strong></span> <span class='ocrx_word' id='word_1_545' title='bbox 1273 1604 1382 1632; x_wconf 86' lang='lat' dir='ltr'><strong>quoque</strong></span> <span class='ocrx_word' id='word_1_546' title='bbox 1396 1606 1461 1625; x_wconf 88' lang='lat' dir='ltr'><strong>mss.</strong></span> <span class='ocrx_word' id='word_1_547' title='bbox 1473 1604 1580 1626; x_wconf 80' lang='lat' dir='ltr'><strong>exstant</strong></span> <span class='ocrx_word' id='word_1_548' title='bbox 1591 1599 1618 1627; x_wconf 91' lang='lat' dir='ltr'><strong>in</strong></span> <span class='ocrx_word' id='word_1_549' title='bbox 1633 1600 1798 1629; x_wconf 77' lang='lat' dir='ltr'><strong>bibliotheca</strong></span> 
     </span>
    </p>
   </div>
   <div class='ocr_carea' id='block_1_78' title="bbox 1005 1640 1798 1680">
    <p class='ocr_par' dir='ltr' id='par_1_78' title="bbox 1005 1640 1798 1680">
     <span class='ocr_line' id='line_1_78' title="bbox 1005 1640 1798 1680; baseline 0.009 -12"><span class='ocrx_word' id='word_1_550' title='bbox 1005 1640 1129 1668; x_wconf 65' lang='lat' dir='ltr'><strong>Caesarea</strong></span> <span class='ocrx_word' id='word_1_551' title='bbox 1147 1640 1290 1669; x_wconf 80' lang='lat' dir='ltr'><strong>Viennensi</strong></span> <span class='ocrx_word' id='word_1_552' title='bbox 1315 1647 1342 1670; x_wconf 88' lang='lat' dir='ltr'><strong>et</strong></span> <span class='ocrx_word' id='word_1_553' title='bbox 1359 1644 1386 1670; x_wconf 88' lang='lat' dir='ltr'><strong>in</strong></span> <span class='ocrx_word' id='word_1_554' title='bbox 1413 1644 1570 1680; x_wconf 81' lang='lat' dir='ltr'><strong>Augustana</strong></span> <span class='ocrx_word' id='word_1_555' title='bbox 1591 1646 1653 1673; x_wconf 84' lang='lat' dir='ltr'><strong>cod.</strong></span> <span class='ocrx_word' id='word_1_556' title='bbox 1671 1646 1704 1674; x_wconf 83' lang='lat'><strong>57</strong></span> <span class='ocrx_word' id='word_1_557' title='bbox 1720 1655 1727 1674; x_wconf 85' lang='lat'><strong><em>:</em></strong></span> <span class='ocrx_word' id='word_1_558' title='bbox 1746 1647 1798 1674; x_wconf 63' lang='lat' dir='ltr'><strong>lli»</strong></span> 
     </span>
    </p>
   </div>
   <div class='ocr_carea' id='block_1_79' title="bbox 1007 1687 1797 1722">
    <p class='ocr_par' dir='ltr' id='par_1_79' title="bbox 1007 1687 1797 1722">
     <span class='ocr_line' id='line_1_79' title="bbox 1007 1687 1797 1722; baseline 0.01 -9"><span class='ocrx_word' id='word_1_559' title='bbox 1007 1687 1103 1714; x_wconf 80' lang='lat' dir='ltr'><strong>chaelis</strong></span> <span class='ocrx_word' id='word_1_560' title='bbox 1112 1687 1200 1721; x_wconf 73' lang='lat' dir='ltr'><strong>Glyco:</strong></span> <span class='ocrx_word' id='word_1_561' title='bbox 1210 1688 1394 1722; x_wconf 62' lang='lat' dir='ltr'><strong>explicationes</strong></span> <span class='ocrx_word' id='word_1_562' title='bbox 1409 1691 1576 1718; x_wconf 65' lang='lat' dir='ltr'><strong>obscurorum</strong></span> <span class='ocrx_word' id='word_1_563' title='bbox 1590 1691 1797 1722; x_wconf 77' lang='lat' dir='ltr'><strong>locorumsacm</strong></span> 
     </span>
    </p>
   </div>
   <div class='ocr_carea' id='block_1_80' title="bbox 1006 1731 1798 1771">
    <p class='ocr_par' dir='ltr' id='par_1_80' title="bbox 1006 1731 1798 1771">
     <span class='ocr_line' id='line_1_80' title="bbox 1006 1731 1798 1771; baseline 0.009 -13"><span class='ocrx_word' id='word_1_564' title='bbox 1006 1731 1151 1765; x_wconf 74' lang='lat' dir='ltr'><strong>Scriptum</strong></span> <span class='ocrx_word' id='word_1_565' title='bbox 1167 1741 1176 1760; x_wconf 92' lang='lat'><strong><em>:</em></strong></span> <span class='ocrx_word' id='word_1_566' title='bbox 1190 1734 1230 1761; x_wconf 89' lang='lat' dir='ltr'><strong>vel</strong></span> <span class='ocrx_word' id='word_1_567' title='bbox 1247 1739 1275 1760; x_wconf 92' lang='lat' dir='ltr'><strong>ut</strong></span> <span class='ocrx_word' id='word_1_568' title='bbox 1292 1735 1318 1760; x_wconf 94' lang='lat' dir='ltr'><strong>in</strong></span> <span class='ocrx_word' id='word_1_569' title='bbox 1331 1735 1518 1769; x_wconf 85' lang='lat' dir='ltr'><strong>imperatoria,</strong></span> <span class='ocrx_word' id='word_1_570' title='bbox 1532 1737 1654 1771; x_wconf 85' lang='lat' dir='ltr'><strong>ejusdem</strong></span> <span class='ocrx_word' id='word_1_571' title='bbox 1667 1737 1798 1770; x_wconf 58' lang='lat' dir='ltr'><strong>Questio—</strong></span> 
     </span>
    </p>
   </div>
   <div class='ocr_carea' id='block_1_81' title="bbox 1007 1779 1797 1817">
    <p class='ocr_par' dir='ltr' id='par_1_81' title="bbox 1007 1779 1797 1817">
     <span class='ocr_line' id='line_1_81' title="bbox 1007 1779 1797 1817; baseline 0.009 -13"><span class='ocrx_word' id='word_1_572' title='bbox 1007 1787 1050 1805; x_wconf 75' lang='lat' dir='ltr'><strong>nes</strong></span> <span class='ocrx_word' id='word_1_573' title='bbox 1073 1783 1097 1805; x_wconf 84' lang='lat' dir='ltr'><strong>et</strong></span> <span class='ocrx_word' id='word_1_574' title='bbox 1114 1779 1291 1807; x_wconf 76' lang='lat' dir='ltr'><strong>dubitationes</strong></span> <span class='ocrx_word' id='word_1_575' title='bbox 1319 1781 1346 1807; x_wconf 83' lang='lat' dir='ltr'><strong>in</strong></span> <span class='ocrx_word' id='word_1_576' title='bbox 1368 1780 1551 1817; x_wconf 54' lang='lat' dir='ltr'><strong>&#39;Scriptut&#39;ant,</strong></span> <span class='ocrx_word' id='word_1_577' title='bbox 1575 1790 1635 1817; x_wconf 63' lang='lat' dir='ltr'><strong>quat</strong></span> <span class='ocrx_word' id='word_1_578' title='bbox 1664 1784 1797 1816; x_wconf 87' lang='lat' dir='ltr'><strong>nondum,</strong></span> 
     </span>
    </p>
   </div>
   <div class='ocr_carea' id='block_1_82' title="bbox 1006 1825 1800 1863">
    <p class='ocr_par' dir='ltr' id='par_1_82' title="bbox 1006 1825 1800 1863">
     <span class='ocr_line' id='line_1_82' title="bbox 1006 1825 1800 1863; baseline 0.008 -12"><span class='ocrx_word' id='word_1_579' title='bbox 1006 1825 1077 1860; x_wconf 90' lang='lat' dir='ltr'><strong>quod</strong></span> <span class='ocrx_word' id='word_1_580' title='bbox 1099 1825 1196 1859; x_wconf 87' lang='lat' dir='ltr'><strong>sciam,</strong></span> <span class='ocrx_word' id='word_1_581' title='bbox 1229 1827 1370 1861; x_wconf 66' lang='lat' dir='ltr'><strong>impressas</strong></span> <span class='ocrx_word' id='word_1_582' title='bbox 1389 1833 1476 1855; x_wconf 91' lang='lat' dir='ltr'><strong>sunt:</strong></span> <span class='ocrx_word' id='word_1_583' title='bbox 1494 1828 1527 1855; x_wconf 80' lang='lat' dir='ltr'><strong>de</strong></span> <span class='ocrx_word' id='word_1_584' title='bbox 1555 1829 1655 1863; x_wconf 89' lang='lat' dir='ltr'><strong>quibus</strong></span> <span class='ocrx_word' id='word_1_585' title='bbox 1681 1829 1800 1862; x_wconf 87' lang='lat' dir='ltr'><strong>loquitur</strong></span> 
     </span>
    </p>
   </div>
   <div class='ocr_carea' id='block_1_83' title="bbox 1005 1871 1798 1912">
    <p class='ocr_par' dir='ltr' id='par_1_83' title="bbox 1005 1871 1798 1912">
     <span class='ocr_line' id='line_1_83' title="bbox 1005 1871 1798 1912; baseline 0.006 -14"><span class='ocrx_word' id='word_1_586' title='bbox 1005 1871 1141 1899; x_wconf 82' lang='lat' dir='ltr'><strong>Antonius</strong></span> <span class='ocrx_word' id='word_1_587' title='bbox 1158 1871 1325 1899; x_wconf 83' lang='lat' dir='ltr'><strong>Possevinus</strong></span> <span class='ocrx_word' id='word_1_588' title='bbox 1336 1877 1409 1900; x_wconf 89' lang='lat' dir='ltr'><strong>tomo</strong></span> <span class='ocrx_word' id='word_1_589' title='bbox 1424 1873 1447 1900; x_wconf 80' lang='lat' dir='ltr'><strong>ll</strong></span> <span class='ocrx_word' id='word_1_590' title='bbox 1463 1874 1616 1908; x_wconf 75' lang='lat' dir='ltr'><strong>Apparatus</strong></span> <span class='ocrx_word' id='word_1_591' title='bbox 1635 1876 1719 1905; x_wconf 67' lang='lat' dir='ltr'><strong>sacri.</strong></span> <span class='ocrx_word' id='word_1_592' title='bbox 1735 1884 1798 1912; x_wconf 80' lang='lat' dir='ltr'><strong>pag.</strong></span> 
     </span>
    </p>
   </div>
   <div class='ocr_carea' id='block_1_84' title="bbox 1007 1917 1797 1956">
    <p class='ocr_par' dir='ltr' id='par_1_84' title="bbox 1007 1917 1797 1956">
     <span class='ocr_line' id='line_1_84' title="bbox 1007 1917 1797 1956; baseline 0.009 -14"><span class='ocrx_word' id='word_1_593' title='bbox 1007 1917 1067 1943; x_wconf 73' lang='lat'><strong>“2.</strong></span> <span class='ocrx_word' id='word_1_594' title='bbox 1082 1917 1201 1945; x_wconf 85' lang='lat' dir='ltr'><strong>Joannes</strong></span> <span class='ocrx_word' id='word_1_595' title='bbox 1216 1917 1337 1952; x_wconf 84' lang='lat' dir='ltr'><strong>Baptista</strong></span> <span class='ocrx_word' id='word_1_596' title='bbox 1356 1918 1508 1946; x_wconf 78' lang='lat' dir='ltr'><strong>Cotelerius</strong></span> <span class='ocrx_word' id='word_1_597' title='bbox 1526 1920 1551 1946; x_wconf 91' lang='lat' dir='ltr'><strong>in</strong></span> <span class='ocrx_word' id='word_1_598' title='bbox 1574 1921 1647 1948; x_wconf 85' lang='lat' dir='ltr'><strong>notis</strong></span> <span class='ocrx_word' id='word_1_599' title='bbox 1659 1922 1692 1948; x_wconf 87' lang='lat' dir='ltr'><strong>ad</strong></span> <span class='ocrx_word' id='word_1_600' title='bbox 1709 1921 1797 1956; x_wconf 75' lang='lat' dir='ltr'><strong>Opera</strong></span> 
     </span>
    </p>
   </div>
   <div class='ocr_carea' id='block_1_85' title="bbox 1005 1961 1795 2002">
    <p class='ocr_par' dir='ltr' id='par_1_85' title="bbox 1005 1961 1795 2002">
     <span class='ocr_line' id='line_1_85' title="bbox 1005 1961 1795 2002; baseline 0.006 -13"><span class='ocrx_word' id='word_1_601' title='bbox 1005 1961 1055 1990; x_wconf 87' lang='lat' dir='ltr'><strong>SS.</strong></span> <span class='ocrx_word' id='word_1_602' title='bbox 1072 1962 1194 1995; x_wconf 83' lang='lat' dir='ltr'><strong>Patrum,</strong></span> <span class='ocrx_word' id='word_1_603' title='bbox 1211 1964 1257 1998; x_wconf 87' lang='lat' dir='ltr'><strong>qui</strong></span> <span class='ocrx_word' id='word_1_604' title='bbox 1276 1964 1443 1998; x_wconf 78' lang='lat' dir='ltr'><strong>temporibus</strong></span> <span class='ocrx_word' id='word_1_605' title='bbox 1459 1965 1619 1999; x_wconf 74' lang='lat' dir='ltr'><strong>apostolicis</strong></span> <span class='ocrx_word' id='word_1_606' title='bbox 1631 1966 1795 2002; x_wconf 81' lang='lat' dir='ltr'><strong>ﬂoruerunt,</strong></span> 
     </span>
    </p>
   </div>
   <div class='ocr_carea' id='block_1_86' title="bbox 1006 2008 1799 2044">
    <p class='ocr_par' dir='ltr' id='par_1_86' title="bbox 1006 2008 1799 2044">
     <span class='ocr_line' id='line_1_86' title="bbox 1006 2008 1799 2044; baseline 0.005 -9"><span class='ocrx_word' id='word_1_607' title='bbox 1006 2009 1060 2035; x_wconf 89' lang='lat' dir='ltr'><strong>col.</strong></span> <span class='ocrx_word' id='word_1_608' title='bbox 1079 2008 1123 2042; x_wconf 80' lang='lat'><strong>77,</strong></span> <span class='ocrx_word' id='word_1_609' title='bbox 1141 2009 1181 2036; x_wconf 86' lang='lat' dir='ltr'><strong>lit.</strong></span> <span class='ocrx_word' id='word_1_610' title='bbox 1212 2009 1232 2035; x_wconf 78' lang='grc' dir='ltr'><strong>Ε</strong></span> <span class='ocrx_word' id='word_1_611' title='bbox 1256 2009 1368 2044; x_wconf 87' lang='lat' dir='ltr'><strong>inquit:</strong></span> <span class='ocrx_word' id='word_1_612' title='bbox 1391 2010 1454 2042; x_wconf 80' lang='lat' dir='ltr'><strong>Qua:</strong></span> <span class='ocrx_word' id='word_1_613' title='bbox 1477 2011 1559 2038; x_wconf 82' lang='lat' dir='ltr'><strong>etiam</strong></span> <span class='ocrx_word' id='word_1_614' title='bbox 1589 2012 1652 2038; x_wconf 80' lang='lat' dir='ltr'><strong>citat</strong></span> <span class='ocrx_word' id='word_1_615' title='bbox 1684 2013 1799 2040; x_wconf 77' lang='lat' dir='ltr'><strong>Michael</strong></span> 
     </span>
    </p>
   </div>
   <div class='ocr_carea' id='block_1_87' title="bbox 1005 2053 1798 2095">
    <p class='ocr_par' dir='ltr' id='par_1_87' title="bbox 1005 2053 1798 2095">
     <span class='ocr_line' id='line_1_87' title="bbox 1005 2053 1798 2095; baseline 0.006 -14"><span class='ocrx_word' id='word_1_616' title='bbox 1005 2053 1101 2089; x_wconf 68' lang='grc' dir='ltr'><strong>ϐινοίη</strong></span> <span class='ocrx_word' id='word_1_617' title='bbox 1117 2056 1142 2082; x_wconf 86' lang='lat' dir='ltr'><strong>in</strong></span> <span class='ocrx_word' id='word_1_618' title='bbox 1155 2055 1223 2082; x_wconf 84' lang='lat' dir='ltr'><strong>libro</strong></span> <span class='ocrx_word' id='word_1_619' title='bbox 1236 2057 1381 2090; x_wconf 77' lang='lat' dir='ltr'><strong>posteriore</strong></span> <span class='ocrx_word' id='word_1_620' title='bbox 1408 2058 1492 2091; x_wconf 68' lang='lat' dir='ltr'><strong>operis</strong></span> <span class='ocrx_word' id='word_1_621' title='bbox 1507 2057 1554 2089; x_wconf 80' lang='lat' dir='ltr'><strong>Ei;</strong></span> <span class='ocrx_word' id='word_1_622' title='bbox 1576 2058 1610 2085; x_wconf 74' lang='grc' dir='ltr'>τὰ</span> <span class='ocrx_word' id='word_1_623' title='bbox 1627 2059 1717 2094; x_wconf 65' lang='grc' dir='ltr'><strong>ἄπορα</strong></span> <span class='ocrx_word' id='word_1_624' title='bbox 1748 2060 1798 2095; x_wconf 79' lang='grc' dir='ltr'><strong>τῆς</strong></span> 
     </span>
    </p>
   </div>
   <div class='ocr_carea' id='block_1_88' title="bbox 1006 2100 1799 2137">
    <p class='ocr_par' dir='ltr' id='par_1_88' title="bbox 1006 2100 1799 2137">
     <span class='ocr_line' id='line_1_88' title="bbox 1006 2100 1799 2137; baseline 0.008 -11"><span class='ocrx_word' id='word_1_625' title='bbox 1006 2100 1130 2135; x_wconf 72' lang='grc' dir='ltr'><strong>Γραφῆς,</strong></span> <span class='ocrx_word' id='word_1_626' title='bbox 1146 2108 1205 2135; x_wconf 84' lang='lat' dir='ltr'><strong>cap.</strong></span> <span class='ocrx_word' id='word_1_627' title='bbox 1220 2101 1264 2128; x_wconf 72' lang='lat'><strong>32.</strong></span> <span class='ocrx_word' id='word_1_628' title='bbox 1284 2100 1377 2128; x_wconf 71' lang='lat' dir='ltr'><strong>Exstat</strong></span> <span class='ocrx_word' id='word_1_629' title='bbox 1389 2103 1415 2128; x_wconf 87' lang='lat' dir='ltr'><strong>id</strong></span> <span class='ocrx_word' id='word_1_630' title='bbox 1428 2111 1493 2137; x_wconf 81' lang='lat' dir='ltr'><strong>opus</strong></span> <span class='ocrx_word' id='word_1_631' title='bbox 1524 2111 1572 2130; x_wconf 87' lang='lat' dir='ltr'><strong>ms.</strong></span> <span class='ocrx_word' id='word_1_632' title='bbox 1593 2105 1620 2131; x_wconf 82' lang='lat' dir='ltr'><strong>in</strong></span> <span class='ocrx_word' id='word_1_633' title='bbox 1646 2105 1799 2132; x_wconf 80' lang='lat' dir='ltr'><strong>bibliotheca</strong></span> 
     </span>
    </p>
   </div>
   <div class='ocr_carea' id='block_1_89' title="bbox 1007 2146 1796 2185">
    <p class='ocr_par' dir='ltr' id='par_1_89' title="bbox 1007 2146 1796 2185">
     <span class='ocr_line' id='line_1_89' title="bbox 1007 2146 1796 2185; baseline 0.006 -12"><span class='ocrx_word' id='word_1_634' title='bbox 1007 2146 1130 2179; x_wconf 85' lang='lat' dir='ltr'><strong>Thuana,</strong></span> <span class='ocrx_word' id='word_1_635' title='bbox 1156 2148 1382 2183; x_wconf 72' lang='lat' dir='ltr'><strong>compositumque</strong></span> <span class='ocrx_word' id='word_1_636' title='bbox 1399 2153 1436 2175; x_wconf 79' lang='lat' dir='ltr'><strong>est</strong></span> <span class='ocrx_word' id='word_1_637' title='bbox 1469 2156 1501 2176; x_wconf 79' lang='lat' dir='ltr'><strong>ca:</strong></span> <span class='ocrx_word' id='word_1_638' title='bbox 1524 2150 1670 2177; x_wconf 71' lang='lat' dir='ltr'><strong>orthodoxa</strong></span> <span class='ocrx_word' id='word_1_639' title='bbox 1696 2151 1747 2185; x_wconf 78' lang='lat' dir='ltr'><strong>ﬁde</strong></span> <span class='ocrx_word' id='word_1_640' title='bbox 1768 2150 1796 2178; x_wconf 90' lang='lat' dir='ltr'><strong>S.</strong></span> 
     </span>
    </p>
   </div>
   <div class='ocr_carea' id='block_1_90' title="bbox 163 2191 1798 2229">
    <p class='ocr_par' dir='ltr' id='par_1_90' title="bbox 163 2191 1798 2229">
     <span class='ocr_line' id='line_1_90' title="bbox 163 2191 1798 2229; baseline 0.004 -11"><span class='ocrx_word' id='word_1_641' title='bbox 163 2194 224 2227; x_wconf 66' lang='lat' dir='ltr'><strong>giae,</strong></span> <span class='ocrx_word' id='word_1_642' title='bbox 243 2200 296 2227; x_wconf 81' lang='lat' dir='ltr'><strong>qua</strong></span> <span class='ocrx_word' id='word_1_643' title='bbox 308 2192 504 2220; x_wconf 78' lang='lat' dir='ltr'><strong>deleCtabatur.</strong></span> <span class='ocrx_word' id='word_1_644' title='bbox 540 2192 628 2226; x_wconf 80' lang='lat' dir='ltr'><strong>Atque</strong></span> <span class='ocrx_word' id='word_1_645' title='bbox 643 2191 695 2219; x_wconf 82' lang='lat' dir='ltr'><strong>hoc</strong></span> <span class='ocrx_word' id='word_1_646' title='bbox 723 2191 805 2218; x_wconf 84' lang='lat' dir='ltr'><strong>modo</strong></span> <span class='ocrx_word' id='word_1_647' title='bbox 831 2192 951 2219; x_wconf 85' lang='lat' dir='ltr'><strong>studium</strong></span> <span class='ocrx_word' id='word_1_648' title='bbox 970 2191 992 2218; x_wconf 87' lang='lat' dir='ltr'><strong>D</strong></span> <span class='ocrx_word' id='word_1_649' title='bbox 1005 2192 1117 2219; x_wconf 76' lang='lat' dir='ltr'><strong>Joannis</strong></span> <span class='ocrx_word' id='word_1_650' title='bbox 1134 2192 1300 2224; x_wconf 74' lang='lat' dir='ltr'><strong>Damasceni,</strong></span> <span class='ocrx_word' id='word_1_651' title='bbox 1314 2193 1424 2229; x_wconf 76' lang='lat' dir='ltr'><strong>adjectis</strong></span> <span class='ocrx_word' id='word_1_652' title='bbox 1447 2195 1581 2222; x_wconf 78' lang='lat' dir='ltr'><strong>nonnullis</strong></span> <span class='ocrx_word' id='word_1_653' title='bbox 1596 2195 1711 2223; x_wconf 84' lang='lat' dir='ltr'><strong>aliorum</strong></span> <span class='ocrx_word' id='word_1_654' title='bbox 1744 2197 1798 2224; x_wconf 78' lang='grc' dir='ltr'><strong>1³η-</strong></span> 
     </span>
    </p>
   </div>
   <div class='ocr_carea' id='block_1_91' title="bbox 163 2237 953 2272">
    <p class='ocr_par' dir='ltr' id='par_1_91' title="bbox 163 2237 953 2272">
     <span class='ocr_line' id='line_1_91' title="bbox 163 2237 953 2272; baseline -0.001 -7"><span class='ocrx_word' id='word_1_655' title='bbox 163 2247 245 2265; x_wconf 77' lang='lat' dir='ltr'><strong>suum</strong></span> <span class='ocrx_word' id='word_1_656' title='bbox 263 2238 466 2265; x_wconf 80' lang='lat' dir='ltr'><strong>commendavit</strong></span> <span class='ocrx_word' id='word_1_657' title='bbox 493 2237 651 2271; x_wconf 84' lang='lat' dir='ltr'><strong>instantius,</strong></span> <span class='ocrx_word' id='word_1_658' title='bbox 678 2245 760 2272; x_wconf 84' lang='lat' dir='ltr'><strong>quam</strong></span> <span class='ocrx_word' id='word_1_659' title='bbox 779 2239 800 2264; x_wconf 89' lang='lat' dir='ltr'><strong>si</strong></span> <span class='ocrx_word' id='word_1_660' title='bbox 821 2238 886 2272; x_wconf 28' lang='lat' dir='ltr'><strong>ipso.</strong></span> <span class='ocrx_word' id='word_1_661' title='bbox 910 2245 953 2264; x_wconf 81' lang='lat' dir='ltr'><strong>re-</strong></span> 
     </span>
    </p>
   </div>
   <div class='ocr_carea' id='block_1_92' title="bbox 162 2283 952 2319">
    <p class='ocr_par' dir='ltr' id='par_1_92' title="bbox 162 2283 952 2319">
     <span class='ocr_line' id='line_1_92' title="bbox 162 2283 952 2319; baseline -0.003 -7"><span class='ocrx_word' id='word_1_662' title='bbox 162 2286 342 2318; x_wconf 79' lang='lat' dir='ltr'><strong>sponsionem</strong></span> <span class='ocrx_word' id='word_1_663' title='bbox 355 2285 492 2319; x_wconf 72' lang='lat' dir='ltr'><strong>propriam</strong></span> <span class='ocrx_word' id='word_1_664' title='bbox 514 2283 638 2311; x_wconf 79' lang='lat' dir='ltr'><strong>Michaeli</strong></span> <span class='ocrx_word' id='word_1_665' title='bbox 664 2284 753 2319; x_wconf 67' lang='lat' dir='ltr'><strong>Glycte</strong></span> <span class='ocrx_word' id='word_1_666' title='bbox 781 2284 952 2311; x_wconf 71' lang='lat' dir='ltr'><strong>adornasset.</strong></span> 
     </span>
    </p>
   </div>
   <div class='ocr_carea' id='block_1_93' title="bbox 163 2331 953 2366">
    <p class='ocr_par' dir='ltr' id='par_1_93' title="bbox 163 2331 953 2366">
     <span class='ocr_line' id='line_1_93' title="bbox 163 2331 953 2366; baseline -0.003 -8"><span class='ocrx_word' id='word_1_667' title='bbox 163 2331 231 2358; x_wconf 81' lang='lat' dir='ltr'><strong>Nam</strong></span> <span class='ocrx_word' id='word_1_668' title='bbox 249 2332 301 2358; x_wconf 89' lang='lat' dir='ltr'><strong>hoe</strong></span> <span class='ocrx_word' id='word_1_669' title='bbox 319 2331 399 2359; x_wconf 91' lang='lat' dir='ltr'><strong>modo</strong></span> <span class='ocrx_word' id='word_1_670' title='bbox 409 2331 583 2366; x_wconf 81' lang='lat' dir='ltr'><strong>astrologiam</strong></span> <span class='ocrx_word' id='word_1_671' title='bbox 599 2331 686 2358; x_wconf 92' lang='lat' dir='ltr'><strong>multo</strong></span> <span class='ocrx_word' id='word_1_672' title='bbox 702 2331 788 2366; x_wconf 83' lang='lat' dir='ltr'><strong>magis</strong></span> <span class='ocrx_word' id='word_1_673' title='bbox 811 2338 953 2358; x_wconf 86' lang='lat' dir='ltr'><strong>commen-</strong></span> 
     </span>
    </p>
   </div>
   <div class='ocr_carea' id='block_1_94' title="bbox 161 2376 951 2412">
    <p class='ocr_par' dir='ltr' id='par_1_94' title="bbox 161 2376 951 2412">
     <span class='ocr_line' id='line_1_94' title="bbox 161 2376 951 2412; baseline -0.004 -7"><span class='ocrx_word' id='word_1_674' title='bbox 161 2379 256 2408; x_wconf 82' lang='lat' dir='ltr'><strong>dabat,</strong></span> <span class='ocrx_word' id='word_1_675' title='bbox 274 2385 356 2412; x_wconf 73' lang='lat' dir='ltr'><strong>quam</strong></span> <span class='ocrx_word' id='word_1_676' title='bbox 370 2378 519 2412; x_wconf 89' lang='lat' dir='ltr'><strong>imperator</strong></span> <span class='ocrx_word' id='word_1_677' title='bbox 533 2376 643 2404; x_wconf 67' lang='lat' dir='ltr'><strong>Graecus</strong></span> <span class='ocrx_word' id='word_1_678' title='bbox 661 2382 724 2404; x_wconf 88' lang='lat' dir='ltr'><strong>ante</strong></span> <span class='ocrx_word' id='word_1_679' title='bbox 744 2381 885 2404; x_wconf 82' lang='lat' dir='ltr'><strong>trecentos</strong></span> <span class='ocrx_word' id='word_1_680' title='bbox 899 2383 951 2402; x_wconf 87' lang='lat' dir='ltr'><strong>an-</strong></span> 
     </span>
    </p>
   </div>
   <div class='ocr_carea' id='block_1_95' title="bbox 161 2423 954 2458">
    <p class='ocr_par' dir='ltr' id='par_1_95' title="bbox 161 2423 954 2458">
     <span class='ocr_line' id='line_1_95' title="bbox 161 2423 954 2458; baseline -0.005 -7"><span class='ocrx_word' id='word_1_681' title='bbox 161 2433 215 2451; x_wconf 77' lang='lat' dir='ltr'><strong>nos</strong></span> <span class='ocrx_word' id='word_1_682' title='bbox 231 2424 392 2450; x_wconf 73' lang='lat' dir='ltr'><strong>defenderat</strong></span> <span class='ocrx_word' id='word_1_683' title='bbox 411 2424 545 2450; x_wconf 84' lang='lat' dir='ltr'><strong>adversus</strong></span> <span class='ocrx_word' id='word_1_684' title='bbox 576 2423 777 2458; x_wconf 82' lang='lat' dir='ltr'><strong>vituperatores</strong></span> <span class='ocrx_word' id='word_1_685' title='bbox 805 2427 834 2449; x_wconf 87' lang='lat' dir='ltr'><strong>et</strong></span> <span class='ocrx_word' id='word_1_686' title='bbox 860 2430 954 2448; x_wconf 89' lang='lat' dir='ltr'><strong>mona-</strong></span> 
     </span>
    </p>
   </div>
   <div class='ocr_carea' id='block_1_96' title="bbox 159 2467 952 2504">
    <p class='ocr_par' dir='ltr' id='par_1_96' title="bbox 159 2467 952 2504">
     <span class='ocr_line' id='line_1_96' title="bbox 159 2467 952 2504; baseline -0.003 -8"><span class='ocrx_word' id='word_1_687' title='bbox 159 2472 243 2496; x_wconf 75' lang='lat' dir='ltr'><strong>chmn</strong></span> <span class='ocrx_word' id='word_1_688' title='bbox 260 2469 406 2504; x_wconf 78' lang='lat' dir='ltr'><strong>quemdam</strong></span> <span class='ocrx_word' id='word_1_689' title='bbox 432 2469 469 2496; x_wconf 92' lang='lat' dir='ltr'><strong>illi</strong></span> <span class='ocrx_word' id='word_1_690' title='bbox 497 2468 684 2495; x_wconf 86' lang='lat' dir='ltr'><strong>insultantem.</strong></span> <span class='ocrx_word' id='word_1_691' title='bbox 705 2467 952 2502; x_wconf 81' lang='lat' dir='ltr'><strong>Antapologeticutn</strong></span> 
     </span>
    </p>
   </div>
   <div class='ocr_carea' id='block_1_97' title="bbox 159 2513 952 2552">
    <p class='ocr_par' dir='ltr' id='par_1_97' title="bbox 159 2513 952 2552">
     <span class='ocr_line' id='line_1_97' title="bbox 159 2513 952 2552; baseline -0.004 -9"><span class='ocrx_word' id='word_1_692' title='bbox 159 2517 245 2552; x_wconf 74' lang='lat' dir='ltr'><strong>igitur</strong></span> <span class='ocrx_word' id='word_1_693' title='bbox 266 2523 326 2543; x_wconf 87' lang='lat' dir='ltr'><strong>esse</strong></span> <span class='ocrx_word' id='word_1_694' title='bbox 343 2515 473 2543; x_wconf 70' lang='lat' dir='ltr'><strong>llumtelis</strong></span> <span class='ocrx_word' id='word_1_695' title='bbox 489 2514 622 2542; x_wconf 84' lang='lat' dir='ltr'><strong>Comucni</strong></span> <span class='ocrx_word' id='word_1_696' title='bbox 640 2515 826 2549; x_wconf 79' lang='lat' dir='ltr'><strong>agnoscimus,</strong></span> <span class='ocrx_word' id='word_1_697' title='bbox 843 2518 871 2540; x_wconf 90' lang='lat' dir='ltr'><strong>at</strong></span> <span class='ocrx_word' id='word_1_698' title='bbox 892 2513 952 2548; x_wconf 89' lang='lat' dir='ltr'><strong>epi-</strong></span> 
     </span>
    </p>
   </div>
   <div class='ocr_carea' id='block_1_98' title="bbox 158 2560 950 2596">
    <p class='ocr_par' dir='ltr' id='par_1_98' title="bbox 158 2560 950 2596">
     <span class='ocr_line' id='line_1_98' title="bbox 158 2560 950 2596; baseline -0.004 -7"><span class='ocrx_word' id='word_1_699' title='bbox 158 2563 259 2590; x_wconf 77' lang='lat' dir='ltr'><strong>stolam</strong></span> <span class='ocrx_word' id='word_1_700' title='bbox 273 2561 308 2588; x_wconf 83' lang='lat'><strong>58</strong></span> <span class='ocrx_word' id='word_1_701' title='bbox 325 2562 525 2596; x_wconf 70' lang='lat' dir='ltr'><strong>praecedentem</strong></span> <span class='ocrx_word' id='word_1_702' title='bbox 538 2560 633 2596; x_wconf 82' lang='lat' dir='ltr'><strong>Alypio</strong></span> <span class='ocrx_word' id='word_1_703' title='bbox 656 2561 792 2587; x_wconf 86' lang='lat' dir='ltr'><strong>monacho</strong></span> <span class='ocrx_word' id='word_1_704' title='bbox 819 2561 950 2595; x_wconf 84' lang='lat' dir='ltr'><strong>scriptam</strong></span> 
     </span>
    </p>
   </div>
   <div class='ocr_carea' id='block_1_99' title="bbox 159 2606 949 2643">
    <p class='ocr_par' dir='ltr' id='par_1_99' title="bbox 159 2606 949 2643">
     <span class='ocr_line' id='line_1_99' title="bbox 159 2606 949 2643; baseline -0.004 -8"><span class='ocrx_word' id='word_1_705' title='bbox 159 2609 247 2636; x_wconf 69' lang='lat' dir='ltr'><strong>fuisse</strong></span> <span class='ocrx_word' id='word_1_706' title='bbox 266 2616 280 2635; x_wconf 87' lang='lat' dir='ltr'><strong>a</strong></span> <span class='ocrx_word' id='word_1_707' title='bbox 304 2607 437 2635; x_wconf 79' lang='lat' dir='ltr'><strong>Michaele</strong></span> <span class='ocrx_word' id='word_1_708' title='bbox 456 2606 537 2643; x_wconf 83' lang='lat' dir='ltr'><strong>Glyca</strong></span> <span class='ocrx_word' id='word_1_709' title='bbox 556 2606 686 2633; x_wconf 79' lang='lat' dir='ltr'><strong>Adversus</strong></span> <span class='ocrx_word' id='word_1_710' title='bbox 712 2606 863 2642; x_wconf 68' lang='lat' dir='ltr'><strong>astrologia:</strong></span> <span class='ocrx_word' id='word_1_711' title='bbox 892 2611 949 2634; x_wconf 77' lang='lat' dir='ltr'><strong>atu-</strong></span> 
     </span>
    </p>
   </div>
   <div class='ocr_carea' id='block_1_100' title="bbox 158 2652 949 2688">
    <p class='ocr_par' dir='ltr' id='par_1_100' title="bbox 158 2652 949 2688">
     <span class='ocr_line' id='line_1_100' title="bbox 158 2652 949 2688; baseline -0.003 -7"><span class='ocrx_word' id='word_1_712' title='bbox 158 2657 239 2682; x_wconf 78' lang='lat' dir='ltr'><strong>aium</strong></span> <span class='ocrx_word' id='word_1_713' title='bbox 253 2658 372 2681; x_wconf 87' lang='lat' dir='ltr'><strong>constat.</strong></span> <span class='ocrx_word' id='word_1_714' title='bbox 388 2653 465 2681; x_wconf 84' lang='lat' dir='ltr'><strong>Nihil-</strong></span> <span class='ocrx_word' id='word_1_715' title='bbox 479 2653 561 2688; x_wconf 80' lang='lat' dir='ltr'><strong>igitur</strong></span> <span class='ocrx_word' id='word_1_716' title='bbox 573 2653 694 2680; x_wconf 89' lang='lat' dir='ltr'><strong>occurrit</strong></span> <span class='ocrx_word' id='word_1_717' title='bbox 709 2653 735 2679; x_wconf 93' lang='lat' dir='ltr'><strong>in</strong></span> <span class='ocrx_word' id='word_1_718' title='bbox 753 2653 794 2680; x_wconf 80' lang='lat' dir='ltr'><strong>his</strong></span> <span class='ocrx_word' id='word_1_719' title='bbox 815 2652 949 2688; x_wconf 80' lang='lat' dir='ltr'><strong>epistolis,</strong></span> 
     </span>
    </p>
   </div>
   <div class='ocr_carea' id='block_1_101' title="bbox 157 2699 950 2736">
    <p class='ocr_par' dir='ltr' id='par_1_101' title="bbox 157 2699 950 2736">
     <span class='ocr_line' id='line_1_101' title="bbox 157 2699 950 2736; baseline -0.003 -9"><span class='ocrx_word' id='word_1_720' title='bbox 157 2709 217 2735; x_wconf 87' lang='lat' dir='ltr'><strong>quo</strong></span> <span class='ocrx_word' id='word_1_721' title='bbox 231 2702 363 2736; x_wconf 86' lang='lat' dir='ltr'><strong>probetur</strong></span> <span class='ocrx_word' id='word_1_722' title='bbox 379 2700 439 2726; x_wconf 83' lang='lat' dir='ltr'><strong>illas</strong></span> <span class='ocrx_word' id='word_1_723' title='bbox 450 2700 483 2727; x_wconf 86' lang='lat' dir='ltr'><strong>ad</strong></span> <span class='ocrx_word' id='word_1_724' title='bbox 498 2699 636 2727; x_wconf 84' lang='lat' dir='ltr'><strong>Joannem</strong></span> <span class='ocrx_word' id='word_1_725' title='bbox 651 2699 784 2726; x_wconf 87' lang='lat' dir='ltr'><strong>Zonaram</strong></span> <span class='ocrx_word' id='word_1_726' title='bbox 797 2699 950 2734; x_wconf 88' lang='lat' dir='ltr'><strong>pertinere,</strong></span> 
     </span>
    </p>
   </div>
   <div class='ocr_carea' id='block_1_102' title="bbox 156 2743 950 2781">
    <p class='ocr_par' dir='ltr' id='par_1_102' title="bbox 156 2743 950 2781">
     <span class='ocr_line' id='line_1_102' title="bbox 156 2743 950 2781; baseline -0.004 -7"><span class='ocrx_word' id='word_1_727' title='bbox 156 2747 206 2781; x_wconf 83' lang='lat' dir='ltr'><strong>qui</strong></span> <span class='ocrx_word' id='word_1_728' title='bbox 221 2747 340 2774; x_wconf 78' lang='lat' dir='ltr'><strong>utaximc</strong></span> <span class='ocrx_word' id='word_1_729' title='bbox 360 2747 411 2773; x_wconf 90' lang='lat' dir='ltr'><strong>sub</strong></span> <span class='ocrx_word' id='word_1_730' title='bbox 427 2746 520 2773; x_wconf 82' lang='lat' dir='ltr'><strong>Alexio</strong></span> <span class='ocrx_word' id='word_1_731' title='bbox 532 2745 682 2778; x_wconf 87' lang='lat' dir='ltr'><strong>Contneno,</strong></span> <span class='ocrx_word' id='word_1_732' title='bbox 710 2746 756 2780; x_wconf 86' lang='lat' dir='ltr'><strong>qui</strong></span> <span class='ocrx_word' id='word_1_733' title='bbox 783 2753 855 2772; x_wconf 90' lang='lat' dir='ltr'><strong>anno</strong></span> <span class='ocrx_word' id='word_1_734' title='bbox 881 2743 950 2772; x_wconf 87' lang='grc'><strong>1118</strong></span> 
     </span>
    </p>
   </div>
   <div class='ocr_carea' id='block_1_103' title="bbox 158 2791 949 2827">
    <p class='ocr_par' dir='ltr' id='par_1_103' title="bbox 158 2791 949 2827">
     <span class='ocr_line' id='line_1_103' title="bbox 158 2791 949 2827; baseline -0.001 -9"><span class='ocrx_word' id='word_1_735' title='bbox 158 2798 292 2821; x_wconf 72' lang='grc' dir='ltr'><strong>ιι-οτιιιιις</strong></span> <span class='ocrx_word' id='word_1_736' title='bbox 324 2793 436 2827; x_wconf 78' lang='lat' dir='ltr'><strong>legitur,</strong></span> <span class='ocrx_word' id='word_1_737' title='bbox 465 2791 567 2824; x_wconf 84' lang='lat' dir='ltr'><strong>ﬂoruit,</strong></span> <span class='ocrx_word' id='word_1_738' title='bbox 598 2799 628 2818; x_wconf 88' lang='lat' dir='ltr'><strong>ac</strong></span> <span class='ocrx_word' id='word_1_739' title='bbox 661 2792 754 2826; x_wconf 88' lang='lat' dir='ltr'><strong>paucis</strong></span> <span class='ocrx_word' id='word_1_740' title='bbox 782 2796 842 2826; x_wconf 88' lang='lat' dir='ltr'><strong>post</strong></span> <span class='ocrx_word' id='word_1_741' title='bbox 869 2791 949 2818; x_wconf 78' lang='lat' dir='ltr'><strong>annis</strong></span> 
     </span>
    </p>
   </div>
   <div class='ocr_carea' id='block_1_104' title="bbox 156 2837 793 2873">
    <p class='ocr_par' dir='ltr' id='par_1_104' title="bbox 156 2837 793 2873">
     <span class='ocr_line' id='line_1_104' title="bbox 156 2837 793 2873; baseline -0.002 -7"><span class='ocrx_word' id='word_1_742' title='bbox 156 2839 172 2865; x_wconf 70' lang='grc'><strong>«1</strong></span> <span class='ocrx_word' id='word_1_743' title='bbox 187 2847 269 2866; x_wconf 45' lang='lat' dir='ltr'><strong>[anne</strong></span> <span class='ocrx_word' id='word_1_744' title='bbox 280 2839 368 2866; x_wconf 73' lang='lat' dir='ltr'><strong>Alcxii</strong></span> <span class='ocrx_word' id='word_1_745' title='bbox 385 2839 436 2865; x_wconf 75' lang='lat' dir='ltr'><strong>lilio</strong></span> <span class='ocrx_word' id='word_1_746' title='bbox 458 2839 610 2873; x_wconf 78' lang='lat' dir='ltr'><strong>imperante</strong></span> <span class='ocrx_word' id='word_1_747' title='bbox 626 2837 688 2865; x_wconf 77' lang='lat' dir='ltr'><strong>falis</strong></span> <span class='ocrx_word' id='word_1_748' title='bbox 701 2838 793 2865; x_wconf 74' lang='lat' dir='ltr'><strong>cessit.</strong></span> 
     </span>
    </p>
   </div>
   <div class='ocr_carea' id='block_1_105' title="bbox 1007 2238 1798 2272">
    <p class='ocr_par' dir='ltr' id='par_1_105' title="bbox 1007 2238 1798 2272">
     <span class='ocr_line' id='line_1_105' title="bbox 1007 2238 1798 2272; baseline 0.008 -8"><span class='ocrx_word' id='word_1_749' title='bbox 1007 2243 1089 2265; x_wconf 88' lang='lat' dir='ltr'><strong>trum.</strong></span> <span class='ocrx_word' id='word_1_750' title='bbox 1115 2238 1225 2272; x_wconf 74' lang='lat' dir='ltr'><strong>Aliquot</strong></span> <span class='ocrx_word' id='word_1_751' title='bbox 1245 2239 1327 2266; x_wconf 73' lang='lat' dir='ltr'><strong>etiam</strong></span> <span class='ocrx_word' id='word_1_752' title='bbox 1354 2244 1486 2267; x_wconf 70' lang='lat' dir='ltr'><strong>tractatus</strong></span> <span class='ocrx_word' id='word_1_753' title='bbox 1514 2241 1647 2269; x_wconf 88' lang='lat' dir='ltr'><strong>hactenus</strong></span> <span class='ocrx_word' id='word_1_754' title='bbox 1679 2243 1798 2270; x_wconf 84' lang='lat' dir='ltr'><strong>tncditos</strong></span> 
     </span>
    </p>
   </div>
   <div class='ocr_carea' id='block_1_106' title="bbox 1007 2282 1799 2320">
    <p class='ocr_par' dir='ltr' id='par_1_106' title="bbox 1007 2282 1799 2320">
     <span class='ocr_line' id='line_1_106' title="bbox 1007 2282 1799 2320; baseline 0.005 -10"><span class='ocrx_word' id='word_1_755' title='bbox 1007 2287 1133 2310; x_wconf 84' lang='lat' dir='ltr'><strong>recenset</strong></span> <span class='ocrx_word' id='word_1_756' title='bbox 1149 2282 1205 2310; x_wconf 88' lang='lat' dir='ltr'><strong>Leo</strong></span> <span class='ocrx_word' id='word_1_757' title='bbox 1223 2283 1337 2310; x_wconf 84' lang='lat' dir='ltr'><strong>Ailatius</strong></span> <span class='ocrx_word' id='word_1_758' title='bbox 1351 2283 1390 2310; x_wconf 85' lang='lat' dir='ltr'><strong>Dc</strong></span> <span class='ocrx_word' id='word_1_759' title='bbox 1404 2292 1530 2311; x_wconf 74' lang='lat' dir='ltr'><strong>consensu</strong></span> <span class='ocrx_word' id='word_1_760' title='bbox 1547 2286 1686 2320; x_wconf 83' lang='lat' dir='ltr'><strong>utriusque</strong></span> <span class='ocrx_word' id='word_1_761' title='bbox 1709 2287 1799 2314; x_wconf 73' lang='lat' dir='ltr'><strong>Eccle-</strong></span> 
     </span>
    </p>
   </div>
   <div class='ocr_carea' id='block_1_107' title="bbox 1006 2328 1798 2366">
    <p class='ocr_par' dir='ltr' id='par_1_107' title="bbox 1006 2328 1798 2366">
     <span class='ocr_line' id='line_1_107' title="bbox 1006 2328 1798 2366; baseline 0.005 -11"><span class='ocrx_word' id='word_1_762' title='bbox 1006 2329 1064 2361; x_wconf 63' lang='grc' dir='ltr'><strong>δίκε,</strong></span> <span class='ocrx_word' id='word_1_763' title='bbox 1082 2328 1128 2356; x_wconf 86' lang='lat' dir='ltr'><strong>lib.</strong></span> <span class='ocrx_word' id='word_1_764' title='bbox 1141 2337 1169 2361; x_wconf 87' lang='lat' dir='ltr'><strong>tt,</strong></span> <span class='ocrx_word' id='word_1_765' title='bbox 1186 2336 1247 2363; x_wconf 73' lang='lat' dir='ltr'><strong>cap.</strong></span> <span class='ocrx_word' id='word_1_766' title='bbox 1266 2329 1309 2362; x_wconf 82' lang='grc'><strong>18,</strong></span> <span class='ocrx_word' id='word_1_767' title='bbox 1324 2337 1431 2364; x_wconf 84' lang='lat' dir='ltr'><strong>paragr.</strong></span> <span class='ocrx_word' id='word_1_768' title='bbox 1446 2330 1490 2362; x_wconf 87' lang='grc'><strong>17,</strong></span> <span class='ocrx_word' id='word_1_769' title='bbox 1512 2338 1611 2366; x_wconf 87' lang='lat' dir='ltr'><strong>nempe</strong></span> <span class='ocrx_word' id='word_1_770' title='bbox 1626 2331 1733 2358; x_wconf 85' lang='lat' dir='ltr'><strong>Librum</strong></span> <span class='ocrx_word' id='word_1_771' title='bbox 1763 2334 1798 2360; x_wconf 85' lang='lat' dir='ltr'><strong>ad</strong></span> 
     </span>
    </p>
   </div>
   <div class='ocr_carea' id='block_1_108' title="bbox 1007 2374 1798 2412">
    <p class='ocr_par' dir='ltr' id='par_1_108' title="bbox 1007 2374 1798 2412">
     <span class='ocr_line' id='line_1_108' title="bbox 1007 2374 1798 2412; baseline 0.005 -11"><span class='ocrx_word' id='word_1_772' title='bbox 1007 2374 1155 2402; x_wconf 74' lang='lat' dir='ltr'><strong>Maximum</strong></span> <span class='ocrx_word' id='word_1_773' title='bbox 1170 2374 1328 2402; x_wconf 51' lang='lat' dir='ltr'><strong>Stlteniotem</strong></span> <span class='ocrx_word' id='word_1_774' title='bbox 1347 2376 1378 2402; x_wconf 88' lang='lat' dir='ltr'><strong>de</strong></span> <span class='ocrx_word' id='word_1_775' title='bbox 1395 2377 1558 2410; x_wconf 72' lang='lat' dir='ltr'><strong>processiane</strong></span> <span class='ocrx_word' id='word_1_776' title='bbox 1588 2377 1708 2412; x_wconf 77' lang='lat' dir='ltr'><strong>Spiritus</strong></span> <span class='ocrx_word' id='word_1_777' title='bbox 1735 2387 1798 2405; x_wconf 77' lang='lat' dir='ltr'><strong>san-</strong></span> 
     </span>
    </p>
   </div>
   <div class='ocr_carea' id='block_1_109' title="bbox 1005 2421 1794 2460">
    <p class='ocr_par' dir='ltr' id='par_1_109' title="bbox 1005 2421 1794 2460">
     <span class='ocr_line' id='line_1_109' title="bbox 1005 2421 1794 2460; baseline 0.006 -14"><span class='ocrx_word' id='word_1_778' title='bbox 1005 2421 1051 2451; x_wconf 85' lang='lat' dir='ltr'><strong>cli,</strong></span> <span class='ocrx_word' id='word_1_779' title='bbox 1064 2421 1145 2454; x_wconf 88' lang='lat' dir='ltr'><strong>cujus</strong></span> <span class='ocrx_word' id='word_1_780' title='bbox 1162 2421 1342 2455; x_wconf 80' lang='lat' dir='ltr'><strong>fragmentum</strong></span> <span class='ocrx_word' id='word_1_781' title='bbox 1357 2421 1440 2449; x_wconf 86' lang='lat' dir='ltr'><strong>habet</strong></span> <span class='ocrx_word' id='word_1_782' title='bbox 1452 2422 1553 2449; x_wconf 87' lang='lat' dir='ltr'><strong>ibidem</strong></span> <span class='ocrx_word' id='word_1_783' title='bbox 1571 2423 1619 2450; x_wconf 84' lang='lat' dir='ltr'><strong>lib.</strong></span> <span class='ocrx_word' id='word_1_784' title='bbox 1638 2431 1680 2455; x_wconf 86' lang='lat' dir='ltr'><strong>ut,</strong></span> <span class='ocrx_word' id='word_1_785' title='bbox 1693 2432 1752 2460; x_wconf 82' lang='lat' dir='ltr'><strong>cap.</strong></span> <span class='ocrx_word' id='word_1_786' title='bbox 1767 2425 1794 2457; x_wconf 72' lang='lat'><strong>2,</strong></span> 
     </span>
    </p>
   </div>
   <div class='ocr_carea' id='block_1_110' title="bbox 1007 2467 1798 2505">
    <p class='ocr_par' dir='ltr' id='par_1_110' title="bbox 1007 2467 1798 2505">
     <span class='ocr_line' id='line_1_110' title="bbox 1007 2467 1798 2505; baseline 0.005 -11"><span class='ocrx_word' id='word_1_787' title='bbox 1007 2467 1020 2503; x_wconf 85' lang='lat'><strong><em>§</em></strong></span> <span class='ocrx_word' id='word_1_788' title='bbox 1039 2468 1065 2494; x_wconf 75' lang='grc'><strong>5.</strong></span> <span class='ocrx_word' id='word_1_789' title='bbox 1084 2467 1123 2494; x_wconf 84' lang='lat' dir='ltr'><strong>Ad</strong></span> <span class='ocrx_word' id='word_1_790' title='bbox 1147 2467 1276 2499; x_wconf 84' lang='lat' dir='ltr'><strong>eumdem,</strong></span> <span class='ocrx_word' id='word_1_791' title='bbox 1302 2476 1336 2495; x_wconf 87' lang='lat' dir='ltr'><strong>an</strong></span> <span class='ocrx_word' id='word_1_792' title='bbox 1358 2467 1478 2496; x_wconf 75' lang='lat' dir='ltr'><strong>Christus</strong></span> <span class='ocrx_word' id='word_1_793' title='bbox 1506 2478 1600 2504; x_wconf 70' lang='lat' dir='ltr'><strong>azyma</strong></span> <span class='ocrx_word' id='word_1_794' title='bbox 1623 2471 1649 2497; x_wconf 86' lang='lat' dir='ltr'><strong>in</strong></span> <span class='ocrx_word' id='word_1_795' title='bbox 1673 2477 1798 2505; x_wconf 62' lang='lat' dir='ltr'><strong>supremi!</strong></span> 
     </span>
    </p>
   </div>
   <div class='ocr_carea' id='block_1_111' title="bbox 1004 2513 1795 2544">
    <p class='ocr_par' dir='ltr' id='par_1_111' title="bbox 1004 2513 1795 2544">
     <span class='ocr_line' id='line_1_111' title="bbox 1004 2513 1795 2544; baseline 0.006 -5"><span class='ocrx_word' id='word_1_796' title='bbox 1004 2521 1077 2540; x_wconf 82' lang='lat' dir='ltr'><strong>coma</strong></span> <span class='ocrx_word' id='word_1_797' title='bbox 1108 2521 1170 2540; x_wconf 76' lang='lat' dir='ltr'><strong>usus</strong></span> <span class='ocrx_word' id='word_1_798' title='bbox 1196 2514 1242 2540; x_wconf 77' lang='lat' dir='ltr'><strong>sit.</strong></span> <span class='ocrx_word' id='word_1_799' title='bbox 1261 2514 1301 2540; x_wconf 76' lang='lat' dir='ltr'><strong>Art</strong></span> <span class='ocrx_word' id='word_1_800' title='bbox 1322 2513 1425 2541; x_wconf 80' lang='lat' dir='ltr'><strong>Isaiam</strong></span> <span class='ocrx_word' id='word_1_801' title='bbox 1456 2517 1613 2543; x_wconf 84' lang='lat' dir='ltr'><strong>monachum</strong></span> <span class='ocrx_word' id='word_1_802' title='bbox 1638 2517 1670 2543; x_wconf 77' lang='lat' dir='ltr'><strong>de</strong></span> <span class='ocrx_word' id='word_1_803' title='bbox 1691 2519 1795 2544; x_wconf 83' lang='lat' dir='ltr'><strong>aninm-</strong></span> 
     </span>
    </p>
   </div>
   <div class='ocr_carea' id='block_1_112' title="bbox 1004 2560 1794 2595">
    <p class='ocr_par' dir='ltr' id='par_1_112' title="bbox 1004 2560 1794 2595">
     <span class='ocr_line' id='line_1_112' title="bbox 1004 2560 1794 2595; baseline 0.006 -9"><span class='ocrx_word' id='word_1_804' title='bbox 1004 2560 1051 2587; x_wconf 78' lang='lat' dir='ltr'><strong>bus</strong></span> <span class='ocrx_word' id='word_1_805' title='bbox 1064 2568 1080 2586; x_wconf 87' lang='lat' dir='ltr'><strong>a</strong></span> <span class='ocrx_word' id='word_1_806' title='bbox 1095 2569 1203 2594; x_wconf 81' lang='lat' dir='ltr'><strong>corpore</strong></span> <span class='ocrx_word' id='word_1_807' title='bbox 1220 2561 1363 2595; x_wconf 80' lang='lat' dir='ltr'><strong>separatis.</strong></span> <span class='ocrx_word' id='word_1_808' title='bbox 1383 2561 1484 2589; x_wconf 78' lang='lat' dir='ltr'><strong>Verum</strong></span> <span class='ocrx_word' id='word_1_809' title='bbox 1501 2562 1527 2589; x_wconf 89' lang='lat' dir='ltr'><strong>hi</strong></span> <span class='ocrx_word' id='word_1_810' title='bbox 1547 2570 1644 2591; x_wconf 85' lang='lat' dir='ltr'><strong>omnes</strong></span> <span class='ocrx_word' id='word_1_811' title='bbox 1662 2569 1794 2591; x_wconf 84' lang='lat' dir='ltr'><strong>tractatus</strong></span> 
     </span>
    </p>
   </div>
   <div class='ocr_carea' id='block_1_113' title="bbox 1004 2605 1795 2644">
    <p class='ocr_par' dir='ltr' id='par_1_113' title="bbox 1004 2605 1795 2644">
     <span class='ocr_line' id='line_1_113' title="bbox 1004 2605 1795 2644; baseline 0.005 -12"><span class='ocrx_word' id='word_1_812' title='bbox 1004 2605 1043 2633; x_wconf 88' lang='lat' dir='ltr'><strong>nil</strong></span> <span class='ocrx_word' id='word_1_813' title='bbox 1056 2606 1127 2632; x_wconf 78' lang='lat' dir='ltr'><strong>aliud</strong></span> <span class='ocrx_word' id='word_1_814' title='bbox 1142 2605 1208 2632; x_wconf 90' lang='lat' dir='ltr'><strong>mihi</strong></span> <span class='ocrx_word' id='word_1_815' title='bbox 1218 2611 1281 2633; x_wconf 83' lang='lat' dir='ltr'><strong>esse</strong></span> <span class='ocrx_word' id='word_1_816' title='bbox 1296 2606 1430 2641; x_wconf 79' lang='lat' dir='ltr'><strong>videntur,</strong></span> <span class='ocrx_word' id='word_1_817' title='bbox 1448 2616 1528 2643; x_wconf 88' lang='lat' dir='ltr'><strong>quam</strong></span> <span class='ocrx_word' id='word_1_818' title='bbox 1540 2609 1663 2644; x_wconf 55' lang='lat' dir='ltr'><strong>epistolas</strong></span> <span class='ocrx_word' id='word_1_819' title='bbox 1676 2608 1795 2636; x_wconf 73' lang='lat' dir='ltr'><strong>Michac~</strong></span> 
     </span>
    </p>
   </div>
   <div class='ocr_carea' id='block_1_114' title="bbox 1003 2650 1794 2689">
    <p class='ocr_par' dir='ltr' id='par_1_114' title="bbox 1003 2650 1794 2689">
     <span class='ocr_line' id='line_1_114' title="bbox 1003 2650 1794 2689; baseline 0.006 -12"><span class='ocrx_word' id='word_1_820' title='bbox 1003 2652 1036 2678; x_wconf 87' lang='lat' dir='ltr'><strong>iis</strong></span> <span class='ocrx_word' id='word_1_821' title='bbox 1053 2650 1153 2686; x_wconf 70' lang='lat' dir='ltr'><strong>Glycm,</strong></span> <span class='ocrx_word' id='word_1_822' title='bbox 1169 2651 1305 2686; x_wconf 86' lang='lat' dir='ltr'><strong>inquibus</strong></span> <span class='ocrx_word' id='word_1_823' title='bbox 1324 2652 1474 2688; x_wconf 70' lang='lat' dir='ltr'><strong>Scriptura:</strong></span> <span class='ocrx_word' id='word_1_824' title='bbox 1487 2654 1544 2682; x_wconf 88' lang='lat' dir='ltr'><strong>loca</strong></span> <span class='ocrx_word' id='word_1_825' title='bbox 1556 2655 1666 2689; x_wconf 84' lang='lat' dir='ltr'><strong>quidem</strong></span> <span class='ocrx_word' id='word_1_826' title='bbox 1678 2655 1794 2682; x_wconf 62' lang='lat' dir='ltr'><strong>obscure</strong></span> 
     </span>
    </p>
   </div>
   <div class='ocr_carea' id='block_1_115' title="bbox 1004 2697 1793 2736">
    <p class='ocr_par' dir='ltr' id='par_1_115' title="bbox 1004 2697 1793 2736">
     <span class='ocr_line' id='line_1_115' title="bbox 1004 2697 1793 2736; baseline 0.005 -12"><span class='ocrx_word' id='word_1_827' title='bbox 1004 2697 1046 2725; x_wconf 83' lang='lat' dir='ltr'><strong>vel</strong></span> <span class='ocrx_word' id='word_1_828' title='bbox 1063 2704 1241 2726; x_wconf 83' lang='lat' dir='ltr'><strong>controversa</strong></span> <span class='ocrx_word' id='word_1_829' title='bbox 1271 2699 1400 2734; x_wconf 82' lang='lat' dir='ltr'><strong>explicat.</strong></span> <span class='ocrx_word' id='word_1_830' title='bbox 1427 2700 1542 2736; x_wconf 89' lang='lat' dir='ltr'><strong>Scripsit</strong></span> <span class='ocrx_word' id='word_1_831' title='bbox 1559 2701 1632 2728; x_wconf 83' lang='lat' dir='ltr'><strong>enim</strong></span> <span class='ocrx_word' id='word_1_832' title='bbox 1661 2700 1793 2736; x_wconf 57' lang='lat' dir='ltr'><strong>epistolas</strong></span> 
     </span>
    </p>
   </div>
   <div class='ocr_carea' id='block_1_116' title="bbox 1004 2744 1792 2782">
    <p class='ocr_par' dir='ltr' id='par_1_116' title="bbox 1004 2744 1792 2782">
     <span class='ocr_line' id='line_1_116' title="bbox 1004 2744 1792 2782; baseline 0.005 -12"><span class='ocrx_word' id='word_1_833' title='bbox 1004 2744 1107 2778; x_wconf 82' lang='lat' dir='ltr'><strong>plures,</strong></span> <span class='ocrx_word' id='word_1_834' title='bbox 1123 2745 1266 2779; x_wconf 76' lang='lat' dir='ltr'><strong>exquibus</strong></span> <span class='ocrx_word' id='word_1_835' title='bbox 1279 2745 1394 2780; x_wconf 87' lang='lat' dir='ltr'><strong>pluriuta</strong></span> <span class='ocrx_word' id='word_1_836' title='bbox 1410 2746 1574 2782; x_wconf 77' lang='lat' dir='ltr'><strong>fragmenta,</strong></span> <span class='ocrx_word' id='word_1_837' title='bbox 1603 2755 1653 2774; x_wconf 86' lang='lat' dir='ltr'><strong>nec</strong></span> <span class='ocrx_word' id='word_1_838' title='bbox 1666 2747 1792 2775; x_wconf 68' lang='lat' dir='ltr'><strong>contain-</strong></span> 
     </span>
    </p>
   </div>
   <div class='ocr_carea' id='block_1_117' title="bbox 1003 2790 1793 2827">
    <p class='ocr_par' dir='ltr' id='par_1_117' title="bbox 1003 2790 1793 2827">
     <span class='ocr_line' id='line_1_117' title="bbox 1003 2790 1793 2827; baseline 0.005 -11"><span class='ocrx_word' id='word_1_839' title='bbox 1003 2790 1090 2817; x_wconf 84' lang='lat' dir='ltr'><strong>ncnda</strong></span> <span class='ocrx_word' id='word_1_840' title='bbox 1102 2790 1221 2825; x_wconf 73' lang='lat' dir='ltr'><strong>quidem,</strong></span> <span class='ocrx_word' id='word_1_841' title='bbox 1231 2799 1283 2818; x_wconf 89' lang='lat' dir='ltr'><strong>non</strong></span> <span class='ocrx_word' id='word_1_842' title='bbox 1303 2792 1394 2818; x_wconf 89' lang='lat' dir='ltr'><strong>unoin</strong></span> <span class='ocrx_word' id='word_1_843' title='bbox 1410 2791 1469 2819; x_wconf 91' lang='lat' dir='ltr'><strong>loco</strong></span> <span class='ocrx_word' id='word_1_844' title='bbox 1483 2792 1593 2818; x_wconf 82' lang='lat' dir='ltr'><strong>adducit</strong></span> <span class='ocrx_word' id='word_1_845' title='bbox 1603 2791 1658 2819; x_wconf 87' lang='lat' dir='ltr'><strong>Leo</strong></span> <span class='ocrx_word' id='word_1_846' title='bbox 1667 2792 1793 2827; x_wconf 80' lang='lat' dir='ltr'><strong>Allatius,</strong></span> 
     </span>
    </p>
   </div>
   <div class='ocr_carea' id='block_1_118' title="bbox 1004 2835 1789 2871">
    <p class='ocr_par' dir='ltr' id='par_1_118' title="bbox 1004 2835 1789 2871">
     <span class='ocr_line' id='line_1_118' title="bbox 1004 2835 1789 2871; baseline 0.001 -8"><span class='ocrx_word' id='word_1_847' title='bbox 1004 2837 1028 2863; x_wconf 87' lang='lat' dir='ltr'><strong>iu</strong></span> <span class='ocrx_word' id='word_1_848' title='bbox 1048 2843 1128 2871; x_wconf 82' lang='lat' dir='ltr'><strong>opere</strong></span> <span class='ocrx_word' id='word_1_849' title='bbox 1142 2835 1178 2862; x_wconf 65' lang='lat' dir='ltr'><strong>Du</strong></span> <span class='ocrx_word' id='word_1_850' title='bbox 1193 2844 1316 2863; x_wconf 68' lang='lat' dir='ltr'><strong>cutiscusu</strong></span> <span class='ocrx_word' id='word_1_851' title='bbox 1332 2837 1468 2871; x_wconf 78' lang='lat' dir='ltr'><strong>utriusque</strong></span> <span class='ocrx_word' id='word_1_852' title='bbox 1488 2835 1611 2862; x_wconf 61' lang='lat' dir='ltr'><strong>Ecclesia</strong></span> <span class='ocrx_word' id='word_1_853' title='bbox 1631 2836 1789 2869; x_wconf 47' lang='lat' dir='ltr'><strong>Occidi-nteit</strong></span> 
     </span>
    </p>
   </div>
  </div>
