1944 3072
202 175 1632 182 κῊΜη-ηηηρηφ-.

698 240 814 284 ΤΟΥ
851 240 1043 284 ΚΥΡΟΥ

403 335 872 475 ΜΙΧΑΗΛ
938 336 1332 423 ΓΛΥΚΑ

630 478 1098 538 ΣΙΚΕΛΙΩΤΟΥ

412 676 420 683 χ
476 595 776 664 ΒΙΒΑΟΣ
841 594 1253 682 XP‘ONIKH,

321 790 919 886 MICHAELIS
1008 794 1416 886 GLYC/E

767 951 968 999 SICULI

606 1061 1115 1144 ANNALES'

225 1201 268 1241 ,Δ
291 1193 420 1232 MUNDI
439 1194 624 1231 EXORD'IO
648 1198 778 1236 USQUE
805 1199 857 1229 AD
883 1196 1036 1230 OBITUM
1054 1194 1197 1231 ALEXII
1219 1194 1401 1232 COMNENI‘
1423 1201 1503 1233 IMP.

608 1277 643 1303 IN
659 1275 816 1307 QUATUOK
832 1275 956 1303 PARTES
971 1274 1113 1303 TRIBUTL

138 1355 217 1387 ppus
232 1347 344 1386 LABBE,
365 1346 536 1384 Bituricus,
555 1346 627 1377 Soc.
643 1346 720 1377 Jesu
736 1345 929 1385 Theologus,
953 1345 1097 1377 Graecum
1119 1339 1258 1383 textum,
1281 1353 1320 1377 ex
1334 1345 1480 1385 pluribus
1499 1354 1574 1378 mss.
1592 1345 1682 1377 codi-

137 1407 180 1429 >us
194 1398 308 1437 primus
322 1397 356 1428 in
373 1397 478 1429 lucem
493 1396 592 1428 edidit
610 1405 618 1427 :
635 1395 767 1427 Joannis
790 1395 975 1427 Leunklavii
989 1395 1180 1435 iAm‘elbumi
1198 1396 1493 1436 interpretationem
1526 1396 1685 1428 recensuit

137 1458 185 1489 [ue
204 1448 382 1480 emendavit
403 1456 410 1478 :
430 1447 573 1478 Indicam
590 1455 630 1479 ex
643 1455 702 1478 ms.
721 1446 1014 1478 Fontisebraldensi
1029 1445 1182 1486 praemisit
1196 1447 1370 1486 Latineque
1394 1446 1531 1477 reddidit
1548 1455 1555 1476 :
1572 1447 1682 1478 Adno-

137 1500 221 1531 iones
235 1498 379 1539 subjecit,
393 1499 425 1530 in
446 1493 576 1539 quibus,
594 1501 712 1539 praeter
724 1499 881 1530 variantes
895 1498 1064 1530 Lectiones
1079 1500 1110 1529 et
1131 1497 1371 1538 Supplementa,
1387 1497 1574 1538 Inlerpretis
1588 1501 1684 1538 atque

137 1560 218 1582 )rum
239 1551 394 1592 plurimos
412 1556 537 1582 errores
564 1551 714 1587 correxit,
738 1553 805 1581 tum
831 1550 1008 1590 praisertim
1024 1549 1157 1581 Joannis
1169 1549 1319 1588 _Meursii,
1338 1549 1393 1589 qui
1418 1552 1541 1588 partem
1560 1548 1629 1581 libri
1647 1558 1684 1580 ιιι

137 1604 254 1636 natium
269 1605 389 1645 Glycoe,
407 1604 579 1636 Theodoro
595 1603 780 1636 Metochilaa
794 1603 875 1635 falso
891 1603 1044 1641 attribuit,
1061 1607 1093 1634 et
1118 1603 1296 1634 Historiam
1317 1603 1495 1635 Romanam!
1509 1603 1682 1644 inscripsit,

137 1665 154 1687 Β
171 1655 224 1688 hic
239 1656 364 1696 integra
378 1657 638 1696 reprwsentatur,
653 1663 726 1686 cum
741 1654 831 1685 Notis
843 1656 939 1694 atque
952 1652 1115 1685 Indicibus
1129 1653 1328 1685 necessariis.

576 1729 697 1763 (Parisiis,
709 1736 742 1756 ex
754 1730 926 1762 Typographia
937 1729 1014 1761 Regia
1025 1723 1154 1760 IDCLX.)

326 1880 540 1926 LABBEI
597 1873 1070 1928 NUNCUPATOBIA
1108 1881 1399 1928 EPISTOLA

841 1975 880 1982 ._.

232 2044 592 2094 EMINENTISSIMO
620 2044 816 2077 PRINCIPI
830 2041 968 2084 ιζΠΙΙιΙΟ
991 2046 999 2074 t

709 2044 816 2077 VCIPI
830 2041 968 2084 :JULIO
991 2042 1226 2076 CARDINALI
1244 2041 1476 2074 ΜΑΖΑΒΙΝΟ.

150 2126 326 2159 redditam
342 2128 480 2168 Europw
501 2137 621 2168 pacem,
652 2128 753 2168 Teque
775 2131 905 2158 auctore
928 2126 1053 2158 tandem
1077 2131 1106 2158 et
1124 2131 1230 2158 actore
1255 2137 1318 2158 uno
1344 2128 1525 2168 perfectam,
1553 2128 1680 2159 ordines

137 2177 281 2207 summis
296 2171 477 2217 gratissimi
489 2177 589 2207 animi
603 2176 891 2216 signiﬁcationibus
902 2180 1151 2216 prosequuntur,
1167 2177 1316 2216 princeps
1332 2177 1587 2211 eminentissime;
1613 2181 1679 2206 tum

137 2233 204 2255 'um
222 2229 275 2255 est
304 2224 587 2265 doctrinarumque
614 2225 762 2262 omnium,
789 2225 959 2264 proprium
983 2225 1042 2256 hoc
1063 2225 1125 2256 sibi
1149 2224 1332 2265 beneﬁcium
1357 2225 1579 2256 immortaliter
1592 2235 1678 2265 prw-

167 2273 217 2304 Et
248 2278 371 2304 auctos
398 2277 501 2304 tamen
529 2274 587 2304 hoc
616 2275 743 2303 munere
777 2272 898 2304 labores
924 2272 1110 2313 intelligunt
1123 2274 1415 2314 suos:mer:'toquc
1433 2273 1592 2309 dubitant,
1623 2273 1679 2313 qui

137 2321 211 2352 lere
220 2323 303 2362 jam
319 2322 444 2353 meritis
459 2323 523 2354 tuis
551 2322 687 2361 possint,
714 2331 781 2361 quia
807 2332 845 2353 ne
871 2324 955 2354 inter
971 2322 1053 2354 bella
1077 2324 1211 2363 quidem,
1229 2324 1371 2354 ornando
1391 2323 1450 2355 tibi
1464 2332 1558 2363 pares
1576 2328 1676 2354 erant.

137 2374 300 2414 reantur.
316 2375 423 2401 tamen
435 2371 493 2402 hoc
511 2370 638 2408 solatio,
654 2370 737 2410 quod
757 2380 910 2402 novarum
936 2371 998 2403 sibi
1014 2372 1132 2403 virium
1150 2372 1287 2403 accessio
1300 2372 1389 2412 facta
1411 2375 1456 2402 est
1471 2382 1481 2402 :
1493 2380 1590 2411 neque
1608 2372 1677 2411 jam

137 2419 166 2448 Ta
181 2415 344 2455 tantum,
365 2418 420 2448 sed
436 2419 529 2449 etiam
546 2418 633 2458 apud
644 2423 751 2458 gentes
768 2424 906 2456 eceterae,
924 2419 1080 2459 quidquid
1100 2420 1214 2460 ubique
1234 2420 1416 2451 litterarum
1440 2425 1469 2450 et
1493 2419 1677 2459 linguarum

137 2475 144 2494 ς
166 2466 371 2506 praeconiis
387 2465 559 2497 resonabit.
581 2467 657 2497 Cum
672 2467 753 2497 enim
775 2466 850 2498 belli
865 2473 1003 2508 tempore
1025 2468 1140 2508 optime
1165 2468 1202 2498 de
1225 2467 1331 2499 Gallia
1341 2492 1360 2507 ,,
1371 2477 1459 2498 secus
1484 2467 1520 2498 de
1534 2469 1582 2499 his
1597 2477 1676 2509 quos

139 2524 338 2555 emporum
365 2514 518 2554 iniquitas
535 2515 663 2554 fecerat,
688 2516 819 2547 meritus
836 2524 914 2546 esses
932 2527 941 2546 :
956 2524 1040 2546 nunc
1052 2516 1189 2556 populos
1216 2525 1321 2547 omnes
1337 2525 1486 2547 concessw
1504 2517 1592 2556 pacis
1608 2525 1676 2546 mu-

137 2563 319 2594 vinxisti.
349 2559 556 2593 Admirabilis
586 2567 630 2594 tot
656 2573 777 2601 vocum,
803 2568 850 2595 tot
871 2564 1061 2602 etudiorum,
1083 2568 1128 2595 tot
1156 2564 1321 2595 nationum
1337 2570 1505 2596 concentus
1532 2565 1674 2600 exsistet,

138 2623 196 2644 ua
215 2623 365 2654 sumque
391 2614 542 2654 felicitati
565 2616 821 2654 gratulantium:
838 2617 871 2648 in
886 2626 945 2658 quo
971 2618 1092 2657 primas
1120 2617 1238 2649 eruditi
1252 2618 1416 2655 ,tenebunt,
1432 2626 1565 2657 quorum
1589 2621 1675 2647 artes

137 2663 285 2693 'umnas
301 2663 477 2703 perpetuis
495 2664 658 2702 complecti
683 2663 851 2704 beneﬁciis,
881 2675 917 2696 ac
936 2667 1042 2706 fovere
1065 2675 1130 2696 non
1154 2675 1268 2697 cessas.
1284 2667 1407 2704 Patere,
1420 2667 1572 2706 princeps
1597 2666 1673 2696 emi-

137 2719 200 2748 ne,
227 2720 352 2741 meam
379 2720 501 2751 quoque
527 2712 562 2742 in
587 2710 643 2742 illo
673 2718 838 2752 concentu,
868 2719 924 2746 aut
953 2715 1062 2754 potius
1089 2715 1250 2746 societatis
1268 2720 1386 2746 nostra:
1412 2723 1516 2745 vocem
1541 2723 1599 2753 per
1625 2723 1674 2745 me

142 2769 218 2796 em,
242 2758 376 2791 audiri
391 2769 513 2800 :neque
530 2761 601 2801 jam
616 2764 792 2794 communia
817 2762 874 2794 illa
900 2768 929 2794 et
944 2764 978 2794 in
1003 2772 1106 2794 omnes
1135 2773 1245 2804 sparsa
1276 2763 1411 2804 populos
1438 2762 1596 2803 beneﬁcia,
1620 2762 1674 2793 sed

137 2807 194 2838 lia
224 2809 270 2839 in
288 2817 359 2839 nos
386 2810 499 2840 merita
524 2809 753 2843 celebrantem:
769 2813 823 2852 qui
859 2816 887 2842 et
911 2812 1018 2843 multis
1040 2812 1109 2852 jam
1132 2812 1255 2853 pridem
1283 2812 1342 2843 tibi
1365 2820 1470 2842 sumus
1493 2812 1672 2844 nominibus

137 2862 311 2893 eumn.
331 2853 390 2892 Gn.
415 2863 547 2896 CLVIII.

1493 2865 1509 2895 1
