  <div class='ocr_page' id='page_1' title='image "/cluster/home/n/w/nwhite01/storage/ocr_20150623/158/njp.32101077773230/037.png"; bbox 0 0 1944 3072; ppageno 0'>
   <div class='ocr_carea' id='block_1_1' title="bbox 122 101 1755 152">
    <p class='ocr_par' dir='ltr' id='par_1_1' title="bbox 122 101 1755 152">
     <span class='ocr_line' id='line_1_1' title="bbox 122 101 1755 152; baseline -0.008 -4"><span class='ocrx_word' id='word_1_1' title='bbox 122 121 141 152; x_wconf 86' lang='lat'><strong>3</strong></span> <span class='ocrx_word' id='word_1_2' title='bbox 691 111 796 143; x_wconf 80' lang='lat' dir='ltr'><strong><em>PHIL.</em></strong></span> <span class='ocrx_word' id='word_1_3' title='bbox 816 109 955 140; x_wconf 82' lang='lat' dir='ltr'><strong><em>LABBEI</em></strong></span> <span class='ocrx_word' id='word_1_4' title='bbox 975 108 1187 140; x_wconf 72' lang='lat' dir='ltr'><strong><em>PRIEFATIO.</em></strong></span> <span class='ocrx_word' id='word_1_5' title='bbox 1735 101 1755 135; x_wconf 66' lang='grc' dir='ltr'>Σ</span> 
     </span>
    </p>
   </div>
   <div class='ocr_carea' id='block_1_2' title="bbox 125 159 1758 212">
    <p class='ocr_par' dir='ltr' id='par_1_2' title="bbox 125 159 1758 212">
     <span class='ocr_line' id='line_1_2' title="bbox 125 159 1758 212; baseline -0.011 -5"><span class='ocrx_word' id='word_1_6' title='bbox 125 175 279 210; x_wconf 76' lang='lat' dir='ltr'><strong><em>obstricti,</em></strong></span> <span class='ocrx_word' id='word_1_7' title='bbox 299 177 328 205; x_wconf 90' lang='lat' dir='ltr'><strong><em>et</em></strong></span> <span class='ocrx_word' id='word_1_8' title='bbox 342 181 447 204; x_wconf 78' lang='lat' dir='ltr'><strong><em>recens</em></strong></span> <span class='ocrx_word' id='word_1_9' title='bbox 465 170 546 203; x_wconf 86' lang='lat' dir='ltr'><strong><em>illud</em></strong></span> <span class='ocrx_word' id='word_1_10' title='bbox 560 179 736 212; x_wconf 81' lang='lat' dir='ltr'><strong><em>quanquam</em></strong></span> <span class='ocrx_word' id='word_1_11' title='bbox 752 167 889 198; x_wconf 87' lang='lat' dir='ltr'><strong><em>omnium</em></strong></span> <span class='ocrx_word' id='word_1_12' title='bbox 914 175 1072 197; x_wconf 80' lang='lat' dir='ltr'><strong><em>commune</em></strong></span> <span class='ocrx_word' id='word_1_13' title='bbox 1101 166 1189 204; x_wconf 83' lang='lat' dir='ltr'><strong><em>pacis</em></strong></span> <span class='ocrx_word' id='word_1_14' title='bbox 1218 165 1409 205; x_wconf 86' lang='lat' dir='ltr'><strong><em>bene/icium,</em></strong></span> <span class='ocrx_word' id='word_1_15' title='bbox 1433 162 1523 193; x_wconf 88' lang='lat' dir='ltr'><strong><em>nobis</em></strong></span> <span class='ocrx_word' id='word_1_16' title='bbox 1546 160 1676 201; x_wconf 77' lang='lat' dir='ltr'><strong><em>proprie</em></strong></span> <span class='ocrx_word' id='word_1_17' title='bbox 1692 159 1758 190; x_wconf 76' lang='lat' dir='ltr'><strong><em>col-</em></strong></span> 
     </span>
    </p>
   </div>
   <div class='ocr_carea' id='block_1_3' title="bbox 123 207 1757 264">
    <p class='ocr_par' dir='ltr' id='par_1_3' title="bbox 123 207 1757 264">
     <span class='ocr_line' id='line_1_3' title="bbox 123 207 1757 264; baseline -0.012 -7"><span class='ocrx_word' id='word_1_18' title='bbox 123 227 224 258; x_wconf 85' lang='lat' dir='ltr'><strong><em>latum</em></strong></span> <span class='ocrx_word' id='word_1_19' title='bbox 241 207 450 264; x_wconf 77' lang='lat' dir='ltr'><strong><em>agnoscimus.</em></strong></span> <span class='ocrx_word' id='word_1_20' title='bbox 469 221 545 252; x_wconf 83' lang='lat' dir='ltr'><strong><em>Cum</em></strong></span> <span class='ocrx_word' id='word_1_21' title='bbox 562 207 802 251; x_wconf 52' lang='lat' dir='ltr'><strong><em>enim-instituti</em></strong></span> <span class='ocrx_word' id='word_1_22' title='bbox 817 215 922 247; x_wconf 87' lang='lat' dir='ltr'><strong><em>nostri</em></strong></span> <span class='ocrx_word' id='word_1_23' title='bbox 939 215 993 251; x_wconf 86' lang='lat' dir='ltr'><strong><em>sit,</em></strong></span> <span class='ocrx_word' id='word_1_24' title='bbox 1010 219 1039 245; x_wconf 90' lang='lat' dir='ltr'><strong><em>et</em></strong></span> <span class='ocrx_word' id='word_1_25' title='bbox 1053 214 1242 254; x_wconf 89' lang='lat' dir='ltr'><strong><em>optimarum</em></strong></span> <span class='ocrx_word' id='word_1_26' title='bbox 1256 213 1375 244; x_wconf 96' lang='lat' dir='ltr'><strong><em>artium</em></strong></span> <span class='ocrx_word' id='word_1_27' title='bbox 1398 210 1585 250; x_wconf 81' lang='lat' dir='ltr'><strong><em>discipiinas</em></strong></span> <span class='ocrx_word' id='word_1_28' title='bbox 1600 207 1757 248; x_wconf 82' lang='lat' dir='ltr'><strong><em>proﬁteri,</em></strong></span> 
     </span>
    </p>
   </div>
   <div class='ocr_carea' id='block_1_4' title="bbox 124 255 1759 315">
    <p class='ocr_par' dir='ltr' id='par_1_4' title="bbox 124 255 1759 315">
     <span class='ocr_line' id='line_1_4' title="bbox 124 255 1759 315; baseline -0.012 -10"><span class='ocrx_word' id='word_1_29' title='bbox 124 255 389 315; x_wconf 42' lang='lat' dir='ltr'><strong><em>quarum‘studiis</em></strong></span> <span class='ocrx_word' id='word_1_30' title='bbox 405 269 487 301; x_wconf 87' lang='lat' dir='ltr'><strong><em>nihil</em></strong></span> <span class='ocrx_word' id='word_1_31' title='bbox 503 274 547 300; x_wconf 88' lang='lat' dir='ltr'><strong><em>est</em></strong></span> <span class='ocrx_word' id='word_1_32' title='bbox 561 277 722 300; x_wconf 88' lang='lat' dir='ltr'><strong><em>armorum</em></strong></span> <span class='ocrx_word' id='word_1_33' title='bbox 737 266 875 305; x_wconf 80' lang='lat' dir='ltr'><strong><em>strepitu</em></strong></span> <span class='ocrx_word' id='word_1_34' title='bbox 890 263 1058 303; x_wconf 83' lang='lat' dir='ltr'><strong><em>infestius,</em></strong></span> <span class='ocrx_word' id='word_1_35' title='bbox 1087 266 1115 293; x_wconf 94' lang='lat' dir='ltr'><strong><em>et</em></strong></span> <span class='ocrx_word' id='word_1_36' title='bbox 1142 261 1321 292; x_wconf 69' lang='lat' dir='ltr'><strong><em>excolendis</em></strong></span> <span class='ocrx_word' id='word_1_37' title='bbox 1336 259 1495 291; x_wconf 78' lang='lat' dir='ltr'><strong><em>hominum</em></strong></span> <span class='ocrx_word' id='word_1_38' title='bbox 1518 255 1659 287; x_wconf 75' lang='lat' dir='ltr'><strong><em>moribus</em></strong></span> <span class='ocrx_word' id='word_1_39' title='bbox 1688 260 1759 301; x_wconf 83' lang='lat' dir='ltr'><strong><em>stu-</em></strong></span> 
     </span>
    </p>
   </div>
   <div class='ocr_carea' id='block_1_5' title="bbox 124 306 1759 361">
    <p class='ocr_par' dir='ltr' id='par_1_5' title="bbox 124 306 1759 361">
     <span class='ocr_line' id='line_1_5' title="bbox 124 306 1759 361; baseline -0.013 -7"><span class='ocrx_word' id='word_1_40' title='bbox 124 306 208 359; x_wconf 72' lang='lat' dir='ltr'><strong><em>dere,</em></strong></span> <span class='ocrx_word' id='word_1_41' title='bbox 225 319 492 361; x_wconf 83' lang='lat' dir='ltr'><strong><em>pro/ligandoeque</em></strong></span> <span class='ocrx_word' id='word_1_42' title='bbox 507 317 676 357; x_wconf 85' lang='lat' dir='ltr'><strong><em>impietati,</em></strong></span> <span class='ocrx_word' id='word_1_43' title='bbox 696 325 763 356; x_wconf 78' lang='lat' dir='ltr'><strong><em>qua:</em></strong></span> <span class='ocrx_word' id='word_1_44' title='bbox 785 313 945 353; x_wconf 75' lang='lat' dir='ltr'><strong><em>impunius</em></strong></span> <span class='ocrx_word' id='word_1_45' title='bbox 961 312 1046 342; x_wconf 86' lang='lat' dir='ltr'><strong><em>inter</em></strong></span> <span class='ocrx_word' id='word_1_46' title='bbox 1060 309 1140 341; x_wconf 90' lang='lat' dir='ltr'><strong><em>bella</em></strong></span> <span class='ocrx_word' id='word_1_47' title='bbox 1164 315 1330 350; x_wconf 80' lang='lat' dir='ltr'><strong><em>grassatur</em></strong></span> <span class='ocrx_word' id='word_1_48' title='bbox 1346 319 1355 339; x_wconf 91' lang='lat'><em>:</em></span> <span class='ocrx_word' id='word_1_49' title='bbox 1377 308 1424 338; x_wconf 88' lang='lat' dir='ltr'><strong><em>Tu</em></strong></span> <span class='ocrx_word' id='word_1_50' title='bbox 1440 306 1613 337; x_wconf 84' lang='lat' dir='ltr'><strong><em>constituta</em></strong></span> <span class='ocrx_word' id='word_1_51' title='bbox 1623 313 1715 344; x_wconf 85' lang='lat' dir='ltr'><strong><em>pace,</em></strong></span> <span class='ocrx_word' id='word_1_52' title='bbox 1732 307 1759 332; x_wconf 91' lang='lat' dir='ltr'><strong><em>et</em></strong></span> 
     </span>
    </p>
   </div>
   <div class='ocr_carea' id='block_1_6' title="bbox 125 351 1761 411">
    <p class='ocr_par' dir='ltr' id='par_1_6' title="bbox 125 351 1761 411">
     <span class='ocr_line' id='line_1_6' title="bbox 125 351 1761 411; baseline -0.013 -9"><span class='ocrx_word' id='word_1_53' title='bbox 125 351 308 411; x_wconf 69' lang='lat' dir='ltr'><strong><em>languentes</em></strong></span> <span class='ocrx_word' id='word_1_54' title='bbox 322 351 359 399; x_wconf 63' lang='lat' dir='ltr'><strong><em>lic</em></strong></span> <span class='ocrx_word' id='word_1_55' title='bbox 372 351 471 409; x_wconf 71' lang='lat' dir='ltr'><strong><em>prope</em></strong></span> <span class='ocrx_word' id='word_1_56' title='bbox 487 351 684 398; x_wconf 62' lang='lat' dir='ltr'><strong><em>semianimes</em></strong></span> <span class='ocrx_word' id='word_1_57' title='bbox 700 351 1008 395; x_wconf 50' lang='lat' dir='ltr'><strong><em>litteras—excitaui,</em></strong></span> <span class='ocrx_word' id='word_1_58' title='bbox 1032 363 1061 390; x_wconf 88' lang='lat' dir='ltr'><strong><em>et</em></strong></span> <span class='ocrx_word' id='word_1_59' title='bbox 1076 358 1224 398; x_wconf 80' lang='lat' dir='ltr'><strong><em>neglectis</em></strong></span> <span class='ocrx_word' id='word_1_60' title='bbox 1251 366 1287 388; x_wconf 91' lang='lat' dir='ltr'><strong><em>ac</em></strong></span> <span class='ocrx_word' id='word_1_61' title='bbox 1311 356 1409 387; x_wconf 80' lang='lat' dir='ltr'><strong><em>veluti</em></strong></span> <span class='ocrx_word' id='word_1_62' title='bbox 1426 355 1573 394; x_wconf 76' lang='lat' dir='ltr'><strong><em>profugis</em></strong></span> <span class='ocrx_word' id='word_1_63' title='bbox 1587 351 1761 383; x_wconf 80' lang='lat' dir='ltr'><strong><em>virtutibus</em></strong></span> 
     </span>
    </p>
   </div>
   <div class='ocr_carea' id='block_1_7' title="bbox 125 401 1761 461">
    <p class='ocr_par' dir='ltr' id='par_1_7' title="bbox 125 401 1761 461">
     <span class='ocr_line' id='line_1_7' title="bbox 125 401 1761 461; baseline -0.013 -8"><span class='ocrx_word' id='word_1_64' title='bbox 125 401 288 461; x_wconf 64' lang='lat' dir='ltr'><strong><em>Europam</em></strong></span> <span class='ocrx_word' id='word_1_65' title='bbox 308 401 533 459; x_wconf 43' lang='lat' dir='ltr'><strong><em>omn-emrquasi</em></strong></span> <span class='ocrx_word' id='word_1_66' title='bbox 553 416 702 457; x_wconf 84' lang='lat' dir='ltr'><strong><em>templum</em></strong></span> <span class='ocrx_word' id='word_1_67' title='bbox 721 413 850 455; x_wconf 82' lang='lat' dir='ltr'><strong><em>aliquod</em></strong></span> <span class='ocrx_word' id='word_1_68' title='bbox 870 411 1038 453; x_wconf 75' lang='lat' dir='ltr'><strong><em>aperuisti,</em></strong></span> <span class='ocrx_word' id='word_1_69' title='bbox 1066 411 1099 441; x_wconf 90' lang='lat' dir='ltr'><strong><em>in</em></strong></span> <span class='ocrx_word' id='word_1_70' title='bbox 1123 419 1182 450; x_wconf 89' lang='lat' dir='ltr'><strong><em>quo</em></strong></span> <span class='ocrx_word' id='word_1_71' title='bbox 1198 409 1301 448; x_wconf 79' lang='lat' dir='ltr'><strong><em>quiete</em></strong></span> <span class='ocrx_word' id='word_1_72' title='bbox 1319 407 1465 446; x_wconf 78' lang='lat' dir='ltr'><strong><em>deinceps</em></strong></span> <span class='ocrx_word' id='word_1_73' title='bbox 1480 414 1516 435; x_wconf 91' lang='lat' dir='ltr'><strong><em>ac</em></strong></span> <span class='ocrx_word' id='word_1_74' title='bbox 1542 403 1665 444; x_wconf 80' lang='lat' dir='ltr'><strong><em>placide</em></strong></span> <span class='ocrx_word' id='word_1_75' title='bbox 1681 401 1761 432; x_wconf 77' lang='lat' dir='ltr'><strong><em>colc‘</em></strong></span> 
     </span>
    </p>
   </div>
   <div class='ocr_carea' id='block_1_8' title="bbox 123 453 1762 502">
    <p class='ocr_par' dir='ltr' id='par_1_8' title="bbox 123 453 1762 502">
     <span class='ocr_line' id='line_1_8' title="bbox 123 453 1762 502; baseline -0.013 1"><span class='ocrx_word' id='word_1_76' title='bbox 123 453 249 502; x_wconf 48' lang='lat' dir='ltr'><strong><em>rentulr.</em></strong></span> <span class='ocrx_word' id='word_1_77' title='bbox 267 470 309 501; x_wconf 87' lang='lat' dir='ltr'><strong><em>Et</em></strong></span> <span class='ocrx_word' id='word_1_78' title='bbox 325 453 567 500; x_wconf 52' lang='lat' dir='ltr'><strong><em>habebittamen</em></strong></span> <span class='ocrx_word' id='word_1_79' title='bbox 587 453 623 496; x_wconf 76' lang='lat' dir='ltr'><strong><em>m&#39;</em></strong></span> <span class='ocrx_word' id='word_1_80' title='bbox 636 464 693 496; x_wconf 87' lang='lat' dir='ltr'><strong><em>illa</em></strong></span> <span class='ocrx_word' id='word_1_81' title='bbox 709 453 942 502; x_wconf 80' lang='lat' dir='ltr'><strong><em>tranquillitate</em></strong></span> <span class='ocrx_word' id='word_1_82' title='bbox 967 461 1070 490; x_wconf 81' lang='lat' dir='ltr'><strong><em>hostes</em></strong></span> <span class='ocrx_word' id='word_1_83' title='bbox 1101 467 1174 488; x_wconf 85' lang='lat' dir='ltr'><strong><em>suos</em></strong></span> <span class='ocrx_word' id='word_1_84' title='bbox 1199 457 1325 496; x_wconf 79' lang='lat' dir='ltr'><strong><em>religio,</em></strong></span> <span class='ocrx_word' id='word_1_85' title='bbox 1352 458 1455 486; x_wconf 88' lang='lat' dir='ltr'><strong><em>minus</em></strong></span> <span class='ocrx_word' id='word_1_86' title='bbox 1477 455 1600 494; x_wconf 87' lang='lat' dir='ltr'><strong><em>quidem</em></strong></span> <span class='ocrx_word' id='word_1_87' title='bbox 1619 453 1762 492; x_wconf 85' lang='lat' dir='ltr'><strong><em>furentes</em></strong></span> 
     </span>
    </p>
   </div>
   <div class='ocr_carea' id='block_1_9' title="bbox 124 499 1765 556">
    <p class='ocr_par' dir='ltr' id='par_1_9' title="bbox 124 499 1765 556">
     <span class='ocr_line' id='line_1_9' title="bbox 124 499 1765 556; baseline -0.013 -4"><span class='ocrx_word' id='word_1_88' title='bbox 124 520 276 551; x_wconf 85' lang='lat' dir='ltr'><strong><em>audacter</em></strong></span> <span class='ocrx_word' id='word_1_89' title='bbox 287 541 295 556; x_wconf 92' lang='lat'><strong><em>,</em></strong></span> <span class='ocrx_word' id='word_1_90' title='bbox 319 518 372 549; x_wconf 85' lang='lat' dir='ltr'><strong><em>sed</em></strong></span> <span class='ocrx_word' id='word_1_91' title='bbox 386 526 450 548; x_wconf 89' lang='lat' dir='ltr'><strong><em>non</em></strong></span> <span class='ocrx_word' id='word_1_92' title='bbox 464 517 566 548; x_wconf 84' lang='lat' dir='ltr'><strong><em>minus</em></strong></span> <span class='ocrx_word' id='word_1_93' title='bbox 585 515 706 546; x_wconf 89' lang='lat' dir='ltr'><strong><em>idcirco</em></strong></span> <span class='ocrx_word' id='word_1_94' title='bbox 723 510 902 543; x_wconf 72' lang='lat' dir='ltr'><strong><em>metuendos</em></strong></span> <span class='ocrx_word' id='word_1_95' title='bbox 919 520 929 540; x_wconf 91' lang='lat'><strong><em>:</em></strong></span> <span class='ocrx_word' id='word_1_96' title='bbox 944 507 1068 540; x_wconf 81' lang='lat' dir='ltr'><strong><em>habebit</em></strong></span> <span class='ocrx_word' id='word_1_97' title='bbox 1085 512 1112 537; x_wconf 90' lang='lat' dir='ltr'><strong><em>et</em></strong></span> <span class='ocrx_word' id='word_1_98' title='bbox 1138 516 1211 537; x_wconf 86' lang='lat' dir='ltr'><strong><em>suos</em></strong></span> <span class='ocrx_word' id='word_1_99' title='bbox 1228 506 1359 537; x_wconf 76' lang='lat' dir='ltr'><strong><em>societas</em></strong></span> <span class='ocrx_word' id='word_1_100' title='bbox 1373 508 1496 541; x_wconf 88' lang='lat' dir='ltr'><strong><em>nostra,</em></strong></span> <span class='ocrx_word' id='word_1_101' title='bbox 1522 502 1573 533; x_wconf 88' lang='lat' dir='ltr'><strong><em>cui</em></strong></span> <span class='ocrx_word' id='word_1_102' title='bbox 1594 510 1659 532; x_wconf 91' lang='lat' dir='ltr'><strong><em>non</em></strong></span> <span class='ocrx_word' id='word_1_103' title='bbox 1676 499 1765 532; x_wconf 85' lang='lat' dir='ltr'><strong><em>inde-</em></strong></span> 
     </span>
    </p>
   </div>
   <div class='ocr_carea' id='block_1_10' title="bbox 124 550 1764 604">
    <p class='ocr_par' dir='ltr' id='par_1_10' title="bbox 124 550 1764 604">
     <span class='ocr_line' id='line_1_10' title="bbox 124 550 1764 604; baseline -0.013 -4"><span class='ocrx_word' id='word_1_104' title='bbox 124 577 234 599; x_wconf 88' lang='lat' dir='ltr'><strong><em>corum</em></strong></span> <span class='ocrx_word' id='word_1_105' title='bbox 256 571 311 604; x_wconf 85' lang='lat' dir='ltr'><strong><em>est,</em></strong></span> <span class='ocrx_word' id='word_1_106' title='bbox 338 566 471 602; x_wconf 81' lang='lat' dir='ltr'><strong><em>eosdem,</em></strong></span> <span class='ocrx_word' id='word_1_107' title='bbox 506 574 525 594; x_wconf 90' lang='lat' dir='ltr'><strong><em>a</em></strong></span> <span class='ocrx_word' id='word_1_108' title='bbox 549 563 663 604; x_wconf 77' lang='lat' dir='ltr'><strong><em>quibus</em></strong></span> <span class='ocrx_word' id='word_1_109' title='bbox 689 559 830 591; x_wconf 87' lang='lat' dir='ltr'><strong><em>Ecclesia</em></strong></span> <span class='ocrx_word' id='word_1_110' title='bbox 852 562 1000 594; x_wconf 70' lang='lat' dir='ltr'><strong><em>texatur,</em></strong></span> <span class='ocrx_word' id='word_1_111' title='bbox 1029 556 1246 589; x_wconf 76' lang='lat' dir='ltr'><strong><em>adversarios.-</em></strong></span> <span class='ocrx_word' id='word_1_112' title='bbox 1274 554 1423 589; x_wconf 88' lang='lat' dir='ltr'><strong><em>eumdem,</em></strong></span> <span class='ocrx_word' id='word_1_113' title='bbox 1452 561 1548 592; x_wconf 86' lang='lat' dir='ltr'><strong><em>a-quo</em></strong></span> <span class='ocrx_word' id='word_1_114' title='bbox 1570 550 1696 590; x_wconf 84' lang='lat' dir='ltr'><strong><em>defensa</em></strong></span> <span class='ocrx_word' id='word_1_115' title='bbox 1719 553 1764 580; x_wconf 86' lang='lat' dir='ltr'><strong><em>est</em></strong></span> 
     </span>
    </p>
   </div>
   <div class='ocr_carea' id='block_1_11' title="bbox 123 598 1763 656">
    <p class='ocr_par' dir='ltr' id='par_1_11' title="bbox 123 598 1763 656">
     <span class='ocr_line' id='line_1_11' title="bbox 123 598 1763 656; baseline -0.012 -8"><span class='ocrx_word' id='word_1_116' title='bbox 123 616 251 656; x_wconf 79' lang='lat' dir='ltr'><strong><em>religio,</em></strong></span> <span class='ocrx_word' id='word_1_117' title='bbox 267 614 423 646; x_wconf 73' lang='lat' dir='ltr'><strong><em>vindicem</em></strong></span> <span class='ocrx_word' id='word_1_118' title='bbox 446 614 486 644; x_wconf 88' lang='lat' dir='ltr'><strong><em>Te</em></strong></span> <span class='ocrx_word' id='word_1_119' title='bbox 502 621 537 642; x_wconf 92' lang='lat' dir='ltr'><strong><em>ac</em></strong></span> <span class='ocrx_word' id='word_1_120' title='bbox 551 598 724 652; x_wconf 77' lang='lat' dir='ltr'><strong><em>patronum</em></strong></span> <span class='ocrx_word' id='word_1_121' title='bbox 740 608 894 648; x_wconf 70' lang='lat' dir='ltr'><strong><em>experiri.</em></strong></span> <span class='ocrx_word' id='word_1_122' title='bbox 911 606 1022 645; x_wconf 84' lang='lat' dir='ltr'><strong><em>Perge,</em></strong></span> <span class='ocrx_word' id='word_1_123' title='bbox 1038 605 1187 644; x_wconf 73' lang='lat' dir='ltr'><strong><em>princeps</em></strong></span> <span class='ocrx_word' id='word_1_124' title='bbox 1202 603 1452 639; x_wconf 82' lang='lat' dir='ltr'><strong><em>eminentissime,</em></strong></span> <span class='ocrx_word' id='word_1_125' title='bbox 1478 601 1515 632; x_wconf 90' lang='lat' dir='ltr'><strong><em>de</em></strong></span> <span class='ocrx_word' id='word_1_126' title='bbox 1538 604 1672 639; x_wconf 84' lang='lat' dir='ltr'><strong><em>utraque</em></strong></span> <span class='ocrx_word' id='word_1_127' title='bbox 1688 598 1763 629; x_wconf 88' lang='lat' dir='ltr'><strong><em>bene</em></strong></span> 
     </span>
    </p>
   </div>
   <div class='ocr_carea' id='block_1_12' title="bbox 122 649 1764 700">
    <p class='ocr_par' dir='ltr' id='par_1_12' title="bbox 122 649 1764 700">
     <span class='ocr_line' id='line_1_12' title="bbox 122 649 1764 700; baseline -0.012 -3"><span class='ocrx_word' id='word_1_128' title='bbox 122 665 239 696; x_wconf 87' lang='lat' dir='ltr'><strong><em>mereri</em></strong></span> <span class='ocrx_word' id='word_1_129' title='bbox 256 675 266 696; x_wconf 94' lang='lat'><strong><em>:</em></strong></span> <span class='ocrx_word' id='word_1_130' title='bbox 282 665 328 695; x_wconf 87' lang='lat' dir='ltr'><strong><em>sic</em></strong></span> <span class='ocrx_word' id='word_1_131' title='bbox 345 664 403 695; x_wconf 89' lang='lat' dir='ltr'><strong><em>tibi</em></strong></span> <span class='ocrx_word' id='word_1_132' title='bbox 417 663 558 694; x_wconf 75' lang='lat' dir='ltr'><strong><em>vicissim</em></strong></span> <span class='ocrx_word' id='word_1_133' title='bbox 574 666 719 700; x_wconf 87' lang='lat' dir='ltr'><strong><em>utraque,</em></strong></span> <span class='ocrx_word' id='word_1_134' title='bbox 738 658 822 699; x_wconf 88' lang='lat' dir='ltr'><strong><em>quod</em></strong></span> <span class='ocrx_word' id='word_1_135' title='bbox 834 665 987 688; x_wconf 88' lang='lat' dir='ltr'><strong><em>summum</em></strong></span> <span class='ocrx_word' id='word_1_136' title='bbox 1002 655 1105 692; x_wconf 80' lang='lat' dir='ltr'><strong><em>habet,</em></strong></span> <span class='ocrx_word' id='word_1_137' title='bbox 1126 655 1309 694; x_wconf 87' lang='lat' dir='ltr'><strong><em>gratissimo</em></strong></span> <span class='ocrx_word' id='word_1_138' title='bbox 1336 653 1441 684; x_wconf 88' lang='lat' dir='ltr'><strong><em>animo</em></strong></span> <span class='ocrx_word' id='word_1_139' title='bbox 1464 649 1637 691; x_wconf 85' lang='lat' dir='ltr'><strong><em>rependat;</em></strong></span> <span class='ocrx_word' id='word_1_140' title='bbox 1660 649 1764 679; x_wconf 90' lang='lat' dir='ltr'><strong><em>altera</em></strong></span> 
     </span>
    </p>
   </div>
   <div class='ocr_carea' id='block_1_13' title="bbox 124 698 1765 754">
    <p class='ocr_par' dir='ltr' id='par_1_13' title="bbox 124 698 1765 754">
     <span class='ocr_line' id='line_1_13' title="bbox 124 698 1765 754; baseline -0.011 -9"><span class='ocrx_word' id='word_1_141' title='bbox 124 714 311 754; x_wconf 86' lang='lat' dir='ltr'><strong><em>dignitatem</em></strong></span> <span class='ocrx_word' id='word_1_142' title='bbox 329 712 416 743; x_wconf 88' lang='lat' dir='ltr'><strong><em>orbis</em></strong></span> <span class='ocrx_word' id='word_1_143' title='bbox 432 715 592 742; x_wconf 85' lang='lat' dir='ltr'><strong><em>terrarum</em></strong></span> <span class='ocrx_word' id='word_1_144' title='bbox 610 698 798 748; x_wconf 73' lang='lat' dir='ltr'><strong><em>supremam,</em></strong></span> <span class='ocrx_word' id='word_1_145' title='bbox 822 709 921 736; x_wconf 86' lang='lat' dir='ltr'><strong><em>altera</em></strong></span> <span class='ocrx_word' id='word_1_146' title='bbox 941 704 1066 744; x_wconf 87' lang='lat' dir='ltr'><strong><em>plenam</em></strong></span> <span class='ocrx_word' id='word_1_147' title='bbox 1089 704 1255 744; x_wconf 83' lang='lat' dir='ltr'><strong><em>religionis</em></strong></span> <span class='ocrx_word' id='word_1_148' title='bbox 1277 703 1454 742; x_wconf 87' lang='lat' dir='ltr'><strong><em>amorisque</em></strong></span> <span class='ocrx_word' id='word_1_149' title='bbox 1481 699 1701 731; x_wconf 78' lang='lat' dir='ltr'><strong><em>reverentiam.</em></strong></span> <span class='ocrx_word' id='word_1_150' title='bbox 1719 698 1765 728; x_wconf 86' lang='lat' dir='ltr'><strong><em>Hi</em></strong></span> 
     </span>
    </p>
   </div>
   <div class='ocr_carea' id='block_1_14' title="bbox 123 747 1765 801">
    <p class='ocr_par' dir='ltr' id='par_1_14' title="bbox 123 747 1765 801">
     <span class='ocr_line' id='line_1_14' title="bbox 123 747 1765 801; baseline -0.011 -7"><span class='ocrx_word' id='word_1_151' title='bbox 123 767 211 800; x_wconf 86' lang='lat' dir='ltr'><strong><em>sunt,</em></strong></span> <span class='ocrx_word' id='word_1_152' title='bbox 226 762 378 801; x_wconf 84' lang='lat' dir='ltr'><strong><em>princeps</em></strong></span> <span class='ocrx_word' id='word_1_153' title='bbox 390 747 818 795; x_wconf 73' lang='lat' dir='ltr'><strong><em>eminentissime,societatis</em></strong></span> <span class='ocrx_word' id='word_1_154' title='bbox 838 758 954 785; x_wconf 74' lang='lat' dir='ltr'><strong><em>nostra:</em></strong></span> <span class='ocrx_word' id='word_1_155' title='bbox 973 762 1093 790; x_wconf 87' lang='lat' dir='ltr'><strong><em>sensus,</em></strong></span> <span class='ocrx_word' id='word_1_156' title='bbox 1122 761 1200 792; x_wconf 84' lang='lat' dir='ltr'><strong><em>quos</em></strong></span> <span class='ocrx_word' id='word_1_157' title='bbox 1218 750 1370 792; x_wconf 82' lang='lat' dir='ltr'><strong><em>proﬁteri</em></strong></span> <span class='ocrx_word' id='word_1_158' title='bbox 1391 758 1449 790; x_wconf 89' lang='lat' dir='ltr'><strong><em>per</em></strong></span> <span class='ocrx_word' id='word_1_159' title='bbox 1463 758 1509 779; x_wconf 89' lang='lat' dir='ltr'><strong><em>me</em></strong></span> <span class='ocrx_word' id='word_1_160' title='bbox 1533 747 1648 778; x_wconf 79' lang='lat' dir='ltr'><strong><em>voluit.</em></strong></span> <span class='ocrx_word' id='word_1_161' title='bbox 1674 747 1765 777; x_wconf 81' lang='lat' dir='ltr'><strong><em>Inter</em></strong></span> 
     </span>
    </p>
   </div>
   <div class='ocr_carea' id='block_1_15' title="bbox 124 795 1763 851">
    <p class='ocr_par' dir='ltr' id='par_1_15' title="bbox 124 795 1763 851">
     <span class='ocr_line' id='line_1_15' title="bbox 124 795 1763 851; baseline -0.01 -9"><span class='ocrx_word' id='word_1_162' title='bbox 124 812 187 842; x_wconf 78' lang='lat' dir='ltr'><strong><em>htec</em></strong></span> <span class='ocrx_word' id='word_1_163' title='bbox 203 811 271 851; x_wconf 80' lang='lat' dir='ltr'><strong><em>ejus</em></strong></span> <span class='ocrx_word' id='word_1_164' title='bbox 283 814 356 841; x_wconf 79' lang='lat' dir='ltr'><strong><em>vota</em></strong></span> <span class='ocrx_word' id='word_1_165' title='bbox 369 813 399 840; x_wconf 91' lang='lat' dir='ltr'><strong><em>et</em></strong></span> <span class='ocrx_word' id='word_1_166' title='bbox 414 813 573 839; x_wconf 82' lang='lat' dir='ltr'><strong><em>terrarum</em></strong></span> <span class='ocrx_word' id='word_1_167' title='bbox 589 807 727 837; x_wconf 90' lang='lat' dir='ltr'><strong><em>omnium</em></strong></span> <span class='ocrx_word' id='word_1_168' title='bbox 741 803 981 844; x_wconf 84' lang='lat' dir='ltr'><strong><em>gratulationes,</em></strong></span> <span class='ocrx_word' id='word_1_169' title='bbox 999 806 1107 841; x_wconf 86' lang='lat' dir='ltr'><strong><em>patere</em></strong></span> <span class='ocrx_word' id='word_1_170' title='bbox 1134 800 1192 831; x_wconf 87' lang='lat' dir='ltr'><strong><em>hoc</em></strong></span> <span class='ocrx_word' id='word_1_171' title='bbox 1221 800 1281 831; x_wconf 85' lang='lat' dir='ltr'><strong><em>tibi</em></strong></span> <span class='ocrx_word' id='word_1_172' title='bbox 1307 798 1448 840; x_wconf 83' lang='lat' dir='ltr'><strong><em>quamvis</em></strong></span> <span class='ocrx_word' id='word_1_173' title='bbox 1465 802 1555 828; x_wconf 85' lang='lat' dir='ltr'><strong><em>tenue</em></strong></span> <span class='ocrx_word' id='word_1_174' title='bbox 1582 795 1763 830; x_wconf 85' lang='lat' dir='ltr'><strong><em>donarium,</em></strong></span> 
     </span>
    </p>
   </div>
   <div class='ocr_carea' id='block_1_16' title="bbox 124 844 1765 899">
    <p class='ocr_par' dir='ltr' id='par_1_16' title="bbox 124 844 1765 899">
     <span class='ocr_line' id='line_1_16' title="bbox 124 844 1765 899; baseline -0.011 -9"><span class='ocrx_word' id='word_1_175' title='bbox 124 859 199 890; x_wconf 84' lang='lat' dir='ltr'><strong><em>dum</em></strong></span> <span class='ocrx_word' id='word_1_176' title='bbox 213 844 335 899; x_wconf 67' lang='lat' dir='ltr'><strong><em>majora</em></strong></span> <span class='ocrx_word' id='word_1_177' title='bbox 352 856 563 894; x_wconf 68' lang='lat' dir='ltr'><strong><em>exsolvamus,</em></strong></span> <span class='ocrx_word' id='word_1_178' title='bbox 580 853 729 895; x_wconf 86' lang='lat' dir='ltr'><strong><em>appendi.</em></strong></span> <span class='ocrx_word' id='word_1_179' title='bbox 747 851 934 883; x_wconf 81' lang='lat' dir='ltr'><strong><em>Laudabunt</em></strong></span> <span class='ocrx_word' id='word_1_180' title='bbox 950 850 1019 887; x_wconf 87' lang='lat' dir='ltr'><strong><em>alii,</em></strong></span> <span class='ocrx_word' id='word_1_181' title='bbox 1035 849 1112 887; x_wconf 87' lang='lat' dir='ltr'><strong><em>scio,</em></strong></span> <span class='ocrx_word' id='word_1_182' title='bbox 1139 849 1174 880; x_wconf 89' lang='lat' dir='ltr'><strong><em>in</em></strong></span> <span class='ocrx_word' id='word_1_183' title='bbox 1202 847 1446 888; x_wconf 87' lang='lat' dir='ltr'><strong><em>quadripertitis</em></strong></span> <span class='ocrx_word' id='word_1_184' title='bbox 1470 845 1574 876; x_wconf 85' lang='lat' dir='ltr'><strong><em>nostri</em></strong></span> <span class='ocrx_word' id='word_1_185' title='bbox 1585 844 1698 880; x_wconf 82' lang='lat' dir='ltr'><strong><em>dicam,</em></strong></span> <span class='ocrx_word' id='word_1_186' title='bbox 1724 852 1765 873; x_wconf 91' lang='lat' dir='ltr'><strong><em>an</em></strong></span> 
     </span>
    </p>
   </div>
   <div class='ocr_carea' id='block_1_17' title="bbox 123 892 1764 947">
    <p class='ocr_par' dir='ltr' id='par_1_17' title="bbox 123 892 1764 947">
     <span class='ocr_line' id='line_1_17' title="bbox 123 892 1764 947; baseline -0.01 -9"><span class='ocrx_word' id='word_1_187' title='bbox 123 907 234 947; x_wconf 84' lang='lat' dir='ltr'><strong><em>potius</em></strong></span> <span class='ocrx_word' id='word_1_188' title='bbox 250 892 311 943; x_wconf 53' lang='lat' dir='ltr'><strong><em>t&#39;ui,</em></strong></span> <span class='ocrx_word' id='word_1_189' title='bbox 332 915 346 936; x_wconf 93' lang='lat' dir='ltr'><strong><em>e</em></strong></span> <span class='ocrx_word' id='word_1_190' title='bbox 359 905 473 937; x_wconf 77' lang='lat' dir='ltr'><strong><em>Sicilia</em></strong></span> <span class='ocrx_word' id='word_1_191' title='bbox 489 892 632 940; x_wconf 54' lang='lat' dir='ltr'><strong><em>oriundi;</em></strong></span> <span class='ocrx_word' id='word_1_192' title='bbox 650 901 815 933; x_wconf 83' lang='lat' dir='ltr'><strong><em>Michaelis</em></strong></span> <span class='ocrx_word' id='word_1_193' title='bbox 831 899 937 947; x_wconf 69' lang='lat' dir='ltr'><strong><em>Glyco:</em></strong></span> <span class='ocrx_word' id='word_1_194' title='bbox 950 898 1139 933; x_wconf 82' lang='lat' dir='ltr'><strong><em>Annalibus,</em></strong></span> <span class='ocrx_word' id='word_1_195' title='bbox 1157 897 1310 929; x_wconf 73' lang='lat' dir='ltr'><strong><em>Historiae</em></strong></span> <span class='ocrx_word' id='word_1_196' title='bbox 1327 904 1424 926; x_wconf 76' lang='lat' dir='ltr'><strong><em>sacra:</em></strong></span> <span class='ocrx_word' id='word_1_197' title='bbox 1439 904 1475 925; x_wconf 91' lang='lat' dir='ltr'><strong><em>ac</em></strong></span> <span class='ocrx_word' id='word_1_198' title='bbox 1490 894 1634 934; x_wconf 74' lang='lat' dir='ltr'><strong><em>profante</em></strong></span> <span class='ocrx_word' id='word_1_199' title='bbox 1663 892 1764 922; x_wconf 88' lang='lat' dir='ltr'><strong><em>mira-</em></strong></span> 
     </span>
    </p>
   </div>
   <div class='ocr_carea' id='block_1_18' title="bbox 126 939 1765 990">
    <p class='ocr_par' dir='ltr' id='par_1_18' title="bbox 126 939 1765 990">
     <span class='ocr_line' id='line_1_18' title="bbox 126 939 1765 990; baseline -0.011 -3"><span class='ocrx_word' id='word_1_200' title='bbox 126 939 182 987; x_wconf 81' lang='lat' dir='ltr'><strong><em>bili</em></strong></span> <span class='ocrx_word' id='word_1_201' title='bbox 197 939 386 986; x_wconf 70' lang='lat' dir='ltr'><strong><em>dexteritate</em></strong></span> <span class='ocrx_word' id='word_1_202' title='bbox 401 954 552 985; x_wconf 80' lang='lat' dir='ltr'><strong><em>insertam</em></strong></span> <span class='ocrx_word' id='word_1_203' title='bbox 582 950 780 990; x_wconf 82' lang='lat' dir='ltr'><strong><em>theologiam,</em></strong></span> <span class='ocrx_word' id='word_1_204' title='bbox 804 943 984 980; x_wconf 71' lang='lat' dir='ltr'><strong><em>divinarum</em></strong></span> <span class='ocrx_word' id='word_1_205' title='bbox 1001 947 1194 978; x_wconf 86' lang='lat' dir='ltr'><strong><em>Litterarum</em></strong></span> <span class='ocrx_word' id='word_1_206' title='bbox 1222 943 1517 984; x_wconf 83' lang='lat' dir='ltr'><strong><em>interpretationem</em></strong></span> <span class='ocrx_word' id='word_1_207' title='bbox 1546 946 1574 972; x_wconf 91' lang='lat' dir='ltr'><strong><em>et</em></strong></span> <span class='ocrx_word' id='word_1_208' title='bbox 1601 939 1765 971; x_wconf 87' lang='lat' dir='ltr'><strong><em>assiduum</em></strong></span> 
     </span>
    </p>
   </div>
   <div class='ocr_carea' id='block_1_19' title="bbox 125 991 1765 1034">
    <p class='ocr_par' dir='ltr' id='par_1_19' title="bbox 125 991 1765 1034">
     <span class='ocr_line' id='line_1_19' title="bbox 125 991 1765 1034; baseline -0.01 0"><span class='ocrx_word' id='word_1_209' title='bbox 125 1008 308 1034; x_wconf 84' lang='lat' dir='ltr'><strong><em>sanctorum</em></strong></span> <span class='ocrx_word' id='word_1_210' title='bbox 325 1002 456 1032; x_wconf 86' lang='lat' dir='ltr'><strong><em>Patrum</em></strong></span> <span class='ocrx_word' id='word_1_211' title='bbox 470 1009 560 1032; x_wconf 87' lang='lat' dir='ltr'><strong><em>usum</em></strong></span> <span class='ocrx_word' id='word_1_212' title='bbox 575 1009 645 1030; x_wconf 85' lang='lat' dir='ltr'><strong><em>cum</em></strong></span> <span class='ocrx_word' id='word_1_213' title='bbox 657 997 817 1029; x_wconf 67' lang='lat' dir='ltr'><strong><em>medicina</em></strong></span> <span class='ocrx_word' id='word_1_214' title='bbox 830 997 964 1028; x_wconf 87' lang='lat' dir='ltr'><strong><em>scientia</em></strong></span> <span class='ocrx_word' id='word_1_215' title='bbox 978 1005 1013 1026; x_wconf 91' lang='lat' dir='ltr'><strong><em>ac</em></strong></span> <span class='ocrx_word' id='word_1_216' title='bbox 1029 1004 1134 1026; x_wconf 87' lang='lat' dir='ltr'><strong><em>rerum</em></strong></span> <span class='ocrx_word' id='word_1_217' title='bbox 1143 993 1339 1025; x_wconf 84' lang='lat' dir='ltr'><strong><em>naturalium</em></strong></span> <span class='ocrx_word' id='word_1_218' title='bbox 1353 992 1532 1031; x_wconf 85' lang='lat' dir='ltr'><strong><em>cognitione</em></strong></span> <span class='ocrx_word' id='word_1_219' title='bbox 1549 991 1765 1030; x_wconf 85' lang='lat' dir='ltr'><strong><em>conjunctum,</em></strong></span> 
     </span>
    </p>
   </div>
   <div class='ocr_carea' id='block_1_20' title="bbox 124 1037 1765 1093">
    <p class='ocr_par' dir='ltr' id='par_1_20' title="bbox 124 1037 1765 1093">
     <span class='ocr_line' id='line_1_20' title="bbox 124 1037 1765 1093; baseline -0.011 -9"><span class='ocrx_word' id='word_1_220' title='bbox 124 1053 307 1093; x_wconf 87' lang='lat' dir='ltr'><strong><em>principum</em></strong></span> <span class='ocrx_word' id='word_1_221' title='bbox 324 1052 427 1082; x_wconf 72' lang='lat' dir='ltr'><strong><em>Roma:</em></strong></span> <span class='ocrx_word' id='word_1_222' title='bbox 442 1055 470 1081; x_wconf 89' lang='lat' dir='ltr'><strong><em>et</em></strong></span> <span class='ocrx_word' id='word_1_223' title='bbox 487 1047 764 1087; x_wconf 85' lang='lat' dir='ltr'><strong><em>Constantinopoli</em></strong></span> <span class='ocrx_word' id='word_1_224' title='bbox 790 1045 1013 1085; x_wconf 87' lang='lat' dir='ltr'><strong><em>imperantium</em></strong></span> <span class='ocrx_word' id='word_1_225' title='bbox 1041 1043 1162 1082; x_wconf 83' lang='lat' dir='ltr'><strong><em>sibique</em></strong></span> <span class='ocrx_word' id='word_1_226' title='bbox 1186 1042 1319 1072; x_wconf 81' lang='lat' dir='ltr'><strong><em>invicem</em></strong></span> <span class='ocrx_word' id='word_1_227' title='bbox 1344 1039 1457 1086; x_wconf 71' lang='lat' dir='ltr'><strong><em>ordine</em></strong></span> <span class='ocrx_word' id='word_1_228' title='bbox 1484 1037 1727 1078; x_wconf 82' lang='lat' dir='ltr'><strong><em>succedentium,</em></strong></span> <span class='ocrx_word' id='word_1_229' title='bbox 1745 1045 1765 1065; x_wconf 91' lang='lat' dir='ltr'><strong><em>a</em></strong></span> 
     </span>
    </p>
   </div>
   <div class='ocr_carea' id='block_1_21' title="bbox 126 1089 1765 1133">
    <p class='ocr_par' dir='ltr' id='par_1_21' title="bbox 126 1089 1765 1133">
     <span class='ocr_line' id='line_1_21' title="bbox 126 1089 1765 1133; baseline -0.01 -1"><span class='ocrx_word' id='word_1_230' title='bbox 126 1100 214 1131; x_wconf 84' lang='lat' dir='ltr'><strong><em>Julia</em></strong></span> <span class='ocrx_word' id='word_1_231' title='bbox 234 1100 353 1131; x_wconf 67' lang='lat' dir='ltr'><strong><em>Casare</em></strong></span> <span class='ocrx_word' id='word_1_232' title='bbox 367 1098 409 1129; x_wconf 86' lang='lat' dir='ltr'><strong><em>ad</em></strong></span> <span class='ocrx_word' id='word_1_233' title='bbox 428 1098 537 1130; x_wconf 72' lang='lat' dir='ltr'><strong><em>Alexii</em></strong></span> <span class='ocrx_word' id='word_1_234' title='bbox 552 1097 704 1128; x_wconf 87' lang='lat' dir='ltr'><strong><em>Comneni</em></strong></span> <span class='ocrx_word' id='word_1_235' title='bbox 712 1095 852 1131; x_wconf 81' lang='lat' dir='ltr'><strong><em>obitum,</em></strong></span> <span class='ocrx_word' id='word_1_236' title='bbox 868 1103 920 1125; x_wconf 84' lang='lat' dir='ltr'><strong><em>res</em></strong></span> <span class='ocrx_word' id='word_1_237' title='bbox 939 1092 1092 1133; x_wconf 66' lang='lat' dir='ltr'><strong><em>prmelare</em></strong></span> <span class='ocrx_word' id='word_1_238' title='bbox 1110 1095 1212 1130; x_wconf 88' lang='lat' dir='ltr'><strong><em>gestas</em></strong></span> <span class='ocrx_word' id='word_1_239' title='bbox 1227 1090 1388 1130; x_wconf 85' lang='lat' dir='ltr'><strong><em>ingeniose</em></strong></span> <span class='ocrx_word' id='word_1_240' title='bbox 1406 1096 1576 1122; x_wconf 70' lang='lat' dir='ltr'><strong><em>connexus,</em></strong></span> <span class='ocrx_word' id='word_1_241' title='bbox 1594 1089 1765 1116; x_wconf 87' lang='lat' dir='ltr'><strong><em>certantem</em></strong></span> 
     </span>
    </p>
   </div>
   <div class='ocr_carea' id='block_1_22' title="bbox 128 1137 1763 1190">
    <p class='ocr_par' dir='ltr' id='par_1_22' title="bbox 128 1137 1763 1190">
     <span class='ocr_line' id='line_1_22' title="bbox 128 1137 1763 1190; baseline -0.009 -9"><span class='ocrx_word' id='word_1_242' title='bbox 128 1161 197 1182; x_wconf 87' lang='lat' dir='ltr'><strong><em>cum</em></strong></span> <span class='ocrx_word' id='word_1_243' title='bbox 220 1150 398 1190; x_wconf 86' lang='lat' dir='ltr'><strong><em>eloquentia</em></strong></span> <span class='ocrx_word' id='word_1_244' title='bbox 420 1150 542 1190; x_wconf 81' lang='lat' dir='ltr'><strong><em>ingenii</em></strong></span> <span class='ocrx_word' id='word_1_245' title='bbox 563 1149 756 1189; x_wconf 79' lang='lat' dir='ltr'><strong><em>felicitatem,</em></strong></span> <span class='ocrx_word' id='word_1_246' title='bbox 776 1150 966 1178; x_wconf 81' lang='lat' dir='ltr'><strong><em>cum“rerum</em></strong></span> <span class='ocrx_word' id='word_1_247' title='bbox 991 1144 1145 1175; x_wconf 68' lang='lat' dir='ltr'><strong><em>varietate</em></strong></span> <span class='ocrx_word' id='word_1_248' title='bbox 1168 1141 1350 1174; x_wconf 90' lang='lat' dir='ltr'><strong><em>incredibili</em></strong></span> <span class='ocrx_word' id='word_1_249' title='bbox 1361 1150 1435 1181; x_wconf 65' lang='lat' dir='ltr'><strong><em>,non</em></strong></span> <span class='ocrx_word' id='word_1_250' title='bbox 1452 1138 1674 1170; x_wconf 86' lang='lat' dir='ltr'><strong><em>inconcinnam</em></strong></span> <span class='ocrx_word' id='word_1_251' title='bbox 1694 1137 1763 1168; x_wconf 90' lang='lat' dir='ltr'><strong><em>bre-</em></strong></span> 
     </span>
    </p>
   </div>
   <div class='ocr_carea' id='block_1_23' title="bbox 126 1185 1762 1238">
    <p class='ocr_par' dir='ltr' id='par_1_23' title="bbox 126 1185 1762 1238">
     <span class='ocr_line' id='line_1_23' title="bbox 126 1185 1762 1238; baseline -0.01 -8"><span class='ocrx_word' id='word_1_252' title='bbox 126 1185 495 1238; x_wconf 50' lang='lat' dir='ltr'><strong><em>vitatem-digressiones</em></strong></span> <span class='ocrx_word' id='word_1_253' title='bbox 511 1185 643 1236; x_wconf 82' lang='lat' dir='ltr'><strong><em>denique</em></strong></span> <span class='ocrx_word' id='word_1_254' title='bbox 656 1194 697 1225; x_wconf 90' lang='lat' dir='ltr'><strong><em>ad</em></strong></span> <span class='ocrx_word' id='word_1_255' title='bbox 713 1193 876 1225; x_wconf 78' lang='lat' dir='ltr'><strong><em>levandum</em></strong></span> <span class='ocrx_word' id='word_1_256' title='bbox 899 1193 1027 1224; x_wconf 86' lang='lat' dir='ltr'><strong><em>lectoris</em></strong></span> <span class='ocrx_word' id='word_1_257' title='bbox 1053 1192 1179 1223; x_wconf 69' lang='lat' dir='ltr'><strong><em>taedium</em></strong></span> <span class='ocrx_word' id='word_1_258' title='bbox 1204 1191 1272 1221; x_wconf 86' lang='lat' dir='ltr'><strong><em>suis</em></strong></span> <span class='ocrx_word' id='word_1_259' title='bbox 1301 1194 1375 1229; x_wconf 88' lang='lat' dir='ltr'><strong><em>apte</em></strong></span> <span class='ocrx_word' id='word_1_260' title='bbox 1401 1189 1478 1220; x_wconf 89' lang='lat' dir='ltr'><strong><em>locis</em></strong></span> <span class='ocrx_word' id='word_1_261' title='bbox 1493 1188 1676 1219; x_wconf 84' lang='lat' dir='ltr'><strong><em>collocatas.</em></strong></span> <span class='ocrx_word' id='word_1_262' title='bbox 1692 1185 1762 1225; x_wconf 85' lang='lat' dir='ltr'><strong><em>Ego</em></strong></span> 
     </span>
    </p>
   </div>
   <div class='ocr_carea' id='block_1_24' title="bbox 127 1235 1765 1288">
    <p class='ocr_par' dir='ltr' id='par_1_24' title="bbox 127 1235 1765 1288">
     <span class='ocr_line' id='line_1_24' title="bbox 127 1235 1765 1288; baseline -0.01 -8"><span class='ocrx_word' id='word_1_263' title='bbox 127 1258 200 1279; x_wconf 83' lang='lat' dir='ltr'><strong><em>vero</em></strong></span> <span class='ocrx_word' id='word_1_264' title='bbox 215 1258 312 1288; x_wconf 86' lang='lat' dir='ltr'><strong><em>neque</em></strong></span> <span class='ocrx_word' id='word_1_265' title='bbox 330 1249 363 1279; x_wconf 87' lang='lat' dir='ltr'><strong><em>in</em></strong></span> <span class='ocrx_word' id='word_1_266' title='bbox 376 1249 444 1284; x_wconf 89' lang='lat' dir='ltr'><strong><em>hoc,</em></strong></span> <span class='ocrx_word' id='word_1_267' title='bbox 460 1256 557 1286; x_wconf 89' lang='lat' dir='ltr'><strong><em>neque</em></strong></span> <span class='ocrx_word' id='word_1_268' title='bbox 571 1235 605 1276; x_wconf 83' lang='lat' dir='ltr'><strong><em>in</em></strong></span> <span class='ocrx_word' id='word_1_269' title='bbox 619 1245 704 1280; x_wconf 85' lang='lat' dir='ltr'><strong><em>aliis,</em></strong></span> <span class='ocrx_word' id='word_1_270' title='bbox 730 1251 796 1283; x_wconf 77' lang='lat' dir='ltr'><strong><em>qua:</em></strong></span> <span class='ocrx_word' id='word_1_271' title='bbox 825 1242 884 1272; x_wconf 89' lang='lat' dir='ltr'><strong><em>tibi</em></strong></span> <span class='ocrx_word' id='word_1_272' title='bbox 906 1251 925 1271; x_wconf 91' lang='lat' dir='ltr'><strong><em>a</em></strong></span> <span class='ocrx_word' id='word_1_273' title='bbox 951 1241 1042 1272; x_wconf 89' lang='lat' dir='ltr'><strong><em>nobis</em></strong></span> <span class='ocrx_word' id='word_1_274' title='bbox 1069 1239 1181 1280; x_wconf 79' lang='lat' dir='ltr'><strong><em>offerri</em></strong></span> <span class='ocrx_word' id='word_1_275' title='bbox 1203 1243 1344 1279; x_wconf 86' lang='lat' dir='ltr'><strong><em>possent,</em></strong></span> <span class='ocrx_word' id='word_1_276' title='bbox 1370 1236 1565 1273; x_wconf 85' lang='lat' dir='ltr'><strong><em>muneribus,</em></strong></span> <span class='ocrx_word' id='word_1_277' title='bbox 1594 1235 1765 1276; x_wconf 84' lang='lat' dir='ltr'><strong><em>quidquam</em></strong></span> 
     </span>
    </p>
   </div>
   <div class='ocr_carea' id='block_1_25' title="bbox 128 1281 1762 1335">
    <p class='ocr_par' dir='ltr' id='par_1_25' title="bbox 128 1281 1762 1335">
     <span class='ocr_line' id='line_1_25' title="bbox 128 1281 1762 1335; baseline -0.01 -9"><span class='ocrx_word' id='word_1_278' title='bbox 128 1281 286 1335; x_wconf 78' lang='lat' dir='ltr'><strong><em>magnum,</em></strong></span> <span class='ocrx_word' id='word_1_279' title='bbox 307 1300 394 1334; x_wconf 87' lang='lat' dir='ltr'><strong><em>teque</em></strong></span> <span class='ocrx_word' id='word_1_280' title='bbox 414 1281 556 1334; x_wconf 75' lang='lat' dir='ltr'><strong><em>dignum,</em></strong></span> <span class='ocrx_word' id='word_1_281' title='bbox 572 1292 725 1323; x_wconf 72' lang='lat' dir='ltr'><strong><em>astimare</em></strong></span> <span class='ocrx_word' id='word_1_282' title='bbox 733 1281 852 1327; x_wconf 66' lang='lat' dir='ltr'><strong><em>statui,</em></strong></span> <span class='ocrx_word' id='word_1_283' title='bbox 868 1288 934 1320; x_wconf 89' lang='lat' dir='ltr'><strong><em>nisi</em></strong></span> <span class='ocrx_word' id='word_1_284' title='bbox 949 1288 1002 1319; x_wconf 86' lang='lat' dir='ltr'><strong><em>cui</em></strong></span> <span class='ocrx_word' id='word_1_285' title='bbox 1017 1292 1052 1318; x_wconf 89' lang='lat' dir='ltr'><strong><em>tu</em></strong></span> <span class='ocrx_word' id='word_1_286' title='bbox 1067 1285 1215 1318; x_wconf 81' lang='lat' dir='ltr'><strong><em>laudator</em></strong></span> <span class='ocrx_word' id='word_1_287' title='bbox 1231 1289 1259 1316; x_wconf 90' lang='lat' dir='ltr'><strong><em>et</em></strong></span> <span class='ocrx_word' id='word_1_288' title='bbox 1274 1284 1472 1324; x_wconf 88' lang='lat' dir='ltr'><strong><em>approbator</em></strong></span> <span class='ocrx_word' id='word_1_289' title='bbox 1482 1283 1664 1314; x_wconf 86' lang='lat' dir='ltr'><strong><em>accesseris.</em></strong></span> <span class='ocrx_word' id='word_1_290' title='bbox 1681 1281 1762 1319; x_wconf 74' lang='lat' dir='ltr'><strong><em>l’aIe,</em></strong></span> 
     </span>
    </p>
   </div>
   <div class='ocr_carea' id='block_1_26' title="bbox 130 1341 643 1382">
    <p class='ocr_par' dir='ltr' id='par_1_26' title="bbox 130 1341 643 1382">
     <span class='ocr_line' id='line_1_26' title="bbox 130 1341 643 1382; baseline -0.006 -8"><span class='ocrx_word' id='word_1_291' title='bbox 130 1349 159 1374; x_wconf 95' lang='lat' dir='ltr'><strong><em>et</em></strong></span> <span class='ocrx_word' id='word_1_292' title='bbox 177 1345 210 1374; x_wconf 90' lang='lat' dir='ltr'><strong><em>in</em></strong></span> <span class='ocrx_word' id='word_1_293' title='bbox 224 1343 340 1374; x_wconf 86' lang='lat' dir='ltr'><strong><em>multos</em></strong></span> <span class='ocrx_word' id='word_1_294' title='bbox 355 1352 454 1373; x_wconf 87' lang='lat' dir='ltr'><strong><em>annos</em></strong></span> <span class='ocrx_word' id='word_1_295' title='bbox 468 1342 548 1382; x_wconf 69' lang='lat' dir='ltr'><strong><em>felix</em></strong></span> <span class='ocrx_word' id='word_1_296' title='bbox 564 1341 643 1371; x_wconf 78' lang='lat' dir='ltr'><strong><em>vive.</em></strong></span> 
     </span>
    </p>
   </div>
   <div class='ocr_carea' id='block_1_27' title="bbox 171 1386 1145 1426">
    <p class='ocr_par' dir='ltr' id='par_1_27' title="bbox 171 1386 1145 1426">
     <span class='ocr_line' id='line_1_27' title="bbox 171 1386 1145 1426; baseline -0.01 0"><span class='ocrx_word' id='word_1_297' title='bbox 171 1395 287 1426; x_wconf 77' lang='lat' dir='ltr'><strong><em>Dabam</em></strong></span> <span class='ocrx_word' id='word_1_298' title='bbox 309 1392 439 1425; x_wconf 71' lang='lat' dir='ltr'><strong><em>Lutetiae</em></strong></span> <span class='ocrx_word' id='word_1_299' title='bbox 454 1391 646 1422; x_wconf 86' lang='lat' dir='ltr'><strong><em>Parisiorum</em></strong></span> <span class='ocrx_word' id='word_1_300' title='bbox 658 1388 727 1420; x_wconf 90' lang='lat' dir='ltr'><strong><em>Kal.</em></strong></span> <span class='ocrx_word' id='word_1_301' title='bbox 753 1388 906 1420; x_wconf 89' lang='lat' dir='ltr'><strong><em>Decemb.</em></strong></span> <span class='ocrx_word' id='word_1_302' title='bbox 923 1386 999 1419; x_wconf 86' lang='lat' dir='ltr'><strong><em>anni</em></strong></span> <span class='ocrx_word' id='word_1_303' title='bbox 1019 1394 1145 1416; x_wconf 81' lang='lat' dir='ltr'><strong><em>Mncux.</em></strong></span> 
     </span>
    </p>
   </div>
   <div class='ocr_carea' id='block_1_28' title="bbox 329 1442 605 1475">
    <p class='ocr_par' dir='ltr' id='par_1_28' title="bbox 329 1442 605 1475">
     <span class='ocr_line' id='line_1_28' title="bbox 329 1442 605 1475; baseline -0.011 0"><span class='ocrx_word' id='word_1_304' title='bbox 329 1442 516 1475; x_wconf 63' lang='lat' dir='ltr'><strong><em>Eminentius</em></strong></span> <span class='ocrx_word' id='word_1_305' title='bbox 543 1445 605 1473; x_wconf 72' lang='lat' dir='ltr'><strong><em>tum</em></strong></span> 
     </span>
    </p>
   </div>
   <div class='ocr_carea' id='block_1_29' title="bbox 1022 1481 1605 1522">
    <p class='ocr_par' dir='ltr' id='par_1_29' title="bbox 1022 1481 1605 1522">
     <span class='ocr_line' id='line_1_29' title="bbox 1022 1481 1605 1522; baseline -0.01 -6"><span class='ocrx_word' id='word_1_306' title='bbox 1022 1483 1264 1516; x_wconf 81' lang='lat' dir='ltr'><strong><em>Addictissimus</em></strong></span> <span class='ocrx_word' id='word_1_307' title='bbox 1290 1481 1458 1522; x_wconf 84' lang='lat' dir='ltr'><strong><em>Philippus</em></strong></span> <span class='ocrx_word' id='word_1_308' title='bbox 1483 1482 1605 1518; x_wconf 65' lang='lat' dir='ltr'><strong><em>Lanae,</em></strong></span> 
     </span>
    </p>
   </div>
   <div class='ocr_carea' id='block_1_30' title="bbox 1162 1533 1532 1574">
    <p class='ocr_par' dir='ltr' id='par_1_30' title="bbox 1162 1533 1532 1574">
     <span class='ocr_line' id='line_1_30' title="bbox 1162 1533 1532 1574; baseline -0.011 -8"><span class='ocrx_word' id='word_1_309' title='bbox 1162 1536 1235 1566; x_wconf 93' lang='lat' dir='ltr'><strong><em>Soc.</em></strong></span> <span class='ocrx_word' id='word_1_310' title='bbox 1260 1534 1334 1565; x_wconf 87' lang='lat' dir='ltr'><strong><em>Jesu</em></strong></span> <span class='ocrx_word' id='word_1_311' title='bbox 1349 1533 1532 1574; x_wconf 78' lang='lat' dir='ltr'><strong><em>presbyter.</em></strong></span> 
     </span>
    </p>
   </div>
   <div class='ocr_carea' id='block_1_31' title="bbox 1157 1639 1759 1654">
    <p class='ocr_par' dir='ltr' id='par_1_31' title="bbox 1157 1639 1759 1654">
     <span class='ocr_line' id='line_1_31' title="bbox 1157 1639 1759 1654; baseline -0.01 0"><span class='ocrx_word' id='word_1_312' title='bbox 1157 1639 1759 1654; x_wconf 72' lang='lat'><strong><em>_—_————-</em></strong></span> 
     </span>
    </p>
   </div>
   <div class='ocr_carea' id='block_1_32' title="bbox 299 1723 1574 1789">
    <p class='ocr_par' dir='ltr' id='par_1_32' title="bbox 299 1723 1574 1789">
     <span class='ocr_line' id='line_1_32' title="bbox 299 1723 1574 1789; baseline -0.006 -13"><span class='ocrx_word' id='word_1_313' title='bbox 299 1733 395 1789; x_wconf 36' lang='lat' dir='ltr'><strong><em>\AD</em></strong></span> <span class='ocrx_word' id='word_1_314' title='bbox 433 1729 718 1777; x_wconf 88' lang='lat' dir='ltr'><strong><em>OPTlMUM</em></strong></span> <span class='ocrx_word' id='word_1_315' title='bbox 764 1729 841 1774; x_wconf 89' lang='lat' dir='ltr'><strong><em>ET</em></strong></span> <span class='ocrx_word' id='word_1_316' title='bbox 884 1726 1210 1774; x_wconf 83' lang='lat' dir='ltr'><strong><em>ERUDITUM</em></strong></span> <span class='ocrx_word' id='word_1_317' title='bbox 1249 1723 1574 1771; x_wconf 80' lang='lat' dir='ltr'><strong><em>LECTOREM</em></strong></span> 
     </span>
    </p>
   </div>
   <div class='ocr_carea' id='block_1_33' title="bbox 749 1833 1150 1893">
    <p class='ocr_par' dir='ltr' id='par_1_33' title="bbox 749 1833 1150 1893">
     <span class='ocr_line' id='line_1_33' title="bbox 749 1833 1150 1893; baseline -0.007 0"><span class='ocrx_word' id='word_1_318' title='bbox 749 1833 1150 1893; x_wconf 65' lang='lat' dir='ltr'><strong><em>PRZEFATIO.</em></strong></span> 
     </span>
    </p>
   </div>
   <div class='ocr_carea' id='block_1_34' title="bbox 137 1647 1035 1661">
    <p class='ocr_par' dir='ltr' id='par_1_34' title="bbox 137 1647 1035 1661">
     <span class='ocr_line' id='line_1_34' title="bbox 137 1647 1035 1661; baseline -0.01 3"><span class='ocrx_word' id='word_1_319' title='bbox 137 1647 1035 1661; x_wconf 73' lang='lat'><strong><em>-——————_—————-</em></strong></span> 
     </span>
    </p>
   </div>
   <div class='ocr_carea' id='block_1_35' title="bbox 172 2010 1769 2056">
    <p class='ocr_par' dir='ltr' id='par_1_35' title="bbox 172 2010 1769 2056">
     <span class='ocr_line' id='line_1_35' title="bbox 172 2010 1769 2056; baseline -0.006 -6"><span class='ocrx_word' id='word_1_320' title='bbox 172 2017 333 2050; x_wconf 86' lang='lat' dir='ltr'><strong><em>Michaelis</em></strong></span> <span class='ocrx_word' id='word_1_321' title='bbox 349 2016 456 2056; x_wconf 74' lang='lat' dir='ltr'><strong><em>Glycas</em></strong></span> <span class='ocrx_word' id='word_1_322' title='bbox 470 2014 618 2050; x_wconf 75' lang='lat' dir='ltr'><strong><em>Annales,</em></strong></span> <span class='ocrx_word' id='word_1_323' title='bbox 635 2021 720 2044; x_wconf 88' lang='lat' dir='ltr'><strong><em>nunc</em></strong></span> <span class='ocrx_word' id='word_1_324' title='bbox 734 2012 870 2053; x_wconf 81' lang='lat' dir='ltr'><strong><em>primum</em></strong></span> <span class='ocrx_word' id='word_1_325' title='bbox 885 2013 1019 2050; x_wconf 83' lang='lat' dir='ltr'><strong><em>utraque</em></strong></span> <span class='ocrx_word' id='word_1_326' title='bbox 1035 2010 1142 2050; x_wconf 81' lang='lat' dir='ltr'><strong><em>lmgua</em></strong></span> <span class='ocrx_word' id='word_1_327' title='bbox 1159 2010 1229 2042; x_wconf 85' lang='lat' dir='ltr'><strong><em>orbi</em></strong></span> <span class='ocrx_word' id='word_1_328' title='bbox 1244 2010 1402 2050; x_wconf 84' lang='lat' dir='ltr'><strong><em>cognitos,</em></strong></span> <span class='ocrx_word' id='word_1_329' title='bbox 1419 2018 1491 2042; x_wconf 88' lang='lat' dir='ltr'><strong><em>cum</em></strong></span> <span class='ocrx_word' id='word_1_330' title='bbox 1501 2010 1558 2042; x_wconf 79' lang='lat' dir='ltr'><strong><em>tibi</em></strong></span> <span class='ocrx_word' id='word_1_331' title='bbox 1573 2010 1668 2050; x_wconf 80' lang='lat' dir='ltr'><strong><em>regiis</em></strong></span> <span class='ocrx_word' id='word_1_332' title='bbox 1683 2010 1769 2050; x_wconf 84' lang='lat' dir='ltr'><strong><em>typis</em></strong></span> 
     </span>
    </p>
   </div>
   <div class='ocr_carea' id='block_1_36' title="bbox 135 2059 1766 2108">
    <p class='ocr_par' dir='ltr' id='par_1_36' title="bbox 135 2059 1766 2108">
     <span class='ocr_line' id='line_1_36' title="bbox 135 2059 1766 2108; baseline -0.005 -9"><span class='ocrx_word' id='word_1_333' title='bbox 135 2069 340 2108; x_wconf 73' lang='lat' dir='ltr'><strong><em>reprmsento,</em></strong></span> <span class='ocrx_word' id='word_1_334' title='bbox 356 2066 477 2105; x_wconf 86' lang='lat' dir='ltr'><strong><em>optime</em></strong></span> <span class='ocrx_word' id='word_1_335' title='bbox 492 2063 608 2099; x_wconf 84' lang='lat' dir='ltr'><strong><em>lector,</em></strong></span> <span class='ocrx_word' id='word_1_336' title='bbox 623 2061 722 2092; x_wconf 83' lang='lat' dir='ltr'><strong><em>nolim</em></strong></span> <span class='ocrx_word' id='word_1_337' title='bbox 737 2060 897 2092; x_wconf 75' lang='lat' dir='ltr'><strong><em>existimes</em></strong></span> <span class='ocrx_word' id='word_1_338' title='bbox 911 2060 1005 2091; x_wconf 88' lang='lat' dir='ltr'><strong><em>unius</em></strong></span> <span class='ocrx_word' id='word_1_339' title='bbox 1017 2059 1324 2090; x_wconf 69' lang='lat' dir='ltr'><strong><em>duntaxatHistorias</em></strong></span> <span class='ocrx_word' id='word_1_340' title='bbox 1341 2063 1396 2091; x_wconf 88' lang='lat' dir='ltr'><strong><em>aut</em></strong></span> <span class='ocrx_word' id='word_1_341' title='bbox 1406 2060 1553 2091; x_wconf 84' lang='lat' dir='ltr'><strong><em>Chronici</em></strong></span> <span class='ocrx_word' id='word_1_342' title='bbox 1567 2061 1766 2100; x_wconf 77' lang='lat' dir='ltr'><strong><em>scriptorem,</em></strong></span> 
     </span>
    </p>
   </div>
   <div class='ocr_carea' id='block_1_37' title="bbox 135 2107 1769 2155">
    <p class='ocr_par' dir='ltr' id='par_1_37' title="bbox 135 2107 1769 2155">
     <span class='ocr_line' id='line_1_37' title="bbox 135 2107 1769 2155; baseline -0.004 -9"><span class='ocrx_word' id='word_1_343' title='bbox 135 2107 245 2155; x_wconf 82' lang='lat' dir='ltr'><strong><em>quales</em></strong></span> <span class='ocrx_word' id='word_1_344' title='bbox 264 2113 376 2145; x_wconf 87' lang='lat' dir='ltr'><strong><em>eodem</em></strong></span> <span class='ocrx_word' id='word_1_345' title='bbox 396 2112 463 2142; x_wconf 85' lang='lat' dir='ltr'><strong><em>fere</em></strong></span> <span class='ocrx_word' id='word_1_346' title='bbox 484 2114 628 2150; x_wconf 83' lang='lat' dir='ltr'><strong><em>tempore</em></strong></span> <span class='ocrx_word' id='word_1_347' title='bbox 655 2108 817 2139; x_wconf 86' lang='lat' dir='ltr'><strong><em>uberrimo</em></strong></span> <span class='ocrx_word' id='word_1_348' title='bbox 844 2111 1001 2149; x_wconf 81' lang='lat' dir='ltr'><strong><em>proventu</em></strong></span> <span class='ocrx_word' id='word_1_349' title='bbox 1025 2107 1137 2139; x_wconf 75' lang='lat' dir='ltr'><strong><em>extulit</em></strong></span> <span class='ocrx_word' id='word_1_350' title='bbox 1161 2108 1293 2143; x_wconf 72' lang='lat' dir='ltr'><strong><em>Graecia,</em></strong></span> <span class='ocrx_word' id='word_1_351' title='bbox 1310 2109 1465 2139; x_wconf 82' lang='lat' dir='ltr'><strong><em>Joannem</em></strong></span> <span class='ocrx_word' id='word_1_352' title='bbox 1481 2109 1643 2145; x_wconf 86' lang='lat' dir='ltr'><strong><em>Zonaram,</em></strong></span> <span class='ocrx_word' id='word_1_353' title='bbox 1669 2109 1769 2140; x_wconf 85' lang='lat' dir='ltr'><strong><em>Geor-</em></strong></span> 
     </span>
    </p>
   </div>
   <div class='ocr_carea' id='block_1_38' title="bbox 136 2151 1767 2203">
    <p class='ocr_par' dir='ltr' id='par_1_38' title="bbox 136 2151 1767 2203">
     <span class='ocr_line' id='line_1_38' title="bbox 136 2151 1767 2203; baseline -0.004 -8"><span class='ocrx_word' id='word_1_354' title='bbox 136 2165 219 2203; x_wconf 76' lang='lat' dir='ltr'><strong><em>gium</em></strong></span> <span class='ocrx_word' id='word_1_355' title='bbox 249 2162 442 2196; x_wconf 89' lang='lat' dir='ltr'><strong><em>Cedrenum,</em></strong></span> <span class='ocrx_word' id='word_1_356' title='bbox 467 2157 706 2189; x_wconf 86' lang='lat' dir='ltr'><strong><em>Constantinum</em></strong></span> <span class='ocrx_word' id='word_1_357' title='bbox 722 2159 907 2193; x_wconf 77' lang='lat' dir='ltr'><strong><em>lttanassem,</em></strong></span> <span class='ocrx_word' id='word_1_358' title='bbox 936 2156 1136 2197; x_wconf 85' lang='lat' dir='ltr'><strong><em>similesque,</em></strong></span> <span class='ocrx_word' id='word_1_359' title='bbox 1164 2151 1219 2188; x_wconf 83' lang='lat' dir='ltr'><strong><em>sed</em></strong></span> <span class='ocrx_word' id='word_1_360' title='bbox 1247 2156 1433 2197; x_wconf 77' lang='lat' dir='ltr'><strong><em>theologum</em></strong></span> <span class='ocrx_word' id='word_1_361' title='bbox 1462 2158 1573 2195; x_wconf 87' lang='lat' dir='ltr'><strong><em>simul,</em></strong></span> <span class='ocrx_word' id='word_1_362' title='bbox 1606 2167 1767 2189; x_wconf 89' lang='lat' dir='ltr'><strong><em>sacrarum</em></strong></span> 
     </span>
    </p>
   </div>
   <div class='ocr_carea' id='block_1_39' title="bbox 134 2205 1767 2248">
    <p class='ocr_par' dir='ltr' id='par_1_39' title="bbox 134 2205 1767 2248">
     <span class='ocr_line' id='line_1_39' title="bbox 134 2205 1767 2248; baseline -0.004 -5"><span class='ocrx_word' id='word_1_363' title='bbox 134 2213 321 2243; x_wconf 80' lang='lat' dir='ltr'><strong><em>Litterarum</em></strong></span> <span class='ocrx_word' id='word_1_364' title='bbox 344 2209 564 2248; x_wconf 78' lang='lat' dir='ltr'><strong><em>interpretem,</em></strong></span> <span class='ocrx_word' id='word_1_365' title='bbox 590 2206 759 2242; x_wconf 86' lang='lat' dir='ltr'><strong><em>medicum,</em></strong></span> <span class='ocrx_word' id='word_1_366' title='bbox 784 2205 1000 2246; x_wconf 86' lang='lat' dir='ltr'><strong><em>naturalisque</em></strong></span> <span class='ocrx_word' id='word_1_367' title='bbox 1028 2205 1170 2237; x_wconf 69' lang='lat' dir='ltr'><strong><em>scientias</em></strong></span> <span class='ocrx_word' id='word_1_368' title='bbox 1199 2205 1416 2245; x_wconf 74' lang='lat' dir='ltr'><strong><em>indagatorem</em></strong></span> <span class='ocrx_word' id='word_1_369' title='bbox 1444 2205 1685 2237; x_wconf 81' lang='lat' dir='ltr'><strong><em>solertissimum</em></strong></span> <span class='ocrx_word' id='word_1_370' title='bbox 1711 2214 1767 2238; x_wconf 81' lang='lat' dir='ltr'><strong><em>ex-</em></strong></span> 
     </span>
    </p>
   </div>
   <div class='ocr_carea' id='block_1_40' title="bbox 135 2253 1767 2294">
    <p class='ocr_par' dir='ltr' id='par_1_40' title="bbox 135 2253 1767 2294">
     <span class='ocr_line' id='line_1_40' title="bbox 135 2253 1767 2294; baseline -0.004 -4"><span class='ocrx_word' id='word_1_371' title='bbox 135 2259 247 2290; x_wconf 84' lang='lat' dir='ltr'><strong><em>hiberi.</em></strong></span> <span class='ocrx_word' id='word_1_372' title='bbox 273 2259 319 2289; x_wconf 82' lang='lat' dir='ltr'><strong><em>Ita</em></strong></span> <span class='ocrx_word' id='word_1_373' title='bbox 342 2256 429 2287; x_wconf 88' lang='lat' dir='ltr'><strong><em>enim</em></strong></span> <span class='ocrx_word' id='word_1_374' title='bbox 454 2255 494 2286; x_wconf 87' lang='lat' dir='ltr'><strong><em>ab</em></strong></span> <span class='ocrx_word' id='word_1_375' title='bbox 511 2256 587 2286; x_wconf 85' lang='lat' dir='ltr'><strong><em>orbe</em></strong></span> <span class='ocrx_word' id='word_1_376' title='bbox 615 2254 756 2289; x_wconf 85' lang='lat' dir='ltr'><strong><em>condito,</em></strong></span> <span class='ocrx_word' id='word_1_377' title='bbox 786 2253 872 2293; x_wconf 91' lang='lat' dir='ltr'><strong><em>quod</em></strong></span> <span class='ocrx_word' id='word_1_378' title='bbox 899 2257 930 2284; x_wconf 89' lang='lat' dir='ltr'><strong><em>et</em></strong></span> <span class='ocrx_word' id='word_1_379' title='bbox 958 2254 1010 2284; x_wconf 87' lang='lat' dir='ltr'><strong><em>alii</em></strong></span> <span class='ocrx_word' id='word_1_380' title='bbox 1038 2254 1142 2285; x_wconf 83' lang='lat' dir='ltr'><strong><em>facere</em></strong></span> <span class='ocrx_word' id='word_1_381' title='bbox 1167 2254 1307 2294; x_wconf 81' lang='lat' dir='ltr'><strong><em>aggressi</em></strong></span> <span class='ocrx_word' id='word_1_382' title='bbox 1333 2257 1417 2292; x_wconf 87' lang='lat' dir='ltr'><strong><em>sunt,</em></strong></span> <span class='ocrx_word' id='word_1_383' title='bbox 1444 2263 1549 2294; x_wconf 88' lang='lat' dir='ltr'><strong><em>usque</em></strong></span> <span class='ocrx_word' id='word_1_384' title='bbox 1570 2253 1614 2285; x_wconf 87' lang='lat' dir='ltr'><strong><em>ad</em></strong></span> <span class='ocrx_word' id='word_1_385' title='bbox 1645 2254 1767 2285; x_wconf 87' lang='lat' dir='ltr'><strong><em>obitum</em></strong></span> 
     </span>
    </p>
   </div>
   <div class='ocr_carea' id='block_1_41' title="bbox 136 2301 1767 2342">
    <p class='ocr_par' dir='ltr' id='par_1_41' title="bbox 136 2301 1767 2342">
     <span class='ocr_line' id='line_1_41' title="bbox 136 2301 1767 2342; baseline -0.004 -3"><span class='ocrx_word' id='word_1_386' title='bbox 136 2308 235 2339; x_wconf 78' lang='lat' dir='ltr'><strong><em>Alexii</em></strong></span> <span class='ocrx_word' id='word_1_387' title='bbox 258 2304 410 2337; x_wconf 85' lang='lat' dir='ltr'><strong><em>Comneni</em></strong></span> <span class='ocrx_word' id='word_1_388' title='bbox 438 2307 468 2334; x_wconf 90' lang='lat' dir='ltr'><strong><em>et</em></strong></span> <span class='ocrx_word' id='word_1_389' title='bbox 492 2311 611 2334; x_wconf 85' lang='lat' dir='ltr'><strong><em>annum</em></strong></span> <span class='ocrx_word' id='word_1_390' title='bbox 635 2301 746 2332; x_wconf 88' lang='lat' dir='ltr'><strong><em>Christi</em></strong></span> <span class='ocrx_word' id='word_1_391' title='bbox 773 2310 895 2332; x_wconf 76' lang='lat' dir='ltr'><strong><em>mcxvm</em></strong></span> <span class='ocrx_word' id='word_1_392' title='bbox 919 2302 1180 2342; x_wconf 82' lang='lat' dir='ltr'><strong><em>patriarcharum,</em></strong></span> <span class='ocrx_word' id='word_1_393' title='bbox 1206 2311 1327 2342; x_wconf 83' lang='lat' dir='ltr'><strong><em>regum,</em></strong></span> <span class='ocrx_word' id='word_1_394' title='bbox 1343 2305 1438 2342; x_wconf 86' lang='lat' dir='ltr'><strong><em>atque</em></strong></span> <span class='ocrx_word' id='word_1_395' title='bbox 1463 2303 1688 2342; x_wconf 78' lang='lat' dir='ltr'><strong><em>imperatorum</em></strong></span> <span class='ocrx_word' id='word_1_396' title='bbox 1717 2311 1767 2333; x_wconf 88' lang='lat' dir='ltr'><strong><em>res</em></strong></span> 
     </span>
    </p>
   </div>
   <div class='ocr_carea' id='block_1_42' title="bbox 136 2351 1767 2396">
    <p class='ocr_par' dir='ltr' id='par_1_42' title="bbox 136 2351 1767 2396">
     <span class='ocr_line' id='line_1_42' title="bbox 136 2351 1767 2396; baseline -0.003 -9"><span class='ocrx_word' id='word_1_397' title='bbox 136 2359 249 2396; x_wconf 82' lang='lat' dir='ltr'><strong><em>gestas,</em></strong></span> <span class='ocrx_word' id='word_1_398' title='bbox 267 2353 494 2392; x_wconf 87' lang='lat' dir='ltr'><strong><em>historiamque</em></strong></span> <span class='ocrx_word' id='word_1_399' title='bbox 511 2360 637 2383; x_wconf 84' lang='lat' dir='ltr'><strong><em>omnem</em></strong></span> <span class='ocrx_word' id='word_1_400' title='bbox 653 2351 825 2387; x_wconf 80' lang='lat' dir='ltr'><strong><em>Iudaicam,</em></strong></span> <span class='ocrx_word' id='word_1_401' title='bbox 850 2352 1035 2387; x_wconf 81' lang='lat' dir='ltr'><strong><em>Romanam,</em></strong></span> <span class='ocrx_word' id='word_1_402' title='bbox 1061 2359 1097 2383; x_wconf 86' lang='lat' dir='ltr'><strong><em>ac</em></strong></span> <span class='ocrx_word' id='word_1_403' title='bbox 1122 2352 1504 2391; x_wconf 83' lang='lat' dir='ltr'><strong><em>Constantinopolitanam</em></strong></span> <span class='ocrx_word' id='word_1_404' title='bbox 1526 2352 1704 2391; x_wconf 84' lang='lat' dir='ltr'><strong><em>pertexuit,</em></strong></span> <span class='ocrx_word' id='word_1_405' title='bbox 1731 2355 1767 2382; x_wconf 93' lang='lat' dir='ltr'><strong><em>ut</em></strong></span> 
     </span>
    </p>
   </div>
   <div class='ocr_carea' id='block_1_43' title="bbox 137 2399 1766 2440">
    <p class='ocr_par' dir='ltr' id='par_1_43' title="bbox 137 2399 1766 2440">
     <span class='ocr_line' id='line_1_43' title="bbox 137 2399 1766 2440; baseline -0.004 -4"><span class='ocrx_word' id='word_1_406' title='bbox 137 2405 250 2436; x_wconf 85' lang='lat' dir='ltr'><strong><em>eodem</em></strong></span> <span class='ocrx_word' id='word_1_407' title='bbox 266 2407 415 2435; x_wconf 78' lang='lat' dir='ltr'><strong><em>contextu</em></strong></span> <span class='ocrx_word' id='word_1_408' title='bbox 436 2405 654 2433; x_wconf 83' lang='lat' dir='ltr'><strong><em>controversas</em></strong></span> <span class='ocrx_word' id='word_1_409' title='bbox 669 2400 752 2430; x_wconf 91' lang='lat' dir='ltr'><strong><em>inter</em></strong></span> <span class='ocrx_word' id='word_1_410' title='bbox 767 2399 934 2439; x_wconf 81' lang='lat' dir='ltr'><strong><em>theologos</em></strong></span> <span class='ocrx_word' id='word_1_411' title='bbox 953 2399 1229 2440; x_wconf 85' lang='lat' dir='ltr'><strong><em>philosophosque</em></strong></span> <span class='ocrx_word' id='word_1_412' title='bbox 1251 2400 1444 2439; x_wconf 82' lang='lat' dir='ltr'><strong><em>quaestiones</em></strong></span> <span class='ocrx_word' id='word_1_413' title='bbox 1467 2400 1640 2438; x_wconf 79' lang='lat' dir='ltr'><strong><em>agitaverit.</em></strong></span> <span class='ocrx_word' id='word_1_414' title='bbox 1667 2409 1702 2430; x_wconf 89' lang='lat' dir='ltr'><strong><em>ac</em></strong></span> <span class='ocrx_word' id='word_1_415' title='bbox 1726 2399 1766 2430; x_wconf 89' lang='lat' dir='ltr'><strong><em>de</em></strong></span> 
     </span>
    </p>
   </div>
   <div class='ocr_carea' id='block_1_44' title="bbox 137 2447 1766 2490">
    <p class='ocr_par' dir='ltr' id='par_1_44' title="bbox 137 2447 1766 2490">
     <span class='ocr_line' id='line_1_44' title="bbox 137 2447 1766 2490; baseline -0.005 -5"><span class='ocrx_word' id='word_1_416' title='bbox 137 2455 233 2485; x_wconf 89' lang='lat' dir='ltr'><strong><em>rebus</em></strong></span> <span class='ocrx_word' id='word_1_417' title='bbox 252 2451 411 2487; x_wconf 82' lang='lat' dir='ltr'><strong><em>omnibus,</em></strong></span> <span class='ocrx_word' id='word_1_418' title='bbox 430 2459 501 2490; x_wconf 84' lang='lat' dir='ltr'><strong><em>quae</em></strong></span> <span class='ocrx_word' id='word_1_419' title='bbox 516 2449 548 2479; x_wconf 87' lang='lat' dir='ltr'><strong><em>in</em></strong></span> <span class='ocrx_word' id='word_1_420' title='bbox 568 2448 661 2483; x_wconf 67' lang='lat' dir='ltr'><strong><em>caelo,</em></strong></span> <span class='ocrx_word' id='word_1_421' title='bbox 681 2456 766 2485; x_wconf 90' lang='lat' dir='ltr'><strong><em>aere,</em></strong></span> <span class='ocrx_word' id='word_1_422' title='bbox 784 2451 876 2484; x_wconf 89' lang='lat' dir='ltr'><strong><em>terra,</em></strong></span> <span class='ocrx_word' id='word_1_423' title='bbox 905 2457 940 2479; x_wconf 87' lang='lat' dir='ltr'><strong><em>ac</em></strong></span> <span class='ocrx_word' id='word_1_424' title='bbox 959 2448 1037 2479; x_wconf 85' lang='lat' dir='ltr'><strong><em>mari</em></strong></span> <span class='ocrx_word' id='word_1_425' title='bbox 1063 2448 1151 2485; x_wconf 83' lang='lat' dir='ltr'><strong><em>ﬁunt,</em></strong></span> <span class='ocrx_word' id='word_1_426' title='bbox 1176 2448 1215 2478; x_wconf 90' lang='lat' dir='ltr'><strong><em>de</em></strong></span> <span class='ocrx_word' id='word_1_427' title='bbox 1239 2448 1359 2485; x_wconf 80' lang='lat' dir='ltr'><strong><em>avibus,</em></strong></span> <span class='ocrx_word' id='word_1_428' title='bbox 1388 2448 1537 2488; x_wconf 81' lang='lat' dir='ltr'><strong><em>piscibus,</em></strong></span> <span class='ocrx_word' id='word_1_429' title='bbox 1565 2447 1766 2485; x_wconf 76' lang='lat' dir='ltr'><strong><em>animalibus,</em></strong></span> 
     </span>
    </p>
   </div>
   <div class='ocr_carea' id='block_1_45' title="bbox 137 2496 1765 2539">
    <p class='ocr_par' dir='ltr' id='par_1_45' title="bbox 137 2496 1765 2539">
     <span class='ocr_line' id='line_1_45' title="bbox 137 2496 1765 2539; baseline -0.004 -6"><span class='ocrx_word' id='word_1_430' title='bbox 137 2501 278 2538; x_wconf 86' lang='lat' dir='ltr'><strong><em>homine,</em></strong></span> <span class='ocrx_word' id='word_1_431' title='bbox 302 2503 396 2539; x_wconf 86' lang='lat' dir='ltr'><strong><em>atque</em></strong></span> <span class='ocrx_word' id='word_1_432' title='bbox 419 2497 540 2537; x_wconf 74' lang='lat' dir='ltr'><strong><em>angelis</em></strong></span> <span class='ocrx_word' id='word_1_433' title='bbox 565 2497 769 2533; x_wconf 87' lang='lat' dir='ltr'><strong><em>disseruerit;</em></strong></span> <span class='ocrx_word' id='word_1_434' title='bbox 801 2499 928 2527; x_wconf 90' lang='lat' dir='ltr'><strong><em>secutus</em></strong></span> <span class='ocrx_word' id='word_1_435' title='bbox 947 2500 1087 2527; x_wconf 88' lang='lat' dir='ltr'><strong><em>veterum</em></strong></span> <span class='ocrx_word' id='word_1_436' title='bbox 1116 2497 1242 2528; x_wconf 85' lang='lat' dir='ltr'><strong><em>Patrum</em></strong></span> <span class='ocrx_word' id='word_1_437' title='bbox 1273 2497 1440 2534; x_wconf 86' lang='lat' dir='ltr'><strong><em>Eustathii,</em></strong></span> <span class='ocrx_word' id='word_1_438' title='bbox 1473 2497 1590 2533; x_wconf 86' lang='lat' dir='ltr'><strong><em>Basilii,</em></strong></span> <span class='ocrx_word' id='word_1_439' title='bbox 1618 2496 1765 2536; x_wconf 84' lang='lat' dir='ltr'><strong><em>Nysseni.</em></strong></span> 
     </span>
    </p>
   </div>
   <div class='ocr_carea' id='block_1_46' title="bbox 137 2545 1764 2590">
    <p class='ocr_par' dir='ltr' id='par_1_46' title="bbox 137 2545 1764 2590">
     <span class='ocr_line' id='line_1_46' title="bbox 137 2545 1764 2590; baseline -0.005 -8"><span class='ocrx_word' id='word_1_440' title='bbox 137 2548 362 2590; x_wconf 82' lang='lat' dir='ltr'><strong><em>Chrysoslomi,</em></strong></span> <span class='ocrx_word' id='word_1_441' title='bbox 380 2547 517 2583; x_wconf 76' lang='lat' dir='ltr'><strong><em>Sinaitre,</em></strong></span> <span class='ocrx_word' id='word_1_442' title='bbox 544 2546 669 2583; x_wconf 74' lang='lat' dir='ltr'><strong><em>Pisidas,</em></strong></span> <span class='ocrx_word' id='word_1_443' title='bbox 695 2545 895 2586; x_wconf 80' lang='lat' dir='ltr'><strong><em>aliorumque</em></strong></span> <span class='ocrx_word' id='word_1_444' title='bbox 921 2545 1051 2584; x_wconf 80' lang='lat' dir='ltr'><strong><em>vestigia</em></strong></span> <span class='ocrx_word' id='word_1_445' title='bbox 1075 2554 1110 2576; x_wconf 87' lang='lat' dir='ltr'><strong><em>ac</em></strong></span> <span class='ocrx_word' id='word_1_446' title='bbox 1135 2554 1217 2585; x_wconf 86' lang='lat' dir='ltr'><strong><em>pene</em></strong></span> <span class='ocrx_word' id='word_1_447' title='bbox 1231 2547 1338 2583; x_wconf 84' lang='lat' dir='ltr'><strong><em>verba,</em></strong></span> <span class='ocrx_word' id='word_1_448' title='bbox 1368 2545 1424 2585; x_wconf 88' lang='lat' dir='ltr'><strong><em>qui</em></strong></span> <span class='ocrx_word' id='word_1_449' title='bbox 1445 2555 1526 2585; x_wconf 67' lang='lat' dir='ltr'><strong><em>opus</em></strong></span> <span class='ocrx_word' id='word_1_450' title='bbox 1547 2554 1603 2576; x_wconf 76' lang='lat' dir='ltr'><strong><em>sex</em></strong></span> <span class='ocrx_word' id='word_1_451' title='bbox 1631 2545 1764 2581; x_wconf 87' lang='lat' dir='ltr'><strong><em>dierum,</em></strong></span> 
     </span>
    </p>
   </div>
   <div class='ocr_carea' id='block_1_47' title="bbox 137 2593 1604 2641">
    <p class='ocr_par' dir='ltr' id='par_1_47' title="bbox 137 2593 1604 2641">
     <span class='ocr_line' id='line_1_47' title="bbox 137 2593 1604 2641; baseline -0.005 -11"><span class='ocrx_word' id='word_1_452' title='bbox 137 2599 222 2641; x_wconf 88' lang='lat' dir='ltr'><strong><em>quod</em></strong></span> <span class='ocrx_word' id='word_1_453' title='bbox 237 2599 344 2629; x_wconf 65' lang='lat' dir='ltr'><strong><em>Grmca</em></strong></span> <span class='ocrx_word' id='word_1_454' title='bbox 360 2603 436 2626; x_wconf 89' lang='lat' dir='ltr'><strong><em>voce</em></strong></span> <span class='ocrx_word' id='word_1_455' title='bbox 451 2595 672 2625; x_wconf 75' lang='lat' dir='ltr'><strong><em>Hexaemeron</em></strong></span> <span class='ocrx_word' id='word_1_456' title='bbox 699 2593 804 2624; x_wconf 85' lang='lat' dir='ltr'><strong><em>dicere</em></strong></span> <span class='ocrx_word' id='word_1_457' title='bbox 827 2593 977 2631; x_wconf 83' lang='lat' dir='ltr'><strong><em>solemus,</em></strong></span> <span class='ocrx_word' id='word_1_458' title='bbox 998 2593 1149 2632; x_wconf 78' lang='lat' dir='ltr'><strong><em>singulari</em></strong></span> <span class='ocrx_word' id='word_1_459' title='bbox 1175 2593 1338 2633; x_wconf 70' lang='lat' dir='ltr'><strong><em>diligentia</em></strong></span> <span class='ocrx_word' id='word_1_460' title='bbox 1360 2594 1604 2625; x_wconf 87' lang='lat' dir='ltr'><strong><em>concinnarunt.</em></strong></span> 
     </span>
    </p>
   </div>
   <div class='ocr_carea' id='block_1_48' title="bbox 177 2643 1765 2685">
    <p class='ocr_par' dir='ltr' id='par_1_48' title="bbox 177 2643 1765 2685">
     <span class='ocr_line' id='line_1_48' title="bbox 177 2643 1765 2685; baseline -0.004 -4"><span class='ocrx_word' id='word_1_461' title='bbox 177 2649 312 2682; x_wconf 85' lang='lat' dir='ltr'><strong><em>Patriam</em></strong></span> <span class='ocrx_word' id='word_1_462' title='bbox 328 2647 445 2678; x_wconf 86' lang='lat' dir='ltr'><strong><em>docent</em></strong></span> <span class='ocrx_word' id='word_1_463' title='bbox 459 2653 535 2676; x_wconf 87' lang='lat' dir='ltr'><strong><em>mss.</em></strong></span> <span class='ocrx_word' id='word_1_464' title='bbox 550 2645 687 2682; x_wconf 87' lang='lat' dir='ltr'><strong><em>codices,</em></strong></span> <span class='ocrx_word' id='word_1_465' title='bbox 707 2644 761 2685; x_wconf 87' lang='lat' dir='ltr'><strong><em>qui</em></strong></span> <span class='ocrx_word' id='word_1_466' title='bbox 781 2649 945 2684; x_wconf 78' lang='grc' dir='ltr'><strong><em>Σικελιώτην</em></strong></span> <span class='ocrx_word' id='word_1_467' title='bbox 962 2649 1143 2676; x_wconf 83' lang='lat' dir='ltr'><strong><em>constanter</em></strong></span> <span class='ocrx_word' id='word_1_468' title='bbox 1161 2645 1324 2685; x_wconf 86' lang='lat' dir='ltr'><strong><em>appellant</em></strong></span> <span class='ocrx_word' id='word_1_469' title='bbox 1342 2654 1421 2676; x_wconf 90' lang='lat' dir='ltr'><strong><em>:nec</em></strong></span> <span class='ocrx_word' id='word_1_470' title='bbox 1438 2644 1601 2676; x_wconf 87' lang='lat' dir='ltr'><strong><em>abluderet</em></strong></span> <span class='ocrx_word' id='word_1_471' title='bbox 1622 2643 1765 2674; x_wconf 88' lang='lat' dir='ltr'><strong><em>additum</em></strong></span> 
     </span>
    </p>
   </div>
   <div class='ocr_carea' id='block_1_49' title="bbox 137 2693 1766 2733">
    <p class='ocr_par' dir='ltr' id='par_1_49' title="bbox 137 2693 1766 2733">
     <span class='ocr_line' id='line_1_49' title="bbox 137 2693 1766 2733; baseline -0.004 -5"><span class='ocrx_word' id='word_1_472' title='bbox 137 2702 184 2729; x_wconf 80' lang='grc' dir='ltr'><strong><em>τοῦ</em></strong></span> <span class='ocrx_word' id='word_1_473' title='bbox 218 2701 309 2727; x_wconf 73' lang='grc' dir='ltr'>Γλυκᾶ</span> <span class='ocrx_word' id='word_1_474' title='bbox 331 2702 522 2733; x_wconf 81' lang='lat' dir='ltr'><strong><em>cognOmen,</em></strong></span> <span class='ocrx_word' id='word_1_475' title='bbox 539 2694 564 2723; x_wconf 90' lang='lat' dir='ltr'><strong><em>si</em></strong></span> <span class='ocrx_word' id='word_1_476' title='bbox 582 2693 707 2724; x_wconf 82' lang='lat' dir='ltr'><strong><em>labente</em></strong></span> <span class='ocrx_word' id='word_1_477' title='bbox 725 2693 914 2725; x_wconf 73' lang='lat' dir='ltr'><strong><em>duodecimo</em></strong></span> <span class='ocrx_word' id='word_1_478' title='bbox 930 2693 1042 2726; x_wconf 86' lang='lat' dir='ltr'><strong><em>Christi</em></strong></span> <span class='ocrx_word' id='word_1_479' title='bbox 1069 2693 1199 2729; x_wconf 79' lang='lat' dir='ltr'><strong><em>seeoulo,</em></strong></span> <span class='ocrx_word' id='word_1_480' title='bbox 1222 2701 1286 2733; x_wconf 88' lang='lat' dir='ltr'><strong><em>quo</em></strong></span> <span class='ocrx_word' id='word_1_481' title='bbox 1314 2693 1429 2724; x_wconf 77' lang='lat' dir='ltr'><strong><em>vixisse</em></strong></span> <span class='ocrx_word' id='word_1_482' title='bbox 1453 2693 1535 2724; x_wconf 89' lang='lat' dir='ltr'><strong><em>circa</em></strong></span> <span class='ocrx_word' id='word_1_483' title='bbox 1559 2701 1676 2723; x_wconf 89' lang='lat' dir='ltr'><strong><em>annum</em></strong></span> <span class='ocrx_word' id='word_1_484' title='bbox 1707 2701 1766 2722; x_wconf 75' lang='lat' dir='ltr'><strong><em>mer.</em></strong></span> 
     </span>
    </p>
   </div>
   <div class='ocr_carea' id='block_1_50' title="bbox 138 2741 1766 2782">
    <p class='ocr_par' dir='ltr' id='par_1_50' title="bbox 138 2741 1766 2782">
     <span class='ocr_line' id='line_1_50' title="bbox 138 2741 1766 2782; baseline -0.003 -6"><span class='ocrx_word' id='word_1_485' title='bbox 138 2746 271 2782; x_wconf 86' lang='lat' dir='ltr'><strong><em>videtur,</em></strong></span> <span class='ocrx_word' id='word_1_486' title='bbox 288 2744 412 2775; x_wconf 84' lang='lat' dir='ltr'><strong><em>Siculos</em></strong></span> <span class='ocrx_word' id='word_1_487' title='bbox 428 2741 538 2772; x_wconf 87' lang='lat' dir='ltr'><strong><em>Dorica</em></strong></span> <span class='ocrx_word' id='word_1_488' title='bbox 554 2741 657 2772; x_wconf 86' lang='lat' dir='ltr'><strong><em>adhuc</em></strong></span> <span class='ocrx_word' id='word_1_489' title='bbox 672 2741 806 2773; x_wconf 84' lang='lat' dir='ltr'><strong><em>dialeclo</em></strong></span> <span class='ocrx_word' id='word_1_490' title='bbox 823 2751 897 2773; x_wconf 89' lang='lat' dir='ltr'><strong><em>usos</em></strong></span> <span class='ocrx_word' id='word_1_491' title='bbox 912 2742 1007 2773; x_wconf 82' lang='lat' dir='ltr'><strong><em>fuisse</em></strong></span> <span class='ocrx_word' id='word_1_492' title='bbox 1025 2745 1193 2774; x_wconf 86' lang='lat' dir='ltr'><strong><em>constaret.</em></strong></span> <span class='ocrx_word' id='word_1_493' title='bbox 1211 2742 1362 2778; x_wconf 88' lang='lat' dir='ltr'><strong><em>Privatus,</em></strong></span> <span class='ocrx_word' id='word_1_494' title='bbox 1380 2750 1420 2772; x_wconf 86' lang='lat' dir='ltr'><strong><em>an</em></strong></span> <span class='ocrx_word' id='word_1_495' title='bbox 1436 2742 1470 2772; x_wconf 90' lang='lat' dir='ltr'><strong><em>in</em></strong></span> <span class='ocrx_word' id='word_1_496' title='bbox 1491 2742 1688 2780; x_wconf 80' lang='lat' dir='ltr'><strong><em>magistratu.</em></strong></span> <span class='ocrx_word' id='word_1_497' title='bbox 1714 2744 1766 2771; x_wconf 88' lang='lat' dir='ltr'><strong><em>aut</em></strong></span> 
     </span>
    </p>
   </div>
   <div class='ocr_carea' id='block_1_51' title="bbox 140 2789 1763 2833">
    <p class='ocr_par' dir='ltr' id='par_1_51' title="bbox 140 2789 1763 2833">
     <span class='ocr_line' id='line_1_51' title="bbox 140 2789 1763 2833; baseline -0.004 -9"><span class='ocrx_word' id='word_1_498' title='bbox 140 2794 289 2833; x_wconf 80' lang='lat' dir='ltr'><strong><em>dignitate</em></strong></span> <span class='ocrx_word' id='word_1_499' title='bbox 308 2793 412 2833; x_wconf 89' lang='lat' dir='ltr'><strong><em>aliqua</em></strong></span> <span class='ocrx_word' id='word_1_500' title='bbox 428 2789 567 2830; x_wconf 82' lang='lat' dir='ltr'><strong><em>publica,</em></strong></span> <span class='ocrx_word' id='word_1_501' title='bbox 584 2789 722 2828; x_wconf 86' lang='lat' dir='ltr'><strong><em>militari,</em></strong></span> <span class='ocrx_word' id='word_1_502' title='bbox 742 2791 854 2827; x_wconf 83' lang='lat' dir='ltr'><strong><em>aulica,</em></strong></span> <span class='ocrx_word' id='word_1_503' title='bbox 871 2791 1030 2822; x_wconf 78' lang='lat' dir='ltr'><strong><em>forensive</em></strong></span> <span class='ocrx_word' id='word_1_504' title='bbox 1050 2794 1197 2827; x_wconf 83' lang='lat' dir='ltr'><strong><em>ornatus;</em></strong></span> <span class='ocrx_word' id='word_1_505' title='bbox 1226 2790 1422 2830; x_wconf 80' lang='lat' dir='ltr'><strong><em>conjugatus,</em></strong></span> <span class='ocrx_word' id='word_1_506' title='bbox 1447 2799 1487 2821; x_wconf 89' lang='lat' dir='ltr'><strong><em>an</em></strong></span> <span class='ocrx_word' id='word_1_507' title='bbox 1512 2789 1625 2821; x_wconf 55' lang='lat' dir='ltr'><strong><em>caelebs</em></strong></span> <span class='ocrx_word' id='word_1_508' title='bbox 1641 2789 1763 2825; x_wconf 81' lang='lat' dir='ltr'><strong><em>vixerit,</em></strong></span> 
     </span>
    </p>
   </div>
   <div class='ocr_carea' id='block_1_52' title="bbox 142 2837 909 2883">
    <p class='ocr_par' dir='ltr' id='par_1_52' title="bbox 142 2838 908 2883">
     <span class='ocr_line' id='line_1_52' title="bbox 142 2838 908 2883; baseline -0.004 -10"><span class='ocrx_word' id='word_1_509' title='bbox 142 2842 233 2883; x_wconf 86' lang='lat' dir='ltr'><strong><em>plane</em></strong></span> <span class='ocrx_word' id='word_1_510' title='bbox 250 2841 357 2873; x_wconf 86' lang='lat' dir='ltr'><strong><em>nescio</em></strong></span> <span class='ocrx_word' id='word_1_511' title='bbox 379 2849 385 2856; x_wconf 86' lang='lat'>&#39;</span> <span class='ocrx_word' id='word_1_512' title='bbox 405 2848 464 2870; x_wconf 88' lang='lat' dir='ltr'><strong><em>nec</em></strong></span> <span class='ocrx_word' id='word_1_513' title='bbox 495 2846 620 2877; x_wconf 79' lang='lat' dir='ltr'><strong><em>aspersa</em></strong></span> <span class='ocrx_word' id='word_1_514' title='bbox 644 2838 776 2877; x_wconf 72' lang='lat' dir='ltr'><strong><em>singulis</em></strong></span> <span class='ocrx_word' id='word_1_515' title='bbox 795 2839 860 2870; x_wconf 80' lang='lat' dir='ltr'><strong><em>fere</em></strong></span> <span class='ocrx_word' id='word_1_516' title='bbox 890 2849 908 2880; x_wconf 90' lang='lat' dir='ltr'><strong><em>p</em></strong></span> 
     </span>
    </p>
   </div>
   <div class='ocr_carea' id='block_1_53' title="bbox 996 2837 1763 2883">
    <p class='ocr_par' dir='ltr' id='par_1_53' title="bbox 998 2837 1763 2880">
     <span class='ocr_line' id='line_1_53' title="bbox 998 2837 1763 2880; baseline -0.004 -10"><span class='ocrx_word' id='word_1_517' title='bbox 998 2849 1011 2870; x_wconf 92' lang='lat' dir='ltr'><strong><em>s</em></strong></span> <span class='ocrx_word' id='word_1_518' title='bbox 1032 2845 1101 2878; x_wconf 74' lang='grc' dir='ltr'><strong><em>υἱοῦ,</em></strong></span> <span class='ocrx_word' id='word_1_519' title='bbox 1123 2846 1218 2872; x_wconf 69' lang='grc' dir='ltr'>τέκνου</span> <span class='ocrx_word' id='word_1_520' title='bbox 1236 2845 1282 2872; x_wconf 72' lang='grc' dir='ltr'><strong><em>καὶ</em></strong></span> <span class='ocrx_word' id='word_1_521' title='bbox 1295 2844 1438 2880; x_wconf 78' lang='grc' dir='ltr'><strong><em>ἀγαπητοῦ</em></strong></span> <span class='ocrx_word' id='word_1_522' title='bbox 1463 2837 1614 2870; x_wconf 81' lang='lat' dir='ltr'><strong><em>vocabula</em></strong></span> <span class='ocrx_word' id='word_1_523' title='bbox 1643 2841 1763 2877; x_wconf 86' lang='lat' dir='ltr'><strong><em>patrem</em></strong></span> 
     </span>
    </p>
   </div>
  </div>
