1944 3072
652 100 855 132 ANNALtUM
875 101 972 131 PARS
990 101 1016 131 Ι.
1612 103 1647 134 30

134 166 144 183 ν
156 156 199 184 ἰδού
223 166 255 184 σοι
279 157 318 184 καὶ
345 158 447 193 ταύτην
463 158 511 193 τὴν
545 157 635 193 βίϐλον
652 158 806 194 συντίθημι.
823 162 845 191 Α
863 159 900 187 tio

884 159 984 188 onibus
1010 167 1091 187 aures
1122 159 1264 187 hominum
1289 157 1402 186 obrutas
1428 158 1508 187 taedio
1531 160 1648 195 quodam

131 250 155 284 ρὺ
173 248 260 276 πάντων
277 246 315 275 οὖν
330 249 430 276 ειδέναι
451 257 481 276 σε
496 248 572 282 ἄξιον
589 250 629 276 ὅτι
646 250 675 276 ἐν
691 249 720 282 ἒξ
740 249 807 284 ἠμέ-

147 296 236 331 tuaique
254 295 335 323 τοῦτον
359 295 405 322 τὸν
429 296 532 331 κόσμον
552 296 566 323 6
583 296 660 329 Θεὸς,
678 297 707 322 ἐν
723 296 752 323 δὲ
771 297 805 332 τῇ

131 351 158 378 μῃ
176 342 317 369 κατέπαυσεν
334 342 387 369 ἀπὸ
408 343 518 370 πάντων
538 343 593 370 τῶν
611 342 701 377 ἔργων
721 343 804 370 αὑτοῦ

133 387 232 422 ποίησεν.
247 387 361 414 Ἦδύνατο
381 385 428 415 οὖν
445 389 474 414 ὲν
492 389 542 423 μιᾷ
554 388 646 424 ἡμέρᾳ
661 388 695 415 τὰ
716 389 806 416 πάντα

131 434 332 469 ιγαγεῑν,οὺρανὺν
353 434 485 469 δηλονότι,
513 436 564 469 γῆν
588 436 636 462 καὶ
658 436 805 469 θάλατταν,

131 487 159 512 ις,
171 479 199 506 τά
216 488 241 506 τε
259 481 358 508 πετεινὰ
372 481 420 508 καὶ
441 481 475 508 τὰ.
493 472 646 517 τετράποδα
669 483 714 510 καὶ
738 483 807 519 πρὸς

131 534 155 556 ηις
169 525 207 552 τὸν
224 526 362 562 ἄνθρωπον.
384 526 455 553 Ἀλλ’
479 527 522 555 ῐνα
544 529 581 563 μὴ
600 528 731 565 ἀφορμῆς
746 530 808 556 ἐπι-

131 579 184 598 ινται
202 571 223 598 οξ
238 572 262 605 ἐξ
281 572 429 607 αὐτομάτου
458 573 492 600 τὰ
518 573 609 600 πάντα
629 574 806 610 παραχθῆναι

132 625 179 651 τες,
203 618 298 654 ἡμερῶν
322 619 419 655 ἐδεήθη
449 619 480 653 ἓξ
510 621 556 647 ἐπὶ
585 622 617 655 τῇ
648 622 804 657 παραγωγῇ

138 664 178 691 τοῦ
195 665 283 700 κόσμου
304 666 317 692 6
333 666 504 702 Δημιουργὸς
521 667 657 702 ἡμῶνκαὶ
677 667 753 701 Θεὸς,
768 667 807 700 ὡς

134 711 260 746 σοῤῥήμων
281 711 405 747 Ἰωάννης
431 713 526 748 φησίν.
543 713 575 739 El
591 713 645 749 γὰρ
670 714 717 740 καὶ
734 713 806 740 οὕτω

131 756 267 791 ποιημάτων
291 757 513 793 ἀπαρτισθέντων
541 758 687 794 αὐτόματα
717 758 807 786 ταῦτά

135 801 327 838 ἐφαντάσθησαν,
346 803 435 839 πολλῷ
450 804 553 838 μᾶλλον
576 805 655 840 εἴπερ
671 805 739 840 ὁμοῦ
757 805 806 832 καὶ

131 847 203 874 ταῦτα
216 848 253 881 εἰς
264 848 291 876 τὸ
307 847 376 877 εἶναι
395 850 588 886 παρήχθησαν.
605 851 650 878 Ἑν
667 851 697 884 ἓξ
714 851 742 878 δὲ
757 851 805 879 καὶ

131 893 260 928 ςήμέραις,
276 894 317 921 καὶ
335 895 365 922 οὐ
383 895 493 922 πλέοσιν
510 896 526 930 ἢ
542 896 678 929 ἐλάττοσι,
693 898 803 924 τουτονὶ

136 939 205 974 θῆναι
224 941 265 966 τὸν
285 941 385 976 κόσμον
411 942 573 978 ηὐδόκησεν,
589 943 633 970 ἵνα
660 943 707 970 κα)¹
723 944 804 979 ἡμεῖς

131 985 199 1020 ὦμεν
224 985 342 1012 ἐντεῦθεν
372 987 402 1019 ἒξ
430 988 537 1023 ἡμέρας
566 988 617 1024 τῆς
654 988 804 1024 ἑϐδομάδος

131 1031 201 1063 ισοαι,
217 1033 245 1067 τῇ
270 1032 296 1059 δὲ
320 1032 424 1069 ἐὸδόμῃ
446 1034 599 1069 κεχρῆσθαι
621 1034 691 1070 πρὸς
718 1035 803 1070 μόνην

131 1077 183 1111 (ίαν
197 1077 268 1106 Θεοῦ.
283 1078 330 1106 Διὰ
345 1079 399 1114 γὰρ
422 1079 502 1106 τοῦτο
527 1081 576 1107 καὶ
598 1081 612 1108 6
630 1082 802 1117 Δημιουργὸς

140 1124 233 1162 ἑϐδόμῃ
249 1125 413 1153 κατέπαυσεν
436 1127 491 1154 ἀπὸ
513 1128 623 1155 πάντων
641 1129 697 1156 τῶν
711 1128 803 1163 ἔργων

134 1171 193 1203 ξατο
214 1173 304 1200 ποιεῖν.
376 1172 405 1199 δὲ
426 1174 440 1200 6
459 1173 561 1209 Κύριος
582 1175 611 1200 ὲν
625 1175 802 1209 Εὐαγγελιοις

131 1226 143 1243 ;ι
162 1216 253 1251 λέγων,
266 1227 274 1244 ι
285 1218 312 1245 Ὀ
326 1219 421 1254 Πατήρ
435 1228 486 1254 μου
499 1219 551 1251 ἕως
565 1220 627 1254 ἄρτι
643 1221 801 1256 ἐργάζεται,

131 1263 283 1300 ἐργάζομαι,
307 1275 317 1292 ι
339 1266 377 1302 μὴ
398 1266 537 1302 θαύμαζε-ξ
557 1268 624 1295 Τότε
645 1268 696 1303 μὲν
717 1268 772 1304 γὰρ
788 1269 802 1295 6

131 1318 153 1341 ›;
166 1311 179 1337 6
191 1311 303 1346 χρυσοῦς
317 1312 367 1347 τὴν
384 1312 509 1347 γλῶττάν
533 1322 611 1350 φησι,
628 1315 803 1342 κατέπαυσεν

131 1356 206 1383 ἱντων
231 1357 279 1384 τῶν
299 1358 401 1393 ἔργων,
419 1359 558 1386 τουτέστιν
583 1360 647 1396 ἔστη
680 1361 729 1388 τοῦ
755 1361 802 1397 6n-

131 1403 165 1429 εἰν
177 1409 186 1417 ⁸
212 1404 279 1438 μετὰ
295 1404 350 1440 γὰρ
363 1405 412 1441 τὴν
436 1406 522 1442 ἒκτην
540 1407 617 1434 οὐδὲν
631 1407 686 1434 ἀπὸ
700 1407 748 1435 τοῦ
764 1409 801 1444 μὴ

134 1449 156 1479 ῑς
179 1449 210 1475 τὸ
233 1447 302 1476 εἶναι
324 1451 497 1486 παρήγαγεν.
520 1452 630 1488 Ἐπειδὴ
646 1453 675 1480 δὲ
697 1454 731 1481 τὰ
756 1454 802 1490 δη-

131 1494 222 1529 ]οέντα
247 1495 367 1532 συνέχων
394 1497 489 1524 ἔκτοτε
522 1499 569 1525 καὶ
598 1499 742 1535 συντηρῶν
769 1500 800 1527 οὐ

135 1550 149 1566 ν
169 1542 205 1576 (εἰ
227 1543 280 1577 γὰρ
303 1542 352 1583 μὴμ
366 1541 437 1570 οὕτω
463 1544 549 1571 ποιῶν
570 1542 615 1580 ἦν,
637 1545 688 1572 οὑκ
708 1546 741 1573 ἂν
755 1546 802 1572 ἐπὶ

131 1595 150 1618 νς
167 1587 247 1615 αὶῶσι
260 1589 294 1615 τὰ
315 1588 428 1616 τοιαῦτα
441 1590 593 1626 διήρκεσε),
610 1592 656 1619 καὶ
677 1591 737 1619 λίαν
759 1593 804 1618 εὺ-

131 1633 160 1660 αὶ
172 1633 294 1670 τήμερον
309 1635 475 1670 ἐργάζεσθαι
488 1637 607 1671 λέγεται.

131 1680 144 1714 ᾔ
163 1680 215 1714 μὲν
239 1680 337 1716 πρώτῃ
358 1681 451 1718 ἡμέρᾳ
476 1683 588 1719 ἐποίησε
616 1684 663 1711 τὸν
686 1685 802 1721 οὐρανὸν

144 1726 207 1761 γῆν,
219 1726 338 1762 οὐρανὸν
356 1729 460 1756 ἐκεῖνον
480 1726 525 1756 τὸν
540 1730 659 1765 πρῶτον,
683 1733 730 1758 τὸν
749 1740 803 1759 πε-

146 1782 176 1801 es
199 1773 248 1802 καὶ
273 1773 422 1811 ἆναστρον,
437 1777 499 1811 περὶ
519 1774 549 1803 οὗ
572 1777 620 1804 καὶ
646 1778 660 1804 ὁ
684 1778 802 1813 εὐαγγε-

131 1820 254 1856 Ιωάννης
270 1821 302 1848 ἐν
321 1822 354 1857 τῇ
375 1821 560 1857 Ἀποκαλύψει
576 1822 659 1850 αὐτοῦ
672 1824 738 1859 περὶ
752 1825 802 1859 τῆς

131 1867 194 1893 ιῠτα
219 1868 421 1899 καταστάσεως
454 1868 581 1902 διεξιὼν,
610 1869 682 1895 οὕτω
707 1871 801 1905 φησὶν,

131 1913 248 1949 ὶὺρανὺν
275 1914 370 1941 καινὸν
390 1914 437 1941 καὶ
459 1914 511 1950 γῆν
524 1915 632 1951 καινὴν,
654 1916 731 1951 καὶὴ
751 1916 801 1944 θά-

132 1968 150 1986 κ
165 1960 247 1987 ἐστιν
263 1960 318 1988 ἔτι.
335 1970 346 1987 ι

131 2007 202 2041 Ξιρχῇ
216 2007 355 2043 ἐποίησεν
375 2009 389 2035 6
407 2008 474 2041 Θεὸς
490 2009 536 2036 τὸν
552 2010 668 2046 οὐρανὸν
686 2012 735 2039 καὶ
749 2012 800 2047 τὴν

131 2053 249 2088 ρόσεχε,
279 2053 420 2089 ἀγαπητὲ,
445 2055 486 2081 ὅτι
512 2056 560 2081 καὶ
581 2055 662 2082 τοῦτο
684 2056 800 2083 ἐνταῦθα

131 2119 139 2131 ,
156 2099 223 2132 πῶς
241 2099 362 2135 ἐποίησε
387 2100 432 2127 τὸν
447 2101 564 2135 οὐρανὸν
579 2102 726 2136 πρότερον,
740 2101 801 2129 εἶτα

151 2146 277 2181 Ἐπειδὴ
305 2147 361 2182 γὰρ
382 2147 416 2174 τὰ
441 2147 557 2182 Θεμέλια
584 2148 799 2176 καταδάλλονται

857 205 939 233 allici.

892 252 963 279 Ante
979 252 1072 279 omnia
1095 259 1161 279 vero
1187 251 1258 279 seire
1274 251 1357 279 debes
1377 250 1460 279 Deum
1475 259 1523 279 sex
1543 253 1651 280 dierum

857 298 947 333 spatio
965 297 1098 325 mundum
1112 297 1185 325 hunc
1201 297 1358 325 condidisse
1371 317 1379 329 ,
1408 305 1440 325 ac
1462 298 1508 325 die
1533 299 1651 333 septima

858 352 950 372 rerum
968 343 1099 371 creationi
1118 343 1172 371 ﬁne
1193 343 1322 378 imposito
1339 343 1484 377 quievisse.
1499 344 1524 379 2
1543 345 1652 372 Poterat

857 390 970 425 quidem
985 398 1040 418 uno
1053 390 1098 417 die
1118 398 1163 417 res
1179 390 1324 417 universas
1337 389 1364 417 in
1381 394 1471 417 ortum
1486 391 1650 425 producere,

858 436 990 464 nimirum
1007 436 1124 468 ccelum,
1141 440 1242 463 terram
1253 455 1261 468 ,
1279 443 1355 463 mare
1368 456 1375 468 ,
1393 435 1493 471 pisces,
1513 437 1650 470 volucres,

857 482 1050 518 quadrupedes
1066 482 1169 510 bestias
1182 501 1189 514 ,
1214 486 1243 509 et
1258 482 1286 509 in
1314 482 1357 510 his
1373 482 1511 510 hominem
1534 483 1622 517 ipsum
1641 493 1649 511 :

857 529 905 556 sed
920 537 954 556 ne
969 529 1142 556 occasionem
1167 529 1270 556 erroris
1293 527 1358 556 hinc
1371 529 1414 556 sui
1429 529 1584 564 arriperent
1603 531 1650 565 qui

857 573 973 601 fortuito
989 580 1053 601 casu
1079 578 1137 600 orta
1161 573 1309 608 perhibent
1335 573 1447 605 omnia,
1477 573 1575 601 diebus
1604 582 1651 602 sex

857 620 991 648 mundum
1017 620 1091 648 hunc
1120 620 1264 647 absolvere
1284 619 1390 653 voluit,
1417 620 1651 655 quemadmodum

857 673 959 693 aureus
973 670 1066 693 orator
1085 666 1131 693 ille
1145 666 1266 694 Joannes
1283 666 1377 693 tradit.
1393 665 1459 693 Nam
1471 667 1493 694 si
1506 667 1558 694 hoc
1568 668 1650 694 etiam

859 713 941 740 modo
955 713 1058 741 creatis
1073 713 1262 748 absolutisque
1277 713 1372 744 rebus,
1393 713 1452 740 ausi
1463 713 1573 748 quidam
1587 719 1652 741 sunt

857 759 1002 794 imaginari
1020 767 1085 786 casu
1112 759 1231 794 quodam
1252 763 1339 792 ortas,
1353 759 1441 786 multo
1459 759 1545 793 magis
1567 760 1593 787 id
1609 760 1652 787 rc-

857 804 971 837 cissent,
988 804 1010 831 si
1026 804 1130 839 pariter
1146 804 1300 839 eodemque
1312 809 1435 839 tempore
1450 805 1568 832 conditae
1585 805 1653 832 fuis-

855 854 926 878 sent.
945 850 1052 878 Placuit
1067 850 1162 878 itidem
1188 851 1246 877 Deo
1270 858 1317 878 sex
1339 854 1444 877 tantum
1469 851 1579 881 diebus.
1596 860 1650 879 non

855 896 982 932 pluribus
1007 904 1059 924 nec
1084 896 1262 932 paucioribus
1283 896 1424 931 opiﬁcium
1441 897 1536 923 mundi
1567 897 1651 933 hujus

854 942 1010 975 absolvere,
1024 947 1055 970 ut
1069 943 1204 970 sciremus
1219 942 1300 969 nobis
1311 950 1422 977 quoque
1439 950 1486 970 sex
1503 942 1651 978 cujuslibet

855 988 1018 1022 septimanae
1039 989 1137 1016 diebus
1151 988 1344 1020 laborandum.
1361 989 1564 1023 septimumque
1576 989 1649 1016 diem

855 1034 906 1062 soli
925 1034 1105 1062 celebrationi
1121 1034 1223 1061 divinae
1246 1034 1472 1069 impendendum.
1487 1035 1554 1062 Nam
1566 1043 1597 1062 ea
1615 1035 1650 1062 dc

855 1087 938 1108 causa
960 1080 1058 1115 Opifex
1076 1087 1186 1115 quoque
1202 1084 1296 1108 noster
1311 1080 1346 1108 ab
1365 1080 1495 1108 omnibus
1518 1081 1651 1115 operibus

854 1126 913 1153 suis
939 1126 1057 1161 septimo
1072 1125 1117 1154 die
1135 1126 1251 1161 quievit.
1269 1126 1326 1154 Nec
1347 1130 1391 1154 est
1408 1127 1481 1161 quod
1503 1127 1649 1154 Dominum

855 1173 882 1199 in
902 1172 1050 1208 Evangelio
1073 1173 1167 1200 dicere
1203 1173 1315 1200 mireris
1334 1182 1342 1200 :
1365 1183 1374 1199 ι
1390 1173 1472 1201 Pater
1491 1181 1569 1201 meus
1585 1181 1656 1208 ope-

854 1223 932 1246 ratur
947 1218 1093 1252 haetenus,
1109 1223 1137 1246 et
1154 1219 1213 1254 ipse
1241 1226 1342 1254 operor
1360 1219 1380 1246 ι.
1399 1228 1408 1244 ι
1423 1219 1490 1246 Nam
1511 1224 1567 1246 lum
1586 1219 1653 1254 qui-

854 1265 916 1292 dem
932 1265 1080 1300 temporis,
1099 1269 1129 1292 ut
1158 1265 1372 1300 Chrysoston-us
1387 1265 1438 1298 ait,
1466 1266 1500 1293 ab
1518 1266 1651 1300 operibus

855 1311 994 1339 universis
1018 1311 1134 1346 quievit,
1166 1311 1219 1338 hoc
1243 1315 1286 1338 est
1306 1319 1402 1338 creare
1425 1312 1530 1339 desiit:
1547 1312 1650 1347 quippe

854 1362 918 1393 post
932 1363 1040 1386 sextum
1058 1358 1131 1385 diem
1162 1357 1377 1393 haudquaquam
1403 1358 1431 1385 in
1446 1362 1536 1384 ortum
1550 1358 1584 1384 de
1605 1358 1650 1384 ni-

855 1404 913 1432 hilo
925 1404 1076 1439 quidquam
1107 1403 1247 1439 produxit.
1268 1403 1338 1437 Quia
1357 1410 1425 1431 vero
1452 1403 1604 1431 secundum
1619 1403 1648 1430 id

854 1455 948 1479 creata
959 1458 1127 1478 conservare
1151 1458 1207 1478 non
1219 1450 1348 1482 cessavit,
1362 1450 1466 1485 absque
1486 1457 1542 1485 quo
1557 1449 1648 1483 foret,

855 1497 882 1523 in
901 1496 1068 1524 hodiernum
1094 1496 1138 1523 illa
1171 1496 1243 1523 diem
1269 1503 1323 1523 non
1348 1495 1517 1528 durassent,
1544 1495 1649 1523 idcirco

853 1541 937 1569 etiam
956 1541 1037 1570 modo
1058 1549 1112 1569 non
1127 1542 1176 1583 abs
1194 1549 1223 1569 re
1238 1541 1346 1577 operari
1364 1541 1476 1569 dicitur.

891 1679 1038 1707 Enimvero
1056 1680 1145 1714 primo
1162 1679 1207 1707 die
1221 1679 1321 1708 coelum
1339 1687 1372 1708 ac
1385 1683 1485 1708 terram
1502 1680 1647 1714 condidit,

853 1726 954 1754 εωιιιιῐὶ
969 1746 976 1758 ,
997 1726 1109 1762 inquam
1121 1746 1129 1758 ,
1158 1726 1226 1754 illud
1250 1726 1379 1761 princeps
1392 1746 1399 1759 ,
1428 1727 1624 1761 perpulchrum
1637 1747 1646 1760 ,

853 1773 991 1800 sideribus
1003 1780 1113 1806 carens,
1125 1772 1159 1800 de
1186 1772 1267 1807 cujus
1287 1773 1407 1808 imagine
1433 1772 1550 1800 loanues
1562 1781 1648 1800 evan-

853 1819 948 1855 gelica
961 1824 1059 1847 auctor
1079 1818 1214 1852 historia},
1229 1818 1264 1846 de
1279 1822 1407 1846 secutura
1423 1818 1575 1846 secundum
1590 1819 1648 1846 hate

853 1873 945 1893 rerum
976 1865 1178 1893 instauratione
1200 1865 1317 1900 10quens
1340 1865 1368 1892 in
1392 1864 1569 1892 Revelatione
1585 1872 1646 1897 sua,

853 1911 893 1939 sic
910 1912 957 1938 ait.
979 1920 988 1936 ι
1009 1910 1141 1938 Videbam
1168 1910 1271 1938 caelum
1295 1917 1400 1937 novum
1428 1913 1584 1944 terramque
1598 1918 1649 1938 no—

852 1965 926 1991 vam,
943 1961 971 1984 et
990 1964 1066 1984 mare
1079 1956 1157 1992 prius
1172 1963 1307 1990 nusquam
1323 1959 1383 1982 erat
1394 1956 1415 1983 '.
1433 1964 1443 1981 ι

891 2013 900 2029 ι
932 2003 1006 2031 Deus
1019 2023 1027 2036 ,
1060 2011 1070 2028 ι
1084 2003 1124 2030 ait
1141 2010 1226 2030 sacrae
1247 2002 1370 2029 historia!
1393 2001 1524 2037 scriptor,
1539 2012 1548 2027 ι
1566 2002 1647 2030 initio

852 2049 953 2077 caelum
981 2053 1009 2076 et
1025 2054 1126 2076 terram
1143 2048 1249 2076 creavit
1271 2048 1293 2074 ³.
1323 2057 1332 2073 ι
1363 2048 1559 2076 Animadverte
1571 2068 1578 2081 ,
1595 2049 1645 2081 liii,

852 2095 968 2123 dubium
990 2095 1044 2122 hoc
1069 2095 1132 2123 loco
1156 2094 1288 2130 quiddam
1304 2093 1445 2126 incidere,
1470 2094 1519 2128 qui
1542 2099 1644 2122 coetum

851 2142 929 2176 prius
955 2140 1129 2173 condiderit,
1160 2147 1192 2168 ac
1211 2139 1312 2167 deinde
1333 2143 1446 2167 terram.
1478 2139 1547 2166 Cum
1569 2140 1643 2167 enim

155 2190 214 2218 εἷθ’
231 2192 328 2224 οὕτως
342 2194 356 2219 6
373 2193 484 2228 ὄροφος,
501 2193 555 2220 ἔδει
575 2194 686 2226 πάντως
710 2202 800 2229 παρα-
818 2198 839 2225 D
854 2188 922 2223 Prim

876 2188 947 2215 riore
968 2188 1029 2215 loco
1040 2187 1219 2215 fundamenta
1233 2187 1380 2222 jaciantur,
1396 2189 1479 2221 atque
1495 2186 1531 2212 ita
1543 2185 1643 2214 deinde

131 2238 161 2273 ην
192 2239 254 2273 γῆν
282 2239 334 2265 καὶ
357 2239 418 2265 τότε
444 2240 489 2266 τὸν
516 2240 642 2274 οὐρανόν.
663 2239 742 2267 Ἀλλὰ
755 2240 799 2276 ,μὴ

134 2282 250 2310 τούτου
279 2283 389 2311 ἕνεκεν.
420 2285 530 2321 Ἐπειδὴ
557 2285 612 2320 γὰρ
636 2285 725 2312 πάντα
751 2285 798 2312 τοῦ

131 2340 134 2353 ι
155 2329 251 2364 φύσιν
276 2329 342 2356 ἐστὶ
358 2331 406 2357 καὶ
425 2331 525 2366 τέχνης
546 2331 719 2364 ἀκολουθίαν,
737 2340 799 2359 και-

131 2385 164 2408 oc
191 2376 302 2409 οὐδὲν,
323 2376 380 2410 εἴγε
411 2377 459 2403 καὶ
484 2377 531 2404 ἐπὶ
555 2377 604 2412 τῆς
628 2377 675 2404 τοῦ
692 2378 797 2413 κόσμου

131 2423 285 2457 ραγωγῆς
302 2422 350 2449 τὸν
376 2422 492 2457 οὐρανὸν
509 2423 625 2458 ἐποίησε
649 2423 796 2459 πρότερον,

131 2469 182 2503 ἦν.
203 2469 271 2495 Καὶ
289 2467 365 2494 οὕτω
382 2468 432 2503 μὲν
452 2469 465 2494 6
488 2468 626 2500 θειότατος
647 2468 795 2503 Ἰωάννης·

131 2524 220 2542 met-tv
242 2515 294 2541 ὅτι
317 2515 332 2542 6
350 2514 547 2550 ἁριστοτέχνης
569 2515 636 2547 Θεὸς
654 2516 701 2542 τὸν
714 2515 797 2551 οὐρα-

131 2569 165 2587 ον
189 2559 399 2595 παραγαγὼν,
416 2557 477 2586 εἶτα
497 2560 547 2596 τὴν
561 2562 624 2596 γῆν,
641 2561 799 2597 ἀπόρρητον

131 2615 172 2634 αν
186 2607 248 2633 καὶ
269 2608 378 2642 τέχνην
393 2606 576 2642 παρέστησεν.
602 2607 712 2642 Ἐπειδὴ
730 2607 798 2642 γὰρ,

131 2655 166 2679 ἴα
187 2653 293 2688 σοφὸς
317 2653 472 2688 Γρηγόριος
489 2654 503 2680 6
527 2653 642 2687 Νύσσης
660 2653 742 2689 φησὶν
755 2654 797 2680 ὅτι

131 2698 222 2730 istac
258 2700 406 2734 κινήσεως
432 2699 480 2726 τοῦ
509 2699 638 2734 οὐρανίου
669 2699 796 2734 σώματος

135 2745 230 2772 κατὰ
272 2744 374 2780 χώρας
403 2745 420 2780 ἡ
446 2746 482 2782 γῆ
512 2745 559 2771 καὶ
593 2743 794 2778 συσφίγγεται,

134 2846 145 2860 ,
169 2826 227 2854 17.
281 2827 295 2843 ⁸
313 2822 399 2862 Apoc.
416 2834 472 2862 κει,
489 2826 513 2854 Ι.
552 2827 562 2844 ³
580 2826 649 2854 Gen.
667 2833 686 2860 ι,
706 2825 731 2853 l.

855 2239 956 2262 tectum
973 2234 1132 2269 imponatur
1151 2233 1287 2263 aediliciis,
1303 2232 1416 2260 omnino
1432 2237 1504 2260 terra
1516 2233 1594 2266 prius
1615 2233 1642 2259 in

852 2285 944 2307 ortum
961 2280 1139 2314 producenda
1157 2284 1237 2312 erat,
1266 2286 1298 2306 ac
1323 2282 1381 2305 tum
1402 2278 1513 2305 demum
1542 2278 1642 2306 caelum

852 2333 965 2361 quoque
987 2325 1149 2353 creandum.
1163 2325 1265 2352 Verum
1288 2325 1370 2352 aliter
1387 2325 1474 2359 egisse
1492 2325 1577 2352 Deum
1596 2334 1644 2352 ne.

853 2379 991 2407 quaquam
1016 2371 1066 2399 tibi
1091 2372 1192 2398 mirum
1218 2371 1356 2398 videatur.
1379 2370 1447 2398 Nam
1471 2379 1533 2399 cum
1559 2379 1641 2407 opera

854 2419 942 2454 ipsius
956 2418 1047 2446 omnia
1064 2422 1170 2445 natura:
1185 2418 1259 2452 leges
1273 2416 1409 2444 excedant
1422 2421 1451 2444 et
1466 2424 1575 2445 omnem
1596 2426 1642 2444 ar-

853 2465 887 2493 tis
902 2464 1015 2497 seriem,
1031 2464 1101 2491 nihil
1123 2471 1244 2496 novum,
1258 2463 1281 2490 si
1298 2463 1380 2490 etiam
1398 2463 1426 2490 in
1451 2464 1546 2490 mundi
1564 2471 1642 2490 crea-

851 2514 926 2540 tione
940 2511 1040 2539 coelum
1056 2510 1151 2545 priore
1165 2509 1238 2541 loco,
1253 2513 1355 2537 terram
1369 2508 1491 2536 secundo
1506 2509 1653 2537 condidit.»

851 2559 908 2587 Hoc
925 2558 1007 2586 modo
1021 2557 1133 2585 divinus
1149 2556 1195 2584 ille
1211 2556 1330 2584 Joannes
1351 2556 1423 2583 hanc
1440 2555 1639 2583 dubitationem

848 2606 1009 2642 explicavit.
1034 2604 1086 2632 Alii
1101 2608 1168 2632 vero
1184 2604 1281 2631 dicunt
1300 2604 1388 2630 Deum
1414 2610 1551 2630 summum
1574 2602 1641 2628 τιτιὶ-

847 2653 926 2681 ﬁcem
943 2653 1061 2688 primum
1079 2651 1149 2679 emlo
1166 2650 1278 2678 condito
1290 2649 1389 2677 deinde
1406 2652 1502 2676 te'rram
1518 2656 1637 2678 creasse,

848 2705 877 2727 ut
894 2699 946 2726 hoc
962 2699 1021 2734 ipso
1035 2697 1201 2726 inellabilem
1224 2696 1386 2732 sapientiam
1404 2700 1546 2728 artemque
1559 2701 1637 2720 suam

846 2746 1008 2774 declararet.
1036 2745 1103 2773 Nam
1120 2752 1184 2773 cum
1206 2744 1240 2772 de
1264 2741 1400 2770 sententia
1417 2740 1543 2775 Gregorii
1568 2740 1633 2776 Nys-
