1944 3072
148 176 159 205 7
675 171 893 207 _ANNALIUM
915 171 1011 201 PARS
1033 163 1056 200 ‘I.
1647 169 1683 199 as

146 231 228 266 ρώμενα
251 229 332 257 δίδωσιν
351 231 418 266 ήμτν
441 229 541 256 ὲννοεῐν
570 229 627 255 ὅτι·
644 228 726 264 μέσον
759 229 775 263 ἡ
813 228 844 262 τῆ
859 228 884 258 Α

907 227 957 261 gius
976 227 1114 258 abessent,
1129 226 1157 252 in
1174 225 1206 253 iis
1225 225 1331 253 minora
1344 223 1589 260 'eonsplcercntur.
1604 223 1685 250 Nune

146 279 164 303 νῦ
185 276 262 307 παντὸς
278 275 430 311 ἀπῃώρηται.
448 276 502 301 Καὶ
527 274 580 309 γὰρ
602 275 627 300 ει
647 274 683 310 μὴ
700 273 781 300 τοῦτο
798 271 842 308 ἦν,

166 322 195 357 μὴ
213 322 310 357 καθάπερ
328 322 445 354 είπομεν,
462 321 649 356 ἀπῃωρημένη
667 319 737 354 αὕτη
759 320 846 354 παρή-

146 376 177 394 aro
200 367 248 394 κατ’
268 368 344 402 ἀρχὰς,
356 368 406 393 οὐκ
421 367 453 393 ἂν
474 367 501 393 αἱ
519 367 590 392 κατὰ
607 366 704 396 τόπους
722 365 847 400 κινήσεις

146 414 193 447 hic
213 414 247 440 ὑπ’
266 414 352 446 ἀνέμων
379 414 510 447 ἐγίνοντο.
534 414 625 444 Αίτιος
654 412 704 447 μὲν
725 411 779 446 γὰρ
801 411 847 437 τοῦ

151 458 213 492 ισμςῦ
235 460 245 485 ὁ
267 458 319 489 Θεὸς
341 458 408 485 κατὰ
435 459 481 485 τὸν
502 458 612 484 εἰπόντα
636 457 781 492 προφήτην
798 455 849 483 (Ὀ

146 504 245 530 τιὸλέπων
257 504 293 530 ἐπὶ
306 504 345 538 τὴν
360 506 412 539 γῆν
431 503 477 530 καὶ
491 504 576 530 ποιῶν
591 502 677 538 αὐτὴν
693 503 819 537 τρέμειν,
837 511 845 527 ι

167 550 189 576 δὲ
210 549 300 584 συνεχὲς
318 549 405 576 τούτου
428 550 533 583 γίνεται
548 551 609 576 λκαὶ
635 549 712 585 παρὰ
731 548 781 584 τὴν
794 549 850 574 τῶν

146 597 231 630 εογείων
260 597 352 631 ἀνέμων
387 596 506 632 κίνησιν.
534 596 583 623 Διὰ
617 597 670 631 γὰρ
696 594 775 622 τοῦτο
802 596 850 621 καὶ

146 642 225 668 πιόντων
248 642 351 676 μεγάλων
384 642 504 676 σεισμῶν
532 642 627 675 ἄνεμοι
657 640 695 675 τῷ
717 640 779 666 τότε
801 639 852 666 οὑκ

146 688 181 718 γὶν,
195 687 226 719 ὡς
242 686 418 721 ὲγκλειομένων
446 686 535 714 αὐτῶν
561 686 690 713 ὑποκάτω
714 686 786 712 κατὰ
806 685 851 718 τότ

148 740 171 762 υς
185 732 223 757 καὶ
237 731 494 766 μᾶλλονὺπάντρους.

146 819 168 844 Εἰ
184 819 207 845 δὲ
225 819 264 846 καὶ
278 819 300 846 τί
315 821 382 846 ἐστιν
399 820 412 845 ὁ
431 820 530 854 ἄνεμος
541 819 691 855 ἐπιζητεῖς,
708 820 756 848 καὶ
772 819 853 846 πόθεν

146 873 159 890 ει
174 866 217 899 τὴν
231 865 331 898 γένεσιν,
346 865 444 891 εἰδέναι
460 865 578 899 ὀφείλεις
595 865 635 891 ὅτι
651 865 724 896 τινὲς
742 864 791 899 μὲν
806 863 852 890 τὸν

146 918 168 935 πα
182 910 238 944 φασὶ
251 910 395 945 κινούμενον
409 910 458 942 τὰς
471 911 524 937 τῶν
539 910 648 945 ἀνέμων
664 909 751 945 αὔρας
767 910 853 944 παρέ·
869 899 890 929 Β

147 964 158 981 ν
172 957 237 990 ἡμῖν,
249 956 326 991 ἕτεροι
337 956 364 982 δὲ
378 956 458 983 πάλιν
473 957 505 983 ὲκ
518 956 568 991 τῆς
583 957 740 988 καπνώδους
755 957 854 983 ἀναθυο

146 1002 212 1032 iam;
231 1001 360 1035 γεννᾶσθαι
380 1002 425 1028 τὸν
446 1002 547 1037 ἄνεμον
570 1002 732 1036 φάσκουσιν.
753 1000 800 1036 Οἷς
821 1002 854 1037 δὴ

165 1047 293 1082 προσέχειν
309 1055 336 1073 σε
356 1047 437 1074 πλέον
454 1047 597 1082 βούλομαι.
617 1048 649 1073 Ἦ
671 1048 720 1082 μὲν
736 1047 791 1081 γὰρ
807 1046 853 1073 τοῦ

148 1102 173 1123 o;
185 1093 280 1127 κίνησις
292 1093 397 1125 ἔκλυτος
411 1094 527 1129 ὑπάρχει
542 1094 590 1121 καὶ
603 1093 722 1129 χαλαρὰ,
735 1094 751 1128 ἡ
764 1093 792 1119 δὲ
806 1092 854 1119 τοῦ

147 1149 192 1173 μου
211 1140 339 1175 βιαιοτέρα
354 1149 384 1167 τε
406 1141 453 1168 καὶ
473 1141 635 1176 τυραννική.
654 1140 710 1167 Καὶ
730 1139 855 1175 δῆλονὲξ

146 1186 179 1211 ῶν
193 1186 240 1213 τῶν
256 1187 366 1221 σεισμῶν
379 1196 386 1204 ·
405 1187 480 1214 οὐδὲν
496 1187 551 1223 γὰρ
567 1187 661 1222 ἕτερόν
676 1188 750 1213 ἔστιν
765 1186 779 1212 ὁ
796 1194 854 1212 σει-

148 1241 160 1260 :
180 1232 203 1258 εί
219 1232 256 1267 μὴ
278 1232 400 1266 ὑπόγειος
421 1234 533 1268 ἄνεμος.
558 1233 708 1266 Τεσσάρων
724 1232 753 1259 δὲ
771 1231 856 1258 ὄντων

147 1279 228 1305 εἰπεῖν
250 1278 395 1305 καθολικῶν
416 1279 536 1314 ἀνέμων,
556 1279 716 1314 ἀπηλιώτης
739 1279 788 1314 μὲν
809 1278 857 1305 καὶ

146 1332 200 1358 )ρο;
214 1324 261 1351 οὐκ
276 1324 327 1351 εἰσὶ
343 1325 533 1360 σφοδρότατοι,
553 1326 654 1361 βορρᾶς
670 1326 698 1352 δὲ
715 1326 763 1353 καὶ
779 1319 856 1356 νότος

146 1369 323 1403 ιννικώτατοι,
341 1370 406 1397 διότι
423 1372 452 1396 ἐν
472 1372 522 1405 μὲν
539 1371 579 1406 τῷ
596 1372 695 1407 βορείῳ
711 1372 760 1398 καὶ
775 1372 857 1407 νοτίῳ

146 1423 166 1448 ρ,
180 1414 240 1441 ὅθεν
251 1415 265 1441 ὁ
279 1415 378 1450 βορρᾶς
392 1416 438 1443 καὶ
453 1418 466 1443 ὁ
481 1417 556 1448 νότος
572 1418 645 1449 πνεῖ,
660 1418 697 1452 μὴ
713 1417 857 1452 γινόμενος

151 1468 187 1490 to;
203 1460 232 1485 οὐ
250 1460 388 1495 Θερμαίνει
405 1461 440 1487 τὰ
457 1462 547 1488 ὲκείσε
565 1462 653 1497 χωρία
664 1482 671 1495 ,
690 1463 757 1489 ἀλλὰ
780 1463 856 1496 μένει

146 1506 180 1536 ›ὰ,
192 1505 281 1540 ψυχρὰ
293 1506 321 1532 δὲ
332 1506 394 1543 ὅντα
405 1506 448 1533 ἀεὶ
461 1507 560 1541 ἑνικμά
571 1508 650 1540 εἰσιν,
663 1507 733 1534 ὥστε
746 1507 857 1543 ὄμϐρων

149 1551 186 1576 ὧν
200 1552 352 1584 γενομένων
367 1553 410 1579 διὰ
423 1552 472 1587 τὴν
485 1552 582 1586 ψῦξιν,
598 1551 658 1581 εἶτα
672 1554 720 1588 τῆς
735 1555 786 1589 γῆς
800 1553 857 1580 δια·
871 1569 891 1598 C

147 1606 176 1623 ου
200 1598 368 1632 γενομένης,
394 1598 478 1634 πολλὴ
504 1599 649 1634 καπνώδης
674 1599 856 1634 ἀναθυμίασις

146 1643 227 1670 ίδοται
237 1663 245 1675 ,
262 1645 309 1670 καὶ
324 1644 368 1670 διὰ
383 1644 462 1670 τοῦτο
480 1645 590 1681 σφοδροὶ
606 1645 702 1680 ἄνεμοι
717 1646 856 1678 γίνονται,

146 1689 245 1724 βορρᾶς
262 1691 309 1716 καὶ
323 1690 337 1716 ὁ
352 1690 438 1721 νότος.
455 1690 499 1717 Ἐν
512 1691 540 1717 δὲ
553 1692 610 1722 τοῖς
625 1691 794 1722 ἀνατολικοῖς
810 1690 858 1716 καὶ

150 1737 189 1766 οἷς
201 1736 316 1771 χωρίοις
331 1736 490 1770 κινούμενος
502 1738 517 1763 ὀ
528 1736 603 1772 ἥλιος
615 1737 664 1763 οὐκ
678 1737 710 1772 ἑᾷ
721 1735 801 1771 ψῦξιν
812 1740 858 1770 τε·

146 1791 161 1807 ιι
178 1781 290 1817 πολλὴν,
309 1783 357 1809 καὶ
370 1782 414 1809 διὰ
428 1783 507 1809 τοῦτο
521 1778 584 1810 οὔτε
598 1782 681 1814 πολὺς
696 1782 772 1813 ὑετὸς
785 1781 859 1816 γίνε-

146 1827 192 1853 Dte
214 1827 302 1862 πολλὴ
324 1827 342 1861 ὴ
363 1826 507 1861 καπνώδης
526 1827 719 1862 ἀναθυμίασις,
740 1826 788 1853 ἅτε
808 1826 859 1861 τῆς

146 1872 178 1905 τὴ
201 1870 436 1906 διαερεχομένης.
450 1871 547 1898 Ἔνθεν
564 1880 606 1898 τοι
627 1872 675 1898 καὶ
694 1872 725 1898 οὐ
748 1871 859 1905 σφοδροὶ

146 1925 184 1949 gat
207 1916 323 1950 ἄνεμοι.
345 1916 425 1943 Ἀλλὰ
448 1918 495 1944 καὶ
516 1917 619 1952 ἐτήσιοι
640 1917 741 1952 βόρειοι
762 1917 858 1951 ἄνεμοι

146 1961 275 1996 ται-μεθ’
291 1961 403 1997 ἡμέρας
426 1962 512 1988 εἴκοσι
534 1962 582 1997 τῆς
605 1962 714 1997 θερινῆς
735 1962 857 1997 τροπῆς,

146 2007 198 2041 τὴν
216 2007 266 2033 τοῦ
291 2008 448 2042 κυνάστρου
469 2008 608 2043 ἐπιτολήν.
625 2008 784 2043 Τηνικαῦτα
804 2007 858 2043 γὰρ

150 2053 215 2085 dvo;
235 2054 378 2089 λυομένης
392 2051 474 2088 αὖραι
489 2053 609 2088 γίνονται
623 2053 728 2088 ψυχραὶ
745 2053 857 2090 βόρειοι.

146 2099 229 2125 νότου
249 2100 340 2135 χάριν
357 2100 381 2126 oi
398 2099 588 2134 διαληφθέντες
604 2099 700 2135 ἄνεμοι
716 2099 755 2134 τῷ
771 2099 859 2133 καιρῷ

169 2145 238 2171 καθ’
256 2146 383 2172 ἕκαστον
407 2144 467 2176 ἔτος
492 2145 661 2181 ἀπάρχονται
690 2145 778 2172 πνεῖν.
804 2144 860 2170 Καὶ

146 2192 195 2218 rev
216 2191 336 2218 τούτων
357 2191 463 2228 οὓτωςῆ
475 2192 592 2226 ’Ἄνεμον
612 2191 640 2218 δὲ
661 2190 726 2226 παρ’
748 2190 859 2226 Ὁμήρῳ

898 280 962 300 vero
976 280 1038 300 cum
1054 271 1199 306 quibusvis
1213 278 1246 298 ex
1258 270 1385 306 partibus
1396 275 1544 305 appareant
1556 269 1682 304 aequalia.

898 318 1073 354 cogitandum
1087 317 1168 344 nobis
1193 317 1353 351 relinquunt
1381 321 1483 344 terram
1510 316 1537 342 in
1555 316 1685 343 universo

899 363 991 390 medio
1012 361 1141 397 pendere.
1170 361 1238 388 Nam
1264 361 1368 396 absque
1387 361 1433 388 illo
1450 361 1529 393 foret,
1562 361 1615 388 hoc
1631 365 1684 392 est,

900 410 951 437 nisi
966 408 1055 436 lacum
1071 407 1154 435 istum
1183 406 1264 434 initio
1284 414 1377 434 rerum
1389 407 1496 441 ;sortita
1523 412 1607 439 esset,
1631 415 1686 434 non

899 454 981 482 etiam
993 460 1042 488 per
1059 457 1155 481 ventos
1173 452 1257 492 certis
1269 452 1295 479 in
1310 453 1378 480 locis
1391 457 1561 487 quateretur.
1578 453 1686 480 Etenim

901 506 981 528 term
1000 500 1129 527 motionis
1148 502 1231 528 causa
1244 500 1418 535 quidem‘est
1437 499 1521 534 Dem,
1536 501 1687 527 secundum

903 547 968 574 illud
979 547 1049 575 vatis
1066 547 1180 574 verbum
1198 555 1206 574 :
1223 556 1232 572 ι
1255 546 1305 580 Qui
1326 552 1427 574 terram
1454 546 1555 580 aspicit
1577 551 1605 574 et
1627 554 1687 575 eam

901 592 965 620 facit
977 597 1106 623 tremere,
1122 601 1131 617 ι
1159 599 1256 619 verum
1279 592 1441 632 plerumque
1464 595 1608 619 ventorum
1623 593 1688 620 sub-

902 643 1089 668 terraneorum
1106 638 1148 666 vis
1163 637 1280 666 accedit.
1309 631 1458 672 Propterea
1476 638 1689 665 vehementibus

902 685 929 711 in
943 682 1169 712 succussionibus
1183 688 1265 711 terra!
1284 684 1351 711 nulli
1366 688 1430 712 sunt
1441 684 1525 714 venti,
1559 688 1687 719 tanquam

903 731 1015 758 inclusis
1032 728 1073 758 eis
1089 729 1158 757 infra
1174 734 1286 762 terram,
1316 729 1383 757 locis
1411 729 1563 764 praesertim
1593 737 1689 757 caver-

903 777 986 804 nosis.

937 823 1039 856 Quodsi
1056 823 1139 850 etiam
1153 830 1320 858 cognoscere
1335 822 1386 855 vis,
1403 821 1470 857 quid
1485 822 1521 850 sit
1537 826 1635 849 ventus
1661 827 1689 849 et

904 870 977 896 unde
999 869 1114 901 oriatur,
1141 869 1212 896 scito
1238 868 1386 896 nonnullos
1411 867 1518 896 tradere
1543 868 1615 903 quod
1643 875 1690 895 aer

905 919 995 942 motus
1006 918 1150 941 ventorum
1167 914 1247 941 nobis
1259 920 1339 941 auras
1351 913 1481 948 praebeat.
1496 913 1549 942 Alii
1574 920 1638 940 vero
1656 913 1690 940 de

906 961 995 988 fumea
1016 961 1093 995 quasi
1112 960 1229 995 quadam
1258 959 1456 994 evaporatione.
1475 964 1585 987 ventum
1615 959 1688 995 gigni

905 1006 1010 1038 dicunt,
1021 1003 1249 1040 quibus'babere
1266 1009 1292 1032 te
1319 1005 1400 1032 ﬁdem
1425 1005 1498 1032 volo.
1528 1005 1594 1032 Nam
1619 1005 1690 1032 aeris

906 1051 991 1077 motio
1006 1049 1126 1084 quietior
1136 1054 1178 1077 est
1192 1056 1224 1076 ac
1239 1046 1360 1081 mollior,
1374 1050 1529 1082 venti;vero
1541 1050 1690 1077 vehemens

906 1096 970 1127 tior,
989 1095 1092 1130 majore
1107 1095 1133 1122 vi
1147 1099 1230 1128 atque
1247 1094 1350 1129 impetu
1375 1095 1493 1122 ruentis.
1518 1095 1612 1122 Potest
1639 1095 1690 1122 hoc

907 1141 1020 1176 ipsisex
1036 1141 1156 1168 motibus
1171 1145 1251 1168 terra;
1271 1142 1399 1175 cognosci
1415 1149 1422 1166 :
1438 1141 1507 1168 nihil
1531 1141 1603 1168 enim
1616 1137 1691 1168 aliud

906 1191 948 1230 (ξεί
965 1192 1135 1214 ῑοι-τωηιοιυε
1149 1195 1229 1221 quam
1255 1188 1595 1220 ventus;subterreanens.
1620 1187 1690 1215 Cum

907 1236 998 1259 autem
1032 1237 1151 1267 quatuor
1180 1232 1234 1260 sint
1256 1233 1297 1266 (ut
1325 1233 1362 1260 ita
1385 1233 1491 1268 loquar)
1519 1233 1691 1261 universales

907 1276 994 1308 venti,
1010 1277 1173 1304 subsolanus
1189 1277 1299 1311 quidem
1325 1284 1356 1304 ac
1371 1276 1496 1304 favonius
1518 1285 1572 1304 non
1597 1277 1690 1304 admo-

906 1322 974 1350 dum
988 1313 1164 1350 vehementes
1178 1328 1252 1355 sunt,
1268 1323 1361 1358 aquilo
1379 1330 1443 1350 vero
1472 1329 1500 1350 et
1522 1328 1616 1351 auster
1638 1323 1690 1350 im-

907 1373 970 1404 petu
986 1376 1018 1396 ac
1034 1369 1059 1396 vi
1072 1369 1186 1396 ruaxima
1204 1373 1296 1396 ruunt.
1319 1369 1386 1396 Nam
1411 1377 1472 1397 cum
1490 1370 1557 1397 locis
1586 1370 1691 1404 aquilo-

908 1414 1144 1448 naliaustralique
1174 1413 1238 1449 polo
1258 1413 1402 1449 subjectis,
1431 1411 1506 1441 unde
1525 1420 1578 1441 tam
1599 1414 1691 1449 aquilo

907 1468 987 1495 quam
998 1464 1091 1487 auster
1105 1460 1242 1492 oriuntur,
1255 1459 1321 1488 solis
1332 1460 1563 1495 desitfprzesentia,
1578 1469 1691 1489 necesse

907 1510 992 1533 estea
1007 1505 1099 1532 minus
1110 1505 1287 1536 incalescere,
1315 1512 1478 1540 semperque
1496 1507 1553 1532 tum
1580 1506 1691 1541 [rigoris

908 1551 986 1586 copia
1003 1556 1061 1578 tum
1080 1551 1203 1578 humoris
1227 1551 1379 1578 abundare.
1404 1551 1463 1584 Quo
1476 1552 1504 1579 lit
1522 1556 1552 1579 ut
1578 1558 1691 1588 propter

909 1596 1208 1632 frigiditatem'exortis
1235 1596 1394 1631 frequenter
1411 1598 1545 1625 imbribus
1566 1598 1693 1634 irrigatu-

907 1650 960 1678 que
973 1643 1122 1677 plurimum
1135 1647 1206 1670 terra
1222 1643 1327 1677 copiosi
1339 1643 1479 1678 fumeique
1501 1652 1616 1679 vapores
1628 1645 1691 1672 istic

909 1689 1069 1722 ascendant,
1083 1688 1117 1716 de
1134 1688 1236 1723 quibus
1253 1690 1345 1723 aquilo
1360 1694 1387 1716 et
1401 1695 1503 1722 auster,
1523 1692 1595 1718 renti
1610 1692 1691 1726 longe

907 1735 1140 1762 vehementissimi
1153 1735 1313 1769 gignuntur.
1327 1734 1348 1761 E
1359 1735 1470 1763 diverso
1497 1744 1558 1763 cum
1576 1737 1603 1764 in
1624 1739 1691 1765 locis

908 1779 1086 1807 orientalibus
1096 1780 1121 1814 7
1130 1780 1377 1809 etoccidentalibus
1385 1779 1516 1815 perpetuo
1527 1783 1566 1808 sol
1579 1791 1691 1810 movea-

910 1829 965 1859 tur,
980 1833 1108 1860 magnum
1126 1825 1189 1853 istic
1202 1825 1288 1861 frigus
1305 1827 1369 1854 oriri
1387 1834 1440 1853 non
1458 1827 1569 1861 patitur.
1587 1829 1643 1862 Qua
1656 1829 1691 1857 de

909 1878 992 1898 causa
1011 1879 1061 1898 nec
1074 1871 1232 1905 frequentes
1247 1871 1285 1899 lbi
1305 1870 1404 1906 pluviae
1419 1877 1492 1906 sunt,
1521 1881 1571 1901 nec
1593 1883 1693 1910 evapo-

910 1917 1029 1945 rationes
1040 1917 1098 1945 istm
1119 1917 1195 1945 furno
1210 1917 1367 1946 consimiles
1381 1919 1545 1952 excitantur,
1559 1927 1619 1947 cum
1634 1921 1692 1955 ipsa

908 1963 991 1990 etiam
1002 1968 1074 1990 terra
1097 1971 1151 1991 non
1165 1964 1311 1991 admodum
1332 1964 1367 1992 sit
1383 1964 1496 2000 irrigua.
1525 1965 1602 1993 Unde
1615 1967 1693 2001 sequi

909 2006 1103 2037 animadvertis
1115 2017 1170 2036 non
1182 2017 1259 2037 acres
1279 2010 1482 2045 impetuososve
1507 2017 1604 2040 ventos
1631 2013 1694 2040 inde

909 2055 1064 2090 provenire.
1102 2055 1236 2083 Praeterea
1263 2057 1337 2084 venti
1364 2057 1474 2092 quidam
1501 2057 1693 2092 anniversarii,

910 2098 980 2136 quos
992 2101 1092 2129 etesias
1111 2101 1258 2136 appellant,
1284 2102 1358 2138 iique
1371 2103 1504 2137 boreales,
1536 2104 1632 2132 diebus
1659 2106 1694 2132 ab

909 2146 1001 2174 testiva
1013 2146 1078 2173 solis
1094 2147 1274 2174 conversione
1289 2147 1397 2182 viginti,
1412 2149 1464 2176 sub
1488 2150 1578 2176 canini
1596 2151 1694 2178 sideris

910 2194 1000 2217 ortum
1013 2189 1145 2218 exsistere
1155 2191 1253 2218 solent.
1271 2191 1339 2218 Nam
1354 2199 1416 2218 cum
1432 2191 1458 2219 id
1474 2193 1606 2226 temporis
1618 2193 1695 2221 nives

146 2245 226 2262 ιενον
251 2237 380 2264 θύελλαν
399 2239 413 2263 ὁ
432 2237 619 2272 Ἀριστοτέλης
638 2236 749 2270 τυφῶνα
768 2235 856 2266 καλεῖ,
873 2233 890 2260 ll

910 2234 1116 2269 colllquescant,
1139 2242 1213 2262 aurze
1239 2236 1362 2270 quaedam
1389 2235 1493 2271 frigida:
1518 2244 1550 2264 ac
1569 2238 1695 2265 boreales

153 2283 240 2317 παχὺ
261 2281 343 2309 εἶναι
360 2283 391 2308 τὸ
409 2283 518 2317 πνεῦμα
535 2282 582 2308 καὶ¹
598 2282 681 2308 οἱονεὶ
695 2280 808 2307 τύπτειν
824 2279 858 2314 τῇ

146 2327 170 2351 πὸ
198 2325 391 2360 παρατυχόν,
409 2326 489 2352 Attia.
510 2325 538 2352 δὲ
554 2324 601 2351 τοῦ
617 2324 748 2355 τοιούτου,
756 2323 859 2358 ἀνέμου

146 2376 258 2408 ταχεῖα
277 2373 394 2399 ἄνωθεν
407 2372 460 2399 ἀπὸ
472 2373 526 2399 τῶν
538 2372 625 2406 νεφῶν
638 2371 790 2407 φερομένη,
805 2370 859 2397 εἴτε

150 2419 190 2453 ῆς
211 2419 278 2445 εἴτε
302 2418 380 2444 κατὰ
399 2417 554 2451 θαλάσσης,
571 2417 632 2451 ἥτις
652 2416 860 2452 προσπταίουσά

149 2463 280 2499 τιτύπῳ
311 2463 425 2498 σώματι
451 2462 633 2489 ἀναπάλλεται
657 2462 696 2493 εἰς
719 2461 858 2494 τούπίσω,

154 2511 190 2536 τὸ
209 2510 459 2544 ἁναπαλλόμενον
472 2508 605 2534 κωλύεται
619 2509 659 2539 είς
672 2507 793 2534 τούπίσω
806 2516 861 2542 χω-

146 2557 161 2582 ὺ
180 2557 238 2582 τοῦ
257 2556 390 2582 ὗττισθεν
407 2554 665 2586 ἐπακολουθοῦντος,
682 2555 728 2582 ἐπὶ
742 2554 775 2583 τὰ
789 2555 860 2580 πλά-

146 2602 263 2628 <λᾶται
273 2621 283 2633 ,
303 2599 374 2627 εἶτα
389 2602 499 2626 κάκεῖπε
515 2600 654 2633 ἀντιτύπῳ
670 2600 859 2633 συναντήσασα

146 2648 400 2683 ασκορπιζεται,
415 2647 462 2673 καὶ
474 2639 578 2679 γίνεται
592 2646 706 2680 ἑλιξίτης
721 2644 859 2679 συστροφὴ

147 2700 230 2724 μου,
263 2690 489 2725 μετεωρίζουσα
516 2689 563 2715 καὶ
586 2689 638 2715 ἀπὸ
661 2691 711 2724 γῆς
736 2690 782 2715 καὶ
805 2689 858 2715 ἀπὸ

149 2745 165 2767 ς
188 2737 232 2762 τὰ
259 2737 477 2771 παρατυχόντα
499 2736 623 2769 σώματα.
639 2735 734 2761 Ἔνθεν
751 2743 792 2761 τοι
813 2735 859 2761 καὶ

146 2784 206 2808 τὸν
228 2782 382 2808 τοιοῦτον
399 2782 498 2816 ἄνεμον
515 2781 646 2807 καλοῦσι·
669 2782 738 2807 κατά
759 2781 860 2806 κύκλον

156 2829 287 2854 licitas
313 2829 389 2863 περὶ
404 2829 451 2862 τὴν
467 2830 528 2862 γῆν,
545 2828 591 2852 καὶ
610 2827 675 2862 πρδ;
692 2827 740 2862 τὴν
757 2827 859 2852 οἰκείαν

146 2874 379 2905 ανακάμπτει
394 2875 491 2905 ἀργὴν,
508 2873 568 2899 ὅθεν
583 2873 629 2899 καὶ
645 2873 732 2904 λίθους
749 2872 859 2905 ἐφέλκε-

909 2279 1075 2307 emciuntur.
1094 2279 1157 2313 Quae
1169 2287 1251 2308 causa
1266 2285 1308 2308 est
1323 2286 1352 2308 ut
1365 2285 1421 2308 tum
1439 2282 1526 2316 venti;
1540 2291 1610 2317 quos
1623 2283 1696 2310 indi-

909 2325 1041 2357 cavimus,
1054 2325 1120 2353 flare
1140 2326 1253 2361 singulis
1263 2326 1342 2354 annis
1362 2327 1504 2362 incipiant.
1531 2330 1620 2364 Atque
1637 2330 1695 2357 luce

910 2370 998 2398 dehis
1013 2370 1084 2398 dicta
1113 2375 1204 2397 sunto.
1228 2370 1362 2398 Caeterum
1391 2378 1501 2399 ventum
1519 2372 1595 2400 illum
1613 2382 1694 2409 quem

911 2415 1037 2450 thyellam
1054 2415 1187 2443 Homerus
1198 2417 1327 2451 appellat,
1338 2414 1495 2452 Typhonem
1504 2425 1581 2446 vocat
1590 2420 1695 2447 Aristu-

910 2461 976 2488 teles
993 2460 1092 2494 (Latini
1113 2461 1270 2495 turbinem),
1293 2466 1436 2496 propterea
1453 2463 1525 2496 quod
1538 2464 1618 2491 llatus
1636 2465 1694 2498 ipse

910 2515 1018 2534 crassus
1033 2507 1078 2540 sit,
1093 2509 1225 2542 quasique
1242 2516 1309 2535 sono
1324 2517 1373 2535 suo
1397 2510 1523 2537 verberet
1538 2511 1564 2537 id
1579 2510 1605 2538 in
1619 2511 1692 2546 quod

911 2553 1021 2593 incidit,
1032 2553 1096 2588 Ejus
1106 2554 1180 2580 venti
1198 2561 1278 2581 causa
1292 2560 1334 2581 est
1356 2562 1439 2590 vapor
1450 2556 1559 2590 quidam
1573 2565 1692 2588 crassus,

911 2605 1018 2630 sursum
1039 2607 1054 2625 e
1069 2599 1188 2626 nubibus
1199 2600 1314 2633 delatus,
1330 2601 1386 2628 sive
1409 2602 1460 2628 hoc
1475 2606 1545 2628 terra
1562 2602 1608 2628 ﬁat
1635 2603 1694 2629 sive

912 2646 990 2677 nim-i,
1008 2645 1053 2679 qui
1068 2645 1177 2679 quidem
1195 2653 1278 2680 vapor
1294 2647 1320 2673 in
1336 2653 1435 2681 corpus
1451 2647 1559 2680 aliquod
1574 2648 1692 2675 solidum

910 2697 937 2718 ct
952 2691 1089 2718 obsistens
1105 2691 1188 2718 illisus
1201 2697 1273 2719 retro
1292 2696 1440 2726 torquetur.
1455 2693 1486 2718 Et
1502 2693 1562 2726 quia
1574 2702 1620 2727 per
1635 2695 1690 2721 vim

911 2743 984 2762 n-tro
1000 2740 1078 2766 actus
1106 2736 1150 2763 hic
1174 2743 1257 2770 vapor
1282 2737 1379 2763 cedere
1411 2738 1514 2770 nequit,
1537 2738 1688 2768 obsistente

911 2783 982 2808 illico
999 2782 1071 2816 quod
1083 2789 1097 2808 a
1112 2786 1187 2816 tergo
1202 2783 1417 2816 sequituratque
1442 2783 1573 2820 imminet,
1589 2786 1693 2813 idcirco

912 2828 994 2854 veluti
1012 2827 1112 2854 fractus
1127 2827 1153 2854 in
1171 2833 1356 2854 transversum
1372 2828 1470 2862 agitur.
1490 2829 1540 2856 Uini
1556 2833 1693 2860 consimili

913 2873 993 2900 modo
1011 2878 1292 2905 exceptusamrpnre
1314 2873 1441 2903 quoniam
1466 2876 1554 2902 solido
1583 2885 1691 2904 rursum
