1944 3072
676 127 879 161 ANNALIUM
902 128 1000 160 PARS
1024 131 1047 160 ι.

310 190 423 217 ΗΜΕΡΔ
450 189 568 217 ΤΡΙΤΗ.

145 236 165 271 Γῇ
183 235 206 262 δὲ
220 234 289 271 ’τρίτῃ
313 235 399 270 ἡμέρᾳ
425 235 460 261 τὰ
486 235 569 261 ὕδατα
598 234 688 262 πάντα
714 235 754 266 εἰς
781 235 830 266 τὰς

146 280 188 307 τῶν
201 280 328 314 συναγωγὰς
347 280 522 315 συνήχθησαν
546 280 627 319 κατὰν
642 280 716 306 θείαν
733 280 830 307 κέλευ-

145 348 146 355 ,
160 325 274 358 καὶοῦτως
287 323 361 360 ἐφάνη
373 327 389 361 ἡ
402 325 483 361 ξηρά.
498 326 563 352 Τότε
578 326 611 361 δὴ
626 326 673 353 καὶ
689 326 830 358 παντοίοις

145 383 158 408 η
172 374 247 407 φυτοῖς
266 382 289 399 τε
303 375 341 400 καὶ
357 373 479 409 δένδρεσι
501 374 664 409 παραδόξως
677 374 832 401 ἐκαλλωπί-

145 429 158 446 ›.
172 420 207 455 Τῷ
226 421 270 455 γὰρ
286 420 339 455 θείῳ
361 420 553 455 δυναμωθεῖσα
582 420 745 456 βουλήματι,
761 421 798 452 ὡς
817 421 832 454 ῥ

842 192 866 229 Α

145 475 189 500 ’σης
201 466 278 501 φησὶν,
292 466 381 510 ἀθρόον
407 466 565 502 ἀπεκύησεν
583 466 703 499 ἅπαντα.
717 467 748 494 οὐ
768 467 844 502 χρό-.

149 512 253 547 δεηθεῖσα
275 512 331 547 πρὸς
347 512 463 547 αὕξησιν
476 513 531 539 τῶν
555 513 587 545 ἐξ
606 513 692 547 αὐτῆς
708 513 831 540 ἀναδιδο-

145 566 177 591 av,
202 558 250 586 ἀλλ’
268 558 324 594 ὁμοῦ
347 559 404 590 τοῖς
420 559 515 586 ἄνθεσι
541 560 589 585 καὶ
619 560 684 589 τοὺς
708 561 830 594 καρποὺς

145 606 266 640 λαστήσασα
288 605 368 640 θέαμά
399 614 427 632 τι
458 605 629 641 τερψίθυμον
652 604 695 641 ἦν.
717 607 755 633 Εἰ
779 607 832 641 γὰρ

145 651 160 681 ἒς
171 659 193 676 τι
208 651 307 685 πρᾶγμα
319 653 364 677 mi.
381 651 550 687 παρεκτικὺν
565 651 662 686 ὀδύνης
682 652 830 687 ή“ἄκανθα,

156 695 198 721 οὐκ
218 695 243 727 ἐξ
261 695 336 731 ἀρχῆς
353 695 440 730 αὐτῆς
455 697 472 732 ἠ
497 697 534 731 γῆ
554 697 603 723 καὶ
617 696 720 731 ταύτην
733 688 833 723 ἀνέδω-

157 741 206 768 ἀλλ’
227 741 298 776 ἡνίκα
322 742 388 776 μετᾶ
420 742 470 777 τὴν
495 742 653 777 παράϐασιν
678 743 795 777 ἤκουσεν
818 744 832 769 ὁ

148 796 164 821 μ
187 787 401 823 «Ἐπικατάρατος
425 789 442 823 ἡ
472 788 507 823 γῆ
536 789 565 815 ἐν
586 789 643 820 τοῖς
667 789 758 823 ἔργοις
785 797 830 816 σου

147 833 188 864 θας
204 833 245 859 καὶ
259 833 389 869 τριϐόλᾱυς
404 834 532 861 ἀνατελεῖ
548 842 600 862 σοι.
621 843 630 860 ι
646 835 704 861 Ίνα
719 835 774 870 γὰρ
791 834 831 868 τῷ

1631 128 1664 158 46

1156 188 1232 216 DIES
1253 187 1392 215 TERTIA.

921 235 969 263 Die
989 236 1069 263 tertia
1086 241 1187 263 coacta:
1212 240 1277 262 sunt
1293 243 1369 269 aqua‘
1386 242 1482 261 omnes
1507 234 1530 260 vi
1552 235 1672 260 mamlati

883 281 970 309 divini
985 289 1051 308 suas
1077 280 1110 307 ad
1139 279 1328 311 collectiones,
1349 287 1437 314 coque
1465 279 1545 305 tnodo
1570 279 1671 305 siccum

883 328 1027 363 apparuit;
1045 327 1118 362 quod
1145 326 1256 366 quidem
1284 333 1344 352 mox
1369 325 1567 352 admirabiliter
1583 326 1673 351 omnis

882 375 992 410 generis
1010 374 1110 408 plantis
1132 377 1160 399 ct
1185 372 1332 400 arboribus
1349 371 1544 398 exornabatur.
1566 371 1672 405 Quippe

883 425 955 448 terra
972 419 1071 447 divinzn
1086 418 1235 445 voluntatis
1246 417 1365 445 eﬂicacia
1378 417 1566 448 corroborata,
1576 424 1673 451 quem.
1714 441 1720 448 ,

883 465 1030 492 admodum
1057 464 1202 500 Nysseusis
1233 463 1348 490 antistes
1366 462 1488 496 scripsit,
1507 463 1565 490 haec
1580 463 1671 490 omnia

883 510 976 538 subito
997 512 1074 546 quasi
1099 510 1215 545 peperit,
1237 518 1291 537 non
1320 510 1452 544 temporis
1479 517 1562 545 egens
1585 509 1672 536 inter-

882 557 955 583 vallo
970 556 1004 583 ad
1032 557 1233 584 incrementum
1258 563 1355 583 eorum
1375 563 1436 590 qua:
1453 555 1485 583 de
1503 556 1559 590 ipsa
1581 555 1672 583 exuri-

883 607 982 630 rentur
1000 611 1006 630 :
1027 603 1074 630 sed
1095 611 1147 631 una
1163 611 1224 630 cum
1249 602 1364 630 ﬂoribus
1383 602 1465 630 etiam
1486 602 1590 630 fructus
1608 611 1673 637 pro-

884 648 986 680 ferens,
999 648 1150 683 jucundum
1162 648 1301 683 quoddam
1311 649 1498 683 spectaculum
1519 648 1669 683 prmbchat.

882 694 984 726 Quodsi
994 694 1066 728 .quis
1091 695 1164 722 dicat
1192 696 1298 729 spinam
1320 703 1380 722 esse
1403 703 1461 721 rem
1480 695 1593 722 minimc
1612 696 1672 729 pul-
1693 716 1697 720 .

883 740 976 767 chram
992 744 1074 774 atque
1090 740 1173 768 etiam
1191 740 1346 771 molestam,
1374 740 1397 767 is
1418 740 1487 767 sciat
1503 745 1562 767 eam
1579 748 1671 768 rerum
1715 770 1718 773 _

884 786 962 813 initio
988 794 1003 813 e
1018 792 1090 814 terra
1115 794 1170 814 non
1199 786 1369 821 provenisse,
1392 786 1439 814 sed
1459 792 1522 821 post
1550 786 1671 814 mandati

883 833 1113 868 pritnumvdivini
1144 833 1340 866 violationem,
1370 840 1432 860 cum
1462 833 1521 861 hazc
1551 833 1672 860 Adainus

145 879 176 913 νῷ
192 879 235 914 τὴν
254 879 331 914 λύπην
341 881 547 916 παρακειμένην
562 880 681 915 ἔχωμεν,
704 882 760 907 κάκ
769 879 830 907 τού-
847 873 868 900 Β
882 879 912 906 a'u

904 878 1010 908 udiret:
1025 879 1180 907 «Infelicem
1193 879 1232 907 tui
1244 879 1352 907 labores
1367 884 1467 907 terram
1483 880 1671 914 experiantur,

146 925 174 960 ὴν
189 925 313 962 ἁμαρτίαν
328 926 562 961 μνημονεύωμεν,
575 926 613 958 ὡς
625 927 638 953 ὁ
659 927 747 961 μέγας
764 927 833 962 φησὶ

145 973 212 1005 istoc,
227 972 265 999 διὰ
278 972 350 999 τοῦτο
372 972 518 1008 προσεφὺη
540 972 580 1007 τῷ
599 973 668 1008 ῥόδῳ
684 974 700 1009 ἡ
714 973 832 1000 ἄκανθα.

145 1025 184 1051 εχε
198 1017 250 1045 οὖν.
266 1018 294 1044 Εἰ
307 1018 343 1053 μὴ
358 1017 412 1053 γὰρ
428 1017 546 1053 ἤκουσεν
562 1018 575 1044 ό
595 1018 682 1055 ’Δδάμ
699 1028 707 1044 ι
719 1019 834 1046 Ἐπικα-

145 1071 180 1094 to;
202 1063 216 1098 ή
239 1063 272 1098 γῆ
293 1064 318 1090 ὲν
333 1063 386 1095 τοῖς
410 1063 503 1098 ἔργοις
522 1072 581 1095 σου,
601 1073 610 1089 ι
631 1063 701 1099 τάχα
717 1063 750 1098 ἄν
767 1064 784 1099 ἡ
797 1064 834 1099 γῆ

145 1107 204 1139 ιῦοις
224 1108 289 1143 φυτὰ
304 1109 416 1144 παρεῖχέ
441 1117 483 1135 σοι
501 1109 630 1144 ἔγκαρπα
657 1109 694 1144 μὴ
718 1109 834 1145 δεόμενα

146 1162 159 1179 υ
171 1154 233 1189 πρὸς
247 1153 363 1189 αὖξησιν.
380 1155 447 1181 Τότε
463 1155 513 1189 μὲν
525 1155 591 1190 γὰρ,
611 1155 665 1190 πρὸ
679 1155 730 1190 τῆς
746 1165 835 1191 παρει-

145 1208 167 1230 );
189 1198 312 1235 δηλονότι,
331 1199 368 1231 ὡς
384 1201 398 1227 ό
423 1201 514 1235 μέγας
540 1201 606 1236 φησὶ
632 1196 784 1234 Βασίλειὸς,
805 1203 834 1228 ἐν

146 1246 189 1282 σία
209 1246 301 1281 χρόνου
317 1247 386 1282 ῥοπῇ
412 1246 467 1274 ἀπὸ
488 1248 539 1283 τῆς
559 1246 734 1282 βλαστήσεως
749 1247 835 1283 ἀρξα-

145 1289 214 1324 ἠγῆ,
227 1290 266 1316 ἵνα
284 1290 385 1326 φυλάξῃ
400 1291 463 1323 τοὺς
481 1292 582 1326 νόμους
605 1291 656 1318 τοῦ
676 1292 832 1323 κτίσαντος.

145 1345 148 1356 ν
165 1335 235 1367 ίδέαν
251 1336 388 1372 αὐξήσεως
407 1336 593 1371 διεξελθοῦσα,
613 1337 694 1369 εὐθὺς
717 1338 786 1373 πρὸς
804 1338 834 1365 τὺ

146 1391 158 1408 ν
180 1381 265 1417 ἤγαγε
286 1382 319 1408 τὰ
346 1381 536 1417 βλαστήματα.
556 1383 612 1410 Καὶ
628 1383 763 1418 λειμῶνες
785 1384 834 1417 μὲν

145 1436 198 1463 ισαν
219 1428 309 1463 βαθεῖς
337 1429 370 1464 τῇ
397 1428 516 1464 ἀφθονίᾳ
537 1429 583 1456 τοῦ
604 1429 714 1465 χόρτου,
730 1430 785 1457 τῶν
806 1430 850 1466 δὲ,

145 1482 149 1496 ν
177 1475 211 1501 τὰ
232 1474 357 1511 εὔκαρποι
382 1475 510 1511 βρίθοντα
540 1476 598 1506 τοῖς
625 1476 714 1511 λητοις
742 1477 835 1504 είκόνα

145 1529 186 1549 90:
199 1521 379 1562 κυμαίνοντος
393 1523 423 1548 ὲν
433 1523 466 1557 τῇ
487 1522 595 1558 κινήσει
614 1522 669 1548 τῶν
688 1522 834 1558 ἀσταχύων

145 1564 184 1596 Ca.
212 1566 266 1592 Καὶ
293 1566 381 1593 ταῦτα
414 1567 474 1602 μὲν,
500 1568 583 1603 ἡνίκα
611 1567 704 1601 ἔλεγεν
731 1568 745 1594 ὁ
768 1567 834 1599 Θεὸς

145 1610 261 1643 πτησάτω
276 1611 293 1645 ἡ
309 1612 343 1647 γῆ
363 1611 480 1647 βοτάνην
495 1613 592 1647 χόρτου
607 1621 614 1628 '
641 1623 651 1640 I
670 1614 789 1648 ὁπηνίκα
807 1614 835 1641 δὲ

145 1655 204 1682 είθει
230 1666 240 1682 ι
271 1657 328 1684 Καὶ
353 1658 431 1691 ξύλον
448 1658 589 1693 κάρπιμον
608 1659 702 1686 ποιοῦν
718 1660 835 1695 καρπὸν,

145 1703 256 1738 σπέρμα
271 1704 356 1730 αὐτοῦ
373 1706 401 1731 ἐν
418 1705 505 1740 αὐτῷ,
520 1706 592 1732 κατά
610 1706 690 1739 γένος
703 1707 754 1741 νκαὶ
775 1706 836 1733 καθ’

145 1757 200 1782 ιτα,
216 1750 264 1776 ἐπὶ
277 1750 329 1785 τῆς
349 1751 410 1787 γῇς,
427 1761 436 1777 ι
459 1752 520 1779 τότε
541 1751 584 1786 δὴ,
605 1752 666 1778 τότε
685 1753 771 1778 πᾶσαι
787 1752 838 1786 μὲν

156 1796 397 1829 κατεπυκνοῦντοδ
413 1797 502 1824 πάντα
527 1798 555 1824 δὲ
578 1798 709 1833 ἀνέτρεχε
728 1798 835 1834 δένδρα,

157 1841 206 1866 καὶ
235 1841 343 1876 κέδροι,
362 1842 463 1869 πεῦκαί
480 1851 508 1869 τε
529 1843 577 1870 καὶ
599 1844 775 1878 κυπάρισσοι,
789 1843 837 1870 καὶ

148 1887 243 1918 ιαῦτα,
272 1887 305 1913 αἵ
329 1895 360 1913 τε
391 1888 520 1921 ῥοδωνιαὶ
549 1888 597 1914 καὶ
631 1888 761 1922 μυρσίναι
789 1889 837 1914 καὶ

163 1933 259 1959 πάντα
286 1934 318 1960 ἐν
337 1935 388 1968 μιᾷ
404 1935 502 1968 καιροῦ
519 1935 602 1970 ῥοπῇ,
624 1935 674 1961 οὐκ
687 1935 753 1961 ὄντα
769 1935 835 1970 πρό-

145 1979 187 2010 εζς
205 1979 237 2005 τὸ
254 1977 331 2005 εἶναι
348 1981 479 2016 παρήχθη
495 1980 565 2015 μετὰ
580 1980 630 2015 τῆς
645 1981 749 2013 οἰκείας
769 1982 836 2009 ἐκά-

145 2025 269 2059 ιότητος.
660 2059 665 2063 _

145 2070 273 2105 μαύμαξε
304 2071 335 2098 δὲ
364 2073 444 2107 εἴπερ
468 2064 499 2099 αἱ
530 2073 642 2108 βοτάναι
673 2074 760 2102 πᾶσαι
785 2075 836 2102 οὐκ

145 2125 162 2143 ι.
192 2117 238 2143 Td:
261 2117 322 2153 γὰρ
350 2118 387 2154 μὴ
405 2120 611 2154 χρησιμεύοντα
636 2121 676 2156 τῷ
699 2121 836 2158 ἀνθρώπῳ

145 2172 149 2189 '.
165 2163 232 2189 ἐστι
247 2165 311 2196 τοῖς
325 2164 362 2191 δι’
381 2165 462 2191 αὑτὸν
483 2167 680 2201 γεγενημένοις
695 2167 789 2199 ζώοις.
804 2169 836 2195 El

882 923 975 952 serites
990 928 1072 960 atque
1087 925 1205 953 earduos
1224 925 1272 952 tibi
1301 929 1429 960 procreet
1447 925 1481 953 ¹³,
1498 934 1506 951 ι
1532 925 1670 952 Nimirum

884 975 915 998 ut
929 971 1064 1006 voluptati
1080 970 1204 999 dolorem
1223 971 1385 1006 adiunctum
1402 971 1568 1004 habeamus,
1585 979 1673 1006 eaque

883 1025 912 1045 re
926 1017 1032 1052 peccati
1062 1017 1148 1044 nostri
1171 1017 1253 1044 nobis
1281 1017 1379 1045 subeat
1410 1017 1576 1051 recordatio,
1601 1019 1674 1045 sicut

883 1063 999 1092 Basilius
1008 1063 1058 1095 ait,
1073 1062 1175 1090 idcirco
1185 1062 1271 1097 spinae
1287 1063 1357 1090 rosis
1372 1062 1470 1091 additae
1490 1067 1564 1091 sunt.
1578 1064 1673 1098 Itaque

883 1109 963 1136 velim
971 1108 1037 1136 mihi
1044 1108 1256 1142 animadvertas,
1265 1108 1339 1143 quod
1348 1109 1400 1136 nisi
1409 1109 1529 1136 Adanlus
1537 1110 1672 1141 audisset,

887 1162 896 1179 ι
914 1153 1055 1181 [nfelicem
1079 1153 1116 1180 tui
1132 1153 1240 1181 labores
1253 1158 1354 1181 terram
1376 1155 1566 1189 experiantur,
1585 1164 1594 1180 ι
1614 1155 1674 1182 fur-

884 1203 956 1226 tasse
985 1199 1117 1234 deinceps
1147 1206 1258 1234 quoque
1286 1199 1433 1233 frugiferas
1459 1199 1540 1227 nobis
1563 1200 1672 1235 plantas

884 1245 1072 1286 produxisset,
1089 1245 1124 1273 ad
1158 1246 1360 1273 incrementum
1383 1245 1426 1273 sui
1451 1246 1527 1273 nullo
1543 1247 1674 1281 temporis

883 1292 974 1328 spatio
985 1292 1159 1327 indigentes.
1180 1291 1247 1319 Nam
1264 1296 1327 1319 ante
1343 1291 1462 1327 lapsum,
1482 1296 1511 1318 ut
1531 1292 1604 1319 idem
1623 1292 1676 1319 Ba-

884 1338 965 1366 silius
993 1337 1094 1373 inquit,
1119 1341 1260 1365 momento
1280 1338 1413 1372 temporis
1446 1345 1460 1364 a
1475 1339 1674 1372 germinatione

886 1383 978 1415 tellus,
1003 1386 1033 1409 ut
1060 1382 1167 1418 legibus
1197 1381 1305 1417 opiﬁcis
1331 1386 1450 1417 pareret,
1471 1382 1569 1416 quavis
1592 1390 1676 1417 auge-

885 1428 980 1456 scendi
1008 1427 1101 1463 specie
1136 1427 1281 1461 absoluta,
1313 1435 1377 1454 mox
1407 1427 1513 1455 fructus
1550 1432 1675 1454 maturos

885 1474 1052 1510 proferebat.
1079 1474 1174 1509 Itaque
1189 1479 1267 1508 prata
1290 1474 1401 1509 copioso
1420 1474 1531 1509 altoque
1549 1475 1673 1509 gramine

887 1520 1074 1553 abundabant,
1092 1524 1120 1548 et
1141 1520 1231 1555 campi
1257 1520 1380 1555 frugiferi
1405 1521 1544 1556 segetibus
1568 1521 1673 1547 onerati

888 1569 970 1598 motis
988 1577 1083 1597 earum
1110 1570 1208 1598 culmis
1227 1569 1373 1605 imaginem
1400 1570 1559 1597 fluctuantis
1586 1571 1674 1605 pelagi

886 1616 1055 1644 referebant.
1075 1617 1107 1643 Et
1120 1616 1179 1644 hac
1195 1616 1307 1651 quidem
1326 1621 1384 1643 orta
1402 1620 1475 1649 sunt,
1491 1617 1676 1644 cum'diccrct

887 1662 979 1690 Deus:
997 1671 1006 1688 ι
1021 1662 1091 1689 Edat
1103 1662 1205 1689 humus
1216 1662 1372 1697 gramineas
1387 1662 1486 1689 herbas
1500 1663 1531 1689 η.
1547 1673 1555 1688 ι
1576 1662 1674 1689 Verum
1693 1689 1696 1692 ,

887 1711 1064 1741 posteaquam
1095 1707 1197 1741 adjecit
1224 1715 1230 1733 :
1262 1716 1270 1732 ι
1295 1707 1326 1733 lit
1362 1707 1475 1734 arbores
1508 1708 1676 1745 fructiferas.

887 1759 947 1787 quae
966 1759 1017 1779 suo
1041 1760 1157 1787 quicque
1178 1752 1206 1779 in
1223 1759 1325 1787 genere
1342 1760 1435 1779 semen
1453 1760 1531 1779 suum
1549 1754 1573 1780 in
1594 1754 1675 1781 terris

887 1798 1018 1831 habeant,
1039 1807 1047 1824 ι
1069 1803 1125 1826 tum
1144 1806 1209 1826 vero
1234 1798 1289 1826 luci
1319 1799 1507 1826 densabautur
1531 1804 1557 1826 et
1574 1801 1676 1834 qumvis

887 1844 1001 1872 arbores
1034 1845 1207 1878 oriebantur,
1243 1846 1358 1879 abietes,
1386 1846 1472 1875 cedri.
1505 1847 1597 1881 pinus.
1626 1855 1675 1874 cu-

888 1890 987 1925 pressi,
1007 1897 1124 1918 cteterte.
1156 1892 1291 1918 Prmterea
1316 1900 1440 1919 rosarum
1470 1898 1677 1928 Illyriorumque

887 1936 1011 1969 frutices,
1044 1944 1075 1964 ac
1101 1937 1170 1964 lauri
1199 1945 1255 1964 uno
1282 1937 1415 1971 temporis
1448 1943 1587 1965 momento
1614 1947 1672 1972 pro

888 1982 977 2010 ductae
1003 1987 1090 2016 sunt;
1110 1983 1168 2010 suis
1196 1983 1327 2018 qumlibet
1354 1990 1419 2010 cum
1447 1983 1674 2018 proprietatibus,

887 2036 950 2057 cum
968 2034 1049 2057 antea
1067 2037 1120 2056 non
1136 2029 1313 2057 exsisterent.

922 2076 978 2103 Nec
998 2076 1098 2102 mirum
1114 2076 1163 2103 tibi
1181 2070 1267 2103 videri
1283 2076 1366 2104 debet
1383 2084 1438 2105 non
1460 2084 1555 2105 omnes
1575 2076 1677 2105 herbas

887 2122 1043 2150 cscnlentas
1061 2129 1132 2150 esse.
1146 2122 1213 2150 Nam
1226 2123 1247 2150 si
1261 2130 1322 2158 quae
1348 2123 1452 2151 homini
1474 2125 1592 2151 maxime
1620 2132 1675 2150 null

889 2171 954 2194 sunt
971 2157 1045 2199 risui,
1067 2167 1250 2195 nihilominus
1272 2157 1336 2195 aliis
1362 2168 1547 2196 animantibus
1569 2168 1676 2195 condu-

156 2208 333 2244 δηλητήρια
359 2209 513 2244 πρόσεισιν·
533 2212 640 2244 αὐταῖς,
666 2212 727 2239 οὐδὲ
757 2213 836 2240 τοῦτο
853 2218 922 2246 Deu

909 2217 965 2244 unt,
983 2220 1044 2247 qua:
1062 2217 1175 2248 propter
1189 2213 1330 2241 hominem
1346 2207 1459 2241 condita
1474 2219 1549 2241 sunt.
1571 2214 1623 2248 12
1638 2213 1676 2240 Ne

146 2262 178 2279 αι
204 2254 280 2289 χρή.
301 2254 439 2287 Πολλάκις
466 2256 521 2292 γὰρ
549 2258 597 2284 καὶ
623 2257 711 2284 ταῦτα
739 2259 835 2286 παθῶν

149 2301 291 2334 γίνονται
303 2309 312 2316 ·
330 2302 523 2336 κεραννύμενα
551 2304 605 2338 γὰρ
627 2304 737 2339 ἑτέραις
757 2303 835 2338 βοτά-

145 2346 254 2378 Ξίκακα
270 2347 386 2381 γίνεται
402 2347 449 2374 καὶ
461 2348 556 2382 ὑγείας
571 2348 738 2384 παρεκτικά.
753 2349 833 2377 Οὕτω

145 2392 202 2418 καὶ
224 2393 241 2418 ὁ
262 2393 362 2428 μέγας
378 2393 521 2425 Βασίλειός
545 2403 628 2429 φησιν
651 2396 692 2422 ὅτι
711 2395 766 2422 τῶν
787 2395 834 2430 δη-

145 2446 151 2461 ν
168 2438 260 2464 οὐδὲν
282 2439 386 2474 ἀργῶς
400 2439 462 2466 οὐδὲ
476 2440 624 2475 ἀχρήστως
644 2442 834 2476 γεγενημένον

145 2483 150 2508 ί
187 2483 244 2510 καὶ
282 2485 356 2516 τοὺς
386 2484 554 2531 ἀχαρίστους
582 2487 655 2522 ἡμᾶς
686 2488 757 2515 κατά
788 2488 835 2515 τοῦ

147 2536 204 2558 τος
240 2529 467 2564 παρασκευάζει
494 2532 615 2565 φρονεῖν.
636 2531 693 2558 Τά’
709 2532 759 2567 μὲν
781 2533 836 2568 γὰρ

163 2575 296 2610 τροφὴν
323 2576 443 2611 παρέχει
465 2577 519 2603 τινὶ
540 2577 596 2604 τῶν
615 2578 732 2612 ἀλάγων,
753 2580 769 2615 ἢ
788 2581 836 2607 καὶ

145 2620 186 2650 ,ἴς
204 2619 302 2654 παρὰ
325 2620 377 2654 τῆς
392 2620 518 2654 ἰατρικῆς
533 2621 632 2656 τέχνης
646 2623 687 2654 εἰς
703 2632 835 2659 παραμυ-

145 2664 178 2690 ὀν
209 2665 465 2701 ἀρρωστημάτων
491 2663 646 2702 ἐξεύρηταί.
663 2667 700 2694 Τὸ
715 2669 764 2702 μὲν
781 2669 835 2705 γὰρ
851 2666 854 2667 ⁷

145 2711 168 2736 εἰ
199 2709 314 2746 ψᾶρες
338 2711 494 2745 βόσκονται,
516 2711 560 2738 διὰ
588 2712 638 2748 τὴν
662 2715 836 2750 κατασκευὴν

145 2764 214 2788 ιτσς
245 2757 312 2791 τὴν
336 2757 370 2783 ὲκ
393 2756 441 2783 τοῦ
465 2755 630 2792 δηλητηρίου
653 2758 836 2795 βλάϐηνάπο-

159 2849 213 2873 tu,
239 2841 292 2869 I7.
344 2841 365 2857 ¹⁸
380 2841 448 2869 Gen.
469 2848 488 2875 ι,
505 2840 546 2868 ΙΙ.

891 2257 916 2284 id
942 2257 1054 2292 quidem
1086 2265 1188 2286 novum
1215 2258 1398 2291 existimabis,
1424 2267 1485 2287 esse
1515 2260 1623 2286 illarum
1649 2259 1676 2286 in

888 2310 1004 2330 numero
1029 2303 1160 2337 quasdam
1184 2308 1345 2332 venenatas.
1370 2305 1477 2332 Etenim
1495 2305 1539 2332 illa
1565 2313 1676 2340 quoque

887 2356 1078 2383 saepenumero
1103 2349 1189 2376 certis
1210 2350 1314 2377 morbis
1334 2350 1500 2383 medentur;
1529 2358 1591 2378 nam
1615 2351 1677 2378 aliis

884 2402 947 2422 cum
965 2395 1060 2423 herbis
1086 2396 1174 2424 mista:
1198 2397 1383 2424 valetudinem
1409 2402 1529 2425 nostram
1552 2403 1675 2425 utentur.

885 2441 914 2468 ln
929 2442 1001 2469 hanc
1016 2442 1181 2469 sententiam
1194 2443 1317 2470 Basilius
1332 2443 1430 2470 scribit
1442 2445 1545 2471 nullam
1563 2446 1675 2472 herbam

885 2492 1046 2514 venenatam
1063 2489 1123 2515 sine
1141 2488 1230 2515 fructu
1249 2489 1368 2523 qundam
1395 2497 1456 2517 esse
1476 2490 1587 2522 factum,
1615 2497 1661 2516 ntu

886 2531 937 2560 nos
959 2533 1058 2568 ingrati
1079 2541 1126 2561 eas
1145 2534 1288 2562 intuentes
1319 2535 1401 2570 impie
1421 2536 1454 2563 de
1472 2544 1562 2563 rerum
1579 2536 1677 2570 npilice

886 2579 1049 2607 sentiamus.
1077 2580 1178 2607 Partim
1209 2588 1328 2616 namque
1353 2582 1443 2609 brutis
1472 2581 1610 2616 aliquibus
1625 2581 1676 2608 ali-

887 2629 1009 2652 mentum
1038 2625 1172 2662 praebent,
1201 2627 1300 2660 partim
1325 2628 1405 2655 nobis
1428 2628 1494 2663 ipsis
1513 2635 1562 2662 per
1589 2631 1675 2654 artem

887 2670 1021 2709 medicam
1053 2670 1087 2698 ad
1117 2675 1255 2699 certorum
1293 2673 1451 2701 morborum
1485 2673 1676 2707 depulsionem

886 2720 967 2751 atque
982 2717 1134 2745 remedium
1155 2719 1288 2746 serviunt.
1318 2719 1426 2760 Etenim
1452 2719 1540 2746 cicuta
1564 2724 1675 2754 propter

886 2762 1054 2796 peculiarem
1067 2763 1214 2799 quamdam
1241 2765 1284 2792 sui
1305 2764 1429 2800 corporis
1451 2765 1675 2794 constitutionem
