1944 3072
158 127 186 158 65
741 167 747 171 _
757 125 759 130 ⁴
771 124 972 158 ANNALIUM

158 183 181 208 οὗ
196 182 273 217 μέγας
294 182 308 208 ό
327 182 412 216 ἥλιος,
430 181 488 215 εἴγε
517 181 564 209 καὶ
588 181 638 216 τῆς
654 181 705 216 γῆς
723 182 807 216 αὐτῆς
824 182 923 209 παλλαε
940 185 961 213 Α

157 226 256 268 πλςσίων
274 228 334 254 ἔστί
347 237 355 263 ;
380 227 428 255 καὶ
443 228 498 263 γὰρ
512 228 536 254 εί
553 227 591 263 μὴ
608 228 687 258 τοῦτο
700 229 858 263 ἐτύγχανεν,
870 229 921 254 οὒκ

157 275 183 301 ἂν
196 274 353 310 ὑπερφανεὶς
377 274 425 300 τοῦ
447 274 586 309 ὁρίζοντος
608 275 641 308 τῇ
658 273 747 309 οἰκεῖα
767 273 919 308 τηνικαῦτα

155 321 247 356 δυνάμει
264 319 483 356 συμπεριείληφε
499 318 653 354 ξύμπαντα.

182 454 249 488 Μέγα
266 454 325 488 μὲν,
352 453 390 484 ὡς
412 453 575 489 προείρηται
588 474 596 484 ,
611 454 658 480 καὶ
681 453 712 480 τὸ
736 454 784 488 τῆς
804 454 919 489 σελήνης

155 500 227 535 σῶμα,
245 500 291 525 καὶ
307 498 456 532 φανότατόν
481 506 513 532 γε
540 499 610 532 μετὰ
633 499 678 525 τὸν
704 499 791 534 ἥλιον.
810 499 842 526 Εἰ
864 499 918 534 γὰρ

154 545 239 580 καὶμὴ
263 545 351 572 διόλου
368 545 398 571 τὺ
416 544 474 578 φῶς
496 544 582 580 αὐτῆς
606 544 806 579 ἀμετακίνητον
831 545 918 579 μένει,

153 591 207 618 ἀλλὰ
227 590 273 617 καὶ
296 589 377 616 τοῦτο
400 590 523 625 ὐῤῥήτσυ
544 590 641 624 σοφίας
672 590 719 617 τοῦ
750 589 919 626 δημιουργοῦ

153 640 255 670 πάντων,
276 637 346 664 ὥστε
369 637 407 672 τῷ
423 637 495 664 κατὰ
519 637 568 672 τὴν
592 637 706 671 σελήνην
727 637 843 671 θεάματι
859 645 921 662 παι-

151 683 262 710 δεύεσθαι
280 683 355 718 ἡμᾶς
370 683 405 709 τὰ
417 683 542 717 ἡμέτερα
560 682 589 708 δὲ
613 683 660 710 καὶ
676 682 724 717 τῆς
738 682 850 717 ταχείας
864 682 919 708 τῶν

151 728 315 765 ἀνθρωπίνων
335 727 505 762 περιτροπῆς
529 727 653 753 ἐντεῦθεν
682 724 723 758 εἰς
746 727 850 754 ἔννοιαν
872 726 920 762 ἐρ-

152 774 241 810 χεσθαι.
264 772 348 809 Οἶμαι
367 774 396 800 δὲ
419 774 465 799 καὶ
489 774 522 808 τῇ
534 773 589 799 τῶν
604 773 681 804 ζώων
701 767 857 808 κατασκευῇ
873 773 920 799 καὶ

150 821 196 852 τοῖς
223 820 326 851 λοιποῖς
353 819 408 850 τοῖς
427 818 481 845 ἀπὸ
508 818 559 853 γῆς
591 819 738 853 φυομένοις
763 819 799 853 μὴ
817 818 919 854 μικρὰν

151 866 273 901 ὕπαρχειν
297 865 329 891 ἐκ
345 865 395 898 τῆς
414 865 486 891 κατὰ
503 864 552 898 τὴν
570 864 686 899 σελήνην
704 864 857 899 μεταεολῆς
873 864 922 899 τὴν
936 859 960 888 Β

150 912 302 939 συντέλειαν·
317 910 404 942 ἄλλως
419 911 473 946 γὰρ
491 908 640 938 διατίθεται
657 911 821 946 μειουμένης
837 911 922 946 αὐτῆς

149 958 190 984 καὶ
202 956 286 988 άλλως
300 956 451 992 αὐξομένης
474 956 507 983 τὰ
532 957 659 990 σώματα,
679 956 726 982 νῦν
749 956 798 991 μὲν
823 955 923 991 ληγού-

151 1012 193 1039 σης
210 1002 294 1038 ἀραιὰ
308 1002 439 1037 γινόμενα
455 1001 501 1028 καὶ
514 1001 590 1033 κενὰ,
603 998 649 1028 νῦν
665 1001 692 1028 δὲ
707 1001 859 1036 αὐξομένης
877 1001 923 1028 καὶ

150 1049 208 1084 πρὸς
222 1048 252 1075 τὸ
274 1048 378 1083 πλῆρες
395 1047 568 1082 ἐπειγομένης
593 1047 641 1073 καὶ
657 1047 727 1075 αὐτὰ
752 1047 833 1074 πάλιν
856 1048 922 1074 ἀνα-

148 1094 327 1132 πληρούμενα,
342 1092 412 1121 διότι
428 1093 566 1129 ὗγρότητά
581 1102 642 1120 τινα
656 1093 805 1129 θερμότητι
822 1101 924 1128 κεκρα-

148 1143 225 1178 μένην
248 1141 294 1167 irit
319 1140 349 1168 τὺ
373 1139 455 1175 βάθος
486 1139 625 1173 φθάνουσα
647 1138 798 1174 λεληθότως
824 1139 923 1174 ἐνίησι.

147 1187 255 1223 Δηλοῦσι
269 1186 297 1213 δὲ
310 1186 390 1213 τοῦτο
410 1185 456 1212 καὶ
469 1185 495 1212 οἱ
515 1185 691 1217 καθεύδοντες
705 1185 753 1219 τῆς
778 1184 831 1211 ὑπὸ
847 1184 924 1219 σελη-

146 1243 190 1270 νης
203 1234 351 1269 ὑγρότητος
371 1232 505 1268 περισσῆς
520 1232 570 1264 τὰς
593 1233 643 1265 τῆς
664 1231 784 1265 κεφαλῆς
802 1231 923 1266 εὐρυχω-

147 1282 204 1316 ρῖιις
231 1277 483 1315 πληρούμενοι,›ἒτι
507 1277 535 1304 δὲ
556 1277 590 1304 τὰ
609 1276 748 1311 νεοσφαγῆ
762 1276 817 1303 τῶν
836 1276 924 1310 κρεῶν

144 1327 177 1361 τῇ
194 1324 328 1360 προσδολῇ
351 1323 401 1358 τῆς
416 1323 530 1358 σελήνης
547 1322 651 1357 ταχέως
665 1322 831 1357 τρεπόμενα.
845 1321 924 1347 Κατὰ

145 1371 221 1397 τοῦτο
237 1370 286 1396 καὶ
308 1370 351 1404 ἐφ’
365 1369 488 1404 ἅρματος
505 1368 589 1403 αὐτὴν
603 1369 650 1394 καὶ
664 1368 711 1395 δύο
723 1367 833 1402 ταύρων
848 1367 924 1393 καθί-

144 1417 234 1448 ζουσιν
255 1416 292 1448 ὡς
309 1416 463 1443 κυκλοῦσαν
486 1415 532 1441 τὸν
558 1414 659 1448 κόσμον
683 1414 730 1441 καὶ
753 1413 923 1449 ἀροτριῶσαν

143 1463 188 1489 καὶ
203 1462 377 1497 σπείρουσαν,
402 1460 587 1497 ὑγραίνουσάν
601 1468 631 1486 τε
647 1460 695 1487 καὶ
711 1461 922 1495 θερμαίνουσαν.

143 1509 235 1536 Ταῦτα
248 1508 276 1535 δὲ
289 1508 379 1535 πάντα
391 1508 441 1534 οὐκ
458 1507 491 1534 ἂν
507 1506 638 1541 ἐξήρκεσε
651 1506 684 1540 τῇ
701 1504 800 1540 ἑαυτῆς
813 1504 926 1532 ἀλλοιώ-

143 1529 398 1589 σενι-σζμμεθιστᾷν,
413 1553 436 1579 εί
458 1553 496 1587 μή
519 1529 648 1587 gratari
671 1529 722 1586 ἶτὴν
743 1529 793 1585 τῆς
814 1529 961 1585 Γραφῆςῦ

143 1596 297 1634 μαρτυρίαν
315 1598 458 1633 ὑπερφυής
479 1605 520 1628 τις
543 1596 677 1631 ἐτύγχανε
700 1597 734 1631 τῇ
758 1595 871 1630 δυνάμει
897 1603 926 1621 τε

142 1645 323 1679 ὑπερέχουσα.
336 1643 414 1670 Οὕτω
427 1645 476 1678 μὲν
490 1642 536 1670 οὖν
549 1643 581 1668 ἐκ
596 1643 645 1676 τῆς
660 1641 749 1672 αἰτίας
762 1641 864 1676 ταύτης
879 1641 928 1667 καὶ

141 1690 175 1717 τὰ
191 1691 263 1717 mea
278 1689 324 1716 τὸν
343 1689 414 1724 ἀέρα
429 1689 503 1724 πάθη
515 1689 700 1720 συνίστανται,
715 1687 753 1718 ὡς
772 1686 928 1722 μαρτυροῦε

141 1743 184 1763 σιν
200 1736 267 1771 ἡμῖν
291 1735 321 1762 αι
343 1735 413 1762 κατὰ
425 1735 475 1769 τὴν
494 1728 645 1769 νουμηνίαν
663 1733 795 1764 πολλάκις
809 1733 865 1760 ἀπὺ
879 1741 929 1766 γα-

139 1780 228 1817 λήνης
250 1781 297 1808 καὶ
319 1781 449 1817 νηνεμίας
475 1780 602 1814 αίφνίδιοι
626 1779 745 1815 ταραχαὶ
759 1778 813 1805 τῶν
836 1778 926 1812 νεφῶν

139 1827 332 1862 κλονουμένων
353 1827 402 1854 καὶ
424 1826 637 1861 συμπιπτόντων
652 1823 789 1859 ἀλλήλοις,
813 1823 842 1849 αἱ
860 1823 925 1858 περὶ

136 1873 205 1906 τοὺς
231 1873 360 1908 εὑρίπους
376 1881 406 1899 τε
422 1872 592 1907 παλίῤῥοιαι,
607 1871 654 1898 καὶ
675 1871 691 1905 ἡ
709 1869 772 1905 περὶ
786 1869 832 1896 τὸν
851 1868 927 1902 λεγό-

138 1928 226 1955 μενον
248 1918 375 1945 Ὠκεανὸν
401 1918 547 1953 ἄμπωτις,
572 1917 606 1952 ἢν
629 1917 689 1947 ταῖς
715 1914 851 1950 περιόδοις
877 1915 927 1950 τῆς

136 1966 262 2000 σελήνης
278 1964 452 1999 τεταγμένως
475 1962 613 1998 ἑπομένην
638 1961 748 1996 ἐξεῦρον
764 1961 789 1987 οι
811 1968 926 1995 προσοι-

134 2011 267 2041 κοῦντες.
285 2010 378 2037 Ταῦτα
396 2009 446 2045 μὲν
473 2009 519 2036 οὖν
538 2008 587 2035 καὶ
609 2009 624 2035 ό
646 2008 731 2043 μέγας
747 2006 926 2041 διαλαμϐάνει

133 2055 296 2087 Βασίλειος,
313 2054 453 2086 ἀποδεῖξαι
469 2053 555 2081 θέλων
577 2052 631 2079 τῶν
653 2051 807 2086 φωστήρων
821 2049 926 2076 τούτων

133 2102 164 2128 τὸ
189 2101 318 2136 μέγεθος.

1154 78 1176 85 κ.
1188 78 1204 83 -.

992 126 1089 157 PARS
1110 126 1134 157 ί.
1720 126 1754 156 66

976 182 1122 217 superﬁcie
1135 182 1219 209 maris
1235 188 1252 208 ιι
1274 185 1341 211 tant.
1371 182 1481 210 Creavlt
1506 189 1570 218 ergo
1589 183 1758 210 Deuslumi-

976 229 1052 254 naria
1067 235 1175 263 magna.
1192 226 1226 255 Et
1240 235 1293 262 quo
1307 233 1386 262 pacto
1398 228 1438 256 sol
1452 235 1507 256 non
1523 236 1638 264 magnus
1655 229 1701 262 sit,
1733 229 1756 256 si

975 273 1087 307 quidem
1117 280 1179 299 eum
1210 272 1303 300 multis
1336 279 1409 300 terra
1438 273 1563 307 partibus
1586 281 1646 301 esse
1675 274 1761 309 majo-

977 324 1033 343 rem
1055 316 1180 344 constat?
1208 324 1271 354 nam
1289 317 1394 351 absque
1409 317 1456 344 illo
1484 317 1566 351 foret,
1598 325 1652 345 non
1677 326 1759 353 supra

975 363 1110 397 circulum
1130 363 1266 390 ﬁnitorem
1280 367 1445 398 conspectus
1459 364 1485 390 vi
1500 371 1549 391 sua
1567 367 1665 392 cuncta
1684 371 1760 392 com-

977 409 1156 443 plecteretur.

1011 453 1108 481 Itidem
1123 459 1153 482 ut
1167 455 1250 482 modo
1269 453 1470 488 iudicabamus,
1485 455 1557 482 luna:
1574 463 1684 490 quoque
1699 463 1761 483 cor-

976 508 1028 535 pus
1047 501 1143 535 ingens
1158 507 1199 529 est
1215 509 1246 529 ac
1264 501 1416 535 secundum
1436 502 1522 529 solem
1544 501 1759 529 lucidissimum.

975 546 1042 574 Nam
1058 547 1131 581 quod
1146 547 1192 574 lux
1208 547 1268 582 ejus
1287 555 1341 574 non
1359 555 1473 582 prorsus
1499 547 1648 575 immobilis
1663 552 1714 578 est.
1732 547 1759 574 id

975 600 1041 620 vero
1055 591 1090 620 ad
1102 593 1264 627 sapientiam
1277 593 1350 620 illam
1366 602 1456 621 rerum
1469 593 1576 628 opiﬁcis
1593 593 1759 621 ineffabilem
1777 609 1780 612 η

975 638 1072 666 referri
1089 638 1182 666 debet.
1199 639 1329 674 Adeoque
1352 639 1444 666 lunam
1469 639 1654 673 inspectantes
1666 639 1701 665 de
1718 645 1762 666 re-

976 692 1038 713 rum
1049 689 1203 712 nostrarum
1217 688 1288 712 statu
1303 690 1332 713 et
1346 685 1504 712 conditione
1520 692 1571 712 nos
1581 684 1686 712 erudiri
1702 685 1758 711 sci-

975 736 1063 762 amus,
1077 734 1107 756 ut
1121 729 1186 757 hinc
1199 730 1297 757 moniti
1312 730 1346 757 de
1362 730 1448 757 celeri
1462 737 1555 757 rerum
1574 730 1763 757 humanarum

975 775 1122 802 eversione
1138 775 1300 810 cogitemus.
1317 776 1479 810 Quanquam
1496 781 1627 811 praeterea
1641 784 1695 803 non
1713 784 1761 811 pa-

975 828 1036 847 rum
1049 821 1179 855 prodesse
1191 822 1370 849 mutationem
1382 822 1458 849 illam
1471 820 1542 849 lanae
1554 826 1607 850 tam
1622 823 1692 857 ipsis
1699 823 1761 850 ani-

975 865 1115 892 mantibus
1131 873 1212 900 quam
1226 867 1334 893 caeteris
1350 874 1365 894 e
1387 871 1460 894 terra
1485 867 1662 895 nascentibus
1678 868 1759 897 rebus

977 911 1104 945 equidem
1120 911 1251 939 arbitror.
1265 911 1331 939 Nam
1347 912 1428 940 aliter
1451 913 1557 942 adlecta
1571 917 1635 940 sunt
1645 922 1760 949 corpora

978 956 1040 983 luna
1060 955 1201 993 deminuta
1219 964 1301 992 quam
1329 965 1390 985 esse
1418 959 1525 987 soleant
1550 959 1647 987 eadem
1678 967 1760 995 auge-

976 1004 1082 1027 scente.
1099 1000 1204 1035 Quippe
1225 1009 1287 1028 cum
1313 1002 1406 1029 deﬁcit
1428 1010 1460 1031 ac
1485 1003 1670 1036 imminuitur,
1698 1004 1759 1031 laxa

976 1050 1137 1080 suntatque
1153 1054 1238 1074 vacua
1257 1056 1263 1074 :
1283 1055 1345 1075 cum
1360 1048 1483 1083 augescit
1505 1054 1532 1076 et
1555 1050 1588 1076 ad
1613 1049 1762 1085 plenitudi-

976 1098 1039 1118 nem
1055 1099 1130 1118 suam
1147 1096 1286 1127 properat,
1309 1100 1424 1128 corpora
1447 1101 1557 1129 quoque
1582 1102 1693 1122 rursum
1716 1103 1760 1123 re—

975 1137 1046 1172 pleri
1060 1137 1205 1171 videmus;
1234 1139 1318 1173 idque
1334 1145 1483 1175 propterea
1509 1139 1583 1176 quod
1612 1141 1757 1169 bumOrem

975 1183 1122 1218 quemdam
1134 1191 1197 1210 cum
1212 1185 1303 1212 calore
1318 1189 1502 1220 temperatum
1513 1191 1541 1214 et
1555 1187 1589 1214 ad
1604 1187 1659 1214 ima
1671 1195 1758 1223 usque

975 1225 1158 1264 pertinentem
1192 1231 1272 1265 quasi
1312 1231 1394 1259 tacite
1421 1233 1586 1268 corporibus
1618 1234 1758 1262 immittat.

975 1275 1164 1304 Animadverti
1178 1276 1231 1303 hoc
1253 1276 1286 1304 de
1303 1277 1337 1304 iis
1352 1285 1461 1312 quoque
1477 1283 1576 1311 potest.
1598 1280 1646 1314 qui
1669 1281 1701 1307 ad
1716 1280 1759 1307 lu—

977 1327 1040 1348 nam
1055 1320 1225 1348 dormientes
1239 1321 1378 1356 superﬂuo
1405 1323 1520 1351 humore
1534 1324 1632 1359 capitis
1653 1327 1762 1360 capaci-

976 1373 1060 1395 tatem
1073 1375 1181 1395 omnem
1199 1368 1299 1403 repleri
1316 1369 1450 1397 sentiunt.
1467 1369 1566 1397 Itidem
1592 1379 1689 1400 carnes
1715 1382 1760 1400 re-

976 1421 1043 1441 cens
1057 1417 1240 1440 mactator-um
1253 1413 1416 1442 animalium
1433 1414 1464 1441 ad
1480 1415 1571 1443 lunam
1591 1418 1722 1452 exposita!
1732 1424 1761 1445 et

977 1457 1012 1484 ab
1026 1455 1087 1492 ejus
1100 1457 1185 1485 radiis
1200 1461 1308 1485 attacta:
1320 1458 1375 1485 cito
1388 1463 1531 1486 mutantur
1540 1467 1572 1488 ac
1587 1466 1760 1494 putrescunt.

976 1502 1015 1531 Ea
1031 1503 1065 1531 de
1079 1510 1162 1530 causa
1177 1503 1269 1530 lunam
1282 1503 1308 1530 in
1323 1511 1417 1536 curru,
1435 1504 1543 1532 duobus
1562 1506 1647 1532 tauris
1661 1506 1761 1542 adjun-

977 1548 1038 1580 ctis,
1055 1548 1202 1579 collocant.
1228 1553 1360 1583 tanquam
1383 1549 1517 1577 mundum
1538 1550 1613 1578 hunc
1638 1552 1764 1579 ambien<

977 1597 1044 1626 tem,
1060 1599 1192 1626 arantem,
1210 1598 1361 1621 sementem
1379 1595 1407 1621 iu
1423 1602 1457 1623 eo
1477 1595 1634 1629 facientem,
1664 1597 1763 1625 bume-

978 1643 1096 1666 ctantetn
1112 1643 1194 1674 atque
1212 1639 1428 1668 calefacientem.
1447 1641 1510 1669 Haec
1525 1643 1617 1670 omnia
1634 1651 1700 1671 vero
1714 1652 1763 1680 per

978 1684 1196 1711 immutationem
1219 1683 1294 1712 illam
1318 1687 1444 1721 corporis
1470 1688 1511 1715 sui
1549 1689 1684 1723 perlicere
1715 1698 1763 1718 ne-

977 1737 1113 1765 quaquam
1128 1734 1233 1764 posset,
1253 1731 1344 1758 sinon
1370 1732 1478 1760 eximia:
1494 1734 1638 1769 cujusdam
1655 1737 1762 1770 magni-

981 1776 1091 1804 tudinis
1108 1775 1241 1812 singulari
1256 1784 1320 1804 cum
1337 1777 1364 1805 vi
1375 1782 1404 1805 et
1420 1777 1580 1807 ellicacitale
1596 1782 1760 1816 conjunctae.

978 1820 1209 1856 quemadmodum
1226 1827 1252 1850 et
1265 1818 1376 1850 Litterae
1404 1831 1489 1851 sacra:
1505 1829 1650 1861 testantur,
1676 1833 1761 1855 esset.

978 1866 1069 1902 Atque
1084 1867 1134 1895 bac
1149 1875 1216 1895 sane
1232 1867 1267 1896 de
1282 1876 1363 1896 causa
1379 1869 1507 1898 videmus
1525 1876 1552 1898 et
1568 1873 1641 1899 aeris
1655 1873 1762 1901 allecti-

977 1920 1045 1949 onqs
1071 1918 1160 1940 certas
1194 1914 1340 1946 exsistere.
1368 1916 1598 1949 quemadmodum
1622 1918 1762 1946 declarant

976 1962 1079 1985 exorta:
1092 1965 1284 1993 saepenumero
1299 1960 1433 1988 novilunii
1454 1966 1579 1996 tempore
1605 1965 1639 1992 de
1653 1972 1762 1991 summa

976 2004 1188 2038 tranquillitate,
1207 2008 1352 2033 ventorum
1367 2007 1490 2034 omnium
1506 2015 1629 2043 experte,
1651 2016 1760 2044 pertur-

975 2049 1100 2077 bationes
1111 2051 1183 2078 aeris
1199 2052 1361 2086 repentinae,
1381 2054 1503 2081 nubibus
1515 2055 1586 2082 inter
1611 2063 1640 2082 sc
1657 2055 1759 2083 collisis

975 2096 1108 2131 quasique
1120 2097 1343 2132 conﬂigentibus,
1358 2099 1497 2126 declarant
1527 2105 1554 2127 ct
1567 2101 1654 2128 [luxus
1669 2110 1700 2129 ac
1716 2111 1760 2129 re.

130 2149 231 2176 ﬂuxus
247 2154 379 2182 aquarum
397 2146 425 2174 in
439 2144 553 2180 euripis,
578 2144 679 2178 illaque
703 2143 760 2178 ipsa
775 2149 837 2177 quae
869 2141 899 2168 Iit
931 2142 959 2168 in
975 2141 1084 2169 Oceano
1103 2143 1194 2177 (quem
1213 2144 1322 2179 vocant)
1352 2146 1436 2172 maris
1460 2146 1651 2180 reciprocatio,
1678 2156 1760 2183 quam

128 2195 255 2230 quidem
285 2194 411 2221 homines
437 2191 579 2229 littoribus
607 2190 720 2218 marinis
746 2189 856 2217 ﬁnitimi
882 2196 930 2224 per
947 2194 1033 2217 statas
1050 2191 1126 2218 vices
1142 2190 1214 2218 luna:
1228 2191 1363 2220 circuitus
1393 2193 1446 2228 23
1477 2195 1554 2228 sc‘qui
1571 2195 1763 2230 deprchende—

130 2246 216 2269 runt.
245 2240 384 2268 Hactenus
411 2247 472 2275 quze
499 2239 537 2267 de
558 2237 602 2266 his
634 2245 749 2273 magnus
766 2237 812 2264 ille
844 2235 960 2265 Basilius
980 2237 1138 2272 complexus
1161 2242 1213 2271 est,
1234 2238 1300 2266 dum
1328 2239 1427 2268 horum
1452 2241 1629 2270 luminarium
1658 2244 1764 2278 magni-

129 2290 269 2318 tudinem
286 2288 473 2315 demonstrare
488 2286 594 2314 nititur.

172 2338 215 2364 Σὺ
231 2335 272 2368 δὲ,
291 2334 428 2370 ἀγαπητὲ,
455 2334 524 2370 πρὺς
546 2335 602 2365 τοῖς
622 2334 777 2369 εἰρημένοις
796 2333 875 2360 τοῦτο
889 2332 924 2367 γί-

1017 2331 1105 2359 Debes
1120 2336 1223 2363 autem,
1239 2332 1338 2360 dilecte
1363 2333 1412 2366 lili,
1438 2339 1538 2369 praeter
1561 2337 1616 2372 jam
1644 2338 1763 2368 indicata

125 2391 231 2410 νωσκε
244 2383 287 2408 ὅτι
298 2381 399 2412 πάντες
415 2380 463 2416 μὲν
481 2381 507 2407 οι
523 2380 613 2407 λοιποὶ
628 2381 743 2415 ἀστέρες
761 2380 825 2406 ἴδιον
838 2379 930 2414 έχουσι

122 2430 210 2464 φῶς,
229 2428 321 2454 ἐκεῖνο
340 2426 441 2462 δηλαδὴ
467 2427 498 2452 τὸ
521 2425 638 2461 πρώτως
659 2425 861 2461 καταμερισθὲν
882 2424 930 2451 καὶ

121 2476 218 2502 δοθὲν
232 2474 338 2506 αὐτοῖς,
356 2473 424 2507 μόνη
441 2472 469 2498 δὲ
494 2472 511 2507 ἡ
533 2471 634 2506 σελήνη
660 2471 717 2505 φῶς
742 2471 772 2497 οὐ
797 2470 928 2505 κέκτηται

122 2522 219 2548 ῑῖιιον.
246 2520 278 2546 El
296 2519 349 2554 γὰρ
365 2519 413 2545 καὶ
432 2517 542 2552 λέγουσι
556 2524 638 2548 ’τινες
652 2517 771 2552 ἀμυδρὸν
794 2518 841 2543 καὶ
863 2516 929 2542 ταὺ-

118 2575 186 2601 την
204 2563 360 2598 κεκτῆσθαι
381 2562 450 2597 φῶς,
475 2560 531 2588 ἀλλ’
554 2561 582 2587 αι
605 2559 801 2595 αὑξομειώσεις
821 2560 929 2590 πάντως

117 2612 240 2645 αὐτῆς,
263 2610 292 2635 ὲν
307 2606 350 2640 αἷς
363 2607 506 2643 μηνοειδὴς
528 2608 624 2642 ὁρᾶται
640 2608 687 2633 καὶ
709 2606 865 2640 πλησιφαὴς
881 2606 929 2631 καὶ

117 2648 332 2691 ἀμφίκυρτος,
350 2655 380 2686 ἐξ
397 2654 472 2689 ἡλίου
489 2653 575 2688 ταύτῃ
590 2653 866 2687 προσγίνονται”κατὰ
883 2652 933 2687 τὴν

115 2705 225 2729 ποιὰν
253 2701 344 2727 αὐτῶν
372 2700 531 2734 συμπλοκὴν
557 2700 605 2725 καὶ
626 2699 779 2725 διάστασιν.
807 2699 933 2724 Μάνθλνε

113 2750 178 2776 οἴη
199 2750 249 2776 ὅτι
267 2747 325 2781 φῶς
339 2746 477 2779 ἀλλότριον
492 2746 508 2780 ἡ
525 2746 624 2779 σελήνη
641 2744 773 2776 ἐνδύεται,
786 2745 832 2770 καὶ
846 2745 887 2770 ὃτι
904 2745 934 2769 re

113 2797 229 2831 μέρος
255 2794 347 2819 ἐκεῖνο
370 2791 435 2826 παρ’
457 2791 532 2826 ἡλίου
559 2790 705 2824 φωτίζεται
728 2790 741 2816 ὃ
771 2790 836 2824 πρὸς
853 2790 934 2816 αὐτὴν

112 2842 270 2872 νένευκε,
288 2837 411 2873 δηλονότι.
425 2836 471 2863 τὸν
486 2837 574 2871 ἥλιον.
600 2837 653 2862 Καὶ
677 2835 755 2870 δῆλον
771 2835 801 2861 ἐκ
816 2835 862 2870 τῆς
881 2837 930 2870 ἑμ-

318 2884 453 2912 ΡΑτιιοι.
469 2883 526 2912 Gn.
546 2881 678 2913 (ILl’lll.

980 2377 1046 2404 illud
1062 2377 1144 2404 etiam
1155 2377 1386 2411 animadvertere,
1397 2383 1495 2406 caetera
1508 2381 1618 2415 quidem
1634 2383 1762 2411 universa

979 2423 1070 2450 sidera
1088 2431 1169 2450 suum
1184 2431 1215 2450 ac
1232 2423 1372 2458 peculiare
1385 2425 1522 2459 quoddam
1538 2427 1640 2456 habere
1659 2428 1763 2461 lumen.

979 2469 1013 2495 ab
1029 2469 1108 2495 initio
1125 2469 1229 2505 scilicet
1243 2469 1284 2497 eis
1295 2470 1475 2497 distributum
1493 2476 1575 2506 atque
1589 2473 1682 2501 datum
1696 2495 1703 2508 ,
1722 2475 1766 2502 lu~

979 2521 1040 2540 nam
1057 2521 1125 2540 vero
1143 2513 1246 2541 lumine
1257 2515 1368 2549 proprio
1379 2515 1500 2542 destitui.
1515 2517 1676 2552 Quanquam
1688 2520 1761 2546 enim

984 2559 1108 2586 nonnulli
1125 2559 1235 2586 tradant
1251 2560 1337 2594 ipsam
1361 2568 1471 2595 quoque
1492 2562 1584 2590 lumen
1614 2563 1762 2591 obscurant

985 2605 1098 2635 habere.
1119 2609 1208 2632 tamen
1225 2606 1450 2633 exsistimandum
1482 2613 1525 2635 est
1555 2609 1667 2636 omnino
1697 2609 1767 2637 lucis

983 2651 1163 2683 incrementa.
1178 2652 1278 2687 quibus
1294 2653 1324 2679 lit
1345 2658 1374 2680 ut
1392 2654 1435 2681 vel
1452 2657 1477 2681 in
1493 2662 1596 2681 cornua
1610 2655 1707 2682 falcata
1723 2657 1765 2683 vel

984 2698 1065 2732 pleno
1080 2698 1258 2732 resplendens
1272 2699 1375 2726 lumine
1388 2700 1430 2727 vel
1446 2699 1588 2726 dimidiata
1604 2699 1689 2734 major
1701 2707 1768 2728 con-

984 2744 1128 2778 spiciatur,
1145 2744 1172 2770 in
1187 2752 1217 2771 ca
1242 2752 1291 2779 per
1320 2745 1405 2771 solem
1419 2745 1501 2776 cﬂlci,
1528 2749 1608 2779 prout
1624 2746 1710 2776 ,inter
1737 2754 1767 2774 se

984 2791 1199 2825 congrediuntur
1214 2796 1262 2817 aut
1276 2791 1483 2826 disjunguntur.
1508 2791 1613 2818 Lunam
1631 2791 1714 2827 igitur
1724 2793 1769 2820 lu-

984 2843 1042 2862 cem
1057 2836 1174 2863 alienam
1196 2838 1270 2864 velut
1285 2837 1398 2864 induere
1413 2837 1495 2869 scias,
1520 2845 1635 2872 eamque
1660 2844 1767 2873 partem

1548 2886 1567 2915 3
