1944 3072
141 182 169 214 ’13

760 181 964 212 ANNALIUM
986 182 1081 212 PARS
1103 183 1125 212 l.

1710 183 1746 214 τι

142 239 220 272 τοῦτο,
235 241 285 268 οὐκ
300 240 374 267 ἔστιν
386 249 392 256 ·
409 241 583 274 αὖτεξούσιος
598 241 651 277 γὰρ
666 240 703 267 ὢν
718 241 732 267 ὀ
748 240 808 267 κατ’
819 240 912 267 εἰκόνα

972 239 1094 267 uinatnr.
1133 239 1192 267 Non
1218 246 1261 268 est
1280 245 1370 268 autem
1401 241 1452 268 hoc
1488 248 1593 272 verum,
1616 242 1676 266 ‘non
1695 245 1749 267 est.

143 286 197 313 Θεοῦ
213 286 395 321 γεγενημένος
413 286 555 322 ἄνθρωπος
572 287 726 322 εἱμαρμένῃ
745 287 792 314 καὶ
810 287 910 322 ἄστρα-

144 340 177 359 σιν
188 332 232 367 οὐχ
247 332 400 359 ὑπόκειται.
417 332 448 359 Ei
461 332 516 368 γὰρ
530 333 608 359 τοῦτο
622 331 672 368 ἦν,
689 333 739 360 οὐκ
753 333 786 360 ἃν
802 335 858 365 τοῖς
874 332 911 368 μὴ

145 377 200 404 κατὰ
218 377 331 412 γνώμην
347 378 535 413 ἁμαρτάνουσι
557 378 612 414 πῦρ
631 380 645 405 ὁ
663 378 729 410 Θεὸς
749 378 797 405 καὶ
817 379 912 410 σκότος

144 423 284 458 ἠπείλησεν.
297 423 358 449 Ὂτι
375 423 403 450 δὲ
422 423 580 458 βλασφημία
596 423 668 450 ἐστὶν
685 424 726 453 είς
743 423 808 450 Θεὸν
822 423 852 449 τὺ
868 432 912 450 νο-

144 468 218 502 μίζειν
231 468 261 500 ἐξ
275 469 398 503 ἀστέρων
413 469 537 503 γίνεσθαι
550 469 611 501 τοὺς
627 469 677 504 μὲν
692 469 747 496 τῶν
761 469 912 504 ἀνθρώπων

143 515 239 548 φονέας,
253 515 315 546 τοὺς
329 515 358 542 δὲ
373 515 454 542 πάλιν
467 515 606 551 ἅρπαγας,
617 516 631 542 ὸ
647 516 794 550 κορυφαῖος
809 515 912 551 Πέτρος

141 560 262 596 ἀριδηλως
281 561 359 587 τοῦτο
377 561 477 594 διδάξει
498 571 527 588 σε
547 563 616 597 πρὸς
634 562 765 590 Φαῦστον,
785 563 838 589 Καὶ
859 562 913 597 γὰρ

142 608 195 640 περὶ
210 607 341 640 γενέσεως
357 607 546 642 διαλεγόμινος
563 608 610 635 καὶ
626 609 689 636 τάδε
706 609 774 644 πρὸς
792 609 847 640 τοῖς
864 608 913 636 ἀλ-

141 651 187 682 λοις
202 652 293 686 ἔλεγεν
305 661 312 668 ·
333 662 342 679 ι
363 652 434 686 Ἐγὼ
451 654 500 688 μὲν
515 654 695 689 ἀστρολογίας
712 653 843 689 ἔμπειρος
862 653 913 681 οὐκ

141 697 204 730 εἰμὶ,
219 697 289 724 ὥστε
304 698 353 733 τὴν
371 698 477 732 γένεσιν
492 699 540 726 ἀπ’
552 699 638 736 αὐτῆς
654 700 704 733 τῆς
721 699 792 726 κατὰ
806 699 913 735 γένεσιν

140 742 282 778 ἐπιστήμης
302 743 511 776 ἀνασκευάζειν.
525 745 615 780 ’Δλλῳ
636 745 664 772 δὲ
683 745 776 781 τρόπῳ
796 746 913 782 δύναμαι

140 787 316 815 ἀποδεικνύειν
329 789 370 816 ὄτι
386 789 456 817 κατά
474 790 602 827 πρόνοιαν
616 790 759 819 διοικεῖται
774 792 807 820 τὰ
824 792 914 827 πράγ-

140 841 224 867 ματα·
239 834 353 867 ἕκαστος
373 835 427 870 γὰρ
446 836 514 870 πρὸς
532 835 550 863 ἃ
570 837 686 871 πράττει
701 837 785 872 τιμῆς
804 838 851 864 καὶ
870 846 914 863 κο-

139 879 232 912 λάσεως
254 880 391 915 τεύξεται.
418 890 428 908 ι
450 880 666 917 ’Δμαρτάνουσιν
688 880 735 910 οὖν
757 884 781 910 οι
806 883 913 918 γένεσιν

962 285 1068 320 Quippe
1078 285 1111 312 ad
1127 285 1271 321 imaginem
1289 286 1334 313 Dei
1349 286 1476 313 conditus
1494 285 1587 316 homo,
1615 293 1676 311 eum
1693 286 1750 312 sui-

962 336 1018 358 met
1037 331 1122 366 ipsius
1137 331 1174 358 sit
1189 338 1311 366 compos.
1328 339 1378 358 nec
1390 331 1444 358 fato
1460 339 1509 358 nec
1525 330 1664 358 sideribus
1689 338 1751 357 esse

961 376 1102 411 subjectus
1116 380 1223 411 potest;
1236 376 1309 412 quod
1324 377 1346 403 si
1361 376 1450 404 locum
1468 377 1590 408 haberet,
1607 384 1660 402 non
1678 376 1750 403 Deus

961 427 1060 457 przcter
1074 422 1158 449 animi
1169 422 1334 449 sententiam
1359 422 1534 456 peccantibus
1563 421 1653 456 ignem
1669 421 1751 455 atque

962 467 1090 494 tenebras
1103 467 1224 494 minatus
1237 467 1345 495 fuisset.
1371 467 1404 494 Et
1416 467 1475 494 ﬁeri
1502 475 1567 494 sane
1596 467 1750 493 convicium

963 511 1104 544 Deoycum
1119 513 1182 548 quis
1197 513 1337 540 existimat
1362 521 1411 548 per
1426 513 1517 540 sidera
1535 513 1668 547 quosdam
1700 513 1751 539 ho—

962 557 1077 590 micidas
1089 557 1172 590 eftiei,
1190 557 1322 593 quosdam
1338 563 1474 593 raptores,
1492 565 1623 591 summus
1643 558 1687 584 illc
1704 558 1754 584 l'e-

963 608 1023 631 trus
1035 603 1069 630 ad
1084 604 1214 631 Faustum
1231 604 1356 632 scribens
1371 609 1397 632 te
1411 604 1532 632 docebit.
1549 603 1616 631 Nam
1628 604 1661 630 de
1678 609 1754 630 Itata~

964 648 1025 676 litlo
1042 649 1134 676 sidere
1146 649 1287 677 disserens
1306 649 1363 677 haec
1375 650 1446 677 inter
1460 649 1512 676 alia
1528 649 1647 684 profert:
1660 649 1754 683 «Equi-

962 693 1024 721 dem
1043 694 1198 729 astrologia:
1212 702 1266 722 non
1286 703 1345 722 sum
1361 695 1477 730 peritus,
1493 700 1522 722 ut
1535 695 1704 722 nativitatem
1720 703 1754 722 ex

962 739 1021 774 ipsa
1038 739 1072 767 de
1084 740 1210 767 natalitio
1226 741 1318 768 sidere
1342 740 1458 769 scientia
1483 741 1610 768 refellere
1626 740 1726 775 possim
1745 748 1751 765 :

963 791 1059 812 verum
1075 785 1127 820 27
1139 785 1194 812 alio
1206 786 1324 820 quodam
1340 786 1421 813 modo
1433 794 1544 821 possum
1563 786 1754 813 demonstrare

963 838 1008 858 res
1028 831 1161 858 humanas
1174 840 1189 858 a
1201 831 1379 859 Providentia
1399 831 1559 867 gubernari.
1591 832 1658 859 Nam
1676 831 1755 866 quis-

962 883 1017 911 que
1034 884 1082 910 pro
1103 884 1198 904 eorum
1222 885 1283 912 qua:
1297 877 1354 912 agit
1367 878 1472 904 ratione
1490 878 1532 904 vel
1551 877 1685 904 honorem
1713 878 1754 904 vel

139 924 297 959 εἰσάγοντες,
323 926 405 953 αὐτὴν
423 925 458 952 τὰ
472 926 559 953 πάντα
582 927 824 963 δημιουργήσαντα
847 928 913 955 Θεὸν

972 929 1073 963 apznam
1089 929 1286 958 consequetur.
1303 922 1488 956 Quamobrem
1503 929 1597 950 errant
1618 923 1664 958 qui
1680 927 1758 950 nata-

140 971 366 1006 βλασφημοῦντες.
386 972 449 999 Ἐπὶ
465 973 571 1004 τούτοις
591 973 645 1008 γὰρ
662 973 708 1000 τοῦ
729 974 856 1010 γέροντος
877 975 914 1002 ει-

138 1017 226 1049 Δπόντος
243 1018 284 1045 ὅτι
302 1018 474 1054 βλασφημεῖν
492 1021 549 1047 ἐστι
565 1020 596 1046 τὸ
614 1020 704 1054 λέγειν
719 1021 760 1048 ὅτι
777 1022 811 1048 τὰ
828 1023 915 1049 πάντα

138 1063 236 1097 γενέσει
258 1064 416 1098 ὑπόκειται,
437 1066 486 1092 καὶ
508 1066 579 1093 πάνυ
599 1067 613 1093 ὁ
633 1067 736 1102 Πέτρος
758 1067 862 1101 ἔλεγεν.
885 1068 916 1095 Ei

138 1109 187 1142 γὰρ
203 1110 290 1137 πᾶσαι
306 1111 335 1137 αι
351 1110 406 1137 τῶν
422 1111 574 1147 ἀνθρώπων
591 1112 727 1148 ἁμαρτίαι
745 1113 775 1146 ἐξ
792 1114 917 1149 ἀστέρων

137 1151 250 1186 γίνονται
261 1173 269 1186 ,
286 1154 310 1180 οἱ
325 1153 354 1180 δὲ
370 1156 485 1189 ἀστέρες
500 1155 551 1185 ὑπὸ
564 1156 632 1183 Θεοῦ
649 1156 736 1185 ταῦτα
752 1159 839 1185 ποιεῖν
854 1159 918 1186 ἑτά-

137 1197 234 1232 χῢησαν
246 1217 254 1230 ,
266 1197 316 1225 ’ἴνα
336 1199 446 1225 πάντων
461 1199 588 1234 χαλεπῶν
604 1200 852 1236 ἀποτελεσματικοὶ
870 1202 917 1236 γέ-

138 1251 248 1276 νωνται,
264 1244 392 1272 ἁπάντων
405 1245 497 1272 λοιπὸν
512 1247 540 1273 αι
555 1246 688 1282 ἁμαρτίαι
703 1247 742 1278 εἰς
756 1247 838 1274 αὑτὸν
851 1239 917 1274 ἀνα-

138 1290 260 1324 φίμινται
276 1291 321 1318 τὸν
336 1291 385 1328 τὴν
402 1293 507 1327 γένεσιν
525 1293 631 1320 ἐνδόντα
648 1295 704 1326 τοῖς
721 1294 848 1330 ἀστρπισι.
865 1295 920 1322 Καὶ

137 1345 169 1363 τι
184 1337 232 1372 μὲν
246 1338 293 1364 τοῦ
310 1338 459 1374 κορυφαίου
474 1340 588 1367 τοιαῦτα
600 1348 607 1356 ⁶
623 1340 675 1375 δρα
689 1339 718 1367 δὲ
733 1340 781 1367 καί
794 1340 821 1366 τί
837 1349 920 1375 φησιν

136 1381 149 1406 ό
167 1382 249 1415 μέγας
268 1382 403 1414 Βασίλειος
420 1385 448 1410 ὲν
463 1384 500 1418 τῷ
515 1385 579 1420 περὶ
595 1385 747 1420 φωστήρων
761 1385 834 1420 ἕκτῳ
849 1386 921 1422 λόγῳ

137 1426 229 1454 αὐτοῦ.
245 1427 300 1462 Τὴν
316 1428 370 1463 γὰρ
384 1429 582 1464 ἀστρολογικὴν
594 1429 693 1465 τέχνην
707 1431 753 1457 ἐπὶ
770 1431 852 1465 μέσου
869 1440 920 1458 πα-

137 1472 245 1506 ράγων,
264 1473 310 1500 καὶ
327 1473 400 1506 ὅπως
420 1474 482 1509 ἔχει
495 1474 606 1509 μεθόδου
627 1475 833 1508 κατεξετάζων,
850 1477 921 1503 οὕτω

136 1518 206 1544 κατὰ
218 1519 293 1553 ῥῆμα
304 1519 432 1552 διέξεισιν
441 1528 449 1536 '
465 1528 474 1545 ι
494 1520 582 1556 Ἐνδὴ
595 1521 701 1554 τούτοις
713 1523 770 1554 τοῖς
782 1521 920 1556 λογισμοῖς

966 958 1056 994 litium
1073 968 1151 996 sidus
1180 969 1370 1002 introducunt,
1392 970 1480 1004 ipsum
1509 969 1634 1004 opificem
1664 977 1756 996 rerum

965 1014 1089 1040 omnium
1121 1012 1206 1041 Deum
1241 1015 1366 1042 convicio
1391 1015 1510 1050 quodam
1545 1014 1723 1042 incessentes.
1744 1024 1753 1040 ι

967 1058 1072 1091 Quibus
1089 1059 1117 1085 in
1132 1059 1225 1086 verbis
1243 1060 1316 1094 quod
1330 1060 1374 1087 hic
1388 1067 1471 1087 senex
1493 1061 1542 1093 ait,
1559 1060 1714 1088 convicium
1729 1061 1757 1087 iu

970 1104 1054 1131 Deum
1072 1111 1131 1132 esse
1146 1105 1238 1133 dicere
1252 1098 1491 1144 cunctaiiatalitjo
1515 1106 1599 1133 sideri
1614 1113 1675 1133 esse
1689 1107 1758 1133 sub-

968 1149 1052 1185 iecta,
1079 1158 1212 1185 perquam
1244 1151 1354 1186 egregie
1382 1151 1496 1179 dicitur.
1530 1152 1597 1179 Nam
1626 1153 1648 1179 si
1665 1152 1758 1180 omnia

970 1196 1125 1223 mortalium
1142 1202 1254 1231 peccata
1270 1198 1303 1225 ab
1327 1198 1408 1226 astris
1431 1199 1572 1230 oriuntur,
1599 1203 1674 1226 astra
1690 1206 1758 1226 vero

970 1240 1102 1270 divinitus
1121 1242 1248 1270 ordinata
1268 1248 1333 1270 sunt
1349 1247 1379 1270 ut
1392 1244 1426 1270 ‘ea
1442 1243 1562 1270 efficiant
1587 1248 1615 1270 et
1633 1243 1758 1270 omnium

970 1287 1104 1315 malorum
1119 1287 1153 1315 ab
1169 1287 1235 1322 ipsis
1263 1288 1340 1323 origo
1361 1288 1565 1323 proficiscatur,
1593 1294 1678 1317 restat
1702 1297 1761 1317 om—

970 1334 1046 1361 nium
1060 1340 1170 1370 peccata
1185 1335 1219 1363 ad
1236 1336 1322 1363 Deum
1343 1335 1439 1363 referri
1454 1336 1567 1368 debere,
1585 1338 1632 1371 qui
1663 1337 1762 1363 natali-

971 1379 1037 1408 tiam
1050 1381 1124 1408 illam
1139 1381 1193 1408 vim
1210 1381 1349 1409 sideribus
1365 1381 1505 1410 iudiderit.
1523 1383 1683 1418 llujusmodi
1696 1387 1762 1409 sunt

971 1434 1034 1461 quae
1051 1434 1178 1454 summus
1194 1427 1240 1454 ille
1258 1427 1299 1454 vir
1325 1428 1452 1463 protulit.
1482 1428 1585 1456 Praeter
1610 1428 1667 1455 inec
1699 1428 1761 1455 vide

972 1473 1037 1507 quid
1055 1481 1169 1508 magnus
1186 1473 1230 1501 ille
1250 1473 1366 1503 Basilius
1381 1473 1409 1501 in
1432 1476 1557 1502 oratione
1587 1480 1674 1508 sexta,
1700 1483 1762 1510 qua:

972 1522 1015 1544 est
1029 1517 1063 1545 de
1079 1517 1270 1550 luminaribus.
1285 1518 1368 1546 dicat.
1390 1519 1457 1546 Nam
1469 1520 1760 1555 artem‘astrologicam

136 1563 203 1589 πολὺ
226 1564 275 1598 μὲν
293 1564 323 1590 τὸ
345 1565 470 1600 ἀνόητον,
493 1565 691 1593 πολλαπλάσιον
711 1566 739 1592 δὲ
759 1567 789 1593 τδ
812 1567 918 1599 ἀσεΰές.

975 1562 1002 1590 in
1018 1563 1138 1590 medium
1164 1563 1318 1598 proferens,
1346 1568 1373 1591 et
1395 1572 1456 1599 qua:
1468 1565 1504 1592 sit
1530 1566 1589 1599 ejus
1616 1566 1764 1593 methodus

137 1608 215 1640 Τίνος
227 1609 320 1637 ἕνεκεν
329 1609 404 1642 ;Ὂτι
418 1611 443 1636 οἱ
457 1611 598 1638 κακοποιοὶ
611 1611 666 1638 τῶν
678 1611 801 1647 ἀστέρων
810 1613 859 1648 τῆς
870 1614 919 1640 αὒ-

135 1654 190 1680 τῶν
207 1655 341 1689 πονηρῖας
359 1655 405 1681 ἐπὶ
421 1655 467 1682 τὸν
483 1657 634 1691 ποιήσαντα
651 1656 749 1688 αὐτοὺς
767 1658 815 1693 τὴν
833 1657 925 1684 αἰτίαν

137 1701 339 1734 μετατιοέασιν.
353 1702 470 1729 Ἔπειτα
490 1704 513 1729 εἰ
534 1703 580 1729 καὶ
598 1703 652 1730 τῶν
671 1703 737 1737 περὶ
756 1704 856 1731 κακίαν
876 1705 924 1731 καὶ¹

133 1746 236 1781 ἀρετὴν
255 1748 451 1783 ἐνεργημάτων
471 1749 520 1774 οὐκ
543 1749 575 1775 ὲκ
593 1748 640 1776 τοῦ
663 1749 706 1784 ἐφ’
719 1750 784 1784 ἡμῖν
805 1751 874 1776 εἰσιν
895 1751 924 1776 αἱ

134 1793 232 1826 ἀρχιϋ,
240 1792 297 1819 ἀλλ’
308 1794 340 1820 ὲκ
351 1794 400 1829 τῆς
408 1794 541 1827 γενέσεως
553 1795 581 1821 αι
595 1795 724 1829 ἀνάγκαι,
736 1795 860 1830 περιττοὶ
875 1798 924 1831 μὲν

132 1838 159 1864 οι
174 1838 318 1873 νομοθέται
331 1838 365 1865 τὰ
380 1839 506 1874 πρακτέα
521 1841 588 1875 ἡμῖν
599 1841 647 1867 καὶ
660 1841 693 1868 τὰ
709 1841 826 1875 φευκτέα
841 1842 924 1877 ἆορί-

131 1884 241 1917 ζτιντες,
255 1886 377 1922 περιττοὶ
392 1887 421 1913 δι
435 1887 460 1912 οἱ
475 1886 601 1913 δικασταὶ
617 1887 718 1923 ἀρετὴν
729 1888 862 1923 τιμῶντες
877 1888 923 1915 καὶ

131 1931 270 1966 πονηρῗαν
292 1932 449 1964 κολάζοντες
458 1932 469 1949 ’·
488 1932 518 1958 οὐ
543 1932 592 1967 μὲν
611 1933 666 1967 γὰρ
686 1932 734 1959 τοῦ
756 1933 873 1960 κλέπτου
894 1934 925 1960 τὸ

129 1976 271 2010 ἀδίκημα,
286 1976 346 2002 οὐδὲ
361 1977 408 2003 τοῦ
424 1977 537 2012 φονέως,
552 1973 574 2011 ᾦ
588 1985 620 2012 γε
635 1977 695 2004 οὐδὲ
710 1977 866 2013 βουλομένῳ
881 1979 925 2005 δυ-

127 2022 216 2049 νατὸν
233 2020 269 2058 ἦν
284 2024 395 2058 κρατεῖν
410 2023 461 2056 τῆς
480 2024 581 2058 χειρός.
601 2023 671 2050 Ἀλλ’
686 2024 736 2051 οὐκ
755 2023 812 2051 ἔστι
829 2025 925 2056 τοῦτο.

125 2068 183 2094 οὐκ
197 2068 276 2094 ἐστιν
285 2076 293 2084 ·
306 2068 479 2101 αὑτεξούσιος
492 2068 545 2105 γὰρ
558 2070 572 2095 ὁ
584 2069 738 2105 ἄνθρωπος,
750 2070 791 2096 ὅτι
805 2071 852 2097 καὶ
865 2070 926 2097 κατ’
937 2069 943 2074 ’

124 2115 230 2142 ι’κόνα
251 2114 378 2150 παρήχθη
398 2115 485 2147 Θεοῦ,
505 2112 581 2149 ἑφίἷ)
601 2116 708 2150 γενέσει
728 2117 773 2143 καὶ
793 2116 927 2152 ἄστρασιν

123 2162 181 2197 οὐχ
195 2161 357 2190 ὑπόκειται.
372 2170 381 2187 ι
395 2161 457 2193 Τοῖς
472 2162 563 2196 μέντοι
577 2162 793 2198 προσπταίουσιν
804 2159 928 2198 ὁπωσδή-

122 2216 199 2234 ποτε
215 2208 278 2234 καθ’
290 2208 470 2244 εἱμαρμένην,
484 2207 522 2240 ὡς
535 2208 653 2243 εἴρηται,
668 2209 715 2236 καὶ
729 2209 927 2244 συγγινώσκειν

962 1608 1128 1647 explorans,
1141 1610 1173 1636 ad
1189 1609 1304 1637 verbum
1322 1610 1374 1637 hoc
1386 1610 1466 1638 tnodo
1481 1611 1613 1646 loquitur.
1644 1612 1671 1638 lu
1688 1612 1763 1639 hisco

972 1653 1228 1682 ratiocinationibus
1248 1662 1345 1688 magna
1374 1655 1445 1683 inest
1472 1657 1590 1684 stultitia
1617 1662 1645 1684 et
1676 1658 1764 1692 major

972 1700 1054 1728 etiam
1073 1700 1209 1735 impietas.
1222 1701 1429 1733 Quamobrem?
1441 1701 1518 1734 Quod
1534 1704 1654 1730 malefica
1669 1704 1764 1730 noxia-

973 1753 1026 1780 que
1041 1746 1132 1773 sidera
1145 1747 1288 1781 pravitatis
1297 1755 1354 1774 sua:
1366 1755 1475 1774 causata
1488 1748 1515 1775 in
1528 1740 1669 1776 auctorem
1682 1757 1763 1777 suum

974 1791 1150 1820 transferant.
1169 1792 1271 1820 Deinde
1287 1793 1309 1820 si
1327 1798 1380 1820 tam
1393 1793 1491 1820 virtuti
1504 1802 1586 1829 quam
1603 1795 1680 1822 vitiis
1696 1803 1765 1822 cou-

974 1842 1168 1866 sentanearum
1183 1839 1322 1866 actionum
1346 1839 1480 1874 principia
1498 1848 1552 1866 non
1578 1845 1642 1868 sunt
1658 1841 1684 1868 iu
1717 1849 1764 1867 no-

975 1889 1029 1911 stra
1046 1887 1192 1919 potestate,
1209 1885 1255 1911 sed
1273 1892 1287 1911 a
1304 1885 1516 1913 necessitatibus
1535 1885 1656 1912 siderum
1686 1892 1763 1913 nata-

975 1929 1098 1958 litiorum
1110 1931 1240 1966 pendent,
1254 1934 1451 1967 supervacanei
1465 1938 1534 1961 sunt
1544 1934 1634 1969 legum
1649 1935 1763 1965 latores.

975 1976 1022 2011 qui
1037 1977 1142 2012 agenda
1166 1977 1350 2014 fugiendoque
1373 1979 1453 2006 nobis
1478 1979 1623 2006 definiunt.
1646 1980 1758 2007 Nullum

976 2023 1102 2051 estenim
1129 2025 1171 2051 vel
1201 2025 1271 2052 furis
1289 2026 1420 2053 delictum
1437 2026 1480 2053 vel
1504 2026 1662 2057 homicidat,
1680 2027 1708 2053 si
1731 2035 1765 2053 ne

977 2070 1072 2098 volens
1086 2071 1197 2105 quidem
1214 2072 1358 2099 continere
1374 2079 1485 2099 manum
1496 2077 1613 2107 poterat.
1633 2073 1686 2100 Sed
1711 2081 1765 2100 non

976 2116 1086 2144 esthoc
1099 2122 1207 2149 verum,
1238 2125 1292 2144 non
1307 2122 1359 2144 est.
1385 2118 1490 2152 Quippe
1507 2125 1564 2145 suae
1592 2119 1700 2152 spontis
1725 2124 1768 2145 est

978 2163 1070 2195 homo,
1083 2170 1146 2190 cum
1165 2163 1198 2190 ad
1216 2163 1361 2198 imaginem
1378 2163 1425 2190 Dei
1443 2164 1600 2196 sit'factus;
1624 2172 1679 2198 quo
1696 2164 1722 2190 tit
1736 2170 1767 2191 ut

978 2215 1067 2243 neque
1084 2208 1218 2236 nativitati
1244 2213 1326 2236 certae
1344 2216 1434 2244 neque
1467 2209 1605 2236 sideribus
1623 2211 1768 2245 subjectus

120 2253 212 2286 ἄξιον
226 2251 274 2289 ἦν,
291 2254 321 2280 οὺ
338 2254 391 2290 μὴν
404 2255 549 2289 ἐπιφέρειν
565 2254 712 2289 μάστιγας,
727 2256 765 2287 ὡς
778 2256 793 2282 ὁ
807 2257 918 2292 χρυσορ-

980 2254 1025 2281 sit.
1040 2254 1109 2287 Quin
1124 2254 1207 2281 etiam
1219 2262 1332 2289 quoquo
1358 2254 1440 2282 modo
1467 2255 1691 2290 delinquentibus
1712 2259 1768 2282 lato

120 2302 234 2338 ρήμων
249 2301 377 2335 Ἰωάννης
389 2301 479 2336 φησίν.
492 2301 547 2327 Καὶ
559 2301 613 2336 γάρ
624 2302 654 2328 ἐν
664 2298 704 2333 οἷς
717 2301 824 2334 ἐξέθετο
835 2301 925 2336 λόγοις

118 2347 200 2381 περὶ
226 2346 401 2381 ειμαρμὲνης
425 2347 472 2373 καὶ
492 2347 554 2373 τάδε
577 2347 697 2380 διέξεισι.
722 2347 784 2378 Τοῖς
808 2348 858 2383 μὲν
879 2346 926 2375 οὖν

115 2393 248 2428 ἁ.-άγκῃ
275 2392 467 2426 κατεχομένοις
493 2392 693 2425 συγγινώσκειν
718 2393 840 2428 οιδαμεν.
867 2393 926 2420 Κᾶν

114 2439 184 2474 γὰρ
212 2438 271 2464 ὐτιθι
292 2438 418 2473 δαίμονός
438 2444 480 2468 τις
503 2437 696 2473 ἐνοχλούμενος
719 2439 735 2474 ἢ
758 2439 804 2465 τὸν
825 2439 927 2474 χιτῶνα

112 2485 276 2522 διαῤῥήξῃ
287 2484 332 2511 τὸν
344 2485 477 2520 ἡμέτερον
489 2486 505 2522 ἢ
519 2485 626 2520 πληγὰς
639 2485 787 2522 ἐπενέγκῃ,
800 2486 830 2512 οὗ
846 2487 928 2521 μόνον

111 2532 153 2559 οὐ
179 2524 360 2565 κολάζομεν,
378 2530 445 2558 ἀλλά
464 2531 511 2558 καὶ
529 2531 660 2566 ἐλεοῦμεν
678 2532 726 2558 καὶ
744 2531 929 2566 συγγινώσκε-

112 2587 192 2614 μεν.
205 2579 243 2605 Τί
263 2578 380 2613 equote;
394 2577 455 2604 ’Ὁτι
471 2578 521 2613 οὐχ
532 2579 549 2613 ὴ
560 2579 758 2614 προαιρέσεως,
777 2579 834 2605 ἀλλ’
847 2580 863 2614 ἡ
881 2578 927 2606 τοῦ

108 2626 268 2660 δαίμονος
285 2625 331 2659 βία
343 2625 430 2652 ταῦτα
443 2625 601 2660 εἰργάσατο.
614 2625 696 2651 Ὥστε
712 2626 735 2651 εί
751 2625 798 2651 καὶ
811 2625 845 2651 τὰ
861 2625 929 2651 ἄλλα

107 2672 333 2707 ἁμαρτήματα
346 2671 399 2698 ἀπὸ
478 2672 601 2706 ἀνάγκης
616 2671 665 2706 τῆς
682 2671 753 2698 κατά
767 2672 817 2705 τὴν
831 2672 929 2706 εἱμαρ-

106 2719 225 2753 μένην
247 2718 379 2752 ἐγίνοντο,
402 2718 574 2752 συνέγνωμεν
594 2717 626 2744 ἄν
640 2725 647 2733 ·
674 2718 767 2752 ἐπειδὴ
789 2718 868 2752 ἴσμεν
888 2718 930 2744 ὅτι

102 2758 185 2790 οὐχ’
200 2764 288 2789 ἔστιν
308 2763 429 2799 ἀνάγκη,
450 2764 495 2790 διά
513 2763 595 2790 τοῦτο
610 2763 672 2789 οὐδὲ
694 2763 928 2798 συγγινώσκομεν.

102 2810 147 2836 Εἰ
169 2809 243 2844 γὰρ
259 2809 368 2844 ἀνάγκῃ
384 2809 414 2836 τὰ
429 2809 552 2844 ἡμέτερα
565 2809 680 2840 ὶδέδετο,
693 2808 765 2839 τίνος
779 2808 872 2836 ἕνεκεν
886 2809 931 2836 τὸν

100 2855 254 2890 obtith
274 2854 426 2888 κεκλοφότα
449 2854 610 2890 paucitate;
631 2854 675 2881 διά
697 2854 724 2880 τί
743 2854 793 2889 τὴν
815 2856 931 2888 γυναῖκα

103 2900 341 2937 μοιχευθεῖσαν
362 2901 401 2934 είς
424 2901 566 2937 κριτήριον
588 2901 695 2934 ἓλκεις;
717 2901 759 2928 ἵνα
785 2901 810 2928 τί
833 2902 861 2929 δὲ
885 2903 931 2930 καὶ

980 2300 1110 2335 quodam,
1132 2304 1161 2327 ut
1173 2300 1304 2333 diximus,
1322 2308 1432 2335 acquum
1445 2305 1517 2328 esset
1534 2302 1686 2336 ignoscere.
1713 2309 1766 2329 non

979 2345 1110 2374 adhibere
1138 2346 1263 2379 verbera,
1292 2346 1523 2380 quemadmodum
1556 2347 1770 2382 Chrysostmuus

980 2392 1028 2420 ait.
1047 2391 1114 2419 Nam
1131 2392 1158 2419 in
1175 2392 1422 2426 oratiouibusquas
1434 2392 1531 2419 habuit
1544 2393 1578 2420 de
1594 2386 1659 2420 Fato
1674 2393 1770 2428 ltujusl

981 2437 1054 2465 modi
1072 2437 1196 2472 quaedam
1213 2437 1314 2465 tradit:
1336 2438 1370 2465 l's
1387 2438 1433 2472 qui
1450 2438 1611 2466 necessitate
1623 2444 1768 2474 coguntur,

981 2485 1123 2519 ignoscere
1133 2485 1263 2511 solemus.
1290 2484 1399 2511 Etenim
1426 2484 1447 2511 si
1461 2485 1524 2520 quis
1556 2493 1570 2512 τι
1598 2486 1668 2512 malo
1690 2486 1771 2520 genio

980 2533 1095 2558 ‘vexatus
1114 2530 1157 2557 vel
1185 2530 1304 2557 tunicam
1324 2534 1444 2557 uestram
1473 2531 1637 2558 lacerarerit
1661 2531 1702 2558 vel
1722 2539 1772 2558 nos

982 2576 1145 2604 verberibus
1161 2575 1296 2607 allecerit,
1310 2584 1364 2603 non
1380 2576 1461 2603 modo
1478 2584 1532 2604 non
1553 2568 1681 2612 punimus
1695 2585 1770 2608 eum.

983 2623 1030 2651 sed
1046 2623 1127 2650 etiam
1145 2623 1310 2650 ntiseramur
1327 2623 1492 2658 veniamque
1510 2624 1652 2658 largimur.
1668 2624 1772 2656 Quaru-

983 2672 1077 2698 obrem
1095 2671 1183 2697 istuc?
1202 2670 1269 2702 Quia
1289 2677 1342 2696 non
1369 2669 1524 2702 electionis,
1542 2670 1589 2696 sed
1619 2669 1680 2695 mali
1700 2668 1772 2702 genii

985 2717 1025 2743 vis
1039 2724 1071 2744 ea
1085 2716 1248 2752 designavit.
1267 2715 1327 2748 Quo
1340 2714 1368 2742 fit
1383 2721 1410 2742 ut
1427 2715 1449 2742 si
1463 2715 1573 2750 quidem
1589 2715 1640 2740 alia
1660 2722 1772 2748 quoque.

985 2762 1083 2790 delicta
1102 2762 1136 2789 de.
1158 2762 1321 2788 necessitate
1342 2761 1388 2788 fati
1418 2761 1606 2795 provenirent,
1625 2760 1772 2793 ignoscen-

985 2808 1050 2836 dum
1066 2808 1106 2835 eis
1120 2807 1232 2834 omnino
1246 2807 1326 2834 foret.
1357 2807 1424 2833 Nam
1446 2807 1467 2833 si
1483 2806 1634 2833 necessitas
1648 2813 1692 2834 res
1724 2815 1774 2834 no—

985 2859 1055 2881 stras
1070 2853 1234 2881 constrictas
1253 2857 1338 2884 tenet,
1362 2852 1538 2886 quamobrem
1553 2859 1662 2879 servum
1696 2857 1774 2879 tuum

988 2900 1090 2936 aliquid
1123 2899 1286 2927 sull‘uratum
1313 2898 1461 2925 verberas?
1491 2898 1668 2933 qumnobrem
1697 2899 1775 2926 adul-
