1944 3072
143 207 274 242 τηνικαῦτα
297 208 352 242 γὶρ
378 209 430 234 ὑπῦ
453 208 500 234 τοῦ
519 207 626 242 νέφους,
641 207 677 238 ὡς
697 207 822 242 εἴπομεν,
845 216 914 242 συμ-
930 209 952 239 Α

144 254 276 289 πιεζομένη
289 263 319 280 τι
338 255 383 281 καὶ
400 254 544 289 ὠθουμένη
561 254 636 281 κάτη)
654 253 810 288 ῥιπτεῖσθαι
830 253 912 280 πάλιν

143 300 258 335 βιάζεται.
283 299 313 326 '0
328 300 356 326 δὲ
380 300 474 334 ἕτερος
500 299 677 326 ἀποτίκτεται
700 299 834 333 κεραυνδς
859 299 914 325 τῶν

141 346 213 380 νεφῶν
227 346 457 380 συντριὸομένων.
479 346 512 372 Ἦ
528 345 576 379 μὲν
590 345 645 379 γὰρ
661 345 738 380 ῥῆξις
752 345 798 371 τὸν
813 353 915 380 κεραυ-

141 391 177 418 νὸν
195 391 372 425 ὰπεγέννησε,
392 390 440 417 τοῦ
455 391 553 425 νέφους
575 390 620 426 βίᾳ
636 390 820 422 σπασοιίνιιτος⁸
838 398 914 425 τηνιο

140 436 212 464 κιῦτι
231 436 259 462 δὲ
276 435 395 463 θυλάκου
416 436 512 471 ὥσπερ
533 436 726 471 διαρραγέντος
742 437 819 467 ὑετὸς
833 445 915 462 κατε-

139 482 259 516 νήνεκται.
279 482 310 508 ὐ
331 481 360 508 δέ
386 490 417 516 γε
438 482 487 516 τῆς
509 482 615 517 ῥήξεως
638 480 706 518 ἦχος
729 483 779 517 τὴν
797 481 913 518 βροντὴν

138 528 317 562 ἀπεγέννησεν.
339 527 410 554 Ἀλλ’
423 528 482 554 tua!
498 528 549 563 μὲν
561 528 603 555 δεῖ
626 528 735 562 πρῶτον
750 529 868 564 ῥαγῆναι
883 528 915 554 τὸ

137 575 205 606 νέφος
227 573 273 600 καὶ
300 573 372 600 οὕτω
390 574 508 608 φανῆναι
531 574 580 609 τὴν
606 574 750 610 ἀστραπήν
763 581 771 589 ⁶
789 575 867 608 ἡμεῖς
881 574 911 600 δὲ

137 619 175 645 τοῦ
200 619 282 653 πυρὸς
308 618 549 654 ἑπιλαμὸανόμεθα
576 619 721 654 πρότερον,
756 619 860 646 Τούτου
884 619 912 646 δὲ

136 665 209 692 αἴτιον
221 665 237 700 ἡ
251 664 305 691 τῶν
318 664 409 692 ὠτίων
425 666 473 692 καὶ
484 666 537 692 τῶν
549 665 699 700 ὀφθαλμῶν
711 665 892 700 διοργὰνωσις
903 672 911 681 ·

135 713 155 739 οἰ
171 713 216 747 μὲν
231 713 284 748 γὰρ
307 712 445 747 ὀφθαλμοὶ
461 711 540 748 ἡμῶν
559 713 670 748 ἀμέσως
694 711 855 748 ὁμιλοῦντες
872 710 912 746 τῷ

134 758 186 793 ἀέρι
212 757 259 784 τοῦ
285 757 386 793 ὁρατοῦ
402 757 499 784 θᾶττον
523 757 781 792 ἀντιλαμϐάνονται,
805 757 818 783 ὁ
833 757 861 783 δέ
880 764 912 790 γε

133 807 182 838 τοῖς
202 805 293 838 ὠτίοις
319 805 546 842 προ6ε6>.ημένος
568 805 724 841 κοχλοειδὴς
742 805 826 840 πόρος
843 804 911 840 βρα-

133 852 191 884 δέως
202 852 307 886 εἰσάγει
326 853 374 879 τὸν
389 852 484 886 ψόφον.
501 851 649 886 Κοχλοιιδῆ
671 851 700 878 δὲ
722 851 767 878 τὸν
788 850 912 877 τοιοῦτον

754 148 955 180 ANNALIUM
979 149 1076 180 PARS
1095 150 1118 182 1.

1717 163 1754 194 82

966 215 980 234 ι
994 208 1077 240 nube.
1091 209 1326 244 quemadmodum
1349 209 1542 241 indicavimus,
1558 216 1713 245 compressa
1728 218 1756 239 et

967 252 1088 287 impulsa,
1107 254 1238 281 deorsum
1255 261 1369 288 vergere
1400 262 1448 289 per
1467 255 1522 282 vim
1543 255 1662 291 cogitur.
1681 257 1756 284 Alte-

968 306 1028 325 rqu
1047 306 1112 326 vero
1127 299 1231 326 fulmen
1249 299 1372 335 gignitur
1382 301 1488 328 collisis
1500 301 1574 328 inter
1590 309 1619 329 se
1635 302 1757 330 nubibus

965 352 1056 380 eaque
1076 345 1110 372 de
1127 352 1210 373 causa
1224 346 1378 381 perruptis.
1401 346 1468 373 Nam
1482 354 1514 374 ea
1539 349 1684 382 perruptio
1704 349 1757 375 ful-

967 398 1030 418 men
1055 390 1141 419 eiiicit
1166 391 1241 419 nube
1268 399 1319 427 per
1337 392 1392 419 vim
1420 393 1575 420 convulsa:
1593 394 1676 421 simul
1695 400 1756 422 utre

964 436 1043 472 quasi
1069 437 1188 472 quodam
1216 441 1308 472 rupto,
1332 438 1424 473 pluvia
1441 438 1588 466 delabitur.
1617 439 1757 475 Strepitus

965 483 1022 517 ipse
1038 483 1226 518 perruptionis
1242 483 1346 510 tonitru
1366 483 1458 511 eiiicit.
1472 484 1506 511 Et
1524 485 1628 513 nubem
1642 485 1756 520 quidem

964 529 1107 564 perrumpi
1125 536 1238 557 necesse
1256 534 1308 562 est.
1327 533 1357 556 ut
1377 529 1415 557 ita
1439 529 1532 566 fulgur
1548 531 1755 565 conspiciatur:

964 582 1016 602 nos
1033 583 1097 602 vero
1113 574 1194 608 prius‘
1210 576 1300 610 ignem
1320 576 1501 611 percipimus.
1525 576 1592 612 Ejus
1618 577 1657 604 rei
1673 585 1757 605 causa

963 625 1006 648 est
1036 621 1147 648 aurium
1175 625 1205 648 et
1229 621 1373 648 oculorum
1407 626 1557 649 structura.
1584 622 1653 649 Nam
1682 623 1754 650 oculi

964 667 1051 694 nostri
1069 667 1140 694 citra
1163 667 1284 695 medium
1301 667 1388 694 ullum
1404 675 1467 694 cum
1491 675 1555 696 aere
1568 668 1656 703 juncti
1673 669 1758 696 citius

964 720 1021 739 rem
1037 712 1144 740 visiiem
1164 712 1350 747 prehendunt.
1367 714 1402 741 At
1425 718 1532 741 meatus
1548 713 1593 741 ille
1614 719 1758 742 tortuosus

963 758 1137 793 cocltleaaque
1148 758 1312 790 consimilis,
1323 767 1378 794 quo
1393 751 1478 794 septa:
1492 764 1558 787 sunt
1570 767 1663 792 aures,
1679 760 1757 788 tarde

963 811 1062 830 sonum
1083 803 1214 831 admittit.
1231 804 1265 832 Et
1282 804 1374 840 opifex
1402 811 1496 833 noster
1514 805 1587 834 Deus
1612 806 1687 834 hunc
1712 807 1756 841 ip-

963 859 1023 879 sum
1050 851 1137 879 instar
1161 852 1281 880 cochlea:
1308 856 1463 881 tortuosum
1495 853 1620 881 condidit
1645 862 1681 881 ne
1706 862 1756 889 per

133 885 305 925 κατεσκεύασε
320 885 402 933 πόρον
417 885 436 926 όγ
446 885 613 934 δημιουργὸς
626 885 704 933 ἡμῶν
716 897 793 930 Θεὸς,
808 897 852 924 ἵνα
871 897 910 932 μὴ

964 898 1110 925 ᾕιίοιιεοιεε
1124 898 1216 925 subito
1233 898 1292 926 sive
1308 899 1441 934 strepitus
1462 901 1520 927 sive
1545 896 1675 935 frigidum
1691 885 1755 927 aera

133 945 160 971 ἐχ
177 945 228 971 τῶν
251 945 483 980 παραπιπεόντων
507 945 574 980 ἡμῖν
599 945 716 980 ἁθρόων,
739 944 794 970 εἴτε
822 943 909 978 ψόφου

132 990 180 1017 sit;
205 991 283 1026 ἀέρος
306 990 424 1027 ψυχροῦ,
446 991 460 1017 ό
481 990 632 1025 ἐγκέφαλος
659 990 739 1026 ήμῶν
758 989 788 1017 οὐ
804 990 911 1025 μικρῶς

131 1036 360 1071 καταὸλάπτηται.
378 1036 434 1063 Καὶ
456 1036 480 1062 ει
499 1036 548 1070 μὲν
568 1035 623 1063 ἀπὸ
646 1035 797 1070 ξηροτάτου
811 1036 910 1068 νέφους

129 1083 142 1109 ό
169 1082 294 1117 κεραυνὸς
319 1083 438 1117 ἐκραγῇ,
470 1081 609 1116 φοινικοῦς
642 1090 671 1109 τε
699 1081 749 1117 τὴν
772 1081 868 1116 χροιὰν
896 1081 910 1108 ὸ

128 1129 241 1161 τοιοῦτός
263 1126 395 1164 ἔστινκαὶ
416 1129 465 1166 τὴν
481 1129 576 1157 οὐσίαν
601 1128 754 1164 φλογώδης,
786 1128 810 1154 εί
842 1127 871 1154 δὲ
895 1126 940 1162 ἀφ’

128 1176 263 1210 καυσώδης
276 1176 387 1210 ἥκιστα.

160 1224 234 1251 οὕτω
260 1224 311 1258 μὲν
332 1224 414 1258 οὕτω,
437 1224 563 1259 καθάπερ
585 1223 688 1251 ἄνωθεν
714 1223 834 1257 εἴρηται,
862 1221 911 1249 καὶ

127 1269 185 1300 τοὺς
198 1269 316 1303 ἀστέρας
331 1269 393 1300 τοὺς
406 1268 537 1301 ἀπλανεῖς
552 1277 582 1295 τε
599 1268 646 1295 καὶ
658 1267 854 1302 πλανωμένους
869 1267 910 1298 si;

126 1316 222 1350 σημεῖα
243 1314 291 1342 καὶ
306 1315 347 1346 είς
363 1315 478 1349 καιροὺς
500 1315 514 1340 ὸ
534 1314 650 1350 ποιητὴς
670 1313 778 1340 πάντων
795 1314 842 1340 καὶ
857 1313 909 1340 κύ-

124 1370 179 1397 ριος
194 1360 280 1388 ἔθετο.
295 1359 415 1394 Κυρίους
429 1360 457 1386 δὲ
473 1359 528 1386 τῶν
546 1359 588 1394 ἐφ’
608 1359 674 1394 ἡμῖν
691 1359 791 1395 ἀρετῆς
807 1367 837 1386 τε
859 1358 909 1385 καὶ

123 1407 219 1438 κακίας
232 1407 418 1442 παρεκτικοὺς
434 1406 484 1432 οὐκ
506 1406 539 1433 ἄν
554 1397 620 1432 ποτε
636 1405 700 1441 εἴπῃ
718 1414 760 1436 τις
775 1404 907 1442 λογισμοῦ

123 1453 217 1488 κύριος
237 1452 286 1485 ὢν,
299 1453 324 1480 εἰ
341 1461 374 1486 γε
401 1452 449 1480 καὶ
473 1452 576 1487 μᾶλλον
592 1451 694 1486 ἢκουσε
709 1450 757 1478 τοῦ
779 1449 848 1477 Θεοῦ
864 1449 912 1476 διὰ

91 1511 94 1514 -
122 1500 169 1526 τοῦ
194 1501 335 1535 προφήτου
349 1499 476 1533 λέγοντος
489 1507 496 1515 ·
515 1509 524 1525 ι
536 1499 599 1526 Ἐὰν
616 1499 711 1534 θέλητε
723 1500 771 1526 καὶ
784 1496 912 1524 eleuati-

121 1546 186 1582 σητὲ
202 1555 264 1581 μου,
280 1546 315 1572 τὰ
338 1546 430 1580 ἀγαθὰ
451 1547 501 1581 τῆς
523 1547 576 1581 γῆς
603 1545 734 1580 φάγεσθε.
754 1553 763 1570 ι
786 1543 850 1571 Ἐὰν
864 1543 910 1570 θέ-

119 1591 185 1627 λητε
199 1593 254 1627 γὰρ
268 1592 354 1619 εἰπὼν
367 1592 451 1625 ἔδειξε
463 1591 610 1628 προφανῶς
627 1593 664 1623 ὥς
677 1590 821 1625 ἐλεύθερός
838 1598 879 1621 τις
896 1589 910 1615 ό

924 1621 946 1652 c
962 1637 1110 1665 manifesto
1119 1637 1241 1665 declarat
1255 1645 1482 1673 unumquemque
1497 1643 1622 1665 nostrum
1635 1638 1753 1665 liberum

119 1639 182 1666 καθ’
197 1639 244 1665 ἕνα
258 1639 347 1673 ἡμῶν,
364 1639 412 1665 καὶ
424 1639 465 1666 ὅτι
481 1639 535 1666 τῶν
547 1638 635 1677 καύτοῦ
649 1637 776 1674 πράξεων
793 1636 909 1669 laeua-ro;

116 1685 341 1720 ὁμολογουμένως
353 1685 460 1720 πέφυκε
476 1685 580 1721 κύριος.

153 1783 262 1810 Είδέναι
282 1782 337 1818 γὰρ
351 1782 430 1809 τοῦτο
455 1782 524 1818 πρὸς
549 1783 605 1814 τοῖς
625 1781 785 1818 εἰρημένοις
803 1771 909 1809 ἄνωθεν

113 1829 249 1864 ὀφείλεις,
264 1828 403 1864 ἁγαπητὶ,
423 1828 464 1855 ὅτι
487 1829 511 1854 oi
536 1828 583 1855 τὸν
612 1827 689 1863 ἥλιον
714 1827 842 1862 λέγοντες
869 1827 908 1863 μὴ

111 1876 166 1911 τὴν
183 1875 239 1910 γῆν
252 1875 413 1910 ὑποτρέχειν
429 1874 554 1901 κάτωθεν
570 1874 640 1908 μετὰ
652 1874 703 1908 τὴν
719 1873 802 1900 αὑτοῦ
820 1872 909 1906 δύσιν,

110 1922 176 1950 ἀλλ’
195 1923 229 1948 ὲκ
254 1921 370 1956 πλαγίου
387 1921 437 1955 τὴν
452 1921 536 1947 αὑτοῦ
560 1920 724 1955 ποιούμενον
741 1919 827 1946 δίοδον
842 1919 910 1953 πρὸς

109 1967 253 1998 ἀνατολὰς
276 1966 447 2002 ἀπέρχεσθαι
475 1966 604 1993 κάκεῖθεν
636 1964 716 1998 αὖθις
740 1965 911 2000 ἀπέρχεσθαι

107 2014 161 2041 τοῦ
175 2013 309 2049 φωτίζειν
324 2015 374 2049 τὴν
394 2013 458 2048 γῆν,
472 2013 522 2040 οὐκ
543 2012 736 2048 εὐπαράδεκτα
750 2011 855 2046 λέγειν,
872 2011 911 2042 ὡς

106 2058 207 2096 οἶμαι,
222 2061 281 2092 τοῖς
305 2059 335 2086 εὖ
360 2059 508 2094 φρονοῦσιν
533 2058 721 2094 κριθήσονται,
739 2058 764 2084 εί
787 2057 826 2092 μή
854 2065 906 2083 που

105 2106 188 2133 κατὰ
204 2105 286 2140 λόγον
306 2105 463 2141 οἰκονομίας
485 2104 600 2132 τοιαῦτα
616 2104 713 2139 λέγειν
731 2104 910 2139 προάγονται.

107 2153 145 2180 ει
179 2154 239 2189 γὰρ
262 2153 340 2180 οὐδιν
355 2153 449 2188 ἕτερόν
466 2153 542 2179 ἐστιν
563 2153 580 2188 ἠ
605 2152 654 2186 νὺξ
669 2152 729 2179 ἀλλ’
752 2152 770 2188 ἢ
785 2151 911 2186 σκίασμα

105 2200 181 2234 γῆξ,
199 2199 250 2226 τοῦ
266 2199 343 2235 ἡλίου
367 2200 418 2234 τὴν
438 2199 490 2233 γῆν
506 2198 713 2234 ὑποτρέχοντος,
733 2197 770 2229 ὡς
787 2198 802 2223 ὁ
817 2198 912 2231 Δαμα-

106 2245 221 2280 σκηνδς
255 2245 384 2280 Ἰωάννης
413 2245 491 2280 φησὶ,
521 2245 580 2276 πῶς
614 2244 706 2270 λοιπὸν
737 2242 835 2279 βαθεῖα
861 2243 911 2279 τὴν

962 944 1108 972 cerebrum
1132 949 1256 972 nostrum
1275 945 1398 980 graviter
1414 946 1574 974 laederetur.
1588 946 1648 974 Jam
1664 946 1686 973 si
1702 946 1756 973 ful-

960 998 1023 1018 men
1042 998 1057 1018 e
1075 991 1149 1018 nube
1174 991 1328 1021 siccissima
1347 996 1485 1028 erumpat,
1514 992 1626 1026 phnicei
1653 993 1756 1020 coloris

959 1039 1004 1062 est
1020 1039 1048 1062 et
1060 1039 1159 1062 natura
1173 1035 1354 1062 vehementer
1371 1044 1474 1064 urens:
1493 1038 1535 1064 sin
1550 1045 1584 1064 ex
1602 1037 1755 1065 liumidiori

960 1080 1044 1112 nube,
1058 1080 1180 1108 colorem
1199 1080 1293 1107 album
1312 1080 1395 1108 habet
1411 1089 1443 1108 ac
1464 1082 1558 1110 minus
1576 1083 1645 1110 urit.

958 1127 1107 1163 ὑγροτέρου
1140 1127 1248 1163 νέφους,
1275 1128 1373 1155 λευκόν
1397 1136 1426 1155 τε
1455 1129 1512 1164 ἔχει
1530 1129 1561 1156 τὸ
1584 1130 1684 1166 χρῶμα
1707 1128 1756 1157 καὶ

996 1220 1044 1249 Sic
1064 1229 1142 1257 ergo,
1160 1222 1395 1258 quemadmodum
1408 1223 1589 1258 exposuimus
1608 1224 1756 1253 hactenus.

961 1268 1054 1297 sidera
1082 1277 1138 1296 non
1175 1273 1230 1296 tam
1258 1269 1380 1297 errantia
1402 1278 1484 1305 quam
1508 1271 1626 1298 erratica
1660 1279 1754 1298 rerum

961 1315 1051 1350 opifex
1066 1319 1149 1350 atque
1167 1314 1299 1342 dominus
1311 1316 1338 1342 In
1358 1315 1436 1350 signa
1456 1321 1638 1351 temporaque
1651 1317 1756 1344 consti-

959 1361 1023 1388 tuit.
1044 1361 1081 1388 Ea
1110 1369 1176 1388 vero
1199 1365 1362 1396 potestatem
1393 1360 1548 1389 absolutam
1575 1362 1603 1389 in
1630 1363 1756 1391 actiones

962 1412 1073 1435 nostras
1093 1407 1209 1439 habere,
1227 1407 1414 1441 virtutemque
1430 1407 1511 1435 nobis
1530 1412 1578 1435 aut
1594 1408 1690 1436 vitium
1710 1409 1755 1436 in-

962 1455 1041 1486 dere,
1058 1461 1140 1481 nemo
1162 1460 1286 1488 unquam
1309 1454 1427 1480 rationis
1452 1461 1565 1488 compos
1581 1453 1693 1486 dixerit,
1717 1455 1755 1482 si-

959 1499 1072 1534 quidem
1085 1497 1172 1526 Deum
1195 1505 1244 1534 per
1258 1503 1349 1527 vatem
1372 1498 1449 1533 loqui
1468 1499 1608 1526 audierit:
1628 1507 1637 1525 ι
1656 1499 1684 1527 Si
1707 1507 1755 1527 vo-

961 1545 1070 1574 lueritis
1103 1550 1132 1572 et
1163 1545 1422 1579 obtemperaveritis
1449 1545 1538 1578 mihi,
1565 1545 1646 1573 bonis
1673 1550 1754 1573 terra»

962 1591 1114 1619 vescemiui
1127 1592 1160 1619 ".
1180 1601 1189 1617 ›
1209 1591 1280 1620 Cum
1297 1592 1372 1619 enim
1398 1592 1456 1620 ait:
1475 1600 1485 1618 ι
1513 1592 1543 1620 Si
1565 1592 1720 1626 volueritis,
1741 1602 1752 1619 ι

966 1691 1038 1716 esse,
1056 1683 1196 1718 simulque
1213 1684 1336 1718 singulos
1355 1691 1416 1711 esse
1430 1684 1471 1711 sic
1490 1691 1505 1710 a
1528 1689 1625 1711 natura
1640 1691 1753 1718 compa-

963 1733 1047 1762 ratus,
1062 1736 1173 1756 suarum
1190 1733 1218 1756 ut
1233 1729 1374 1756 actionum
1391 1729 1442 1764 ipsi
1459 1729 1515 1756 sint
1529 1729 1646 1757 domini.

997 1781 1051 1817 32
1071 1781 1175 1809 Praeter
1191 1781 1310 1808 indicata
1327 1788 1404 1813 vero,
1419 1781 1520 1808 dilecte
1535 1781 1584 1813 iiii,
1602 1781 1654 1808 hoc
1671 1780 1753 1809 etiam

961 1828 1032 1856 seire
1045 1827 1139 1860 debes,
1154 1834 1202 1855 eos
1217 1826 1263 1862 qui
1281 1827 1368 1854 solem
1382 1826 1477 1854 dicant
1493 1833 1549 1854 non
1565 1826 1683 1854 inferius
1698 1832 1753 1854 ter-

962 1881 1021 1900 ram
1035 1878 1097 1910 post
1109 1879 1237 1900 occasum
1253 1879 1333 1900 suum
1346 1871 1568 1905 subtercurrere,
1576 1872 1624 1900 sed
1635 1872 1752 1907 obliquo

962 1918 1063 1945 itinere
1077 1918 1110 1945 ad
1124 1923 1215 1945 ortum
1229 1917 1373 1952 pervenire
1386 1917 1506 1952 indeque
1516 1924 1625 1944 rursum
1639 1924 1752 1952 pergere

961 1964 994 1992 ad
1012 1963 1227 1992 collustrandam
1247 1967 1360 1996 terram,
1387 1970 1448 1990 mea
1474 1962 1586 1998 quidem
1611 1963 1749 1990 sententia

961 2011 1031 2039 viris
1045 2010 1228 2046 prudentibus
1246 2017 1345 2044 parum
1374 2009 1529 2044 probabilia
1556 2007 1666 2036 tradere
1678 2008 1750 2044 judi-

961 2057 1067 2084 candos
1077 2064 1148 2089 esse,
1163 2056 1216 2083 nisi
1236 2056 1307 2083 forte
1324 2060 1402 2083 certo
1417 2054 1537 2090 quodam
1554 2055 1673 2082 consilio
1688 2054 1752 2081 Iaiia

962 2103 1113 2141 proferant.
1127 2102 1194 2130 Nam
1211 2101 1234 2129 si
1257 2101 1326 2129 nihil
1340 2101 1414 2128 aliud
1428 2106 1468 2128 est
1481 2108 1535 2128 nox
1548 2108 1630 2135 quam
1653 2100 1752 2128 umbra
1769 2138 1772 2143 φ

962 2153 1053 2181 terrae,
1076 2155 1137 2180 quae
1169 2147 1278 2175 exsistit
1300 2147 1358 2175 sole
1385 2151 1485 2173 terram
1512 2147 1751 2179 subtercurrente,

962 2193 1194 2230 quemadmodum
1219 2193 1341 2221 Joannes
1366 2193 1412 2220 ille
1435 2193 1623 2220 Damascenns
1649 2191 1752 2227 inquit,

963 2249 1018 2276 quo
1033 2240 1092 2267 fieri
1111 2244 1190 2275 pacto
1210 2239 1315 2274 poterit
1339 2242 1369 2265 ut
1384 2238 1438 2265 alta
1457 2245 1511 2265 nox
1536 2238 1610 2266 diem
1631 2237 1752 2272 excipiat

103 2293 229 2327 ἡμέραν
254 2292 406 2324 διαδέξεται
434 2291 494 2324 νὺξ,
524 2291 572 2318 τοῦ
597 2291 673 2327 ἡλίου
703 2290 765 2317 κατ’
787 2289 910 2321 ἐκείνους

963 2287 1020 2315 sole
1033 2287 1077 2321 (de
1096 2286 1218 2320 ipsorum
1238 2285 1348 2319 quidem
1374 2284 1522 2319 sententia)
1539 2285 1752 2319 quamproxime

101 2338 263 2372 ἐγγύτατα
295 2338 344 2364 καὶ
374 2337 473 2373 μικροῦ
503 2337 572 2372 προς
605 2338 680 2372 ἡμᾶς
711 2336 911 2372 στρεφομένου,

100 2385 271 2412 κάντεῦθεν
293 2385 412 2412 ἀκτίνων
439 2385 505 2420 ἡμῖν
536 2383 733 2419 ὲμπιπτουσῶν
758 2383 805 2410 καὶ
829 2391 914 2418 φωτι-

99 2433 226 2465 ζουσῶν
237 2432 269 2458 τὸ
287 2431 446 2466 περίγειονς
474 2431 528 2458 Καὶ
545 2432 570 2457 εἰ
592 2430 629 2466 μὴ
647 2430 729 2466 πείθῃ
748 2431 806 2461 τοῖς
832 2429 913 2463 λεγο-

101 2478 227 2514 μένοις,
244 2478 337 2508 αὐτοῖς
354 2478 409 2508 τοῖς
432 2477 579 2512 πράγματι
604 2476 745 2510 πείσθητι.
779 2475 823 2501 Ἕν
846 2475 913 2509 Βρε-

97 2524 201 2561 τανίᾳ
229 2525 265 2559 τῇ
291 2526 370 2559 νήσῳ
400 2522 663 2557 ὀκτωκαιδεκάωρος
696 2521 745 2556 μὲν
773 2521 790 2555 ἠ
819 2520 911 2555 ἡμέρα

95 2572 207 2604 ἐστὶν,
229 2570 352 2604 ὲξὰωρος
372 2569 400 2596 δὲ
427 2569 444 2604 ἠ
468 2568 526 2602 νύξ.
547 2567 601 2595 Καὶ
627 2566 657 2593 οὒ
680 2566 760 2604 μόνον
779 2565 910 2600 ἑξάωρος,

95 2617 186 2644 ἀλλὰ
212 2617 261 2643 καὶ
284 2615 315 2642 τὸ
337 2616 432 2647 σκότος
444 2615 531 2650 αὐτῆς
552 2614 583 2641 οὐ
601 2614 672 2641 πάνυ
688 2613 769 2648 βαιοὶ),
785 2613 909 2639 τοιοῦτον

91 2663 132 2690 δὲ
150 2663 254 2689 είπεῖν
264 2662 357 2688 ὁποῖόν
371 2663 428 2688 ἐστι
445 2661 475 2687 τὸ
497 2661 563 2696 παρ’
580 2661 647 2695 ἡμῖν
666 2659 815 2692 λεγόμενον
831 2657 913 2684 λυκό-

89 2720 221 2746 φωτον.
239 2710 424 2745 Ἐμπίπτουσι
441 2709 495 2744 γὰρ
508 2708 599 2739 αὐτοῖς
619 2707 647 2733 αἱ
661 2706 744 2739 αὐγαὶ
757 2705 804 2732 τοῦ
821 2705 910 2741 ἡλίου.

91 2757 201 2789 Τίνος
225 2757 335 2788 Even-1;
358 2755 420 2782 Ὅτι
449 2754 500 2780 κάν
519 2754 580 2784 ταῖς
605 2752 678 2784 νυξὶν
695 2751 791 2782 αὑταῖς
807 2751 821 2776 ὁ
836 2751 913 2785 ἥλιος

88 2802 239 2837 ἔγγιστα
266 2801 480 2837 περιστρέφεται
502 2799 546 2827 διὰ
568 2799 598 2826 τὸ
627 2797 797 2834 βραχύτατον
828 2796 914 2823 αὑτοῦ

139 2885 170 2901 ’³
191 2885 250 2913 lsn.
268 2889 289 2916 ι,
309 2883 350 2910 19.

962 2341 977 2361 a
999 2332 1079 2359 nobis
1094 2338 1154 2359 sese
1175 2335 1370 2362 convertente,
1402 2338 1522 2365 quocum
1552 2338 1613 2358 esse
1635 2331 1754 2365 conjun-

964 2383 1040 2406 ctnm
1059 2383 1166 2413 oportet
1181 2381 1211 2404 ut
1234 2377 1267 2404 ad
1284 2384 1333 2404 nos
1352 2376 1420 2404 radii
1443 2377 1600 2412 pertingant
1617 2381 1752 2410 terraeque

962 2424 1066 2452 vicinas
1093 2428 1183 2458 partes
1201 2423 1386 2450 collustrent?
1409 2423 1514 2456 Quodsi
1539 2423 1605 2450 huic
1628 2423 1752 2450 orationi

962 2470 1042 2498 iidem
1058 2477 1113 2496 non
1132 2469 1226 2501 habes,
1238 2469 1319 2496 rebus
1337 2468 1403 2504 ipsis
1421 2468 1580 2503 persuaderi
1596 2473 1623 2496 te
1638 2469 1751 2503 patitor.

965 2517 995 2545 In
1019 2517 1106 2544 insula
1130 2515 1271 2543 Britannia
1291 2515 1351 2542 dies
1376 2514 1509 2542 horarum
1537 2523 1603 2542 xvnt
1632 2515 1752 2550 spatium

964 2566 1096 2596 continet,
1112 2572 1174 2592 cum
1196 2572 1248 2591 nox
1264 2564 1358 2598 plures
1379 2571 1460 2598 quam
1484 2571 1510 2590 Vt
1528 2562 1612 2590 horas
1627 2571 1680 2590 non
1705 2562 1753 2588 ha-

963 2611 1037 2638 heat.
1054 2611 1149 2645 Neque
1173 2614 1277 2637 tantum
1300 2617 1348 2637 sex
1368 2609 1499 2637 horarum
1521 2613 1572 2642 est,
1597 2608 1645 2636 sed
1668 2608 1751 2635 etiam

961 2657 1049 2692 caligo
1063 2657 1125 2692 'ejus
1141 2663 1195 2682 non
1221 2655 1371 2683 admodum
1387 2659 1431 2683 est
1455 2654 1603 2691 profunda,
1619 2653 1751 2680 nimirum

961 2703 1095 2739 ejusmodi
1108 2702 1187 2737 quale
1202 2702 1333 2736 quiddam
1348 2709 1398 2729 nos
1412 2701 1607 2737 crepusculum
1620 2698 1749 2725 dicimus.

962 2749 1029 2776 Nam
1055 2748 1215 2783 pertinguut
1231 2747 1264 2774 ad
1290 2755 1338 2774 eos
1356 2747 1426 2774 radii
1448 2746 1525 2773 solis.
1544 2743 1753 2778 Quamobrem?

963 2795 1032 2828 Quia
1057 2801 1106 2829 per
1131 2793 1204 2828 ipsas
1221 2787 1310 2821 ‘etiam
1337 2797 1433 2820 noctes
1455 2791 1495 2819 sol
1525 2791 1559 2818 ab
1591 2789 1632 2818 cis
1667 2796 1749 2825 quam
