1944 3072
137 156 163 187 9'1
753 151 891 183 ANNALI
899 151 954 182 U31
974 152 1070 182 PARS
1087 150 1113 184 Ῑ.
1705 155 1740 186 93

136 213 202 241 τοῦτο
215 212 264 240 καὶ
278 211 366 239 ταῦτα
382 211 470 239 πάντα
488 211 545 244 τοῖς
563 210 641 238 ὕδασι
666 210 810 247 χαίρουσι·
831 210 902 244 πλήν

961 210 1057 243 tcibus,
1067 211 1139 246 quod
1155 211 1228 238 nulla
1244 211 1360 246 pedibus
1373 215 1475 245 careat,
1492 213 1601 248 quando
1615 213 1650 241 de
1667 218 1740 242 terra

138 269 163 295 τε
174 261 210 288 ὅτι
224 259 301 286 οὐδὲν
317 258 373 286 τῶν
387 258 498 294 πτηνῶν
519 258 606 286 ἄπουν
631 258 676 285 διὰ
704 258 736 284 τὸ
757 258 824 284 πᾶσι
853 257 902 291 τὴν

135 306 226 333 δίαιταν
237 305 293 333 ἀπὸ
308 305 358 340 τῆς
385 305 437 339 γῆς
465 304 611 339 ὑπάρχειν.
636 304 691 330 Καὶ
707 303 798 330 πάντα
818 303 904 336 ἀναγ-

136 353 220 384 καίωςθ
239 353 295 384 τοῖς
315 352 364 386 μὲν
386 353 440 386 γὰρ
456 351 639 385 ἁρπακτικοῖς
653 350 722 384 πρὸς
740 349 789 384 τὴν
814 349 903 384 ἄγραν

135 398 158 425 al
168 397 215 424 τῶν
226 395 439 432 ὀώχωνάκμαὶ,
452 397 511 427 τοῖς
537 395 566 422 δὲ
590 395 694 427 λοιποῖς
721 393 902 432 [ἀναγκαίως]

135 443 191 479 πρὸς
202 443 251 478 τὴν
267 442 314 469 τοῦ
330 442 388 478 βίου
403 442 575 476 διεξαγωγὴν
593 442 610 476 ή
640 441 695 468 τῶν
718 441 808 468 ποδῶν
834 442 906 475 ὑπη-

135 489 200 524 ρεσία
214 488 376 524 δεδώρηται.
392 487 493 521 Ὀλίγοι
507 487 536 514 δὲ
551 487 606 513 τῶν
619 487 736 522 ὀρνίθων
752 487 905 518 κακόποδές

134 536 201 568 tim,
217 534 278 562 οὔτε
295 535 417 570 βαδίζειν
435 534 500 561 οὔτε
515 534 643 570 ἀγρεύειν
664 533 721 564 τοῖς
737 535 816 560 ποσὶν
843 534 904 560 ἑπι-

133 583 231 618 τήδειοι,
244 583 282 614 ὡς
295 582 325 609 αι
339 581 474 616 χελιδόνες
497 581 545 607 καὶ
560 581 589 607 αι
607 580 768 615 δρεπανίδες
790 580 906 614 λεγόμεδ

132 637 177 660 ναι,
191 626 258 662 οῐςή
275 627 364 663 τροφὴ
377 627 433 654 ἀπὸ
453 626 507 653 τῶν
524 627 560 653 ‘sv
575 626 614 662 τῷ
627 625 691 660 ἀέρι
707 626 905 660 ἐμφερομένων

132 673 306 707 ἐπινενόηται.

163 719 279 753 Πρόσεχε
298 718 401 745 λοιπόν.
419 717 503 751 Ἀλλη
529 717 578 744 καὶ
598 717 652 753 γὰρ
671 716 829 752 κατασκευὴ
846 717 905 749 τοῖς

132 763 317 798 σπερμολόγοις
329 763 435 798 ὄρνισι,
463 764 510 790 καὶ
541 763 609 796 ἄλλη
629 764 684 794 τοῖς
708 763 905 798 σαρκοσόροις,

130 809 164 842 τῷ
187 809 278 844 τρόπῳ
301 809 351 843 τῆς
380 809 485 843 διαίτης
509 809 602 835 αὐτῶν
624 810 779 844 πρέπουσα,
803 809 906 844 ὀνύχων

129 854 208 887 expet
230 854 278 880 καὶ
303 854 393 889 χεῖλος
422 854 541 887 ἀγκύλον
568 854 617 880 καὶ
640 854 740 888 πτερὸν
758 853 818 886 ὀξὺ,
834 853 905 880 ὥστε

130 899 172 926 καὶ
189 899 377 934 συλληφθῆναι
391 899 490 934 ῥᾳδίως
504 899 534 925 τί.
551 899 676 934 θήραμα.
691 899 742 926 Διὰ
755 899 810 934 γὰρ
827 898 907 926 τοῦτο

128 947 170 973 καὶ
184 946 359 980 σκληρότεροι
380 945 436 972 τῶν
450 945 529 976 ζώων
548 946 572 972 οἰ
592 945 687 980 ὄνυχες
701 946 718 980 ἢ
733 945 780 972 τοῦ
803 944 908 981 ἀνθρὼ-

127 1000 196 1018 που”
227 991 436 1027 μαλθακώτεροι
472 992 520 1018 καὶ
554 992 608 1026 γὰρ
634 989 707 1018 οὗτοι
738 992 778 1026 τῷ
803 991 908 1027 ἀνθρώ-

128 1047 167 1074 πῳ
186 1038 462 1072 κατεσκευάσθησαν,
478 1037 520 1064 ὅτι
533 1045 563 1064 τι
583 1038 631 1064 καὶ
656 1038 685 1064 τὸ
707 1038 795 1075 δέρμα
813 1037 908 1064 τούτου

129 1084 343 1120 μαλθακώτερον,
367 1084 414 1118 ἀφ’
439 1081 470 1110 οὗ
497 1084 544 1111 καὶ
570 1083 594 1110 oi
620 1083 714 1118 ὄνυχες
733 1084 782 1118 τὴν
800 1083 907 1118 γένεσιν

127 1131 222 1165 ἔχουσι,
245 1130 293 1157 καὶ
312 1130 353 1156 ὅτι
370 1130 439 1165 πρὸς
454 1130 505 1165 τὴν
526 1130 625 1165 χρῆσιν
638 1131 747 1165 ἑκάστῳ
760 1129 813 1156 τῶν
829 1130 907 1162 ζώων

126 1177 142 1210 ἢ
161 1185 189 1202 τε
212 1175 365 1211 σκληρότης
383 1175 438 1202 τῶν
453 1176 558 1210 ὀνύχων
582 1176 629 1203 καὶ
646 1177 663 1211 ὴ
681 1176 854 1212 μαλθακότης
865 1175 907 1202 δε-

125 1222 255 1257 δὼρηται.
274 1222 357 1248 Ἀλλὰ
379 1222 426 1249 καὶ
449 1220 504 1248 τῶν
519 1221 638 1256 ’πτηνῶν
661 1222 696 1248 τὰ
725 1222 774 1257 μὲν
801 1221 908 1256 ἂναρχά

125 1269 176 1294 ιίσι
193 1268 240 1294 καὶ
249 1265 306 1294 οἷον
320 1267 466 1302 αὐτόνομα,
482 1268 516 1294 τὰ
534 1267 563 1294 δὲ
586 1268 630 1301 ὑφ’
645 1267 761 1302 ἡγεμόνι
777 1267 907 1301 τετάχθαι

125 1313 335 1348 καταδεχόμενα,
349 1313 388 1344 ὡς
405 1313 431 1339 ol.
449 1313 571 1348 γέρανοι.
582 1312 660 1339 Ἀλλὰ
673 1313 720 1339 καὶ
735 1313 764 1339 αἱ
781 1312 907 1347 μέλισσαι

124 1358 174 1385 ὑπὸ
191 1358 298 1394 βασιλεῖ
320 1359 369 1386 καὶ
387 1359 529 1394 ταξιάρχῳ
556 1360 611 1386 τινὶ
629 1358 684 1385 τῶν
700 1358 790 1393 ἔργων
806 1359 907 1386 ἅπτον-

83 1411 87 1414 '
123 1411 177 1436 ται,
195 1403 226 1429 οὐ
244 1403 376 1438 πρότερον
395 1403 442 1430 ἐπὶ
461 1404 522 1435 τοὺς
538 1401 675 1437 λειμῶνας
694 1401 781 1428 ὲλθείν
795 1401 908 1428 καταδε-

122 1448 247 1484 χόμεναι,
280 1449 345 1482 πρὶν
373 1448 408 1475 ἂν
425 1448 502 1475 ἴδωσι
530 1447 576 1474 τὸν
590 1445 707 1482 βασιλέα
735 1446 908 1481 κατάρξαντα

123 1495 172 1529 τῆς
190 1495 328 1530 πτήσεως.
346 1494 383 1521 Οὺ
404 1493 592 1529 χειροτονητὺς
624 1493 652 1520 δὲ
679 1490 755 1525 οὗτος
768 1512 776 1526 ,
802 1493 861 1520 ἀλλ’
875 1494 908 1519 ὲκ

123 1539 232 1573 φύσεως
251 1540 321 1575 ἔχων
341 1540 372 1566 τὸ
393 1540 465 1566 κατὰ
489 1539 598 1566 πάντων
620 1540 765 1574 πρωτεῖον.
793 1540 840 1567 καὶ
858 1548 906 1574 με-

122 1585 196 1619 γέθει
219 1585 355 1620 διαφέρων
384 1586 431 1612 καὶ
460 1586 581 1621 σχήματι
608 1586 656 1613 καὶ
683 1586 716 1621 τῇ
745 1585 792 1612 τοῦ
821 1585 903 1621 ἤθους

121 1631 266 1666 πραότητι.
286 1631 365 1658 Ἐστι
385 1631 435 1666 μὲν
460 1631 513 1665 γὰρ
532 1631 644 1666 κέντρον
658 1631 698 1666 τῷ
714 1631 828 1665 βασιλεῖ,
847 1632 904 1658 ἀλλ’

119 1679 150 1704 οὑ
165 1678 265 1713 χρῆται
280 1677 368 1712 τούτῳ
397 1677 466 1713 πρὸς
491 1676 609 1712 ἄμυναν.
633 1678 722 1712 Νόμοι
740 1677 812 1709 τινές
836 1678 905 1704 εἰσιν

118 1720 194 1750 οὗτοι
210 1724 259 1758 τῆς
273 1723 381 1758 φύσεως
404 1724 541 1758 ἄγραφοι,
567 1723 669 1758 ἀργοὺς
693 1720 763 1750 εἶναι
784 1723 851 1758 πρὸς
863 1732 906 1750 τιν

120 1769 228 1804 μωρίαν
241 1770 303 1800 τοὺς
311 1769 365 1796 τῶν
378 1769 514 1803 μεγίστων
526 1768 689 1795 δυναστειῶν
703 1767 904 1799 ἐπιϐαίνοντας.

118 1813 201 1841 οὕτω
217 1814 267 1847 μὲν
288 1815 322 1840 αἱ
336 1814 375 1848 τῷ
387 1813 435 1841 τοῦ
447 1813 576 1848 βασιλέως
593 1813 773 1848 ὑποδείγματι
786 1813 824 1848 μὴ
840 1813 906 1840 ἁκο-

116 1859 268 1886 λουθοῦσαι
283 1860 318 1894 τῇ
333 1859 380 1886 τοῦ
397 1860 512 1894 κέντρου
530 1859 621 1894 πληγῇ
647 1858 912 1900 ἑναποθνήσκουσινι

114 1906 183 1938 ἄξια
198 1905 248 1940 τῆς
263 1906 369 1932 ἑαυτῶν
381 1905 521 1940 ὠμότητος
535 1905 712 1939 εὑρίσκουσαι
723 1904 756 1931 τὰ
767 1905 905 1940 ἐπίχειρα.

159 1952 244 1979 Ἀλλά
272 1952 319 1979 καὶ
334 1950 411 1978 τοῦτο
427 1951 578 1986 θαυμάζειν
593 1950 678 1984 ἄξιον,
697 1950 755 1982 πῶς
770 1950 798 1977 αἱ
821 1951 904 1986 γέρα‹

113 2006 157 2023 vat
171 1997 223 2028 τὰς
236 1998 265 2023 ὲν
287 1999 321 2032 τῇ
333 1998 410 2023 νυκτὶ
424 1997 602 2032 προφυλακὰς
619 1998 650 2023 ὲκ
667 1997 819 2032 περιτομῆς
834 1997 905 2022 ὑπο-

110 2041 257 2076 δέχονται,
274 2042 321 2067 καὶ
337 2041 363 2067 αἱ
384 2041 434 2076 μὲν
447 2041 637 2074 καθεύδουσιν,
653 2042 681 2068 αἱ
703 2041 732 2068 δὲ
750 2041 842 2076 κύκλῳ
859 2048 906 2066 πε-

111 2087 241 2122 ριιοῦσαι
259 2088 354 2114 πᾶσαν
368 2087 464 2119 αὑταῖς
481 2088 511 2114 ὲν
527 2087 564 2123 τῷ
589 2087 665 2123 ὕπνῳ
689 2087 839 2122 παρέχουσι
856 2088 906 2122 τὴν

108 2133 288 2167 ἀσφάλειαν.
311 2131 377 2160 Εἶτα
401 2133 448 2160 τοῦ
465 2133 564 2169 καιροῦ
581 2134 630 2168 τῆς
645 2134 770 2168 φυλακῆς
785 2135 905 2168 πληρου-

108 2179 218 2213 μένου,
235 2179 252 2214 ή
270 2178 322 2213 μὲν
335 2179 458 2213 βοήσασα
473 2179 541 2213 πρὸς
553 2179 636 2206 ὕπνον
650 2180 767 2215 ἐτράπη,
783 2180 799 2214 ἡ
814 2180 842 2206 δὲ
856 2180 906 2214 τὴν

956 256 1059 284 victum
1080 260 1174 291 pctere
1193 263 1339 292 coguntur,
1355 262 1384 286 et
1407 265 1504 286 omnes
1520 259 1675 287 necessario
1689 268 1737 295 pe-

955 301 1021 329 dum
1037 302 1218 331 adminiculis
1240 303 1376 338 indigent.
1401 303 1467 330 Nam
1484 305 1629 339 rapacibus
1645 305 1679 334 ad
1695 314 1740 334 ca-

954 347 1082 382 piendam
1097 347 1216 381 praedam
1233 355 1339 382 ungues
1354 349 1554 376 accommodati
1567 342 1741 382 sunt,'oaete-
1761 381 1765 385 ς

955 391 994 418 ris
1007 391 1040 418 ad
1058 391 1254 419 sustinendam
1278 394 1427 428 caeteroqui
1444 395 1526 422 vitam
1544 395 1645 430 pedum
1673 404 1741 424 usus

954 442 997 465 est
1011 445 1170 466 concessus.
1189 439 1338 474 Perpaucis
1359 440 1446 475 pedes
1470 441 1539 468 male
1564 447 1630 470 sunt
1648 443 1740 470 allecti

954 488 1038 518 atque
1054 484 1173 518 debiles,
1204 485 1241 513 ita
1259 489 1289 512 ut
1313 493 1363 514 nec
1399 486 1531 515 incedere
1564 496 1616 516 nec
1646 490 1740 517 venari

955 529 1106 564 quidquam
1131 530 1249 565 pedibus
1272 532 1389 565 possint,
1416 532 1444 559 in
1475 540 1531 567 quo
1555 541 1656 568 genere
1677 540 1742 562 sunt

955 574 1120 603 hirundines
1138 581 1167 603 et
1189 584 1251 611 quae
1267 577 1374 604 falcatae
1397 578 1456 606 sive
1472 578 1582 613 riparia:
1598 579 1741 613 dicuntur,

955 629 1016 656 quae
1047 629 1098 656 pro
1125 622 1256 650 alimento
1285 626 1434 650 vescuntur
1464 624 1577 652 insectis
1603 632 1653 659 per
1676 633 1741 654 aera

955 667 1122 695 volantibus.

990 713 1182 742 Animadverte
1218 722 1300 749 porro
1322 720 1488 743 structuram
1523 716 1605 743 aliam
1630 716 1741 744 illarum

955 760 1046 787 avium
1066 767 1139 791 esse,
1153 767 1215 794 quas
1232 761 1337 788 semina
1352 761 1458 796 legunt.
1485 762 1568 789 aliam
1582 764 1743 791 carnivora-

957 813 1029 838 rum,
1043 806 1128 833 victui
1144 806 1250 834 scilicet
1265 813 1360 834 earnm
1372 808 1620 836 accommodatam.
1634 809 1743 837 Habent

956 851 1029 878 enim
1047 857 1194 886 peracutus
1210 860 1324 888 ungues,
1339 859 1458 880 rostrum
1467 853 1617 886 aduncum.
1635 855 1743 884 celeres

957 897 1025 930 alas,
1039 903 1068 924 ut
1083 898 1200 932 praedam
1227 899 1368 933 corripere
1396 899 1523 926 celeriter
1543 900 1659 934 possint.
1682 900 1742 934 Qua

959 943 1069 977 quidem
1085 943 1142 978 ipsa
1155 944 1189 971 de
1203 951 1286 971 causa
1301 944 1429 972 duriores
1457 945 1624 973 animalibus
1639 953 1743 981 ungues

959 994 1025 1016 sunt
1039 997 1120 1024 quam
1134 990 1249 1021 homini.
1273 990 1316 1017 cui
1339 995 1403 1018 sunt
1418 992 1530 1019 omnino
1547 991 1696 1020 molliores.
1710 992 1744 1019 Et

959 1040 1065 1063 constat
1078 1039 1152 1063 certe
1165 1039 1255 1063 cutem
1271 1035 1394 1070 ejusdem
1405 1036 1585 1064 consimiliter
1600 1044 1660 1064 esse
1675 1038 1744 1064 mol-

959 1082 1066 1115 liorem,
1085 1082 1119 1109 dc
1137 1090 1191 1117 qua
1208 1091 1312 1118 ungues
1329 1083 1469 1116 oriuntur,
1484 1083 1604 1118 itemque
1625 1088 1680 1111 tam
1696 1084 1743 1111 du-

959 1128 1050 1156 ritiem
1077 1135 1158 1163 quam
1190 1129 1334 1156 mollitiem
1362 1129 1499 1164 uuguium'
1519 1129 1686 1157 animalibus
1709 1137 1743 1157 ex

959 1172 1081 1206 ipsorum
1100 1181 1152 1200 usu
1167 1173 1269 1200 datam.
1286 1174 1419 1201 Praeterea
1433 1174 1574 1201 volucrum
1590 1174 1743 1202 alimnullo

960 1222 1090 1245 tenentur
1104 1218 1231 1253 imperio,
1248 1218 1430 1253 libertateque
1452 1219 1535 1246 veluti
1552 1219 1669 1254 quadam
1685 1219 1744 1246 l'ru—

959 1268 1061 1297 untur;
1077 1264 1137 1291 alia:
1150 1265 1228 1291 ducis
1243 1264 1358 1299 imperio
1376 1265 1506 1300 subjecta:
1518 1269 1592 1296 sunt.
1609 1270 1639 1292 ut
1650 1273 1742 1300 grues.

958 1310 1031 1345 Apes
1047 1311 1128 1338 etiam
1145 1310 1196 1338 sub
1215 1318 1288 1346 rege,
1299 1318 1332 1338 ac
1347 1311 1474 1346 praefecto
1494 1311 1625 1346 quodam,
1645 1319 1743 1346 operas

959 1364 1025 1383 suas
1042 1356 1201 1388 absolvunt,
1227 1363 1280 1383 nec
1293 1357 1370 1391 prius
1383 1356 1417 1383 ad
1433 1361 1511 1392 prata
1531 1358 1678 1384 convolare
1693 1364 1742 1384 so-

958 1402 1016 1429 lent
1030 1410 1113 1437 quam
1129 1409 1219 1438 regem
1236 1403 1345 1430 initium
1363 1403 1489 1430 avolandi
1503 1403 1602 1431 fecisse
1628 1411 1744 1438 conspe-

958 1448 1057 1475 xeriut.
1084 1448 1179 1483 Neque
1206 1456 1299 1484 regem
1324 1449 1398 1476 hunc
1414 1449 1553 1483 sull'ragiis
1572 1450 1650 1482 quasi
1667 1449 1744 1476 delo-

958 1499 1033 1521 ctum
1052 1494 1166 1527 habent,
1179 1496 1226 1522 sed
1244 1502 1257 1521 a
1270 1499 1368 1521 natura
1386 1494 1413 1521 in
1431 1495 1561 1522 omnibus
1575 1495 1741 1530 principem,

957 1539 1135 1567 excellentem
1149 1544 1263 1567 ceteros
1277 1540 1474 1574 magnitudine,
1487 1541 1584 1571 forma.
1598 1544 1625 1567 et
1643 1541 1743 1568 indolis

959 1590 1041 1620 atque
1056 1592 1163 1612 morum
1180 1584 1404 1612 mansuetudine.
1418 1584 1485 1612 Nam
1502 1585 1616 1612 stimulo
1631 1585 1743 1620 quidem

959 1638 1006 1658 rex
1019 1630 1149 1665 praeditus
1159 1634 1212 1662 est,
1223 1637 1319 1657 verum
1329 1630 1361 1657 ad
1374 1630 1520 1658 vindictam
1530 1638 1563 1658 eo
1577 1639 1630 1658 non
1646 1631 1743 1660 utitur.

961 1676 1032 1703 Sunt
1048 1676 1088 1703 hae
1105 1677 1178 1710 leges
1193 1676 1317 1710 quaedam
1342 1683 1396 1703 non
1413 1676 1531 1711 scripta,
1556 1678 1603 1705 sed
1626 1678 1661 1706 ab
1685 1679 1743 1713 ipsa

959 1721 1088 1757 prolectas
1103 1727 1212 1753 natura.
1229 1725 1258 1748 ut
1272 1722 1320 1756 qui
1335 1723 1460 1749 maximis
1487 1722 1610 1758 iutperiis
1632 1721 1744 1759 potiun-

960 1774 1016 1800 tur,
1031 1768 1063 1795 ad
1082 1767 1252 1802 puniendum
1270 1767 1339 1794 tardi
1355 1768 1420 1794 sint.
1450 1769 1482 1795 Et
1498 1769 1610 1803 quidem
1634 1770 1657 1798 si
1680 1778 1743 1805 qua:

959 1821 1026 1849 apcs
1043 1814 1200 1848 exemplqu
1226 1813 1297 1848 regis
1317 1812 1360 1840 sui
1385 1821 1440 1840 non
1467 1814 1622 1845 imitantur.
1654 1815 1744 1843 deltxo

959 1860 1071 1887 stimulo
1085 1859 1166 1886 simul
1179 1859 1354 1886 emoriuntur
1366 1858 1502 1894 dignaque
1518 1859 1682 1888 crudelitate
1692 1869 1742 1890 sua

961 1905 1072 1940 prmmia
1089 1908 1308 1939 consequuntur.

997 1951 1054 1978 lloc
1071 1951 1152 1978 etiam
1168 1957 1218 1977 nos
1230 1950 1358 1977 admirari
1375 1959 1423 1985 par
1432 1956 1485 1983 est,
1500 1959 1555 1986 quo
1569 1958 1648 1987 pacto
1663 1962 1744 1989 grues

961 2001 1110 2024 nocturnas
1125 1996 1256 2024 excubias
1281 2003 1327 2032 per
1342 1997 1418 2024 vices
1446 1997 1558 2030 obeant,
1588 1999 1653 2026 dum
1682 2001 1744 2028 aliae

960 2043 1072 2078 quidem
1087 2042 1236 2075 dormiunt.
1252 2043 1313 2070 alite
1335 2043 1532 2072 circumeundo
1556 2050 1696 2079 praestant,
1715 2052 1744 2074 ut

962 2097 1057 2116 omnes
1069 2089 1103 2116 ab
1119 2089 1194 2116 omni
1212 2089 1334 2123 periculo
1364 2097 1413 2124 per
1437 2090 1558 2124 quietem
1587 2097 1652 2119 tutae
1675 2093 1742 2121 sint.

961 2135 1012 2171 41
1028 2135 1079 2163 Ubi
1096 2135 1192 2162 deinde
1210 2140 1318 2170 tempus
1333 2136 1465 2164 excubiis
1481 2137 1562 2164 unius
1577 2138 1743 2166 destinatum

961 2182 1103 2217 praeteriit,
1128 2182 1247 2209 clamore
1272 2182 1316 2209 illa
1332 2183 1439 2210 sublato
1462 2191 1492 2210 se
1507 2185 1592 2218 quieti
1608 2185 1655 2213 dat
1673 2195 1680 2212 :
1708 2187 1743 2213 ibi

105 2226 249 2261 διαδοχὴν
267 2225 414 2261 δεξαμένη,
431 2223 465 2262 ἦς
481 2225 576 2261 ἔτυχεν
591 2225 753 2260 ἀσφαλείας,
767 2226 815 2253 καὶ
831 2225 905 2252 ἀντέ-

963 2232 1020 2254 tum
1036 2227 1120 2254 altera
1135 2227 1287 2254 succedens
1313 2227 1341 2254 in
1355 2228 1414 2262 ejus
1427 2229 1530 2262 locant,
1562 2238 1643 2265 quam
1670 2232 1745 2259 illius

103 2271 189 2298 δωκε
204 2272 267 2302 ταῖς
280 2270 399 2302 λοιπαῖς.
415 2270 493 2297 Οὕτω
509 2271 558 2305 μὲν
574 2270 620 2298 οὖν
633 2273 680 2298 καὶ
690 2272 720 2298 τὸ
734 2271 786 2297 τῶν
802 2271 906 2306 πελαρ-

102 2317 172 2351 γῶν
194 2317 238 2348 είς
262 2315 392 2351 ἔκπληξιν
418 2316 481 2350 am
501 2316 604 2348 πάντας
632 2316 685 2343 τῶν
707 2315 907 2351 διαληφθέντων

102 2364 165 2390 οὐκ
195 2363 323 2390 ἔλασσον.
338 2363 452 2388 Ἐκεῖνοι
469 2363 523 2397 γὰρ
539 2362 585 2388 τὸν
601 2363 705 2397 πατέρα
722 2362 774 2389 ὑπὸ
793 2361 839 2388 τοῦ
855 2362 906 2397 γή-

102 2417 182 2443 ρους
206 2409 454 2444 πτερορρυήσαντα
477 2409 653 2442 περιστάντες
680 2409 709 2435 ὲν
735 2408 827 2444 κύκλῳ
850 2409 905 2440 τοῖς

98 2452 234 2483 οἰκείοις
249 2453 360 2486 πτεροῖς
374 2452 564 2483 διαθάλπουσι.
580 2454 628 2480 καὶ
642 2454 691 2484 τὰς
706 2453 808 2488 τροφὰς
823 2453 906 2487 ἀφθό-

97 2507 164 2529 νως
188 2498 463 2533 παρασκευάζοντες,
477 2498 602 2533 βοήθειαν
617 2498 692 2532 αὐτῷ
708 2499 778 2524 κατὰ
805 2506 836 2531 γε
857 2498 907 2532 τὴν

98 2545 222 2578 πτῆσιν
246 2544 420 2579 παρέχουσιν,
442 2545 533 2579 ἠρέμα
553 2544 592 2578 τῷ
613 2543 706 2578 πτερῴ
732 2544 906 2578 κουφίζοντες

97 2590 307 2624 ἑκατέρωθεν.
323 2590 377 2617 Καὶ
392 2591 479 2622 οὕτως
494 2591 562 2617 πᾶσι
574 2591 652 2617 τοῦτο
667 2590 854 2625 διαὸεὸόηται,
869 2590 907 2622 ὡς

94 2635 248 2662 ἐντεῦθεν
268 2635 314 2662 καί
339 2644 415 2667 τινας
438 2636 490 2670 τὴν
516 2636 570 2662 τῶν
587 2636 816 2671 εὐεργετημάτων
833 2637 907 2663 ἀντί-

90 2682 195 2708 δοσιν
215 2681 363 2715 ὀνομάζειν
383 2683 636 2717 ἀντιπελάργωσιν.
661 2682 764 2716 Μηδεὶς
792 2682 838 2708 οὖν
864 2683 907 2709 διὰ

93 2731 220 2754 πενίαν
233 2728 283 2762 τὴν
298 2728 381 2754 αὐτοῦ
400 2729 617 2763 ἀπο-γινωσκέτω
631 2728 714 2764 ζωήν.

140 2858 191 2884 Τδ
213 2858 241 2884 δὲ
266 2858 315 2891 τῆς
342 2859 473 2892 χελιδόνος
496 2861 652 2895 εὐμήχανον
669 2862 727 2894 πῶς
751 2863 801 2889 οὐκ
822 2864 853 2891 ἄν
867 2873 908 2897 τις

249 2906 380 2935 l’A't‘ttnL.
398 2907 454 2935 tln.
475 2907 604 2938 CLl’lll.

960 2273 1095 2300 beneﬁcio
1113 2278 1261 2300 consecuta
1275 2279 1327 2304 est,
1346 2274 1466 2309 quietem
1481 2276 1600 2303 vicissim
1630 2279 1744 2312 reliquis

962 2323 1049 2346 tutam
1067 2323 1186 2353 praestat.
1198 2318 1339 2346 Cousimili
1354 2320 1434 2347 modo
1450 2321 1620 2350 ciconiarum
1633 2332 1743 2360 quoque

962 2365 1037 2392 natio
1052 2369 1167 2392 cunctos
1181 2365 1207 2392 in
1228 2365 1436 2393 admirationem
1453 2367 1534 2402 rapit,
1549 2369 1604 2402 jam
1618 2370 1745 2399 indicatis

962 2409 1033 2436 haud
1049 2409 1160 2437 cedens.
1176 2410 1241 2437 Nam
1259 2416 1376 2445 patrem,
1397 2412 1444 2446 qui
1467 2420 1522 2447 pra!
1546 2415 1623 2442 senio
1641 2424 1744 2450 pennas

961 2456 1063 2488 amisit,
1082 2456 1204 2490 undique
1215 2456 1426 2484 circumstantes
1442 2459 1493 2486 alis
1507 2460 1624 2495 propriis
1638 2461 1742 2495 fovent,

961 2502 1121 2528 alimentum
1139 2502 1177 2528 illi
1192 2502 1303 2530 abunde
1321 2503 1508 2537 suppeditant,
1521 2510 1603 2540 atque
1616 2507 1698 2534 etiam
1715 2507 1741 2534 in

962 2546 1054 2573 volatu
1067 2547 1174 2581 juvant,
1191 2547 1291 2574 leniter
1310 2554 1374 2573 eum
1390 2548 1424 2574 ab
1440 2554 1556 2584 utraque
1574 2555 1652 2584 parte
1677 2552 1744 2578 sub-

961 2592 1094 2620 levantes.
1116 2591 1193 2625 Quod
1209 2592 1320 2627 quidem
1345 2601 1432 2628 usque
1462 2595 1530 2622 adeo
1550 2596 1649 2629 passim
1667 2598 1741 2631 apud

962 2644 1058 2664 omnes
1073 2637 1262 2673 pervulgatum
1274 2643 1328 2672 est,
1345 2644 1374 2666 ut
1391 2639 1442 2666 hac
1466 2639 1500 2668 de
1517 2648 1598 2668 causa
1619 2643 1742 2670 nonnulli

963 2683 1217 2718 compensationem
1244 2685 1439 2712 beneﬁciorum
1468 2687 1605 2721 appellare
1622 2692 1744 2715 mutuam

963 2730 1133 2756 ciconiarum
1163 2730 1292 2764 pietatem
1311 2731 1516 2758 consueverint.
1545 2730 1604 2763 Quo
1619 2734 1745 2767 exrttiplo

963 2774 1070 2802 moneri
1092 2781 1143 2801 nos
1161 2775 1289 2802 convenit
1306 2783 1340 2802 ne
1355 2775 1417 2810 quis
1440 2776 1475 2802 ob
1498 2781 1687 2810 paupertatem
1710 2779 1745 2806 de

963 2821 1017 2847 vita
1036 2820 1174 2854 desperet.

998 2867 1032 2894 Et
1045 2867 1108 2902 quis
1128 2875 1182 2895 non
1201 2867 1359 2896 hirundinis
1388 2869 1526 2896 solertiam
1554 2869 1741 2906 maximopere

1563 2916 1581 2946 1.
