1944 3072
197 167 234 197 99

831 157 948 187 MlCllA
955 156 1036 186 ΕΗΒ
1054 155 1182 185 GLYCE

1762 153 1810 185 n0

198 219 368 250 admiretur?
383 217 492 245 Eacum
506 215 598 243 nidum
621 213 741 245 coniicit,
770 212 888 240 festucas
916 211 977 246 qni-

1043 209 1236 244 ιπεραγάσαιτο
1251 217 1259 242 ;
1273 209 1382 244 Ἑκείνη
1396 209 1450 244 γὰρ
1470 208 1518 244 τὴν
1536 208 1632 235 καλιὰν
1648 209 1808 243 πηγνυμένη

200 271 259 296 dum
272 266 400 294 collectas
413 270 462 291 ore
478 262 584 297 prol‘ert
601 270 607 289 :
625 263 671 288 sed
697 266 760 287 cum
779 258 873 286 tollere
888 258 977 285 lutum

201 313 315 349 pedibus
329 313 457 345 nequeat,
475 316 543 344 qttos
556 307 589 334 ad
603 305 715 341 quasvis
739 311 836 340 operas
865 311 979 339 prorsus

199 359 306 393 ineptos
324 357 416 388 habet.
429 353 561 382 extremis
578 352 683 379 alarum
699 350 824 386 partibus
837 350 865 377 ln
881 355 978 384 aquam

199 404 303 437 tinctis,
321 410 354 430 ac
364 400 464 429 deinde
480 398 694 426 minutissimum
711 398 739 424 in
754 396 896 431 pulverem
913 401 979 429 pro-

199 451 303 481 voluta,
317 448 453 476 rationem
470 443 621 479 usurpandi
657 442 706 471 luti
736 441 884 475 excogitat.
912 439 979 467 Nam

198 495 331 531 paulatim
347 491 461 520 festucis
489 491 548 518 luto
571 494 700 524 tanquam
728 487 833 522 glutino
862 484 980 520 quodam

198 541 332 577 colligatis
343 539 438 566 nidum
455 536 581 568 exstruit,
598 539 627 562 et
638 533 724 568 pullos
736 532 762 559 in
781 539 814 559 eo
838 538 903 558 suos
913 528 981 556 edu-

199 593 252 616 cat.
267 587 389 620 Quorum
405 585 428 612 si
442 583 505 618 quis
520 581 616 608 oculos
630 578 748 610 amittat,
764 583 844 611 opem
858 583 873 602 a
883 577 981 602 natura

200 633 335 661 medicam
347 630 441 662 habet,
454 635 508 661 qua
524 633 572 654 cos
587 623 654 652 fetui
668 631 719 651 suo
734 621 864 650 restituit.

237 723 339 750 Marina
354 720 478 756 qumdam
491 716 595 744 avicula
610 719 654 742 est
682 710 806 740 haleedo.
829 710 867 736 Ea
877 709 981 737 bruma:

201 775 324 804 tempore
339 753 451 802 propter
481 764 573 790 littora
600 760 732 788 fetiiicare
750 755 903 785 consuevit.
922 753 982 780 ovis

202 817 230 843 in
247 822 330 842 arena
343 810 494 841 collocatis,
512 815 574 836 cum
590 805 684 833 multis
698 811 731 831 ac
742 799 953 830 vehementibus
966 805 981 826 a

201 861 294 889 ventis
308 865 384 886 mare
401 856 433 884 ad
449 860 549 882 terram
566 851 698 879 alliditur.
711 849 810 876 Verum
842 853 904 872 mox
924 851 983 872 orn-

205 879 294 889 um...
401 879 432 884 -_
450 879 529 882 --.ψ

202 916 253 936 nes
267 906 340 934 venti
356 904 498 939 sopiuntur
513 905 540 928 et
551 899 651 927 ﬂuctus
661 896 760 924 marini
774 893 982 929 conquiescunt.
999 879 1020 907 Β

202 955 271 982 Tum
285 938 399 979 halccdo
416 953 487 976 totos
501 950 605 980 septem
616 943 675 971 dies
704 941 762 969 ovis
786 939 845 967 suis
860 938 982 969 incubat,

200 1006 320 1034 eumque
335 995 466 1031 temporis
478 991 580 1027 aliquid
607 990 640 1017 ad
668 987 859 1016 educationem
874 991 983 1019 quoque

202 1046 238 1074 sit
250 1028 435 1072 necessarium
449 1061 456 1073 ,
475 1039 534 1068 dies
551 1037 618 1064 aliOs
644 1039 760 1069 septem,
788 1032 887 1067 quibus
916 1028 983 1064 pulli

202 1089 330 1119 nonnihil
358 1090 504 1117 crescnt,
540 1082 631 1110 divina
657 1079 768 1115 largitas
791 1077 815 1104 ei
846 1073 982 1103 conc'cdit.

202 1137 267 1170 Quaa
284 1142 328 1162 res
344 1133 460 1161 nauticas
477 1130 515 1158 rei
532 1128 628 1165 peritis
640 1130 704 1154 nota
724 1128 774 1154 est,
788 1122 835 1157 qui
852 1121 911 1149 dies
923 1120 984 1148 illos

201 1180 369 1211 "alcedonia
383 1182 493 1206 vocant.

238 1270 363 1298 Tradunt
370 1272 539 1296 etturturem
550 1272 565 1291 a
576 1261 697 1297 compari
707 1260 858 1296 seiunctam
872 1256 907 1284 ob
919 1263 984 1283 con-

202 1317 276 1354 jugis
290 1314 390 1350 prioris
408 1308 567 1339 memoriam
585 1307 689 1335 nullius
702 1305 813 1333 alterius
826 1303 985 1330 societatem

204 1346 360 1389 admittere.
379 1358 486 1385 Dictum
500 1356 552 1383 hoc
567 1352 730 1381 mulieribus
743 1354 814 1381 esto,
830 1349 893 1376 vitae
908 1346 987 1374 nimi—

204 1415 266 1436 rum
281 1406 369 1433 vidua:
383 1404 530 1440 puritatem
550 1401 586 1428 ab
601 1399 669 1435 ipsis
702 1397 785 1425 etiam
813 1395 903 1423 brutis
924 1393 985 1420 ani-

206 1452 344 1481 mantibus
359 1437 492 1477 indecora:
505 1446 626 1482 plurium
650 1444 807 1479 nuptiarum
824 1437 985 1476 appetitioni

206 1497 340 1535 praeferri.

242 1545 334 1577 Longe
352 1540 527 1577 iniustissima
539 1542 584 1566 est
599 1537 626 1564 in
637 1534 800 1564 educatione
816 1539 872 1561 suae
885 1530 988 1560 sobolis
1000 1547 1022 1577 α

1030 255 1063 285 τὰ
1079 255 1129 290 μὲν
1146 255 1239 290 κάρφη
1255 254 1294 289 τῷ
1309 254 1421 288 στόματι
1436 254 1598 288 διακομίζιι,
1613 253 1698 289 πηλὸν
1712 254 1740 280 δὲ
1754 255 1810 283 τοῖς

1032 301 1111 327 ποσὶν
1135 297 1201 334 ἆραι
1228 299 1264 334 μὴ
1294 299 1430 334 δυναμένη
1448 300 1641 335 (ἀνεπιτήδειοι
1664 298 1719 334 γὰρ
1737 295 1809 326 οὗτοι

1030 346 1099 382 πρὸς
1114 345 1204 371 πᾶσαν
1220 345 1395 380 ὑπηρεσίαν),
1407 345 1440 372 τὰ
1452 344 1523 379 ἄκρα
1539 345 1593 371 τῶν
1611 353 1719 379 πτερων
1735 345 1810 372 ὕδατι

1031 392 1234 428 καταϐρέξασα,
1253 389 1313 418 εἷτα
1336 393 1368 426 τῇ
1393 391 1546 427 λεπτοτάτῃ
1563 391 1636 417 κόνει
1662 391 1810 425 ἐνειληῦεῖ-

1033 447 1078 468 σα,
1093 438 1180 470 οὕτως
1194 439 1299 464 ἔπινοεῖ
1312 436 1358 464 τοῦ
1382 436 1468 471 πηλοῦ
1483 436 1534 472 τὴν
1559 437 1666 472 χρείαν,
1681 437 1730 464 καὶ
1743 436 1814 463 κατὰ

1032 482 1129 518 μικρὸν
1146 482 1272 517 ἀλλήλοις
1288 482 1322 508 τὰ
1334 483 1427 518 κάρφη
1442 479 1497 508 οἷον
1513 481 1597 516 κόλλῃ
1611 482 1664 507 τινὶ
1682 480 1720 515 τῷ
1736 480 1815 514 πηλῷ

1032 528 1187 562 συνδήσασα
1210 528 1239 554 ὲν
1264 527 1333 562 αὐτῇ
1354 528 1416 558 τοὺς
1447 528 1583 557 νεοττοὺς·
1600 527 1738 561 ἐκτρέφει.
1764 523 1815 554 Ὧν

1030 574 1081 601 ὲάν
1093 581 1136 604 τις
1155 573 1312 608 ἐκκεντήσῃ
1329 573 1364 600 τὰ
1383 572 1506 607 ὃμματα,
1525 572 1583 607 ἔχει
1602 572 1662 599 τινὰ
1677 572 1752 606 παρὰ
1765 571 1814 606 τῆς

1032 620 1139 654 φύσεως
1153 619 1281 654 βοήθειαν
1300 618 1435 653 ἰατρικὴν,
1449 618 1483 644 δι’
1501 616 1533 653 ἧς
1552 618 1619 654 πρὸς
1636 617 1730 652 ὑγείαν
1746 619 1815 644 ἑπα-

1032 666 1110 700 νάγει
1129 666 1183 692 τῶν
1205 664 1325 699 ἐγγόνων
1339 664 1388 696 τὰς
1411 663 1498 697 όψεις.

1073 712 1105 738 Ἢ
1122 711 1151 737 δὲ
1169 710 1275 738 ἁλκυὼν
1289 710 1432 737 θαλάττιόν
1446 711 1520 737 ἐστιν
1535 710 1640 745 δρνεον.
1658 709 1731 743 Αὕτη
1750 709 1815 744 παρ’

1033 757 1133 787 αὐτοὺς
1149 756 1213 788 τοὺς
1238 756 1378 790 αἰγιαλοὺς
1394 755 1535 783 νοσσεύειν
1547 755 1670 789 πέφυκεν
1681 756 1710 782 ἐν
1728 754 1817 790 καιρῷ

1032 802 1178 842 χειμῶνος,
1198 802 1242 829 ἐπ’
1257 802 1342 837 αὐτῆς
1367 801 1402 828 τὰ
1427 801 1468 828 «bs
1493 801 1594 836 θεμένη
1612 803 1662 836 τῆς
1687 801 1815 836 ψάμμου,

1032 849 1078 875 ὅτε
1095 848 1203 879 πολλοῖς
1219 849 1265 884 καὶ
1285 847 1382 882 βιαίοις
1407 847 1518 882 ἀνέμοις
1541 847 1559 882 ἡ
1575 847 1697 874 θάλασσα
1716 848 1751 882 τῇ
1778 848 1815 881 γῇ

1034 895 1270 931 προσαράσσεται.
1290 894 1361 922 Ἀλλ’
1373 895 1449 929 ὅμως
1477 893 1646 928 κοιμίζονται
1667 893 1770 924 πάντις
1791 894 1817 919 οἱ

1034 943 1141 977 ἄνεμοι,
1159 940 1293 976 ἡσυχάζει
1317 940 1346 967 δὲ
1365 940 1441 975 κῦμα
1466 939 1622 973 θαλάσσιον,
1641 941 1685 967 ὅτε
1707 940 1818 968 ἁλκυὼν

1035 987 1168 1021 ὲπωάζει,
1184 988 1232 1018 τὰς
1255 986 1327 1013 ἑπτὰ
1343 986 1467 1021 δηλονότι
1489 987 1605 1021 ἡμέρας.
1624 986 1700 1012 Ἐπεὶ
1724 986 1753 1013 δὲ
1769 987 1817 1013 καὶ

1034 1035 1139 1070 τροφῆς
1154 1035 1246 1065 αὐτοῖς
1265 1033 1355 1069 χρεία,
1373 1033 1457 1065 ἄλλας
1483 1033 1553 1059 ἑπτὰ
1567 1032 1673 1068 ἡμέρας
1687 1032 1755 1067 πρὸς
1767 1032 1818 1066 τὴν

1034 1081 1089 1108 τῶν
1103 1080 1219 1107 νεοττῶν
1243 1078 1357 1114 αὔξησιν
1375 1080 1389 1104 ὁ
1406 1077 1595 1114 μεγαλόδωρος
1609 1078 1677 1113 αὐτῇ
1694 1078 1817 1113 παρέσχε

1035 1126 1112 1158 Θεός.
1129 1125 1211 1152 Ὥστε
1230 1125 1277 1151 καὶ
1298 1125 1426 1151 ναυτικοὶ
1443 1124 1544 1155 πάντες
1571 1124 1643 1150 ἴσασι
1659 1123 1749 1154 τοῦτο,
1770 1124 1818 1150 καὶ

1036 1171 1222 1203 ἀλκυονίτιδας
1247 1169 1295 1202 τὰς
1323 1170 1429 1205 ἡμέρας
1460 1169 1567 1201 ὲκείνας
1597 1169 1819 1205 προσαγορεύου-

1038 1227 1091 1245 σιν.

1077 1264 1158 1291 Ἀλλὰ
1171 1263 1216 1290 καὶ
1232 1262 1280 1298 τὴν
1295 1262 1414 1297 τρυγόνα
1442 1261 1508 1296 φασὶ
1535 1260 1740 1296 διαζευχθετσάν
1755 1268 1820 1287 ποτε
1841 1278 1848 1284 .

1036 1310 1083 1337 τοῦ
1095 1310 1231 1346 όμόζυγος
1248 1309 1347 1344 μηκέτι
1363 1309 1432 1344 πρὸς
1446 1308 1540 1343 ἕτερον
1551 1306 1748 1342 καταδέχεσθαι
1763 1314 1821 1332 κοι-

1036 1356 1145 1389 νωνίαν,
1174 1358 1270 1392 μνήμῃ
1284 1355 1331 1383 τοῦ
1355 1355 1420 1382 ποτὲ
1439 1353 1644 1389 συζευχθὲντος.
1666 1353 1820 1380 ’Δκουὲτω-

1041 1410 1091 1429 σαν
1115 1403 1143 1429 αι
1161 1403 1290 1435 γυναῖκες
1318 1402 1392 1432 ὅπως
1417 1401 1447 1428 τὺ
1463 1399 1564 1434 σεμνὸν
1581 1399 1630 1434 τῆς
1644 1398 1757 1434 χηρείας
1772 1398 1821 1425 καὶ

1039 1448 1118 1484 παρὰ
1143 1450 1198 1480 τοῖς
1225 1448 1332 1483 ἀλόγοις
1349 1447 1397 1474 τοῦ
1413 1447 1442 1474 ἐν
1456 1447 1517 1478 ταῖς
1537 1445 1719 1480 πολυγαμίαις
1735 1445 1822 1479 ἀπρε-

1039 1494 1108 1525 ποῦς
1126 1494 1337 1529 προτιμότερον.

1074 1539 1255 1573 Ἀδικῴτατος
1285 1539 1350 1574 περὶ
1379 1539 1428 1574 τὴν
1449 1539 1503 1565 τῶν
1530 1538 1650 1572 ιγγόνων
1679 1537 1784 1572 τροφὴν
1809 1537 1824 1563 ἁ

206 1590 307 1626 aquila.
324 1588 390 1616 Nam
407 1593 468 1614 cum
489 1584 577 1620 pullos
592 1582 662 1610 duos
674 1580 813 1616 produxit.
829 1578 945 1606 alterum
958 1577 983 1605 in

1043 1587 1129 1619 ἀετός.
1145 1586 1198 1613 Δύο
1221 1586 1276 1621 γὰρ
1292 1584 1435 1620 ἐξαγαγὼν
1454 1585 1590 1616 νεοσσοὺς,
1603 1583 1648 1611 τὸν
1665 1583 1759 1617 ἕτερον
1774 1583 1824 1609 αὐ-

209 1643 309 1664 tcrram
343 1633 438 1669 dejicit
463 1631 567 1658 alarum
584 1628 746 1656 verberibus
760 1629 932 1661 protrusum,
954 1622 989 1651 ob

206 1680 378 1709 educationis
391 1678 496 1706 scilicet
507 1681 645 1704 aerumnas
654 1678 736 1708 atque
750 1662 890 1699 molestias
904 1669 988 1696 fetum

207 1729 243 1756 ab
258 1735 287 1755 sc
301 1730 474 1761 procreatum
491 1727 645 1750 removens.
660 1718 714 1747 Sed
738 1717 873 1753 abiectum
888 1715 988 1750 phene,

208 1781 292 1811 quam
311 1772 471 1806 ossifragam
486 1769 592 1800 dicunt,
627 1766 718 1801 perire
743 1771 798 1791 non
821 1762 888 1790 sinit
905 1767 989 1789 :nam

209 1807 348 1847 sublatum
378 1815 435 1844 suis
466 1821 528 1841 cum
543 1811 626 1848 pullis
649 1809 757 1838 educat.
785 1807 871 1840 Quem
898 1809 990 1832 autem

147 1889 153 1894 .
208 1866 313 1902 pullum
324 1864 381 1899 ipsa
396 1861 451 1898 b2
467 1860 517 1890 alit
534 1857 638 1893 aquila,
667 1862 763 1884 secum
783 1852 881 1881 deinde
895 1850 990 1882 sumit,

208 1896 239 1940 et
252 1913 323 1939 inter
335 1896 484 1937 velandum
510 1912 572 1933 cum
600 1911 645 1935 eo,
669 1902 692 1929 si
722 1900 834 1936 quidem
860 1896 991 1925 audacter

210 1966 273 1986 aera
287 1960 426 1984 secantem
439 1952 533 1980 videat
555 1957 587 1978 ac
616 1949 682 1976 solis
700 1945 873 1982 splendorem
905 1941 994 1970 acutis

212 2006 389 2031 contuentem
409 1998 509 2029 oculis,
525 2002 556 2024 ut
572 2001 653 2023 suum
668 1993 768 2020 retinet
794 1995 876 2025 atque
891 1991 992 2020 servat,

212 2050 253 2078 sin
270 2052 372 2079 autem,
389 2052 441 2072 ceu
457 2042 581 2078 spurium
600 2038 705 2075 abiicit.

249 2095 271 2122 E
284 2091 426 2122 contrario
440 2088 564 2117 cornicis
579 2093 656 2114 amor
670 2084 697 2112 iu
715 2082 835 2111 sobolem
851 2078 994 2116 praedicari

213 2144 346 2169 meretur,
358 2143 419 2171 qua
436 2134 525 2170 pullos
537 2133 593 2168 jam
606 2130 730 2158 volantes
744 2126 925 2154 nihilominus
945 2131 994 2151 eos

213 2188 399 2215 consectatur,
420 2180 519 2216 pascit,
534 2183 563 2206 et
593 2180 704 2212 longum
731 2173 797 2203 satis
823 2173 857 2200 ad
884 2176 993 2205 tempus

1041 1634 1094 1660 τῶν
1111 1633 1152 1664 εις
1168 1633 1220 1667 γῆν
1242 1632 1453 1667 καταρρήγνυσι
1469 1631 1529 1662 ταίς
1546 1631 1666 1664 πληγαῖς
1688 1631 1742 1657 τῶν
1760 1638 1824 1656 πτε-

1043 1679 1097 1715 ρῶν
1122 1678 1326 1713 ἀπωθούμενος,
1343 1677 1386 1704 διὰ
1408 1677 1439 1704 τὸ
1462 1677 1511 1710 τῆς
1525 1676 1629 1711 τροφῆς
1650 1677 1778 1703 ιπίπονον
1793 1675 1824 1701 ὃν

1041 1725 1187 1759 ἐγέννησεν
1209 1722 1439 1758 ἁποποιούμενος.
1470 1721 1540 1748 Ἀλλ’
1562 1722 1612 1748 οὐκ
1637 1722 1669 1756 ὲᾷ
1692 1720 1788 1748 τοῦτον
1808 1720 1841 1755 ἡ“

1041 1772 1113 1806 φήνη
1139 1769 1343 1804 διαφθαρῆναι,
1367 1768 1427 1796 ἀλλ’
1451 1767 1628 1795 ὑπολαϐοῦσα
1661 1766 1745 1793 αὐτὸν
1769 1767 1824 1797 τοῖς

1041 1815 1152 1848 οἰκείοις
1168 1815 1236 1850 αὐτὴ
1252 1815 1373 1845 νεοσσοῖς
1393 1813 1586 1849 συνεκτρέφει.
1606 1813 1655 1841 Ὃν
1673 1813 1700 1839 ts
1722 1813 1827 1848 κρατή-

1034 1870 1094 1896 ,σας
1111 1861 1258 1897 ἔχθρέψειν
1273 1860 1381 1888 νεοττὸν
1402 1862 1416 1888 ὸ
1432 1860 1523 1893 ἀστὸς,
1544 1859 1680 1893 λαμϐάνει
1699 1860 1745 1885 καὶ
1762 1867 1827 1885 συν-

1045 1909 1153 1936 ίπταται
1168 1907 1253 1943 αὐτῷ,
1265 1908 1312 1934 καὶ
1330 1908 1378 1934 ἑὰν
1391 1907 1435 1944 ἴδῃ
1457 1907 1538 1934 αὑτὸν
1561 1906 1699 1944 εὐτόλμως
1717 1906 1766 1941 μὲν
1781 1905 1826 1932 τδν

1043 1954 1114 1990 ἀέρα
1129 1942 1289 1988 νηχόμενον,
1306 1942 1481 1985 ὀξυωποῧντα
1492 1952 1521 1978 δὲ
1533 1942 1605 1986 πρὸς
1618 1952 1667 1985 τὴν
1684 1951 1731 1978 τοῦ
1749 1951 1826 1986 ἡλίου

1043 2000 1234 2035 λαμπρότητα,
1247 1999 1285 2031 ὥς
1299 1999 1401 2025 οίκεῐον
1428 1998 1623 2033 περιποιεῖται,
1640 1998 1664 2023 εί
1676 1997 1704 2024 δὲ
1725 1997 1762 2032 μή
1781 2005 1825 2031 γε,

1043 2046 1080 2078 ὡς
1095 2046 1172 2072 νόθον
1187 2045 1348 2072 ἀποϐάλλει.

1086 2088 1156 2117 Ἀλλ’
1172 2089 1314 2116 ἐπαινετὸν
1326 2089 1356 2115 τδ
1368 2089 1417 2123 τῆς
1430 2087 1553 2124 κορώνης
1569 2087 1733 2122 φιλότεκνον,
1749 2087 1765 2121 ἠ
1782 2087 1831 2113 καὶ

1045 2135 1206 2170 πετομένοις
1223 2135 1273 2170 ἠδη
1290 2136 1347 2165 τοῖς
1371 2134 1489 2164 νεοττοῖς
1511 2133 1666 2168 παρέπεται
1690 2132 1830 2164 σιτίζουσα

1048 2182 1148 2213 αὐτοὺς
1173 2181 1222 2208 καὶ
1239 2180 1410 2216 ἐκτρέφουσα
1428 2180 1510 2214 μέχρι
1525 2178 1635 2206 πολλοῦ.
1653 2178 1720 2213 Περὶ
1738 2178 1829 2212 μέντοι

212 2232 322 2260 educat.
339 2230 376 2257 De
396 2227 439 2256 his
454 2233 569 2261 magnus
583 2224 628 2251 ille
641 2222 758 2250 Basilius
783 2220 842 2247 haec
858 2218 941 2246 etiam
967 2217 989 2244 ir

1049 2228 1104 2254 τῶν
1117 2226 1247 2262 κορωνῶν
1263 2226 1310 2252 καὶ
1322 2225 1384 2251 τάδε
1400 2225 1482 2259 φησὶν
1503 2225 1516 2250 ὸ
1542 2223 1628 2258 μέγας
1646 2222 1785 2253 Βασίλειος
1800 2222 1830 2246 ὲν

212 2277 338 2305 oratione
353 2282 402 2302 sua
428 2273 465 2300 De
478 2269 650 2307 providentia
680 2267 773 2295 tradit.
798 2265 881 2297 tiles,
896 2263 996 2298 inquit,

213 2329 256 2351 est
268 2322 348 2353 mira,
362 2327 427 2348 cum
440 2317 555 2346 ciconiis
571 2314 696 2343 cornices
724 2311 877 2342 discedere,
907 2308 999 2343 quasi-

212 2376 269 2404 que
284 2365 418 2394 satellites
432 2370 526 2391 earum
544 2365 573 2388 et
588 2358 695 2387 itineris
709 2357 825 2385 comites
839 2361 910 2383 esse.
926 2353 997 2386 Quin

214 2399 309 2445 etiam.
325 2418 386 2439 mea
400 2408 512 2445 quidem
528 2405 677 2438 sententia,
703 2403 796 2431 l’crunt
811 2401 853 2428 eis
865 2399 998 2427 adversus

214 2466 279 2487 aves
294 2456 427 2492 quasdam
444 2453 559 2482 hostiles
572 2450 715 2479 auxilium.
731 2446 810 2481 Quod
825 2452 885 2474 esse
900 2451 997 2472 verum

214 2505 334 2542 primum
345 2510 380 2530 eo
395 2502 475 2537 signo
490 2498 641 2533 colligitur,
658 2494 732 2531 quod
751 2501 785 2521 eo
799 2497 921 2527 tempore
932 2496 998 2517 nus-

215 2537 298 2588 quam
313 2549 368 2578 ulla
385 2548 482 2576 cornix
497 2544 695 2580 conspiciatur,
721 2539 821 2568 deinde
845 2537 918 2573 quod
935 2543 998 2565 cum

215 2581 380 2626 vulneribus
393 2596 565 2621 revertentes
580 2589 707 2625 praestita;
731 2584 872 2614 societatis
885 2581 998 2610 eviden-

215 2649 258 2672 tes
271 2646 351 2670 notas
364 2646 458 2668 secum
476 2638 591 2665 ferant.r

249 2690 310 2718 Jam
325 2686 399 2723 quod
414 2685 497 2713 rebus
511 2682 618 2711 caeteris
634 2681 720 2717 magis
733 2679 818 2707 etiam
826 2677 861 2704 ab
869 2675 999 2711 opinione

217 2736 359 2766 numinum
376 2733 518 2764 abhorret,
535 2729 660 2757 vultures
671 2728 748 2755 aiunt
760 2726 863 2760 absque
878 2723 961 2750 maris
972 2725 1000 2749 et

215 2782 324 2810 lamina:
341 2778 538 2815 conjunctione
550 2775 672 2810 gignere.
687 2776 796 2801 senecta
809 2771 890 2798 etiam
912 2769 999 2796 inex-

215 2835 300 2856 trcma
311 2837 318 2856 :
329 2834 393 2855 nam
402 2825 437 2853 ad
453 2823 640 2852 centesimum
653 2827 754 2848 annum
763 2816 880 2846 vivendo
894 2821 987 2850 perve-

214 2869 590 2907 niunt.Quamobrem;istuc?
598 2867 728 2895 nimirum
740 2872 774 2894 ne
782 2863 829 2900 qui
839 2861 1000 2898 mysterium

1048 2271 1086 2306 τῷ
1107 2271 1173 2306 Περὶ
1189 2270 1317 2305 προνοίας
1342 2269 1413 2304 λόγῳ
1432 2268 1526 2295 αὐτοῦ’
1544 2277 1554 2294 ι
1569 2267 1668 2302 Θαῠμα
1682 2267 1754 2301 μέγα
1773 2266 1830 2297 πῶς

1049 2318 1077 2344 αι
1102 2316 1222 2352 κορῶναι
1242 2317 1298 2346 τοῖς
1320 2315 1467 2349 πελαργοῖς
1485 2313 1703 2348 συναπαίρουσαι
1718 2313 1832 2346 δορυφο-

1051 2362 1145 2398 ροῦσιν
1160 2362 1253 2392 αὐτοῖς
1267 2362 1316 2388 καὶ
1339 2360 1589 2395 παραπέμπουσιν,
1608 2359 1670 2393 ἐμοὶ
1684 2358 1769 2389 δοκεῖ,
1784 2357 1830 2382 καὶ

1049 2407 1210 2443 συμμαχίαν
1234 2406 1327 2437 αὐτοῖς
1351 2413 1414 2433 τινα
1443 2404 1596 2440 παρέχουσι
1620 2402 1690 2438 πρὸς
1719 2401 1831 2437 ὄρνιθας

1049 2452 1207 2486 πολεμίους,
1232 2451 1350 2486 Σημεῖον
1374 2450 1403 2476 δὲ
1425 2449 1534 2485 πρῶτον
1559 2448 1609 2482 μὲν
1633 2448 1671 2483 μὴ
1687 2446 1831 2481 φαίνεσθαι

1050 2496 1102 2523 ὑπὸ
1116 2496 1163 2522 τὸν
1178 2495 1274 2530 καιρὸν
1287 2495 1391 2521 ἐκεῖνον
1403 2492 1526 2528 κορώνην
1540 2492 1725 2519 παντάπασιν
1737 2491 1832 2516 ἔπειτα

1051 2541 1120 2577 μετὰ
1150 2541 1316 2577 τραυμάτων
1352 2538 1570 2574 ἔπανερχόμεναι
1597 2537 1647 2571 τῆς
1677 2535 1833 2570 συμμαχίας

1050 2587 1155 2623 ἐναργῆ
1169 2587 1271 2622 σημεῖα
1292 2586 1449 2621 κομίζουσι.
1469 2594 1478 2610 ι

1086 2676 1123 2703 Τὸ
1139 2675 1168 2702 δέ
1191 2683 1224 2710 γε
1246 2675 1329 2701 πλέον
1348 2673 1403 2701 τῶν
1418 2672 1506 2699 ἄλλων
1522 2669 1755 2706 παραδοξότερον,
1771 2668 1834 2698 τοὺς

1049 2722 1139 2758 γῦπάς
1150 2730 1233 2753 φασιν
1242 2720 1431 2750 ἀσυνδυάστως
1443 2718 1557 2749 τίκτειν,
1570 2718 1618 2744 καὶ
1628 2715 1716 2742 ταῦτα
1729 2721 1835 2750 μακρο-

1052 2768 1205 2799 ϐιωτάτους
1216 2767 1304 2800 ὄντας,
1321 2766 1367 2792 καὶ
1382 2765 1479 2799 μέχρις
1499 2763 1596 2789 ἑκατὸν
1609 2762 1679 2788 ὲτῶν
1693 2762 1742 2794 τὴν
1763 2759 1835 2793 (Ith

1051 2814 1141 2841 αὐτῶν
1155 2811 1394 2849 παρεκτείνεσθαι.
1421 2810 1470 2837 Διὰ
1490 2810 1515 2836 τί
1529 2809 1558 2836 δὲ
1579 2809 1671 2842 τοῦτο,
1701 2808 1749 2834 καὶ
1762 2806 1836 2837 τίνος

1051 2861 1160 2894 ἓνεκεν;
1178 2861 1221 2887 ἵνα
1241 2859 1295 2893 γὰρ
1320 2859 1358 2893 μή
1374 2866 1446 2889 τινες
1474 2856 1622 2891 ὲπιγελῶσι
1643 2855 1682 2890 τῷ
1697 2853 1838 2890 μυστηρίῳ
