1944 3072
106 138 147 172 iul

734 136 938 168 ANNALIUM
957 136 1053 166 PARS
1077 137 1101 166 ι.

1675 135 1725 168 102

103 197 188 233 ἡμῶν,
204 197 242 228 ὡς
257 196 386 224 ἀδύνατον
401 196 533 235 παρθένον
551 197 642 223 τεκεῖν
664 197 711 222 καὶ
729 195 810 226 αὖθις
826 197 885 230 μεῖ-

956 194 1230 226 οειτιιιῐιὶττίιιοτυιιι,
1248 194 1323 229 quasi
1354 193 1414 221 ﬁeri
1449 198 1567 228 nequeat
1595 198 1625 221 ut
1637 199 1723 228 pariat

107 252 141 270 let
159 243 317 279 παρθένον,
351 242 451 278 μυρίας
481 242 513 269 ὲκ
542 242 592 277 τῆς
620 241 728 275 φύσεως
757 241 884 276 ἀφορμὰς

104 287 166 322 πρὸς
187 287 239 323 τὴν
255 287 347 313 πίστιν
364 287 419 313 τῶν
435 285 595 321 παραδόξων
610 286 753 321 προλαϐὼν
769 286 886 313 κατεδά-

103 333 171 359 ista.
199 333 255 360 Καὶ
278 332 352 359 οὕτω
373 333 422 368 μὲν
448 333 636 368 περὶτούτων
663 334 676 359 ὀ
701 332 788 367 μέγας
805 332 887 358 Βασί-

104 378 190 410 letor
206 379 231 404 οί
243 378 272 405 δέ
288 387 321 412 γε
335 379 384 410 τὰς
399 379 495 413 φύσεις
509 378 565 405 τῶν
580 379 659 410 ζώων
670 377 886 412 διασκεψάμενοι

104 426 192 459 τριετῆ
207 425 303 459 χρόνον
313 425 378 456 τοὺς
396 425 486 460 γῦπας
502 426 667 460 ὲγκυμονείν
681 424 885 460 τερατεύονται.

105 471 154 497 Καὶ
171 470 230 502 τῶς
249 470 343 498 ἄκουε.
356 471 413 498 Οὐκ
427 471 501 498 ἔστιν
513 472 618 506 ᾶρῤενα
630 471 709 505 γῦπα
724 469 886 497 θεάσασθαι·

105 516 299 548 ἁσυνδυάστως
326 517 382 551 γὰρ
413 517 512 549 αὐτοὺς
541 517 645 543 τίκτειν
671 516 749 551 νόμοι
780 515 888 550 φύσεως

105 562 351 598 παρακελεύονται,
369 563 432 590 ὅθεν
462 564 509 590 καὶ
537 564 592 590 πᾶν
608 563 639 589 τὸ
660 563 738 597 γένος
763 562 855 588 αὐτῶν
870 562 887 597 ἠ

104 608 148 633 τοῦ
175 607 271 642 θήλεος
303 607 385 641 φύσις
414 607 565 642 ἠνέγκατο.
589 607 680 642 Ὅπερ
708 607 889 642 ἐπιστάμενοι

106 652 255 686 γῦπες-καὶ
279 653 330 688 τὴν
354 653 475 688 ἐρημίαν
500 653 618 685 δεδιότες
635 653 691 680 τῶν
714 653 828 685 τέκνων,
846 652 888 683 είς

104 700 232 734 ἐπιγονὴν
249 699 324 727 ἅπαν
344 700 376 728 τδ
401 700 479 735 γένος
495 700 686 736 στρατεύεται.
700 700 748 727 καὶ
762 700 847 735 δρῶσί
862 708 889 727 τι

105 744 224 779 σόφισμα
242 744 367 780 ἄριστον.
394 745 439 780 Τῷ
465 745 534 780 νότῳ
568 746 616 772 καὶ
638 745 692 780 γὰρ
720 745 888 781 ἀντίπρωροι

105 789 244 817 πέτανται.
267 788 299 816 Et
325 789 353 816 δὲ
372 790 409 824 μὴ
433 790 508 822 νότος
528 791 584 824 εἴη,
611 789 650 825 τῷ
666 791 794 824 συγγενεῖ
817 789 890 826 εὔρῳ

106 834 223 862 ἁπλοῦσι
255 835 306 867 τὰς
335 836 494 871 πτέρυγας,
522 834 583 864 εῐτα
612 837 744 872 κεχήνασι
769 836 817 863 καὶ
842 835 889 863 τοῦ

940 241 1017 276 virgo
1030 245 1058 267 et
1073 239 1254 268 nihilominus
1270 239 1347 275 virgo
1363 245 1484 271 maneat,
1501 247 1535 267 ex
1557 240 1616 275 ipsa
1630 245 1724 268 natura

939 285 1013 313 Deus
1026 285 1107 313 nobis
1121 290 1227 314 tantum
1240 293 1294 313 non
1308 286 1430 314 inﬁnitas
1446 287 1631 321 suppeditavit
1647 295 1726 315 oeca-

941 334 1034 360 siones
1051 332 1171 372 faciundi
1186 332 1267 360 tidem
1288 333 1373 360 rebus
1399 332 1567 366 caatcroquin
1598 332 1727 361 absurdis

941 383 970 406 et
984 382 1087 406 uestrae
1100 378 1226 413 opinioni
1244 385 1298 405 non
1315 377 1555 413 respondentibus.
1574 379 1630 407 Hoc
1647 379 1727 408 modo

943 425 977 452 de
993 424 1035 451 his
1048 424 1165 452 Basilius
1182 424 1305 452 disserit.
1320 424 1420 452 Caeteri
1448 431 1525 456 vero,
1548 425 1595 459 qui
1616 431 1729 453 naturas

941 471 1100 498 animalium
1119 476 1278 505 perspectas
1292 470 1406 501 habent,
1424 470 1549 497 vultures
1565 474 1622 498 toto
1642 471 1728 498 trien-

941 517 990 543 nio
1004 521 1115 551 gestare
1137 521 1248 543 uterum
1272 515 1430 551 prodigiose
1461 515 1584 544 tradunt.
1612 517 1728 549 Quinam

943 561 1033 589 istuc?
1048 562 1130 589 Audi.
1148 562 1248 589 Vultur
1263 569 1321 588 mas
1343 561 1436 590 nullus
1450 562 1631 596 conspicitur.
1663 562 1730 590 Nam

943 607 1047 642 absque
1059 607 1144 635 duum
1160 608 1355 643 coniunctione
1370 607 1484 642 gignere
1508 607 1542 634 de
1570 607 1732 643 praescripto

942 658 1048 680 natura:
1064 653 1165 680 solent.
1185 652 1246 685 Quo
1273 651 1304 679 iit
1333 657 1364 680 ut
1377 659 1475 679 eorum
1505 652 1633 680 universa
1658 653 1733 681 natio

943 698 1076 726 consistat
1090 697 1118 725 in
1133 697 1254 725 feminis.
1270 697 1328 725 Hoc
1343 705 1406 725 cum
1422 705 1478 725 non
1499 697 1629 733 ignorent
1645 699 1735 726 vuitu-

944 752 999 778 res,
1015 744 1144 772 orbitatis
1161 748 1237 773 metu
1250 743 1333 771 simul
1353 743 1476 771 universi
1489 744 1522 771 ad
1541 743 1728 773 i'etiﬁcandum

946 790 1094 826 quamdam
1125 789 1201 818 velut
1225 789 1428 824 expeditionem
1448 789 1613 823 suscipiunt.
1639 790 1726 818 Hicsi

945 836 1040 864 nullas
1052 837 1093 863 eis
1106 843 1168 864 sese
1185 835 1286 862 Auster
1301 834 1451 867 oﬂerat,ad
1466 840 1612 870 cognatum
1627 835 1734 865 Eurum

108 879 265 915 πνεύματος
294 880 480 916 ἐμφοροῦνται
510 880 676 914 εξσρέοντος,
696 881 743 908 καὶ
768 881 892 908 τίκτουσι

955 883 1002 910 llas
1014 881 1185 918 expandunt.
1218 881 1285 908 Inde
1313 888 1362 915 per
1376 881 1434 908 oris
1447 880 1553 909 hiatum
1582 886 1665 908 vento
1692 881 1737 909 ἰη-

107 926 174 959 ζῶα,
192 928 230 962 μή
244 926 336 961 μέντοι
352 935 384 960 γε
400 926 443 955 ὼὰ
458 926 609 962 ὑπηνέμια.
629 927 675 954 Διὸ
689 926 815 954 πλείστου
831 927 895 963 χρό-

106 981 152 999 νου
162 973 250 1000 δεῖται
266 974 283 1008 ἡ
303 973 386 1007 φύσις
409 973 479 1009 πρὸς
497 973 570 1005 ζὼου
583 973 799 1009 τελεσιουργίανο
817 973 896 1009 χαλε-

107 1019 157 1046 πὸν
182 1019 239 1055 γὰρ
269 1020 316 1046 καὶ
350 1020 411 1046 λίαν
434 1019 555 1054 ἐργῶδες
578 1020 611 1054 τῇ
629 1019 709 1053 φύσει
722 1019 896 1046 οὐσιῶσαιτδ

106 1065 216 1100 πνεῦμα
231 1066 279 1094 καὶ
296 1066 365 1101 πρὸς
392 1065 464 1097 ζῶον
490 1065 695 1101 πλαστουργεῖν
711 1064 742 1092 τὸ
764 1065 896 1092 λεπτότα-

106 1120 163 1140 τον.
196 1113 324 1139 Ἐπειδὰν
352 1112 443 1140 τοίνυν
468 1112 581 1143 ἀκούεις
613 1112 660 1138 καὶ
689 1111 723 1138 σὺ
748 1111 898 1147 συναφείας

105 1156 173 1184 ἄνευ
199 1156 389 1190 ἐγκυμονῆσαι
410 1156 460 1191 τὴν
489 1156 654 1191 Πάναγνον,
674 1156 808 1192 πρότερον
827 1158 896 1193 αὐτῇ

105 1200 267 1236 Πνιύματος
300 1201 379 1235 ἁγίου
411 1201 625 1233 ὲπισκιάσαντος
654 1203 701 1228 καὶ
729 1202 775 1228 τοῦ
794 1202 898 1237 Κυρίου

103 1247 179 1274 κατὰ
196 1247 243 1274 τὸν
271 1249 418 1283 προφήτην
443 1247 497 1275 ἀπὸ
525 1248 635 1284 Θαιμάν
669 1249 808 1284 ἥεαντος,
835 1248 899 1284 μηδ’

105 1294 178 1325 ὅλως
192 1293 304 1320 ἀπίστει
318 1294 357 1329 τῷ
374 1294 531 1330 πράγματι,
545 1294 604 1322 κᾶν»
615 1294 688 1329 μέγα
700 1295 738 1330 τῷ
752 1295 809 1321 δντι
826 1294 900 1321 δοκεῖ

105 1341 158 1368 καὶ
173 1340 339 1376 -ιπαράδιιιξον⁹
357 1341 404 1366 ἐπὶ
422 1340 476 1374 γὰρ
491 1340 582 1375 τούτῳ
597 1340 645 1368 καὶ
673 1340 690 1374 ὴ
716 1339 792 1374 παρὰ
817 1339 900 1374 φύσιν

104 1387 163 1414 τῶν
178 1387 274 1422 γυπῶν
287 1387 423 1422 κυοφορία
435 1386 597 1422 θαυμασίως
608 1385 680 1413 οὕτω
689 1385 729 1422 τῷ
744 1386 804 1421 Θεῷ
818 1394 902 1422 προη-

104 1434 268 1468 τοίμασται.
285 1434 406 1468 Λέγεται
431 1434 486 1468 γὰρ
514 1433 555 1460 ὅτι
583 1433 733 1468 γενόμενος
763 1432 863 1467 ἔγκυος
886 1433 899 1459 ὁ

103 1481 165 1515 γὺψ
176 1481 327 1516 πορεύεται
341 1482 381 1513 είς
398 1480 448 1515 τὴν
465 1480 594 1515 Ἰνδικὴν,
608 1480 656 1506 καὶ
671 1479 761 1506 λαδὼν
781 1479 856 1505 λίθον
871 1478 902 1506 τὸ

104 1526 282 1562 καλούμενον
299 1526 424 1554 εὒτόκιον
447 1526 540 1553 ἐπάνω
558 1526 642 1553 αὐτοῦ
658 1524 776 1561 κάθηται
790 1525 902 1560 συνεχό-

945 928 1049 956 ﬂuente
1064 928 1216 964 replentur,
1233 931 1260 956 et
1271 927 1411 960 animalia,
1427 934 1481 954 non
1508 934 1560 955 ova
1586 927 1738 955 subventa-

946 982 997 1002 nea
1012 974 1138 1010 gignunt.
1161 975 1228 1007 Qu:
1241 981 1326 1002 causa
1355 978 1397 1002 est
1410 973 1591 1009 quamobrem
1619 973 1739 1002 maxime

947 1022 1082 1056 temporis
1098 1020 1186 1055 spatio
1202 1025 1302 1048 natura
1320 1019 1406 1056 hujus
1422 1019 1457 1047 ad
1485 1019 1616 1048 animalis
1629 1019 1741 1048 absolu-

947 1067 1052 1094 tionem
1070 1066 1203 1102 indigeat.
1225 1066 1293 1094 Nam
1310 1066 1421 1094 diliicile
1433 1070 1461 1093 et
1471 1074 1619 1102 operozsum
1634 1071 1676 1095 est
1690 1074 1741 1095 na-

948 1117 1016 1140 turas
1031 1113 1065 1141 de
1080 1117 1163 1141 vento
1177 1113 1324 1148 quamdam
1341 1113 1492 1141 essentiam
1515 1113 1625 1142 eﬂicere
1651 1113 1741 1148 deque

949 1166 980 1185 re
994 1158 1074 1194 longe
1089 1158 1270 1187 subtilissima
1284 1162 1312 1186 et
1339 1159 1403 1187 exi‘li
1437 1167 1548 1194 prorsus
1575 1159 1676 1188 animal
1693 1159 1742 1188 iin-

949 1211 1025 1239 gere.
1039 1204 1109 1232 Cum
1124 1204 1211 1240 igitur
1236 1204 1334 1232 audies
1351 1204 1492 1241 Virginem
1521 1205 1597 1233 illam
1625 1205 1743 1240 purissio

950 1257 1022 1277 mam
1039 1250 1143 1284 absque
1157 1250 1215 1278 ullo
1234 1251 1286 1278 viri
1313 1251 1483 1281 commercio
1500 1251 1640 1287 gravidam
1656 1251 1743 1279 fuisse

951 1295 1062 1329 factam,
1084 1303 1147 1324 cum
1165 1296 1242 1332 prius
1257 1304 1318 1324 eam
1330 1301 1443 1325 sanctus
1455 1297 1500 1325 ilie
1517 1297 1641 1332 Spiritus
1653 1298 1744 1325 inum-

952 1342 1062 1370 brasset
1077 1350 1109 1369 ac
1122 1343 1270 1375 Dominus,
1301 1344 1341 1370 uti
1362 1348 1437 1371 vates
1453 1343 1587 1378 loquitur,
1615 1343 1649 1371 de
1667 1343 1745 1371 Thae—

952 1396 1031 1415 mane
1044 1388 1174 1419 venisset,
1196 1396 1369 1423 nequa‘tuam
1393 1389 1459 1417 huic
1487 1390 1526 1416 rei
1553 1388 1635 1416 ﬁdem
1662 1389 1746 1417 dero-

953 1437 1027 1468 gata,
1061 1434 1172 1461 tametsi
1198 1441 1298 1469 reapse
1317 1442 1414 1469 magna
1442 1435 1569 1462 videatur
1599 1434 1695 1470 8143
1712 1436 1746 1462 ah

953 1479 1085 1514 opinione
1103 1479 1246 1508 hominum
1264 1481 1431 1509 abhorrens.
1461 1481 1529 1509 Nam
1558 1489 1590 1509 ea
1612 1482 1646 1509 de
1662 1489 1747 1509 causa

954 1526 1094 1553 vulturum
1118 1534 1230 1561 quoque
1259 1528 1401 1561 conceptio
1428 1532 1483 1554 tam
1511 1527 1714 1555 admirabiliter
1731 1536 1746 1555 ιι

105 1581 193 1608 μενος
212 1573 300 1605 ὠδῖσι,
313 1573 359 1599 καὶ
381 1571 468 1604 οὕτως
487 1571 642 1599 ἀποτίκτει.
665 1571 696 1597 '0
716 1571 809 1605 μέντοι
826 1570 894 1602 λίθος

955 1573 1012 1600 Deo
1029 1577 1070 1601 est
1085 1573 1221 1601 instituta.
1239 1573 1370 1601 Traditur
1384 1578 1475 1601 autem
1502 1575 1690 1602 monumentis
1703 1574 1749 1601 lit-

106 1618 265 1654 περιφερὴς
280 1619 318 1651 ὡς
343 1618 458 1653 κάρυον,
475 1619 523 1644 καὶ
541 1617 702 1652 κινούμενος
715 1615 783 1652 ἦχον
796 1617 902 1652 ἐκπέμ-

100 1675 156 1692 ττιι
185 1666 225 1697 ὠς
251 1665 362 1698 κώδὼν,
383 1664 491 1693 ἔνδοθεν
520 1664 615 1699 ἑτέρου
633 1663 708 1690 λίθου
727 1663 899 1698 κινουμένου.

99 1712 177 1739 Φασὶ
198 1711 228 1739 δὲ
255 1712 303 1740 καὶ
325 1711 404 1738 τοῦτο
422 1710 488 1745 περὶ
512 1710 610 1745 γυπὸς,
637 1709 678 1736 ὅτι
705 1709 784 1744 μύρῳ
804 1708 901 1744 ῥοδίνῳ

97 1756 232 1794 χρισθεὶς
250 1756 433 1791 ἀποθνήσκει.

955 1623 1077 1646 terarum
1093 1619 1245 1651 vulturem,
1267 1623 1448 1654 posteaquam
1463 1620 1633 1655 conceperit,
1654 1620 1686 1647 in
1703 1618 1748 1647 1ο-

957 1664 1031 1692 diam
1049 1671 1111 1692 sese
1128 1665 1268 1698 conferre,
1289 1670 1459 1700 naetumque
1485 1666 1616 1701 lapidem,
1636 1674 1718 1701 quem
1736 1674 1749 1692 τι

956 1709 1092 1737 facilitate
1106 1714 1204 1745 partus
1218 1718 1301 1745 quem
1318 1711 1432 1747 adjuvat
1464 1712 1611 1739 Eutocium
1639 1717 1750 1744 vocant,

956 1756 983 1782 in
996 1763 1030 1783 eo
1045 1763 1073 1784 se
1089 1757 1256 1792 parturigine
1280 1761 1408 1784 vexatum
1424 1757 1577 1790 collocare,
1598 1764 1682 1794 atque
1704 1758 1751 1784 illo

99 1805 194 1833 modo
206 1811 316 1840 parere.
343 1803 426 1838 Lapis
463 1802 522 1837 ipse
554 1801 689 1829 rotundus
712 1805 765 1834 est,
791 1801 922 1829 avellanae
941 1801 1021 1829 nucis
1038 1802 1136 1834 instar,
1172 1807 1200 1830 et
1222 1810 1370 1830 succussus
1400 1804 1426 1830 in
1453 1811 1558 1831 morem
1574 1805 1750 1832 tintinnabuli

96 1861 207 1882 sonum
223 1852 292 1884 edit,
308 1855 384 1879 moto
399 1851 474 1879 intus
485 1851 540 1878 alio
551 1850 654 1885 lapide.
667 1850 834 1878 Perhibetur
846 1850 899 1877 hoc
917 1850 1000 1878 etiam
1026 1851 1060 1878 de
1075 1851 1197 1885 vulture,
1225 1852 1299 1886 quod
1338 1857 1482 1887 unguenlo
1515 1860 1629 1880 rosacco
1649 1860 1753 1889 perun-

96 1907 172 1932 ctus
189 1901 336 1929 moriatur.

150 1947 313 1983 Θαυμάσειε
336 1946 358 1972 δ’
375 1945 407 1972 ἄν
431 1954 474 1977 τις
496 1946 545 1972 καὶ
572 1945 602 1971 τὸ
626 1944 682 1972 τῶν
706 1944 835 1980 κοράκων
849 1944 904 1971 τῶν

95 1993 320 2028 διαληφθέντων
344 1992 394 2018 οὐκ
422 1991 548 2018 ἔλασσον.
576 1989 734 2018 Πεπὸνθασί
760 1999 786 2017 τι
819 1989 905 2021 πάθος

97 2041 172 2075 ὥρα
187 2038 284 2074 θέρους
300 2037 325 2063 oi
338 2036 470 2071 κόρακες,
491 2036 522 2062 τὸ
536 2036 566 2062 δὲ
578 2035 665 2067 πάθος
681 2035 741 2063 ἐστὶ
757 2035 836 2071 ῥύσις
852 2043 904 2069 γα-

96 2085 206 2121 στρός.
236 2082 379 2111 Ἐντεῦθεν
403 2082 522 2116 ποταμοὶ
551 2082 599 2109 καὶ
625 2082 714 2116 πηγαὶ
739 2082 787 2108 καὶ
811 2081 907 2116 λίμναι

94 2130 190 2158 οὐδέν
206 2137 234 2155 τι
249 2128 346 2163 χρῆμα
367 2126 438 2155 κατά
449 2135 481 2162 γε
499 2127 531 2153 τὸ
552 2126 632 2162 θέρος
651 2128 707 2158 τοῖς
724 2126 848 2162 κόραξιν,
863 2126 908 2153 ἵνα

103 2176 156 2212 μὴ
173 2175 214 2210 τῷ
232 2174 311 2209 ὑγρῷ
324 2174 342 2209 ἡ
364 2173 414 2207 τῆς
440 2173 561 2208 γαστρὸς
578 2174 658 2208 ῥύσις
679 2173 758 2208 σχοίη
771 2173 909 2200 ἐπίτασιν.

995 1943 1032 1970 De
1045 1943 1136 1971 corvis
1148 1950 1261 1978 quoque
1278 1951 1332 1971 non
1347 1944 1398 1972 abs
1413 1952 1442 1971 re
1456 1944 1520 1979 quis
1539 1945 1663 1979 miretur,
1679 1947 1753 1981 quod

961 1989 1098 2016 hactenus
1111 1989 1238 2017 indicatis
1254 1997 1309 2016 non
1325 1994 1368 2018 est
1393 1989 1523 2018 inferius.
1560 1989 1666 2019 ΑΕΒιίνο
1684 1996 1753 2021 tem-

962 2041 1028 2068 pore
1045 2034 1122 2061 corvi
1153 2034 1273 2069 qundam
1301 2035 1398 2063 morbo
1417 2035 1558 2063 laborant.
1585 2036 1609 2063 ls
1638 2038 1753 2066 morbus

961 2080 1068 2107 ventris
1098 2085 1141 2107 est
1158 2080 1334 2115 proﬂuvium.
1350 2081 1534 2115 Quamobrem
1553 2081 1640 2114 ﬂuvii,
1655 2082 1755 2117 fontes,

965 2130 1059 2160 stagna
1071 2133 1121 2160 per
1133 2131 1255 2154 :estatcm
1275 2127 1344 2154 nulli
1360 2132 1426 2155 sunt
1443 2120 1536 2155 cor-vis
1552 2129 1625 2160 usui,
1658 2136 1692 2157 ne
1706 2137 1755 2163 per

964 2171 1110 2199 humorem
1128 2173 1233 2200 ventris
1249 2173 1294 2201 illa
1313 2173 1398 2201 ﬂuxio
1412 2175 1498 2210 magis
1510 2175 1593 2202 etiam
1614 2175 1753 2210 adaugea-

98 2224 208 2250 ἰσασι
223 2222 314 2248 τοίνυν
333 2219 380 2246 καὶ
405 2219 511 2255 διαίτης
526 2219 625 2255 τέχνην
644 2220 667 2246 oi
683 2220 812 2253 κόρακας,
827 2219 857 2245 οὐ
874 2227 894 2246 τι

966 2222 1021 2244 tur.
1038 2218 1076 2245 De
1088 2226 1142 2253 quo
1157 2219 1262 2247 scilicet
1275 2219 1440 2254 intelligitur
1455 2220 1541 2247 etiam
1556 2220 1645 2247 diaetae
1668 2221 1754 2248 ratio-

102 2267 328 2302 Ἰπποκράτους
346 2266 548 2298 παιδευθέντες,
561 2267 592 2292 οὐ
614 2266 647 2294 τὰ
665 2266 814 2301 Χείρωνος,
833 2265 864 2292 οὗ
878 2265 912 2293 τὰ

90 2313 263 2348 Μαχάονος
287 2311 434 2347 φάρμακα,
458 2310 608 2338 κάντεῦθεν
641 2311 691 2346 μὲν
720 2311 804 2345 ὁρῶσι
829 2319 913 2338 ποτα-

91 2359 196 2396 μοὺς,
218 2357 278 2384 ἀλλ’
296 2357 371 2392 ὅμως
392 2356 483 2382 πίνειν
502 2356 624 2388 ἐκείνοις
642 2356 694 2382 οὐκ
713 2355 836 2386 ινιστιν,
855 2355 913 2382 ἀλλ’

84 2402 160 2434 οἷα
174 2404 314 2430 Τάνταλοι
340 2402 520 2438 κολαζόμενοι
541 2402 711 2438 δριμυτέραν
727 2401 807 2438 δίκην
822 2401 911 2429 ταῦτα

87 2461 108 2478 ε
117 2452 131 2478 ι
136 2449 341 2485 πράττονται.

143 2535 315 2572 Θαυμάζειν
336 2544 365 2563 σε
380 2535 456 2568 ἄξιον
472 2537 518 2563 καὶ
533 2536 578 2562 διὰ
591 2536 617 2562 τί
637 2537 686 2571 τῆς
698 2535 770 2572 ᾠδῆς
784 2537 808 2562 οἱ
824 2537 911 2563 τέττι-

88 2594 166 2622 {ac
187 2586 218 2612 tv
234 2584 311 2619 μέσῳ
334 2584 410 2619 θέρει
433 2583 618 2618 ἀπάρχονται.
646 2583 753 2619 Ψυχροί
768 2592 841 2615 eve;
862 2584 912 2618 τὴν

81 2634 205 2669 ᾇύσιν
220 2632 257 2658 οἱ
281 2631 415 2665 τέττιγες,
437 2630 482 2657 διδ
502 2631 549 2656 καὶ
574 2630 644 2665 μετὰ
672 2630 781 2664 θερινὰς
808 2630 913 2666 τροπὰς

79 2679 296 2714 ἱπάρχονται
318 2677 369 2711 τῆς
389 2677 474 2712 ᾠδῆς,
500 2677 545 2704 καὶ
565 2677 641 2711 ὴλίου
663 2677 856 2711 ἀπαρχομένου
869 2677 914 2704 τὸν

75 2725 228 2756 βαυτῶν
253 2724 364 2760 μετίασι
386 2724 510 2751 κέλαδον.
535 2720 630 2757 Ἐφἰἶ)
658 2723 705 2748 καὶ
735 2723 912 2759 μεσημϐρίας

66 2772 190 2802 εἰσὶν
209 2769 391 2805 ᾠδικώτεροι.
411 2768 443 2795 'il
466 2770 558 2804 μέντοι
588 2768 684 2803 θήλεια
719 2768 811 2800 τέττιξ
841 2769 910 2795 πολὺ

66 2816 283 2857 ψυχροτέρα
295 2814 343 2841 τοῦ
364 2814 477 2849 ἄρρενος
491 2813 558 2841 οὖσα
576 2812 709 2840 σιωπῶσα
722 2813 846 2848 ὲφιζάνει
859 2815 914 2845 τοῖς

65 2872 82 2895 ε
97 2863 264 2899 ένδρεσι,
281 2861 316 2888 τὰ
337 2860 498 2896 Πυθαγόρου
526 2860 621 2897 ὥσπερ
646 2859 802 2894 διδαχθεῖσα
824 2860 915 2893 διδάγ-

964 2271 1026 2290 nem
1040 2263 1091 2291 sibi
1108 2265 1319 2293 convenientem
1338 2273 1435 2293 corvos
1447 2273 1501 2293 non
1516 2266 1655 2301 ignorare,
1669 2274 1758 2301 quan-

964 2317 1048 2344 quam
1069 2317 1121 2337 nec
1137 2310 1317 2346 Hippocratis
1341 2319 1394 2338 nec
1413 2311 1545 2338 Chironis
1561 2319 1612 2339 nec
1630 2311 1757 2339 iiachao‘

964 2356 1007 2383 nis
1037 2356 1161 2384 remedia
1186 2357 1319 2385 discendo
1339 2364 1467 2393 percepta
1501 2363 1624 2386 teneant.
1650 2358 1757 2386 Idcirco

964 2401 1064 2429 ﬂuvios
1078 2402 1190 2437 quidem
1207 2402 1363 2436 intuentur,
1393 2404 1440 2431 sed
1458 2403 1572 2431 haurire
1601 2403 1636 2431 de
1653 2404 1687 2431 iis
1707 2412 1757 2431 ne-

965 2450 1082 2479 queunt,
1096 2453 1264 2481 gravemque
1278 2447 1349 2474 hanc
1363 2447 1433 2475 adeo
1446 2455 1556 2483 pinnam
1571 2448 1663 2481 luunt,
1676 2450 1755 2484 quasi

966 2491 1074 2519 Tantali
1091 2492 1204 2527 quidam
1224 2493 1342 2520 multati.

1001 2536 1123 2564 Meretur
1145 2541 1172 2564 et
1187 2537 1241 2564 hoc
1264 2538 1490 2570 admirationem,
1520 2539 1701 2573 quamobrem
1715 2539 1756 2566 ci-

965 2583 1039 2609 cadas
1050 2588 1161 2609 cantum
1175 2590 1256 2610 suum
1270 2588 1363 2611 aestate
1375 2584 1464 2612 media
1479 2585 1598 2620 primum
1612 2584 1754 2620 incipiant.

966 2628 1102 2656 Nimirum
1118 2632 1217 2656 natura
1241 2629 1347 2665 frigidae
1364 2634 1439 2661 sunt,
1471 2638 1525 2666 qua
1547 2630 1581 2658 de
1595 2638 1678 2658 causa
1692 2634 1755 2665 post

965 2675 1092 2702 aestivum
1109 2675 1258 2702 solstitium
1275 2677 1394 2704 canendi
1423 2677 1528 2705 faciunt
1550 2677 1676 2710 initium;
1705 2684 1756 2704 nec

967 2721 1020 2748 nisi
1032 2726 1129 2749 exorto
1142 2722 1200 2750 sole
1216 2727 1354 2758 strepunt,
1373 2724 1491 2758 ipsoque
1507 2723 1624 2750 meridie
1637 2723 1754 2751 maxime

967 2773 1031 2794 sunt
1044 2775 1163 2795 canorae.
1189 2768 1222 2796 Et
1237 2769 1348 2803 quidem
1379 2769 1487 2796 i'emella
1516 2776 1579 2796 cum
1610 2769 1692 2803 longe
1719 2769 1755 2796 sit

970 2821 1046 2840 mare
1060 2813 1198 2849 frigidior,
1217 2815 1368 2842 arboribus
1383 2814 1521 2841 taciturna
1536 2814 1650 2846 insidet,
1675 2815 1754 2850 quasi

968 2861 991 2888 si
1010 2860 1170 2896 Pythagorae
1205 2861 1359 2899 disciplinis
1374 2867 1447 2890 esset
1472 2861 1586 2890 imbuta.
1601 2862 1652 2897 Qui
1674 2863 1705 2892 ﬁt
1720 2868 1750 2892 ut
