1944 3072
123 120 162 154 105

714 127 917 159 ANNALIUM
939 130 1037 162 PARS
1057 132 1080 164 Ῐ.

1665 137 1719 168 106

119 179 143 205 τὸ
161 179 238 214 ὄρνεον
256 179 283 206 εἴ
309 188 374 208 ποτε
407 179 515 215 φύσεως
548 181 656 217 ἀνάγκη
687 183 755 217 πρὸς
769 183 872 219 ἄλληλα

934 193 1049 216 nutuam
1067 189 1100 217 ad
1114 189 1335 225 coniunctionem
1349 189 1526 225 pertrahitur,
1542 190 1618 225 quasi
1630 192 1712 226 quid-

119 225 289 257 συνδυάζεσθαι
318 226 478 254 καθέλκοιτο
494 247 501 259 ,
533 227 583 254 ire
607 228 640 263 δὴ
667 228 718 264 τὴν
745 230 874 257 ιντεῦθεν

119 270 194 305 ἀηδίαν
204 272 352 305 παριστῶν.
368 272 399 298 Et
414 272 442 299 δὲ
457 272 546 300 ταῦτα
561 273 649 305 οὕτως
668 273 737 310 ἔχει,
753 266 781 301 τί
793 276 875 310 ποιή-

118 324 184 351 σομεν
195 317 288 352 ήμεῖς;
305 318 331 344 ot
345 317 417 353 λόγῳ
438 319 488 354 μὲν
502 319 691 354 τετιμημένοι,
709 322 769 352 ταῖς
783 321 812 348 δὲ
827 321 875 348 τοῦ

118 361 165 397 βίον
179 364 240 390 κατὰ
251 363 381 391 τοσοῦτον
398 364 505 398 ἡδοναῖς
526 366 734 400 ὲμπεδούμενοι.

145 409 191 436 Καὶ
209 410 273 444 περὶ
303 410 353 446 μὲν
374 411 422 437 τοῦ
451 410 613 445 πελεκάνου,
638 409 669 439 οὗ
694 413 740 440 καὶ
763 413 778 440 6
794 413 876 442 Δασὶδ

118 455 231 491 μέμνηται
249 457 351 491 λέγων·
370 466 380 484 ‹
391 457 545 492 Ὧμοιώθην
561 458 692 486 πελεκᾶνι
708 459 846 495 ὲρημικῷ,
862 469 872 485 ›

115 502 137 529 τί
151 503 194 538 χρὴ
206 503 251 530 καὶ
265 503 355 537 λέγειν
368 511 377 536 ;
395 503 482 531 Τοῦτο
500 505 531 531 τὺ
551 505 653 540 πτηνὸν
666 505 695 532 ιν
711 507 811 541 ἄκραις
827 506 877 533 πέ-

114 559 178 586 τραις
194 551 308 586 πήγνυσι
323 551 374 587 τὴν
391 553 501 587 καλιὰν,
513 554 577 584 τοὺς
597 553 758 585 ἐπιϐούλους
779 554 878 589 ἐκφεύ-

114 605 162 630 γειν
174 597 213 623 διὰ
233 598 373 632 φροντίδος
400 599 574 633 ποιούμενον.
606 600 676 626 Ἀλλ’
694 601 708 626 6
734 601 877 632 ἐπίϐουλος

113 642 164 676 bet:
176 643 251 677 ἡνίκα
264 642 311 669 τὸν
329 643 437 677 πατέρα
454 643 553 678 μικρόν
578 651 604 670 τι
617 643 672 670 τῶν
689 643 794 671 τέκνων
809 645 878 671 ἁπο-

113 689 202 716 πτάντα
217 689 358 723 θεάσηται,
375 690 424 724 τῆς
450 690 595 725 ἐπιϐουλῆς
615 691 786 726 παραχρῆμα
812 691 879 726 ἠφά-

113 743 203 762 πτεται.
218 736 269 763 Καὶ
281 735 375 769 ἐπειδὴ
394 736 431 771 μὴ
449 736 645 771 προσεγγίζειν
675 738 707 772 τῇ
728 737 812 773 καλιᾷ
831 736 878 764 δύ-

112 789 188 812 ναται,
200 781 242 808 τὸν
266 781 307 807 Iov
332 781 424 813 αὐτοῖς
439 782 542 817 ὲπιχέει
563 783 612 810 καὶ
629 782 783 818 πόρρωθεν·
799 791 878 819 περι-

112 827 237 861 σκοπήσας
256 828 310 863 γὰρ
331 828 463 864 πρότερον
487 829 549 856 ὅθεν
578 830 699 856 είςπνέει
727 830 741 856 6
766 830 877 865 ἄνεμος,

111 874 227 900 κάκεῖθεν
256 875 418 910 ὲμφυσήσας
445 875 539 907 αὐτοῖς
566 876 613 903 τὸν
640 876 690 907 ιὸν,
718 877 817 910 ἐπάγει
832 876 880 903 τὸν

109 919 216 955 ὕλεθρον,
235 920 308 947 Ἀλλ’
332 922 347 948 ό
371 921 463 956 πατὴρ
480 922 598 954 ὲπιπτὰς
622 921 703 953 αὖθις
718 923 810 954 αὐτοῖς
833 923 881 950 καὶ

109 965 223 998 φυσικοῖς
250 973 305 992 τισι
329 965 419 1000 λόγοις
443 966 493 1002 τὴν
521 967 670 1003 ἐπιϐουλὴν
688 968 788 995 συνιῶν
810 966 881 995 οῐδεν

109 1007 180 1040 αὖθις
191 1009 250 1036 ὅθεν
261 1009 473 1038 ἀναϐιώσαιντο’
489 1011 560 1037 κατὰ
578 1011 704 1046 κορυφῆς
717 1011 773 1046 γὰρ
790 1011 881 1038 αὐτῶν

107 1053 191 1088 ἡρέμα
217 1054 408 1089 πτερύσσεται,
432 1056 478 1082 καὶ
502 1057 551 1088 τὰς
571 1056 694 1092 πλευρὰς
707 1056 882 1092 ἑκατέρωθεν

106 1100 274 1135 ἐπιπλήσσων
287 1102 347 1132 sui;
371 1101 501 1134 πτέρυξιν
519 1103 635 1137 αῐματος
657 1103 750 1134 αὐτοῖς
771 1102 882 1138 ῥανίδας

106 1148 205 1182 ἀφίησι,
219 1147 367 1175 κάντεῦθεν
386 1148 411 1175 οι
427 1148 574 1181 τιθνεῶτες
599 1149 704 1176 νεοττοὶ
722 1148 882 1184 παραδόξως

105 1193 326 1222 ἁναϐιώσκουσιν.

142 1239 285 1274 Ἑπίγνωθι
297 1240 356 1273 οὖν,
376 1241 515 1278 ἁγαπητὲ,
532 1243 606 1275 τίνος
624 1244 717 1272 ἕνεκεν
732 1245 748 1280 η
764 1244 883 1279 uapide-
906 1222 909 1225 Ι

104 1285 145 1318 ξος
161 1285 230 1321 αὕτη
249 1287 313 1322 περὶ
330 1288 363 1314 τὰ
379 1287 480 1323 ἔγγονα
502 1290 542 1324 τῷ
567 1290 697 1317 πελεκᾶνι
712 1291 881 1324 συμπάθειαι

101 1331 308 1367 Σκιαγραφῆσαι
323 1333 380 1367 γὰρ
403 1334 418 1360 6
441 1334 545 1370 Κύριος
562 1335 597 1362 τὰ
622 1335 684 1362 καθ’
700 1335 777 1370 ἡμᾶς
792 1336 882 1363 πάντα

100 1378 151 1405 κὰν
165 1378 202 1414 τῷ
214 1378 309 1414 πτηνῷ
322 1379 410 1414 τούτῳ
425 1380 510 1407 θέλων
525 1381 668 1415 ἀνέκαθεν,
683 1383 725 1409 ὅτι
741 1391 771 1409 τε
788 1383 881 1418 παρά-

99 1425 186 1457 δεισος
204 1425 327 1454 Εκτισται
353 1428 402 1454 καὶ
422 1428 519 1464 ὅτιπερ
536 1429 566 1455 ιν
591 1429 665 1464 αὑτῷ
679 1430 703 1456 οἱ
718 1430 883 1465 πρωτόπλα-

99 1480 155 1498 στοι
170 1471 327 1506 τέθεινται,
350 1474 392 1501 ὅτι
416 1475 429 1501 ὁ
445 1475 539 1509 νοητὸς
555 1475 617 1510 ὄφις
638 1477 684 1503 τὸν
701 1476 818 1512 ψυχικὸν
832 1477 882 1504 αὐ-

96 1519 153 1549 τοῖς
180 1518 352 1554 προύξένησε
368 1520 495 1554 θάνατον,
513 1521 560 1547 καὶ
581 1521 623 1548 ὅτι
648 1521 825 1558 φιλόστοργος
837 1520 881 1549 οἷα

97 1564 189 1600 πατὴρ
207 1565 255 1591 ἐπὶ
270 1565 399 1593 τεθνεῶσι
415 1567 510 1594 παισὶν
525 1568 539 1594 6
555 1568 670 1603 ποιητὴς
682 1569 794 1596 πάντων
815 1568 883 1600 Θεὸς

95 1611 139 1638 ἐπ’
155 1611 248 1643 αὑτοῑς
273 1613 497 1648 ὲπικάμπτεται,
520 1614 686 1649 χρηματίζει
712 1623 742 1642 τε
765 1615 801 1641 τὰ
820 1615 884 1642 καθ’

93 1659 170 1693 ἡμᾶς
184 1659 330 1694 ἄνθρωπος
345 1660 394 1686 καὶ
419 1660 507 1688 πάντα
528 1660 563 1688 τὰ
589 1660 672 1688 λοιπὰ
689 1662 882 1697 καταδέχεται,

92 1706 140 1733 ἐπὶ
154 1706 276 1740 σταυροῦ
298 1706 458 1733 τελευταῖον
482 1707 607 1742 ὑψοῦται,
627 1708 676 1734 καὶ
694 1708 743 1743 τῆς
761 1708 883 1743 πλευρᾶς

91 1751 178 1778 αὑτοῦ
201 1751 365 1787 ζωὴρῤυτον
388 1750 459 1787 αἷμα
484 1752 576 1787 ἐκχὲει
595 1753 634 1785 είς
657 1753 811 1780 ἀνάπλασιν
828 1753 884 1780 τῶν

89 1799 322 1834 πραγτοπλάστων
337 1798 452 1825 ἐκείνων
465 1799 521 1825 τῶν
535 1799 574 1832 τῷ
600 1799 632 1834 ιῷ
648 1799 820 1834 τεθνηκότων
834 1800 882 1827 τοῦ

87 1845 196 1879 ὂψεως,
212 1844 344 1880 τοιαύτην
358 1844 397 1880 τῷ
413 1844 543 1872 πελεκᾶνι
571 1845 747 1880 συμπάθειαν
770 1846 835 1881 περὶ
849 1845 885 1873 τὰ

87 1892 195 1925 ἔγγονα
215 1890 278 1917 κατ’
292 1891 379 1925 ἀρχὰς
397 1890 573 1925 ὲνεφύτευσε.
590 1891 640 1917 Διὰ
651 1891 706 1926 γὰρ
732 1890 812 1917 τοῦτο
836 1892 884 1918 καὶ

85 1937 176 1963 Δαϐὶδ
191 1935 340 1971 προλαϐὼν
356 1935 462 1969 ἔλεγεν·
478 1945 487 1962 ι
499 1935 653 1971 Ὢμοιώθην
672 1937 803 1964 πελεκᾶνι
819 1938 884 1972 ὲρη-

85 1983 178 2018 μικῷ.
205 1991 215 2008 ι
248 1982 373 2009 Πελεκὰν
397 1981 453 2017 γὰρ
473 1982 554 2014 αὐτὸς
579 1983 593 2008 ὁ
611 1982 740 2018 Χριστὸς,
760 1984 842 2012 καλιὰ
870 1985 884 2011 6

82 2029 274 2063 παράδεισος,
306 2029 408 2054 νεοττοὶ
436 2029 461 2055 ot
491 2028 710 2063 πρωτόπλαστοι,
739 2030 884 2063 ἐπίϐουλος

79 2075 149 2109 ὄφις
169 2074 258 2105 αὐτὸς
273 2074 286 2100 6
304 2074 439 2106 διάϐολος,
459 2075 497 2106 to;
512 2075 630 2110 ὄφεωςή
649 2075 680 2101 ἐκ
694 2075 741 2102 τοῦ
759 2075 884 2103 διαϐόλου

79 2121 206 2150 πάντως
234 2120 339 2155 ἀπάτη.
355 2120 471 2152 θάνατος
496 2121 510 2147 6
534 2122 566 2147 ὲκ
587 2119 634 2148 τοῦ
650 2121 716 2148 Θεοῦ
733 2122 883 2158 χωρισμὸς,

79 2165 256 2201 συμπάθεια
283 2166 437 2201 πατρικὴή
467 2166 514 2193 τοῦ
543 2166 612 2194 Θεοῦ
635 2167 722 2202 Λόγου
749 2168 783 2195 δι’
811 2170 885 2204 ἡμᾶς

929 235 991 262 dam
1010 235 1074 263 inde
1099 236 1152 263 sibi
1179 235 1292 271 ingratae
1313 236 1355 264 rei
1378 236 1504 264 accidere
1529 236 1708 272 signiﬁcaret.

929 282 995 315 Quae
1009 283 1032 310 si
1048 290 1113 310 vera
1130 287 1205 315 sunt.
1215 283 1281 317 quid
1297 290 1357 315 nos,
1371 290 1474 317 quasso.
1488 282 1589 310 facturi
1598 284 1713 311 sumus?

929 328 976 362 qui
995 327 1130 355 beneﬂcio
1157 328 1274 355 rationis
1289 327 1378 355 ornati
1396 327 1581 355 nihilominus
1593 328 1655 355 vita:
1670 336 1717 356 vo-

929 374 1081 409 luptatibus
1097 374 1159 409 plus
1174 381 1253 409 aequo
1268 381 1364 401 sumus
1380 373 1497 401 addicti.

964 418 1035 451 Quid
1052 419 1085 446 de
1098 419 1228 454 pelecano
1237 419 1383 446 dicemus?
1399 419 1478 454 cujus
1491 419 1519 446 in
1530 419 1645 447 Psalmis
1659 420 1717 448 suis

931 464 1047 492 Davides
1061 464 1144 492 etiam
1158 465 1306 493 meminit:
1329 465 1444 492 «Factus
1458 473 1516 492 sum
1529 485 1537 497 ,
1563 465 1612 496 ait,
1644 467 1718 500 pele-

931 517 1000 538 cano
1014 510 1141 538 solitario
1152 511 1306 539 similis".r
1332 511 1397 539 Avis
1413 511 1471 538 haec
1486 511 1601 538 summis
1615 511 1642 538 in
1656 519 1719 539 seo-

930 557 1002 592 pulis
1019 556 1113 584 nidum
1126 558 1256 590 exstruit,
1275 557 1394 585 sollicite
1411 558 1575 585 incumbens
1591 559 1617 584 in
1635 558 1661 584 id
1687 563 1729 586 uti

931 603 1109 631 insidiatores
1125 603 1206 630 vitet.
1222 603 1325 631 Verum
1344 611 1459 638 serpens
1474 603 1620 630 insidiator
1633 603 1716 630 etiam

932 655 1029 683 magno
1043 655 1076 675 ex
1090 648 1237 675 intervallo
1252 648 1329 675 virus
1341 656 1421 675 suum
1437 649 1464 676 in
1477 649 1565 683 pullos
1579 649 1639 681 ejus
1653 656 1720 676 evo-

932 694 992 721 mit.
1008 693 1190 729 Posteaquam
1221 694 1294 721 enim
1320 694 1516 729 circumspexit
1534 694 1606 721 unde
1620 698 1720 722 ventus

931 741 1028 776 spiret,
1048 740 1081 767 ab
1097 748 1128 768 ea
1154 744 1231 775 parte
1254 748 1361 768 veneno
1389 740 1479 767 alllato
1506 740 1648 767 lnteritum
1678 740 1720 767 eis

935 785 1024 813 all‘ert.
1040 785 1093 821 45
1107 785 1262 815 Τυηιίνετο
1277 789 1356 819 pater
1371 793 1453 820 supra
1472 785 1546 820 ipsos
1567 786 1675 816 volans,
1691 788 1719 812 et

933 830 1052 857 naturali
1077 830 1196 865 quodam
1211 830 1344 858 instinctu
1372 830 1458 857 factas
1485 830 1601 858 insidias
1617 830 1720 864 depre-

895 861 1076 907 Bbendens,
1104 882 1160 909 quo
1187 879 1269 910 pacto
1298 882 1463 909 recuperare
1495 875 1580 902 vitam
1614 875 1719 909 possint

931 919 1071 955 cognitum
1087 919 1184 946 habet.
1201 919 1269 946 Nam
1285 919 1387 947 leuiter
1401 927 1485 954 supra
1509 919 1620 946 illorum
1635 920 1719 947 verti-

931 973 991 993 cem
1003 965 1060 993 alas
1084 965 1255 1000 expandens,
1286 969 1314 992 et
1336 965 1438 993 feriens
1467 965 1598 1000 utrinque
1621 966 1718 998 latera,

931 1015 1022 1047 guttas
1035 1011 1062 1038 in
1081 1019 1130 1039 eos
1143 1011 1285 1046 sanguinis
1300 1011 1432 1039 demittit.
1463 1010 1524 1044 Quo
1552 1011 1625 1039 farto
1648 1019 1719 1039 nova

932 1061 960 1083 et
989 1057 1130 1091 inopinata
1158 1057 1276 1091 quadam
1311 1057 1419 1084 ratione
1447 1057 1515 1092 pulli
1544 1056 1608 1084 vita:
1641 1057 1719 1087 resti-

934 1107 1061 1131 tuuntur.

968 1243 1025 1271 Hoc
1039 1243 1206 1278 exemplum,
1224 1242 1324 1270 dilecte
1339 1241 1389 1274 liii,
1417 1240 1498 1269 velim
1513 1239 1580 1268 mihi
1595 1239 1723 1268 conside-

933 1297 988 1318 res.
1005 1289 1189 1323 Quamobrem
1207 1289 1295 1316 indita
1322 1293 1364 1315 est
1386 1288 1518 1323 pelecano
1549 1287 1722 1316 admirabilis

933 1336 992 1363 haec
1008 1343 1071 1370 erga
1091 1335 1214 1363 sobolem
1236 1334 1364 1362 aﬂectio‘l
1388 1334 1457 1362 Cum
1475 1334 1561 1361 multo
1577 1337 1642 1360 ante
1666 1333 1721 1359 Do-

933 1382 1026 1410 minus
1052 1381 1105 1408 hac
1133 1381 1161 1408 in
1179 1389 1231 1409 ave
1260 1381 1344 1408 vellet
1370 1380 1527 1415 exprimere
1546 1384 1644 1406 cuncta
1662 1386 1722 1414 qua:

934 1428 1014 1456 nobis
1027 1427 1200 1459 acciderunt,
1215 1427 1290 1462 quod
1309 1426 1438 1453 nimirum
1456 1417 1602 1461 paradisus
1626 1425 1723 1452 condi-

933 1479 978 1501 tus
992 1474 1036 1505 sit,
1068 1473 1142 1508 quod
1172 1473 1198 1499 in
1216 1480 1250 1500 eo
1276 1472 1402 1500 collocati
1421 1472 1548 1499 homines
1570 1471 1607 1498 illi
1625 1471 1721 1506 primi,

934 1521 1007 1555 quod
1025 1519 1194 1548 intellcctilis
1220 1519 1266 1546 ille
1298 1526 1412 1554 serpens
1432 1518 1516 1546 animi
1539 1523 1656 1545 mortem
1681 1517 1722 1546 eis

934 1566 1131 1597 conciliaverit,
1164 1565 1237 1600 quod
1255 1565 1347 1600 opifex
1370 1565 1493 1592 omnium
1512 1565 1583 1592 Deus
1608 1570 1724 1599 paterna

934 1613 1125 1641 benevolentia
1140 1613 1216 1640 velut
1232 1620 1294 1647 erga
1312 1612 1383 1639 ﬁlios
1400 1616 1501 1643 motus,
1516 1611 1600 1638 immo
1619 1612 1721 1642 factus.

933 1658 1024 1686 omnia
1039 1665 1197 1693 perpessus,
1215 1657 1326 1686 tandem
1341 1657 1369 1684 in
1391 1664 1501 1684 crucem
1522 1657 1648 1684 sublatus
1673 1658 1721 1689 sit.

934 1706 1010 1740 quod
1029 1704 1062 1733 de
1078 1705 1165 1732 latere
1181 1711 1230 1731 suo
1258 1704 1421 1739 sanguinem
1450 1703 1590 1735 ell‘uderit,
1623 1711 1718 1730 verum

935 1753 998 1780 vita!
1014 1753 1115 1784 rivum,
1147 1751 1181 1779 ad
1199 1751 1354 1786 primorum
1371 1750 1514 1776 hominum
1542 1749 1722 1776 instauratio-

935 1807 1010 1829 nem.
1026 1799 1073 1834 qui
1092 1805 1200 1826 veneno
1215 1797 1354 1832 serpentis
1367 1796 1496 1824 exstincti
1517 1796 1637 1825 fuerant.
1662 1795 1721 1831 ipso

935 1852 1028 1873 rerum
1046 1843 1126 1871 initio
1142 1844 1224 1871 talem
1238 1850 1302 1878 erga
1317 1842 1440 1870 sobolem
1455 1849 1532 1869 suam
1547 1841 1720 1868 aﬂ'ectionem

934 1892 1064 1927 peleeano
1094 1889 1204 1918 insevit.
1240 1889 1308 1916 Nam
1334 1892 1480 1923 propterea
1516 1896 1565 1922 per
1591 1887 1722 1914 Davidem

934 1939 1022 1966 multo
1037 1942 1101 1965 ante
1120 1936 1212 1964 verbis
1227 1935 1270 1962 bis
1285 1942 1351 1962 usus
1360 1939 1402 1962 est
1417 1943 1424 1961 :
1441 1934 1555 1962 «Factus
1573 1942 1632 1961 sum
1650 1934 1722 1967 pele-

935 1994 1004 2015 eano
1017 1985 1141 2014 solitario
1160 1983 1284 2012 similis.»
1300 1983 1410 2011 Etenim
1432 1982 1579 2016 pelecanus
1595 1987 1638 2010 est
1665 1982 1723 2017 ipse

935 2032 1072 2063 Christus,
1086 2031 1170 2059 nidus
1183 2030 1341 2067 paradisus,
1377 2029 1443 2064 pulli
1461 2029 1580 2064 primum
1618 2028 1722 2056 conditi

936 2077 1073 2109 homines,
1091 2083 1206 2111 serpens
1221 2075 1369 2103 insidiator
1391 2075 1449 2109 ipse
1476 2073 1615 2105 diabolus,
1646 2073 1724 2100 virus

935 2124 1076 2160 serpentis
1091 2124 1168 2150 l'raus
1184 2122 1297 2154 diaboli,
1315 2129 1390 2148 mors
1405 2129 1421 2148 a
1439 2121 1495 2148 Deo
1509 2120 1664 2155 diremptus
1684 2125 1726 2146 at-

937 2178 991 2206 que
1004 2169 1152 2205 separatio.
1167 2173 1281 2204 paterna
1293 2167 1402 2195 allectis
1417 2166 1464 2194 Dei
1500 2166 1637 2194 sermonis
1653 2166 1722 2193 facta

76 2211 319 2247 ἐνανορώπησις.
342 2212 375 2238 Ἦ
386 2212 414 2239 δὲ
429 2212 486 2239 τῶν
501 2214 619 2240 νεοττῶν
634 2213 754 2249 ὕπερθεν
772 2216 881 2242 ἐπιπτέ-

939 2216 1126 2244 nostricausa
1150 2220 1256 2242 natura;
1283 2213 1411 2241 humanae
1435 2213 1598 2247 assumptio.
1619 2212 1722 2239 alarum

77 2258 166 2293 ρυξις
199 2258 218 2293 ἡ
247 2259 293 2284 ἐπὶ
310 2258 427 2292 σταυροῦ
451 2259 498 2286 τοῦ
519 2259 639 2293 Χριστοῦ
654 2261 708 2287 τῶν
722 2261 886 2296 πρωτοπλά-

74 2313 159 2330 ατων
178 2303 291 2331 ἄνωθεν
305 2303 489 2339 ὰπαιώρησις,
505 2303 631 2341 πλεύρων
644 2306 791 2342 ὲπίπληξις
807 2308 824 2341 ὴ
837 2308 886 2343 τῆς

73 2351 167 2383 θείας
183 2351 266 2384 νύξις
283 2351 415 2386 πλευρᾶς.
435 2353 484 2380 καὶ
499 2353 654 2381 τελευταῖον
670 2355 727 2386 τοῖς
740 2344 886 2382 τεθνεῶσιν

70 2397 247 2428 ὲπιστάζον
271 2390 341 2432 αἷμα
365 2398 534 2434 ξωήρῤυτον·
557 2400 581 2426 εί
598 2399 637 2435 μὴ
652 2400 708 2435 γὰρ
723 2400 886 2436 ζωήρῤυτον

936 2269 1020 2297 supra
1037 2261 1127 2296 pullos
1141 2259 1273 2296 expansio
1303 2259 1404 2287 Christi
1421 2266 1503 2293 supra
1518 2257 1644 2286 conditos
1662 2258 1724 2285 illos

936 2308 1057 2344 primum
1074 2307 1200 2334 homines
1215 2306 1243 2332 in
1260 2313 1371 2334 erucem
1385 2305 1516 2338 sublatio,
1529 2305 1645 2331 laterum
1664 2304 1725 2339 pul-

935 2354 1008 2382 satio
1023 2353 1109 2381 diviui
1123 2352 1221 2380 lateris
1234 2351 1360 2387 punctio,
1375 2359 1457 2387 quam
1477 2356 1571 2379 secuta
1597 2356 1640 2379 est
1661 2358 1726 2378 san-

936 2399 1028 2436 guinis
1053 2399 1117 2426 vita:
1141 2398 1247 2426 fontem
1270 2398 1439 2426 continentis
1470 2397 1630 2426 destillatio.
1665 2397 1725 2426 Nisi

938 2446 1013 2474 enim
1026 2445 1152 2472 vivilicus
1162 2449 1246 2477 esset,
1263 2444 1409 2479 prostratis
1424 2444 1658 2472 resurrectionem
1675 2444 1726 2471 im-

938 2492 1035 2529 partiri
1065 2499 1119 2519 non
1141 2496 1244 2526 posset.
1272 2491 1365 2524 Itaque
1393 2497 1442 2524 per
1469 2495 1562 2517 vatem
1591 2489 1727 2518 Dominus

938 2537 1154 2574 praeclaredi’xit
1171 2545 1178 2563 :
1198 2545 1207 2562 ι
1227 2535 1328 2563 Factus
1356 2543 1417 2564 sum
1443 2535 1576 2577 pelecano
1602 2535 1728 2563 solitario

938 2582 1059 2611 similis.-

103 2626 216 2659 Λέγει
235 2626 265 2653 δι
284 2627 316 2653 τδ
337 2627 409 2655 κατὰ
430 2628 539 2655 Λουκᾶν
555 2628 724 2664 Εὐαγγὲλιον
745 2631 811 2666 περὶ
834 2632 881 2659 τῶι

976 2628 1163 2663 Pcrscriptum
1187 2633 1229 2656 est
1253 2627 1280 2655 in
1306 2626 1451 2661 Evangelia
1465 2624 1570 2654 Luem"
1587 2634 1615 2656 ς(
1631 2625 1730 2652 Consi-

59 2671 225 2706 κοράκων
250 2673 337 2700 ὅτιού
363 2674 520 2709 σπείρουσιν
546 2675 607 2702 οὐδὲ
634 2676 796 2711 θερίζουσιν,
820 2679 834 2704 6
857 2678 881 2706 δέ

942 2679 1038 2704 derate
1052 2683 1159 2708 corvos,
1184 2675 1230 2710 qui
1249 2682 1339 2710 neque
1352 2679 1448 2702 serunt
1465 2680 1554 2709 neque
1565 2677 1679 2704 metunt,
1700 2676 1729 2700 et

56 2718 145 2749 Θεὸς
162 2718 276 2754 τρέφει
299 2719 378 2748 αὐτά.
393 2720 473 2752 Τίνος
489 2722 582 2748 ἕνεκεν
601 2723 718 2749 ἐνταῦθα
733 2723 786 2750 τῶν
802 2724 881 2759 κορά-

942 2723 1013 2751 Deus
1038 2721 1218 2750 nihilominus
1236 2728 1284 2749 eos
1297 2721 1353 2749 alit.
1375 2729 1384 2747 ι
1401 2719 1584 2754 Quamobrem
1600 2720 1650 2745 hoc
1668 2718 1729 2746 loco

55 2772 128 2791 κων
155 2764 196 2797 ἐξ
218 2764 354 2800 ὀνόματος
376 2767 533 2802 μέμνηταις
552 2769 667 2803 Λέγεται
691 2769 737 2797 οὖν
754 2771 795 2798 ὅτι
812 2780 881 2807 μισο-

943 2768 1106 2798 numiuatim
1138 2775 1283 2797 corvorum
1318 2767 1347 2795 tit
1382 2765 1482 2794 mentio
1511 2765 1522 2791 ?
1547 2763 1729 2800 perhibentur

68 2441 123 2479 ἧν,
144 2443 210 2470 οὐκ
225 2443 261 2470 ἂν
276 2444 336 2476 τοῖς
351 2445 428 2472 κάτω
439 2446 580 2480 κειμένοις
595 2446 742 2481 ἐχαρίσατο
759 2447 808 2483 τὴν
823 2448 889 2475 ἀνά-

67 2499 204 2518 στασιν.
230 2490 332 2523 Καλῶς
347 2489 394 2533 οὖν
411 2492 489 2526 ἔλεγε
513 2493 559 2520 διὰ
580 2494 628 2520 τοῦ
645 2495 788 2529 προφήτου
804 2495 818 2522 ὸ
832 2495 889 2522 Κύ-

66 2543 153 2570 ριοςσ
175 2546 188 2562 ε
218 2535 375 2573 Ὠμοιώθην
387 2537 517 2565 πελεκᾶνι
533 2539 671 2575 ἐρημιχῷ.
691 2549 701 2566 ι

100 2850 131 2866 ³⁷
161 2849 250 2878 Psal.
268 2857 305 2883 cI,
326 2850 352 2878 8.
392 2851 412 2867 "
428 2850 494 2878 Luc.
515 2859 564 2885 xu,
580 2852 626 2880 22.
