1944 3072
225 133 276 166 1M

841 134 1052 166 MICHAELIS
1070 134 1202 166 GLYC.E

1794 134 1841 167 108

216 194 294 221 (οι-τὶ
323 192 447 220 sobolem
464 200 538 220 suam
553 193 654 225 odisse,
670 200 701 219 ac
716 197 861 228 propterea
876 193 1011 227 pullorum

1071 193 1173 224 ςέκνους
1190 192 1271 224 ὄντας
1285 191 1384 223 αὐτοὺς
1401 188 1562 228 μιῇ-τρέφειν
1574 190 1608 218 τὰ
1622 191 1710 218 οἰκεία
1725 192 1840 222 νεόττια,

215 235 377 263 :‘Iendorum
404 243 498 263 curam
517 236 646 270 ahjicere.
672 232 772 263 Verum
797 236 815 264 ii
846 237 892 264 Dei
917 237 1008 271 provi-

218 282 311 309 dentia
328 282 452 309 victitare
468 281 634 316 quibusdam
655 282 781 309 feruntur
794 282 965 310 anitnalculis
975 290 1008 310 ex

217 335 282 355 aere
303 332 416 362 propter
433 328 506 362 ipsos
535 328 713 355 nascentibus
737 329 806 356 etin
828 335 876 356 ora
899 328 1007 356 illorum

215 373 413 402 uelabentibus.
436 373 492 402 Hoc
514 373 614 409 ipsum,
630 381 736 409 quaeso,
745 379 876 410 quantam
889 374 1008 402 admira-

217 421 319 447 tionem
337 420 480 448 meretur?

250 464 318 492 Cum
335 466 419 492 semel
445 466 524 494 fucos
549 466 793 502 deprehenderunt
814 474 900 502 apes,
926 474 1009 502 parce

217 518 248 538 ac
264 511 366 539 leniter
392 511 420 538 in
447 519 497 540 eos
509 512 620 540 irruunt
635 517 662 540 et
687 518 781 548 captos
794 521 809 541 a
827 513 1009 541 contubernio

218 564 268 583 suo
284 557 421 592 ablegant.
445 557 493 586 Sin
510 566 608 586 rursus
629 566 676 587 eos
697 559 872 595 intercipiant
886 581 893 592 .
921 564 1008 586 morte

217 602 349 630 alliciunt.
374 602 430 639 56
444 603 557 632 Eaedem
581 605 680 639 partim
696 613 788 641 regem
804 605 888 634 veluti
905 605 1009 633 satelli-

219 652 260 675 tes
275 648 387 682 stipant.
401 649 505 683 partim
520 652 670 677 nocturnas
683 650 813 677 excubias
827 654 921 684 agunt.
935 649 1008 685 quod

219 699 254 718 eo
274 696 398 727 tempore
413 694 556 728 quiescant
569 693 629 721 alia:
644 694 784 722 laboribus
806 694 933 730 fatigatae,
947 702 1010 730 par-

221 737 270 764 tim
290 738 341 766 hoc
356 738 480 766 muneris
491 738 592 767 habent
606 745 636 767 ut
648 744 772 767 mortuas
784 744 940 776 exportent.

257 782 354 811 Mirum
374 783 457 811 videri
475 791 531 811 non
559 785 644 812 debet
662 793 714 812 una
744 793 807 814 cum
833 786 1010 816 incrementis

219 836 250 857 ac
288 829 528 857 dominationibus
553 830 626 858 luna
659 837 724 858 aera
755 839 866 867 quoque
885 833 1009 866 mutari.

222 874 334 908 quando
351 875 492 903 nonnullis
512 875 539 902 in
570 876 738 905 animalibus
764 877 836 905 idem
863 879 1011 907 usuvenire

220 919 358 948 videmus.
373 919 442 948 Nam
459 921 569 949 tradunt
582 921 648 950 ibim
661 923 805 950 cteloluna
820 929 931 952 carente
945 925 1012 952 nihil

218 971 344 998 eernere,
361 965 409 993 sed
429 966 525 994 oculos
541 967 643 995 habere
665 967 783 1002 clausos,
802 977 854 997 nec
865 969 933 998 cibis
950 970 1013 999 ullis

219 1010 271 1038 uti.
293 1010 329 1038 Et
343 1010 457 1046 quidem
474 1011 502 1038 in
520 1012 614 1044 simio,
626 1020 707 1046 quem
726 1021 868 1049 cercopem
891 1021 991 1043 vocant
1004 1034 1012 1048 .

219 1055 379 1085 en‘ectiones
393 1057 445 1085 hac
467 1057 495 1084 in
511 1063 589 1093 parte
602 1063 667 1086 sunt
679 1059 841 1088 illustriores
854 1069 861 1088 :
873 1068 935 1088 nam
949 1069 1014 1090 cum

223 1103 347 1137 augescit
372 1103 437 1130 luna
450 1123 457 1136 ,
477 1104 621 1131 oculorum
641 1105 718 1133 orbis
739 1105 764 1132 ei
791 1106 932 1140 dilatatur,
950 1114 1013 1135 cum

220 1147 402 1182 deminuitnr,
414 1154 442 1176 et
455 1149 513 1184 ipse
524 1150 709 1178 contrahitur.
721 1150 792 1184 Quin
804 1152 886 1179 etiam
899 1153 1014 1180 mustela

221 1194 367 1224 deﬁciente
407 1197 481 1224 lunae
516 1197 623 1225 lumine
649 1197 728 1233 jecur
755 1198 881 1226 imminui
909 1199 1012 1232 sentit;

223 1241 376 1278 eademque
395 1250 505 1272 rursum
521 1250 682 1277 crescente,
708 1246 862 1273 membrum
889 1246 960 1273 idem
972 1246 1014 1274 vi-

222 1288 314 1315 cissim
353 1293 478 1324 augetur.
526 1289 678 1317 Perhibent
721 1291 804 1318 etiam
831 1291 858 1318 in
889 1291 1014 1326 Hydaspe

223 1331 306 1360 ﬂuvio
333 1333 452 1368 lapidem
467 1335 612 1370 quemdam
631 1335 706 1363 nasci
731 1343 812 1370 quem
842 1336 1015 1364 lichncnvo-

224 1383 287 1406 cant
314 1380 365 1407 :is
386 1386 553 1416 augescente
585 1381 649 1409 luna
677 1389 775 1409 sonum
803 1382 892 1410 dulcis
917 1387 1015 1410 cantus

224 1424 307 1452 edere
338 1425 439 1453 fertur.
465 1426 494 1453 In
511 1426 624 1454 ﬂumine
648 1426 767 1460 quodam
786 1425 889 1454 Celtico
911 1427 1014 1462 piscem

224 1472 358 1500 exsistere
375 1472 498 1505 tradunt,
516 1473 564 1508 qui
591 1473 626 1500 ab
653 1472 755 1501 incolis
776 1473 879 1508 clopias
896 1473 1016 1508 appelle-

226 1523 270 1545 tur
284 1528 290 1546 :
310 1518 334 1546 is
349 1519 413 1546 luna
429 1524 570 1546 crescente
585 1519 710 1551 albescit,
725 1519 867 1547 deminuta
886 1520 1013 1555 nigricat.

1060 239 1206 275 τρέφεσθαι
1223 239 1252 266 δι
1268 239 1384 274 προνοίᾳ
1393 238 1462 265 Θεοῦ
1479 238 1535 265 ἀπὸ
1549 237 1604 265 τῶν
1625 238 1842 272 παραφυομένων

1059 286 1099 320 τῷ
1112 286 1176 320 ἀέρι
1192 285 1320 319 ζωῦφίων
1339 284 1380 319 τῷ
1396 285 1511 319 στόματι
1528 284 1619 311 αὐτῶν
1643 284 1841 319 ἐμπιπτόντων.

1060 332 1149 360 Πόσον
1165 332 1193 359 δὶ
1208 331 1254 359 καὶ
1268 330 1348 359 τοῦτο
1363 330 1501 366 θαύματος
1517 331 1609 363 άξιονς

1097 464 1132 492 Δί
1148 464 1274 500 μέλισσαι
1291 464 1355 496 τοὺς
1376 463 1503 499 κηφῆνας
1518 463 1628 497 ἐφάπαξ
1643 462 1844 491 καταλαϐοῦσαι

1060 510 1250 545 πεφεισμένως
1270 510 1402 537 τύπτουσι
1426 510 1473 536 καὶ
1497 509 1662 536 άπολὺουσιν
1676 517 1682 525 ’
1701 511 1730 538 ιι
1744 509 1773 537 δι
1798 511 1843 536 καὶ

1059 555 1138 587 αὖθις
1163 556 1262 587 αὐτοὺς
1289 555 1446 591 κατάσχωσι
1464 556 1579 591 νεκροὺς
1598 555 1773 589 ἐργάζονται.
1790 555 1843 582 Καὶ

1060 603 1087 630 αι
1115 603 1164 637 μὶν
1191 602 1281 630 αὐτῶν
1312 604 1351 638 τῷ
1382 603 1486 638 βασιλεί
1516 602 1714 637 δορυφοροῦσιν
1732 622 1740 636 ,
1765 603 1792 629 al
1815 602 1843 629 δι

1060 648 1157 680 νυκτὸς
1179 648 1387 684 ὲπαγρυπνοῦσι
1411 649 1536 684 φυλακῆς
1559 648 1640 683 χάριν
1669 648 1714 675 διὰ
1741 649 1772 675 τδ
1796 647 1845 678 τὰς

1060 694 1200 727 κοπιώσας
1215 695 1276 721 τότε
1291 694 1491 725 ἀναπαύεσθαι,
1502 694 1558 721 τῶν
1580 694 1609 721 δὲ
1631 694 1715 729 ιργον
1737 692 1796 720 ἐστὶ
1814 693 1845 719 τὸ

1060 743 1110 773 τὰς
1124 741 1225 776 νεκρὰς
1239 741 1418 776 ἀποκομίζειν
1436 740 1548 773 ἔξωθεν.

1096 787 1135 814 Οὐ
1152 788 1204 823 χρὴ
1226 787 1378 822 θαυμάζειν
1401 787 1459 821 εἴτε
1483 787 1544 817 ταῖς
1567 785 1618 821 τῆς
1636 785 1751 821 σιλήνης
1767 785 1846 818 αὐξο-

1063 831 1192 867 μειώσεσι
1209 831 1407 867 μεταϐάλλεται
1419 832 1433 858 ό
1447 832 1513 867 ἀὴρ,
1527 832 1595 859 ὅπου
1608 839 1640 865 γι
1658 831 1706 858 καὶ
1721 831 1751 857 ἐν
1766 831 1844 863 ζώοις

1061 877 1132 904 τισὶν
1151 877 1210 904 ἐστι
1221 877 1302 904 τοῦτο
1316 878 1392 905 ίδετν.
1406 878 1476 905 Φασὶ
1496 877 1552 912 γὰρ
1575 876 1628 908 τὴν
1649 876 1704 903 ίόιν
1719 874 1846 911 μηδαμοῦ

1063 923 1130 958 όρᾷν
1151 923 1195 950 δτι
1217 923 1347 957 ἁσίληνος
1364 924 1377 949 ό
1394 922 1520 958 οὐρανὸς,
1538 921 1616 957 μύειν
1638 921 1668 948 δὴ
1683 921 1728 948 καὶ
1753 921 1846 949 άσιτον

1065 969 1168 1004 μένειν.
1193 968 1224 996 '0
1236 967 1266 995 δὲ
1288 968 1400 1003 κέρκωψ
1418 967 1620 1003 προδηλοτέρας
1635 966 1692 1002 [xu
1706 966 1755 998 τὰς
1770 967 1846 1000 ἔνερ-

1063 1016 1159 1049 γειας·
1182 1015 1227 1042 ὅτι
1250 1015 1304 1049 γὰρ
1328 1013 1405 1046 αὔξει
1421 1015 1439 1047 ἡ
1459 1014 1570 1049 στλήνη,
1587 1014 1601 1040 ό
1624 1013 1679 1040 τῶν
1700 1011 1847 1048 ὀφθαλμῶν

1063 1061 1163 1093 κύκλος
1190 1061 1277 1096 τούτῳ
1299 1061 1455 1096 εὐρύνεται,
1470 1061 1514 1087 δτι
1535 1060 1565 1087 δὲ
1586 1059 1722 1095 μειοῦται,
1740 1058 1850 1086 συστέλ-

1063 1108 1151 1135 λεται.
1170 1107 1250 1135 Ἀλλὰ
1265 1107 1312 1134 καὶ
1327 1108 1344 1142 ἡ
1358 1107 1429 1141 γαλῆ
1453 1106 1677 1142 λειψοφωτοῦσης
1699 1106 1748 1140 τῆς
1770 1104 1850 1140 σελή-

1064 1163 1113 1190 νης
1123 1154 1226 1188 ἥπατος
1242 1153 1367 1180 λείπεται
1379 1161 1385 1168 ⁸
1401 1151 1610 1187 αὐξιφωτοῦσης
1625 1152 1654 1178 δι
1669 1151 1750 1179 πάλιν
1763 1151 1849 1186 αὐτῆς

1063 1201 1094 1227 τὸ
1112 1201 1233 1227 τοιοῦτον
1256 1199 1342 1234 αὐτῆς
1367 1199 1590 1233 προσεπαύξεται
1614 1198 1720 1234 μόριον.
1736 1197 1807 1224 Φασὶ
1820 1196 1849 1223 δὲ

1065 1247 1113 1274 καὶ
1129 1247 1159 1273 ἐν
1174 1246 1291 1281 ποταμῷ
1303 1246 1344 1281 τῷ
1365 1246 1487 1281 Ὑδάσπῃ
1501 1244 1650 1279 γεννᾶσθαι
1668 1243 1742 1270 λίθον
1756 1243 1850 1278 λίχνην

1065 1293 1242 1328 καλούμενον,
1261 1293 1291 1324 δς
1311 1292 1425 1328 σιλήνης
1450 1292 1604 1326 αὑξομίνης
1625 1289 1692 1326 ἦχον
1717 1288 1849 1324 μελῳδίας

1065 1339 1202 1367 ἀποτελεῖ.
1218 1339 1274 1366 Καὶ
1298 1338 1327 1365 ὲν
1351 1337 1468 1373 ποταμῷ
1491 1337 1520 1364 δὲ
1546 1336 1671 1371 Κελτικῷ
1695 1334 1850 1363 διαιτᾶσθαι

1067 1385 1142 1420 ἰχθὺν
1157 1385 1279 1411 κλωκίαν
1303 1384 1445 1420 ιγχωρίωε
1457 1383 1637 1418 καλούμενον,
1654 1383 1684 1413 ὃς
1698 1382 1851 1416 αὑξομᾶνης

1065 1430 1112 1463 τῆς
1125 1429 1239 1463 σελήνης
1251 1429 1435 1460 λευκαίνεται.
1454 1429 1618 1463 μειουμένης
1633 1428 1661 1455 δι
1679 1427 1848 1461 μελαίνεται.

1065 1475 1158 1502 Ταῦτα
1174 1475 1202 1501 δὲ
1215 1475 1248 1509 τῇ
1264 1474 1410 1510 ἑξαημέρῳ
1423 1474 1505 1501 αὑτοῦ
1522 1473 1756 1508 συμπεριείληφεν
1770 1473 1784 1498 ὁ
1801 1471 1850 1506 μὲ-

1066 1528 1128 1556 γας.
1137 1521 1322 1552 ’Δναστάσιος.

227 1565 317 1600 Atque
343 1564 400 1592 haec
416 1565 526 1599 quidem
542 1565 625 1592 etiam
642 1565 715 1593 libro
738 1572 788 1592 suo
805 1566 837 1593 de
853 1572 901 1593 sex
931 1566 1084 1601 primorum
1101 1566 1135 1594 ab
1158 1572 1220 1594 ortu
1241 1566 1338 1594 mundi
1370 1566 1478 1594 dierum
1505 1565 1622 1599 opiﬁciis
1651 1572 1767 1601 magnus
1783 1564 1856 1592 Ana-

226 1612 327 1639 stasius
336 1612 386 1639 vil'le
401 1612 560 1645 complexus
573 1617 626 1640 est.

261 1659 396 1688 Caeterum
411 1664 510 1695 praeter
524 1659 586 1687 illos
597 1660 766 1696 quoquemui
785 1661 1016 1688 resurrectionem
1031 1662 1053 1691 C

228 1705 345 1731 futuram
366 1712 422 1732 non
445 1705 562 1733 credunt
583 1705 627 1733 vel
649 1706 743 1740 potius
763 1713 824 1734 eam
846 1706 973 1738 irrident.
987 1709 1017 1733 ut

226 1750 347 1778 eximius
370 1750 416 1778 ille
440 1756 537 1779 noster
566 1752 737 1787 Epiphanius
761 1751 820 1786 ait,
846 1752 1018 1780 admirabilia

229 1796 355 1830 quadam
369 1800 397 1824 et
414 1804 485 1824 nova
500 1796 573 1824 Deus
593 1797 633 1824 uti
651 1797 748 1825 tierent
759 1798 875 1825 consilio
887 1797 1017 1833 singulari

227 1843 364 1870 instituit.
398 1842 536 1871 Phascusa
565 1844 624 1871 dies
659 1851 693 1871 ιι
730 1848 840 1872 mortua
867 1844 1018 1872 reviviscit.

228 1888 323 1924 Myops
336 1888 393 1916 sive
404 1888 520 1917 tabanus
535 1896 562 1916 vt
595 1894 667 1917 totos
681 1897 791 1918 menses
800 1893 924 1918 mortuus
935 1889 1019 1917 vitam

231 1936 389 1967 recuperat.
407 1931 522 1961 Phoenix
548 1934 607 1961 avis
631 1937 673 1961 est
696 1934 824 1966 Arabica,
841 1941 903 1969 quas
918 1938 947 1962 et
960 1935 1022 1962 uni-

230 1986 299 2015 gena
312 1983 341 2006 et
354 1979 492 2014 comparis
503 1986 603 2014 expers
618 1979 706 2007 fertur
727 1982 754 2008 in
770 1981 910 2008 creatione
928 1988 1020 2009 rerum

230 2024 384 2053 exstitisse.
399 2025 468 2053 Huic
484 2025 512 2052 in
529 2025 653 2060 singulos
668 2033 755 2054 annos
765 2034 781 2054 ο
795 2026 929 2062 ejusmodi
942 2027 1022 2062 quid-

232 2070 296 2097 dam
312 2070 462 2098 usuvenire
477 2069 606 2101 traditur.
624 2069 698 2104 quod
719 2070 809 2098 ketam
828 2070 903 2098 illam
930 2078 1023 2098 resur-

234 2117 384 2145 rectionem
395 2116 504 2152 egregie
512 2115 593 2143 nobis
605 2115 641 2143 ob
651 2115 746 2143 oculos
756 2115 843 2150 ponit.
853 2115 921 2143 Nam
933 2115 1022 2145 ϐπ·κοί

234 2167 455 2191 commemorant
477 2169 541 2190 enm
569 2161 650 2189 tinent
672 2169 751 2189 suum
769 2162 978 2196 prospicientem
995 2163 1022 2190 i‘n

235 2210 382 2245 Egyptum
398 2215 458 2236 sese
485 2209 611 2234 conferre
629 2213 661 2233 ac
682 2207 733 2234 soli
750 2206 906 2234 obvertere.
920 2207 1024 2235 Deinde

236 2257 264 2283 in
279 2255 422 2290 pulverem
441 2253 578 2285 exuritur,
597 2252 630 2279 de
646 2259 701 2287 quo
720 2251 832 2286 pulvere
848 2253 949 2280 vermis
975 2261 1024 2280 na-

235 2302 333 2333 scitur,
346 2300 394 2335 qui
409 2306 506 2326 rursus
533 2298 560 2326 in
582 2298 722 2326 volucrem
739 2302 925 2326 commutatur
943 2306 1024 2334 quem

1112 1658 1193 1686 ’Δλλά
1208 1658 1256 1686 καὶ
1277 1658 1321 1685 διὰ
1337 1658 1400 1690 τοὺς
1423 1656 1634 1692 ἀπιστοῦνταςῆ
1651 1657 1754 1692 μᾶλλον
1769 1658 1857 1686 ιίπιῐν

1072 1702 1254 1737 ἐπιγελῶντας
1276 1703 1311 1738 τῇ
1335 1702 1495 1734 ἀναστάσει,
1520 1701 1592 1729 καθά
1618 1711 1701 1736 φησιν
1728 1703 1743 1729 ὁ
1770 1703 1857 1738 μέγας

1078 1749 1247 1784 Ἐπιφάνιος,
1271 1749 1411 1784 παράδοξά
1443 1757 1504 1775 τινα
1531 1748 1765 1783 προῳκονόμησςιν
1784 1749 1859 1783 γίνε-

1072 1796 1148 1823 σθαι.
1169 1795 1202 1822 Ἦ
1217 1795 1310 1830 φάσκα
1325 1795 1437 1829 θνήσκει
1453 1795 1558 1829 ἡμέρας
1574 1794 1793 1829 τεσσαράκοντα,
1808 1794 1859 1821 καὶ

1073 1841 1155 1869 πάλιν
1175 1841 1331 1868 ἀνίσταται.
1353 1840 1382 1866 '0
1410 1839 1492 1874 μύωψ
1515 1839 1628 1873 θνήσκει
1646 1839 1733 1874 μῆνας
1750 1838 1791 1872 ἓξ,
1810 1838 1860 1865 καὶ

1073 1886 1156 1914 πάλιν
1167 1886 1323 1913 ἀνίσταται.
1343 1885 1372 1912 '0
1387 1884 1477 1920 φοῖνιξ
1490 1885 1505 1911 ό
1528 1885 1674 1920 ’Δρασικδς
1689 1885 1764 1920 δρνις
1779 1885 1860 1919 λιγε-

1073 1942 1119 1960 ται
1133 1931 1204 1960 εἶναι
1218 1932 1377 1967 μονογενὴς.
1390 1932 1491 1965 ἄζυγος
1505 1933 1535 1958 ἐν
1547 1932 1580 1967 τῇ
1599 1931 1777 1966 δημιουργίᾳ,
1789 1931 1862 1958 κατὰ

1074 1979 1123 2014 ἐτη
1132 1978 1299 2006 πεντακόσια
1310 1978 1390 2004 τοῦτο
1405 1978 1506 2013 πάσχει
1520 1977 1535 2004 ὃ
1550 1978 1597 2004 καὶ
1607 1977 1725 2012 φαιδρὰν
1740 1977 1864 2012 προῖστᾷ

1075 2025 1124 2060 τὴν
1153 2024 1312 2052 ἀνάστασιν.
1327 2023 1410 2050 Αὐτοὶ
1439 2023 1488 2050 καὶ
1511 2023 1566 2059 γάρ
1593 2024 1617 2051 οἱ
1636 2023 1769 2058 Ἕλληνες
1795 2025 1864 2057 περὶ

1075 2069 1158 2098 αὑτοῦ
1181 2069 1338 2105 διηγοῦνται
1368 2069 1410 2096 ὅτι
1440 2069 1578 2104 προγνοὺς
1608 2069 1639 2096 τὸ
1669 2069 1747 2100 τέλος
1777 2068 1863 2096 αὑτοῦ

1075 2117 1185 2153 ιρχεται
1201 2115 1267 2150 περὶ
1289 2115 1339 2149 τὴν
1361 2114 1501 2149 Αιγυπτον
1517 2113 1566 2141 καὶ
1587 2114 1703 2148 ἀντικρὺ
1721 2113 1768 2140 τοῦ
1784 2113 1864 2148 ἡλίου

1077 2163 1197 2195 ἵσταται,
1214 2159 1273 2188 εἷτα
1294 2160 1454 2196 τεφροῦται,
1470 2162 1518 2187 καὶ
1543 2159 1598 2187 ἀπὸ
1622 2159 1670 2186 τοῦ
1694 2159 1756 2194 χοὸς
1778 2158 1865 2186 αὑτοῦ

1077 2208 1185 2243 σκώληξ
1199 2207 1338 2241 γεννᾶται,
1352 2207 1401 2234 καὶ
1413 2206 1494 2238 αὐτὸς
1511 2205 1591 2238 αὖθις
1603 2206 1644 2238 είς
1657 2206 1759 2240 πτηνὸν
1776 2213 1867 2240 μετα-

1078 2254 1216 2282 ϐάλλεται.
1229 2253 1281 2280 Τὸν
1296 2253 1407 2287 φοίνικα
1428 2253 1456 2279 δὲ
1470 2253 1577 2285 τοῦτον,
1589 2252 1627 2284 ὡς
1645 2253 1773 2287 εἴπομεν,
1793 2251 1869 2287 μετά

1078 2300 1125 2334 ἐτη
1147 2299 1313 2327 πεντακόσια
1337 2298 1416 2326 εἴωθε
1440 2298 1574 2332 γίνεσθαι.
1596 2298 1625 2324 '0
1653 2298 1682 2324 δὲ
1706 2297 1838 2333 στρουθὸς
1854 2298 1872 2324 ό

237 2347 394 2382 ιιὴωηὶεεηι
409 2345 541 2372 dicimus.
565 2346 655 2379 Atque
682 2344 755 2377 hoc,
779 2349 808 2372 ut
833 2344 1014 2372 indicavimus

1077 2345 1195 2377 Λιὸυκδς
1209 2345 1287 2380 ὅρνις
1302 2345 1351 2380 μὲν
1366 2344 1435 2377 ἔστι,
1452 2344 1591 2379 πτερωτὸς
1606 2344 1644 2377 δὲ,
1662 2344 1693 2370 οὐ
1708 2345 1825 2371 πέταται
1838 2343 1871 2371 δὲ

238 2399 299 2429 post
328 2393 451 2429 singulos
478 2393 646 2427 quingentos
668 2399 756 2419 annos
783 2391 840 2418 lieri
869 2392 1023 2420 consuevit.

238 2439 336 2466 Passer
351 2444 442 2466 autem
458 2437 580 2473 Libycus
596 2436 653 2464 avis
670 2437 780 2472 quidem
803 2440 846 2464 est
862 2437 931 2472 (alas
952 2438 1024 2465 enim

239 2485 349 2520 habet),
364 2491 461 2512 verum
487 2491 542 2511 non
564 2483 638 2510 volat
656 2487 799 2517 propterea
823 2482 895 2517 quod
923 2490 1027 2517 pennas

240 2531 339 2559 habeat
349 2531 382 2558 ad
398 2530 518 2558 volatum
534 2537 588 2557 non
600 2529 666 2556 satis
682 2529 808 2560 idoneas,
834 2529 952 2563 uti;quae
964 2527 1027 2563 pilis

241 2577 400 2605 consimiles
424 2577 492 2604 sint.
518 2575 591 2603 idem
607 2575 685 2610 bipes
704 2581 745 2602 est
759 2575 850 2602 avium
867 2581 954 2606 more,
981 2573 1030 2601 sed

245 2624 362 2660 ungulas
375 2623 478 2652 divisas
495 2623 578 2651 habet
591 2627 619 2650 ut
632 2622 799 2658 quadrupes.
819 2621 935 2649 Unicum
949 2621 1031 2648 modo

241 2672 328 2700 fetum
344 2671 402 2698 avis
417 2670 490 2698 nulla
505 2670 591 2706 gignit
605 2673 704 2704 praeter
722 2674 862 2703 cocygem.
878 2666 956 2700 Quod
970 2667 1032 2702 qui-

243 2718 306 2745 dem
320 2717 350 2744 ιιι
361 2717 396 2744 ob
411 2717 471 2752 ejus
483 2720 588 2743 natura:
602 2713 790 2750 frigiditatent,
808 2720 869 2747 qua:
884 2711 919 2739 de
935 2711 1031 2739 formi-

245 2764 311 2791 dine
327 2763 466 2798 colligitur
484 2771 490 2788 :
507 2770 570 2789 nam
596 2760 648 2788 nisi
667 2759 779 2786 timidus
798 2763 887 2790 esset,
903 2766 967 2786 aves
989 2758 1031 2794 ip-

1081 2391 1125 2418 διὰ
1140 2391 1170 2417 τὸ
1187 2391 1222 2418 τὰ
1237 2391 1325 2426 πτερὰ
1344 2391 1427 2418 αὑτοῦ
1444 2391 1482 2427 μὴ
1492 2390 1674 2426 χρησιμεύειν
1689 2391 1728 2422 είς
1741 2391 1845 2425 πτῆσιν
1860 2398 1870 2405 ·

1080 2436 1217 2473 τριχοειδῆ
1242 2437 1307 2472 γάρ.
1330 2437 1383 2463 Καὶ
1407 2437 1502 2468 δίπους
1537 2437 1587 2472 μιν
1612 2437 1686 2463 ἐστιν
1713 2435 1751 2468 ὡς
1778 2436 1871 2472 δρνις,

1080 2483 1182 2518 διχηλεϊ
1196 2483 1224 2510 δὲ
1239 2483 1276 2513 ὡς
1287 2483 1450 2518 τετράπους.
1470 2483 1549 2510 Ἀλλὰ
1566 2483 1613 2510 καὶ
1629 2482 1776 2518 μονοτόκον
1789 2481 1873 2509 οὐδὲν

1080 2528 1134 2555 τῶν
1154 2528 1268 2562 ὀρνίθων
1287 2529 1372 2561 ἐστὶν,
1389 2530 1414 2555 εί
1439 2529 1478 2564 μὴ
1502 2529 1583 2563 μόνος
1609 2529 1624 2555 ό
1653 2528 1757 2561 κόκκυξ
1777 2528 1823 2554 διὰ
1840 2527 1876 2554 τδ

1080 2574 1185 2610 ψυχρὸν
1202 2575 1251 2609 τῆς
1274 2574 1358 2601 αὑτοῦ
1383 2574 1504 2609 φύσεως.
1522 2575 1583 2600 Ὀτι
1607 2574 1636 2601 δὲ
1657 2573 1774 2610 ψυχρὸς,
1789 2573 1877 2609 δῆλον

1079 2622 1112 2648 ἐκ
1127 2621 1177 2656 τῆς
1192 2621 1294 2652 δειλίας
1307 2620 1394 2648 αὐτοῦ
1405 2628 1413 2636 ·
1433 2620 1482 2647 καὶ
1495 2621 1550 2656 γὰρ
1565 2621 1589 2647 sl
1607 2621 1645 2655 μὴ
1662 2618 1694 2655 ἦν
1706 2620 1806 2652 δειλὸς,
1818 2621 1876 2647 οὐκ

1079 2667 1112 2694 ἂν
1129 2668 1182 2694 ὑπὸ
1197 2668 1307 2695 πάντων
1323 2666 1452 2694 ἐδιώκετο
1474 2667 1529 2694 τῶν
1547 2667 1660 2702 ὀρνέων,
1676 2667 1828 2693 κάντεῦθεν
1842 2667 1877 2693 ὲν

1079 2714 1234 2750 ἀλλοτρίαις
1248 2714 1339 2741 ἔτικτε
1352 2714 1496 2746 νεοττιαῖς.
1516 2713 1661 2748 Πανταχοῦ
1676 2714 1705 2740 ὄλ
1727 2715 1744 2749 ή
1761 2713 1876 2748 ψυχρό-

1079 2768 1129 2793 της
1143 2759 1217 2785 αἰτία
1237 2759 1347 2789 δειλίας.

245 2817 305 2835 sum
320 2809 453 2835 universa:
467 2816 521 2835 non
556 2809 798 2842 persequerentur.
820 2803 880 2837 Quo
899 2803 958 2839 ipso
976 2803 1006 2831 ﬁt
1037 2810 1067 2832 ut
1086 2804 1159 2832 nidis
1182 2802 1279 2831 alienis
1294 2808 1397 2831 utatur.
1423 2802 1471 2831 Est
1497 2808 1588 2831 autem
1609 2803 1743 2839 lrigiditas
1762 2802 1876 2838 ubique

246 2855 401 2885 lurmidinis
416 2862 506 2883 causa.
