1944 3072
148 138 186 170 109

739 147 940 179 ANNALIUM
961 148 1056 177 PARS
1080 148 1100 177 I.

1687 145 1737 178 1U)

176 200 234 226 Ἀλλ’
247 200 308 228 οὐδὲ
324 203 405 230 τοῦτό
429 212 457 230 σε
471 206 673 241 παραδραμεῖν,
690 207 825 241 ἀγαπητὲ,
840 206 896 242 βού-

989 205 1043 243 47
1062 207 1102 234 Ne
1118 206 1170 234 hoc
1187 205 1297 241 quidem
1321 205 1431 234 silentio
1452 204 1591 240 praeterire
1606 211 1716 240 possum
1728 225 1735 236 ,

142 245 217 280 λομαι,
231 247 448 284 παραδοξότερον
465 252 511 278 καὶ
530 253 647 287 μάλιστα
667 254 721 280 τῶν
734 254 821 281 ἄλλων
834 255 875 286 ὃν,
889 255 904 282 ὃ

143 291 192 324 περὶ
212 290 317 326 ὄρνιθος
331 293 378 320 τοῦ
402 295 572 330 καλουμένου
600 298 718 332 μέροπος
742 300 756 326 ό
780 299 903 331 Λίλιανδς

142 335 233 369 ἱστορεῖ,
250 337 370 379 ιΜέροψν
389 348 398 364 ι
421 339 509 374 λέγων
537 350 546 367 ι
568 341 598 368 τὸ
620 342 713 377 δρνεον
726 344 766 375 τίς
780 341 903 371 τούπίσω

141 381 247 409 πέταται.
264 392 274 409 ι
288 384 343 410 Καὶ
357 383 448 411 ἔπεισί
471 395 516 421 μοι
534 386 686 423 θαυμάζειν
701 389 750 423 τὴν
766 390 902 426 ἐπίσημον

139 427 258 461 ἀναφορὰν
274 429 307 465 ἢν
320 430 409 458 lascivo
419 432 481 465 ἄγει
495 433 526 460 τδ
539 430 620 465 ζῶον.

165 473 231 501 ἠδὲ
248 474 294 501 τὸν
310 475 478 512 ἀλεκτρυόνα
494 480 590 511 νυκτὸς
605 479 680 516 ᾄδειν
691 482 721 508 ὲν
736 481 902 517 ὡρισμένοις

135 521 225 554 καιροῖς
235 521 265 547 οὐ
285 522 339 557 πρὸ
354 523 452 551 πολλοῦ
465 525 514 560 τῆς
527 526 573 552 τοῦ
590 526 666 562 ἡλίου
681 528 815 563 ἁνατολῆς
829 529 901 561 τινὲς

135 565 176 599 μὲν
196 566 409 602 ἐφυσιολόγησαν
437 569 535 604 οὕτως,
559 571 600 598 ὅτι
629 572 796 608 θερμότατον
814 573 844 601 ὃν
871 573 902 602 τὸ

132 610 190 658 ζῷον
208 613 254 639 καὶ
270 613 360 648 λίχνον
383 616 447 651 περὶ
467 617 517 649 τὰς
543 618 597 644 τῶν
620 621 728 655 τροφῶν
748 621 852 656 ὀρέξεις
867 624 899 658 τῇ

133 657 176 690 μὲν
191 659 300 693 ἑμφύτῳ
313 660 463 696 θερμότητι
483 664 634 700 ταχύτερον
653 666 751 694 πιπτει
762 669 811 702 τὴν
828 657 899 695 διδοέ

91 716 93 720 -
131 703 203 739 μένην
217 705 331 741 τροφὴν,
348 708 381 742 τῇ
398 707 427 735 δὲ
454 708 559 746 λιχνείᾳ
578 711 629 746 τῆς
651 712 760 746 φύσεως
779 719 900 748 προανα-

130 749 202 783 φωνεῖ
211 751 260 788 τὴν
277 753 343 788 περὶ
363 753 450 782 ταῦτα
468 755 568 791 ὄρεξιν,
584 758 667 785 οἱονεὶ
690 761 900 797 προσκαλούμε-

128 804 168 828 vs:
183 797 225 825 τὴν
237 797 386 831 σιτίζοντα.
405 801 515 837 Ἕτεροι
527 802 555 830 δέ
571 813 653 838 φασιν
663 805 705 832 ὅτι
720 806 768 833 καὶ
783 807 899 835 ἕκαστον

127 840 175 870 τῶν
200 843 317 872 ἐνταῦθα
344 846 429 874 ὄντων
455 848 502 875 καὶ
530 850 683 884 γινομένων
711 852 819 888 ἑκάστῳ
843 854 898 880 τῶν

125 890 267 924 φωστήρων
295 891 447 926 ἀνάκειται,
476 893 571 930 ὥσπερ
595 895 609 921 ό
639 895 723 928 λωτὸς
752 897 783 924 τὸ
815 899 900 933 φυτὸν

125 934 225 970 ἡλιακὰν
245 938 328 970 ἐστιν,
354 936 416 966 ὅθεν
442 939 616 968 ἀνατέλλοντι
640 942 691 977 μὲν
711 943 750 979 τῷ
773 946 899 980 φωστῆρι

124 981 225 1014 ἑξαπλοτ
244 983 278 1010 τὰ
299 983 397 1019 φύλλα,
410 983 514 1014 δύνοντι
533 987 562 1014 ὁὶ
588 988 738 1018 συστέλλει,
754 990 833 1018 Οὕτω
849 992 900 1026 μὲν

122 1027 164 1055 οὖν
176 1029 219 1056 καὶ
237 1029 251 1056 ό
267 1030 426 1067 ἀλεκτρυὼν
446 1031 499 1060 ὐπδ
522 1033 572 1069 τὴν
597 1034 715 1071 ἡλιακὴν
734 1036 814 1070 τάξιν
827 1038 897 1066 ἔστί.

123 1074 205 1111 Ταύτῃ
228 1083 268 1103 τοι
296 1078 344 1104 καὶ
370 1079 439 1113 πρὸς
462 1079 597 1117 ἀνατολὴν
620 1083 758 1110 ἐπανιόντι
780 1084 820 1118 τῷ
841 1085 901 1119 ίδίῳ

90 1131 93 1134 -
121 1121 252 1157 ἀρχηγέτῃ
266 1123 431 1158 ἁπορῤήτως
445 1124 492 1152 καὶ
506 1127 630 1160 φυσικῶς
641 1128 834 1162 ὲπιγάννυται,
849 1130 898 1157 καὶ

119 1165 208 1202 ὥσπερ
233 1167 305 1203 ᾠδὴν
331 1169 406 1204 αὐτῷ
433 1170 596 1206 ποιούμενος
622 1173 834 1210 ἀπολαμπρύνει
866 1184 897 1202 τε

118 1211 164 1247 τὴν
177 1213 266 1248 φωνὴν
281 1215 328 1241 καὶ
344 1215 416 1250 μέγα
430 1216 490 1252 βοᾷ.
512 1217 567 1245 Καὶ
579 1215 652 1246 οὗτοι
679 1221 728 1255 μὲν
741 1221 829 1254 οὕτως
839 1231 847 1238 ·
863 1225 896 1251 σὺ

117 1258 154 1289 ϐξ,
167 1258 302 1294 ἁγαπητὲ,
317 1262 367 1292 τας
387 1265 516 1295 τοιαύτας
529 1265 622 1298 φωνὰς
645 1267 716 1301 μετὰ
728 1267 784 1294 τῶν
803 1268 896 1304 μύθων

117 1304 238 1338 ἀριθμεῖν
265 1306 302 1340 μὴ
325 1306 418 1334 δέδιθι.
440 1307 492 1335 Τὸν
522 1310 577 1346 γὰρ
599 1312 768 1347 ἀλεκτρυόνα
799 1315 895 1348 νυκτὸς

115 1349 205 1383 ἔταξεν
223 1351 297 1387 ᾄδειν
311 1353 324 1379 ὁ
342 1353 470 1388 κηδεμὼν
492 1356 601 1383 πάντων
625 1357 701 1390 Θεὸς,
718 1358 756 1390 ὡς
771 1359 895 1388 ἐντεῦθεν

115 1396 186 1430 ἡμᾶς
209 1397 325 1429 ἄκοντας
345 1398 396 1433 τῆς
424 1399 519 1434 κλίνης
535 1401 691 1436 ἐγείρεσθαι
717 1403 765 1431 καὶ
793 1405 831 1439 μὴ
845 1405 895 1440 τὴν

112 1440 194 1467 vim:
208 1442 419 1469 καταναλίσκειν
434 1444 498 1478 ὅλην
509 1445 557 1471 επὶ
569 1446 669 1478 κενοῖς,
684 1447 751 1474 ἀλλὰ
765 1449 830 1480 τοὺς
845 1450 900 1484 μὲν

111 1487 150 1516 si;
178 1486 310 1521 ἐργασίαν
342 1489 539 1524 ἐκτρέπεσθαι,
566 1492 630 1523 τοὺς
663 1492 692 1519 δὲ
722 1493 791 1528 πρὸς
817 1495 893 1523 θείαν

917 877 939 906 Β

110 1528 263 1579 Βηεολογίαν
282 1534 445 1562 ἀνίστασθαι
458 1543 465 1551 ·
483 1536 597 1564 τοιαῦτα
619 1537 674 1574 γὰρ
690 1539 740 1565 τοῦ
757 1539 826 1567 Θεοῦ
846 1542 894 1568 καὶ
907 1549 929 1579 c

109 1579 153 1606 διὰ
167 1578 254 1613 λόγιον
277 1580 323 1607 καὶ
335 1580 380 1607 διὰ
394 1580 471 1612 ζώων
484 1582 536 1609 οὐκ
547 1583 726 1618 ἀναινομένου
741 1585 893 1615 παιδεύειν.

109 1626 162 1652 Καὶ
172 1627 307 1662 πρόσοχες
321 1628 360 1662 τῷ
370 1629 523 1663 Σολομῶντι
543 1630 662 1665 λέγοντι·
680 1631 749 1659 ι’ίθι
768 1633 837 1668 πρὸς
849 1634 896 1662 τὸν

108 1671 252 1708 μύρμηκα,
269 1671 292 1701 ὥ
306 1672 417 1709 ὀκνηρέ.
436 1682 446 1701 s

141 1717 263 1745 Γίνωτκι
287 1720 317 1746 δὲ
347 1721 395 1746 καὶ
423 1721 512 1753 τοῦτο,
526 1721 568 1749 ότι
593 1723 645 1758 τὴν
669 1724 752 1759 μυῖαν
777 1725 894 1761 Ἀττικῷ

105 1763 196 1797 μέλιτι
210 1764 248 1799 μὴ
271 1765 452 1800 ἐπικαθῆσθαι
475 1775 555 1801 φασι,
576 1768 679 1803 Θύμοις
696 1770 744 1796 καὶ
768 1770 822 1806 γὰρ
844 1771 894 1807 τὴν

110 1808 241 1844 Ἀττικὴν
260 1811 392 1845 κομῶσαν
404 1812 462 1839 ἐστι
478 1812 640 1847 θεάσασθαι,
660 1812 701 1846 οἷς
719 1816 894 1850 ὲφιζάνουσιν

109 1855 238 1883 ’Λττικαὶ
251 1858 413 1893 συχνότερον
439 1857 574 1893 μέλισσαι.
597 1860 740 1887 Ἐντεῦθεν
763 1862 810 1888 καὶ
832 1862 892 1897 δρι-

101 1900 231 1934 μυτέραν
246 1900 304 1935 εχει
327 1903 377 1937 τὴν
390 1903 535 1938 ὄσφρησιν.
553 1904 599 1931 Διὸ
615 1905 742 1941 καθάπιρ
758 1905 823 1941 ἱερῷ
836 1915 892 1934 τινι

104 1945 228 1981 Ἀττικῷ
247 1947 315 1982 μυῖα
329 1947 378 1974 οὐκ
390 1947 555 1985 ιπικάθηται
573 1950 684 1988 μάλιτιε

129 2065 262 2110 Γίνωσκε
280 2083 309 2110 δὲ
324 2083 393 2120 πρὸς
412 2084 521 2117 τούτοις
541 2085 582 2113 ὅτι
604 2088 683 2121 μυῖαι
697 2088 745 2115 καὶ
764 2088 891 2124 μέλισσαι

90 2128 144 2155 καὶ
180 2129 332 2164 μύρμηκες
361 2129 413 2157 ὑπὸ
441 2131 531 2159 ἐλαίου
556 2133 734 2165 ὰτνὲλλυνταιν,
760 2134 828 2162 διότι
856 2136 892 2162 τὰ

958 253 1052 280 multis
1068 252 1128 280 aliis
1144 252 1226 280 rebus
1236 251 1436 285 admirabilius,
1451 251 1524 285 quod
1536 249 1569 277 de
1590 258 1637 277 ave
1655 257 1737 285 quam

958 306 1097 334 meropem
1114 302 1212 325 vocant
1227 297 1350 325 [Elianus
1374 297 1513 324 memoria
1533 296 1664 331 prodidit.
1681 295 1738 322 Ma-

956 352 1030 379 rops,
1049 344 1149 379 inquit,
1167 344 1225 371 avis
1245 348 1396 371 retrorsum
1415 343 1487 370 volat
1499 362 1507 375 ,
1528 350 1609 378 quem
1627 342 1737 377 quidem

957 393 1061 417 motum
1085 389 1262 423 volatumque
1288 388 1370 422 hujus
1390 387 1519 415 animalis
1540 387 1689 415 notabilem
1707 394 1739 413 ac

956 435 1116 462 inusitatum
1135 434 1208 462 haud
1223 435 1272 462 abs
1285 443 1313 462 re
1328 434 1420 461 mirari
1432 433 1517 461 subit.

990 480 1049 508 Jam
1063 479 1136 515 quod
1159 481 1246 516 gallus
1263 480 1433 515 gallinaceus
1457 484 1541 507 noctu
1557 479 1640 507 certis
1662 478 1739 506 horis

954 531 1057 558 cantet,
1072 534 1127 554 non
1144 527 1260 554 multum
1273 531 1336 554 ante
1351 527 1418 554 solis
1431 531 1535 557 ortum.
1547 526 1606 561 ejus
1617 525 1655 553 rei
1671 533 1738 552 cau-

955 580 1012 600 sam
1030 573 1057 600 in
1082 573 1155 600 hunc
1181 573 1292 600 modum
1311 573 1435 600 nonnulli
1450 572 1634 607 explicarunt.
1654 571 1738 598 Aiunt

954 619 1028 646 enim
1053 619 1153 646 animal
1181 619 1233 646 hoc
1247 628 1261 646 a
1278 624 1373 646 natura
1387 618 1582 646 calidissimum
1600 622 1628 645 et
1640 618 1666 644 in
1683 617 1738 651 pri-

954 664 1007 691 mis
1024 665 1052 691 in
1066 664 1220 698 appetendo
1240 665 1410 692 nutrimento
1425 664 1534 691 avidum
1560 662 1596 690 ob
1617 663 1735 690 calorem

953 711 1065 746 quidem
1081 710 1193 739 insitum
1208 712 1291 739 citius
1318 716 1462 746 acceptum
1486 710 1646 738 alimentum
1669 717 1736 736 con—

953 765 1082 794 coquere,
1091 757 1127 787 ob
1140 759 1298 786 aviditatem
1309 765 1374 786 vero
1384 762 1488 786 naturae
1497 757 1646 792 appetitum
1655 763 1736 783 suum

953 804 1120 840 signiﬁcare,
1136 805 1221 840 quasi‘
1239 809 1396 840 pascentem
1422 812 1452 832 se
1470 804 1567 832 invitet
1581 809 1607 832 et
1623 805 1735 832 excitet.

953 852 1005 879 Alii
1022 853 1117 880 volunt
1130 858 1188 880 rem
1206 852 1358 886 quamlibet
1369 851 1452 879 alicui
1468 854 1545 879 certo
1560 851 1643 878 sideri
1663 850 1738 877 dica-

954 903 1007 925 tam
1019 899 1090 930 esse,
1109 897 1190 925 sicuti
1203 897 1275 925 lotus
1287 896 1371 925 herba
1395 897 1492 924 solaris
1508 901 1560 924 est.
1581 896 1640 929 Quo
1660 896 1690 923 fit
1708 900 1743 923 ut.

952 943 1017 971 huic
1032 943 1162 970 luminari
1182 942 1318 970 exorienti
1334 941 1398 969 folia
1413 949 1462 969 sua
1478 941 1591 976 pandat,
1613 949 1675 968 cum
1691 948 1738 968 ea-

951 989 1012 1016 dem
1026 989 1123 1016 eodem
1144 988 1286 1016 occidente
1299 988 1453 1016 contrahat.
1469 987 1514 1015 Sic
1528 992 1556 1015 et
1577 987 1663 1022 gallus
1680 987 1737 1021 gal-

950 1035 1072 1062 linaceus
1099 1034 1133 1062 de
1159 1034 1256 1061 horum
1283 1034 1411 1069 opinione
1426 1033 1478 1061 sub
1496 1032 1581 1061 solem
1606 1032 1734 1060 refertur.

949 1079 1135 1113 Quamobrem
1153 1078 1186 1106 ad
1211 1083 1302 1106 ortum
1318 1077 1451 1105 redeunte
1467 1077 1537 1105 duce
1555 1085 1605 1104 suo
1630 1077 1735 1104 ratione

950 1125 1068 1160 quadam
1097 1121 1205 1152 occulta
1227 1129 1255 1151 et
1276 1124 1395 1150 naturali
1409 1123 1529 1158 fgaudet.
1556 1122 1642 1150 Simul
1657 1122 1734 1157 quasi

949 1171 1061 1197 carmen
1071 1169 1098 1197 ei
1112 1167 1249 1203 quoddam
1267 1169 1414 1196 concinere
1431 1169 1514 1201 velit,
1526 1168 1628 1196 clarius
1639 1175 1733 1194 vocem

949 1215 1088 1242 attollitet
1103 1214 1188 1242 altum
1202 1214 1314 1242 clamat.
1330 1214 1418 1248 Atque
1431 1214 1540 1241 illorum
1555 1212 1666 1248 quidem
1676 1213 1735 1240 hzec

947 1265 992 1288 est
1010 1260 1157 1298 sententia.
1176 1260 1216 1287 Tu
1232 1267 1308 1292 vero,
1329 1260 1367 1287 mi
1387 1259 1425 1287 ﬁli
1439 1279 1446 1292 ,
1464 1263 1547 1288 voces
1577 1258 1735 1295 huiusmodi

948 1306 1060 1334 referre
1071 1306 1144 1334 inter
1164 1305 1270 1333 fabulas
1288 1313 1322 1333 ne
1336 1305 1467 1334 verearis.
1484 1306 1551 1334 Nam
1567 1306 1666 1341 gallum
1679 1307 1735 1341 gal-

949 1353 1088 1380 linaceum
1107 1356 1190 1379 noctu
1217 1357 1318 1379 canere
1345 1351 1418 1378 Deus
1443 1350 1543 1386 jussit,
1571 1351 1618 1386 qui
1641 1351 1734 1378 omnia

945 1398 1118 1434 providentia
1131 1405 1181 1426 sua
1192 1392 1394 1432 complectitur,
1410 1403 1440 1424 ut
1449 1397 1500 1424 hoc
1513 1397 1594 1424 modo
1604 1397 1645 1424 vel
1655 1397 1734 1424 inviti

945 1445 980 1472 de
994 1444 1096 1472 lectulo
1111 1451 1256 1479 surgamus
1276 1448 1327 1471 nec
1350 1443 1410 1471 sine
1425 1443 1515 1471 fructu
1538 1448 1646 1470 noctem
1662 1443 1734 1471 intc-

945 1497 1020 1524 gram
1044 1496 1249 1521 consumamus,
1271 1488 1317 1516 sed
1331 1487 1430 1523 partim
1440 1487 1475 1516 ad
1491 1495 1590 1524 operas
1605 1496 1655 1516 nos
1669 1496 1734 1516 cou-

946 1540 1095 1569 vertamus,
1107 1534 1206 1570 partim
1218 1534 1252 1562 ad
1268 1534 1316 1562 Dei
1340 1534 1552 1562 celebrationem
1568 1535 1732 1563 excitemur.

950 1582 995 1609 Sic
1009 1582 1083 1610 enim
1100 1581 1243 1609 consuevit
1261 1581 1333 1609 Deus
1349 1585 1405 1608 tam
1419 1588 1468 1616 per
1482 1581 1635 1608 doctrinam
1649 1589 1732 1616 quam

949 1628 1006 1662 ipsa
1022 1627 1105 1656 etiam
1120 1627 1248 1655 animalia
1266 1634 1317 1655 nos
1331 1627 1454 1655 erudire.
1473 1626 1544 1660 Quid
1564 1626 1675 1655 Solomo
1691 1627 1734 1655 di-

947 1678 1000 1705 cat,
1013 1672 1099 1700 audi:
1117 1682 1127 1700 ι
1144 1673 1184 1700 Ad
1208 1673 1361 1705 formicam,
1379 1672 1487 1708 ignave,
1505 1678 1531 1701 te
1544 1673 1639 1702 confer
1653 1674 1686 1701 ".
1702 1683 1711 1700 ι

982 1717 1040 1746 Hoc
1063 1718 1145 1746 etiam
1162 1718 1352 1746 animadverte
1366 1737 1374 1751 ,
1404 1720 1477 1754 quod
1500 1727 1623 1747 muscam
1639 1720 1732 1748 Attico

947 1763 1023 1792 melli
1049 1769 1150 1798 negant
1167 1763 1298 1791 insidere.
1313 1763 1381 1791 Nam
1401 1764 1496 1800 thymo
1506 1765 1623 1792 Atticam
1645 1766 1732 1793 abun-

947 1809 1014 1837 dare
1029 1810 1165 1843 videmus,
1181 1809 1226 1837 cui
1239 1809 1331 1837 herbe
1348 1814 1377 1837 ut
1394 1810 1542 1845 plurimum
1562 1818 1627 1846 apes
1636 1811 1732 1839 Attice

947 1855 1080 1883 insident.
1096 1855 1157 1888 Quo
1175 1854 1206 1882 fit
1234 1859 1264 1882 ut
1288 1855 1342 1883 mel
1370 1855 1491 1883 Atticum
1517 1857 1599 1884 etiam
1618 1856 1732 1884 odorem

946 1902 1048 1930 habeat
1067 1902 1214 1929 acriorem.
1235 1901 1342 1929 Idcirco
1365 1902 1439 1930 melli
1468 1902 1576 1936 Attico,
1601 1906 1736 1938 tanquam.

944 1955 1034 1981 sacro,
1059 1955 1160 1975 muscae
1175 1955 1230 1975 non
1248 1947 1371 1976 insident
1390 1955 1400 1975 :
1414 1947 1461 1976 sed
1482 1951 1512 1975 ut
1536 1949 1653 1976 maxime
1667 1956 1730 1976 cum

944 1993 1063 2028 Strepitu
1088 1993 1305 2025 circumvolent,
1322 1993 1356 2021 ab
1375 1993 1530 2028 direptione
1549 1998 1639 2021 tamen
1654 1993 1736 2022 labo-

943 2045 1005 2065 rum
1020 2037 1079 2072 apis
1091 2038 1190 2065 Atticae
1204 2042 1344 2065 arcentur.

979 2084 1080 2111 Praeter
1096 2084 1154 2111 lia-c
1171 2085 1241 2111 scire
1260 2084 1365 2117 debes,
1389 2092 1499 2113 muscas
1508 2089 1537 2115 et
1549 2093 1613 2120 apes
1630 2090 1659 2113 et
1674 2085 1731 2112 for-

944 2131 1029 2158 micas
1041 2131 1102 2158 oleo
1115 2130 1263 2166 exstingui.
1273 2130 1341 2158 Nam
1355 2138 1418 2158 vasa
1427 2130 1529 2165 quibus
1540 2130 1684 2166 respiratio
1699 2131 1734 2158 fitv

86 2176 308 2201 ἀναπνευστικὰ
332 2177 412 2203 στενὰ
439 2177 506 2212 ἔχει,
535 2178 564 2204 τὺ
591 2178 620 2205 δὲ
644 2179 735 2206 ἔλαιον
758 2181 889 2217 γλίσχρον

949 2181 1008 2203 sunt
1021 2176 1062 2203 eis
1075 2182 1203 2211 augusta,
1213 2184 1274 2211 quas
1284 2176 1318 2204 ab
1332 2172 1393 2204 oleo
1404 2181 1502 2204 natura
1516 2176 1591 2203 lento
1606 2176 1729 2204 viscoso-

86 2221 255 2254 ἐμφράττει
269 2219 350 2248 αὐτά.
369 2222 508 2257 Πάσχουσι
534 2223 562 2250 δὲ
584 2224 665 2252 τοῦτο
681 2226 729 2253 καὶ.
758 2226 782 2253 oi
809 2226 887 2261 ὄφεις

949 2229 995 2256 lue
1010 2222 1088 2249 facile
1103 2222 1296 2249 obstruuntur.
1322 2222 1411 2250 Idem.
1427 2222 1603 2257 serpentibus
1628 2221 1731 2249 accidit.-

85 2267 146 2293 ὐπὺ
174 2267 234 2294 τῶν
262 2267 423 2304 βαρυόόμων
437 2277 444 2284 ·
461 2270 492 2296 τὸ
515 2271 569 2305 γὰρ
596 2272 662 2306 παρ“
678 2273 771 2303 αὐτοῖς
792 2273 885 2300 στενό-

81 2320 179 2347 πορον
212 2311 267 2339 τῶν
291 2313 517 2342 ἀναπνευστικῶν
540 2316 728 2350 ἑμφράττιται
755 2317 808 2345 ὑπὸ
834 2318 885 2353 τῆς

76 2357 141 2382 τῶν
174 2356 364 2392 θυμιωμένων
389 2358 555 2394 παχύτητος.
580 2361 642 2388 Ἐπὶ
662 2362 716 2397 γὰρ
736 2363 824 2398 τούτῳ
839 2364 886 2390 καὶ

75 2403 111 2428 τὸ
147 2403 212 2436 τῆς
248 2402 346 2438 ἐλάφου
386 2404 473 2439 κέρας
511 2405 687 2442 θυμιώμενον
715 2408 812 2443 φεύγει
840 2410 887 2436 καὶ

75 2448 200 2483 μᾶλλον
215 2449 230 2475 ό
243 2449 305 2484 ὄφις
317 2459 324 2466 ι
341 2450 518 2486 λειποθυμεῖν
541 2453 596 2488 γὰρ
619 2454 702 2481 αὑτὸν
725 2455 887 2490 ἀναγκάζει.

121 2536 202 2563 Ἐπὶ
229 2537 298 2564 πᾶσι
317 2539 346 2565 δὲ
363 2540 470 2572 τούτοις
486 2542 542 2573 τοῖς
557 2542 663 2577 ὀρνέοις
679 2544 829 2580 οὑρηδόχον
841 2546 890 2572 κύ-

67 2589 141 2607 στιν
170 2583 228 2608 καὶ
246 2585 364 2619 νεφροὺς
388 2586 404 2620 ἡ
424 2586 506 2620 φύσις
530 2589 581 2615 οὐκ
603 2589 714 2623 ἔδωκεν,
730 2590 772 2618 ὃτι
785 2591 889 2626 πολλῆς

937 2267 1122 2296 oﬂ'erentibus
1137 2274 1168 2295 se
1182 2267 1266 2294 rebus
1283 2274 1398 2302 quarunt
1416 2267 1507 2302 gravis
1522 2266 1648 2294 estodor.
1663 2266 1727 2293 Ete-

937 2313 993 2340 nim
1013 2313 1139 2348 angustia
1154 2318 1294 2340 meatuum
1308 2313 1335 2340 in
1357 2313 1398 2340 eis
1412 2312 1586 2348 respirationi
1601 2312 1723 2340 destina-

938 2363 1027 2386 torum
1056 2366 1106 2394 per
1133 2358 1273 2386 suilituum
1295 2359 1448 2386 crassitiem
1472 2358 1635 2386 obstruitur.
1667 2357 1731 2390 Qua-

937 2405 995 2440 ipsa
1008 2404 1042 2432 de
1063 2412 1146 2432 causa
1161 2405 1192 2432 fit
1206 2409 1235 2433 ut
1252 2412 1340 2432 cornu
1357 2405 1498 2433 cervinum
1507 2412 1621 2440 serpens
1634 2406 1726 2440 magis

939 2451 1023 2478 etiam
1039 2451 1129 2486 fugiat
1151 2458 1233 2486 quam
1245 2458 1290 2479 res
1303 2451 1364 2479 illas
1377 2451 1506 2479 odoratas
1519 2459 1526 2478 :
1547 2451 1649 2486 quippe
1665 2458 1726 2479 ser-

939 2502 1049 2532 pentem
1067 2497 1094 2525 id
1109 2505 1223 2533 prorsus
1238 2498 1388 2526 exanimat.
1732 2489 1736 2498 ’

973 2542 1062 2578 Supra
1074 2542 1130 2579 48
1140 2543 1231 2571 omnia
1245 2543 1327 2573 nobis
1341 2542 1369 2569 in
1386 2542 1438 2570 hoc
1453 2541 1547 2575 etiam,
1562 2541 1612 2574 fili,
1628 2546 1670 2569 est
1683 2543 1727 2569 in-

938 2589 1114 2623 quirendum.
1140 2589 1261 2627 Vesicam
1288 2588 1361 2616 illam
1388 2596 1441 2623 qua
1469 2589 1548 2615 urina
1576 2588 1723 2623 excipitur.

938 2635 1059 2669 itemque
1083 2643 1164 2663 renes
1186 2635 1282 2663 avibus
1307 2634 1412 2662 idcirco
1435 2638 1531 2662 natura
1557 2642 1610 2661 non
1635 2633 1723 2663 dedit.

64 2627 248 2662 ὑγρότητος
272 2629 326 2656 ἔδει
358 2631 426 2665 πρὸς
450 2632 556 2667 γένεσιν
579 2635 634 2662 τῶν
661 2636 781 2670 πτερῶν.
805 2637 886 2665 Ἀλλὰ

62 2675 122 2700 καὶ
159 2674 199 2701 τὸ
225 2676 417 2711 γυμνάζεσθαι
433 2679 505 2706 κατὰ
526 2680 576 2715 τὴν
590 2681 692 2715 πτῆσιν
710 2681 884 2713 ἑξαναλίσκει

58 2720 209 2754 ταύτην.
227 2721 341 2756 Ἔχουσι
364 2723 393 2750 δὲ
419 2725 467 2751 καὶ
486 2726 536 2761 τὴν
553 2726 657 2761 κόπρον
683 2726 808 2759 ἐξιοῦσαν
833 2728 884 2754 σὺν

56 2764 228 2800 ὑγρότητι
259 2767 290 2793 οὗ
324 2769 453 2805 μετρίως.
485 2772 540 2799 Καὶ
562 2771 659 2798 τούτου
695 2773 776 2807 χάριν
799 2773 882 2808 οὐρη-

938 2681 1012 2716 quod
1030 2681 1064 2708 ad
1081 2680 1274 2716 producendus
1290 2688 1395 2717 pennas
1421 2680 1507 2707 multo
1523 2680 1638 2706 humore
1654 2686 1726 2713 opus

937 2732 1007 2755 erat.
1031 2727 1120 2762 Atque
1141 2727 1224 2754 etiam
1243 2728 1302 2761 ipsa
1325 2726 1435 2754 volandi
1462 2724 1622 2753 exercitatio
1643 2724 1724 2752 facile

936 2774 1081 2801 humorem
1108 2773 1134 2800 in
1159 2773 1200 2800 eis
1226 2772 1355 2800 absumit.
1372 2772 1507 2799 Praeterea
1533 2778 1593 2798 cum
1618 2775 1722 2799 stercus

101 2854 131 2870 ”
156 2853 254 2881 Prov.
272 2862 314 2888 VI,
329 2855 355 2882 6.
