1944 3072
825 124 1037 164 Mittimus
1055 123 1201 161 suae

1780 122 1827 154 H2

203 198 365 226 excernunt,
377 200 433 220 non
449 199 544 227 parum
560 191 684 219 humoris
704 189 785 218 simul
800 189 868 217 exit.
892 188 995 222 Quam-

1052 188 1125 223 Βὸχον
1144 188 1239 214 κύστιν
1270 186 1287 221 ή
1320 185 1402 220 φύσις
1434 185 1490 217 τοῖς
1517 183 1621 220 ὀρνέοις
1638 182 1689 210 οὐκ
1719 181 1826 215 ἔδωκεν.

205 243 300 268 obrem
333 241 419 267 t-xinze
444 237 650 274 receptaculum
668 237 696 265 in
717 235 814 264 avibus
828 239 925 263 natura
939 241 994 261 non

206 287 339 315 condidit.

243 334 283 362 En
299 333 384 361 habes
398 338 423 361 et
437 333 540 368 quintae
556 331 610 359 dici
623 337 718 366 opera.

420 377 547 407 INCIPIT
565 377 642 405 DIES
660 375 787 404 SEXTA.

242 426 323 453 Sexta
357 425 402 453 die
431 424 502 452 Deus
530 431 546 451 e
564 427 653 457 _terra
676 421 779 449 bestias
804 418 996 454 quadrupedes

207 471 346 507 producit.
369 470 460 505 lnquit
492 469 567 497 enim
591 468 716 496 bistorize
746 465 888 501 scriptor:
916 473 926 491 ‹
949 463 996 490 Di-

208 517 248 544 xit
263 517 345 548 Deus,
363 515 432 542 Edat
461 514 542 542 tellus
569 513 687 541 animam
704 512 792 540 vivam
811 511 845 539 ὀ.
864 519 883 536 r
901 510 993 537 Prosi-

206 563 276 589 liunt
297 561 343 588 hic
368 565 464 588 contra
485 567 537 587 nos
563 557 725 590 Manichrei,
751 556 798 591 qui
824 560 904 583 terra:
936 555 996 582 ani-

207 616 281 635 niam
310 607 419 634 indum.
447 607 548 634 Verum
576 604 724 632 manifesto
744 602 896 637 desipiunt.
933 601 994 629 Non

206 653 280 680 enim
296 658 440 688 propterea
449 651 521 687 quod
539 650 609 678 dixit
625 649 698 676 Deus
713 657 720 675 :
738 657 748 673 ι
761 647 831 675 Edat
845 645 992 678 animum,»

194 699 234 734 ,ιιι
254 698 340 726 e'didit
356 697 430 733 quod
446 702 505 725 erat
532 697 560 724 in
575 704 607 723 ea
625 694 702 730 quasi
728 693 901 722 reconditum
920 701 928 720 :
946 692 994 720 sed

207 744 367 772 mandatum
383 745 436 772 hoc
447 744 505 771 vias
518 748 600 778 atque
617 741 779 769 facultatem
797 739 898 767 edendi
915 744 995 766 terra:

207 791 386 826 largiebatur.
416 789 523 823 Quippe
554 795 616 815 cum
637 785 726 814 audiit
748 789 820 812 terra
839 793 846 812 :
865 793 875 809 ι
903 784 995 811 Pariat

207 835 312 862 herbas
339 833 515 869 gramineas,
541 836 568 859 et
596 832 709 858 arbores
741 829 915 860 fructiferas.
934 836 995 863 quin

207 879 327 906 fructum
343 879 427 906 edant
439 877 473 909 δι,
483 887 492 903 ι
508 884 563 904 non
577 875 683 903 idcirco
701 881 814 909 gramen
831 873 905 901 intus
914 873 993 900 abdi-

207 931 264 952 tum
280 923 403 959 protulit,
419 931 469 951 nec
483 922 599 958 palmam
616 921 659 948 vel
682 927 814 956 quercum
829 919 872 946 vel
888 927 997 954 cupres-

207 978 268 997 sum
289 970 361 998 intra
380 969 458 997 sinus
485 975 551 996 suos
575 967 740 995 occultatam
771 967 798 993 in
822 965 996 1000 superficiem

207 1016 303 1043 eduxit
318 1024 326 1043 :
343 1015 390 1043 sed
418 1015 476 1050 ipsa
501 1013 549 1042 Dei
565 1013 653 1040 oratio
668 1019 761 1040 rerum
779 1018 840 1046 qua:
857 1010 997 1038 exsistunt

207 1062 267 1096 ipsa
287 1065 386 1088 natura
410 1065 462 1087 est.
481 1059 576 1093 Itaque
602 1063 674 1085 terra
706 1064 761 1096 non
781 1056 855 1091 quod
873 1056 998 1083 contine-

208 1106 257 1134 bat
271 1106 340 1138 edit.
357 1106 403 1133 sed
421 1104 495 1140 quod
514 1104 597 1131 hodie
614 1103 747 1139 possidet,
764 1103 897 1136 largiente
914 1101 997 1129 nimi-

210 1160 270 1179 rum
289 1151 346 1179 Deo
371 1150 427 1178 vim
452 1150 632 1178 efﬁcacitatis.
648 1149 779 1182 Quamvis
793 1148 866 1176 cuitu
891 1148 997 1175 ratione

208 1198 327 1224 naturali
361 1197 491 1225 oriuntur
510 1195 592 1223 hodie
616 1195 720 1226 omnia.
745 1198 835 1223 tamen
856 1193 921 1220 inde
936 1200 998 1228 pro-

209 1244 280 1272 fecta
300 1248 364 1271 sunt
382 1243 408 1270 in
424 1243 484 1278 ipso
499 1249 592 1269 rerum
603 1240 717 1268 exordio
733 1239 884 1268 secundum
899 1239 998 1266 seriem

209 1298 306 1323 suam,
332 1290 417 1324 idque
449 1297 500 1324 per
526 1287 686 1315 mandatum
704 1286 848 1320 divinum,
866 1285 941 1321 quod
970 1286 998 1313 in

209 1335 350 1364 creatione
364 1334 576 1370 pronuntiatum
593 1332 694 1385 ubiqu‘e
708 1332 771 1359 fuit.

250 1430 344 1465 Itaque
359 1435 436 1458 sexta
461 1430 516 1462 die.
535 1437 586 1457 ceu
603 1428 738 1461 diximus,
756 1428 860 1456 bestias
880 1428 1001 1463 quadru-
1028 1427 1029 1432 ‘

213 1476 298 1511 pedes
313 1483 328 1503 e
344 1482 417 1504 terra
432 1476 570 1511 producit.

251 1522 301 1550 llic
314 1530 380 1550 vero
395 1522 497 1556 inquiri
507 1528 597 1556 operte
613 1521 731 1556 pretium
745 1525 798 1554 est,
816 1520 995 1556 quamobrem
1011 1525 1032 1555 ς

215 1570 288 1597 υνυς
316 1569 514 1604 imprecatione
534 1569 623 1596 fausta
638 1570 726 1604 pisces
739 1567 850 1602 quidem
871 1567 999 1601 dignatus

211 1615 306 1647 fuerit.
325 1622 388 1642 cum
404 1614 480 1641 hisce
495 1613 587 1641 verbis
615 1617 741 1640 uteretur
757 1622 764 1640 :
781 1621 791 1638 ι
813 1612 953 1640 Fetificate
967 1620 999 1640 ac

212 1660 447 1696 multiplicamini,
464 1669 474 1686 ›
489 1667 584 1687 rerum
606 1659 635 1686 in
662 1658 922 1687 terrestribusidem
944 1666 999 1686 non

211 1707 322 1734 fecerit.
344 1706 554 1741 Respondemus
572 1710 664 1733 autem
684 1705 785 1733 factum
802 1705 827 1732 id
841 1712 903 1732 esse
933 1713 999 1740 pro-

209 1758 274 1788 pter
288 1753 503 1780 exsecrationem
519 1751 667 1786 serpentis,
688 1758 750 1786 quas
765 1759 819 1778 non
836 1752 923 1778 multo
940 1755 1000 1786 post

211 1798 360 1826 subsecuta
390 1802 445 1825 εει.
470 1797 538 1825 Nam
566 1797 630 1832 quia
662 1796 786 1824 futurum
814 1796 1000 1831 prospiciebat

211 1845 285 1872 Deus
310 1849 340 1872 ut
367 1844 449 1871 homo
462 1851 512 1878 per
529 1847 685 1878 serpentem
701 1843 896 1878 deciperetur,
912 1850 1000 1878 eaque

211 1891 247 1918 de
264 1897 348 1918 causa
363 1897 478 1925 serpens
494 1889 676 1917 exsecrationi
690 1889 883 1923 subiit-eretur.
898 1889 999 1916 idcirco

212 1940 362 1963 terrestres
378 1935 481 1963 bestias
500 1935 697 1970 imprecatione
719 1934 805 1961 fausta
821 1933 910 1960 noluit
925 1933 1000 1967 prius

213 1981 334 2017 dignari,
359 1989 395 2008 ne
416 1981 673 2016 deprehenderetur
687 1980 783 2007 eadem
810 1983 838 2006 et
865 1979 1001 2012 impreca-

214 2029 291 2056 tione
305 2028 394 2055 fausta
411 2032 439 2054 et
454 2026 643 2054 exsecratione
657 2025 795 2060 prosequi,
819 2025 892 2052 sicut
905 2024 944 2052 ait
959 2024 1000 2052 vir

214 2074 325 2102 divinus
339 2074 514 2102 Anastasius.
533 2075 649 2102 Videtur
661 2078 753 2102 autem
774 2080 872 2101 natura
883 2074 999 2108 piscium

215 2120 291 2147 tenui
313 2120 431 2154 quadarn
455 2125 485 2148 et
501 2120 546 2148 vili
562 2120 674 2148 omnino
703 2120 757 2146 vita
777 2119 829 2146 frui
857 2124 1000 2154 propterea

213 2166 290 2200 quod
304 2166 331 2193 in
352 2174 432 2200 aqua:
449 2166 575 2194 crassitie
592 2166 700 2201 degant.
722 2165 789 2192 Nam
807 2169 835 2193 et
859 2166 950 2200 gravis
967 2173 1001 2192 ac

1083 325 1175 359 Ἔχεις
1194 323 1249 350 ίδοὺ
1262 322 1309 348 καὶ
1322 321 1356 348 τὰ
1374 321 1423 355 τῆς
1436 320 1562 355 πέμπτης
1577 317 1695 353 ἡμέρας.

1231 368 1324 396 APXII
1341 367 1409 394 ΤΗΣ
1429 368 1466 400 ς’
1490 364 1643 392 ΗΜΕΡΑΣ.
1691 374 1694 378 λ

1086 418 1130 445 Ἐν
1154 416 1183 443 δι
1211 416 1244 451 τῇ
1276 414 1343 450 ἕκτῃ
1369 412 1460 448 ἡμέρᾳ
1484 412 1517 437 ὲκ
1539 410 1588 446 τῆς
1607 409 1660 444 γῆς
1687 407 1781 442 ἐξάγει
1794 407 1828 434 τά

1043 463 1196 499 τετράποδα
1208 470 1216 478 ·
1237 461 1307 488 (Καὶ
1325 457 1387 486 εἶπε
1402 468 1412 486 ι
1425 457 1479 492 γάρ
1493 465 1575 491 φησιν
1593 465 1604 482 ι
1623 456 1638 481 6
1652 455 1728 487 Θεὸς,
1750 453 1828 486 Ἐξα-

1044 510 1155 544 γαγέτω
1170 508 1238 543 ή·γῆ
1253 506 1344 541 ψυχὴν
1360 505 1461 537 ζῶσαν.
1483 512 1492 529 ι
1519 501 1589 530 Ἀλλ’
1615 500 1787 535 ἐπιπηδῶσιν
1803 499 1828 525 οἱ

1043 555 1190 590 Μανιχαῐοι
1206 552 1357 582 κάνταῦθα.
1376 550 1465 585 ψυχὴν
1486 547 1637 578 ὲντιθέντες
1657 548 1690 582 τῇ
1706 547 1754 581 γῇ.
1767 546 1829 590 VMa.-

1043 589 1186 632 ταιάξουσι
1212 599 1240 625 δὲ
1264 597 1431 633 προφανῶς·
1460 594 1522 622 οὐδὲ
1550 593 1605 628 γὰρ
1630 592 1725 627 ἐπειδὴ
1752 589 1829 618 εἶπεν

1048 655 1059 673 ι
1082 645 1260 680 Ἐξαγαγέτω
1288 642 1394 678 ψυχὴν,
1414 651 1425 668 ι
1457 642 1488 668 τὸ
1520 639 1732 673 ὲναποκείμενον
1761 638 1828 672 αὐτῇ

1044 693 1242 728 προσήνεγκεν.
1268 689 1326 717 ἀλλ’
1348 690 1362 716 6
1387 688 1450 719 δοὺς
1465 686 1496 713 τὸ
1522 685 1689 721 πρόσταγμα
1712 684 1760 710 καὶ
1781 683 1829 718 τὴν
1865 706 1869 711 .

1043 739 1090 766 τοῦ
1108 738 1254 772 ἐξαγαγεῖν
1279 736 1347 770 αὐτῇ
1369 733 1486 768 δύναμιν
1506 731 1664 767 ἐχαρίσατο.
1682 729 1750 757 Οὔτε
1776 729 1829 764 γὰρ

1044 786 1088 812 ὅτε
1110 785 1226 820 ἣκουσιν
1253 782 1271 816 ή
1299 780 1347 816 γῆ,
1374 789 1384 806 ‹
1399 777 1581 813 Βλαστησάτω
1597 776 1713 811 βοτάνην
1733 775 1830 810 χόρτου

1045 831 1092 858 καὶ
1106 830 1183 863 ξύλον
1197 830 1336 864 κάρπιμον
1351 825 1446 852 ποιοῦν
1468 823 1585 859 καρπὸν,
1604 832 1615 849 ι
1635 822 1828 857 κεκρυμμένον

1047 879 1146 914 ἔχουσα
1168 877 1214 902 τον
1239 875 1337 909 χάρτον
1358 872 1517 907 ἐξήνεγκεν,
1530 869 1591 896 οὐδὲ
1617 868 1663 895 τὸν
1686 867 1794 902 φοίνικα
1812 865 1830 901 ἢ

1046 911 1094 960 τήν
1109 922 1174 958 δρῦν
1193 921 1210 956 ἢ
1224 921 1274 955 τὴν
1289 918 1460 953 κυπάρισσον
1476 916 1552 943 κάτω
1567 923 1619 941 που
1635 911 1831 948 κεκρυμμένην

1046 959 1078 998 ὲν
1091 971 1152 999 ταῖς
1167 968 1266 1002 ἑαυτῆς
1276 966 1388 999 λαγόσιν
1404 963 1490 998 ἀνῆκε
1503 961 1573 997 πρὸς
1591 959 1639 995 τὴν
1656 959 1830 993 ἐπιφάνειαν,

1047 1016 1104 1044 ἀλλ’
1120 1016 1135 1042 6
1159 1014 1230 1043 θεῐος
1256 1012 1335 1046 λόγος
1367 1010 1450 1044 φύσις
1479 1008 1534 1034 τῶν
1567 1005 1718 1041 γινομένων
1746 1003 1830 1031 ἐστίν.

1053 1062 1162 1096 Ἐξάγει
1177 1059 1269 1086 λοιπὸν
1295 1059 1311 1092 ή
1332 1056 1368 1090 γῆ
1384 1057 1434 1090 οὐχ
1449 1055 1519 1090 ὅπερ
1537 1053 1604 1088 ἔχει,
1623 1051 1681 1079 ἀλλ’
1701 1051 1769 1085 ὅπερ
1786 1049 1833 1096 σήο

1049 1094 1132 1144 μερον
1147 1107 1256 1135 κτᾶται.
1270 1102 1338 1130 Θεοῦ
1357 1100 1532 1136 δωρουμένου
1550 1098 1600 1132 τῆς
1621 1096 1763 1132 ἐνεργείας
1783 1094 1832 1129 τὴν

1046 1141 1172 1188 δύναμιν.
1187 1151 1218 1178 El
1233 1150 1286 1184 γὰρ
1300 1148 1347 1175 καὶ
1361 1145 1470 1182 φυσικῷ
1488 1143 1560 1179 λογῷ
1575 1143 1610 1170 τὰ
1624 1142 1713 1169 πάντα
1726 1141 1830 1175 γίνεται

1050 1186 1182 1237 σήμερον,
1213 1196 1272 1224 ἀλλ’
1295 1194 1399 1222 ἐκεῖθεν
1419 1192 1555 1228 ἐσχήκασι
1579 1189 1640 1217 κατ’
1665 1187 1752 1223 ἀρχὰς
1783 1186 1833 1221 τὴν

1165 1244 1243 1273 Κατά
1257 1243 1337 1271 τοῦτο
1348 1242 1395 1268 καὶ
1412 1241 1426 1267 6
1440 1240 1527 1275 μέγας
1538 1237 1680 1267 Βασίλειος
1698 1235 1773 1269 λέγει
1791 1233 1832 1260 ὅτι

1049 1280 1121 1321 σὲοὶεέ
1145 1292 1195 1327 μὲν
1211 1292 1228 1326 ὴ
1247 1289 1328 1324 φύσις
1355 1287 1464 1314 ἅπαντα
1490 1283 1561 1311 κατὰ
1586 1282 1635 1318 τὴν
1659 1280 1834 1310 ἀκολουθίαν,

1050 1341 1115 1376 θείῳ
1132 1326 1161 1366 δὲ
1176 1336 1371 1373 προστάγματι
1383 1333 1427 1361 διὰ
1445 1331 1536 1366 πάσης
1555 1329 1674 1366 ἀρχῆθεν
1690 1326 1832 1362 λαληθέντι

1049 1389 1099 1424 τῆς
1110 1387 1234 1418 κτίσεως.
1670 1407 1673 1411 ,

1090 1435 1197 1468 Ἐξάγει
1218 1432 1268 1469 μὲν
1283 1429 1331 1459 οὖν
1350 1435 1422 1457 κατα
1438 1428 1487 1458 τὴν
1500 1427 1584 1461 ἕκτην
1597 1425 1652 1453 ἀπὸ
1670 1424 1721 1459 τῆς
1738 1423 1790 1457 γῆς
1800 1420 1835 1449 τά

1049 1481 1212 1518 τετράποδα.

1090 1515 1161 1556 ’Ᾰλλ’
1184 1525 1301 1554 ἐνταῦθα
1328 1522 1447 1559 ζητῆσαι
1478 1521 1563 1554 ἀξιον,
1588 1517 1726 1553 ἀγαπητὲ,
1760 1515 1835 1546 τινος

1050 1575 1144 1601 ἕνεκεν
1166 1573 1231 1604 τοὺς
1251 1572 1300 1606 μὲν
1326 1569 1422 1605 ἰχθύας
1442 1566 1569 1601 εὐλογίας
1589 1564 1708 1600 ἠξίωσεν
1727 1563 1741 1589 6
1755 1561 1834 1593 Θεὸς,

1050 1619 1213 1652 αὐξάνεσθαι
1229 1605 1275 1644 καὶ
1287 1605 1470 1651 πληθύνεσθαι
1485 1611 1582 1642 εἰπὼν,
1594 1611 1641 1637 ἐπὶ
1657 1609 1688 1637 δι
1701 1609 1757 1639 τοῖς
1769 1615 1835 1642 χερ-

1051 1667 1138 1697 σαίοις
1158 1664 1238 1692 τοῦτο
1252 1663 1302 1690 οὐκ
1321 1661 1443 1696 ἐποίησε.
1461 1659 1518 1687 Καὶ
1531 1658 1651 1692 λέγομεν
1668 1656 1709 1682 ὅτι
1723 1653 1769 1680 διὰ
1783 1653 1835 1688 τήν

1050 1712 1098 1739 ἐπὶ
1122 1711 1160 1746 τῷ
1177 1710 1238 1744 ὕφει
1256 1709 1315 1744 μετ’
1340 1707 1371 1733 οὐ
1394 1705 1462 1733 πολὺ
1491 1701 1678 1738 γενησομένην
1699 1698 1834 1733 κατάραν.

1056 1745 1166 1791 Ἐπειδῆ
1192 1756 1246 1790 γὰρ
1272 1754 1396 1789 προεῖδεν
1422 1752 1437 1778 6
1461 1750 1528 1782 Θεὸς
1555 1750 1598 1776 ὃτι
1613 1747 1659 1774 διὰ
1679 1745 1726 1773 τοῦ
1746 1745 1835 1779 ὕφεως

1049 1803 1258 1838 ἀπατηθήσεται
1282 1801 1297 1827 6
1310 1800 1466 1834 ἄνθρωπος,
1482 1794 1630 1824 κάντεῦθεν
1648 1793 1734 1838 αὐτὸς
1745 1792 1760 1818 6
1773 1791 1836 1838 δφις

1050 1850 1105 1885 ἀρᾷ
1125 1835 1316 1876 ὅποπεσιϊται.
1329 1845 1425 1872 τούτου
1437 1843 1519 1879 χάριν
1535 1840 1660 1874 εὐλογίας
1671 1837 1787 1870 ἀξιῶσαι
1799 1835 1836 1862 τὰ

1050 1883 1165 1930 χερσαῖα
1191 1893 1240 1919 οὐκ
1264 1891 1391 1926 ἔφθασεν,
1419 1890 1463 1916 Eva.
1494 1887 1531 1923 μὴ
1554 1886 1681 1921 εὑρεθείη
1707 1885 1741 1912 τὰ
1763 1883 1837 1911 αὐτὰ.

1051 1940 1169 1974 εὐλογῶν
1197 1939 1245 1966 καὶ.
1272 1936 1489 1972 καταρώμενος,
1518 1934 1556 1965 ὡς
1583 1932 1722 1963 θειότατός
1751 1938 1838 1966 φησιν

1058 1986 1242 2014 ’Δναστάσιος.
1263 1983 1334 2010 Ἀλλ’
1349 1983 1365 2018 ή
1383 1982 1432 2017 μὲν
1455 1981 1509 2007 τῶν
1537 1979 1637 2015 ιχθύων
1660 1978 1742 2013 φύσις
1761 1977 1838 2003 εὐτε-

1051 2032 1182 2067 λεστέρας
1194 2031 1267 2058 δοκεῖ
1281 2030 1405 2065 μετέχειν
1417 2027 1489 2062 ζωῆς
1500 2026 1544 2053 διὰ
1558 2027 1588 2052 τὸ
1602 2026 1632 2052 ἐν
1645 2025 1679 2059 τῇ
1699 2022 1838 2058 παχύτητι

1051 2079 1100 2106 τοῦ
1115 2078 1212 2108 ὕδατος
1226 2075 1382 2104 διαιτᾶσθαι
1395 2083 1402 2090 ·
1421 2074 1469 2100 καὶ
1483 2073 1537 2107 γὰρ
1552 2071 1621 2106 ἀκοὴ
1636 2071 1702 2105 παρ’
1718 2069 1837 2099 ἐκείνοις

1054 2126 1162 2162 βαρεῖα,
1173 2124 1221 2150 καὶ
1237 2120 1452 2158 όρῶσινιάμσλὺ,
1465 2119 1513 2145 καὶ
1522 2118 1584 2144 οὔτε
1599 2125 1642 2148 τις
1658 2117 1754 2151 μνήμη
1769 2113 1838 2148 παρ’

1053 2171 1169 2201 ἐκείνοις
1190 2168 1252 2195 οὔτε
1275 2165 1412 2202 φαντασία
1434 2164 1498 2191 οὕτε
1523 2162 1656 2196 συνήθους
1677 2162 1837 2194 ἐπίγνωσις.

214 2212 333 2240 difﬁcilis
343 2217 385 2240 est
397 2212 469 2248 apud
485 2212 560 2246 ipsos
570 2212 720 2242 auditio.et
731 2211 860 2239 obtusum
872 2216 1000 2239 cernunt.

1060 2216 1121 2242 Ἐπὶ
1133 2215 1161 2241 δέ
1177 2222 1209 2247 γε
1222 2213 1278 2244 τοῖς
1292 2209 1432 2246 χερσαίοις
1448 2209 1474 2235 τί
1486 2208 1539 2244 χρὴ
1561 2207 1608 2234 καὶ
1631 2206 1742 2240 λέγεινς
1758 2205 1794 2231 Αἵ
1805 2212 1836 2230 τε

214 2259 271 2286 Nec
286 2257 444 2285 recordatio
459 2257 515 2293 59
529 2261 571 2284 est
585 2256 658 2292 apud
676 2257 751 2291 ipsos
771 2257 825 2284 ulla
840 2264 892 2284 nec
904 2256 1001 2291 imagi-

219 2304 295 2331 natio
309 2311 360 2331 nec
375 2303 417 2330 rei
431 2307 570 2331 consueta!
587 2302 701 2338 agnitio.
719 2303 753 2329 At
776 2309 841 2330 vero
856 2302 890 2329 de
905 2306 1004 2329 terres-

215 2350 306 2377 tribus
318 2349 383 2384 quid
396 2356 466 2383 opus
476 2353 518 2376 est
532 2348 616 2375 multa
631 2354 846 2375 commemorare
855 2347 868 2374 ’ί
881 2347 952 2374 Sunt
961 2347 1004 2374 his

216 2403 294 2424 acres
305 2402 403 2423 sensus
416 2399 445 2422 et
462 2402 554 2421 rerum
567 2394 766 2429 praeteritarum
785 2393 1001 2421 recordationes.

217 2442 299 2469 Novit
313 2448 408 2468 vocem
429 2445 589 2468 consuetam
601 2440 653 2468 sibi
667 2448 699 2467 ac
718 2439 880 2468 familiarem
896 2439 999 2467 asinus.

217 2488 300 2516 Novit
327 2487 397 2514 viam
423 2495 506 2522 quam
526 2486 625 2521 sa’pius
639 2486 732 2519 trivit,
756 2494 787 2513 ac
803 2493 1001 2520 nonnunquam

217 2534 301 2561 etiam
315 2534 364 2560 via:
379 2533 432 2560 dux
445 2538 489 2560 est
511 2532 628 2564 homini,
653 2534 700 2567 qui
720 2533 867 2560 aberravit.
887 2532 1004 2560 Auditus

219 2584 311 2608 autem
333 2579 485 2607 acrimonia
502 2584 575 2606 tanta
597 2579 624 2606 in
643 2579 695 2606 hoc
716 2584 759 2606 est
776 2579 886 2606 animali
902 2583 1002 2614 quanta

217 2634 278 2655 esse
306 2626 334 2654 in
363 2626 417 2652 alio
448 2625 524 2652 nullo
558 2625 728 2652 terrestrium
770 2625 939 2659 perhibetur.
975 2625 1003 2652 In

219 2673 326 2701 camelo
343 2680 403 2708 qua:
418 2671 581 2708 injuriarutn
596 2671 633 2698 sit
654 2671 796 2704 memoria,
810 2679 870 2706 quae
897 2672 1006 2698 iracun-

218 2721 274 2752 dia.
287 2727 348 2754 qua:
361 2718 388 2746 in
406 2718 444 2745 ira
460 2718 659 2753 perseveratio,
672 2724 728 2752 quo
745 2722 824 2751 pacto
839 2716 903 2751 quis
921 2717 1006 2751 expli-

217 2773 259 2796 cct
269 2766 310 2794 Υδὶ
325 2766 366 2794 vel
380 2765 444 2793 olirn
459 2764 620 2792 verberatus
634 2764 681 2797 sit,
692 2766 730 2791 Ira
742 2763 873 2791 diuturno
885 2767 1006 2797 tempore

255 2857 275 2872 ‘°
294 2857 362 2886 Gen.
381 2867 401 2893 ι,
418 2859 462 2886 24.
504 2858 524 2873 ³¹
542 2857 608 2886 ibid.
628 2857 669 2883 lU.

1050 2261 1105 2295 γὰρ
1127 2259 1269 2293 αἰσθήσεις
1296 2256 1493 2292 τιτράνωνται,
1514 2254 1562 2281 καὶ
1580 2253 1705 2288 ἀκριὸεῖς
1730 2250 1840 2286 μνῆμαι

1051 2307 1106 2333 τῶν
1124 2304 1314 2340 παρελθόντων
1327 2303 1356 2329 ἐν
1369 2302 1473 2332 αὐτοῖς.
1488 2298 1551 2327 Οἵδε
1561 2299 1611 2332 τὴν
1628 2299 1732 2332 συνήθη
1745 2295 1841 2331 φωνὴν

1052 2352 1066 2378 ὁ
1082 2351 1152 2380 ὄνος.
1167 2348 1240 2376 οῐδεν
1254 2348 1313 2375 ὁδὸν
1322 2348 1355 2383 ἢν
1370 2346 1501 2376 πολλάκις
1517 2345 1638 2376 ἰὸἀδισε,
1655 2343 1702 2370 καί
1716 2350 1769 2368 που
1787 2340 1838 2368 καὶ

1053 2396 1149 2431 ὸδηγδς
1166 2395 1250 2421 ἐνίοτε
1277 2393 1464 2428 ἀποσφαλέντι
1487 2391 1527 2426 τῷ
1551 2389 1689 2425 ἀνθρώπῳ
1711 2388 1840 2422 γίνεται·

1054 2442 1085 2469 τὸ
1100 2441 1128 2468 δὲ
1142 2438 1341 2475 ἀξυήκοονῖτοῦ
1356 2437 1429 2470 ζώου
1442 2437 1520 2464 οὐδὲν
1542 2435 1608 2463 ἄλλο
1619 2443 1645 2461 τι
1657 2434 1767 2467 λέγεται
1784 2431 1843 2458 τῶν

1055 2487 1191 2524 χερσαίων
1216 2486 1299 2521 ἔχειν.
1317 2485 1354 2512 Τὸ
1377 2485 1406 2512 δὲ
1425 2483 1481 2510 τῶν
1510 2481 1644 2517 καμήλων
1667 2479 1842 2514 μνησίκακον

1055 2533 1104 2560 καὶ
1116 2532 1254 2568 βαρύμηνι
1266 2531 1376 2566 διαρκὲς
1393 2529 1463 2564 πρὸς
1477 2527 1562 2563 ὀργὴν
1579 2526 1637 2557 πῶς
1650 2525 1686 2552 ἄν
1697 2533 1739 2556 τις
1754 2524 1821 2558 ετπῃ
1832 2531 1840 2555 ;

1054 2579 1142 2606 Πάλαι
1166 2577 1231 2604 ποτὶ
1257 2577 1392 2611 πληγεῖσα
1409 2573 1545 2608 κάμηλος,
1569 2571 1668 2607 μακρῷ
1685 2570 1774 2605 χρόνῳ
1792 2578 1844 2595 τα-

1056 2625 1226 2661 μιευσαμένη
1241 2623 1290 2658 τὴν
1311 2623 1404 2657 μῆνιν,
1420 2620 1532 2648 ἐπειδὰν
1552 2618 1695 2653 εὐκαιρίας
1709 2616 1841 2650 λάϐηται,

1054 2671 1085 2698 τὸ
1115 2671 1200 2697 κακὸν
1229 2668 1395 2696 ἀντιδίδωσι.
1428 2666 1514 2692 Τοῦτο
1543 2665 1592 2691 καὶ
1619 2664 1667 2690 ἐπὶ
1693 2663 1843 2697 ἐλέφαντος

1057 2715 1251 2751 ίστορούμενον
1274 2714 1404 2748 εὕρομεν.
1430 2710 1499 2738 [lore
1515 2710 1569 2745 γὰρ
1588 2711 1629 2742 εἰς
1656 2708 1844 2742 ἱπποδρομίαν

1057 2763 1156 2798 ἐλέφας
1179 2761 1356 2797 ἀπαγόμενος
1383 2757 1574 2793 καταλλάκτην
1597 2756 1660 2784 τινὰ
1684 2755 1844 2791 καθήμενον
