1944 3072
171 139 207 171 113

757 145 961 178 ANNALlUM
978 147 1075 178 PARS
1096 149 1119 180 Ι.

1707 145 1761 176 1H

167 198 227 233 ἀντῷ
239 199 319 235 μιλίῳ
339 199 420 235 φόνου
434 201 571 237 πεποίηκε
592 202 782 238 παρανάλωμα
803 198 849 230 διὰ
871 205 929 231 τῶν

985 205 1062 232 relati
1086 213 1157 240 penu
1185 205 1304 241 quodam
1320 204 1478 237 recondita,
1503 202 1703 238 quamprimum
1731 209 1763 229 se

166 247 258 274 ὀδόντων
271 247 366 280 αὐτοῦ,
383 247 500 280 ἀναιδῶς
514 245 573 280 me
592 249 639 275 καὶ
655 249 782 281 ἀτάκτως
798 250 923 285 ὁρμήσας

166 291 210 318 κατ’
219 290 310 318 αὑτοῦ.
328 292 366 318 To
389 291 413 318 δ’
437 293 526 320 αῐτιον
547 294 589 320 ὅτι
603 294 657 327 πρὸ
674 293 740 321 δέκα
762 294 894 321 ἐνιαυτῶν
911 295 926 321 ὁ

165 337 262 369 τοιοῦτος
285 337 476 373 καταλλάκτης
491 339 595 374 σιδήρῳ
619 339 737 374 ἐπληξεν
758 339 840 366 αὑτὸν
854 340 929 366 άπα-

165 383 259 418 γόμενον
284 384 332 410 καὶ
346 384 408 410 τότε
429 386 470 417 εἰς
493 385 676 420 ἱπποδρομίαν
702 386 746 413 διὰ
771 386 819 413 τοῦ
843 386 927 413 αὐτοῦ

164 430 237 459 τόπου,
250 431 308 458 Καὶ
331 432 368 459 τὰ
398 432 450 467 μὲν
466 432 513 459 τοῦ
531 433 677 467 ἐλέφαντος
697 433 827 460 τοιαῦτα·
845 433 874 459 αῑ
898 433 927 459 δὲ

163 477 291 511 παρδάλεις
311 478 430 512 φυσικήν
450 487 512 505 τινα
524 479 617 513 ἔχουσι
632 479 702 513 πρὸς
722 479 768 506 τὸν
783 478 928 514 ἄνθρωπον

162 522 237 556 ὀργὴν,
254 523 301 549 καὶ
328 523 468 557 πεφύκασι
494 524 596 558 μᾶλλον
620 525 678 556 τοῖς
698 524 848 559 ὀφθαλμοῖς
872 525 927 550 τῶν

163 567 295 603 ἀνθρώπων
309 568 482 602 ἐφάλλεσθαι.
506 569 587 597 ’Δλλὰ
609 570 657 597 καὶ
669 570 698 596 ἑν
715 569 804 605 χάρτῃ
821 570 926 596 ιδοῦσαι

162 614 302 642 τυπωθέντα
318 615 473 649 ἄνθρωπον,
489 615 527 646 ὥς
542 615 594 642 πού
619 624 702 651 φησιν
716 617 730 642 ὀ
746 616 832 651 μέγας
846 615 927 642 Βασί-

161 659 227 692 λειος,
242 660 288 687 τὸν
303 660 407 696 χάρτην
420 661 632 696 σπαράττουσιν.

973 252 1165 286 opportunitas
1184 252 1323 284 obtulerit,
1342 252 1429 279 vicem
1448 249 1541 278 refert.
1560 249 1597 277 De
1613 249 1762 283 elephanto
1801 258 1806 263 -

974 298 1133 333 huiusmodi
1159 298 1289 333 quiddam
1326 297 1465 325 memoria:
1490 287 1627 331 proditum
1654 294 1761 329 reperi-

974 352 1045 372 mus.
1065 344 1132 372 Cum
1149 344 1177 371 in
1203 343 1414 378 hippodromum
1437 341 1621 369 deduceretur
1639 340 1762 375 elephas,

976 389 1124 424 quemdam
1149 388 1308 423 magistrum
1337 387 1456 414 ferarum
1480 391 1508 413 et
1534 386 1715 413 cicuratorcm
1734 386 1761 411 in

980 434 1103 461 miliario
1118 434 1260 461 sedentem
1278 431 1428 464 interfecit,
1457 431 1614 458 immaniter
1632 430 1763 457 adversus

979 480 1056 508 illum
1073 487 1136 507 cum
1152 479 1281 506 dentibus
1307 478 1366 506 suis
1386 477 1507 504 irruens.
1534 476 1600 511 Ejus
1622 476 1661 502 rei
1681 483 1763 503 causa

976 531 1046 558 erat,
1066 526 1140 560 quod
1157 526 1179 552 is
1194 530 1257 552 ante
1274 527 1346 551 totos
1371 523 1464 550 decem
1480 530 1568 550 annos
1587 522 1764 557 elephantum

978 568 1055 596 ferro
1071 572 1256 603 percusserat,
1272 575 1335 594 eum
1362 567 1389 594 id
1420 567 1551 601 temporis
1567 573 1616 600 per
1639 566 1764 593 eumdem

975 615 1066 642 locum
1081 615 1114 641 ad
1139 614 1350 649 hippodromum
1373 613 1565 640 deduceretur.
1575 611 1701 638 Pardales
1716 619 1766 637 na-

981 661 1098 688 turalem
1115 660 1261 695 quamdam
1276 660 1408 686 adversus
1429 659 1558 686 homines
1573 659 1640 685 iram
1661 657 1764 690 fovent,

161 713 186 733 ac
199 706 351 741 plerumque
376 711 580 734 consueverunt
607 707 637 734 in
659 707 754 735 oculos
780 707 922 735 hominum
942 706 1060 734 insilire.
1078 706 1149 740 Quin
1175 707 1264 742 pictos
1280 706 1366 733 etiam
1391 706 1418 733 in
1452 705 1554 733 chartis
1584 704 1714 736 lacerant,
1736 702 1766 730 ιιι

161 751 245 779 alicubi
259 756 373 780 Sanctus
385 752 448 780 dicit
463 753 594 782 Basilius.

153 802 157 807 '
193 799 297 831 Ίκανῶς
311 799 339 826 δὲ
353 799 522 834 θαυμάσειεν
535 800 569 828 ἄν
580 809 623 832 τις
636 802 685 828 καὶ
696 801 730 829 τὰ
744 801 793 829 τοῦ
807 801 926 834 λέοντος,

1016 801 1117 829 Leonis
1143 808 1253 836 quoque
1284 807 1374 828 mores
1397 803 1422 827 el
1450 799 1569 826 indolem
1591 806 1645 825 non
1668 798 1718 825 abs
1736 805 1766 825 re

160 845 185 871 τδ
207 846 364 880 μοναστικδν
387 846 471 873 αὐτοῦ
497 846 547 881 τῆς
572 847 657 881 ζωῆς,
682 847 713 874 τὸ
743 847 929 882 ἀκοινώνητον

985 849 1045 883 quis
1059 847 1222 879 admiretur,
1243 846 1376 874 nimirum
1395 845 1477 872 vitam
1494 845 1554 879 ejus
1575 844 1723 871 solitariam
1739 848 1767 870 ct

161 891 219 926 πρὸς
231 892 260 917 τὸ
276 891 424 926 ὁμόφυλον.
438 889 501 919 Οἴον
515 892 569 927 γάρ
587 901 630 924 τις
646 892 778 928 τύραννος
792 892 847 919 τῶν
859 893 929 919 άλό-

985 893 1174 921 abhorrentem
1186 900 1201 919 a
1216 891 1258 919 sui
1270 891 1378 926 generis
1390 889 1547 917 animalium
1564 889 1694 917 societate
1715 897 1765 915 na-

160 943 207 969 γων
220 936 261 963 διὰ
284 937 334 971 τὴν
350 938 382 963 ὲκ
399 937 507 972 φύσεως
531 938 684 972 ὑπεροψίαν
708 937 759 974 τὴν
782 938 851 973 πρὸς
867 938 930 969 τοὺς

160 982 261 1014 πολλοὺς
274 983 419 1018 ὀμοτιμίαν
438 984 469 1009 οὺ
490 983 681 1018 καταδέχεται,
695 984 766 1011 ὥστε
781 984 842 1010 οὐδὲ
867 983 930 1018 χθε-

160 1026 225 1062 σινὴν
240 1027 342 1063 τροφὴν
360 1028 514 1063 προσίεται.
531 1025 567 1064 Ὦ
588 1029 636 1056 καὶ
656 1028 810 1064 τηλικαῦτα
826 1029 931 1065 ὄργανα

159 1074 261 1107 ἡφύσις
279 1074 408 1108 ἐνέθηκεν
427 1074 497 1101 ὥστε
515 1074 601 1101 πολλὰ
623 1075 678 1102 τῶν
700 1075 778 1107 ζώων
793 1076 929 1111 ὕπερῦάλ-

158 1118 229 1145 λοντα
255 1119 289 1153 τῇ
315 1118 447 1154 ταχύτητι
472 1120 546 1155 μόνῳ
575 1120 705 1152 πολλάκις
730 1121 871 1148 ἁλίσκεται
894 1120 933 1155 τῷ

158 1164 316 1199 βρυχήματι.
330 1165 385 1192 Καὶ
402 1165 485 1192 τοῦτο
502 1166 585 1194 Δασὶδ
597 1168 611 1192 ὁ
631 1167 775 1202 προφήτης
789 1167 929 1202 ὑπεμφαί-

157 1218 206 1236 νειν
222 1209 307 1244 λέγων
321 1218 329 1226 ·
351 1220 360 1236 ι
383 1211 413 1238 '0
429 1211 497 1238 λέων
528 1212 662 1247 ὲνεδρεύει
687 1213 716 1240 ὲν
740 1213 901 1248 ἀποκρύφῳ.
920 1222 929 1238 ι

154 1255 250 1289 Αίφνης
266 1256 320 1291 γὰρ
335 1257 493 1292 ἐκπηδήσας
503 1258 609 1285 ἐκεῖθεν
625 1259 673 1285 καὶ
689 1259 760 1293 μέγα
778 1258 881 1294 βοήσας
898 1258 933 1285 τὰ

157 1300 333 1333 παροδεύοντα
359 1302 415 1328 τῶν
438 1301 516 1334 ζώων
539 1303 666 1330 ἵστασθαι
683 1304 767 1337 ποιεῖ,
786 1305 833 1330 καὶ
847 1303 933 1335 οὕτως

155 1346 236 1372 ἐσθίει
249 1347 468 1382 καταλαμβάνων
483 1349 564 1376 αὐτά.
579 1349 677 1380 Καλῶς
693 1349 739 1376 οὖν
754 1350 768 1376 ὸ
787 1350 934 1386 Προφήτης

156 1392 241 1427 ἔλεγε·
258 1402 268 1420 ι
283 1393 402 1429 Σκύμνοι
419 1394 597 1430 ὠρυόμενοι,ι
614 1395 659 1422 καὶ
675 1395 710 1423 τὰ
720 1395 811 1423 λοιπά.

189 1525 225 1553 οὒ
240 1526 366 1554 τοσοῦτον
380 1526 408 1553 δὲ
424 1527 503 1562 ἡμεῖς
528 1527 553 1554 οἱ
575 1527 647 1562 λόγῳ
661 1527 852 1563 τετιμημένοι,
869 1528 932 1555 ὅσον

153 1572 223 1600 αὐτὰ
241 1573 326 1609 δήπου
351 1573 386 1600 τὰ
409 1573 494 1607 ἄλογα
510 1573 568 1606 ζῶα
585 1573 634 1609 τὴν
651 1574 756 1601 οἰκείαν
780 1574 868 1601 οἴδασι
881 1583 932 1601 σω-

152 1618 259 1653 τηρίαν,
289 1619 336 1645 καὶ
361 1618 423 1645 ὅθεν
449 1618 544 1650 αὐτοῖς
569 1619 780 1654 παθαινομάνοις
808 1620 825 1655 ἡ
852 1619 932 1653 ὑγεία

151 1663 340 1697 προσγίνεται.
367 1665 484 1698 Ἄρκτος
517 1664 572 1700 γὰρ
598 1665 730 1696 πολλάκις
764 1664 933 1700 βαρυτάταις

151 1708 360 1744 κατατρωθεὶοα
380 1708 499 1744 πληγαῖς
520 1708 621 1744 ἑαυτὴν
638 1709 769 1744 ἰατρεύει,
784 1709 824 1744 τῷ
838 1709 934 1744 φλόμῳ

150 1754 239 1789 τούτῳ
264 1754 351 1790 ξηρὰν
365 1755 414 1789 τὴν
429 1755 511 1790 φύσιν
534 1757 622 1791 ἔχοντι
647 1756 697 1788 τὰς
713 1756 826 1788 ὠτειλὰς
845 1765 935 1791 παρα-

150 1799 265 1826 6ύουσα.
286 1799 370 1831 Ἰδοις
387 1801 411 1827 δ’
434 1799 468 1827 ἂν
495 1801 542 1827 καὶ
565 1800 698 1828 ἀλώπεκα
712 1800 750 1836 τῷ
762 1801 872 1836 δακρύῳ
885 1801 934 1835 τῆς

149 1845 247 1876 πίτυος
274 1845 371 1879 ἑαυτὴν
402 1845 591 1881 ἱατρεύουσαν.
613 1845 726 1881 Χελώιη
759 1846 787 1873 δὲ
820 1846 932 1879 σαρκῶν

147 1890 259 1925 ἐχίδνης
273 1890 460 1925 ἐμφορηοεῖσα
483 1890 527 1917 διὰ
541 1891 592 1924 τῆς
608 1890 737 1925 ὀριγάνου
751 1891 933 1922 ἀντιπαθείας

146 1936 249 1970 φεύγει
276 1936 325 1970 τὴν
348 1935 450 1970 βλάϐην
473 1935 519 1962 τοῦ
543 1936 658 1963 ίοὸὁλου.
674 1937 729 1964 Καὶ
755 1935 818 1971 ὕφις
834 1937 884 1971 τὴν
907 1937 936 1963 ὲν

144 1983 205 2013 τοῖς
216 1981 365 2016 ὀφθαλμοῖς
382 1981 484 2017 βλάϐην
501 1982 606 2015 lita-rat
628 1982 774 2017 βοσκηθεὶς
799 1982 934 2017 μάλιθρι.

145 2025 212 2054 οἶδε
238 2027 267 2053 δὲ
286 2027 333 2053 καὶ
355 2028 369 2053 ὁ
391 2027 500 2061 ἔλαφος,
514 2026 588 2053 καθά
603 2035 687 2062 φησιν
703 2027 838 2059 Αῑλιανδς,
856 2027 937 2062 θερα-

144 2072 249 2099 πεύειν
263 2072 359 2099 ἑαυτὸν
379 2072 455 2100 ἄνθει
471 2073 537 2105 τινὶ,
550 2073 597 2099 ὲάν
614 2081 679 2098 ποτε
703 2073 756 2099 ὑπὸ
779 2072 828 2099 τοῦ
844 2072 937 2108 βέλους

141 2119 255 2153 τρωθῇ.
269 2116 330 2144 ora:
354 2117 381 2144 δὲ
405 2118 452 2143 καὶ
473 2117 595 2153 κάμηλος
622 2119 807 2152 κεκαυμένους
833 2118 937 2153 χυμοὺς

141 2164 272 2199 ἐξεμεῖν,
295 2164 319 2190 εἰ
344 2163 452 2198 φύλλων
474 2163 565 2198 ὑγρῶν
586 2163 717 2197 ὲφάψοιτο
743 2163 836 2197 δρυός.
858 2163 939 2190 Ἀλλὰ

983 943 1082 966 turam.
1106 938 1174 966 Nam
1192 945 1254 965 cum
1277 938 1312 964 sit
1331 936 1409 970 quasi
1428 935 1539 970 quidem
1557 935 1700 962 brutorum
1724 938 1766 969 ty-

982 992 1085 1012 rannus
1101 989 1129 1011 et
1143 991 1190 1011 rex
1202 1003 1209 1015 ,
1232 983 1291 1018 pari
1307 989 1369 1009 esse
1394 989 1456 1009 eum
1473 981 1580 1008 caeteris
1604 980 1709 1010 honore
1723 979 1767 1006 di-

982 1030 1141 1066 gnitateque
1165 1033 1276 1056 recusat
1290 1033 1403 1062 propter
1417 1026 1562 1062 quamdam
1582 1025 1695 1052 inditam
1714 1024 1765 1058 ipsi

982 1084 998 1103 a
1014 1080 1111 1103 natura
1125 1075 1291 1108 superbiam.
1304 1073 1490 1101 Consimiliter
1501 1071 1592 1099 cibum
1608 1071 1766 1097 hesternum

983 1130 1037 1149 non
1053 1122 1146 1149 sumit.
1165 1121 1258 1149 Eidem
1282 1121 1465 1148 instrumenta
1481 1120 1556 1146 vocis
1572 1123 1646 1146 tanta
1670 1122 1768 1144 natura

983 1169 1073 1200 dedit,
1091 1173 1121 1196 ut
1138 1176 1201 1195 cum
1220 1167 1350 1195 animalia
1371 1167 1501 1202 pleraque
1522 1165 1668 1193 velocitate
1683 1171 1768 1197 supe-

984 1217 1036 1246 ret.
1057 1213 1116 1241 solo
1132 1220 1322 1248 saepenumero
1351 1217 1436 1240 semet
1459 1210 1549 1245 rugitu
1580 1217 1631 1237 suo
1659 1209 1767 1244 prodat.

985 1260 1107 1287 lndicare
1134 1259 1187 1287 hoc
1215 1259 1306 1294 ipsum
1324 1263 1399 1286 vates
1421 1257 1505 1285 etiam
1536 1255 1655 1284 Davides
1681 1254 1769 1282 voluit

985 1306 1060 1333 hisce
1072 1305 1164 1332 verbis
1182 1313 1189 1331 :
1213 1313 1222 1330 ι
1237 1304 1377 1338 Tanquam
1399 1303 1443 1330 leo
1458 1302 1558 1329 abditis
1574 1301 1602 1328 in
1618 1300 1770 1328 locis-insi-

985 1351 1076 1379 diatur
1090 1351 1124 1379 δ’.
1146 1360 1155 1376 ο
1173 1350 1240 1378 Nam
1258 1358 1290 1378 ex
1310 1350 1342 1377 iis
1360 1353 1473 1384 repente
1495 1347 1653 1380 prosiliens,
1669 1352 1768 1380 magno

986 1397 1105 1424 clamore
1120 1394 1240 1427 sublato,
1254 1394 1380 1422 animalia
1395 1392 1588 1428 praetereuntia
1601 1390 1708 1418 sistitet
1718 1390 1771 1417 hoc

985 1442 1067 1469 modo
1093 1446 1171 1476 capta
1194 1441 1317 1468 devorat.
1340 1439 1435 1475 Itaque
1461 1438 1590 1474 praeclare
1605 1436 1688 1464 Vates
1709 1436 1767 1463 ait:

989 1497 998 1514 ι
1015 1487 1103 1516 Catuli
1121 1487 1224 1514 leonini
1246 1486 1395 1521 rugientes,
1412 1491 1440 1512 ιιι
1456 1485 1574 1519 praedam
1591 1483 1693 1510 faciant
1705 1482 1738 1508 “.
1757 1491 1766 1507 ι

1019 1533 1113 1567 Neque
1128 1539 1193 1560 vero
1222 1539 1272 1558 nos
1302 1530 1448 1562 homines,
1477 1535 1633 1563 quanquam
1659 1527 1770 1554 rationis

986 1578 1125 1606 beneﬁcio
1140 1578 1227 1605 simus
1238 1576 1338 1608 ornati.
1352 1580 1406 1603 tam
1417 1575 1524 1610 egregie
1537 1574 1614 1601 nobis
1629 1573 1771 1600 consulere

987 1631 1137 1660 possumus
1151 1630 1233 1658 quam
1255 1623 1314 1657 ipsa
1343 1622 1422 1649 bruta
1445 1620 1572 1648 animalia
1594 1619 1716 1646 rationes
1741 1625 1772 1646 se

985 1668 1166 1696 conservandi
1188 1673 1301 1697 norunt.
1317 1671 1344 1694 et
1365 1666 1439 1694 unde
1453 1667 1526 1693 male
1541 1665 1652 1693 allectis
1669 1664 1772 1691 sanitas

985 1718 1235 1749 reparetur.........
1254 1712 1345 1739 Ursus
1367 1711 1441 1739 enim
1465 1717 1652 1745 saepenumero
1667 1708 1772 1743 gravis-

985 1759 1062 1787 simis
1075 1758 1236 1786 vulneribus
1244 1757 1358 1784 al‘fectus
1372 1756 1426 1783 sibi
1444 1756 1503 1790 ipse
1516 1754 1681 1782 medicinam
1695 1752 1772 1783 facit,

986 1805 1050 1832 dum
1063 1804 1193 1831 verbasco
1205 1802 1357 1830 naturalem
1368 1801 1519 1828 siccitatem
1532 1799 1650 1826 habente
1660 1798 1773 1825 vulnera

986 1851 1116 1878 obstruit.
1138 1849 1227 1877 Etiam
1255 1848 1364 1882 vulpem
1390 1847 1511 1881 lacryma
1536 1845 1617 1879 pinus
1641 1850 1671 1870 se
1685 1843 1774 1877 ipsam

986 1899 1128 1924 curantem
1144 1894 1240 1921 videre
1259 1897 1311 1921 est.
1331 1891 1452 1919 Testudo
1470 1890 1566 1925 vipere
1581 1887 1710 1916 carnibus
1731 1894 1776 1914 sa-

988 1941 1054 1968 tiata
1071 1947 1121 1974 per
1145 1937 1312 1966 contrariam
1338 1935 1444 1971 origani
1465 1935 1530 1967 vim,
1550 1932 1697 1968 quominus
1711 1939 1727 1958 a
1745 1939 1775 1959 re

987 1986 1041 2021 50
1055 1991 1193 2012 venenosa
1208 1983 1333 2014 laedatur,
1346 1981 1440 2008 eﬂicit.
1458 1980 1578 2014 Serpens
1588 1977 1685 2005 oculos
1696 1977 1776 2004 laesos

987 2031 1098 2060 sanitati
1112 2027 1398 2061 restituit.malathris
1411 2030 1516 2062 pastus.
1531 2024 1650 2052 Novitet
1664 2029 1774 2055 cervus,

987 2076 1220 2113 quemadmodum
1235 2075 1360 2102 Ailianus
1375 2073 1476 2103 tradit,
1492 2072 1612 2106 seipsum
1625 2069 1691 2096 ﬂore
1705 2076 1777 2103 quo-

979 2117 1057 2151 ‘dam'
1077 2129 1196 2153 curare,
1221 2120 1244 2148 si
1269 2118 1380 2155 quando
1400 2118 1456 2145 telo
1480 2117 1561 2145 la'sus
1581 2120 1634 2144 est.
1650 2114 1778 2142 Camelus

990 2169 1121 2196 humores
1137 2171 1266 2202 perustos
1287 2171 1416 2192 evomere
1435 2163 1522 2193 novit,
1538 2160 1673 2189 contactis
1688 2159 1778 2187 humi-

142 2211 196 2237 καὶ
214 2209 290 2236 κύων
302 2210 351 2236 οὐκ
365 2210 458 2243 ἀγνοεῖ
470 2209 552 2244 χολῆς
569 2209 699 2244 μελαίνης
718 2208 826 2244 χλωρὰν
843 2208 932 2243 ἄγρω-

991 2215 1034 2242 dis
1048 2220 1168 2249 quercus
1181 2212 1266 2240 foliis.
1281 2211 1337 2239 Nec
1352 2209 1427 2237 cauis
1439 2209 1548 2244 ignorat
1562 2206 1650 2234 viride
1664 2212 1778 2240 gramen

141 2265 210 2283 στιν
228 2254 300 2283 εἶναι
321 2256 480 2291 καθάρσιον.
498 2255 579 2282 Ἀλλὰ
595 2256 641 2282 καὶ
665 2255 762 2291 τράγοι
786 2255 837 2289 τὴν
853 2254 939 2281 ἀσκα-

140 2303 261 2336 μωνίαν
278 2302 325 2336 τῆς
341 2301 462 2336 ἀπεψίας
474 2301 652 2336 ἀλεξητήριον
676 2301 774 2328 οίδασι.
794 2300 850 2327 Καὶ
868 2301 940 2334 πάρ-

137 2349 227 2380 δαλις
255 2347 351 2382 λύθρον
376 2347 453 2381 αἰγὸς
479 2347 576 2382 ἀγρίου
600 2347 736 2382 σωτήριον
763 2347 859 2374 οίεται.
883 2347 939 2373 Καὶ

138 2394 258 2429 πτηνὸς
275 2393 351 2428 ἱέραξ
366 2393 412 2419 τὸν
422 2392 487 2419 ὀπὸν
502 2393 557 2419 τῶν
578 2393 773 2428 πικροφύλλων
790 2392 939 2428 θριδακίων

135 2438 267 2465 ὀπτικὸν
290 2438 388 2473 ἀχλύος
417 2437 560 2464 ἐπίσταται
585 2438 744 2473 φάρμακον.
765 2439 819 2465 Καὶ
845 2437 941 2464 κύκνοι

134 2485 171 2511 δὲ
191 2484 351 2519 βατράχους
374 2483 510 2514 ἐσθίοντες
534 2483 582 2509 τοῦ
605 2483 754 2514 λυποῦντος
778 2483 940 2518 ἀπαλλαγὴν

135 2531 327 2566 εὑρίσκουσι.
346 2530 479 2563 Φεύγουσι
503 2530 549 2556 καὶ
569 2529 655 2562 γῦπες
678 2530 726 2556 καὶ
742 2529 872 2563 κάνθαροι
891 2529 940 2564 τὴν

131 2576 205 2602 τῶν
229 2576 314 2611 ῥόδων
335 2575 436 2610 ὀσμήν.
462 2575 542 2602 Ἀλλὰ
557 2575 604 2602 καὶ
628 2575 688 2609 ὄφις
708 2575 851 2606 ὸΛιῦυχὺς
875 2575 941 2602 ἀπο-

132 2622 305 2655 στρέφεται
331 2623 472 2655 πήγανον·
498 2620 606 2656 ψυχρὰν
629 2621 685 2656 γὰρ
708 2621 755 2648 καὶ
778 2621 864 2656 ξηρὰν
894 2622 941 2648 καὶ

131 2667 278 2702 νευρώδη
293 2666 343 2702 τὴν
361 2667 442 2702 φύσιν
457 2667 684 2702 κληρωσάμενος,
699 2668 753 2694 ὑπὸ
765 2669 811 2694 τοῦ
825 2667 943 2704 ξηροτά-

992 2260 1080 2295 nigrae
1098 2259 1162 2286 bilis
1177 2256 1363 2292 expurganda
1377 2255 1432 2282 vim
1449 2253 1564 2281 habere.
1584 2251 1658 2279 Hirci
1674 2257 1779 2278 Scama-

988 2306 1063 2333 niam
1094 2303 1242 2332 cruditatis
1272 2301 1427 2329 remedium
1451 2307 1513 2327 esse
1534 2298 1634 2326 sciunt.
1656 2296 1780 2324 Pardalis

988 2358 1113 2379 cruorem
1133 2356 1221 2384 capra:
1242 2347 1378 2376 silvestris
1393 2346 1446 2374 sibi
1461 2345 1609 2373 salutarent
1625 2342 1777 2370 existimat.

992 2394 1132 2430 Accipiter
1148 2393 1270 2421 volucris
1298 2398 1412 2419 succum
1441 2390 1632 2420 lactucarum,
1661 2393 1778 2422 quarunt

989 2429 1139 2466 foliarsunt
1155 2443 1258 2469 amara,
1276 2434 1452 2469 caligantium
1481 2431 1624 2459 oculorum
1643 2429 1696 2457 scit
1717 2436 1779 2456 esse

989 2483 1152 2512 remedium.
1178 2481 1262 2518 Cygni
1295 2487 1376 2507 ranas
1402 2479 1587 2509 devorantes,
1633 2475 1779 2513 allectione

989 2530 1111 2566 quadam
1138 2529 1191 2556 sibi
1223 2527 1338 2555 molesta
1365 2533 1425 2553 sese
1450 2523 1579 2551 liberant.
1604 2521 1733 2550 Vultures
1751 2524 1779 2547 et

989 2575 1125 2604 scarabmi
1136 2581 1261 2602 rosarum
1277 2573 1387 2599 odorem
1398 2570 1515 2605 fugiunt.
1528 2567 1646 2602 Serpens
1662 2566 1780 2598 Libycus

992 2627 1080 2650 rutam
1093 2625 1234 2648 aversatur
1253 2628 1260 2646 :
1286 2626 1349 2645 nam
1381 2624 1443 2644 cum
1468 2619 1568 2642 natura
1584 2611 1710 2647 frigidus,
1726 2610 1781 2637 sic-

992 2675 1053 2699 cus,
1068 2673 1203 2695 nervosus
1216 2665 1252 2693 sit
1270 2673 1276 2692 :
1291 2672 1339 2699 per
1353 2664 1424 2690 hanc
1439 2660 1563 2691 herbam,
1580 2665 1641 2693 qua:
1658 2654 1781 2683 siccandi

127 2721 192 2739 του
230 2714 307 2745 ουτος
336 2712 512 2747 λειποψυχεῦ
541 2713 740 2746 ἀναγκάζεται,
769 2713 864 2748 ὥσπερ
892 2714 930 2740 ὑπ

995 2714 1050 2741 vim
1065 2713 1149 2740 habet
1161 2712 1319 2744 maximam,
1336 2708 1491 2748 necessario
1507 2705 1581 2733 velut
1597 2703 1779 2731 cnnintatur:

131 2759 319 2794 κραιπάλης
344 2746 426 2790 τινὸς
442 2760 491 2786 καὶ
513 2759 682 2792 σκοτοδινίας
703 2760 763 2791 ταῖς
781 2746 932 2796 ὑπερϐαλεῖ

998 2763 1129 2794 tanquam
1153 2758 1174 2785 si
1194 2765 1243 2793 per
1257 2746 1400 2792 crapulam
1414 2751 1560 2789 quamdam
1574 2752 1603 2778 et
1616 2746 1782 2783 vertiginem

183 2851 215 2868 υ
233 2838 306 2879 Psat.
324 2859 350 2884 κ,
369 2851 396 2878 9.
434 2850 455 2866 δι
468 2849 538 2878 Psal.
555 2857 609 2882 ctu,
623 2849 667 2877 ει.
