1944 3072
178 119 231 152 115

794 122 1006 154 MICHAELIS
1025 121 1168 154 GLYCA!‘

1748 125 1797 157 116

171 179 207 206 ob
225 178 360 206 siceitatis
376 179 431 206 vim
460 179 572 207 nimiam
589 178 822 214 exstingueretur.
847 179 903 207 Hac
924 179 958 207 de

1018 179 1061 215 ιῆς
1087 179 1238 215 ξηρότητος
1262 178 1513 215 ἀπωεκροῦμινος.
1543 179 1643 215 Φευγει
1666 181 1758 208 τοίνυν
1783 182 1797 208 ὸ

172 232 254 252 causa
271 232 385 258 serpens
397 225 438 252 sic
463 229 552 252 rutam
578 225 648 260 fugit
675 231 707 252 ac
731 225 818 258 vitat,
842 225 915 253 sicut
928 229 957 253 et

171 270 301 303 hiemem,
321 276 431 305 propter
449 271 562 298 nimium
580 270 684 298 scilicet
697 269 794 305 frigus.

207 316 252 343 Sic
265 316 351 352 igitur
362 316 490 344 animalia
505 321 603 344 cuncta
618 316 684 350 quid
699 316 819 343 salutare
831 316 867 343 sit
878 315 954 351 ipsis,

169 362 234 396 quid
268 362 377 390 exitiale
393 382 400 395 ,
428 362 567 397 cognitum
586 361 699 389 habent.
721 361 780 389 lam
806 368 867 396 quat
892 366 957 388 sunt

169 408 242 444 apud
258 416 290 436 ea
307 417 399 436 rerum
418 408 573 436 futurarum
601 408 743 444 praesagia,
767 408 844 435 verbi
858 407 956 443 gratia,

170 455 204 482 de
232 455 305 482 aeris
322 455 475 482 mutatione
507 455 611 489 (quam
637 454 754 482 obsecro
783 454 956 488 prudentiam

169 501 331 528 rationalem
356 509 466 535 quoque
498 508 552 528 non
579 501 751 528 obscurant?
773 502 832 528 ovis
853 500 959 528 adven~

170 550 245 577 [ante
275 545 366 573 hieme
397 553 477 580 parce
517 546 684 573 nutrimento
721 545 850 578 vescitur,
879 545 957 580 quasi

169 593 316 627 quamdam
344 592 397 620 sibi
421 598 599 620 commeatus
615 593 720 627 copiam
747 600 797 626 pro
828 596 956 620 secutura

171 637 263 672 inopia
278 638 463 673 comparans).
484 637 558 671 Quin
581 638 664 665 etiam
686 637 811 665 homines
829 637 956 665 industrii

171 689 334 712 terrestrem
362 684 491 711 echinum
513 684 571 711 sive
589 684 746 711 erinaceum
765 683 960 718 respirationes

172 729 225 757 sibi
243 730 365 764 geminas
379 729 532 765 excogitare
543 730 601 757 suis
613 729 640 757 in
657 729 750 757 lustris
761 730 957 757 observarunt.

171 775 251 809 Quod
273 775 295 802 si
309 775 463 811 spiraturus
474 779 518 803 est
538 775 642 810 aquilo,
656 779 761 810 partem
776 774 958 810 aquilonalem

171 820 309 848 obstruit:
323 820 396 855 quod
409 820 433 847 ai
447 825 528 848 vento
538 824 645 848 mutato
658 819 706 849 ﬂat
716 824 820 853 auster.
838 819 873 848 ad
888 819 961 848 fora-

172 878 235 898 men
251 870 400 898 obversum
414 869 537 905 aquiloni
553 878 583 898 se
599 870 716 898 confert.

208 916 297 944 Etiam
312 915 450 944 sentiendi
465 923 632 950 organorum
649 916 678 944 in
689 916 854 945 animalibus
871 917 963 945 excel-

171 962 286 990 lentiam
303 961 450 996 quamdam
460 969 576 990 cernere
591 962 674 990 licet:
692 962 797 997 absque
814 970 870 998 quo
880 962 960 996 foret,

173 1015 260 1042 agitus
276 1008 350 1048 inter
375 1014 442 1034 oves
465 1007 627 1036 innumesz
641 1008 729 1035 caulis
753 1008 873 1036 inclusas
891 1009 962 1036 exsi-

172 1054 261 1087 licns.
278 1054 399 1082 colorem
415 1063 566 1090 vocemque
584 1055 681 1082 matria
702 1055 775 1082 haud
789 1059 961 1091 agnosceret,

173 1107 226 1127 nec
242 1099 277 1127 ad
292 1107 354 1128 eam
370 1108 399 1128 se
415 1100 537 1128 studiose
558 1100 711 1134 conferret,
728 1101 880 1136 praesertim
900 1108 962 1128 cum

174 1146 260 1174 ubera
276 1146 360 1174 multa
378 1147 459 1174 valde
474 1146 596 1184 distenta.
608 1151 775 1182 gravataque
806 1151 961 1182 praetereat.

173 1190 310 1219 Nimirum
333 1195 376 1219 est
393 1192 420 1219 in
437 1192 479 1219 eis
494 1199 592 1220 sensus
613 1191 714 1224 acrior,
733 1199 815 1226 quam
832 1199 883 1219 nos
906 1192 964 1219 eai-

173 1237 319 1265 uimemus
331 1246 338 1264 :
352 1245 407 1272 quo
424 1238 484 1272 ipso
499 1237 629 1272 qualibet
642 1237 677 1264 ab
692 1237 790 1265 alienis
806 1245 856 1264 sua
868 1237 965 1272 digno-

173 1288 266 1311 scunt.
274 1283 398 1311 Necdum
408 1283 517 1311 catulus
529 1283 626 1310 dentes
636 1283 730 1315 habet,
739 1291 773 1310 ac
784 1283 964 1311 nihilominus

171 1335 204 1356 se
215 1327 359 1355 laedentem
368 1336 416 1356 ore
425 1329 544 1356 vicissim
556 1329 708 1356 ulciscitur.
724 1329 848 1356 Necdum
859 1336 964 1357 cornua

173 1373 280 1401 vitulus
303 1374 396 1407 habet,
413 1381 445 1401 ac
462 1375 644 1402 nihilominus
665 1382 720 1409 quo
734 1374 796 1402 loco
815 1376 865 1409 ipsi
887 1384 963 1403 arma

175 1419 232 1447 sint
249 1420 392 1454 proditura
417 1421 507 1447 novit.
537 1419 719 1452 Quamobrem
744 1420 875 1455 praeclare
895 1420 965 1448 dixit

175 1468 356 1503 Hippocrates
368 1475 376 1495 ι
395 1477 404 1493 ι
416 1467 583 1495 Animalinm
594 1471 689 1494 natura
701 1467 769 1494 nihil
787 1467 868 1494 habet
882 1475 897 1494 a
917 1467 966 1495 do-

175 1514 276 1546 ctrina,
294 1513 366 1540 velut
377 1513 538 1541 ascititium.

209 1559 292 1587 Canis
316 1563 406 1586 autem
423 1559 449 1585 in
467 1558 665 1587 reminiscendo
685 1559 810 1594 quemvis
825 1558 963 1586 hominem

174 1612 237 1640 erga
252 1601 320 1632 bene
330 1604 363 1632 dc
375 1611 405 1632 se
422 1605 534 1632 meritos
549 1604 683 1640 ingratum
699 1605 802 1640 pudore
828 1612 883 1632 non
906 1604 964 1632 alli-

174 1650 230 1678 cit!
243 1651 352 1685 quando
365 1649 416 1685 5],
437 1656 520 1678 canes
542 1658 597 1677 non
611 1657 712 1685 paucos
736 1657 789 1678 una
812 1658 873 1677 cum
892 1650 966 1678 heris

174 1697 232 1725 suis
247 1697 273 1724 in
288 1697 436 1724 solitudine
451 1697 528 1724 msis
544 1696 718 1729 occubuisse,
734 1697 887 1724 litterarum
906 1704 966 1723 mo-

175 1743 313 1771 numentis
330 1743 464 1778 proditur.
489 1742 561 1776 Quin
583 1743 665 1771 etiam
694 1743 776 1778 aliqui
794 1743 895 1771 recenti
912 1743 963 1770 ad-

173 1790 231 1816 huc
262 1789 383 1816 facinore
421 1789 607 1824 querentibus
641 1789 789 1817 homicidas
820 1796 850 1816 se
881 1789 964 1816 duces

173 1835 282 1862 itineris
301 1835 484 1870 praebuerunt.
509 1840 593 1870 utque
615 1835 762 1864 facinorosi
786 1835 910 1862 homines
937 1838 965 1862 et

174 1882 289 1916 improbi
317 1881 351 1908 ad
374 1881 507 1917 supplicia
543 1882 780 1917 pertraherentur.
806 1881 965 1909 eﬂ‘ecerunt.

173 1927 278 1956 Accidit
303 1928 376 1955 enim
408 1928 563 1963 aliquando,
590 1932 619 1955 ut
649 1927 725 1956 canis
753 1928 782 1955 in
816 1927 968 1955 diversorio

173 1975 335 2010 quodameo
350 1977 508 2010 conspecto,
528 1974 574 2010 qui
588 1975 684 2002 herum
703 1974 790 2010 ipsius
817 1973 968 2001 intereme-

176 2025 226 2051 rat,
243 2021 375 2048 adversus
387 2021 476 2056 ipsum
492 2026 625 2056 perpetuo
642 2021 756 2053 latrans.
782 2019 968 2055 suspicionem

1008 224 1070 259 ὄφις
1082 224 1112 250 τὸ
1131 225 1252 259 πήγανον
1266 224 1401 258 ἐντεῦθεν,
1417 225 1489 252 καθὰ
1513 225 1600 261 δήπου
1615 226 1663 253 καὶ
1680 226 1726 253 τὸν
1741 235 1797 262 χει-

1009 270 1087 305 μῶνα
1099 270 1144 298 διὰ
1155 270 1204 306 τὴν
1220 271 1374 306 ὑπερϐολὴν
1390 271 1440 306 τῆς
1455 272 1637 307 ψυχρότητος.

1044 315 1122 342 Οὕτω
1133 315 1184 351 μὲν
1199 314 1247 344 οὖν
1262 316 1297 343 τὰ
1312 316 1370 348 ζῶα
1394 317 1484 344 πάντα
1507 318 1631 352 φυσικῶς
1650 316 1705 344 οῐδι
1720 317 1751 344 τό
1765 324 1794 344 τι

1009 362 1143 396 σωτήριον
1153 361 1184 388 τό
1197 370 1224 390 τε
1232 362 1364 397 ὀλέθριον.
1381 362 1415 390 At
1426 362 1455 389 δὲ
1477 364 1543 398 παρ’
1560 363 1652 395 αὐτοῖς
1668 363 1794 399 προγνώ-

1009 417 1066 442 σεις
1081 409 1131 444 τῆς
1145 410 1208 444 περὶ
1223 409 1270 436 τὸν
1290 410 1359 445 ἀέρα
1374 410 1528 445 μεταϐολῆς
1545 410 1626 438 ποίαν
1641 411 1703 446 οὐχὶ
1717 411 1795 437 σύντ-

1009 464 1052 483 σιν
1067 455 1180 492 λογικὴν
1201 457 1441 492 ἁποκρύπτουσινς
1471 457 1540 483 ὅπου
1568 465 1601 491 γε
1618 457 1648 483 τὺ
1664 455 1714 491 μὲν
1725 457 1794 491 πρό-

1009 502 1091 529 ϐατον
1102 502 1236 537 χειμῶνος
1249 502 1389 537 προϊόντος
1403 502 1512 536 λάϐρως
1529 501 1735 536 ιπεμσάλλεται
1758 502 1792 536 τῇ

1008 549 1096 583 τροφῇ
1119 547 1213 583 ὥσπερ
1236 548 1454 583 ὲπισιτιζόμενον
1476 547 1546 582 πρὸς
1571 547 1621 581 τὴν
1645 546 1793 581 μέλλουσαν

1009 594 1123 622 ενδιίαν.
1141 595 1211 630 Ἤδη
1238 595 1268 622 δέ
1294 603 1336 626 τις
1359 594 1414 622 τῶν
1437 594 1592 629 φιλοπόνων
1612 593 1668 629 (12)
1684 593 1794 620 καὶτὸν

1009 642 1135 676 χερσαῖον
1152 642 1241 677 ἐχῖνον
1256 641 1373 676 ἐτήρησε
1384 641 1483 673 διπλᾶς
1497 640 1636 671 ἀναπνοὰς
1647 641 1681 676 τῇ
1697 639 1794 666 ἑαυτοῦ

1009 687 1157 714 καταδύσει
1182 687 1424 722 μηχανησάμενον,
1450 687 1506 714 καὶκ
1523 686 1667 721 μέλλοντος
1696 685 1794 720 βορέου

1010 734 1087 759 πνεῖν
1103 732 1316 768 ἁποφράσσοντα
1339 732 1388 768 τὴν
1408 732 1549 767 ἀρκτῴαν.
1569 732 1647 758 νότου
1662 731 1691 758 δὴ
1713 731 1796 758 πάλιν

1011 779 1225 815 μεταϐάλλοντος
1239 779 1278 812 αις
1287 778 1338 814 τὴν
1352 778 1535 814 προσάρκτιον
1549 777 1760 813 μεταϐαίνοντα.

1052 916 1133 943 Ἀλλὰ
1148 916 1196 943 καὶ
1216 916 1267 952 τὴν
1286 916 1340 944 τῶν
1356 915 1546 952 αίσθητηρῑιυν
1562 916 1726 952 περιουσίαν
1746 922 1799 952 με·

1011 962 1097 998 γάλην
1110 962 1186 996 παρὰ
1199 963 1254 994 τοῖς
1271 962 1351 994 ζώοις
1367 962 1417 988 ῐδοι
1429 970 1471 994 τις
1483 962 1529 989 ἂν.
1545 962 1576 989 Ei
1595 963 1633 998 μὴ
1649 963 1705 998 γὰρ
1718 962 1800 996 τοῦτο

1010 1005 1055 1043 ἦν,
1073 1008 1124 1034 οὐκ
1140 1008 1172 1035 ἂν
1183 1007 1291 1043 ἀρνειὸς
1303 1008 1333 1035 ιν
1351 1008 1461 1044 μυρίοις
1474 1008 1622 1044 προϐάτοις
1637 1008 1692 1036 τῶν
1706 1009 1799 1044 σηκῶν

1011 1053 1190 1089 ἐξαλλόμενος
1225 1055 1277 1089 τήν
1303 1062 1335 1081 τε
1369 1054 1465 1090 χροιὰν
1488 1055 1535 1081 καὶ
1563 1055 1656 1090 φωνὴν
1681 1055 1732 1090 τὴν
1748 1054 1800 1090 τῆς

1014 1101 1117 1136 μητρὸς
1144 1100 1251 1134 ὲτιίτνω
1279 1100 1328 1127 καὶ
1357 1100 1426 1135 πρὸς
1451 1100 1559 1135 εκείνην
1586 1100 1728 1135 ἠπείγετο.
1751 1102 1802 1129 καὶ

1012 1146 1100 1174 ταῦτα
1136 1146 1222 1172 πολλὰ
1256 1145 1446 1181 παραδραμὼν
1479 1145 1583 1172 οὔθατα
1613 1146 1799 1181 βαρυνόμενα.

1014 1193 1093 1219 Ἐστι
1105 1193 1154 1219 καὶ
1176 1192 1231 1227 γὰρ
1255 1192 1323 1228 παρ’
1339 1192 1433 1223 αὐτοῖς
1453 1192 1582 1227 αῐσοησις
1594 1193 1645 1227 τῆς
1661 1192 1801 1227 ἡμετέρας

1012 1238 1195 1273 καταλήψεως
1213 1237 1343 1273 ὀξυτέρα,
1357 1237 1419 1265 καῠ“
1443 1238 1478 1273 ὴν
1495 1237 1603 1273 ἑκάστῳ
1619 1238 1737 1272 πάρεστι
1753 1236 1800 1263 τοῦ

1012 1284 1114 1311 οἰκείου
1140 1285 1297 1318 διάγνωσις.
1314 1284 1397 1311 Οὔπω
1425 1284 1450 1310 οι
1480 1284 1586 1316 ὀδόντες
1612 1284 1651 1319 τῷ
1669 1284 1800 1317 σκύλακι,

1013 1331 1061 1358 καὶ
1088 1330 1163 1365 ὅμως
1187 1330 1232 1358 διὰ
1257 1330 1305 1357 τοῦ
1330 1331 1467 1365 στόματος
1489 1329 1624 1364 ἀμύνεται
1645 1330 1692 1356 τὸν
1713 1329 1801 1365 λυπή-

1015 1386 1109 1405 σαντα.
1122 1377 1206 1404 οὔπω
1221 1377 1256 1404 τὰ
1271 1377 1375 1412 κέρατα
1391 1378 1430 1412 τῷ
1444 1378 1547 1412 μόσχῳ,
1567 1378 1614 1404 καὶ
1627 1373 1683 1404 οἶδε
1702 1377 1754 1404 ποῦ
1765 1377 1801 1404 τὰ

1014 1423 1085 1450 ὅπλα
1105 1423 1179 1458 αὑτῷ
1196 1423 1377 1457 ἑκφυήσεται.
1399 1422 1495 1453 Καλῶς
1519 1422 1565 1450 οὖν
1583 1424 1597 1450 ο
1615 1423 1801 1458 Ἱπποκράτης

1015 1471 1093 1505 ἔλεγε
1106 1478 1113 1485 ·
1131 1480 1140 1496 ι
1159 1471 1258 1502 Φύσεις
1274 1469 1352 1501 ζώων
1368 1469 1516 1498 ἁδίδακτοι.
1541 1478 1550 1496 ι

1049 1560 1087 1587 Τὸ
1111 1559 1141 1587 δὲ
1162 1559 1210 1586 τοῦ
1233 1559 1314 1591 κυνὸς
1339 1559 1554 1594 μνημονευτικὺν
1574 1559 1636 1586 τίνα
1658 1559 1713 1586 τῶν
1734 1559 1804 1595 πρὸς

1012 1607 1076 1639 τοὺς
1091 1605 1240 1641 εὑιργίτας
1255 1605 1413 1641 ἀχαρίστων
1427 1605 1457 1631 οὐ
1473 1604 1670 1640 καταισχύνεις
1686 1605 1754 1632 ὃπου
1770 1614 1803 1640 γι

1014 1654 1062 1681 καὶ
1081 1652 1234 1688 φονευθεῖσι
1254 1650 1400 1683 δεσπόταις
1420 1650 1482 1678 κατ’
1495 1651 1614 1686 ιρημίαν
1634 1650 1728 1677 πολλοὶ
1749 1650 1805 1678 τῶν

1015 1699 1105 1726 κυνῶν
1121 1697 1341 1727 ὲπαποϐανόντις
1359 1695 1588 1731 μνημονεύονται.
1602 1695 1673 1730 Ἤδη
1689 1695 1717 1722 δέ
1732 1703 1805 1727 τινες

1017 1746 1064 1772 tut
1078 1743 1173 1779 θερμῷ
1187 1743 1227 1778 τῷ
1241 1743 1323 1770 πάθει
1339 1743 1387 1768 καὶ
1401 1742 1493 1777 ὁδηγοὶ
1507 1742 1565 1773 τοῖς
1580 1741 1727 1777 ἐκζητοῦσι
1741 1741 1806 1774 τοὺς

1017 1791 1116 1826 φονίας
1138 1791 1273 1825 ἐγένοντο,
1295 1790 1344 1816 καὶ
1363 1788 1416 1816 ὑπὸ
1436 1789 1516 1823 δίκην
1535 1788 1650 1824 ἀχθῆναι
1670 1788 1734 1819 τοὺς
1753 1796 1806 1815 xa-

1013 1838 1148 1872 κούργους
1163 1835 1306 1872 ἐποίησαν.
1321 1835 1403 1862 Κύων
1418 1836 1474 1870 γάρ
1488 1843 1532 1866 τις
1545 1836 1575 1861 ὲν
1591 1834 1743 1869 πανδοκείῳ
1758 1834 1806 1860 τὸν

1015 1884 1098 1919 φονέα
1122 1882 1185 1910 ίδὼν
1206 1883 1253 1910 τοῦ
1275 1888 1372 1918 κυρίου
1394 1881 1494 1915 αυτοῦ,
1519 1881 1669 1908 κάντεῦθεν
1692 1881 1808 1916 ἀκρατεῖ

1015 1930 1076 1956 κατ’
1089 1929 1174 1956 αὑτοῦ
1192 1929 1366 1965 χρησάμενος
1382 1927 1480 1962 ὑλακῇ,
1497 1927 1548 1953 οὐκ
1563 1925 1671 1961 ἀγαθὴν
1688 1925 1808 1960 ὑποψίαν

1016 1975 1101 2002 ιδωκε
1118 1977 1174 2007 τοῖς
1195 1975 1259 2010 περὶ
1277 1974 1372 2008 αὑτοῦ,
1393 1971 1469 2009 ἐφἰἶ)
1488 1973 1536 2000 καὶ
1556 1973 1596 2005 είς
1619 1972 1710 2008 κρίσιν
1728 1971 1810 2000 αὑτὸν

1017 2019 1136 2055 ἀχθέντα
1150 2021 1188 2052 ὼς
1203 2019 1360 2055 κακοῦργον
1375 2018 1521 2045 ἐκόλασαν.

175 2068 210 2095 de
226 2068 336 2096 homine
353 2068 499 2101 {sinistram
530 2072 663 2095 moveret.
693 2066 877 2100 Quamobrem
891 2066 914 2094 Is
931 2065 966 2094 ad
987 2066 1259 2102 tribunal,deductus,
1272 2064 1364 2093 habita
1378 2064 1528 2098 quaestione
1542 2071 1591 2092 ceu
1604 2070 1667 2090 rcus
1683 2062 1788 2090 facino-

175 2115 214 2142 ris
226 2120 313 2142 morte
328 2115 458 2143 multatus
476 2118 529 2142 est.

211 2162 309 2198 Aspice
324 2171 390 2191 vero
408 2163 472 2190 mihi
487 2162 532 2190 Dei
547 2161 719 2196 sapientiam.
736 2159 893 2188 Catnivoris
908 2159 966 2188 ani-
984 2163 1005 2190 D

176 2208 293 2236 malibus
306 2208 402 2236 dentes
418 2212 511 2236 acutos
529 2207 613 2240 dedit,
636 2206 709 2241 quod
732 2206 831 2233 talibus
846 2206 885 2233 eis
900 2212 970 2240 opus

175 2259 258 2287 esset,
276 2261 324 2290 pro
342 2254 499 2282 nutrimenti
514 2253 629 2285 ratione,
648 2260 703 2287 quo
727 2251 875 2279 alerentur.
903 2251 970 2284 Quae

177 2308 243 2328 vero
258 2300 368 2328 dimidia
388 2308 421 2328 ex
449 2304 524 2335 parte
544 2299 672 2326 dentibus
685 2302 789 2325 armata
805 2302 835 2325 et
864 2298 968 2324 instru-

176 2353 219 2374 cta
242 2352 317 2379 sunt,
349 2346 382 2374 iis
405 2346 503 2373 multas
520 2350 601 2380 atque
628 2345 716 2372 varias
739 2345 967 2372 nutrimentorum

175 2391 251 2418 velut
264 2391 411 2426 apothecas
425 2395 452 2418 et
464 2390 614 2418 conditoria
629 2390 745 2425 paravit.
769 2387 837 2417 Nam
852 2397 913 2416 cum
934 2389 969 2416 ab

177 2437 257 2465 initio
280 2437 478 2464 nutrimentum
510 2443 565 2463 non
583 2436 648 2464 satis
674 2436 888 2469 comminuatur.
917 2436 969 2463 hoc

177 2484 219 2512 cis
231 2483 316 2514 dedit.
332 2487 363 2510 ut
384 2484 456 2518 quod
473 2482 683 2518 deglutiverunt,
721 2489 830 2510 rursum
858 2487 971 2518 agerent

179 2537 288 2558 sursum
318 2537 373 2564 quo
402 2536 451 2564 per
479 2525 692 2556 ruminationcin
714 2527 911 2561 mollillcatum,
942 2527 969 2555 in

180 2583 261 2603 usum
282 2575 421 2603 nutriendi
444 2575 571 2603 animalis
585 2575 674 2603 cedat.

216 2621 302 2650 Etiam
327 2622 411 2650 armis
434 2622 500 2658 ipsis
526 2621 596 2649 inter
619 2627 649 2648 se
677 2620 808 2648 diﬂerunt
833 2619 970 2647 animalia.

179 2668 246 2697 Nam
265 2677 313 2705 pro
327 2669 418 2697 indole
430 2677 461 2696 ac
479 2668 600 2696 moribus
616 2667 783 2699 animorum.
797 2666 972 2703 quemadmo-

179 2715 243 2742 tilllll
262 2719 287 2742 cl
301 2713 463 2742 Aristoteles
482 2713 604 2748 scripsit.
615 2712 778 2749 corporibus
790 2719 899 2748 quoque
914 2716 971 2740 tum

181 2761 290 2794 liguras,
313 2764 369 2789 tuin
388 2761 564 2797 operationcs
586 2759 658 2787 Deus
683 2759 818 2786 concedit.
842 2756 908 2794 Ejus
933 2757 971 2784 rvi

219 2847 274 2882 (l2)
299 2847 390 2875 Ποίαν
399 2848 466 2882 οὐχὶ
483 2865 490 2874 .
509 2866 515 2873 .
532 2864 538 2873 .

1060 2158 1132 2186 Ἀλλ’
1147 2158 1198 2193 δρα
1223 2157 1320 2192 σοφίαν
1345 2155 1432 2189 Θεοῦ,
1455 2155 1515 2187 πῶς
1540 2155 1597 2187 τοῖς
1623 2154 1811 2190 σαρκοφάγοις

1019 2205 1099 2239 ζώοις
1118 2205 1189 2237 ὀξεῖς
1208 2204 1272 2236 τοὺς
1293 2203 1404 2234 ὀδόντας
1426 2202 1562 2238 ἐνήρμοσε
1577 2210 1584 2218 ⁸
1606 2202 1735 2228 τοιούτων
1754 2198 1826 2235 γὰρ’

1018 2251 1096 2287 χρεία
1112 2249 1147 2287 ἧν
1163 2250 1255 2282 αὐτοῖς
1273 2249 1341 2284 πρὸς
1356 2249 1387 2275 τὸ
1403 2248 1452 2284 τῆς
1468 2248 1572 2283 τροφῆς
1588 2246 1667 2278 εἶδος.
1684 2246 1719 2274 Ἀ
1735 2246 1762 2272 δὲ
1779 2245 1811 2278 ἐξ

1019 2297 1145 2333 ἡμισείας
1158 2297 1292 2323 ὥπλισται
1303 2296 1360 2326 τοῖς
1372 2293 1474 2326 ὀδοῦσι,
1488 2293 1600 2324 πολλαῖς
1613 2292 1660 2319 καὶ
1673 2291 1811 2322 ποικίλαις

1019 2344 1172 2379 ἁποθήκαις
1193 2342 1247 2369 τῶν
1268 2341 1378 2376 τροφῶν
1401 2339 1611 2374 παρεσκεύασε’
1634 2337 1679 2364 διὰ
1702 2337 1757 2372 γὰρ
1779 2337 1812 2363 τὺ

1022 2390 1097 2426 παρὰ
1117 2390 1166 2424 τὴν
1187 2388 1299 2423 πρώτην
1320 2387 1357 2423 μὴ
1379 2386 1536 2421 ἀρκούντως
1557 2383 1811 2412 καταλεπτύνεσθαι

1022 2437 1071 2471 τὴν
1085 2434 1200 2470 τροφὴν,
1215 2434 1316 2460 ἔδωκεν
1330 2433 1421 2464 αὐτοῖς
1435 2432 1465 2459 τὸ
1480 2431 1633 2458 καταποθὲν
1648 2430 1730 2457 πάλιν
1746 2430 1812 2455 ἀνα-

1023 2481 1234 2517 πεμπάζεσθαι,
1264 2479 1335 2506 ὥστε
1362 2477 1547 2504 καταλεανοὲν
1574 2475 1612 2511 τῷ
1642 2474 1811 2511 μηρυκισμῷ

1024 2536 1154 2564 προοοικε
1168 2526 1264 2553 οὗσοαι
1277 2525 1316 2561 τῷ
1332 2524 1501 2560 τρεφομένῳ.

1063 2616 1143 2645 Ἀ)λὰ
1157 2617 1206 2643 καὶ
1220 2616 1275 2647 τοῖς
1290 2615 1382 2645 ὅπλοις
1397 2612 1488 2644 αὑτοῖς
1503 2612 1537 2638 τὰ
1552 2611 1608 2644 ζῶα
1624 2611 1692 2645 πρὸς
1706 2609 1812 2644 ἄλληλα

1021 2663 1168 2698 διενήνοχε.
1185 2661 1264 2688 Κατὰ
1276 2660 1310 2686 τὰ
1324 2659 1376 2694 ἠθη
1390 2658 1444 2693 γὰρ
1460 2657 1514 2684 τῶν
1529 2656 1638 2692 ψυχῶν,
1651 2655 1724 2683 καθὰ
1738 2655 1786 2682 καὶ
1798 2655 1813 2680 ό

1027 2708 1220 2744 Ἀριστοτέλης
1239 2706 1318 2742 φησὶ,
1334 2705 1442 2732 δίδωσιν
1456 2704 1470 2730 ὁ
1485 2703 1551 2734 Θεὸς
1567 2703 1613 2730 καὶ
1629 2702 1678 2734 τὰς
1693 2701 1740 2729 τοῦ
1757 2700 1812 2726 σώ-

1023 2764 1108 2792 ματος
1120 2754 1278 2786 διαπλάσας
1290 2761 1319 2780 τε
1332 2753 1379 2779 καὶ
1393 2750 1544 2786 ἐνεργείας.
1558 2747 1620 2777 Οἶον
1633 2749 1658 2776 τί
1670 2748 1742 2782 λέγω
1752 2755 1759 2780 ;
1771 2745 1812 2781 τῷ

558 2868 563 2874 .
583 2847 767 2881 φιλοπόνων.
794 2844 929 2871 'Rcstitnta
952 2850 985 2870 ex
1005 2841 1035 2869 V.
1056 2845 1083 2868 ct
1098 2840 1127 2868 l".
