1944 3072
130 124 182 157 1ἳο

764 125 975 156 MICHAELIS
997 126 1129 158 (ἶιῖοῶ

1695 131 1748 164 120

129 182 193 210 scit.
224 182 372 218 Propterea
413 183 504 210 ferunt
531 182 613 210 indos
636 182 781 211 observare
810 187 917 210 noctem

978 183 1084 211 tetioust
1098 185 1175 211 τουτὶ
1188 184 1223 212 δι’
1235 185 1340 213 ὑδάτων
1352 186 1382 213 τδ
1396 186 1476 218 ζῶον.
1492 187 1547 214 Καὶ
1563 186 1658 214 τούτου
1673 187 1754 223 χάριν

128 233 268 264 expertem
284 229 493 263 lunae,'quoties
508 229 607 256 animal
625 229 677 257 hoc
689 237 772 264 aquas
790 230 915 264 trajicere

129 275 233 302 volunt.
251 274 314 302 Haec
331 282 408 310 aquae
422 274 586 302 turbationis
600 279 643 312 _est
668 283 761 303 causa.
779 275 915 304 Praeterea

129 323 249 346 meretur
286 319 338 346 hoc
368 320 490 347 etiamin
518 320 669 354 elephantis
694 321 915 348 admirationem.

130 364 243 396 Quoties
255 365 382 392 indorum
397 373 506 392 amnem
523 365 651 400 trajicere
666 365 770 398 volunt,
785 374 838 393 non
849 366 917 393 sim-

129 410 237 444 pliciter
245 419 277 439 ac
288 411 401 438 fortuito
414 416 558 440 transeunt
575 419 581 436 2
595 413 641 441 sed
656 413 916 446 miuimusﬁomnium

130 456 317 490 trajectionem
331 457 436 492 primus
450 458 560 486 inchoat
577 468 584 487 :
601 459 700 488 deinde
711 459 835 494 sequitur
848 459 918 486 alius

129 501 182 529 hoc
198 502 294 537 major.
315 503 380 530 hinc
395 511 503 531 rursum
531 505 600 532 alius
628 511 743 541 utroque
762 505 866 540 major;
889 510 918 533 et

130 547 171 574 sic
189 547 317 582 deinceps
331 549 424 576 eodem
441 554 549 578 utentes
563 551 659 579 ordine
674 559 724 586 per
751 551 863 579 ﬂuvium
879 552 918 579 ci-

130 597 172 620 tra
187 593 413 628 impedimentum
429 595 538 631 aliquod
552 601 705 626 transeunt.
717 597 783 624 Nam
800 598 821 625 si
837 606 920 632 gran-

132 638 223 666 diores
244 639 271 666 in
292 640 459 668 transeundo
473 641 553 676 primi
570 642 670 675 forent,
689 643 808 671 fortasse
818 643 917 678 pedum

131 685 264 721 gravitate
287 685 380 714 foveas
412 687 439 714 in
470 687 535 715 limo
572 688 732 722 efﬁcientes,
770 691 919 725 quominus

133 730 251 758 transire
269 731 388 758 minores
404 739 524 766 possent,
541 733 716 768 impedirent,
734 735 856 770 adeoque
870 743 920 763 co-

131 780 262 810 gerentur
274 776 300 803 hi
316 776 436 805 fluminis
451 778 477 805 in
489 786 568 806 emno
583 779 721 807 suffocari.
747 779 803 808 Nec
814 783 847 809 ad
868 781 920 810 Ve-

132 828 226 849 nerem
241 823 405 858 elephantus
423 825 538 858 accedit,
563 827 791 860 quemadmodum
820 828 918 856 harum

132 874 225 894 rerum
241 869 322 903 periti
335 869 454 902 tradunt,
480 871 533 898 nisi
551 862 757 908 mandragoram
784 873 918 908 degustet.

133 912 200 940 Nam
219 914 294 949 prius
305 923 386 950 quam
400 915 451 943 hoc
466 917 522 949 fiat,
548 917 651 945 nullam
664 918 752 946 coitus
777 919 920 947 libidinem

133 959 284 992 experitur.
293 962 465 995 Quapropter
481 955 580 990 femina
598 968 734 998 sumptam
760 963 813 1000 53
830 960 922 992 'man-

132 1004 274 1040 dragoram
289 1006 407 1034 comedit
419 1008 597 1043 eamdemque
611 1011 676 1036 mari
694 1011 818 1046 porrigit,
828 1016 855 1039 et
869 1011 922 1040 hoc

131 1054 216 1085 pacto
240 1050 274 1078 ad
289 1052 515 1080 consuetudinem
542 1062 688 1082 veneream
700 1057 844 1084 accedunt.
866 1058 922 1085 iloc

133 1099 224 1123 autem
243 1095 386 1125 manifesto
398 1099 494 1126 referri
511 1099 543 1126 ad
569 1100 695 1128 homines
712 1101 774 1130 illos
802 1103 921 1138 primum

132 1141 258 1169 conditos
270 1142 368 1176 debet;
385 1151 448 1171 nam
472 1149 498 1172 et
514 1145 552 1172 illi
567 1152 630 1174 ante
652 1146 718 1181 ligni
736 1148 811 1175 vetiti
838 1148 923 1184 degu-

133 1188 278 1216 stationem
293 1189 454 1217 libidinibus
465 1192 622 1226 superiores
641 1197 731 1220 erant.
748 1193 847 1221 Verum
861 1201 924 1229 post

133 1240 194 1260 eam
213 1241 278 1262 cum
295 1235 350 1263 Eva
369 1243 426 1263 rem
437 1236 558 1265 Adamus
580 1237 686 1272 habuit,
703 1246 790 1274 eaque
806 1241 922 1269 Cainum

134 1280 251 1314 peperit.

170 1367 240 1400 Quid
258 1367 292 1396 de
310 1369 541 1405 myrmeceleonte
566 1371 626 1400 sive
655 1372 811 1402 formicario
843 1374 924 1403 leone

135 1413 279 1441 dicemus?
307 1415 334 1441 in
348 1415 499 1450 Jobiilihro
519 1419 702 1453 perscriptum
729 1424 796 1447 est:
818 1429 827 1446 ι
852 1420 924 1456 hlyr-

136 1460 277 1487 mecoleon
294 1461 385 1495 periit.
410 1462 483 1496 quod
508 1470 599 1491 escam
625 1472 676 1492 non
705 1465 828 1493 haberet.
850 1475 859 1492 ι
878 1466 925 1493 Est

968 229 1129 256 ὐποοολοῦσι
1145 232 1178 266 τῇ
1197 231 1353 267 προνομαίᾳ
1366 231 1401 259 τὰ
1417 232 1527 268 νάματα
1544 233 1667 264 πίνοντες
1682 233 1753 268 (15).

969 275 1029 301 Ἔτι
1050 276 1098 302 καὶ
1117 276 1198 303 τοῦτο
1220 277 1350 311 πρόσεστι
1374 277 1532 312 θαυμαστὸν
1549 279 1606 310 τοῖς
1629 278 1754 312 ἐλέφασι.

967 320 1020 347 Τὸν
1041 321 1095 356 γὰρ
1113 321 1194 348 Ἰνδὸν
1213 323 1336 357 ποταμὸν
1355 323 1431 350 ἔστιν
1448 324 1493 350 ὅτε
1514 324 1755 359 διαπεραιούμενιι

967 367 1016 402 οὐχ
1033 367 1126 398 ἁπλῶς
1144 368 1192 395 καὶ
1211 368 1249 400 ὡς
1269 368 1348 404 ἔτυχε
1365 370 1414 405 τὴν
1431 370 1521 397 ἐκεῖσε
1541 370 1680 397 ποιοῦνται
1696 371 1756 397 διά.-

968 412 1058 446 6ασιν,
1079 413 1136 440 ἀλλ’
1149 415 1163 440 ὁ
1186 416 1351 449 μικρότατος
1374 415 1484 442 πάντων
1505 417 1554 451 τῆς
1577 416 1755 451 περαιῶσεως

968 459 1075 493 πρῶτος
1094 459 1267 494 ἀπάρχεται,
1289 460 1359 495 μετὰ
1377 461 1472 487 τοῦτον
1492 462 1507 488 ό
1529 462 1632 496 μείζων
1651 461 1754 496 αὑτοῦ,

968 503 1064 531 ἔπειτα
1088 504 1136 532 καὶ
1162 505 1177 531 ὁ
1201 505 1366 541 ἀμφοτέρων
1390 506 1537 533 ὲπέκειναί
1555 506 1610 533 Καὶ
1637 506 1756 541 καθεξῆς

968 550 1099 582 ὡσαύτως
1119 552 1153 586 τῇ
1176 551 1288 586 τοιαύτῃ
1310 551 1386 583 τάξει
1407 551 1544 588 χρώμενοι
1564 551 1610 578 τὸν
1632 552 1754 587 ποταμὺν

969 596 1115 627 ἀκωλύτως
1130 596 1295 631 διέρχονται.
1315 597 1380 624 Ἐὰν
1396 597 1451 631 γὰρ
1467 597 1492 623 οι
1512 597 1622 632 μείζους
1637 598 1687 632 τῆς
1703 606 1756 624 πο·

971 641 1045 676 ρείας
1062 641 1231 676 ἀπήρχοντο,
1249 641 1320 677 τάχα
1342 642 1375 669 ἂν
1390 644 1423 678 τῇ
1446 642 1578 678 βαθύτητι
1594 643 1648 669 τῶν
1665 642 1754 670 ποδῶν

971 686 1083 722 βόθρους
1098 687 1142 714 ἐπ’
1153 687 1240 722 αὐτῆς
1251 689 1302 723 τῆς
1319 687 1391 720 ἰλύος
1403 688 1584 724 ἐργαζόμενοι
1598 688 1757 724 προοδεύειν

969 732 1061 760 οὐκέτι
1083 732 1254 768 συνεχώρουν
1270 733 1335 765 τοὺς
1351 734 1382 760 τδ
1403 733 1482 768 σῶμα
1505 734 1690 769 σμικρότατον
1707 734 1757 769 φέ-

973 785 1081 813 ροντας,
1095 778 1197 813 μᾶλλον
1211 778 1260 813 μδν
1272 777 1319 806 οὖν
1333 779 1381 806 καὶ
1393 779 1433 815 τῷ
1446 780 1492 806 τοῦ
1507 780 1630 815 ποταμοῦ
1641 780 1756 815 τέλματι

973 822 1182 857 κατηνάγκαζον
1202 824 1264 856 τοὺς
1285 823 1423 857 τοιούτους
1445 824 1653 859 ἀποπνίγεσθαι,
1674 825 1711 852 Th
1729 826 1758 852 δὲ

972 870 1017 896 τὸν
1034 870 1168 904 ἐλέφαντα
1188 871 1227 906 μὴ
1244 871 1332 901 ἄλλως
1352 879 1412 902 πως
1431 871 1471 902 είς
1493 871 1664 906 συνδυασμὺν
1680 871 1760 908 ἔρχι-

973 916 1054 949 σθαι,
1071 916 1142 944 καθά
1159 925 1241 951 φασιν
1257 917 1282 944 οἰ
1300 917 1364 952 περὶ
1380 917 1414 944 τὰ
1430 917 1544 944 τοιαῦτα
1560 918 1660 951 δεινοὶ,
1678 919 1703 945 εί
1721 919 1759 954 μὴ

972 961 1018 988 τοῦ
1036 962 1226 998 μανδραγόρου
1255 962 1383 996 γεύσαιτο
1409 963 1556 999 (οὐδὲγὰρ
1576 964 1698 1000 ἐπιουμα
1713 966 1759 1000 μί-

973 1008 1040 1040 ξεως
1054 1008 1185 1044 πρότερον
1200 1008 1304 1042 κεῖταί,
1320 1010 1361 1043 δφ⁴
1373 1005 1396 1036 ὦ
1409 1010 1426 1045 ἡ
1443 1009 1539 1044 θήλεια
1550 1009 1670 1037 λαϐοῦσα
1687 1019 1758 1045 μαν-

973 1053 1109 1090 δραγόραν
1128 1054 1174 1081 καὶ
1196 1054 1322 1089 φαγοῦσα
1342 1055 1434 1082 δίδωσι
1454 1056 1502 1082 καὶ
1523 1055 1690 1092 τῷ“ᾱρρενι,
1709 1057 1758 1085 καὶ

972 1100 1044 1127 οὓτω
1059 1101 1127 1136 πρὸς
1144 1102 1217 1136 μίξιν
1230 1101 1364 1137 ἔρχονται)
1382 1101 1507 1137 φανερῶς
1521 1102 1561 1134 είς
1574 1103 1637 1134 τοὺς
1653 1111 1760 1138 πρωτου-

974 1145 1109 1178 πλάστους
1128 1146 1257 1180 ἀνάγεται
1269 1154 1277 1163 ·
1296 1147 1417 1174 κάκεῖνοι
1434 1147 1488 1182 γὰρ
1506 1147 1560 1182 πρὸ
1578 1147 1628 1182 μὲν
1643 1148 1758 1182 τῆςιτοῦ

973 1192 1060 1227 φυτοῦ
1080 1193 1202 1226 γεύσεως
1224 1192 1367 1227 ίσάγγελον
1388 1192 1444 1228 βίον
1464 1190 1547 1227 ιῐχον,
1571 1193 1641 1228 μετὰ
1661 1193 1690 1220 δὲ
1710 1194 1762 1230 τὴν

973 1239 1020 1265 τοῦ
1046 1239 1124 1272 ξύλου
1148 1240 1244 1272 γεῦσιν
1267 1239 1315 1265 καὶ
1338 1239 1388 1274 τῆς
1413 1239 1557 1274 παρακοῆς
1582 1239 1758 1275 ιίσαχθείσης

974 1284 1047 1319 ἔγνω
1064 1283 1150 1320 ’Δδᾶμ
1164 1283 1237 1311 Εὕαν
1250 1283 1299 1320 τὴν
1313 1277 1432 1319 γυναῖκα
1447 1283 1531 1311 αὐτοῦ
1540 1303 1548 1317 ,
1562 1285 1610 1311 κα)⁸
1624 1283 1701 1311 ιτεκε
1715 1285 1763 1313 τὸν

975 1331 1057 1358 Κάῖν.

1010 1377 1080 1412 Περὶ
1097 1376 1126 1404 δὲ
1141 1377 1189 1404 τοῦ
1210 1377 1448 1413 μυρμηκολέοντος
1464 1377 1491 1405 τί
1511 1378 1565 1414 χρὴ
1583 1378 1633 1405 καὶ
1651 1377 1762 1412 λέγεινς

974 1423 1129 1458 γέγραπται
1144 1423 1197 1458 γὰρ
1212 1423 1241 1450 ὲν
1255 1423 1295 1456 τῷ
1307 1422 1384 1457 Ἰὼϐ,
1403 1423 1626 1459 «Μυρμηκολέων
1639 1423 1764 1450 ἀπώλετο

975 1469 1020 1496 διὰ
1036 1468 1066 1496 τὺ
1086 1469 1125 1503 μὴ
1145 1468 1218 1504 ἔχειν
1235 1468 1327 1504 βοράν.
1350 1478 1359 1495 ι
1380 1468 1410 1496 '0
1433 1468 1634 1504 μυρμηκολέων
1650 1468 1721 1501 ζῶόν
1737 1468 1764 1495 τί

138 1506 338 1541 myrmecoleon
369 1508 470 1536 animal
495 1510 642 1544 quoddam,
671 1512 744 1546 quod
774 1520 789 1539 e
813 1512 924 1540 formica

978 1516 1051 1542 ιστιν
1066 1516 1098 1542 ὲκ
1116 1515 1261 1550 μύρμηκος
1277 1515 1326 1549 μιν
1340 1515 1387 1542 καὶ
1401 1515 1510 1546 λέοντος
1524 1514 1686 1549 τικτόμενον
1696 1533 1704 1546 ,
1717 1514 1762 1541 a6-

137 1552 270 1588 leoneque
295 1554 425 1590 gignitur,
450 1557 498 1584 sed
526 1565 587 1585 mox
605 1558 713 1596 vivendi
752 1559 833 1587 finem
861 1560 925 1588 facit

137 1603 281 1634 propterea
296 1601 367 1635 quod
382 1601 473 1628 cibum
489 1602 540 1630 sibi
554 1605 760 1633 convenientem
776 1615 831 1634 non
846 1607 925 1634 inve-

139 1645 198 1672 niat
215 1652 222 1671 :
241 1653 305 1673 nam
340 1651 370 1674 ut
393 1647 446 1679 leo,
473 1655 570 1676 carnes
594 1651 706 1685 expetit,
734 1657 764 1679 ut
790 1652 924 1686 formica,

138 1691 326 1728 frumentum;
343 1695 446 1723 idcirco
464 1696 537 1724 facili
563 1702 702 1724 momento
730 1698 924 1734 exstinguitur.

139 1737 202 1766 llaec
215 1745 305 1766 autem
319 1741 458 1768 transferri
471 1741 584 1769 omnino
597 1743 632 1769 ad
646 1742 783 1770 diabolum
797 1749 924 1778 possunt.

137 1785 184 1821 qui
200 1785 235 1813 ah
254 1787 350 1821 exigua
368 1795 397 1814 re
410 1787 529 1822 primum
540 1796 655 1816 exorsus
677 1789 711 1816 ad
739 1797 836 1825 magna
864 1797 927 1821 pro-

139 1833 271 1869 greditur.
290 1834 353 1862 ldeo
366 1835 477 1870 quidam
492 1843 524 1863 ex
540 1836 673 1865 Patribus
688 1836 758 1864 dixit
772 1845 781 1865 :
797 1846 806 1863 ι
823 1837 926 1873 Exigua

140 1881 238 1908 delicta
253 1881 328 1908 novit
340 1886 489 1910 extenuare
512 1882 636 1910 diabolus
652 1894 660 1911 :
675 1891 737 1911 nam
761 1884 926 1920 cateroquin

140 1927 174 1955 ad
191 1928 293 1962 majora
309 1928 459 1963 perducere
473 1933 500 1956 te
517 1937 570 1956 non
588 1934 691 1965 posset.
712 1939 722 1956 ι
741 1929 838 1965 itaque
857 1931 928 1965 perit

140 1975 249 2009 etipse,
271 1982 304 2002 ac
329 1975 568 2010 myrmecoleontis
598 1977 684 2003 instar
696 1977 841 2008 emoritur.
865 1984 928 2005 cum

140 2020 213 2055 apud
226 2028 279 2048 nos
292 2020 414 2048 alimenti
430 2020 510 2052 nihil,
523 2020 590 2047 nihil
606 2021 735 2056 requietis
747 2022 863 2049 invenit.

174 2067 277 2100 Quodsi
289 2067 368 2094 cadat
389 2067 563 2102 elephantus.
576 2075 689 2102 surgere
706 2072 850 2102 propterea
873 2075 926 2095 non

140 2118 230 2148 potest
247 2113 321 2148 quod
337 2113 420 2148 pedes
431 2113 517 2148 ipsius
530 2113 618 2140 nullas
642 2114 783 2148 juncturas
800 2114 927 2141 habeant.

143 2161 175 2189 Et
187 2161 272 2188 fetum
294 2159 353 2186 haec
373 2159 500 2186 animalia
520 2164 624 2187 tantum
648 2160 760 2187 unicum
791 2160 877 2187 edunt
894 2160 929 2188 ob

142 2206 255 2233 maximi
283 2204 408 2240 corporis
434 2204 545 2232 molem.
576 2204 717 2231 Dehehant
744 2205 854 2239 quidem
883 2205 933 2232 hac
950 2193 970 2220 θ

142 2257 199 2286 ipsa
215 2252 250 2278 de
266 2257 361 2281 causa,
377 2249 450 2284 quod
469 2257 565 2284 magna
580 2251 644 2282 sint,
660 2250 752 2284 potius
778 2249 935 2284 complures

143 2299 215 2326 fetus
243 2297 326 2325 simul
356 2297 438 2324 edere
464 2297 571 2336 (loquor
597 2300 697 2330 autem,
715 2297 750 2324 de
775 2297 934 2332 elephanto,

142 2344 357 2379 equo,'camelo)
379 2351 494 2371 :verum
510 2344 574 2379 quia
589 2344 787 2372 nutrimentum
815 2344 849 2371 ad
871 2351 934 2371 cor-

145 2390 221 2426 poris
233 2390 476 2424 ampiificationem
503 2389 666 2422 absumitur,
699 2389 772 2417 fetus
800 2390 827 2417 in
855 2394 934 2417 utero

145 2436 246 2464 multos
257 2436 330 2464 alere
344 2440 492 2470 nequeunt.
510 2436 548 2463 Ac
560 2436 594 2462 de
605 2435 647 2462 his
660 2435 769 2470 quidem
783 2436 835 2463 hoc
850 2436 933 2464 modo

145 2481 249 2509 dictum
264 2485 332 2508 esto.
348 2480 481 2508 Caeterum
501 2481 607 2515 lepores
617 2481 695 2507 aiunt
719 2480 790 2508 fetus
814 2480 882 2508 alios
904 2481 932 2508 in

145 2529 234 2555 lucem
247 2528 340 2558 edere,
353 2526 422 2554 alios
435 2526 515 2562 paulo
529 2527 605 2562 prius
621 2526 750 2559 edidisse,
779 2527 846 2554 alios
868 2533 934 2554 nec-

146 2575 213 2602 dum
229 2574 369 2602 absolutos
379 2579 457 2602 utero
482 2579 598 2609 gestare.
622 2573 687 2609 Ejus
713 2573 751 2601 rei
768 2581 850 2602 causa
879 2578 932 2607 est,

146 2621 218 2656 quod
234 2620 358 2656 leporum
370 2624 467 2647 natura
485 2620 565 2654 longe
584 2619 619 2646 sit
634 2619 840 2647 fecundissima.
865 2619 935 2647 Ecce

147 2667 221 2694 enim
235 2667 276 2694 lac
289 2666 443 2702 leporinum
460 2665 567 2693 mulieri
588 2672 644 2693 non
675 2665 797 2692 fecundae
825 2664 938 2698 impoSi-

150 2719 209 2740 tum
233 2713 359 2741 celeriter
386 2711 594 2747 canceptionem
623 2711 744 2746 adjuvat,
772 2715 801 2737 et
827 2710 939 2737 feminae

149 2759 235 2787 sterili
251 2760 336 2787 donat
355 2759 499 2791 infantem,
516 2765 597 2793 quem
621 2757 751 2785 uberibus
773 2756 864 2784 iactet.
881 2756 938 2783 Non

185 2820 240 2853 Ηῦ)
254 2819 288 2846 Εἰ
307 2819 360 2855 γὰρ
391 2819 499 2854 χαῦνα.
521 2839 528 2847 .
548 2839 554 2846 .
572 2839 577 2846 .
596 2838 602 2846 .

151 2855 257 2882 eodem.

979 1561 1047 1593 θέως
1060 1561 1089 1588 δὲ
1102 1561 1235 1588 τελευτῶν
1247 1561 1291 1588 διὰ
1302 1561 1333 1587 τὸ
1349 1560 1386 1596 μὴ
1399 1561 1538 1595 εὑρίσκειν
1550 1560 1653 1595 τροφὴν
1665 1559 1766 1586 κατάλ-

978 1606 1077 1642 ληλονθ
1098 1606 1137 1638 ὡς
1161 1605 1211 1641 μὶν
1233 1605 1289 1641 γὰρ
1309 1605 1379 1632 λέων
1401 1605 1505 1641 κρέατα
1525 1605 1658 1639 ἐπιζητεῖ,
1678 1604 1716 1636 ὡς
1735 1604 1764 1631 δὲ

980 1652 1095 1688 μύρμηξ
1110 1652 1191 1678 πάλιν
1206 1652 1289 1684 σῖτον,
1305 1651 1352 1678 καὶ
1365 1651 1410 1678 διὰ
1425 1650 1504 1678 τοῦτο
1516 1650 1637 1686 εὐχερῶς
1651 1650 1765 1677 ἀπόλλυ-

978 1705 1035 1725 ται.
1049 1698 1142 1725 Ταῦτα
1157 1697 1184 1724 δδ
1199 1697 1309 1729 πάντως
1323 1698 1364 1729 είς
1377 1697 1462 1724 αὑτὸν
1474 1696 1605 1731 ἀνάγεται
1618 1696 1664 1723 τδν
1677 1695 1767 1723 διάδο-

979 1746 1025 1772 λον
1036 1766 1044 1778 ,
1059 1745 1134 1777 ὅστις
1151 1743 1207 1772 ἀπὸ
1225 1743 1324 1779 μικροῦ
1342 1744 1392 1778 μὲν
1407 1744 1520 1778 ἄρχεται
1531 1762 1539 1776 ,
1555 1743 1596 1774 τίς
1612 1742 1718 1777 μεγάλα
1734 1741 1764 1768 δὲ

979 1793 1111 1828 καταντᾷ.
1127 1791 1186 1826 Ἐφ’
1197 1788 1220 1826 ᾦ
1239 1791 1287 1819 καί
1307 1799 1349 1823 τις
1358 1791 1414 1817 τῶν
1433 1790 1563 1824 Πατέρων
1583 1788 1661 1823 ἔλεγε
1675 1794 1683 1803 ⁸
1697 1798 1707 1815 ι
1725 1788 1766 1815 Τὰ

982 1839 1068 1874 μικρὰ
1086 1837 1141 1865 τῶν
1161 1837 1369 1873 ἁμαρτημάτων
1388 1835 1536 1867 εὐτελίζειν
1553 1832 1625 1861 οἶδεν
1643 1835 1658 1861 ό
1677 1833 1766 1861 διάδο-

980 1883 1025 1915 λος
1037 1891 1045 1899 ο
1061 1882 1148 1913 ἄλλως
1162 1881 1217 1917 γὰρ
1233 1882 1279 1908 ἐπὶ
1295 1880 1387 1915 μεῖζον
1401 1880 1487 1907 κακὸν
1500 1880 1616 1914 ἀγαγεῖν
1630 1886 1661 1905 σε
1675 1878 1705 1905 οὒ
1721 1877 1768 1904 δύο

980 1936 1070 1956 ναται.
1087 1935 1097 1953 ι
1112 1926 1194 1953 Ὅθεν
1209 1925 1356 1953 ἀπόλλυται
1370 1925 1418 1952 καὶ
1432 1921 1511 1956 οὗτος
1521 1943 1529 1957 ,
1543 1924 1591 1951 καὶ
1606 1922 1662 1950 οἷον
1679 1922 1767 1949 είπετν

981 1973 1093 2008 θνήσκει
1109 1971 1179 1999 κατὰ
1194 1971 1240 1998 τὸν
1256 1970 1499 2006 μυρμηκολέοντα,
1518 1969 1556 2006 μὴ
1571 1968 1675 2005 τροφὴν
1692 1967 1767 2003 εὑρί-

982 2028 1055 2047 σκων
1069 2018 1135 2054 παρ’
1148 2018 1227 2053 ἡμῶν
1241 2018 1288 2044 κα.)⁴
1302 2018 1468 2044 ἀνάπαυσιν.

1023 2065 1051 2093 ’0
1074 2065 1166 2101 μέντοι
1187 2064 1288 2099 ἐλέφας
1307 2063 1416 2090 πίπτων
1436 2062 1584 2097 ἐγερθῆναι
1604 2061 1635 2088 οὐ
1655 2061 1769 2088 δύναται

981 2112 1026 2138 διὰ
1037 2111 1067 2138 τὸ
1082 2112 1120 2146 μὴ
1132 2110 1203 2146 ἔχειν
1216 2109 1342 2145 ἁρμογὰς
1353 2109 1394 2140 είς
1405 2108 1468 2139 τοὺς
1484 2107 1564 2139 πόδας
1577 2107 1670 2134 αὑτοῦ.
1688 2105 1768 2133 Ἀλλὰ

982 2159 1029 2184 καὶ
1049 2156 1182 2192 μονοτόκα
1196 2155 1284 2182 ταῦτα
1298 2155 1330 2189 δὴ
1347 2154 1382 2181 τὰ
1399 2154 1513 2188 σώματα
1528 2153 1563 2180 τὰ
1583 2154 1700 2188 μέγιστα
1718 2152 1768 2186 φέ-

986 2213 1077 2240 ροντα.
1092 2203 1166 2230 Ἐδει
1183 2201 1232 2237 μὲν
1244 2201 1278 2228 δι’
1290 2200 1356 2228 αὐτὸ
1369 2200 1450 2226 τοῦτο
1464 2199 1601 2226 πολύτοκα
1617 2199 1718 2233 μᾶλλον
1732 2195 1771 2224 εῐ-

985 2260 1045 2284 ναι,
1066 2249 1200 2284 ιλέφαντα
1219 2248 1291 2282 λέγω
1307 2248 1355 2273 καὶ
1373 2246 1455 2273 ἵππον
1475 2247 1523 2272 καὶ
1541 2245 1664 2280 κάμηλον
1675 2252 1682 2259 ·
1701 2244 1771 2270 ἀλλὰ

984 2295 1183 2330 δαπανωμένης
1193 2294 1243 2329 τῆς
1255 2293 1358 2328 τροφῆς
1370 2293 1410 2323 είς
1421 2291 1471 2326 τὴν
1483 2290 1531 2317 τοῦ
1547 2290 1673 2325 σώματος
1686 2288 1770 2323 αὔξη-

985 2351 1028 2369 σιν
1048 2341 1150 2375 πλῆθος
1171 2339 1299 2374 ἐμϐρύων
1317 2338 1415 2373 θρέψαι
1436 2337 1466 2363 οὐ
1485 2335 1611 2363 δύναται.
1634 2335 1687 2361 Καὶ
1707 2334 1772 2368 περὶ

986 2389 1036 2424 μὲν
1048 2387 1150 2414 τούτων
1161 2385 1257 2416 οὕτως.
1271 2385 1340 2416 Τοὺς
1354 2384 1382 2411 δὲ
1394 2383 1518 2417 λαγωούς
1531 2389 1597 2415 φασι
1609 2381 1643 2407 τὰ
1658 2380 1707 2415 μὲν
1719 2379 1773 2424 τῶν

986 2423 1107 2468 ἐγγόνων
1127 2431 1231 2462 ὡδίναι,
1249 2429 1284 2456 τὰ
1303 2429 1333 2456 δὲ
1351 2428 1504 2459 τετοκέναι,
1524 2426 1584 2453 ἔνια
1605 2425 1633 2452 δὲ
1657 2423 1772 2459 ἡμιτελῆ

987 2479 1118 2515 φέρεσθαι
1137 2479 1171 2513 τῇ
1191 2475 1302 2510 γαστρί.
1323 2475 1360 2501 Τὸ
1379 2474 1408 2501 δὲ
1430 2473 1518 2500 αἴτιον
1537 2473 1579 2499 δτι
1599 2470 1773 2506 γονιμωτάτη

986 2525 1041 2552 τῶν
1055 2523 1170 2558 λαγωῶν
1186 2523 1203 2558 ἡ
1220 2521 1303 2556 φύσις
1320 2520 1490 2554 καθέστηκεν
1502 2526 1509 2533 ·
1527 2519 1578 2554 ὅρα
1595 2517 1650 2552 γὰρ
1666 2518 1708 2543 ὅτι
1725 2515 1774 2542 λα-

986 2570 1060 2606 γωοῦ
1084 2567 1168 2595 πιτύα
1188 2566 1300 2602 γυναικὶ
1318 2565 1496 2600 ιντεθειμένη
1516 2562 1612 2590 ᾶπαιδι
1635 2560 1775 2595 ἐγκύμονα

986 2616 1089 2651 ταύτην
1105 2615 1202 2641 θᾶττον
1216 2612 1338 2647 εποίησε,
1352 2610 1400 2638 καὶ
1415 2609 1499 2637 παῖδα
1511 2607 1665 2642 ὗπομάζιον
1680 2606 1776 2641 στείρᾳ.

988 2663 1142 2698 χαρίζεται.
1159 2661 1192 2688 'H
1206 2659 1297 2686 τοίνυν
1312 2657 1442 2692 σύλληψις
1459 2655 1510 2682 οὐκ
1529 2655 1602 2681 ἐστιν
1617 2655 1645 2680 te
1659 2653 1776 2686 λαγωοῖς

989 2707 1129 2744 ὡρισμένη
1138 2727 1146 2739 ,
1159 2706 1216 2734 ἀλλ’
1228 2706 1268 2732 ἑτι
1280 2702 1506 2738 κυοφορουμένων
1518 2700 1573 2728 τῶν
1585 2699 1705 2734 ἐγγόνων
1717 2699 1776 2724 ἑπι-

993 2755 1125 2790 σύλληψις
1140 2754 1232 2784 αὐτοῖς
1250 2751 1400 2786 ἐγγίνεται.
1416 2747 1521 2776 Οὐκοῦν
1537 2748 1555 2775 ὃ.
1573 2747 1623 2782 μὲν
1638 2746 1746 2773 τέτοκεν
1762 2744 1777 2770 ὀ

638 2819 788 2850 πίνοντες.
813 2816 850 2844 Ex
868 2816 924 2844 Fou

978 2815 1094 2844 rallcnsi
1111 2823 1118 2847 ;
1145 2819 1171 2843 et
1200 2821 1262 2842 mox
1283 2810 1471 2847 συνεχώρουν.
1488 2829 1496 2838 .
1516 2830 1521 2836 .
1538 2829 1545 2837 .
1572 2808 1706 2843 ἐλέφαντα
1743 2812 1777 2832 cx
