1944 3072
171 146 204 181 121
775 146 826 177 AN
832 144 935 176 NALll

1001 144 1098 174 PARS
1117 144 1141 175 ῐ.
1182 176 1185 179 .

1719 143 1770 175 122

169 203 247 238 λαγωὸς
257 203 312 230 τῶν
324 203 454 237 ἐγγόνων,
468 202 486 230 ἃ
499 202 528 230 δὲ
541 202 643 234 ὠδίνει,
657 201 675 230 ἃ
690 201 719 229 δὲ
734 201 850 237 ἡμιτελῆ
867 203 929 228 ἐπια

991 201 1124 237 ast-igitur
1151 201 1178 229 in
1208 202 1347 237 leporibus
1379 202 1523 238 conceptio
1557 206 1632 231 certo
1658 202 1770 231 deﬁnita

169 251 224 286 φέρει
234 251 262 285 τῇ
275 250 373 284 γαστρί
383 258 391 265 ·
405 249 490 276 ταῦτα
506 249 560 284 γὰρ
575 249 591 284 ή
609 248 788 284 ἑπισύλληψις
801 247 831 280 ἐξ
845 248 930 281 ἀνάγ-

169 305 207 330 in]:
221 297 293 322 ποιεῖ.
312 296 391 322 Κατά
406 294 484 322 τοῦτο
503 295 532 322 δὲ
553 295 608 329 καῖέ
620 294 758 326 δασύπους
778 294 792 320 ὁ
812 294 929 327 λαγωὸς.

168 342 221 370 καθά
232 349 310 376 φησιν
324 342 338 368 ὁ
354 341 561 377 Ἀριστοτέλης,
576 341 614 372 ὠς
628 341 737 376 πλήρης
753 340 931 375 περιττωμά-

168 397 208 414 των
216 387 246 413 ὢν
255 394 261 402 ·
275 387 292 421 ἡ
306 388 359 422 γὰρ
372 387 489 420 δασύτης
503 388 616 421 σημεῖον
627 386 746 420 πλήθους
760 385 932 421 περιττώμα-

168 442 209 465 τος.
220 433 294 460 Ὅθεν
311 435 357 460 καὶ
376 433 566 460 ἐπικυΐσκεται
583 432 662 459 τοῦτο
676 432 708 458 τὸ
724 432 803 464 ζῶον.
821 431 868 458 At?)
885 433 932 458 καὶ

167 479 207 506 τῶν
220 478 365 514 ἀνθρώπων
381 479 407 505 ot
422 479 514 509 δασεῖς
532 478 769 513 ἀφροδισιαστικοὶ
786 478 832 504 καὶ
844 477 931 506 ,πολύ-

168 533 265 561 σπερμοι
279 525 377 560 μᾶλλόν
389 525 441 551 εισι
454 526 507 552 τῶν
518 524 607 552 λείων.
619 524 674 551 Καὶ
685 519 760 550 οὗτοι
773 523 823 558 μὲν
833 522 931 554 οὕτως·

168 572 209 598 ὑδὲ
219 571 338 602 Δίλιανδς
351 570 500 606 παράδοξόν
513 579 539 597 τι
551 570 600 597 καὶ
612 570 672 597 λίαν
684 569 793 603 διέξεισι
809 569 872 604 περὶ
884 569 932 595 τοῦ

167 617 252 650 λαγωοῦ
263 624 270 631 ·
283 616 314 642 τὸ
327 617 382 652 γὰρ
394 618 426 643 ὲκ
437 616 532 643 τούτου
546 616 714 652 γεννώμενον
727 616 846 651 ἔμϐρυον
858 615 933 646 ἐντὸς

167 662 271 698 ἐπιφέρει
290 662 385 696 ἕτερον
403 661 532 697 ἔμϐρυον.
551 662 689 694 Ὡσαύτως
709 662 819 696 λέγουσι
839 662 884 688 τόν
903 669 932 687 τε

166 708 252 742 λαγωὸν
267 709 313 735 καὶ
326 708 374 743 τὴν
390 708 486 734 ὕαιναν
501 708 686 743 segmento»;
698 707 832 742 γίνεσθαι.
852 707 933 734 ’Δλλὰ

166 755 203 782 καὶ
213 755 291 786 δειλὸς
304 756 318 781 ὁ
331 754 446 788 λαγωός.
460 753 536 785 Τίνος
551 753 660 787 ἕνεκεν;
674 754 716 780 ὅτι
731 753 863 789 μεγίστην
876 753 932 788 ἔχει

165 800 270 835 καρδίαν,
279 799 374 835 ὥσπερ
381 799 413 834 δὴ
420 799 528 834 ἔλαφος,
539 800 601 835 μῦς,
612 798 703 832 ὕαινα,
711 799 782 832 ὄνος,
789 798 932 834 πάρδαλις,

165 847 231 881 γαλῆ,
243 845 290 873 καὶ
303 845 397 877 ἅπλῶς
408 845 489 872 πάνθ’
501 846 552 872 ὅσα
567 845 691 880 φανερῶς
703 846 757 872 είσι
770 845 845 872 δειλὰ
859 845 875 881 ἤ
889 846 933 872 διὰ

163 892 231 927 φόϐον
245 892 397 928 κακοῦργα.
413 892 559 926 Μεγίστων
575 893 628 927 γὰρ
644 893 674 919 ὲν
689 892 779 923 αὐτοῖς
793 892 848 919 τῶν
864 900 932 926 καρ-

161 937 216 964 διῶν
228 938 313 965 οὐσῶν
328 938 463 973 διακέεται
479 939 509 965 τὸ
527 938 583 973 πῦρ
600 939 647 965 καὶ
663 938 693 965 οὐ
712 938 855 973 συνῆκται.
874 938 931 972 Ἐφ’

960 268 964 270 -
983 252 1118 282 tempore,
1131 248 1179 276 sed
1190 248 1254 275 dum
1278 249 1367 276 adhuc
1379 254 1485 276 uterum
1516 253 1622 283 gerunt,
1644 249 1727 277 altera
1742 250 1772 277 fit

982 301 1091 321 rursum
1111 294 1266 328 conceptio.
1281 294 1339 327 Qua
1364 295 1397 322 de
1409 302 1493 322 causa
1512 295 1599 330 lepus.
1619 300 1649 322 ut
1668 296 1771 323 dictum

982 344 1034 378 est,
1055 339 1123 367 alios
1144 340 1254 374 quidem
1279 341 1350 368 fctus
1375 341 1429 375 jam
1457 341 1554 373 edidit,
1579 342 1647 371 alios
1676 348 1772 378 partu~

983 386 1079 413 riendo
1101 387 1216 420 profert,
1242 387 1311 415 alios
1342 393 1418 415 utero
1441 392 1528 422 gestat
1553 388 1769 423 semiperfectos,

983 432 1050 460 Nam
1069 432 1096 460 id
1112 433 1265 460 necessario
1285 434 1502 467 conceptionem,
1523 441 1583 468 qua:
1598 435 1649 462 alia
1668 435 1698 462 fit
1709 443 1771 463 mox

984 481 1045 512 post
1069 477 1161 510 aliam,
1184 478 1318 513 sequitur.
1346 478 1450 505 Idcirco
1475 479 1552 514 lepus
1579 480 1659 507 etiam
1689 481 1773 516 pedes

984 523 1106 551 hirsutos
1119 524 1211 557 habet,
1234 525 1464 559 quemadmodum
1491 525 1653 553 Aristoteles
1673 527 1719 559 ait,
1745 531 1774 554 ut

985 570 1033 605 qui
1054 569 1185 604 superﬂui
1217 569 1252 597 sit
1282 570 1404 596 humoris
1429 570 1525 604 plenus
1539 579 1545 596 :
1559 578 1621 598 nam
1644 571 1775 599 hirsuties

985 618 1060 644 istaec
1078 617 1196 651 ingentis
1210 616 1407 651 superﬂuitatis
1420 621 1462 643 est
1474 622 1678 652 argumentum.
1705 618 1775 645 Hinc

985 663 1112 690 animalis
1126 663 1207 697 hujus
1222 662 1410 697 superfclalio.
1431 663 1532 690 Eadem
1549 665 1583 690 de
1614 671 1695 691 causa
1721 664 1777 700 54

986 709 1015 736 ﬁt
1033 715 1062 736 ut
1083 709 1208 736 homines
1224 709 1321 736 hirsuti
1343 713 1456 736 ceteros
1468 709 1590 736 laeviores
1607 714 1662 736 tum
1677 718 1777 737 venere

986 759 1042 781 tum
1058 753 1171 781 seminis
1195 753 1273 788 copia
1300 758 1441 788 superent.
1461 754 1495 780 Et
1515 753 1572 781 haec
1603 754 1712 789 quidem
1742 755 1776 782 ab

986 800 1027 827 his
1038 799 1136 826 tradita
1148 805 1222 826 sunt.
1257 798 1392 826 Caeterum
1422 798 1547 826 Elianus
1564 799 1655 827 valde.
1675 807 1776 827 novum

986 851 1012 873 et
1026 845 1188 873 inusitatum
1215 845 1345 880 quiddam
1379 845 1412 872 de
1439 845 1532 879 lepore
1555 849 1776 872 commemorat:

986 899 1047 919 nam
1063 891 1108 926 qui
1118 899 1152 919 ex
1178 891 1345 919 eonascitur
1362 890 1441 924 fetus,
1463 898 1526 918 eum
1554 890 1622 917 dicit
1653 891 1723 917 intra
1748 898 1778 918 se

982 939 1068 966 fetum
1086 938 1168 965 alium
1194 945 1300 973 gerere.
1316 937 1412 964 Itidem
1430 937 1507 964 aiunt
1527 937 1648 971 leporem
1662 940 1689 963 et
1706 937 1777 971 hym-

161 981 179 1017 ᾧ
191 983 232 1010 καὶ
245 985 374 1020 τυγχάνει
389 985 474 1012 δειλά.
491 985 531 1012 Τὰ
547 985 638 1019 μέντοι
654 985 756 1020 μικρὰν
771 984 868 1019 ἔχοντα
882 984 933 1019 τὴν

991 993 1045 1012 tam
1061 985 1173 1012 alternis
1195 985 1299 1012 vicibus
1324 989 1378 1011 tam
1419 991 1522 1011 marem
1544 990 1625 1018 quam
1649 981 1777 1009 feminam

160 1029 260 1064 καρδίαν
276 1031 445 1065 συνηγμένον
461 1030 492 1062 ὲξ
509 1030 632 1064 ἀνάγκης
647 1030 678 1056 τὺ
697 1030 818 1064 ἔμφυτον
835 1029 933 1064 ἔχοντα

991 1030 1273 1058 tsse.Formidolosus
1296 1030 1379 1058 etiam
1405 1030 1484 1064 lepus
1497 1033 1549 1057 est.
1575 1028 1779 1061 Quamobrem?

160 1075 226 1110 πῦρ·
248 1072 324 1110 hrrida
347 1076 393 1102 καὶ
417 1075 484 1110 πρὸς
508 1075 599 1111 μάχην
622 1075 740 1111 ὑπάρχει
764 1076 799 1102 τὰ
822 1075 934 1102 τοιαῦτα

991 1077 1052 1110 Quia
1064 1084 1112 1104 cor
1124 1078 1271 1104 maximum
1293 1077 1384 1109 habet,
1399 1076 1467 1104 sicut
1492 1081 1521 1103 et
1535 1083 1634 1103 cervus
1663 1080 1691 1102 et
1717 1081 1779 1102 mus

160 1122 302 1158 δξύῤῥοπα-
987 1128 1015 1150 et
1031 1124 1133 1159 hyaenae
1165 1127 1193 1150 et
1207 1123 1301 1150 asinus
1316 1127 1344 1150 et
1356 1123 1476 1158 pardalis
1488 1127 1515 1150 et
1528 1123 1654 1154 mustela,
1667 1127 1694 1149 et
1712 1121 1779 1148 sim-

158 1167 255 1202 pliciter
268 1168 359 1196 omnia
395 1175 565 1203 quaacunque
584 1168 672 1203 palam
701 1167 799 1196 timida
823 1172 887 1196 sunt.
907 1169 949 1196 vel
968 1169 1004 1197 ob
1024 1175 1126 1197 metum
1157 1171 1250 1197 noxia.
1265 1169 1333 1197 Nam
1348 1177 1410 1197 cum
1431 1169 1513 1197 corda
1527 1169 1581 1196 sint
1604 1169 1631 1196 in
1657 1168 1696 1195 eis
1715 1175 1779 1202 per-

159 1213 250 1248 ampla,
261 1214 334 1241 calor
347 1213 518 1245 diﬂunditur,
547 1221 600 1240 non
630 1214 785 1249 colligitur;
815 1214 930 1249 ideoque
951 1214 1127 1242 formidolosa
1140 1220 1215 1242 sunt.
1245 1214 1311 1248 Quae
1342 1223 1407 1243 vero
1425 1223 1473 1242 cor
1500 1215 1629 1250 exiguum
1664 1214 1778 1246 habent,

159 1261 182 1287 in
204 1260 241 1287 eis
251 1260 333 1287 etiam
351 1260 506 1288 necessario
520 1260 652 1288 collectus
667 1264 710 1287 est
740 1260 810 1296 ignis
841 1261 885 1288 ille
900 1262 1009 1288 nativus
1041 1265 1069 1287 et
1087 1262 1205 1294 insitus;
1219 1262 1335 1296 ideoque
1359 1266 1423 1288 sunt
1440 1261 1472 1288 ad
1490 1261 1668 1296 pugnandum
1683 1267 1779 1294 prona.

158 1307 236 1334 Debes
249 1307 299 1334 hoc
311 1307 391 1334 etiam
403 1306 484 1339 scire,
501 1311 585 1334 totum
607 1306 749 1334 biennium
776 1307 936 1342 elephantos
958 1312 1066 1335 uterum
1094 1315 1198 1344 gerere.
1216 1308 1275 1341 Qua
1295 1308 1329 1335 de
1361 1307 1464 1335 causa?
1491 1307 1556 1342 quia
1583 1306 1678 1334 fetura:
1693 1307 1780 1342 majo-

155 1361 196 1381 res
214 1359 333 1388 tempore
348 1353 461 1387 longiori
473 1353 506 1380 ad
522 1352 717 1387 perfectionem
735 1359 827 1388 egent.

187 1401 305 1428 Γίνωσκε
327 1401 355 1427 δὲ
371 1401 418 1427 καὶ
434 1399 524 1433 τοῦτο,
541 1400 582 1426 ὅτι
603 1400 695 1434 διετὴς
720 1401 734 1426 6
749 1399 803 1426 τῶν
823 1399 938 1434 ἐλεφάν-

153 1457 206 1474 των
223 1447 312 1478 τόκος.
328 1447 407 1478 Τίνος
421 1446 534 1479 ἓνεκεν;
559 1446 601 1472 ὅτι
615 1446 650 1472 τὰ
673 1446 784 1480 μείζονα
808 1446 939 1480 κυήματα

154 1493 274 1524 πλείονος
292 1493 388 1528 χρόνου
401 1492 487 1518 δεῖται
512 1491 580 1527 πρὸς
594 1492 735 1518 τελείωσιν
748 1499 756 1507 ·
772 1493 806 1518 τὰ
821 1493 871 1526 μὲν
885 1492 940 1526 γὰρ

152 1538 303 1573 δεκάμηνα,
329 1537 364 1564 τά
392 1537 421 1564 δὲ
448 1537 574 1565 ἐνιαύσια
605 1537 732 1572 καθάπερ
760 1537 808 1563 ἐπὶ
841 1537 939 1566 ἵππου.

153 1585 231 1612 Κατά
243 1584 322 1610 τοῦτο
343 1584 432 1612 τοίνυν
445 1583 622 1618 πολυχρόνιός
640 1583 698 1609 ἐστι
721 1583 767 1610 καὶ
782 1583 796 1609 ὸ
810 1583 865 1609 τῶν
882 1583 940 1609 ἑλε-

1025 1392 1092 1426 Alia:
1108 1397 1203 1426 decem
1219 1398 1359 1426 mensibus
1375 1398 1568 1432 absolvuntur,
1585 1400 1644 1427 alia:
1661 1405 1717 1427 toto
1733 1400 1780 1428 de-

988 1452 1062 1471 mum
1078 1452 1160 1477 anno,
1174 1449 1204 1472 ut
1216 1445 1242 1471 in
1263 1453 1335 1480 equo
1349 1445 1474 1472 videmus
1493 1446 1649 1473 usuvenire.
1667 1446 1713 1473 Sic
1730 1447 1781 1480 igi-

990 1495 1034 1516 tur
1071 1491 1154 1518 etiam
1186 1491 1395 1526 elephantorum
1425 1496 1520 1527 partus
1545 1491 1702 1520 diuturnior
1725 1497 1778 1525 est,

990 1542 1097 1564 uterum
1113 1537 1225 1564 biennio
1237 1538 1404 1573 gestantium
1426 1539 1462 1566 ob
1478 1538 1690 1574 magnitudinem
1707 1538 1780 1566 fetus

990 1584 1114 1616 nimiam,
1130 1584 1379 1612 sicutAristoleles
1395 1585 1526 1620 loquitur.

152 1634 262 1667 φάντων
281 1632 370 1665 τόκος.
386 1631 481 1667 Διετὴς
499 1633 554 1669 γὰρ
569 1633 586 1667 ἡ
611 1631 707 1668 κύησις
723 1631 814 1659 αὐτῶν
845 1631 891 1658 διὰ
923 1631 972 1667 τὴν
993 1632 1146 1668 ὑπερὸολὴν
1180 1632 1227 1660 τοῦ
1257 1634 1409 1668 μεγέθους,
1435 1634 1473 1666 ὡς
1505 1634 1698 1671 Ἀριστοτέλης
1729 1643 1781 1670 φη-

151 1681 204 1708 σίν.

191 1726 225 1753 Ἡ
235 1726 334 1760 ἔλαφος
342 1725 517 1752 ἀωῦαλοῦσα
526 1725 558 1752 τὰ
567 1726 672 1761 κέρατα
681 1725 843 1760 κρύπτεται,
852 1726 935 1752 αἰδου-

1026 1726 1159 1754 Caeterum
1175 1727 1221 1754 ubi
1239 1734 1341 1754 cornua
1360 1735 1457 1754 cervus
1471 1727 1583 1763 abjecit.
1601 1731 1688 1755 semet
1699 1735 1782 1755 occu-

151 1773 223 1808 μὲνη
243 1773 340 1807 ὥσπερ
358 1772 402 1799 διὰ
423 1772 471 1807 τὴν
494 1772 606 1800 ἐκείνων
630 1772 783 1806 γύμνωσιν.
800 1772 885 1798 Ἐπὰν
909 1771 938 1799 δὲ

149 1819 240 1846 ταῦτα
250 1820 290 1850 εἰς
306 1818 421 1853 αὔξησιν
438 1818 514 1854 ἔλθῃ,
538 1818 760 1854 παρρησιάζεται
774 1818 856 1844 πάλιν
867 1818 939 1844 καθά

149 1867 200 1893 καὶ
217 1866 361 1900 πρότερον.
381 1864 459 1891 Οὕτω
470 1865 516 1891 καὶ
535 1864 549 1890 ὁ
565 1865 669 1896 δίκαιος
683 1864 834 1899 ἐκτραπεὶς
849 1865 940 1891 ὁπωσ-

146 1912 255 1947 δήποτε
275 1911 323 1938 τοῦ
347 1910 518 1945 καθήκοντος
534 1911 581 1937 καὶ
595 1911 650 1937 τῶν
664 1910 770 1945 ἀρετῶν
785 1910 939 1945 γυμνωθεὶς

145 1959 306 1993 κρύπτεται
333 1957 385 1984 ἀπὸ
404 1956 483 1990 Θεοῦ,
505 1956 631 1991 καθάπερ
656 1956 722 1983 ποτὲ
744 1956 831 1991 ’Δδὰμ
853 1958 882 1983 ὲν
901 1955 940 1991 τῷ

146 2003 316 2040 παραδείσῳ
340 2003 485 2036 πέπονθεν,
511 2003 593 2038 ἡνίκα
622 2003 726 2037 γυμνὸν
751 2003 846 2030 ἑαυτὸν
867 2004 940 2038 ἐώρα

141 2051 192 2077 διὰ
208 2051 262 2085 τὴν
277 2048 446 2084 παράϐασιν.
465 2049 550 2076 Ἐπάν
562 2049 592 2076 δὲ
603 2050 810 2085 ἀγωνισάμενος
826 2050 941 2085 διορθώ-

141 2105 232 2131 σηται
250 2096 297 2122 καὶ
311 2096 360 2126 τὰς
382 2095 483 2130 ἀρετὰς
505 2096 705 2131 ὶπαυξηοείσας
721 2096 865 2131 θεάσηται,
880 2097 941 2123 τότε

138 2145 177 2180 δὴ
196 2144 269 2179 πρὸς
296 2143 363 2170 Θεὸν
379 2143 547 2178 ἐπανάγεται
564 2146 613 2172 καὶ
642 2145 796 2181 παρρησίας
812 2145 861 2179 τῆς
876 2146 941 2180 πρὶν

138 2191 269 2226 μέτοχος
283 2190 432 2217 δείκνυται.
449 2191 503 2217 Καὶ
516 2190 594 2218 τοῦτο
613 2191 702 2226 δηλῶν
715 2192 729 2217 ὁ
746 2191 828 2217 Δαῦὶό
844 2191 920 2225 ἔλεγε
932 2199 939 2206 ·

139 2246 150 2262 ε
176 2237 252 2263 Τότε
273 2237 304 2263 οὐ
327 2236 365 2271 μὴ
388 2236 524 2272 αἰσχυνθῶ
546 2238 575 2263 ἐν
594 2237 637 2273 τῷ.
652 2245 687 2272 με
710 2237 871 2264 ἐπιϐλέπειν
895 2237 942 2263 ἐπὶ

132 2282 242 2312 πάσας
257 2284 306 2313 τὰς
323 2282 433 2313 ἐντολάς
447 2290 505 2309 σου.
525 2290 534 2307 ι
554 2282 607 2308 Καὶ
621 2278 694 2309 οὗτοι
710 2282 761 2318 μὲν
772 2282 871 2315 οὕτως,
883 2282 942 2308 ἓτε-

134 2336 184 2362 ροι
203 2327 236 2354 δέ
259 2335 340 2361 φασιν
360 2327 398 2359 ὡς
412 2326 442 2352 οὐ
455 2327 505 2362 τὴν
521 2327 658 2362 ἀποϐολὴν
674 2328 701 2354 at
714 2327 807 2362 ἔλαφοι
821 2329 876 2355 τῶν
894 2335 938 2354 κε-

131 2374 242 2408 ράτων
263 2373 456 2408 αίσχυνόμεναι
470 2373 519 2405 τὰς
536 2373 660 2407 συνήθεις
674 2374 870 2409 δραπετεύουσι
882 2375 940 2402 δια-

994 1773 1023 1800 lit
1039 1774 1143 1808 pudore
1157 1775 1233 1808 quasi
1252 1774 1370 1808 quodam
1387 1774 1511 1806 ail'cclus,
1535 1774 1607 1810 quod
1633 1774 1666 1801 iis
1680 1775 1715 1802 sit
1733 1774 1781 1802 de—

993 1820 1122 1847 nudatus.
1151 1820 1218 1847 Cum
1234 1825 1324 1847 autem
1342 1821 1385 1847 illa
1405 1828 1511 1848 rursum
1527 1828 1673 1856 augescere
1688 1828 1782 1855 cmpe-

993 1871 1069 1899 runt,
1095 1867 1218 1895 vicissim
1243 1868 1354 1894 liberius
1373 1868 1487 1902 pristino
1505 1876 1578 1895 more
1596 1867 1695 1904 prodit.
1723 1868 1781 1895 Hoc

991 1904 1059 1947 justi
1077 1913 1197 1940 hominis
1217 1917 1258 1940 est
1278 1913 1464 1940 simulacrum.
1481 1913 1548 1940 Nam
1565 1921 1626 1940 curn
1639 1914 1661 1941 is
1672 1913 1706 1940 ab
1722 1912 1781 1939 oﬂi-

993 1959 1036 1986 cio
1049 1966 1211 1994 quocunque
1228 1959 1336 1985 tondent
1355 1959 1434 1986 modo
1451 1958 1561 1985 deﬂexit
1580 1964 1609 1986 et
1632 1960 1782 1988 virtutibus

994 2007 1115 2033 nudatus
1129 2011 1181 2036 est.
1205 2013 1218 2032 a
1239 2005 1293 2032 Deo
1311 2009 1399 2032 semet
1413 2005 1558 2032 abscondit
1579 2006 1675 2033 Adami
1689 2014 1783 2034 exem-

994 2053 1050 2089 plo,
1067 2053 1109 2080 cui
1126 2052 1189 2086 quid
1207 2052 1342 2088 ejusmodi
1358 2053 1458 2080 accidit
1471 2053 1497 2079 in
1515 2053 1655 2088 paradiso,
1672 2062 1733 2081 cum
1747 2055 1784 2081 ob

996 2100 1241 2134 transgressionem
1264 2106 1294 2126 se
1307 2099 1411 2126 nudum
1432 2106 1493 2126 esse
1511 2100 1694 2134 conspiceret.
1728 2099 1781 2127 Vc-

996 2154 1057 2173 rum
1075 2146 1119 2173 ubi
1137 2145 1235 2173 deinde
1247 2145 1383 2180 susceptis
1397 2144 1595 2172 certaminibus
1611 2145 1712 2173 rectius
1724 2153 1783 2173 sese

997 2193 1066 2229 gerit
1078 2200 1109 2220 ac
1122 2192 1236 2219 virtutes
1246 2192 1366 2219 crevisse
1376 2191 1461 2224 videt,
1472 2196 1529 2218 tum
1539 2192 1685 2220 scilicetad
1698 2192 1781 2224 Deum

998 2238 1145 2265 revertitur
1159 2241 1186 2264 et
1200 2237 1321 2272 pristinae
1334 2244 1363 2264 se
1377 2237 1510 2264 libertatis
1523 2237 1680 2273 participem
1694 2237 1784 2265 decla-

997 2286 1050 2310 rat.
1084 2281 1141 2309 lloc
1157 2281 1271 2309 Davides
1292 2281 1413 2308 indicare
1429 2281 1524 2308 volens
1540 2281 1593 2308 ait:
1616 2280 1707 2309 t'l‘unc
1728 2289 1783 2309 non

995 2329 1143 2365 pudeliam,
1164 2332 1263 2355 cuncta
1284 2332 1327 2354 tua
1348 2330 1482 2362 praecepta
1502 2326 1612 2354 intuens
1623 2325 1669 2353 ⁸³³.
1686 2335 1695 2352 ι
1719 2325 1782 2354 Haec

997 2384 1012 2403 a
1036 2375 1198 2410 quibusdam
1222 2374 1321 2401 tradita
1351 2379 1425 2401 sunt.
1456 2373 1591 2401 Caeterum
1618 2373 1664 2401 alii
1691 2373 1784 2401 dicunt

127 2420 263 2454 τριϐὰς,
288 2419 346 2446 ἀλλ’
366 2419 471 2445 ἑαυτῶν
494 2420 611 2454 μάλιστα
635 2419 844 2455 προνοούμεναι.
864 2422 932 2449 Ἐστ

998 2428 1094 2449 cervos
1118 2428 1172 2448 non
1196 2425 1305 2455 propter
1326 2420 1509 2455 abjt-ctiouem
1530 2427 1663 2447 cornuum
1679 2420 1784 2455 pudore

128 2465 198 2500 γὰρ
218 2465 352 2500 αἴσθησις
364 2465 412 2491 καὶ
426 2465 455 2490 ἐν
470 2465 527 2496 τοῖς
542 2464 651 2499 ἀλόγοις
667 2464 758 2498 ζώοις,
775 2466 837 2492 καθ’
849 2467 881 2502 ἢν
893 2467 943 2501 τῆς

126 2511 258 2541 οἰκείας
281 2510 418 2546 σωτηρίας
434 2510 604 2545 ἀπειλήφασι
620 2513 670 2545 τὴν
692 2511 849 2545 διάγνωσιν.
865 2511 942 2539 Οἶδεν

125 2558 147 2591 ὴ
189 2555 292 2592 σηπία
304 2557 352 2591 τῆς
368 2557 466 2591 ἀχλύος
496 2556 527 2582 τὸ
550 2556 680 2592 σόφισμα,
712 2557 758 2584 καί
779 2566 830 2584 που
858 2558 943 2593 θηρα-

994 2468 1108 2496 aﬂectos
1124 2467 1157 2494 de
1173 2466 1240 2494 locis
1257 2467 1397 2494 consuetis
1411 2466 1542 2501 aufugere
1556 2486 1564 2498 ,
1592 2467 1639 2494 sed
1653 2467 1703 2494 hoc
1725 2467 1784 2501 ipso

994 2515 1110 2542 maxima
1132 2513 1306 2549 providentia
1339 2512 1390 2540 sibi
1418 2514 1585 2548 prospicere.
1621 2513 1686 2541 Nam
1713 2513 1784 2540 inest

993 2561 1076 2588 etiam
1092 2559 1180 2586 brutis
1195 2558 1382 2586 animantibus
1397 2565 1495 2585 sensus
1520 2558 1643 2592 quidam,
1672 2559 1706 2585 de
1729 2565 1783 2592 quo

122 2604 201 2634 ταῖς
239 2603 376 2638 ἁορασίαν
405 2603 493 2638 ἄγρας
513 2603 642 2634 πολλάκις
675 2604 815 2640 ἐνέθηκεν.
831 2603 892 2632 Οἵδε
911 2606 945 2632 ἰὰ

121 2650 329 2686 γαμψώνυχα
347 2651 396 2684 τὴν
416 2650 458 2676 διὰ
477 2650 531 2677 τῶν
541 2650 644 2685 ὀνύχων
666 2652 747 2686 ἀκήν,
765 2649 841 2678 Οἶδεν
864 2653 877 2679 ὁ
894 2651 943 2678 λα-

120 2698 218 2731 γωδς
233 2697 283 2723 διὰ
297 2695 343 2723 τοῦ
355 2697 455 2732 δρόμον
468 2697 515 2723 καὶ
530 2698 579 2732 τῆς
592 2698 647 2724 τῶν
658 2697 746 2724 ποδῶν
757 2698 886 2734 ὀξύτητος
897 2708 946 2726 κυ-

118 2742 280 2777 νηγετῶν
295 2742 440 2774 ἐπιϐουλὰς
465 2743 690 2778 ἀποπέμπεσθαι.
709 2743 786 2770 Οἶδεν
806 2746 822 2779 ἡ
845 2745 943 2780 ἔλαφος

116 2789 367 2824 ἀποκειραμένη
387 2790 420 2815 τὰ
446 2790 549 2824 κέρατα
574 2790 773 2825 ἀσθενεστέραν
788 2791 837 2826 τὴν
863 2791 943 2826 φύσιν

993 2613 1048 2634 sua:
1057 2606 1152 2633 salutis
1163 2605 1347 2640 cognitionem
1361 2605 1501 2632 hauriunt.
1520 2604 1601 2632 Novit
1610 2604 1684 2639 sepia
1696 2608 1784 2630 semet

994 2653 1159 2681 obscurandi
1172 2651 1330 2684 artificium,
1341 2659 1373 2679 ac
1387 2659 1459 2686 swpe
1477 2659 1516 2679 src
1533 2651 1713 2685 piscatoribus
1730 2650 1781 2676 itit-

995 2699 1074 2735 ponit
1090 2703 1119 2726 ut
1139 2698 1256 2733 amplius
1271 2703 1378 2733 captam
1394 2698 1429 2725 ab
1443 2705 1472 2725 se
1488 2697 1606 2732 pra-dant
1622 2695 1781 2730 COIISIIlt‘el’t}

996 2749 1144 2780 nequeant.
1172 2745 1277 2771 Norunt
1291 2752 1321 2772 ea
1339 2744 1439 2778 quibus
1457 2743 1558 2770 auun-‘i
1581 2746 1645 2769 sunt
1665 2749 1780 2776 ungues.

995 2795 1028 2820 ad
1054 2791 1119 2826 quid
1144 2797 1238 2818 eorum
1268 2798 1371 2826 ungues
1396 2793 1526 2825 prodesse
1553 2788 1668 2825 possint.
1699 2789 1780 2817 Num

162 2865 213 2882 ⁸³⁵
237 2865 312 2893 l‘sal.
331 2874 423 2901 ενι-ιιι,
441 2868 467 2894 ὓ.
