1944 3072
164 153 214 186 1Ξ3

792 149 818 178 Μ
827 148 1002 178 [CHAELIS
1021 147 1151 179 δι,Υοίὲ

1730 147 1778 178 liii

163 209 241 244 lepus
255 214 336 235 cursu
361 206 515 241 pedumque
541 205 682 234 celeritate
706 211 865 231 venatorum
882 203 949 230 insi-

1021 203 1153 238 μύνεσθαι
1178 199 1239 235 τοὺς
1256 203 1425 239 λυπήσοντας
1437 210 1445 219 '
1463 203 1561 230 οὐκοῦν
1574 203 1780 237 ἀποκρινπτετει

164 255 222 281 dias
237 254 330 282 vitare.
350 252 395 280 Sic
410 253 490 280 etiam
509 260 588 280 cerva
601 251 677 278 novit
690 250 799 278 amissis
812 250 944 277 cornibus
965 261 972 269 -

164 305 289 327 naturam
305 300 464 327 debiliorem
491 298 560 326 tueri
578 305 608 325 se
633 302 729 325 contra
750 296 878 324 laedentes
894 295 946 331 55

164 345 237 372 itaud
255 353 355 380 posse;
391 348 559 380 quapropter
585 343 659 370 abdit
677 350 717 375 se,
747 342 835 368 instar
854 341 947 368 militis

165 391 307 425 cujusdam
323 390 448 423 inermis,
463 389 508 424 qui
521 389 592 416 hosti
608 396 636 416 se
650 388 769 423 obiicere
785 395 838 414 non
854 387 946 415 audet.

166 437 303 463 Caeterum
317 436 391 463 solus
407 443 508 463 cervus
525 434 651 462 utilitatis
671 441 727 460 sum
740 440 821 460 causa
838 432 949 467 deponit

1000 246 1044 276 οἷά
1058 257 1100 280 τις
1115 249 1168 275 τῶν
1184 250 1357 283 στρατιωτῶν
1372 249 1486 280 ἄνοπλος
1500 248 1594 280 δεδιὼς
1610 249 1781 283 παρατάττε-

1000 295 1072 322 σθαι.
1089 295 1165 330 Μόνη
1179 295 1208 323 δὲ
1222 296 1237 330 ἡ
1253 295 1351 330 ἔλαφος
1365 295 1548 322 ἀποόάλλεται
1563 295 1597 321 τὰ
1615 294 1718 329 κέρατα
1732 295 1781 329 χὰ-

1001 349 1044 375 ριν
1059 341 1202 375 ὠφελείας.
1216 341 1253 373 ὡς
1273 341 1463 376 Ἀριστοτέλης
1477 342 1561 375 φησί’
1586 340 1667 375 βάρος
1684 341 1737 375 γὰρ
1753 340 1782 372 ἐξ

999 387 1123 422 ἀνάγκης
1145 387 1314 422 κουφίζεται,
1331 387 1398 414 διότι
1413 387 1460 414 καὶ
1473 387 1558 413 ναστὰ
1570 387 1656 413 ταῦτα
1673 387 1707 414 δι’
1720 387 1783 414 ὅλου

1000 433 1137 467 τυγχάνει.
1159 433 1220 459 Τῶν
1249 432 1273 459 δ’
1303 433 1391 460 ἄλλων
1418 435 1453 459 τὰ
1476 433 1578 475 κέρατα
1603 435 1685 468 μέχρι
1711 433 1785 464 τινος

166 487 281 512 cornua,
309 479 536 514 quemadmodam
562 478 723 506 Aristoteles
745 477 844 511 inquit.
881 476 947 504 Nam

1021 477 1092 509 οἰλα,
1111 478 1145 504 τὰ
1159 477 1181 504 δ’
1196 477 1269 513 ἄκρα
1286 477 1384 514 στερεὰ
1397 477 1443 505 διὰ
1462 478 1492 504 τὸ
1508 479 1568 510 ταῖς
1581 478 1700 513 πληγαῖς
1717 486 1785 513 χρη-

167 532 251 552 onere
278 526 352 560 gravi
379 525 535 552 necessario
561 531 590 551 se
617 524 698 556 levat,
719 523 826 558 quando
846 530 948 550 cornua
1003 523 1135 558 σιμεύειν.

167 581 308 600 cervorum
344 580 455 608 prorsus
488 580 572 600 vacua
609 580 664 599 non
692 571 779 606 sunt.f
793 571 958 599 Cteterorum
977 571 1085 606 quidem
1118 572 1276 600 animalium
1297 581 1400 600 cornua
1417 577 1480 600 sunt
1502 572 1678 608 aliquousquc
1708 578 1786 604 cava,

169 625 230 645 cum
246 622 375 646 extremae
390 623 480 653 partes
495 618 628 646 exsistant
640 617 742 649 solida,
756 617 855 652 quibus
870 617 976 644 scilicet
996 617 1065 645 ictus
1081 619 1229 653 excipiunt.

205 663 262 690 Hoc
275 671 383 698 quoque
396 663 562 698 cognoscito,
579 663 638 698 ejus
654 663 782 690 aromatis
795 662 866 698 quod
896 670 956 689 mu-

1041 663 1162 690 Γίνωσκε
1178 664 1205 691 δὲ
1227 664 1315 697 τοῦτο,
1332 665 1373 692 ὅτι
1391 665 1552 700 γεννήτορες
1576 664 1622 691 τοῦ
1642 664 1788 699 ἁρώματος

171 717 249 737 seum
259 709 386 741 dicimus,
396 714 519 736 auctores
530 716 589 737 esse
597 716 692 736 cervos
705 709 764 736 illos
775 709 821 744 qui
834 712 954 735 montem

1021 709 1107 744 ,όσχου
1135 710 1160 736 οι
1185 711 1214 736 ἐν
1232 711 1312 744 Ἰνδίᾳ
1329 712 1473 745 νεμόμενοι
1497 710 1600 745 ἔλαφοι.
1623 710 1708 738 Οὐδὲν
1733 710 1788 744 γὰρ

171 754 255 781 Indiae
267 753 412 789 quemdam
432 753 565 781 incolunt.
597 753 663 780 Nam
679 753 884 781 celeberrimum
901 753 954 780 hoc

1021 755 1097 789 τερόν
1118 756 1175 782 last
1198 756 1228 782 τὸ
1241 756 1461 792 πολυθρύλλητον
1477 757 1556 783 τοῦτο
1571 757 1670 792 ἀρωμα
1683 756 1700 790 ἢ
1719 754 1788 789 αἷμα

171 806 266 826 aroma
282 798 349 825 nihil
364 803 406 825 est
424 798 497 825 aliud
513 806 593 833 quam
608 805 752 826 cervorum
769 798 889 834 sanguis,
907 798 953 832 qui

1021 799 1102 834 λάφου
1114 801 1362 836 ἐσπαργανωμένον
1381 803 1410 828 ὲν
1423 802 1461 836 τῷ
1473 801 1588 837 ὀμφαλῷ
1598 810 1605 817 ·
1621 803 1685 836 περὶ
1697 802 1790 835 μέντοι

171 845 205 873 de
222 844 350 872 umbilico
375 849 456 879 rupto
469 844 606 879 proﬂuxit.
636 843 715 872 Hunc
730 844 767 871 illi
782 844 912 872 extremis
927 844 954 871 in

1024 846 1040 871 dt
1061 846 1125 882 τέλη
1140 846 1187 873 τοῦ
1206 847 1287 882 ἔαρος
1307 848 1431 883 ρίπτεται
1454 847 1549 883 ὥσπερ
1567 856 1594 874 τι
1616 848 1786 882 περίττωμα.

170 891 295 925 partibus
303 890 402 917 montis
419 890 546 925 rejiciunt
558 890 634 925 quasi
647 889 781 925 quoddam
795 897 955 917 excremen-

1021 891 1111 922 Ζὺῶδες
1131 891 1208 918 οὐδέν
1227 901 1254 918 τι
1282 892 1366 927 μέρος
1391 893 1475 920 αὐτοῦ
1494 893 1707 927 συλλεγόμενον·
1733 892 1790 918 ἀλλ’

172 940 240 962 tum.
269 934 392 969 Cumque
404 935 555 969 colligitur,
583 934 656 962 nulla
673 941 735 969 pars
760 933 820 969 eius
845 933 956 961 odorem

1021 937 1117 964 πειδὰν
1132 938 1221 973 χρόνῳ
1237 939 1372 974 ταμιευθῇ
1389 940 1436 966 καὶ
1451 940 1490 971 είς
1503 940 1600 974 ἑτέραν
1615 939 1730 974 ἧπειρον
1744 946 1792 972 με-

172 985 280 1016 gratum
303 981 394 1008 habet.
426 980 525 1008 Verum
544 980 590 1007 ubi
616 984 678 1015 post
702 979 833 1014 temporis
847 980 958 1015 aliquod

1023 983 1171 1018 ακομισθῆ,
1197 984 1348 1018 τηνικαῦτα
1367 985 1397 1011 τδ
1423 985 1523 1016 εὐῶδες
1551 984 1659 1019 πνεῦμα
1684 983 1792 1018 ἀφίησι.

171 1025 292 1060 spatium
316 1025 462 1061 inquiritur
480 1030 508 1053 et
525 1026 592 1053 alias
611 1026 644 1053 ad
660 1030 747 1053 terras
763 1025 882 1053 delatum
905 1030 957 1058 est,

1021 1029 1122 1062 ιέγεται
1142 1029 1170 1056 δὲ
1190 1030 1230 1057 ὅτι
1245 1031 1261 1066 ὴ
1282 1030 1379 1065 ἔλαφος
1400 1030 1551 1065 θελγομένη
1566 1031 1624 1066 ῆχῳ
1641 1030 1730 1057 αὐλῶν
1746 1029 1794 1057 καὶ

170 1076 227 1099 tum
245 1071 345 1100 deinde
364 1071 541 1106 fragrantiam
563 1071 636 1099 illam
657 1071 751 1106 spirat.
783 1071 868 1099 Aiunt
889 1071 954 1099 item

1021 1075 1151 1109 ίροτάλοις
1163 1075 1208 1102 τὸν
1223 1076 1306 1110 ιγγὺς
1319 1076 1430 1112 τοξότην
1447 1077 1495 1111 οὐχ
1509 1077 1559 1112 ὁρᾷ
1575 1077 1621 1103 καὶ
1639 1076 1790 1108 τοξεύεται.

170 1124 290 1150 cervam.
307 1117 371 1146 dum
389 1117 516 1145 tibiarum
556 1124 623 1145 sono
638 1120 666 1144 et
689 1116 859 1145 tintinabulis
881 1117 956 1145 dele-

1021 1121 1089 1147 )ὓτω
1106 1122 1152 1148 καὶ
1165 1123 1246 1157 ἡμεῖς
1264 1123 1316 1149 ὑπὸ
1332 1123 1387 1149 τῶν
1406 1123 1451 1149 τοῦ
1466 1124 1569 1157 κόσμου
1585 1122 1708 1157 τερπνῶν
1725 1130 1793 1147 κατ-

172 1167 274 1195 ctatur.
316 1167 451 1190 astantem
479 1171 565 1197 prope
589 1163 759 1198 sagittarium
771 1171 825 1190 non
849 1171 961 1192 cernere

1021 1167 1170 1202 ιυλούμενοι
1203 1167 1321 1202 οὐδαμοῦ
1345 1168 1505 1202 συνορῶμεν
1520 1167 1565 1194 τὸν
1584 1166 1646 1194 καθ’
1660 1167 1734 1202 ἡμᾶς
1747 1166 1794 1192 ἀο-

174 1209 336 1244 sagittisque
351 1208 463 1244 conﬁgi.
481 1207 527 1236 Sic
545 1216 596 1237 nos
610 1217 729 1244 quoque,
753 1209 818 1237 dum
837 1209 961 1244 volupta-

1021 1213 1104 1244 δάτοις
1133 1212 1221 1247 βέλεσι
1250 1213 1401 1248 χρώμενον.
1431 1213 1511 1240 Ἀλλὰ
1532 1213 1580 1240 καὶ
1605 1212 1722 1246 συνεχῶς
1751 1210 1797 1237 ἐπὶ

175 1254 248 1282 libus
262 1255 344 1288 hujus
360 1254 454 1281 mundi
471 1254 548 1289 quasi
567 1254 685 1282 modulis
697 1253 863 1288 quibusdam
879 1254 960 1282 tibia-

1021 1257 1101 1293 ἓρόμῳ
1116 1258 1167 1293 τὴν
1183 1258 1284 1292 ἔλαφον
1302 1258 1432 1285 τὰτέκνα
1444 1257 1594 1293 γυμνάζειν
1608 1257 1692 1291 αὐτῆς
1704 1256 1783 1288 λέγου

173 1304 234 1324 rum
250 1297 430 1330 oblectamur,
447 1297 633 1325 adversarium
651 1301 775 1325 nostrum
791 1298 873 1332 plane
892 1307 959 1327 nus-

1021 1311 1045 1329 rt.
1066 1302 1150 1329 Τοῦτο
1165 1303 1193 1330 δὲ
1209 1303 1368 1339 ᾠκονόμησε
1386 1305 1495 1335 πάντως
1514 1305 1527 1330 ὁ
1538 1303 1604 1334 Θεὸς
1617 1303 1679 1333 τοὺς
1690 1303 1792 1337 νωθρο-

171 1349 255 1376 quam
272 1343 421 1375 cernimus,
460 1343 697 1378 inaspectabilibus
715 1347 810 1370 contra
831 1352 881 1372 nos
900 1345 959 1373 telis

1021 1348 1102 1384 έρους
1120 1350 1263 1385 ιντρέπειν
1277 1351 1378 1384 γονεῖς.

171 1392 308 1415 utentem.
339 1388 472 1416 Praeterea
491 1389 605 1416 tradunt
626 1397 734 1417 cervam
759 1389 870 1417 assiduo
888 1389 961 1420 fetus
979 1399 1045 1422 suos
1076 1402 1158 1423 cursu
1172 1403 1312 1424 exercere.
1341 1395 1433 1424 Voluit
1455 1396 1518 1431 .boc
1552 1395 1663 1423 omnino
1679 1395 1717 1422 sic
1733 1393 1798 1429 ﬁeri

173 1436 258 1469 Deus,
273 1440 303 1463 ut
316 1436 477 1471 parentibus
492 1437 597 1472 ignavis
612 1438 742 1471 pudorem
763 1437 908 1466 incuteret.

211 1482 261 1511 llic
291 1490 400 1518 quoque
424 1481 471 1510 Dei
493 1482 692 1518 providentiam
715 1489 866 1517 curamque
891 1482 958 1510 mihi

176 1527 364 1556 considerato.
392 1527 460 1556 Cum
475 1528 573 1555 animal
591 1528 643 1555 ltoc
658 1527 781 1555 timidum
799 1528 836 1555 sit
850 1536 882 1556 ac
896 1537 960 1564 pro—

183 1577 279 1607 pterea
295 1580 434 1607 nunquam
458 1580 512 1600 non
534 1576 628 1600 utatur
653 1580 747 1607 cursu,
767 1573 848 1601 talem
872 1581 961 1602 cene
975 1566 996 1595 (ἶ

177 1624 345 1647 structuram
379 1619 451 1646 Deus
483 1618 583 1651 eﬂ'ecit,
603 1623 633 1645 ut
658 1618 730 1646 fetus
751 1626 815 1646 suos
837 1619 864 1646 in
887 1623 964 1646 utero

178 1664 247 1690 citra
273 1663 423 1698 periculum
445 1663 528 1690 ullum
553 1668 641 1699 gestet
664 1671 696 1691 ac
722 1664 850 1692 retineat.
889 1664 966 1692 Patet

179 1709 231 1736 hoc
245 1708 278 1737 de
295 1709 347 1736 illis
362 1709 443 1736 etiam
461 1717 520 1744 qua:
533 1708 594 1738 Jobi
608 1709 670 1737 libri
685 1709 874 1738 continentur.
896 1710 964 1738 Nam

178 1754 213 1782 ad
228 1754 315 1782 virum
334 1754 410 1782 illum
431 1754 553 1788 beatum,
579 1762 641 1782 cum
664 1755 818 1790 disceptare
833 1764 894 1783 cum
911 1755 966 1784 Deo

178 1800 272 1832 vellet,
289 1799 361 1827 inter
378 1799 430 1826 alia
446 1799 519 1827 Deus
535 1800 588 1827 hoc
608 1807 716 1835 quoque
739 1800 859 1835 profert:
891 1799 965 1828 «Tun

179 1845 331 1873 observasti
355 1850 450 1879 partus
473 1852 627 1879 cervarum,
647 1852 791 1872 mensesve
816 1846 966 1873 numerasti

179 1890 280 1924 quibus
297 1894 405 1917 uterum
420 1889 579 1918 ferunt“?t
602 1889 670 1917 Mira
683 1895 758 1918 certe
780 1898 824 1921 res
843 1897 897 1924 est,
921 1891 967 1927 qui

179 1934 229 1960 ﬁat
257 1939 287 1961 ut
310 1942 390 1962 cerva
417 1934 527 1970 fugiens
556 1941 590 1962 ac
614 1939 757 1970 tantopere
783 1935 884 1963 saliens
913 1944 967 1964 non

179 1979 310 2007 abortiat.

216 2036 273 2064 Hoc
291 2037 373 2065 etiam
390 2041 488 2072 praeter
501 2036 554 2073 iam
569 2036 688 2064 indicata
704 2036 737 2064 de
753 2044 836 2065 cervo
849 2045 970 2066 comme-

178 2088 313 2116 moratur,
330 2084 402 2118 quod
419 2082 525 2110 narium
544 2082 641 2117 spiritu
656 2087 801 2118 serpentes
822 2090 838 2110 e
853 2084 969 2112 latebris

181 2129 240 2158 suis
252 2129 379 2157 extrahat
392 2133 475 2163 atque
500 2129 622 2156 devoret.
652 2128 757 2156 Veneni
778 2134 869 2158 autem
893 2135 968 2158 metu

173 2176 288 2204 cancris
313 2175 444 2208 vescitur,
473 2181 559 2210 eaque
582 2174 688 2202 ratione
708 2175 865 2204 detrimenti
896 2177 967 2204 nihil

184 2221 294 2256 accipit.

219 2267 299 2294 Fiber
314 2273 376 2294 cum
394 2273 409 2292 a
426 2265 604 2294 venatoribus
620 2271 732 2302 urgetur
745 2267 973 2302 persequentibus

183 2313 274 2349 ipsum
294 2311 453 2347 genitalium
480 2311 665 2339 membrorum
691 2319 785 2345 causa,
802 2321 896 2348 .seque
917 2321 972 2340 non

179 2364 332 2386 evasurum
349 2357 540 2384 animadvertit
552 2377 561 2390 ,
585 2357 709 2392 ρταεαὶᾱίι
731 2365 764 2384 ea
776 2377 784 2390 ,
796 2358 973 2392 venatorique

182 2403 294 2439 objicit.
316 2402 418 2436 Quodsi
440 2402 590 2430 secundum
606 2403 658 2430 hoc
673 2403 743 2430 alius
759 2403 870 2438 quidam
887 2411 971 2431 vena-

183 2455 229 2477 tor
249 2449 377 2476 eumdem
395 2453 583 2483 persequatur,
600 2448 728 2483 supinum
744 2453 832 2476 semet
855 2448 970 2483 abjicit;

185 2497 220 2523 de
237 2503 290 2529 quo
302 2499 415 2521 venator
427 2494 620 2521 animadverso
633 2493 795 2522 necessariis
809 2501 870 2521 eum
885 2501 972 2521 mcm-

183 2541 244 2569 bris
258 2539 381 2571 destitui.
400 2541 513 2567 missum
532 2539 610 2567 facit.

223 2587 277 2622 56
291 2585 380 2619 Quaeri
397 2591 425 2613 et
440 2586 491 2613 hoc
507 2586 586 2619 solet,
613 2584 788 2620 quamobrem
808 2585 834 2611 in
851 2584 969 2620 quadru-

182 2633 302 2668 pedibus
319 2639 352 2659 ac
378 2631 492 2666 reliquis
509 2631 674 2658 animalibus
694 2629 852 2664 simpliciter
871 2637 901 2657 ac
915 2630 974 2664 ple-

181 2685 302 2712 rumque
330 2676 403 2704 fetus
434 2680 581 2712 parentum
613 2675 819 2702 similitudinem
855 2675 975 2702 referant

182 2724 272 2760 magis
301 2731 382 2758 quam
399 2723 426 2750 in
444 2721 624 2750 hominibus?
652 2721 786 2754 Quoniam
803 2720 885 2748 homo
899 2721 975 2748 varie

179 2771 328 2796 consuevit
350 2768 463 2796 all‘ectus
479 2775 541 2796 csse
567 2766 670 2799 animo,
686 2767 766 2794 etiam
781 2767 839 2802 ipso
851 2774 976 2795 venereae

218 2855 243 2869 “
259 2853 310 2881 Job
331 2859 422 2882 anu.
443 2852 467 2878 l.

1052 1485 1123 1512 Ἀλλ’
1152 1486 1203 1521 ὅρα
1225 1486 1365 1514 κάνταῦθα
1390 1486 1555 1522 κηδεμονίαν
1579 1487 1658 1516 Θεοῦ.
1687 1483 1798 1519 Ἐπειδὴ

1012 1531 1066 1566 γὰρ
1082 1533 1157 1558 τουτὶ
1181 1532 1211 1558 τὸ
1227 1532 1305 1565 ζῶον,
1321 1534 1337 1568 ἡ
1352 1533 1450 1568 ἔλαφος
1476 1534 1609 1569 δηλονότι,
1622 1536 1707 1563 δειλόν
1724 1538 1793 1568 ἐστι,

1015 1578 1063 1604 καὶ
1079 1578 1123 1605 διὰ
1139 1579 1218 1605 τοῦτο
1233 1581 1333 1613 φυγαῖς
1346 1580 1389 1606 άεί
1409 1587 1474 1606 ποτε
1489 1581 1631 1616 κέχρηται,
1664 1589 1799 1617 προκατε-

1020 1624 1154 1651 σκεύασεν
1169 1625 1253 1660 αὐτὴν
1267 1625 1354 1657 ὸΘεὸς
1368 1624 1438 1653 ὥστε
1457 1627 1657 1662 παραωιέχειν
1669 1628 1798 1662 ἀσφαλῶς

1016 1669 1045 1695 ὲν
1071 1670 1104 1704 τῇ
1128 1670 1220 1705 μήτρᾳ
1245 1669 1278 1696 τὰ
1305 1669 1403 1704 ἔγγονα
1419 1671 1515 1706 αὐτῆς.
1534 1672 1589 1698 Καὶ
1606 1672 1685 1706 δῆλον
1701 1673 1729 1699 ὲν
1745 1673 1800 1704 τοῖς

1017 1715 1070 1741 τῶν
1086 1715 1288 1750 περιεχομένων
1299 1715 1338 1750 τῷ
1357 1715 1417 1742 Ὶὼε
1431 1716 1470 1751 τῷ
1494 1718 1623 1752 μακαρίῳ
1642 1718 1739 1753 ἐκείνῳ
1753 1719 1798 1745 ἁν-

1016 1761 1071 1797 δρί,
1097 1762 1256 1798 Τηνικαῦτα
1279 1763 1407 1799 κριθῆναι
1434 1765 1503 1798 μεέὰ
1529 1764 1596 1791 Θεοῦ
1624 1765 1727 1799 ἐζήτει.
1756 1766 1802 1792 καὶ

1016 1808 1079 1835 τάδε
1095 1808 1161 1842 πρὸς
1178 1809 1232 1840 τοϊς
1254 1809 1344 1842 ἄλλοις
1364 1810 1457 1844 ἔλεγεν
1474 1811 1488 1837 ὸ
1512 1810 1594 1843 Θεός·
1614 1820 1623 1836 ι
1651 1809 1801 1846 Ἐφύλαξας

1017 1854 1115 1885 ὠδῖνας
1135 1854 1253 1888 ἐλάφων,
1267 1855 1422 1891 ἡρίθμησας
1437 1856 1464 1882 δὲ
1477 1856 1564 1891 μῆνας
1577 1856 1668 1882 αὐτῶν
1687 1857 1803 1891 πλήρεις

1018 1898 1146 1931 tosta-:06;
1165 1908 1175 1925 ι
1193 1899 1289 1935 Θαῦμα
1308 1900 1354 1927 καὶ
1372 1901 1427 1934 γὰρ
1443 1900 1528 1935 πῶςή
1551 1899 1650 1935 ἔλαφος
1664 1900 1802 1936 φεύγουσα

1019 1946 1067 1973 καὶ
1077 1945 1122 1971 ἐπὶ
1132 1945 1261 1973 τοσοῦτον
1277 1945 1390 1980 πηδῶσα
1406 1946 1456 1972 οὐκ
1473 1945 1642 1981 ἁμὸλώσκει.

1054 2034 1125 2069 Πρός
1147 2042 1179 2069 γε
1201 2034 1257 2066 τοῖς
1281 2034 1438 2070 εἰρημένοις
1457 2035 1504 2062 καὶ
1524 2035 1602 2062 τοῦτο
1624 2035 1689 2070 περὶ
1703 2035 1803 2070 ἐλάφου

1019 2079 1154 2114 λέγουσιν,
1178 2080 1224 2107 ’ὅτι
1251 2080 1306 2107 τῶν
1321 2080 1403 2116 ῥινῶν
1425 2080 1560 2116 πνεύματι
1583 2082 1715 2116 ἀναφέρει
1742 2083 1806 2114 τοὺς

1020 2126 1095 2160 δφεις
1118 2125 1171 2153 ἀπὸ
1186 2125 1234 2152 τοῦ
1254 2125 1358 2160 φωλεοῦ
1379 2127 1425 2153 καὶ
1453 2127 1602 2159 κατεσθίει,
1621 2128 1659 2163 τῷ
1679 2127 1754 2163 φόϐῳ
1777 2128 1805 2155 δι

1020 2172 1065 2198 τοῦ
1081 2172 1121 2199 ινιῦ
1138 2172 1283 2208 καρκίνους
1303 2172 1387 2199 ἐσθίει
1403 2172 1451 2200 καὶ
1465 2173 1496 2200 οὗ
1512 2173 1670 2208 βλάπτεται.

1063 2261 1092 2287 ’0
1107 2261 1137 2288 δέ
1162 2269 1193 2295 γε
1209 2262 1319 2296 κάστωρ
1335 2262 1399 2289 ὅταν
1423 2262 1475 2288 ὑπὸ
1500 2262 1658 2297 κυνηγετῶν
1672 2262 1805 2298 διώκηται

1020 2306 1065 2333 διὰ
1079 2306 1112 2332 τὰ
1133 2307 1279 2342 γεννητικὰ
1296 2307 1379 2334 αὺτοῦ
1398 2307 1492 2342 μόρια,
1520 2307 1568 2333 καὶ
1582 2306 1638 2342 γνῷ
1654 2308 1695 2333 ὅτι
1722 2316 1807 2334 κατα-

1020 2351 1199 2386 λαμϐάνεται,
1215 2351 1311 2378 κόπτει
1334 2352 1420 2378 ταῦτα
1439 2352 1486 2379 καὶ
1503 2352 1595 2386 ῥίπτει
1617 2351 1656 2386 τῷ
1682 2351 1803 2387 κυνηγῷ.

1021 2396 1053 2423 Εἰ
1068 2396 1094 2423 δὲ
1111 2397 1158 2422 καὶ
1176 2396 1245 2431 μετὰ
1270 2396 1358 2424 ταῦτα
1383 2396 1449 2432 παρ’
1467 2397 1562 2430 ἐτέρου
1582 2397 1709 2423 διώκεται
1723 2405 1807 2430 κυνη-

1022 2441 1083 2476 γοῦ,
1102 2441 1194 2476 ῥίπτει
1219 2442 1315 2468 ἑαυτὸν
1331 2441 1443 2468 ΰτιττιον⁸
1469 2442 1516 2468 καὶ
1532 2442 1631 2476 νοήσας
1646 2441 1771 2468 ἐντεῦθεν
1790 2443 1804 2468 ό

1023 2487 1139 2521 κυνηγὸς
1154 2487 1195 2513 ὃτι
1216 2488 1354 2521 ἀναγκαῖα
1380 2487 1431 2513 οὐκ
1453 2487 1520 2522 ἔχει,
1541 2487 1679 2522 ἀναχωρεῖ
1695 2487 1743 2513 ἀπ’
1757 2488 1805 2514 αό-

1022 2541 1081 2559 του.

1060 2579 1120 2605 Ἔτι
1134 2578 1162 2605 δὲ
1178 2579 1225 2606 καὶ
1248 2578 1326 2605 τοῦτο
1345 2578 1448 2613 ζητεῖς,
1465 2579 1604 2613 ἁγαπητὲ,
1620 2580 1691 2609 τίνος
1712 2578 1807 2605 ἕνεκεν

1022 2626 1069 2652 ἐπὶ
1087 2625 1140 2652 τῶν
1163 2625 1336 2659 τετραπόδων
1358 2624 1406 2651 καὶ
1424 2624 1477 2650 τῶν
1492 2624 1593 2651 λοιπῶν
1617 2624 1696 2657 ζώων
1714 2624 1808 2656 ἁπλῶς

1023 2673 1056 2698 τὰ
1073 2672 1170 2706 ἔγγονα
1186 2672 1240 2702 τοῖς
1258 2669 1382 2704 γονεῦσιν
1399 2671 1548 2705 ὁμοιότητα
1561 2670 1702 2704 φέρουσιν,
1719 2670 1766 2696 ἐπὶ
1781 2670 1809 2695 δὲ

1023 2718 1077 2744 τῶν
1091 2716 1244 2752 ἀνθρώπων
1261 2716 1291 2742 οὒ
1316 2715 1462 2747 τοσοῦτονς
1476 2715 1549 2741 Διό-ιι
1565 2715 1579 2740 ὁ
1595 2715 1645 2750 μὲν
1667 2715 1810 2750 ἄνθρωπος

1025 2762 1166 2798 πολλαχῶς
1178 2761 1327 2788 διατίθεται
1339 2761 1388 2796 τὴν
1400 2760 1488 2796 ψυχὴν
1501 2761 1530 2788 ὲν
1541 2761 1614 2797 αὐτῷ
1627 2761 1665 2797 τῷ
1685 2760 1734 2795 τῆς
1749 2768 1810 2786 συν-
