1944 3072
153 129 189 162 125

752 134 954 165 ANNALIUM
976 133 1072 163 PARS
1091 134 1116 164 Ῑ.

1685 136 1735 167 126

149 190 219 225 αφείας
243 190 332 227 καιρῷ
342 200 348 208 ι
364 192 453 224 καθὼς
464 192 510 220 οὖν
524 194 538 220 ὅ
563 201 593 220 τε
608 192 699 228 πατὴρ
719 193 766 222 καὶ
780 193 802 228 ἠι
814 194 905 229 μήτηρ

956 191 1162 220 consuetudinis
1172 194 1303 226 tempore.
1315 190 1398 227 Igitur
1409 195 1489 225 prout
1503 194 1556 219 tam
1570 196 1646 227 pater
1658 201 1741 228 quam

149 236 290 268 διατεθῶσιν,
306 237 378 264 οὕτω
390 239 558 266 ποικίλλεται
575 241 623 267 καὶ
637 240 672 266 τὰ
691 239 849 273 τικτόμενα.
865 239 906 265 Τὰ

148 282 170 309 δι
181 282 244 309 λοιπὰ
261 283 320 315 ζῶα
339 284 433 313 καθότι
447 284 523 311 οὐδὲν
539 284 633 320 ἕτερον
651 285 820 314 διανοοῦνται
833 284 905 312 κατά

148 329 215 364 γετὸν
225 329 272 364 τῆς
291 330 438 364 συναφείας
455 330 563 364 καιρὸν,
580 330 650 357 κατὰ
661 330 740 357 τοῦτο
752 331 800 358 καὶ
813 331 848 357 τὰ
862 330 907 364 ἐγ-

149 384 197 409 γονα
208 376 375 405 παντάπασιν
394 377 476 411 ὃμοια
498 377 647 404 τίκτουσιν.
670 378 717 412 Μὴ
734 376 856 412 θαύμαζε
878 377 906 403 δὲ

149 421 191 454 εἴγε
204 421 270 455 παρὰ
290 421 346 452 τοῖς
371 421 528 456 ἀνθρώποις
545 422 635 454 αὐτοῖς
655 423 799 457 ὁμοιώσεις
813 430 844 449 τι
858 422 907 448 καὶ

147 465 299 500 ἀνομοιώσεις
317 467 387 502 πρὸς
409 468 472 499 τοὺς
501 469 669 504 γεννήτορας
690 469 725 495 τὰ
757 469 907 503 τικτόμενα

147 510 262 546 φέρουσιν.
281 510 345 539 οἷον
364 512 414 548 μὲν
431 513 485 548 γὰρ
502 513 558 540 τῶν
575 513 740 549 σπερμάτων
752 515 781 540 ὲν
792 515 825 549 τῇ
843 514 907 542 ἀνα-

145 556 222 591 φύρσιι
235 557 283 585 καὶ
297 557 423 592 ἀναμίξει
444 559 675 594 ἐπικρατέστερον
690 559 814 594 γένηται,
836 559 907 594 πρὸς

144 602 214 628 ἐκεῖνο
228 603 275 629 καὶ
291 603 322 629 τὺ
344 603 391 630 τοῦ
420 603 606 638 πλαττομένου
629 603 699 636 εῐδος
717 605 794 640 φέρει
817 605 867 639 τὴν
880 605 907 631 ὁ-

146 648 266 683 μοιότητα.
284 649 314 675 El
327 649 403 676 δὲτὰ
419 650 565 684 σπέρματα
580 650 768 686 συγκραθέντα
788 651 833 676 ἐπ’
845 651 906 686 ῐσης

143 693 189 729 ἔχει
201 695 261 728 προς
279 695 394 730 ἄλληλα,
413 696 473 722 τότε
487 695 517 722 τὸ
531 696 678 730 γενόμενον
692 696 754 731 ἴσην
767 696 825 731 ἔχει
837 697 906 731 πρός

142 748 165 765 τε
177 740 202 766 τὸ
225 740 289 774 θῆλυ
309 742 356 768 καὶ
377 742 407 768 τὸ
423 741 507 776 ἇρῤεν
535 742 584 776 τὴν
600 742 759 777 ὁμοιότητα,
781 743 906 769 τουτέστι

142 786 366 821 πατρομητρόμοια
375 786 410 814 τὰ
418 787 577 821 γεννώμενα
589 789 723 815 τίκτεται.
735 788 870 819 Πολλάκις
877 788 906 814 δὲ

140 831 178 858 καὶ
185 831 227 866 τῆς
236 832 365 865 γυναικὸς
375 833 526 866 φαντασίαν
538 833 567 859 ἐν
575 834 633 865 ταῖς
643 833 761 868 ὁμιλίαις
770 834 906 869 λαϐούσης

139 874 232 911 τοῦδεῆ
253 876 335 910 τῆσδε
355 877 422 912 πρὸς
439 877 470 905 τὸ
493 876 646 911 φαντασϐἐν
672 876 853 909 ἀπεικάζεται
876 877 906 904 τὸ

139 921 274 955 γινόμενον.
287 921 320 949 ‘0
337 922 369 957 δὴ
390 923 437 948 καὶ
460 923 579 958 ᾇρῤητόν
599 931 662 950 τινα
679 924 727 954 καὶ
749 923 906 958 θαυμαστὸν

137 965 185 1000 ιχει
211 965 254 995 τὸν
283 966 371 1000 λόγον.
387 967 442 993 Καὶ
461 969 543 994 ἄκουε
570 967 597 994 τί
615 976 682 1002 φησι
711 968 906 1003 Διοσκουρίδης

138 1010 192 1046 περί
206 1019 274 1043 τινος
289 1012 470 1047 Στρατονίκου
485 1012 535 1046 τῆς
552 1013 678 1045 Σικελίας
701 1013 824 1049 ἀρχηγοῦ
840 1022 907 1049 χρησ

137 1056 292 1091 ματίσαντος.
315 1058 432 1090 Ἐκεῖνος
443 1058 498 1093 γὰρ
517 1059 563 1086 καὶ
577 1059 593 1094 ἡ
607 1058 691 1086 αὑτοῦ
707 1059 823 1093 σύζυγος
837 1060 906 1086 δυο-

135 1103 204 1134 ιιδεις
228 1103 276 1136 μὲν
302 1103 393 1135 ὄντες.
433 1104 576 1139 ἐφιέμενοι
593 1105 621 1131 δὲ
650 1106 767 1134 παιδίων
795 1105 906 1133 εὐειδῶν

136 1147 290 1182 χρηματίσαι
313 1149 486 1184 γεννήτορες,
509 1150 630 1177 τοιοῦτόν
657 1159 683 1177 τι
710 1151 905 1186 ἐμηχανῶντο*

141 1190 282 1227 Ἐώρωντὰ
298 1193 404 1226 ιῐδωλα,
420 1194 504 1229 ἠγουν
524 1195 593 1223 αὐτὰ
612 1196 646 1223 τὰ
673 1196 832 1231 ἀγάλματα,
859 1197 907 1224 καὶ

135 1236 199 1263 οὕτω
216 1236 390 1271 μιγνυμένων
408 1239 498 1267 αὐτῶν
516 1240 583 1273 πρὸς
604 1240 655 1275 τὴν
669 1240 723 1269 τῶν
740 1241 906 1276 ἀγαλμάτων

132 1281 252 1316 ὁμοίωσιν
278 1282 309 1308 τὸ
325 1282 424 1320 βρέφος
451 1284 542 1316 αὐτοῖς
567 1285 752 1314 διεπλάττετο.
778 1286 863 1313 Τοῦτο
878 1287 906 1314 δὶ

131 1327 175 1353 καὶ
188 1328 234 1354 ἐπὶ
249 1328 338 1354 κυνῶν
361 1329 435 1355 ἐστιν
457 1329 522 1357 ἰδεῖν
534 1338 543 1347 ι
557 1330 607 1365 τῆς
634 1331 689 1367 γὰρ
709 1331 801 1366 ὀχείας
815 1332 906 1363 αὐτοις

129 1374 268 1409 γινομένης
282 1374 351 1409 πρὸς
362 1375 376 1401 δ
391 1375 454 1406 τοὺς
466 1372 544 1407 ὦπας
557 1376 696 1412 ἀπερείσει
709 1378 739 1404 τὸ
750 1377 826 1414 οῆλυ,
838 1379 906 1413 πρὸς

127 1420 210 1446 ἐκεῖνο
224 1421 270 1446 καὶ
281 1420 298 1455 ἠ
311 1421 440 1458 ὁμοίωσις
455 1421 570 1456 γίνεται.
590 1423 671 1450 una
686 1423 741 1458 γὰρ
757 1424 802 1452 τὸν
817 1425 907 1459 σοφὼ-

126 1473 205 1492 τατον
219 1465 337 1501 Γαληνὸν
352 1467 517 1503 εὑρίσκομεν
529 1468 568 1503 τῷ
584 1469 725 1504 κεφαλαίῳ
746 1470 814 1505 τῷδε
830 1479 906 1499 συνο-

943 242 1043 265 niater
1072 237 1163 264 aEecti
1189 237 1301 269 fuerint,
1325 237 1404 264 etiam
1421 245 1480 272 quae
1494 238 1641 273 gignuntur
1665 241 1741 267 varia

956 287 1021 311 sunt
1036 291 1068 310 ac
1088 283 1206 313 diversa.
1235 282 1340 310 Caetera
1364 291 1429 311 vero
1453 284 1583 311 animalia
1605 290 1740 319 quatenus

958 332 1082 363 tempore
1114 328 1243 356 coitionis
1268 328 1342 355 aliud
1370 328 1439 355 nihil
1465 330 1596 364 cogitant,
1626 335 1741 359 eatenus

956 374 1039 400 etiam
1055 373 1130 401 fetus
1145 373 1256 400 omnino
1270 373 1321 400 sibi
1336 373 1496 401 consimiles
1507 381 1663 408 procreant.
1693 377 1741 404 Est

957 423 985 446 et
1000 419 1051 449 alia
1065 426 1159 452 causa,
1174 418 1350 452 quamobrem
1378 418 1478 445 mirum
1503 419 1551 445 tibi
1574 420 1659 447 videri
1684 428 1739 447 non

957 464 1054 491 debeat
1074 464 1215 491 hominum
1242 463 1365 491 sobolem
1395 465 1493 498 partim
1519 464 1620 493 referre
1639 467 1739 500 partim

957 518 1010 537 non
1039 510 1142 538 referre
1167 514 1311 544 parentant
1331 509 1554 537 similitudinem.
1582 510 1648 537 Nam
1679 519 1741 544 quas

957 564 1021 591 pars
1034 556 1146 584 seminis
1158 556 1186 582 in
1202 556 1393 583 commistione
1408 556 1437 582 fit
1453 555 1597 587 efficacior,
1621 557 1654 584 ad
1680 564 1741 583 eam

957 602 1044 629 forma
1061 609 1170 637 quoque
1196 601 1270 628 illius
1285 601 1356 636 quod
1376 601 1486 634 ﬁngitur
1502 601 1650 629 adsimilari
1661 602 1740 630 solet.

957 647 1058 680 Quodsi
1091 647 1196 674 semina
1225 651 1376 682 temperata
1407 647 1547 682 mistaque
1583 655 1676 682 parem
1712 648 1740 674 in

957 698 1104 726 utramque
1120 698 1225 727 partem
1241 693 1296 719 vim
1324 693 1452 725 habeant,
1475 698 1531 720 tum
1552 693 1579 720 id
1593 694 1664 727 quod
1680 701 1743 728 pro-

957 743 1066 766 creatur
1079 746 1114 765 ex
1127 745 1205 772 aequo
1221 743 1275 765 tam
1292 737 1376 765 maris
1390 745 1471 772 quam
1491 737 1600 765 femina:
1615 738 1742 765 similitu-

957 784 1049 812 dinem
1059 783 1152 815 refert,
1163 785 1214 811 hoe
1221 788 1272 815 est,
1283 783 1402 818 gignitur
1408 783 1517 810 soboles
1528 783 1599 818 patri
1608 784 1742 817 matrique

956 830 1058 866 pariter
1077 830 1185 859 similis.
1218 829 1414 864 Saepenumero
1438 829 1461 856 si
1485 829 1543 856 sola
1567 828 1669 856 femina
1696 829 1739 856 vel

958 875 1041 910 hujus
1062 874 1106 902 vel
1131 874 1204 901 illius
1229 874 1453 910 imaginationem
1477 873 1505 900 in
1531 878 1593 901 actu
1623 881 1742 901 veneren

957 921 1112 956 concipiat,
1134 919 1244 947 soboles
1269 919 1294 947 ei
1322 919 1353 947 fit
1376 919 1473 948 similis
1491 919 1572 954 cuius
1597 919 1742 953 imaginem

956 967 1028 1002 apud
1044 967 1167 994 animum
1187 965 1361 994 informabat.
1386 965 1452 998 Qua:
1466 972 1508 992 res
1522 965 1742 999 inexplicabilem

956 1012 1101 1048 quamdam
1118 1012 1274 1046 miramque
1298 1011 1433 1038 rationem
1461 1011 1551 1039 habet.
1580 1010 1650 1038 Audi
1675 1011 1742 1045 quid

957 1059 1131 1087 Dioscorides
1156 1059 1190 1089 de
1214 1059 1332 1093 quodam
1356 1058 1513 1086 Stratonico
1541 1058 1643 1087 Sicilia
1671 1059 1742 1086 duce

957 1105 1056 1132 tradat.
1081 1104 1108 1132 1s
1122 1112 1184 1131 cum
1200 1104 1334 1131 deformis
1351 1110 1425 1132 esset
1446 1104 1594 1139 itidemque
1615 1112 1683 1132 uxor
1693 1104 1742 1139 {ipa

957 1151 1024 1183 sius,
1041 1159 1073 1178 ac
1088 1150 1267 1178 nihilominus
1281 1150 1392 1186 gignere
1417 1151 1521 1178 liberos
1543 1151 1679 1178 formosos
1695 1156 1751 1177 oua‘

955 1200 1063 1231 pereat,
1073 1195 1231 1230 huiusmodi
1247 1195 1374 1229 quiddam
1399 1195 1590 1224 moliebantur.
1602 1195 1743 1230 [nspecta-

957 1240 1024 1268 bant
1040 1240 1174 1276 imagines
1190 1245 1218 1267 et
1234 1240 1308 1275 picta
1326 1239 1484 1272 simulacra,
1501 1247 1618 1275 cumque
1641 1239 1740 1267 deinde

957 1286 1051 1316 liberis
1069 1293 1179 1321 operam
1195 1285 1348 1317 dedissent.
1367 1285 1457 1312 infans
1471 1285 1506 1312 ad
1529 1285 1677 1320 imaginum
1702 1285 1741 1312 si-

957 1333 1139 1362 militudinem
1157 1332 1345 1360 conformatus
1363 1331 1423 1358 fuit.
1446 1330 1503 1358 Hoc
1516 1336 1544 1358 et
1559 1331 1688 1358 canicula:
1702 1331 1743 1357 vi-

957 1378 1022 1405 dere
1033 1383 1075 1405 est
1089 1377 1253 1404 usuvcnire:
1277 1383 1340 1405 cum
1361 1376 1434 1403 enim
1455 1380 1556 1403 coeunt
1574 1383 1666 1408 canes.
1685 1380 1742 1403 tum

956 1424 1029 1458 quod
1046 1422 1142 1450 dctixis
1159 1423 1245 1450 oculis
1262 1421 1389 1450 canicula
1410 1426 1567 1454 contuetur,
1585 1422 1644 1456 ejus
1666 1422 1743 1449 simi—

955 1469 1100 1496 litudinem
1121 1467 1193 1496 fetus
1209 1467 1303 1495 refert.
1327 1467 1472 1494 Consentit
1486 1466 1538 1493 hac
1559 1466 1586 1493 in
1598 1471 1675 1501 parte
1690 1473 1741 1493 no-

127 1511 301 1546 μολογοῦντα,
321 1513 370 1539 καλ⁸
382 1513 453 1540 οὕτω
466 1514 536 1543 κατὰ
556 1515 632 1549 ῥῆμα
651 1514 765 1549 λέγοντα
777 1523 785 1531 ⁸
800 1525 809 1541 ι
829 1516 905 1550 Ἐμοὶ

958 1515 1061 1542 hiscum
1078 1514 1254 1541 doctissimus
1279 1513 1325 1540 ille
1347 1512 1477 1545 Galenus,
1500 1512 1579 1546 cujus
1601 1512 1658 1539 hau:
1683 1511 1742 1546 ipsa

123 1558 150 1585 δὲ
165 1559 212 1585 καὶ
223 1558 300 1592 λόγος
314 1567 356 1590 τις
370 1560 483 1594 ἀρχαῖος
494 1560 629 1595 ἐμήνυσεν
642 1560 682 1589 ὅτι
700 1561 754 1589 τῶν
772 1562 906 1598 ἀμόρφων

121 1613 163 1636 τις
197 1604 336 1633 δυναστῶν
371 1604 509 1640 εὔμορφον
533 1606 663 1641 γεννῆσαι
694 1607 778 1634 θέλων
799 1608 905 1635 παιδίον

119 1650 231 1685 ἐποίησε
250 1650 354 1685 γράψαι
374 1651 402 1678 ἐν
425 1650 528 1678 πλατεῖ
552 1652 622 1688 Etiqu
644 1653 744 1684 εὐειδὲς
757 1654 820 1680 ἄλλο
838 1662 905 1681 παι-

117 1694 184 1726 δίον,
219 1695 265 1720 καὶ
280 1695 357 1728 ἔλεγε
382 1696 415 1730 τῇ
440 1695 553 1729 γυναικὶ
579 1696 662 1723 αὑτοῦ
679 1698 905 1733 συμπλεκόμενος

119 1739 187 1773 πρὸς
202 1740 307 1765 ἐκεῖνον
322 1739 368 1766 τὸν
392 1740 477 1770 τύπον
507 1742 558 1776 τῆς
587 1742 699 1777 γραφῆς
719 1743 796 1779 δρᾷν.
817 1744 850 1771 Ἠ
876 1745 904 1771 δὲ

115 1783 213 1814 ἀτενὲς
229 1783 376 1820 βλέπουσα,
395 1785 443 1816 καὶ
458 1786 495 1817 ὡς
513 1785 587 1813 ἐστιν
602 1787 690 1814 εἰπεῖν
707 1787 766 1815 ὅλον
779 1789 826 1815 τὸν
841 1789 905 1816 νοῦν

113 1830 206 1856 ἐκεῖσε
219 1831 472 1866 προσεπιφέρουσα,
484 1832 545 1867 οὐχὶ
552 1831 591 1867 τῷ
611 1834 770 1868 γεννήσαντι
785 1834 853 1862 ἀλλὰ
865 1835 904 1870 τῷ

112 1875 304 1913 γεγραμμένῳ
312 1875 403 1910 ὅμοιον
412 1876 528 1904 ἀπέτεκε
537 1877 566 1904 τὸ
574 1878 678 1905 παιδίον
687 1879 757 1908 κατὰ
764 1880 901 1916 τὴνδψιν.»

149 1921 183 1947 El
204 1921 236 1947 δὲ
250 1921 298 1949 καὶ
319 1921 384 1956 περὶ
401 1922 509 1956 φύσεως
527 1922 617 1958 όφεων
636 1924 726 1959 βούλει
746 1927 844 1960 μαθεῖν
860 1935 904 1953 τι-

109 1975 179 1998 νων,
198 1967 214 1993 6
231 1966 381 2002 Νίκανδρος
395 1968 447 2003 πρὸ
461 1969 514 1996 τῶν
526 1969 615 1998 ἄλλων
627 1971 727 2003 διδάξει
747 1980 789 2000 σε.
800 1973 904 2000 Αὐτίκα

107 2013 168 2048 γὰρ
187 2013 220 2039 ἐν
230 2014 288 2043 τοῖς
303 2012 397 2039 ἔπεσιν
411 2013 495 2041 αὐτοῦ
509 2015 557 2042 καὶ
570 2015 632 2044 τάδε
644 2017 709 2052 περὶ
723 2017 776 2044 τῶν
791 2017 903 2052 ἐχιδνῶν

108 2059 235 2092 ἱστορεῖ.
256 2057 289 2084 Ἦ
303 2057 400 2093 θήλεια
415 2059 472 2094 ἔχις
489 2060 532 2087 διὰ
547 2060 595 2087 τοῦ
608 2062 742 2096 στόματος
761 2063 847 2098 αὐτῆς
862 2063 905 2090 δε-

105 2105 222 2139 χομένη
240 2104 289 2138 τὴν
307 2104 428 2139 κεφαλὴν
447 2105 493 2133 τοῦ
514 2106 641 2142 ἄρρενος,
656 2108 702 2134 καὶ
721 2108 793 2135 οὕτω
810 2117 904 2136 συνευ-

103 2149 257 2185 ναζομένη
268 2151 378 2186 ἀναιρεί
386 2152 478 2180 αὐτόν.
493 2152 538 2185 Ei;
547 2154 687 2188 ἐκδίκησιν
697 2153 755 2189 οὖν,
770 2156 807 2188 ὡς
818 2157 901 2189 ἔοικε,

101 2197 156 2225 τοῦ
182 2197 295 2233 πατρὸς
309 2197 452 2232 ἀναιροῦσι
474 2199 524 2234 τὴν
547 2201 654 2235 μητέρα
677 2201 713 2228 τὰ
739 2202 858 2236 ἔγγονα·
874 2204 903 2231 ἐν

98 2243 163 2278 γὰρ
186 2243 231 2278 τῷ
246 2244 294 2270 τοῦ
318 2245 432 2271 τοκετοῦ
451 2246 539 2280 καιρῷ
561 2247 611 2282 τὴν
627 2247 759 2284 μητρῴαν
772 2249 905 2285 διαρῤήσ-

96 2298 189 2316 σουσι
213 2290 300 2331 νηδὺν
317 2291 365 2317 καὶ
384 2290 471 2322 οὕτως
487 2292 655 2328 ἐξέρχονται.
673 2295 752 2322 Κατὰ
764 2295 844 2322 τοῦτο
857 2297 904 2324 καὶ

91 2337 108 2362 ὁ
125 2336 184 2362 τοῦ
206 2336 312 2370 Κυρίου
345 2336 501 2371 Πρόδρομος
527 2339 684 2373 γεννήματα
709 2340 820 2374 ἐχιδνῶν
839 2341 903 2372 τοὺς

99 2381 271 2413 Ἰουδαίους
289 2381 391 2414 ἐκάλει,
407 2383 454 2409 ἅτε
470 2383 502 2418 δὴ
512 2384 575 2416 τοὺς
594 2385 735 2420 προφήτας
755 2387 802 2412 καὶ
818 2387 902 2413 πατέ-

89 2436 155 2462 ρας
179 2428 282 2454 αὐτῶν
307 2429 533 2461 ἀποκτείναντας.
557 2430 588 2457 Εί
615 2431 644 2457 δέ
664 2432 727 2466 περὶ
741 2433 804 2464 τοὺς
825 2432 903 2467 Best;

87 2474 200 2505 οὕτως
225 2473 297 2509 ἔχει,
317 2474 377 2506 πῶς
395 2476 505 2509 νοητέον
521 2475 551 2502 τὸ
569 2477 745 2510 εὐαγγελικὸν
769 2479 849 2514 ῥητὸν
870 2479 901 2506 τὸ

81 2519 187 2554 λέγον
202 2527 212 2536 ·
234 2528 246 2545 ε
264 2520 373 2547 Γίνεσθε
390 2520 516 2555 φρόνιμοι
531 2522 568 2553 ὡς
582 2523 607 2549 of
618 2523 703 2557 ὄφεις,
717 2524 763 2550 καὶ
778 2525 902 2559 ἀκέραιοι

80 2563 129 2595 ὼς
157 2565 195 2591 αἱ
228 2565 415 2599 περιστιραί;
434 2574 445 2591 ι
462 2567 582 2601 πονηρὸς
610 2569 659 2601 μὲν
679 2568 726 2595 οὖν
738 2570 753 2596 ὁ
778 2569 840 2603 ὄφις
855 2573 903 2597 καὶ

957 1560 1039 1588 verba
1053 1565 1134 1587 sunt:
1156 1559 1259 1586 «Etiam
1275 1558 1309 1585 de
1324 1558 1481 1585 narratione
1505 1557 1594 1593 prisca
1618 1557 1741 1585 intellexi

955 1606 1043 1634 virum
1070 1605 1214 1640 quemdam
1242 1605 1412 1640 principem,
1439 1603 1483 1638 qui
1510 1604 1587 1630 vultu
1611 1603 1743 1630 deformis

955 1655 1037 1683 esset.
1055 1658 1117 1678 cum
1131 1650 1217 1677 filium
1232 1657 1378 1685 procreare
1395 1649 1544 1676 formosum
1555 1649 1647 1681 vellet,
1663 1649 1741 1675 uxori

955 1697 1109 1727 mandasse.
1138 1696 1244 1723 medios
1268 1696 1341 1722 inter
1365 1695 1517 1730 amplexus.
1548 1695 1688 1729 eleganter
1710 1699 1740 1722 ut

955 1749 1114 1777 expressam
1128 1741 1232 1776 pictura
1250 1741 1365 1768 formam
1383 1741 1461 1775 pueri
1482 1741 1627 1775 dil‘genter
1646 1740 1742 1767 intue-

955 1793 1047 1820 retur;
1061 1788 1133 1822 quod
1152 1795 1214 1815 cum
1231 1787 1276 1814 illa
1287 1787 1385 1814 defixis
1399 1787 1427 1813 in
1442 1786 1513 1816 hanc
1525 1786 1612 1814 oculis
1624 1786 1738 1818 faceret,

955 1839 1130 1869 mentemque
1154 1837 1249 1866 totam,
1267 1838 1296 1860 ut
1313 1833 1352 1861 sic
1382 1833 1488 1867 loquar,
1511 1839 1545 1860 eo
1558 1837 1743 1863 converteret,

955 1886 1008 1906 non
1023 1878 1092 1913 patri
1103 1877 1152 1906 sed
1165 1877 1276 1913 imagini
1290 1877 1369 1913 pictae
1380 1877 1548 1905 consimilem
1563 1878 1637 1906 vultu
1653 1877 1742 1905 lilium

955 1925 981 1952 in
1000 1925 1087 1952 lucem
1105 1924 1141 1951 ab
1154 1925 1212 1959 ipsa
1224 1924 1328 1951 editum
1346 1931 1433 1951 esse.»

988 1970 1090 2004 Quodsi
1106 1970 1140 1998 de
1160 1975 1320 2005 serpentum
1342 1969 1523 2005 quorumdam
1544 1973 1640 1996 natura
1662 1968 1740 2003 cupis

953 2017 1054 2053 aliquid
1070 2023 1247 2052 cognoscere,
1263 2015 1398 2043 Nicander
1415 2023 1496 2049 supra
1510 2021 1625 2042 ceteros
1642 2018 1669 2041 te
1690 2013 1741 2041 do-

953 2063 1034 2091 cebit.
1051 2062 1145 2090 Tradit
1166 2062 1189 2089 is
1205 2061 1231 2088 in
1247 2062 1302 2089 suis
1318 2061 1489 2096 poematibus
1499 2059 1615 2095 primum
1635 2059 1694 2087 haec
1707 2059 1740 2086 de

953 2109 1066 2143 viperis.
1105 2107 1224 2135 Femella
1246 2107 1331 2134 maris
1356 2111 1437 2141 caput
1466 2106 1600 2134 insertum
1624 2105 1666 2132 ori
1690 2112 1743 2132 suo

954 2154 1102 2188 recipiens,
1118 2161 1204 2188 eoque
1217 2157 1298 2188 pacto
1316 2160 1346 2180 re
1365 2159 1427 2179 cum
1442 2152 1501 2186 ipso
1516 2151 1619 2183 habita,
1635 2158 1738 2178 marem

919 2195 940 2223 Ι)
956 2204 1045 2228 necat.
1073 2199 1166 2234 Itaque
1179 2199 1345 2229 vindicandi,
1362 2198 1591 2233 quemadmodum
1608 2204 1674 2224 sane
1695 2199 1736 2224 vi-

954 2245 1045 2276 detur.
1061 2245 1146 2280 patris
1163 2252 1244 2272 causa
1258 2244 1330 2271 fctus
1345 2243 1444 2271 deinde
1459 2246 1573 2270 matrem
1589 2242 1642 2277 57
1657 2241 1741 2268 vicis-

953 2292 1004 2320 sim
1018 2291 1166 2322 occidunl;
1191 2297 1254 2317 nam
1271 2294 1395 2325 tempore
1408 2294 1505 2324 partus
1525 2289 1614 2315 alvum
1638 2293 1741 2314 mater-

953 2345 1015 2365 nam
1034 2341 1214 2372 perrumpunt
1229 2341 1309 2372 atque
1328 2336 1364 2363 ita
1380 2335 1407 2362 iu
1424 2336 1512 2362 lucem
1526 2334 1671 2369 prodeunt.
1701 2333 1739 2359 Ea

952 2384 987 2412 de
1002 2390 1085 2411 causa
1104 2383 1261 2410 Praecursor
1276 2382 1320 2409 ille
1338 2380 1565 2409 DominiJudteos
1588 2379 1743 2415 viperinans

953 2429 1073 2457 sobolem
1094 2429 1247 2464 appellabat
1258 2428 1291 2461 “,
1309 2432 1339 2455 ut
1352 2428 1398 2462 qui
1415 2431 1489 2454 vates
1516 2430 1662 2460 patresque
1675 2431 1744 2451 suos

954 2475 1130 2503 occidissent.
1152 2474 1253 2507 Quodsi
1269 2480 1312 2500 res
1325 2473 1366 2500 sic
1382 2476 1537 2507 comparata
1551 2475 1602 2502 est,
1619 2477 1741 2505 quonam

954 2525 1033 2557 pacto
1047 2522 1159 2548 verbum
1181 2520 1245 2547 illud
1269 2519 1457 2554 evangelicum
1482 2523 1524 2546 est
1548 2516 1741 2552 accipiendum

954 2575 1008 2603 quo
1023 2566 1143 2594 dicitur:
1171 2566 1253 2594 «Sitis
1271 2566 1354 2593 astuti
1372 2570 1401 2592 ut
1425 2568 1578 2600 serpentes,
1597 2567 1625 2590 et
1638 2561 1741 2590 sinceri

952 2619 984 2642 ut
998 2615 1131 2642 columbas
1140 2614 1197 2641 ιιι»
1225 2614 1367 2649 improbus
1380 2612 1489 2648 quidem
1504 2618 1536 2638 ac
1554 2610 1744 2645 nequissimus

953 2665 996 2689 est
1009 2668 1104 2687 revera
1121 2667 1252 2695 serpens:
1279 2660 1326 2687 sed
1351 2664 1441 2686 tamen
1459 2658 1581 2693 quatdam
1606 2656 1687 2683 habet
1712 2655 1741 2680 iw

953 2714 1015 2743 qua!
1033 2707 1161 2741 iubemur
1180 2706 1281 2734 intueri
1301 2713 1387 2740 eaque
1408 2704 1519 2732 imitari.
1548 2703 1616 2730 Nam
1631 2707 1659 2728 et
1677 2701 1740 2735 apis

954 2753 976 2780 si
995 2751 1087 2780 frutici
1099 2752 1205 2780 cuidam
1217 2752 1334 2781 insideat
1345 2751 1462 2780 letaliter
1475 2750 1570 2782 noxio,
1582 2748 1654 2776 uuod
1669 2747 1740 2775 utile

78 2609 246 2640 κάκιστος
273 2609 392 2643 ἀληθῶς,
420 2610 490 2638 ἀλλά
514 2612 560 2638 καί
587 2620 649 2641 τινα
675 2614 807 2648 κέκτηται
827 2616 866 2647 εἰς
886 2616 904 2642 ἃ

75 2654 224 2688 βλέπειν
245 2656 451 2691 ἐγκελευόμεθα
478 2658 525 2684 καὶ
547 2658 635 2688 ταῦτα
656 2661 813 2695 μιμεῖσθαι,
842 2662 904 2689 ἐπεὶ

73 2700 137 2726 καὶ
159 2700 181 2734 ἡ
207 2700 326 2735 μέλιττα
349 2701 529 2737 θανατηφόρῳ
547 2703 726 2738 ἑφιζάνουσα.
742 2705 756 2731 ὃ
771 2705 820 2740 μὲν
835 2707 904 2742 χρή-

71 2751 182 2779 σιμον
209 2744 321 2771 ἐκεῖθεν
363 2746 517 2780 ἐκλέγεται,
541 2747 555 2773 ὃ
588 2748 616 2774 δὲ
654 2748 791 2783 χείριστον
816 2750 904 2778 ἐκεῖσε

113 2821 152 2839 ⁵³
190 2823 268 2849 Luc.
287 2832 328 2854 ιιι,
346 2824 371 2850 7.
409 2825 431 2840 δ’
447 2825 542 2852 Matth.
559 2834 587 2859 x,
604 2827 646 2854 16.
