1944 3072
199 149 251 183 127

832 150 1042 181 MlCIIAELlS
1062 151 1192 182 GLYC/E

1763 149 1811 180 ίΞῖ

199 213 243 236 est
262 209 324 237 indc
338 209 440 244 seligit,
461 216 533 244 quoo
551 208 652 236 malum
667 208 781 236 missum
795 207 872 236 facit.
900 207 981 243 igitur

1037 208 1145 243 ἀφίησι.
1180 207 1302 243 Πρόσσχε
1318 205 1375 236 οὖν.
1412 208 1442 234 '0
1458 208 1519 242 ὄφις
1537 205 1704 240 τυπτόμενος
1722 204 1752 232 ἰδ
1769 205 1815 240 μὲν

199 256 320 282 animum
332 255 398 282 mihi
412 255 490 282 velim
500 255 637 282 advertas.
655 253 776 289 Serpens
784 261 846 281 cum
858 253 982 286 caeditur,

199 308 299 335 corpus
313 301 421 335 quidem
437 301 572 336 reliquum
595 300 681 335 plagis
700 300 822 335 exponit,
845 304 874 327 at
893 300 982 327 solum

198 351 278 381 caput
300 346 376 382 tegit,
390 347 468 381 quasi
493 347 576 374 sciret
596 353 630 374 eo
644 346 726 373 vitam
742 353 818 374 suam
835 345 981 373 contineri.

197 391 243 418 Sic
257 391 338 418 etiam
356 399 405 419 nos
419 396 540 426 tempore
568 391 766 426 persecutionis
788 392 879 419 facere
898 391 984 419 debe-

197 444 277 464 mus:
295 437 481 471 relinquemus
491 437 592 464 scilicet
607 437 712 468 omnia,
724 436 806 464 modo
821 441 901 472 caput
918 437 984 464 reti-

197 489 311 508 neamus
330 486 412 516 atque
424 489 576 513 servemus.
589 482 663 517 quod
679 482 807 510 Christus
821 487 864 510 est
879 487 906 510 et
923 482 982 517 ipsa

198 528 275 554 lidcs.
304 527 378 554 Idem
395 534 508 561 serpens
528 527 575 554 ubi
589 527 735 555 consenuit
745 532 771 555 et
783 528 923 555 oculorum
936 528 984 555 lie-

198 572 328 600 betudine
345 572 467 600 laborare
481 572 575 607 cu’pit.
595 573 712 607 primum
728 577 911 608 temperanter
927 574 984 601 vic-

200 618 262 646 titat
275 623 303 646 ct
313 619 423 653 jejunus
435 619 592 652 aliquandiu
608 624 711 652 manet,
726 619 824 647 deinde
835 627 884 654 per
894 625 982 647 artum

201 664 349 697 quemdam
365 669 484 691 meatum
503 664 531 691 in
552 669 652 692 terram
669 669 826 699 penetrans,
854 670 882 693 et
903 666 984 693 modo

200 709 318 744 quodam
331 709 461 736 inusitato
472 714 562 737 cutem
576 714 659 736 totam
670 717 783 742 exuens,
800 710 909 744 juvenis
921 710 984 739 inde

201 756 326 783 discedit.
359 755 405 783 Sic
421 763 472 783 nos
486 763 606 790 quoque,
619 763 680 783 cum
696 763 729 783 ex
743 757 864 791 peccatis
879 764 980 784 conse-

200 801 320 834 nuimus,
339 807 387 834 per
399 805 484 828 artam
497 801 570 828 viam
585 801 718 829 incedere
730 802 872 835 debemus,
886 807 917 830 ut
932 803 984 831 hoc

199 852 278 881 pacto
290 846 412 874 innuvati
424 846 458 874 ad
473 851 575 874 statum
588 847 828 882 conditionemque
840 847 982 882 pristinam

198 896 380 919 revertamur.
408 892 511 924 Quodsi
532 892 679 927 aliquando
695 892 769 920 sitiat
793 892 875 926 inque
898 897 982 928 puteo

198 943 374 966 contacturus
389 943 432 966 est
448 945 558 973 aquam,
575 938 665 973 primo
681 938 756 966 virus
771 946 852 966 suum
868 939 981 973 evomit,

197 991 230 1011 ac
248 984 347 1012 deinde
361 985 394 1012 ad
412 984 514 1012 fontem
535 978 652 1012 accedit.
679 984 726 1012 Sic
738 985 820 1012 etiam
839 991 900 1017 nos,
918 992 983 1013 cum

196 1029 231 1056 ad
243 1029 363 1056 divinum
379 1029 443 1056 illud
453 1028 580 1063 poculum
592 1029 731 1057 accessuri
741 1036 850 1061 sumus,
862 1034 890 1056 et
904 1037 985 1057 uren-

197 1075 235 1102 tia
250 1082 301 1102 nos
329 1079 442 1109 peccata
463 1082 603 1108 sanemus,
627 1082 736 1102 omnem
763 1074 839 1110 prius
851 1075 985 1103 vitiosita-

197 1125 254 1148 tem
280 1120 414 1148 debemus
437 1120 567 1154 abjicere.
595 1124 677 1154 atque
701 1119 739 1147 ita
762 1127 814 1147 nos
831 1120 866 1148 ad
891 1128 983 1148 sacro-

196 1171 289 1193 sancta
300 1154 427 1201 m’ysleria
438 1165 575 1193 conferre.
588 1165 790 1198 Quamobremu
800 1167 915 1195 Domino
921 1175 985 1203 prae-

195 1211 270 1238 claro
286 1211 388 1238 dictum
397 1211 440 1238 vel
450 1211 483 1239 de
491 1211 713 1239 commemoratis
722 1212 910 1246 intelligimus:
933 1212 1015 1241 «Sitis

232 1256 319 1283 Debes
329 1260 419 1283 autem
434 1261 566 1290 praeterea
579 1257 649 1284 scire
663 1262 821 1292 serpentum
832 1265 893 1285 esse
906 1259 981 1286 varia

195 1301 357 1335 diversaque
370 1308 482 1336 genere.
508 1301 577 1328 Nam
603 1302 648 1329 alii
666 1303 814 1330 celerrime
830 1303 981 1339 perimunt,

197 1346 242 1372 alii
259 1346 372 1374 tardius.
403 1346 469 1373 Item
487 1346 532 1374 alii
550 1353 644 1374 morsu
667 1348 815 1382 perniciem
851 1348 981 1381 aderunt,

198 1391 243 1417 alii
259 1391 376 1425 quodam
402 1391 456 1419 alio
472 1391 565 1419 modo.
598 1392 718 1427 Serpens
737 1393 761 1420 is
782 1401 862 1428 quem
888 1394 982 1422 basili-

200 1443 278 1463 scnm
300 1441 408 1469 vocant,
422 1438 502 1472 cujus
517 1438 600 1464 etiam
616 1439 725 1472 sapiens
740 1438 784 1465 ille
797 1438 915 1467 Galenus
926 1447 984 1468 me-

197 1482 276 1509 minit
293 1483 326 1509 ad
347 1483 473 1510 Pisonem
496 1484 528 1511 de
547 1483 667 1512 theriaca
685 1484 836 1517 disserens,
853 1486 912 1514 solo
934 1486 979 1514 in-

198 1528 268 1555 tuitu
284 1533 365 1555 necat
383 1536 444 1556 eum
463 1530 510 1564 qui
527 1530 614 1565 ipsum
632 1530 747 1565 aspexit.
764 1530 823 1564 Quo
838 1532 867 1559 [lt
883 1537 912 1559 ut
925 1532 980 1560 Lit-

198 1578 263 1601 terte
278 1581 363 1602 sacrae
379 1575 445 1602 nihil
459 1575 567 1602 oculum
586 1575 707 1603 invidum
722 1576 756 1604 ab
771 1577 907 1612 ejusmodi
923 1585 981 1606 ser-

197 1623 279 1653 pente
291 1619 401 1647 din‘erre
418 1620 535 1648 tradant.
550 1620 784 1654 Quemadmodum
797 1623 869 1650 enim
883 1624 918 1652 ab
931 1624 982 1652 hac

197 1663 283 1691 bestia
302 1664 431 1699 quiddam
453 1665 563 1693 exitiale
588 1670 732 1700 promanat
755 1667 826 1702 quod
843 1668 980 1696 hominem

198 1710 334 1743 perimere
360 1714 461 1743 potest,
488 1709 527 1737 sic
552 1710 635 1737 etiam
652 1710 686 1738 de
710 1711 798 1739 invidi
810 1713 896 1740 oculis
915 1721 981 1740 con-

196 1755 288 1782 simile
306 1754 433 1789 quiddam
447 1754 513 1782 exit.
529 1754 561 1782 Et
572 1755 668 1782 mirum
684 1755 735 1783 hoc
747 1756 774 1783 in
787 1757 893 1791 primis,
907 1759 980 1793 quod

197 1800 255 1828 suis
265 1807 462 1835 nonnunquam
479 1800 628 1835 perniciem
640 1800 765 1828 afferant.
785 1801 878 1837 Neque
890 1808 981 1831 tamen

198 1845 251 1873 hoc
277 1853 379 1873 novum
402 1846 530 1880 cuiquam
553 1846 697 1874 vldeatur:
724 1847 828 1875 iaciunt
853 1849 925 1876 enim
953 1849 981 1877 id

199 1891 255 1925 58
266 1891 299 1918 ad
320 1891 392 1924 quod
406 1898 421 1918 a
442 1896 538 1918 natura
554 1897 618 1919 suul
643 1893 804 1928 comparati.
828 1900 882 1920 non
907 1893 980 1928 quod

196 1935 302 1962 volunt.
320 1934 420 1968 Quodsi
439 1934 588 1966 Eutelidas.
604 1940 634 1962 ut
644 1941 687 1964 est
706 1937 778 1971 apud
794 1937 979 1969 Plutarchum,

197 1988 260 2009 suos
288 1981 372 2016 ipsius
392 1981 487 2008 oculos
516 1981 545 2008 in
569 1989 640 2016 aqua
653 1987 814 2015 conspectos
826 1982 979 2016 iascinavit,

196 2035 259 2054 cum
286 2027 379 2054 formae
402 2031 574 2054 venustatem
597 2034 674 2054 suam
700 2027 796 2056 fuisset
819 2028 979 2061 admiratus,

197 2073 284 2100 multo
298 2073 384 2107 magis
403 2072 512 2099 invidus
536 2073 633 2099 oculus
657 2072 703 2100 alii
732 2073 882 2108 perniciem
900 2073 978 2106 feret,

197 2119 276 2154 quasi
300 2119 383 2145 telum
412 2118 548 2152 quoddam
569 2123 734 2146 venenatum
761 2119 923 2154 corporibus
946 2119 979 2147 iis

197 2173 258 2199 quae
273 2168 420 2192 contui-tur
434 2164 596 2192 imminens.
613 2164 647 2191 Et
664 2165 720 2191 haec
733 2164 843 2199 quidem
857 2170 914 2193 tum
931 2173 978 2193 ex-
996 2184 1017 2211 υ

197 2210 332 2246 perientia
349 2215 407 2237 tum
424 2210 566 2245 superiora
580 2214 701 2244 tempora
721 2210 884 2238 docuerunt.
910 2211 979 2239 Nam

196 2255 268 2283 oculi
285 2255 381 2289 partim
396 2260 480 2290 agunt
497 2256 593 2290 partitn
611 2257 760 2290 patiuntur,
785 2264 858 2284 nunc
877 2257 979 2290 aliquid

196 2299 351 2326 emittentes
367 2306 440 2326 nunc
455 2300 631 2334 recipientes,
644 2299 872 2334 quemadmodum
887 2307 981 2328 aman-

197 2345 269 2372 tibus
281 2349 309 2371 et
322 2340 418 2372 amatis
431 2345 576 2372 usuvenire
595 2345 727 2372 videmus.
745 2344 858 2380 Magnus
869 2345 915 2372 illc
929 2345 980 2372 Ba-

197 2389 275 2416 silius
291 2390 495 2424 inscriptionem
509 2389 698 2417 Psalmixnm
712 2397 841 2417 enarrans
854 2398 861 2416 :
880 2390 980 2425 (Equi-

197 2435 270 2467 dcm,
296 2436 345 2467 ait,
369 2435 395 2462 id
418 2435 489 2470 quod
512 2435 609 2468 fertur,
625 2435 719 2463 oculos
744 2435 828 2463 telum
844 2436 979 2471 quoddam

199 2487 362 2508 \cneuatum
379 2481 519 2517 ejaculari,
535 2487 664 2517 tanquam
692 2483 803 2518 vulgare
828 2491 860 2511 ac
874 2491 888 2510 a
904 2488 981 2511 vetn-

197 2528 230 2556 lis
258 2526 438 2563 excogitatum
466 2528 492 2555 in
517 2529 661 2556 mulierum
676 2529 851 2556 conclavibus
876 2530 978 2565 ri-jicio.

199 2572 262 2599 Dico
277 2577 369 2598 autem
385 2572 470 2599 malos
485 2572 598 2607 genios,
625 2573 672 2608 qui
694 2572 759 2600 odio
776 2573 839 2599 boui
853 2572 978 2608 ﬂagrant,

196 2619 218 2646 si
232 2627 300 2653 quas
317 2618 455 2653 reperiant
469 2624 666 2646 consentaneas
684 2619 751 2655 ipsis
764 2624 792 2646 et
800 2619 922 2647 addictas
934 2627 980 2647 vo-

197 2666 326 2698 luntates,
353 2666 386 2693 iis
412 2665 525 2693 omnino
553 2674 603 2701 pro
629 2666 704 2693 libitn
730 2670 758 2693 et
783 2666 915 2694 arbitratu
929 2673 980 2693 suo

197 2712 281 2739 abuti.
315 2711 376 2746 Quo
404 2712 434 2740 lit
457 2717 486 2739 ut
509 2714 592 2739 etiam
619 2711 817 2739 lascinalorum
839 2712 928 2739 oculis
945 2712 979 2739 ad

197 2766 253 2785 sua:
267 2759 415 2786 voluntatis
429 2758 611 2787 ministerium
630 2763 767 2785 utantur.»

235 2805 378 2832 maiust-us
393 2806 514 2840 quidem,
531 2805 564 2832 de
585 2812 639 2839 quo
655 2812 728 2831 nunc
750 2803 898 2839 loquimur,
924 2811 978 2831 non

199 2850 249 2877 hoc
265 2856 368 2879 tantum
389 2851 480 2884 modo,
497 2858 589 2878 verum
603 2851 684 2878 etiam
701 2850 781 2878 sibilo
804 2849 876 2877 lmdit
899 2857 979 2877 aures

1036 254 1110 282 ἅπαν
1123 253 1206 281 αὐτοῦ
1224 254 1304 289 σῶμα
1318 253 1474 289 προδίδωσι,
1492 253 1542 286 τὴν
1554 252 1582 279 δὲ
1600 252 1723 288 κεφαλὴν
1735 251 1815 279 αὑτοῦ

1034 301 1161 335 κρύπτει,
1177 300 1271 336 ἐπειδὴ
1285 300 1335 336 τὴν
1351 299 1450 328 ἑαυτοῦ
1470 299 1543 335 ζωὴν
1563 299 1640 330 ειδὼς
1661 298 1750 334 ἑαυτῷ
1768 307 1817 325 πε-

1035 346 1184 381 ριέχεσθαι.
1202 346 1281 373 Οὕτω
1295 347 1342 373 καὶ
1354 347 1433 381 ἡμεῖς
1453 346 1484 372 ὲν
1499 345 1590 381 καιρῷ
1601 344 1724 379 διωγμοῦ
1743 344 1816 378 ὀφει-

1034 393 1116 426 λομεν
1132 393 1229 425 ποιεῖν,
1252 392 1341 419 πάντα
1359 393 1409 426 μιν
1428 391 1565 427 προϊέναι.
1586 391 1638 426 τὴν
1651 391 1773 426 κεφαλὴν
1790 391 1817 417 δὲ

1034 437 1194 472 φυλάσσειν.
1207 438 1269 472 ἥτις
1285 437 1359 464 ἐστὶν
1369 437 1384 463 ό
1398 436 1515 472 Χριστὸς
1529 436 1577 463 καὶ
1593 437 1610 472 ἠ
1625 436 1716 468 πίστις
1730 436 1816 471 ἡμῶν.

1035 483 1116 517 Ὄφις
1135 482 1262 517 γηράσας
1276 482 1314 514 ὡς
1329 482 1364 508 τὰ
1381 481 1465 509 πολλὰ
1478 482 1526 508 καὶ
1541 481 1723 516 ἀμϐλυωπίαν
1742 481 1819 515 νοσή-

1035 537 1096 560 σας,
1116 528 1223 563 πρῶτον
1237 528 1286 562 μὲν
1299 527 1498 563 ἐγκρατεύεται
1514 528 1561 553 καὶ
1577 527 1671 561 νῆστις
1684 526 1818 561 διαμένει,

1034 572 1084 601 εἷθ’
1109 574 1196 606 οὕτως
1220 574 1264 600 διὰ
1286 573 1424 600 στενωποῦ
1450 581 1523 604 τινος
1548 572 1750 607 καταδυόμενος
1774 571 1819 598 καὶ

1033 620 1123 655 δέρμα
1137 619 1299 653 παραδόξως
1313 619 1385 645 ἅπαν
1401 618 1601 651 ἀπεκδυόμενος
1615 617 1675 648 νέος
1687 616 1765 647 αὖθις
1777 616 1821 649 γί-

1034 672 1120 691 νεται.
1139 663 1216 690 Οὕτω
1231 664 1279 690 καὶ
1291 663 1371 698 ἡμεῖς
1383 664 1415 697 τῇ
1435 663 1558 697 ἀμαρτέᾳ
1574 661 1818 696 καταγηράσαντας

1034 710 1077 737 διὰ
1092 710 1141 744 τῆς
1161 709 1257 744 στενῆς
1279 711 1330 736 καὶ·
1346 709 1531 743 τεθλιμμένης
1548 707 1609 734 ὀδοῦ
1623 707 1753 741 βαδίζειν,
1772 705 1821 732 καὶ

1033 756 1120 788 οὕτως
1134 756 1329 790 ἀνανεούμενοι
1346 756 1386 786 εις
1404 755 1455 789 τὴν
1475 754 1593 790 ἀρχαίαν
1612 753 1697 781 πάλιν
1714 754 1821 780 ἀποκα-

1033 802 1165 829 τάστασιν
1195 801 1335 836 ἔρχεσθαι.
1369 801 1450 833 Ὄφις
1480 800 1599 835 διψήσας
1626 799 1694 826 ποτὲ
1720 799 1767 825 καὶ
1791 798 1821 825 ὲν

1035 848 1134 884 φρέατι
1150 847 1256 883 μέλλων
1275 847 1371 879 ὓδατος
1386 846 1507 881 ἅψασθαι
1519 866 1527 880 ,
1542 846 1639 882 πρῶτα
1658 845 1709 881 μὲν
1728 844 1822 878 ἐξεμεῖ

1032 895 1079 921 τὸν
1097 894 1146 926 ίδν,
1167 892 1217 920 εἷθ’
1231 893 1318 924 οὕτως
1327 894 1361 928 τῇ
1377 894 1453 928 πηγῇ
1466 892 1661 927 προσέρχεται.
1678 891 1758 918 Οὕτω
1773 890 1821 916 καὶ

1033 940 1116 975 ἡμεῖς
1131 940 1170 975 τῷ
1193 939 1258 975 θείῳ
1272 939 1416 975 μέλλοντες
1444 938 1604 974 προσελθεῖν
1621 937 1757 973 ποτηρίῳ,
1773 936 1821 963 ἅτε

1033 985 1066 1021 δὴ
1078 985 1128 1020 τὴν
1145 985 1311 1012 ὲκκαίουσαν
1326 985 1401 1020 ἡμᾶς
1416 984 1555 1020 ἁμαρτίαν
1570 984 1713 1017 ίάσασθαι,
1728 984 1821 1010 πᾶσαν

1034 1032 1135 1059 κακίαν
1159 1032 1295 1067 πρότερον
1308 1031 1490 1067 ἀπορρίπτειν
1510 1030 1667 1066 ὀφείλομεν,
1684 1031 1733 1057 καὶ
1749 1030 1821 1057 οὕτω

1033 1079 1091 1110 τοῖς
1107 1078 1271 1113 μυστηρίοις
1292 1077 1504 1114 προσέρχεσθαι.
1519 1077 1616 1108 Καλῶς
1631 1076 1680 1103 οὖν
1695 1077 1742 1104 ἐπὶ
1760 1076 1821 1103 τού-
1871 1095 1874 1102 .

1033 1129 1091 1153 τοις
1119 1122 1133 1148 ὸ
1144 1121 1246 1156 Κύριος
1261 1121 1337 1155 ἔλεγε
1348 1129 1356 1137 ⁰
1374 1130 1384 1147 ι
1410 1121 1521 1148 Γίνεσθε
1535 1121 1664 1156 φρόνιμοι
1687 1122 1726 1154 ὡς
1744 1122 1770 1148 οἱ
1791 1121 1821 1148 ὃς

1035 1176 1106 1202 φεις.
1128 1177 1138 1194 ι
1152 1168 1209 1194 Καὶ
1224 1169 1289 1203 περὶ
1305 1168 1355 1203 μὲν
1368 1168 1470 1195 τούτων
1483 1167 1579 1200 οὕτως.

1032 1214 1116 1241 astuti
1134 1218 1165 1240 ut
1182 1219 1333 1249 serpentes.
1351 1223 1362 1241 ι
1375 1214 1416 1241 Ac
1430 1213 1464 1241 de
1477 1214 1520 1241 his
1537 1214 1648 1248 quidem
1672 1215 1820 1243 hactenus.

1068 1260 1191 1286 Γίνωσκι
1211 1259 1250 1292 δι,
1277 1259 1413 1293 ἁγαπητὲ,
1430 1259 1472 1286 ὅτι
1489 1259 1606 1294 διάφορά
1621 1261 1678 1287 εισι
1699 1262 1749 1288 καὶ
1764 1269 1823 1287 ποι-

1033 1305 1095 1333 κίλα
1126 1305 1193 1340 γένη
1210 1305 1265 1332 τῶν
1298 1306 1397 1339 ὗφεων.
1418 1305 1450 1332 οι
1480 1305 1531 1341 μὲν
1548 1307 1602 1342 γὰρ
1617 1306 1712 1333 αὐτῶν
1725 1307 1824 1334 θᾶττον

1032 1351 1200 1387 ἀναιροῦσιν,
1221 1352 1246 1378 ol
1260 1351 1288 1379 δὲ
1305 1352 1400 1387 βραδὺ,
1415 1352 1462 1379 καὶ
1480 1353 1557 1380 ἄλλοι
1571 1353 1621 1388 μὲν
1639 1353 1764 1389 δήγμασι
1777 1353 1824 1380 τδν

1032 1397 1143 1433 ὖλεθρον
1153 1398 1292 1433 φέρουσιν,
1311 1398 1400 1433 ἔταροι
1414 1398 1444 1425 δὲ
1458 1398 1520 1425 καθ’
1531 1398 1624 1435 ἕτερον
1639 1400 1755 1434 τρόπον.
1768 1399 1824 1426 Αὐ-

1031 1444 1096 1472 τίκα
1109 1445 1124 1471 ὁ
1137 1443 1198 1478 ὄφις
1214 1443 1383 1478 καλούμενος
1404 1443 1573 1479 βασιλίσκος,
1591 1441 1622 1471 οὗ
1639 1445 1689 1471 καὶ
1704 1446 1718 1471 ὁ
1739 1445 1822 1480 σοφὸς

1033 1490 1172 1526 μέμνηται
1188 1490 1306 1525 Γαληνὸς
1324 1490 1389 1526 περὶ
1410 1490 1544 1526 θηριακῆς
1564 1491 1632 1526 πρὸς
1643 1490 1757 1518 Πίσωνα
1777 1491 1823 1518 τὸν

1031 1536 1110 1570 λόγον
1140 1536 1314 1571 ποιούμενος,
1329 1536 1378 1563 καὶ
1404 1536 1458 1563 ἀπὸ
1488 1537 1571 1572 μόνης
1595 1536 1686 1572 ὅψεως
1712 1538 1824 1574 ἀναιρεῖ

1031 1581 1095 1612 τοὺς
1125 1581 1282 1616 ἑωρακότας
1311 1580 1402 1608 αὐτόν.
1423 1580 1520 1607 Ἔνθεν
1541 1589 1582 1608 τοι
1608 1581 1654 1608 τὸν
1683 1582 1822 1617 βάσκανον

1030 1626 1171 1662 ὀφθαλμὸν
1181 1626 1227 1653 τοῦ
1241 1626 1362 1653 τοιούτου
1376 1626 1464 1661 ιφεως
1488 1627 1671 1662 διενηνοχέναι
1698 1630 1783 1664 φησὶν
1802 1630 1820 1664 ἡ

1032 1672 1147 1707 Γραφή⁶
1163 1672 1290 1707 καθάπερ
1307 1673 1362 1708 γὰρ
1375 1673 1430 1700 ἀπὸ
1443 1673 1520 1700 τοῦδε
1532 1673 1579 1701 τοῦ
1595 1674 1678 1709 θηρὸς
1693 1676 1820 1712 ὀλέθριόν

1030 1725 1057 1750 τι
1076 1716 1166 1753 ῥεῦμα
1184 1717 1329 1752 ἐκφέρεται
1353 1719 1527 1753 παραχρῆμα
1547 1718 1718 1754 διαφθείρειν
1736 1721 1819 1748 δυνά-

1034 1771 1123 1798 μενον,
1142 1762 1213 1790 οὕτω
1228 1765 1276 1790 καὶ
1287 1763 1317 1795 ἐξ
1332 1763 1420 1790 αὐτῶν
1433 1764 1487 1790 τῶν
1498 1763 1544 1790 τοῦ
1561 1765 1700 1799 βασκάνου
1714 1767 1818 1801 ὀφθαλ-

1033 1810 1102 1844 μῶν.
1121 1810 1176 1836 Καὶ
1195 1809 1226 1836 τὸ
1255 1809 1288 1845 δὴ
1309 1809 1475 1844 θαυμαστὸν,
1489 1810 1530 1836 ὅτι
1558 1812 1605 1837 καὶ
1619 1812 1713 1844 αὐτοῖς
1730 1814 1819 1841 ὲνίοτε

1032 1856 1087 1886 τοῖς
1102 1855 1213 1886 οἰκείοις
1227 1856 1274 1882 καὶ
1289 1855 1417 1890 συνήθεσι
1428 1856 1473 1882 τδν
1489 1855 1601 1891 θλεθρον
1619 1857 1744 1893 φέρουσι.
1763 1861 1819 1887 Καὶ

1031 1901 1125 1928 καινὸν
1143 1902 1190 1928 ἐπὶ
1210 1901 1316 1932 τούτοις
1332 1902 1426 1928 οὐδέν’
1440 1901 1454 1928 ὖ
1470 1902 1525 1937 γὰρ
1550 1902 1717 1937 πεφύκασιν,
1738 1907 1789 1942 οὐχ
1804 1908 1820 1934 δ

1031 1945 1172 1979 βούλονται
1192 1945 1310 1972 ποιοῦσι.
1325 1947 1381 1972 Καὶ
1399 1946 1437 1981 μὴ
1448 1946 1572 1981 θαύμαζε
1591 1948 1686 1975 τούτου
1703 1950 1817 1977 ῐνεκεν·

1031 1992 1055 2018 ιι
1067 1992 1122 2026 γὰρ
1138 1992 1240 2027 ἑαυτῷ,
1262 1992 1335 2019 καθά
1351 2000 1418 2027 φησι
1436 1993 1620 2035 Πλούταρχος,
1640 1994 1654 2020 ὸ
1668 1995 1819 2028 Εὐτελίδας

1031 2035 1166 2069 Mduqu
1181 2036 1231 2070 τὴν
1246 2035 1307 2070 δψιν
1330 2036 1413 2062 αὐτοῦ
1433 2036 1548 2062 κατιδὼν
1562 2038 1591 2063 έν
1607 2036 1684 2063 ὕδατι
1699 2039 1749 2065 καὶ
1764 2040 1817 2074 τῆς

1031 2081 1106 2116 ὥρας
1118 2082 1277 2116 ἐκπλαγεὶς,
1301 2081 1392 2116 πολλῷ
1406 2082 1506 2116 μᾶλλον
1521 2082 1627 2118 ἑτέροις
1646 2082 1744 2115 ἑπάξει
1768 2085 1817 2111 τὸν

1030 2126 1140 2160 ὗλεθρον
1154 2127 1168 2153 ό
1194 2127 1332 2162 βάσκανος
1355 2127 1504 2162 ὀφθαλμὸς,
1521 2126 1598 2162 βέλος
1626 2127 1722 2162 ὥσπερ
1739 2128 1818 2160 ἰῶδες

1031 2173 1087 2204 τοῖς
1101 2171 1254 2207 ὁρωμένοις
1269 2172 1348 2199 τοῦτο
1363 2172 1455 2203 ὶνιείς.
1470 2173 1524 2199 Καὶ
1540 2172 1627 2199 ταῦτα
1641 2173 1689 2208 μὲν
1704 2173 1721 2207 ὴ
1732 2174 1818 2208 πεῖρα

1030 2219 1076 2244 καί
1092 2218 1106 2243 ό
1121 2217 1215 2252 χρόνος
1248 2217 1382 2244 ἀνέκαθεν
1404 2217 1521 2249 ἔδειξεν·
1555 2218 1580 2244 οί
1608 2218 1662 2254 γὰρ
1678 2218 1818 2253 ὀφθαλμοὶ

1029 2263 1077 2290 καὶ
1088 2263 1173 2298 δρῶσι
1192 2262 1240 2288 καὶ
1256 2264 1404 2296 πάσχουσι,
1424 2263 1489 2289 ποτὲ
1497 2263 1547 2295 μὲν
1561 2263 1728 2298 πέμποντες,
1748 2264 1818 2290 ποτὲ

1029 2306 1058 2334 δὲ
1076 2307 1227 2342 δεχόμενοι,
1243 2306 1280 2338 ὡς
1298 2307 1409 2332 ἐπὶτῶν
1427 2307 1575 2342 ἐρωμένων
1588 2305 1664 2333 ἐστιν
1679 2307 1758 2334 ίδεῖν.
1785 2308 1817 2335 ’0

1030 2353 1057 2380 δὲ
1072 2354 1159 2388 μέγας
1174 2353 1315 2384 Basilum;
1331 2354 1360 2379 ὲν
1368 2350 1408 2385 οἷς
1422 2352 1598 2387 ὲπσξηγείται
1613 2353 1663 2388 τὴν
1677 2353 1726 2379 τοῦ
1738 2362 1820 2389 τρια-

1031 2399 1127 2425 κοστοῦ
1142 2399 1236 2433 τρίτου
1255 2399 1365 2434 ψαλμοῦ
1393 2399 1564 2434 ἐπιγραφὴν,
1578 2399 1626 2426 καὶ
1638 2399 1700 2426 τάδε
1719 2400 1818 2435 φησιν’

1033 2454 1044 2470 ‹
1068 2444 1136 2472 Ἀλλ’
1156 2444 1211 2478 ιγὼ
1228 2445 1307 2471 τοῦτο
1322 2446 1425 2479 μέντοι,
1445 2446 1477 2472 τὸ
1507 2445 1582 2480 βέλος
1608 2445 1685 2477 ἰῶδες
1710 2447 1822 2482 ἐκπέμ-

1031 2498 1093 2516 πειν
1119 2491 1182 2522 τοὺς
1202 2489 1371 2525 ὀφθαλμοὺς,
1397 2492 1599 2526 ἁποπέμπομαι
1629 2491 1666 2523 ὡς
1689 2491 1820 2526 δημῶδες

1030 2536 1079 2563 καὶ
1091 2537 1123 2571 τῇ
1146 2536 1348 2570 γυναικωνίτιδι
1380 2538 1566 2572 παρεισαχθὲν
1597 2539 1650 2565 ὑπὸ
1675 2541 1819 2574 γραιδων·

1030 2583 1119 2609 έκεῖνο
1139 2581 1168 2608 δέ
1182 2589 1266 2616 φημι,
1287 2583 1328 2610 ὅτι
1346 2583 1372 2609 ol.
1386 2584 1529 2618 μισύκαλοι
1548 2585 1687 2619 δαίμονες.
1701 2587 1819 2616 ἐπειδὰν

1029 2626 1131 2658 οίκείας
1146 2626 1252 2658 ἑαυτοῖς
1262 2626 1364 2661 εὕρωσι
1379 2629 1567 2663 προαιρέσεις,
1587 2630 1724 2663 παντοίως
1743 2632 1819 2661 ὥστε

1032 2675 1080 2700 καὶ
1093 2675 1151 2706 τοῖς
1170 2673 1323 2709 ὀφθαλμοῖς
1339 2674 1394 2701 τῶν
1406 2674 1560 2709 βασκάνων.
1579 2685 1590 2701 ι

1071 2804 1234 2839 Διαληφθεὶς
1246 2804 1293 2831 οὖν
1308 2804 1322 2830 ὁ
1335 2804 1407 2838 ὄφις,
1423 2805 1565 2832 τουτίστιν
1577 2807 1591 2832 ὁ
1602 2805 1773 2841 βασιλίσκος,
1784 2809 1817 2834 οὐ

1032 2849 1112 2884 μόνον
1131 2849 1170 2884 τῷ
1197 2848 1332 2884 βλέμματι
1356 2851 1418 2882 τοὺς
1442 2851 1596 2885 ἰνορῶντας
1627 2852 1708 2878 αὐτὸν
1727 2861 1818 2880 κατα-
