1957 3073
176 101 226 134 131

812 103 1023 138 MlClIAELlS
1043 108 1172 139 GLYCIE

1741 112 1796 147 132

176 164 310 191 vetereto,
326 165 388 186 cum
405 158 500 186 aestivo
517 162 640 193 tempore
655 159 743 194 spicas
760 162 900 196 vellerent,
918 163 950 191 sit

1015 164 1076 198 δρες
1091 161 1162 197 τινὲς
1179 167 1297 200 στάχυας
1332 166 1445 194 ἔτιλλον.
1470 167 1526 195 Καὶ
1552 169 1630 196 τοῦτο
1655 172 1796 204 ποιοῦντες

178 206 263 233 fuisse
292 209 443 239 correptos.
476 204 569 239 Itaque
600 205 739 233 vasculum
764 207 797 234 ad
825 209 960 243 quoddam

175 252 241 278 vino
259 251 370 286 plenum
387 251 552 282 cucurrisse,
575 251 648 285 quod
667 259 701 279 eo
720 259 749 279 se
769 254 841 281 sitim
856 255 961 282 exstin-

178 302 270 324 cturos
284 301 437 331 sperarent.
482 296 582 323 Verum
600 305 631 324 ca
654 305 702 332 spe
717 299 870 333 excidisse;
899 308 960 327 nam

176 344 270 378 vipera
287 344 378 370 subito
397 344 459 371 inde
475 344 620 378 prosiliens
638 345 762 372 homines
784 347 817 373 ah
836 347 960 375 instituto

176 389 331 415 revocabat.
363 388 432 420 Quid
456 390 605 415 secundum
624 390 681 416 haec
707 390 819 417 evenit?
844 391 962 418 Snmunt

175 436 282 465 vinum,
299 435 379 468 idque
395 434 502 461 cuidam
519 434 622 461 homini
640 435 738 462 misere
751 436 850 463 allecto
870 437 960 471 porri-

175 486 254 517 gunt,
283 485 313 508 ut
337 481 389 507 hoc
416 485 497 514 epoto
512 482 595 508 cilius
614 481 696 509 tantis
708 481 848 509 doloribus
862 483 961 510 libera-

175 532 261 558 retur,
279 534 331 553 nec
347 534 433 560 usque
447 526 515 553 adeo
532 527 637 553 tristem
662 528 778 562 amplius
798 529 881 555 vitam
897 536 961 564 age-

175 577 225 599 ret.
247 572 352 606 Accipit
371 573 491 599 oblatum
512 572 557 599 ille
573 572 678 605 vinum,
702 577 804 600 etcum
822 575 961 609 voluptate

174 617 313 644 exhaurit.
343 617 403 644 Mox
421 625 481 645 sese
506 618 602 645 morbo
621 618 734 646 liberari
757 620 959 648 animadvertit.

174 662 357 694 Quamobrem
378 662 413 688 ab
435 662 481 689 illo
498 665 620 696 tempore
634 670 732 690 carnes
754 664 882 698 viperina:
897 665 961 693 huic

174 707 321 741 pharmaco
346 707 455 734 misceri
479 713 692 740 consueverunt,
706 708 750 735 cui
769 708 894 737 theriacae
908 718 960 737 no-

174 760 236 778 men
252 753 345 778 datum
359 758 400 779 est
411 760 425 778 a
440 752 506 779 feris
519 757 601 786 atque
615 753 721 785 bestiis,
735 754 835 788 quibus
850 755 883 781 ad
898 762 958 781 eam

174 797 371 824 conficiendam
393 797 506 824 utimur.
538 797 572 824 Et
598 798 726 825 conducit
754 798 780 825 in
806 799 901 833 primis
925 801 958 827 ad

1012 209 1084 245 δίψει
1102 211 1222 245 γίνονται
1237 213 1359 247 κάτοχοι.
1373 214 1465 250 Ταύτῃ
1477 223 1517 241 τοι
1532 217 1580 242 καὶ
1606 217 1673 252 προς
1687 219 1797 252 ἀγγεῖον

1013 255 1126 291 ἔτρεχον
1141 258 1214 284 οῐνου
1233 259 1344 294 μεστὸν,
1358 259 1516 292 ἐλπίζοντες
1544 260 1650 290 ἐκεῖθεν
1672 264 1796 291 ἀπαλλα-

1012 302 1063 336 γὴν
1077 303 1127 337 τῆς
1140 303 1221 339 δίψης
1237 304 1336 339 εὑρεῖν.
1357 306 1428 333 Ἀλλ’
1444 309 1601 343 ἐσφάλησαν
1614 309 1661 335 τοῦ
1673 311 1776 337 σκοποῦ
1787 318 1795 327 ν

1011 347 1070 382 ἔχις
1089 349 1144 384 γὰρ
1158 350 1264 376 ἐκεῖθεν
1285 351 1413 387 αίφνηδδν
1438 353 1618 389 ἐκπηδήσασα
1633 356 1682 390 τῆς
1706 357 1796 392 ὁρμῆς

1011 393 1114 425 αὐτοὺς
1128 395 1293 430 ἀνεχαίτισε.
1319 397 1352 423 Τί
1363 397 1393 424 τὸ
1412 399 1460 424 ἐπὶ
1479 399 1599 433 τούτοιςς
1617 401 1794 435 Λαμεάνουσι

1013 438 1058 464 τὸν
1070 437 1142 466 οῐνον
1157 441 1204 466 καὶ
1218 441 1355 477 ἀνθρώπῳ
1374 445 1428 470 τινὶ
1455 444 1640 481 λελωϐημένῳ
1668 447 1796 480 διδόασιν,

1012 482 1049 515 ὡς
1065 485 1191 512 ἐντεῦθεν
1220 487 1301 514 αὐτὸν
1328 489 1425 516 θᾶττον
1448 490 1581 526 ἐκστῆναι
1609 492 1664 519 τῶν
1683 490 1733 520 ὦδε
1750 495 1798 520 καὶ

1013 529 1050 566 μὴ
1066 532 1096 573 τὸ
1108 531 1158 567 ζῇν
1173 532 1259 565 οὕτως
1272 534 1345 569 ἔχειν
1365 535 1514 564 ἐπώδυνον.
1532 538 1646 572 Δέχεται
1664 539 1710 566 τὸν
1725 538 1796 566 οἶνον

1013 577 1129 609 ἐκεῖνος,
1146 577 1207 612 μεθ’
1233 579 1330 615 ἡδονῆς
1348 580 1464 616 ὲκροφᾷ,
1482 584 1528 609 καὶ
1556 585 1729 619 παραχρῆμα
1747 585 1798 619 τῆς

1011 622 1089 649 νόσου
1110 623 1246 658 λύτρωσιν
1261 624 1370 660 εὕρατο.
1388 626 1501 654 Ἔκτοτε
1526 625 1572 654 οὖν
1587 629 1614 655 αἱ
1629 630 1676 664 τῆς
1691 630 1797 666 ἐχίδνης

1013 667 1113 701 σάρκες
1131 669 1311 703 ἐμϐάλλονται
1325 670 1363 705 τῷ
1386 672 1537 708 φαρμάκῳ.
1559 673 1639 700 Ἀλλὰ
1671 676 1718 701 καὶ
1752 676 1798 711 θη-

1013 712 1110 747 ριακὴν
1126 713 1156 738 τὸ
1172 713 1294 740 τοιοῦτον
1327 715 1372 741 διὰ
1395 716 1447 748 τὰς
1476 717 1531 743 τῶν
1561 717 1664 754 θηρίων
1692 721 1797 755 σάρκας

1010 758 1223 792 ἐπονομάζουσι,
1257 760 1304 786 καὶ
1335 761 1375 787 ὅτι
1399 763 1455 793 τοῖς
1474 763 1529 790 ἀπὸ
1547 763 1601 790 τῶν
1627 764 1716 798 ὄφεων
1731 765 1794 800 δήγ-

1013 810 1093 836 μασι·
1115 803 1162 829 καὶ
1188 802 1260 837 μάλα
1301 804 1331 830 τὸ
1358 805 1480 833 τοιοῦτον
1505 807 1650 842 ἁρμόττει.
1679 809 1736 844 Τῆς
1768 810 1796 836 δὲ

174 844 310 870 sanandos
324 847 485 877 serpentum
504 851 627 871 morsus.
645 844 748 871 Auctor
765 845 869 872 intenti
887 846 950 880 print

1012 834 1141 883 τοιαύτης
1180 834 1349 884 έπινοὴσεως
1386 834 1571 888 ’Κνδρόμαχδς
1608 834 1651 886 τις

163 882 236 923 ’περς
259 889 343 916 fuisse
361 889 454 916 «fertur
471 889 680 917 Andromaehus
695 890 819 925 quidam,
837 895 867 918 ut
881 890 961 919 G‘alc-

171 942 222 960 nus
237 934 358 968 scripsit,
376 935 422 969 qui
436 934 554 962 Neronis
569 939 648 962 aetate
661 936 739 963 vixit.

204 982 337 1008 Caeterum
363 985 461 1015 prmter
490 980 622 1007 hactenus
646 980 763 1009 indicata
784 983 853 1011 scire
877 984 959 1013 debes

169 1026 330 1053 convolutos
343 1030 485 1060 serpentes
498 1026 582 1060 coire,
595 1027 823 1060 quemadmodum
838 1030 957 1058 erinacei

169 1077 302 1099 coeuntes
316 1073 350 1099 ob
367 1071 458 1106 spinas
474 1072 541 1099 rocti
560 1076 633 1099 stare
648 1074 747 1101 solent.
767 1074 868 1107 Quodsi
891 1084 957 1104 cau-

169 1126 226 1145 sam
243 1118 310 1145 hbet
325 1125 502 1152 cognoscere,
519 1119 695 1152 quamobrem
709 1125 853 1154 serpentes
867 1121 958 1150 hieme

169 1171 268 1192 terram
286 1164 413 1195 subeant,
429 1169 524 1190 aestate
540 1171 649 1191 rursum
675 1165 708 1191 ad
730 1165 788 1192 loca
814 1168 956 1201 superiora

167 1209 312 1244 prodeant,
324 1208 497 1244 perspicuum
510 1213 551 1235 est
561 1209 632 1236 illam
646 1209 799 1244 hujusmodi
811 1213 956 1246 quamdam

167 1262 240 1282 esse.
255 1255 310 1290 60
326 1254 428 1281 Natura
443 1261 558 1289 serpens
573 1254 686 1290 frigidus
701 1260 754 1287 est,
768 1257 867 1290 siccus,
886 1265 952 1285 ner-

166 1309 260 1333 vosus,
283 1300 374 1335 exigui
398 1301 551 1335 sanguinis,
567 1308 622 1335 quo
636 1300 666 1328 ﬁt
680 1306 710 1328 ut
723 1303 880 1330 necessario
896 1304 955 1331 loca

166 1355 274 1381 semper
289 1347 374 1374 calida
390 1351 504 1381 quierat.
531 1346 654 1381 Cumque
674 1355 724 1381 per
739 1348 857 1376 hiemem
876 1350 950 1377 calor

165 1394 198 1420 ad
210 1393 264 1420 ima
276 1392 386 1419 tendere
396 1392 493 1424 soleat,
508 1399 558 1426 per
571 1397 694 1419 aestatem
706 1395 847 1421 sursumin
860 1403 955 1429 super-

165 1439 227 1467 ﬂcie
253 1444 331 1466 terrae
356 1440 433 1472 quasi
454 1437 637 1473 dispergatur,
667 1444 810 1473 propterea
838 1448 954 1476 serpens

165 1485 247 1512 etiam
262 1485 388 1520 regiones
410 1484 524 1518 locaque
539 1491 589 1511 sua
609 1491 659 1519 pro
672 1485 743 1512 aeris
759 1487 952 1514 constitutione

165 1536 272 1559 mutare
285 1530 438 1557 consuevit.
455 1529 522 1556 Nam
540 1534 568 1557 ct
583 1537 658 1564 aqua:
672 1531 796 1565 puteales
808 1539 857 1566 per
872 1538 952 1560 aesta—

165 1581 218 1604 tem
239 1576 342 1611 frigidze
357 1580 431 1608 sunt,
457 1582 505 1609 per
531 1575 649 1602 hiemem
665 1575 770 1603 calidae.
787 1576 864 1604 Tunc
877 1578 950 1604 enim

164 1622 264 1657 frigore
282 1626 373 1656 partes
396 1625 536 1656 puteorum
553 1628 695 1655 supremas
708 1628 859 1657 occupame
878 1624 952 1651 calor

163 1669 197 1696 ad
218 1670 272 1696 ima
289 1669 386 1695 tendit.
412 1668 477 1700 Quae
491 1675 572 1694 causa
590 1673 642 1699 est,
659 1675 709 1694 cur
727 1669 858 1703 ejusmodi
875 1677 952 1704 aqua;

164 1721 213 1748 per
241 1714 359 1741 hiemem
377 1713 492 1740 caleant.
525 1713 633 1747 Quippe
658 1717 754 1739 natura
778 1721 950 1749 nequaquam

163 1759 286 1786 instituit
300 1763 328 1786 ul
343 1758 428 1792 frigus
444 1762 525 1791 atque
534 1758 607 1784 calor
616 1757 712 1785 eodem
725 1758 753 1785 in
767 1758 827 1797 Ιοςο
841 1760 951 1787 eodem.

162 1813 214 1842 que
227 1809 349 1840 tempore
368 1804 450 1831 simul
465 1804 608 1831 exsistant.

196 1899 264 1927 Volo
279 1905 305 1926 te
326 1899 376 1927 hoc
399 1906 508 1933 quoque
529 1903 627 1934 praeter
643 1899 765 1935 exposita
781 1900 863 1933 scire,
879 1908 946 1928 eon-

160 1954 254 1974 suesse
272 1954 364 1974 sacras
376 1946 493 1974 Litteras
509 1951 650 1981 serpentes
663 1948 796 1975 maximos
811 1947 947 1982 appellare

160 1995 303 2025 dracones.
319 1994 469 2027 praesertim
486 2000 547 2019 cum
559 1993 592 2019 de
605 1993 686 2019 Mosis
698 1993 771 2029 virga
786 1994 944 2027 loquuntur,

161 2041 247 2067 fuisse
267 2039 376 2074 quidem
393 2039 464 2066 illam
481 2039 558 2074 prius
573 2039 606 2065 in'
621 2044 777 2073 serpentem
792 2045 945 2067 commula-

160 2092 227 2118 lam,
248 2093 342 2112 verum
364 2084 493 2118 deinceps
511 2084 536 2110 in
563 2084 722 2116 draconem,
736 2092 767 2111 ac
794 2085 944 2112 secundum

160 2132 217 2158 lucc
239 2132 329 2165 virgas
350 2130 578 2165 prmstigiatorum
609 2129 758 2157 Pharaonis
784 2131 942 2164 devorasse,

1011 894 1111 925 αἴτιος,
1138 893 1209 920 καθά
1234 902 1302 929 φησι
1327 895 1458 931 Γαληνὸς,
1489 900 1667 934 συνακμάσας
1690 901 1727 936 τῷ
1743 901 1796 928 Νέ-

1012 950 1088 974 ρωνι.

1046 986 1118 1022 Πρὸς
1132 987 1160 1013 δέ
1177 995 1206 1022 γε
1222 989 1277 1020 τοῖς
1305 989 1474 1024 εἰρημένοις,
1498 991 1687 1028 ἑλιττομὲνους
1711 993 1795 1029 ἀλλή-

1009 1032 1064 1064 λοις
1081 1033 1199 1066 γίνωσκε
1221 1035 1282 1066 τοὺς
1306 1035 1383 1070 ὄφεις
1412 1036 1567 1071 ὀχεύεσθαι,
1591 1039 1664 1066 καθὰ
1693 1039 1726 1074 δὴ
1747 1041 1795 1067 καὶ

1009 1078 1072 1109 τοὺς
1085 1079 1190 1114 ἐχίνους
1216 1079 1325 1115 ὀρθίους
1348 1081 1510 1117 ἱσταμένους
1537 1083 1579 1111 διὰ
1597 1084 1646 1120 τὴν
1663 1086 1793 1113 ἄκανθαν.

1009 1124 1040 1151 El
1054 1125 1082 1151 δὲ
1093 1126 1138 1151 καὶ
1160 1126 1210 1161 τὴν
1225 1127 1315 1154 αἰτίαν
1332 1127 1422 1162 βούλει
1446 1129 1543 1162 μαθεῖν
1568 1130 1602 1156 δι’
1619 1131 1653 1166 ἢν
1676 1132 1699 1158 οἱ
1714 1132 1793 1167 ὄφεις

1008 1170 1142 1205 χειμῶνος
1168 1172 1218 1205 μὲν
1235 1174 1268 1208 τῇ
1286 1174 1320 1208 γῇ
1340 1175 1530 1208 καταδύονται,
1564 1175 1659 1212 θέρους
1674 1177 1703 1204 δὲ
1730 1180 1794 1210 τοὺς

1007 1215 1063 1242 ἄνω
1076 1219 1176 1248 τόπους
1193 1218 1367 1252 ἐπιζητοῦσι,
1386 1220 1531 1255 σαφὴςηότι
1546 1223 1594 1249 καὶ
1618 1223 1688 1259 αὕτη
1722 1225 1792 1252 ἐστί.

1007 1261 1118 1296 Ψυχρδς
1136 1262 1224 1297 οὕφις
1239 1264 1297 1290 ἐστὶ
1324 1265 1372 1292 καὶ
1399 1265 1480 1302 ξηρὸς
1508 1268 1556 1294 καὶ
1586 1268 1722 1304 νευρώδης
1744 1263 1793 1297 καὶ

1006 1306 1175 1342 ὀλιγόαιμος,
1191 1309 1234 1343 ἐφ’
1250 1307 1271 1343 ᾧ
1286 1311 1335 1336 καὶ
1351 1312 1414 1343 τοὺς
1431 1312 1553 1347 θερμοὺς
1577 1315 1620 1340 ἀεὶ
1630 1315 1731 1347 τόπους
1762 1316 1792 1349 ἐξ

1006 1353 1129 1388 ἀνάγκης
1144 1354 1270 1390 ἐπιζητεῖ
1281 1365 1289 1373 ο
1308 1357 1356 1384 καὶ
1370 1358 1466 1392 ἐπειδὴ
1482 1359 1618 1395 χειμῶνος
1637 1361 1712 1397 μὲνὴ
1726 1363 1790 1396 Θερ-

1007 1399 1091 1433 μότης
1108 1399 1183 1427 κάτω
1201 1402 1300 1436 χωρεῖν
1320 1401 1411 1436 εἶωθεζ
1441 1404 1537 1439 θέρους
1553 1406 1581 1433 δὲ
1608 1407 1713 1434 ἄνωθεν
1727 1409 1789 1434 ἔπιε

1005 1445 1132 1478 πολάζει,
1147 1446 1193 1472 διὰ
1205 1447 1284 1473 τοῦτο
1312 1449 1358 1475 καὶ
1374 1449 1423 1481 τὰς
1438 1450 1537 1477 ἑαυτοῦ
1565 1453 1651 1487 νομὰς
1665 1455 1733 1489 πρός
1757 1463 1788 1489 γε

1004 1490 1053 1524 τὴν
1066 1490 1113 1517 τοῦ
1129 1492 1210 1527 ἀέρος
1228 1494 1394 1520 κατάστασιν
1412 1495 1578 1523 ὑπαλλάττει
1591 1498 1605 1523 ὁ
1623 1498 1697 1533 bene.
1715 1499 1786 1535 Ὀρα

1001 1535 1057 1572 γὰρ
1072 1538 1112 1564 δτι
1129 1541 1175 1565 καὶ
1188 1539 1221 1565 τὰ
1236 1541 1383 1575 φρεατιαία
1398 1540 1482 1568 ὕδατα
1497 1542 1592 1578 θέρους
1610 1545 1660 1578 μὲν
1685 1547 1787 1581 τυγχάο

1002 1592 1042 1610 νει
1053 1584 1156 1620 ψυχρὰ,
1175 1587 1310 1622 χειμῶνος
1321 1587 1349 1614 δὲ
1364 1587 1464 1624 θερμά.
1481 1591 1639 1624 Τηνικαῦτα
1665 1593 1711 1619 καὶ⁸
1730 1593 1785 1629 γὰρ

1001 1631 1050 1664 τῆς
1061 1632 1231 1675 ψυχρότητος
1254 1633 1357 1661 ἄνωθεν
1386 1635 1607 1672 ἐπιπολαζούσης
1626 1639 1666 1671 εἰς
1687 1641 1717 1666 τὸ
1739 1640 1787 1675 βά-

1001 1675 1078 1711 θοςὴ
1105 1673 1239 1715 θερμότης
1255 1682 1349 1715 χωρεῖ,
1378 1681 1439 1708 ὃθεν
1471 1683 1519 1709 καὶ
1545 1684 1635 1719 θερμὰ
1655 1673 1785 1722 τυγχάνει

1001 1723 1072 1749 κατά
1082 1731 1114 1756 γε
1131 1724 1176 1750 τὸν
1192 1726 1315 1760 χειμῶνα
1347 1728 1381 1753 τὰ
1406 1727 1500 1756 ὕδατα.
1529 1729 1584 1764 Τήν
1606 1740 1635 1758 τε
1663 1733 1717 1768 γὰρ
1731 1733 1782 1767 ψυ-

1000 1768 1120 1803 χρότητα
1133 1769 1181 1796 καὶ
1196 1770 1354 1806 θερμότητα
1387 1774 1459 1800 κατά
1479 1783 1510 1808 γε
1527 1775 1572 1802 τὸν
1599 1777 1680 1804 αὐτὸν
1700 1778 1783 1806 τόπον

999 1815 1045 1839 καὶ
1082 1815 1178 1849 χρόνον
1207 1815 1265 1851 ἅμα
1297 1818 1389 1851 μένειν
1422 1820 1438 1854 ἡ
1470 1820 1552 1855 φύσις
1583 1822 1632 1849 οὐκ
1659 1823 1785 1859 ἐνομοθέ-

998 1867 1091 1892 τησεν.

1040 1903 1120 1931 Ἀλλὰ
1136 1905 1182 1931 καὶ
1197 1905 1275 1933 τοῦτο
1291 1908 1358 1943 πρὸς
1381 1911 1436 1941 τοῖς
1453 1910 1544 1944 ἄλλοις
1558 1913 1656 1940 εἰδέναι
1673 1920 1702 1941 σε
1719 1914 1784 1950 βού-

997 1951 1087 1985 λομαι.
1100 1952 1168 1983 Τοὺς
1185 1954 1329 1987 μεγίστους
1346 1955 1422 1990 ὄφεις
1432 1957 1580 1991 δράκοντας
1595 1960 1674 1986 εἴωθε
1689 1962 1783 1988 καλεῖν

999 1997 1141 2043 ήΓραφὴ,
1163 2000 1209 2024 καὶ
1228 2001 1329 2043 μᾶλλον
1347 2003 1427 2036 ἡνίκα
1450 2005 1515 2040 περὶ
1533 2006 1582 2039 τῆς
1596 2006 1695 2041 ῥάόδου
1707 2008 1781 2042 λέγει

995 2040 1191 2085 τοῦἻίΙιυσέως,
1214 2040 1419 2080 μεταϐληθῆναι
1434 2048 1484 2082 μὲν
1510 2049 1548 2080 εἰς
1565 2050 1626 2082 ὅφιν
1640 2050 1670 2076 τὸ
1685 2040 1781 2085 πρότε-

997 2093 1052 2118 ρον,
1071 2082 1123 2111 εἷθ’
1136 2085 1221 2118 οὕτως
1249 2089 1286 2118 είς
1310 2089 1456 2123 δράκοντα,
1477 2092 1625 2120 κάντεῦθεν
1644 2095 1693 2126 τὰς
1706 2082 1781 2130 ’ράἧ-

994 2130 1056 2161 δους
1071 2131 1126 2157 τῶν
1149 2133 1284 2160 ἐπαοιδῶν
1300 2134 1348 2160 τοῦ
1365 2136 1465 2171 Φαραὼ
1485 2140 1640 2171 καταπιεῖν,
1659 2140 1706 2167 καὶ
1728 2142 1780 2168 αὑ-

157 2184 217 2211 ίιιιξσ
230 2181 257 2203 et
274 2176 338 2208 ipsa:
354 2176 380 2202 in
394 2180 535 2209 serpentes
551 2179 630 2202 erant
646 2180 828 2202 commutata}.
845 2176 940 2203 [tidem

1003 2175 1047 2207 τὰς
1067 2176 1148 2212 δῆθεν
1176 2179 1216 2209 είς
1244 2171 1321 2213 ὄφεις
1350 2183 1577 2218 μεταϐληθείσας.
1597 2185 1677 2212 Ἀλλὰ
1701 2187 1749 2213 καὶ
1766 2188 1781 2214 ὸ

156 2227 233 2250 vates
260 2222 305 2249 ille
335 2221 450 2247 Davidcs
477 2220 511 2247 de
537 2225 648 2247 cetaceo
678 2228 780 2254 genere
810 2222 945 2256 loquens,

160 2268 270 2297 «Draco.
285 2266 382 2301 inquit,
408 2267 460 2293 iste
480 2273 560 2300 quem
581 2265 741 2297 condidisti,
767 2271 797 2294 ut
822 2267 850 2294 in
873 2269 940 2295 mari

158 2314 295 2340 luderet.»
325 2312 460 2338 Caeterum
498 2318 583 2344 genus
613 2311 749 2345 ejusmodi
779 2313 939 2347 draconum,

155 2360 235 2394 quale
254 2358 389 2392 quoddam
415 2359 549 2384 exsistere
565 2356 644 2391 vulgo
663 2357 832 2391 perhibetur,
847 2359 940 2386 hacte-

155 2412 208 2431 nus
235 2403 404 2437 descriptam
440 2409 506 2428 sane
533 2410 667 2436 nusquam
697 2403 937 2437 deprehendimus.

155 2450 211 2477 Nec
226 2452 370 2483 propterea
386 2447 526 2482 fulgureus
556 2447 627 2483 ignis
651 2449 779 2476 deorsum
806 2450 894 2476 fertur
910 2454 939 2476 ιιι

154 2494 309 2530 hujusmodi
322 2494 454 2521 dracones
474 2498 579 2521 exurat.
601 2494 661 2530 Ipsa
677 2496 827 2522 draconum
842 2501 937 2523 natura

152 2542 224 2568 sicca
238 2543 281 2566 est
293 2543 318 2566 et
331 2539 482 2566 substantia
496 2539 611 2573 quadam
630 2540 706 2574 ignea
721 2545 838 2567 constat.
852 2540 942 2574 Quip-

153 2593 186 2621 pe
203 2585 237 2612 de
254 2585 376 2620 ipsorum
396 2584 482 2610 oculis
495 2584 578 2611 etiam
596 2584 666 2619 ignis
681 2585 793 2616 emicat,
814 2589 841 2611 et
857 2591 938 2610 rene-

151 2639 215 2660 num
245 2631 322 2666 quod
350 2635 482 2658 evomunt
516 2630 654 2658 fumosqu
682 2636 735 2663 est,
765 2638 936 2666 corporaque

149 2682 274 2706 mntaeta
292 2677 412 2705 dissilire
427 2677 502 2704 facit.
520 2677 585 2704 lnde
602 2679 630 2704 iit
646 2682 675 2704 ut
691 2677 725 2704 ad
742 2677 935 2704 inflammatio-

149 2733 211 2753 nem
239 2727 389 2762 dispositus
415 2727 450 2754 sit
478 2727 572 2758 draco,
602 2726 734 2754 siccitatis
760 2734 816 2754 sua:
841 2734 933 2753 causa.

147 2773 330 2804 Quamobrem
347 2773 398 2800 sibi
413 2781 428 2800 a
443 2773 557 2800 fulmine
573 2773 679 2806 metuit,
694 2779 721 2800 et
738 2780 932 2807 nonnimquam

148 2818 278 2848 exsiliens
301 2827 348 2854 per
363 2827 452 2848 acrem
474 2820 569 2848 fertur.
594 2820 707 2854 Qua-rit.
730 2821 793 2847 item
824 2819 931 2846 humida

996 2223 1141 2258 προφήτης
1153 2224 1235 2250 Δαυῖδ
1252 2225 1283 2252 τὸ
1299 2228 1411 2260 κηταῖην
1427 2229 1608 2264 ὑπεμφαίνων
1619 2233 1696 2265 γένος
1709 2233 1779 2261 οὕτω

995 2269 1060 2302 φησί
1070 2277 1078 2285 ο
1096 2279 1105 2295 ‹
1120 2270 1233 2304 Δράκων
1245 2269 1322 2303 οὗτος
1333 2272 1362 2298 ὃν
1375 2272 1496 2306 ἔπλασας
1510 2276 1657 2310 ἐμπαίζειν
1670 2279 1750 2314 αὐτῇ.
1763 2288 1773 2304 ι

995 2316 1122 2342 Τοιοῦτον
1135 2316 1162 2342 δὲ
1178 2317 1255 2351 γένος
1269 2318 1359 2344 ὁποῖον
1375 2318 1430 2354 ἄρα
1444 2321 1608 2355 φημιζουσιν
1627 2324 1651 2350 οἱ
1672 2325 1776 2357 πολλοὶ,

994 2362 1075 2396 μέχρι
1093 2362 1140 2388 καὶ
1167 2362 1285 2397 τήμερον
1311 2366 1503 2400 γεγραμμένον
1523 2368 1571 2402 οὐχ
1593 2369 1726 2404 εὕρομεν
1745 2371 1776 2398 οὺ

991 2407 1046 2440 γὰρ
1058 2407 1104 2432 ἐπὶ
1116 2405 1204 2441 τούτῳ
1214 2407 1244 2432 τὸ
1258 2408 1428 2442 ἁστραπαῖον
1441 2410 1543 2437 ἄνωθεν
1553 2414 1778 2448 καταρρήγνυται

991 2451 1057 2485 πῦρ,
1086 2450 1132 2476 ἐπὶ
1156 2451 1195 2486 τῷ
1216 2452 1278 2483 τοὺς
1294 2455 1432 2486 τοιούτους
1451 2455 1600 2488 δράκοντας
1621 2459 1775 2495 ὲμτιιπρᾷν.

992 2490 1028 2522 Τὸ
1047 2496 1097 2531 μὲν
1123 2495 1169 2524 οὖν
1198 2498 1372 2531 δρακόντειον
1399 2502 1478 2534 γένος
1495 2502 1576 2537 ξηρόν
1591 2513 1620 2530 τε
1632 2505 1681 2539 τὴν
1696 2507 1776 2540 φύσιν

990 2543 1048 2568 ἐστὶ
1063 2544 1111 2570 καί
1123 2543 1185 2579 [τὴν
1202 2544 1294 2580 φύσιν]
1308 2546 1457 2581 διάπυρον·
1473 2548 1528 2582 πῦρ
1551 2549 1605 2585 γὰρ
1627 2552 1673 2576 καὶ
1689 2553 1713 2577 οί
1729 2551 1776 2586 ὀφ-

990 2590 1088 2624 θαλμοὶ
1101 2591 1190 2618 αὐτῶν
1206 2592 1400 2619 ἀποϐλέπουσι.
1413 2594 1467 2619 Καὶ
1479 2594 1508 2620 ὃν
1525 2595 1552 2621 δὲ
1564 2595 1708 2630 ἐξεμοῦσιν
1724 2600 1773 2631 ίὸν,

989 2636 1133 2671 καπνώδης
1148 2637 1215 2669 ἐστὶ,
1233 2638 1280 2663 καὶ
1298 2638 1397 2672 διαιρεῖ
1410 2639 1443 2665 τὰ
1465 2640 1579 2674 σώματα
1601 2642 1709 2676 ψαύσας
1725 2646 1773 2671 αὑ·

987 2682 1051 2709 τῶν.
1069 2682 1166 2710 Ἔνθεν
1180 2692 1221 2710 τοι
1239 2684 1285 2710 καὶ
1306 2683 1460 2720 εὖπρηστός
1476 2687 1550 2713 ἐστιν
1570 2688 1584 2714 ὁ
1602 2688 1720 2724 δράκων,
1738 2692 1772 2718 δι’

986 2725 1020 2763 ἦν
1036 2729 1093 2764 ἔχει
1108 2729 1256 2764 ξηρότητα,
1274 2731 1321 2757 καὶ
1341 2732 1408 2765 πρὸς
1424 2731 1592 2766 κατάφλεξιν
1603 2735 1770 2770 ἐπιτήδειος.

988 2775 1144 2810 ΙΙεφόεηται
1165 2773 1212 2801 οὖν
1226 2777 1269 2802 διὰ
1289 2776 1375 2803 ταῦτα
1392 2777 1437 2803 ’τὸν
1458 2780 1601 2813 κεραυνὸν,
1620 2782 1667 2808 καὶ
1692 2783 1769 2808 ἁλλό-

988 2821 1066 2854 μενίς
1084 2821 1157 2846 ἐστιν
1172 2820 1214 2846 ὅτε
1231 2821 1265 2847 δι’
1289 2823 1368 2857 ἀέρος
1387 2823 1512 2858 φέρεται,
1527 2825 1626 2858 τόπους
1645 2836 1672 2853 τε
1686 2828 1768 2855 καθύ-
