1957 3073
167 122 207 156 133

784 116 984 150 ANNALIUM
1007 116 1104 146 PARS
1125 116 1149 144 Ι.

1717 112 1768 141 ιδι

164 189 235 216 γριίυς
247 179 372 214 ἐπιζητεῖ
385 179 432 206 καὶ
443 179 489 206 ἐπὶ
501 179 598 215 λίμνας
613 177 783 213 καταφεύγει
796 185 801 192 ·
819 175 873 202 οἶδε
886 175 938 209 γὰρ

1000 180 1048 200 oca
1069 177 1095 199 et
1111 171 1143 198 ad
1161 175 1256 205 stagna
1273 169 1405 204 confugit.
1428 169 1507 196 Novit
1527 169 1598 196 enim
1615 176 1643 195 sc
1660 173 1770 203 propter

164 228 197 253 ὅτι
210 226 253 253 διὰ
267 226 316 261 τὴν
329 225 443 252 ἐνοῦσαν
460 225 535 261 αὑτῷ
552 224 688 260 ξηρότητα
702 224 748 250 καὶ
762 223 815 250 ἀπὸ
827 221 937 255 διαστή-

169 280 246 306 ματος
262 271 301 305 τῷ
315 271 452 306 κεραυνίῳ
469 271 535 306 πυρὶ
550 270 761 304 καταφλέγεται.
779 268 864 296 Ἔνθα
887 275 938 302 που

167 317 235 352 τύχοι
251 317 342 344 λοιπὸν
358 319 372 344 ὁ
385 317 494 352 δράκων
509 317 643 352 συρὲιτων
666 317 713 343 καὶ
728 315 813 347 διιὼν,
831 313 939 341 ἐπειδὰν

167 364 210 390 ὑπὸ
224 363 271 390 τοῦ
287 365 373 398 πυρὸς
386 363 540 396 ἐλαύνεται,
555 363 616 390 τότε
638 362 670 397 δὴ
699 363 733 389 τὰ
751 360 938 396 παρακείμενα

167 410 229 445 μέρη
250 410 516 444 συγκαταφλέγεται.
534 409 666 439 Πολλάκις
682 409 735 442 γὰρ
756 408 804 434 καὶ
822 407 936 441 δράκον-

165 465 202 487 τος
218 456 284 490 ἄτερ
300 453 362 490 ἦχοι
377 464 451 486 τινες
466 455 642 489 ἐξακούονται
660 455 774 489 ἄσημοι,
792 453 840 480 τοῦ
854 453 939 486 πυρὸς

164 501 258 528 ἄνωθεν
286 501 551 536 καταρρηγνυμένου
572 501 618 527 καὶ
645 499 754 534 σώμασι
781 499 894 525 τοιοῖσδε
922 497 938 533 ἢ

164 547 270 574 τοιοῖσδε
285 546 514 581 προσπίπτοντος.
532 546 611 572 ’Ὀσοι
627 545 654 572 δέ
670 554 737 579 φασι
758 545 811 572 τῶν
834 546 942 571 ἐντετυ-

165 593 281 629 χηκότων
292 594 353 624 ταῖς
370 591 511 623 τοιαύταις
527 591 658 618 καύσεαιν
676 592 717 618 ὅτι
732 590 874 617 τεθέανται
886 591 941 624 χοὶ-

164 648 204 674 ρον
214 638 395 674 γρυλλίζοντα
410 637 426 671 ἢ
447 638 571 672 μηκάζθν
592 637 716 664 αἰπόλιον
733 637 750 670 ἢ
768 636 832 671 βοῦν
847 636 942 669 μυκώ-

166 692 249 719 μενον,
263 684 366 710 ἑαυτῶν
381 692 412 710 τε
425 683 473 710 καὶ
487 683 541 710 τῶν
555 682 698 718 ἀκροατῶν
710 682 923 717 καταψεύδονται
933 689 954 696 ’-

164 729 233 756 οὐδὲν
254 729 308 765 γὰρ
324 729 480 761 τεθέανται,
505 728 564 755 ἀλλ’
585 729 600 755 ὀ
615 728 697 763 φόϐος
714 728 805 760 αὐτοῖς
823 727 873 759 τὰς
887 736 942 754 τοι-

164 773 221 800 άσδε
238 772 393 809 μορφώσεις
406 772 626 807 εἰδωλοποίησεν.
643 773 676 799 Ei
696 773 718 799 δ’
736 773 801 804 ῐσως
821 773 868 799 καὶ
891 771 938 807 pa-

165 826 256 850 σκως
269 818 373 853 δαίμων
387 819 417 845 τὺ
428 818 508 853 σῶμα
526 818 573 845 τοῦ
597 819 744 853 δράκοντος
758 819 942 853 ἐνδυσάμενος

163 864 198 896 τις
210 865 300 891 ὲκιῐνα
312 864 367 890 τῶν
383 865 477 900 μερῶν
491 865 555 899 ἄγει
564 864 612 891 τὸν
630 865 700 899 θῆρα
722 864 775 891 ὑπὸ
790 864 838 891 τοῦ
856 864 942 899 πυρὸς

162 909 252 945 ὥσπερ
268 910 442 944 διωκόμενον,
457 907 497 942 οἷς
510 910 543 946 δὴ
558 910 717 945 βασκαίνειν
728 910 759 942 ἐξ
774 910 862 946 ἀρχῆς
878 910 942 936 εἵω-

163 954 214 986 θιν,
243 955 298 981 οὐδ’
316 951 394 986 οὗτος
416 956 430 982 ὁ
444 955 524 989 λόγος
542 955 710 990 ἀπόϐλητος.
736 955 862 989 ’Δρχαῑον
887 955 943 989 γὰρ

162 1000 233 1035 αὑτῷ
249 1000 410 1036 ἐνδιαίτημα
424 1001 456 1027 τδ
470 1000 592 1028 τοιοῦτον
608 1001 697 1035 γένος,
714 1000 795 1036 ἡνίκα
811 1000 859 1027 καὶ
873 1001 942 1035 μᾶλ-

162 1045 204 1073 λον
220 1046 292 1081 ἡμᾶς
308 1046 464 1082 ὲξορίστους
486 1046 520 1073 δι’
546 1047 631 1074 αὐτοῦ
647 1047 694 1074 τοῦ
714 1046 879 1082 παραδείσου
894 1055 944 1073 πε-

164 1091 286 1126 ποίηκεν,
297 1092 358 1119 ὅθεν
371 1093 464 1120 καινὸν
479 1093 567 1127 οὒδὲν,
579 1093 638 1128 εἴγε
650 1093 699 1121 καὶ
714 1093 764 1126 τῆς
778 1095 830 1129 γῆς
843 1093 945 1128 ταύτης

162 1137 321 1165 ἀπώσασθαι
336 1138 484 1173 φιλονεικεῖ
497 1139 541 1167 διὰ
554 1140 652 1174 φθόνον
664 1141 749 1176 ἡμᾶς.

194 1185 248 1211 Καὶ
271 1185 337 1220 περὶ
361 1186 411 1219 μὲν
440 1186 544 1212 τούτων
569 1186 666 1217 οὕτως.
689 1187 721 1213 Ei
744 1186 772 1213 δὲ
787 1187 837 1223 τὴν
856 1187 946 1214 αἰτίαν

162 1228 298 1263 ὶπιζητεϊς
316 1228 350 1255 δι’
364 1229 397 1265 ἢν
412 1229 536 1265 αἴλουροι
558 1230 605 1257 καὶ
628 1230 784 1266 νυκτερίδες
799 1233 884 1258 νύκτα
899 1232 946 1258 καὶ

163 1275 248 1310 μάνην
274 1275 396 1309 ἀκριϐῶς
424 1275 540 1311 ὁρῶσιν,
568 1275 636 1311 αὕτη
670 1277 739 1303 ἐστί.
770 1276 807 1303 Τὸ
835 1277 946 1303 ὁπτικὸν

163 1320 272 1355 πνεῦμα
293 1323 402 1353 πάντως
420 1321 586 1350 λεπτότατον
605 1322 724 1358 ἔχουσιν.
747 1323 791 1349 Ἐν
813 1325 846 1359 τῇ
867 1324 946 1350 νυκτὶ

163 1364 208 1393 οὖν
237 1367 355 1403 μετρίως
385 1368 570 1403 παχυνόμενον
598 1370 630 1404 τῇ
654 1369 772 1403 ἀπουσίᾳ
799 1369 846 1395 τοῦ
870 1369 947 1404 ήλίου

164 1412 230 1448 πρὸς
241 1412 290 1448 τὴν
304 1414 358 1440 τῶν
373 1413 481 1449 ὁρατῶν
495 1414 639 1449 ἀντίληψιν
649 1414 804 1449 ἐπιτήδειον
819 1415 925 1448 γίνεται
937 1422 945 1430 ο

164 1459 233 1485 κατὰ
254 1459 308 1493 γὰρ
327 1459 378 1495 τὴν
399 1460 506 1495 ἡμέραν
529 1459 567 1492 ὡς
593 1460 758 1487 λεπτότατον
776 1459 947 1496 διαφορεῖται

162 1513 192 1531 τε
215 1505 261 1531 καὶ
285 1505 472 1534 σκεδάννυται.
491 1506 576 1533 Τοῦτο
596 1507 625 1533 δδ
650 1506 698 1534 καὶ
718 1507 747 1534 ιν
767 1506 858 1538 ἄλλοις
872 1506 945 1534 ἔστιν
958 1516 984 1546 ο

162 1549 227 1577 ιδεϊν
240 1551 288 1578 καὶ
302 1551 331 1578 ὲν
344 1551 436 1583 αὐτοῖς
450 1553 505 1584 τοῖς
521 1552 639 1581 λέουσιν.
656 1552 754 1580 Ἕνθιν
769 1560 810 1579 τοι
835 1553 884 1579 καὶ
897 1553 947 1584 τὰς

161 1596 278 1631 ἡλιακὰς
299 1597 486 1632 μαρμαρυγὰς
501 1598 526 1624 οι
548 1597 655 1629 λέοντες
671 1598 820 1632 φεύγοντες
831 1597 867 1625 δι’
882 1597 947 1632 ὅλης

160 1641 268 1677 ἡμέρας
286 1643 333 1668 καὶ
347 1643 463 1674 ἄκοντες
485 1642 653 1677 κρύπτονται
668 1651 675 1659 ·
692 1644 717 1670 σί
740 1643 778 1679 μὴ
797 1643 852 1679 γὰρ
868 1643 948 1671 τοῦτο

160 1685 205 1722 ἦν,
222 1688 293 1722 τάχα
309 1687 342 1714 ἂν
361 1688 508 1719 ἀκωλύτως
522 1688 551 1715 ὲν
571 1687 672 1725 ἡμέρα
684 1689 900 1724 περιπατοῦντες
916 1690 947 1717 οὗ

162 1733 269 1769 μικρῶς
284 1733 416 1762 ἔϐλαπτον
429 1736 492 1768 τοὺς
505 1735 597 1767 αὐτοῖς
614 1735 840 1771 ἐντυγχάνοντας.

195 1823 315 1850 Γίνωσκε
329 1825 376 1851 καὶ
391 1824 481 1858 τοῦτο,
496 1824 538 1851 ὅτι
553 1825 567 1851 ὁ
578 1824 645 1852 λέων
656 1824 822 1860 διωκόμενος
837 1825 948 1852 συστέλ-

157 1868 200 1894 λει
220 1868 255 1895 τὰ
273 1868 334 1903 ἴχνη
362 1869 444 1895 αὑτοῦ
465 1869 533 1904 (id).
548 1868 627 1896 Οὕτω
648 1869 662 1895 6
683 1868 786 1904 Κύριος
812 1869 947 1905 κατερχό-

161 1922 245 1949 μενος
264 1915 310 1941 ὲπὶ
323 1915 372 1950 τῆς
382 1915 434 1950 γῆς
449 1915 494 1942 τὸν
509 1915 559 1950 τῆς
574 1915 727 1950 παρουσίας
747 1915 842 1951 καιρὸν
857 1916 947 1952 πάντη

159 1960 316 1988 συνέστειλε
337 1961 381 1988 διὰ
404 1962 449 1988 τὸν
470 1961 594 1988 διάϐολον
613 1961 698 1993 πάλαι
719 1961 769 1994 τὰς
795 1961 948 1997 παρθένους

157 2006 355 2041 ιπιτηροῦντα.
385 2007 413 2033 '0
437 2006 484 2033 τοῦ
513 2007 618 2038 λέοντος
642 2006 763 2042 σκύμνος
788 2007 882 2042 νεκρὸς
899 2007 948 2042 μὲν

155 2052 300 2084 γεννᾶται,
316 2052 514 2088 ὲμφυσώμενος
527 2051 556 2079 δὲ
577 2053 654 2088 παρὰ
673 2053 720 2079 τοῦ
737 2053 841 2088 πατρὸς
863 2052 947 2079 αὐτοῦ

154 2095 344 2130 ζωογονεῖται.
370 2095 449 2123 Οὕτω
469 2097 517 2123 κοιλ⁸
534 2098 547 2123 ὸ
563 2096 630 2128 Θεὸς
649 2097 745 2131 πρῶτα
769 2097 819 2131 μὲν
842 2097 888 2124 ἐπὶ
909 2097 948 2132 τῷ

159 2140 251 2176 ’Δδὰμ
275 2141 415 2176 ἐποίησεν,
430 2142 542 2177 ὕστερον
565 2142 594 2169 δὲ
610 2143 657 2169 καὶ
681 2142 724 2168 ἐπ’
747 2142 822 2177 αὑτῷ
839 2143 877 2178 τῷ
892 2143 948 2178 Υίῷ

991 218 1100 244 insitam
1116 216 1166 243 sibi
1179 216 1330 243 siceitatem
1347 216 1430 243 etiam
1445 223 1476 243 ex
1493 215 1636 242 intervallo
1653 215 1769 250 quodam

991 267 1125 290 remotum
1155 262 1189 289 ab
1221 262 1282 298 igne
1307 262 1430 289 fulminis
1457 262 1544 289 exuri.
1577 261 1770 297 Saepenumero

990 308 1100 344 quidem
1117 308 1175 334 soni
1197 308 1380 334 exaudiuntur
1392 308 1512 340 obscuri,
1530 312 1658 342 tanquam
1674 308 1770 335 draco-

991 355 1046 387 nis,
1061 362 1123 381 cum
1149 353 1238 388 fulgur
1255 353 1383 380 deorsum
1408 353 1493 381 fortitr
1508 361 1539 381 ac
1558 354 1600 381 vel
1616 354 1643 380 in
1659 354 1716 380 haec
1731 354 1772 380 vcl

993 401 1038 428 illa
1056 408 1169 435 corpora
1189 400 1277 427 irruit.
1307 400 1360 432 Qui
1385 406 1475 426 autem
1503 400 1647 434 perhibi-nt
1674 401 1717 432 (de
1742 401 1774 426 iis

992 447 1090 482 loquor
1105 447 1205 481 quibus
1220 446 1353 481 ejusmodi
1369 454 1398 473 se
1411 446 1569 473 obtulcrnnt
1584 446 1775 473 inflammatio-

991 493 1064 527 nes),
1081 500 1110 519 se
1124 500 1236 527 porcqu
1254 491 1442 527 grunnicntcm
1458 492 1642 526 conspexisse,
1669 497 1697 519 ut
1714 501 1775 527 grc-

993 545 1054 572 gem
1081 546 1226 572 caprarum
1258 539 1394 566 balantem
1420 538 1462 564 vel
1480 539 1645 572 mugientem
1667 539 1774 570 bovem,

993 588 1047 610 tam
1064 583 1168 618 seipsos
1184 592 1265 618 quam
1288 585 1356 612 alios
1383 586 1439 614 haec
1467 585 1608 612 audientes
1635 586 1776 613 mendacio

993 629 1143 663 decipiunt.
1165 630 1237 657 Nihil
1252 631 1324 658 enim
1345 631 1630 666 ejusniod'bvidcrunt,
1646 632 1693 659 sed
1709 632 1777 658 imu-

992 674 1145 710 ginaziones
1171 683 1265 703 earum
1291 684 1383 704 rerum
1409 684 1424 703 a
1455 681 1528 704 mctu
1558 677 1776 712 proﬁciscuntur.

993 720 1097 752 Quodsi
1114 720 1229 748 fortasse
1245 721 1349 749 daemon
1367 722 1410 749 ille
1423 723 1603 758 praestigiator
1617 728 1646 750 et
1658 723 1777 756 invidus,

993 757 1128 800 serpentis
1155 766 1269 795 indutus
1285 775 1409 802 corpore.
1424 768 1509 796 feram
1528 769 1607 802 hanc,
1624 770 1697 798 velut
1717 770 1779 806 igno

993 811 1079 846 ipsam
1095 818 1218 848 urgente,
1235 813 1262 841 in
1279 814 1406 841 animalia
1421 820 1563 843 mansueta
1581 816 1685 843 irruere
1701 816 1778 848 facit,

993 865 1054 885 cum
1081 858 1145 886 inde
1171 867 1257 894 usque
1280 860 1314 888 ab
1336 861 1413 888 initio
1430 861 1532 889 invidia
1551 863 1668 897 quadam
1683 870 1779 898 prose-

993 908 1103 939 quatur,
1120 913 1174 932 non
1188 906 1240 941 ει
1262 907 1315 934 hoc
1330 907 1366 934 ita
1383 907 1498 942 proferri
1514 909 1664 943 potabitur.
1678 914 1708 936 ut
1721 917 1780 936 oni-

994 950 1059 977 nino
1073 950 1109 978 sit
1124 951 1300 987 rejiciendum
1313 961 1319 984 ;
1348 960 1410 979 nam
1427 961 1512 988 genus
1525 954 1577 981 hoc
1589 953 1713 981 ferarum
1726 955 1778 982 sibi

995 1003 1045 1030 pro
1059 996 1198 1024 domicilio
1212 997 1267 1032 jum
1281 998 1346 1025 olim
1362 1000 1519 1034 usurpavit,
1547 1007 1609 1027 cum
1624 1008 1672 1035 per
1690 1001 1714 1027 id
1730 1003 1780 1027 nos

997 1041 1115 1077 paradisi
1131 1041 1231 1070 finibus
1246 1043 1344 1078 ejecit;
1362 1044 1452 1078 itaque
1467 1045 1536 1072 nihil
1553 1053 1663 1078 novum,
1681 1046 1703 1073 si
1721 1053 1779 1073 IIIO-
1826 1055 1827 1058 η

997 1093 1040 1115 tus
1055 1088 1157 1116 invidia
1176 1089 1250 1124 cupit
1265 1089 1316 1117 hac
1330 1090 1412 1118 etiam
1427 1096 1498 1118 terra
1518 1099 1568 1119 nos
1584 1093 1729 1127 expellere.

1032 1179 1070 1206 Ac
1084 1178 1119 1206 de
1144 1179 1187 1206 his
1201 1179 1308 1214 quidem
1333 1181 1476 1209 hactenus.
1492 1180 1594 1215 Quodsi
1609 1178 1718 1210 causam
1740 1182 1781 1209 τῖε

997 1231 1172 1259 cognoscere,
1188 1225 1364 1260 quamobrem
1380 1226 1445 1254 feles
1461 1230 1489 1254 et
1505 1227 1710 1261 vespertiliones
1725 1233 1782 1254 tan-

997 1274 1054 1296 tum
1071 1274 1152 1298 noctu
1167 1276 1279 1306 acutum
1295 1272 1416 1304 videant,
1437 1273 1508 1300 hanc
1533 1273 1605 1300 illam
1623 1281 1683 1301 esse
1700 1275 1782 1302 scito.

998 1314 1069 1343 Sunt
1083 1315 1140 1344 haec
1154 1316 1284 1344 anitnalia
1300 1318 1409 1352 spiritu,
1426 1326 1481 1353 quo
1495 1319 1624 1346 cernendi
1642 1320 1682 1347 vis
1694 1321 1785 1347 conti—

997 1365 1088 1395 netur,
1104 1369 1169 1389 sane
1189 1363 1313 1397 pertenui
1331 1364 1455 1399 praedita.
1476 1364 1648 1400 Quapropter
1665 1367 1783 1394 isnoctu

998 1406 1172 1434 mediocriter
1195 1408 1230 1436 ob
1249 1408 1316 1436 solis
1339 1409 1489 1438 absentiam
1507 1411 1691 1438 condensatur
1704 1417 1731 1439 ct
1751 1412 1784 1438 ad

998 1453 1201 1488 perceptionem
1227 1462 1318 1482 rerum
1346 1456 1552 1491 aspectabilium
1578 1457 1608 1485 ﬁt
1637 1457 1751 1485 idoneus
1776 1467 1783 1485 :

998 1498 1099 1533 quippe
1109 1499 1230 1527 interdiu
1243 1505 1371 1535 tanquam
1385 1502 1580 1530 subtilissimus
1591 1503 1738 1538 dissipatur
1752 1512 1785 1531 ac

998 1544 1173 1580 dispergitur.
1192 1546 1267 1574 ldem
1286 1551 1314 1574 et
1330 1547 1357 1574 in
1374 1547 1436 1576 aliis
1455 1553 1497 1576 est
1510 1549 1614 1581 videre,
1633 1550 1784 1584 prtesertim

998 1590 1065 1625 ipsis
1079 1591 1106 1618 in
1125 1592 1261 1620 leonibus.
1277 1593 1337 1626 Quo
1360 1595 1390 1621 tit
1407 1599 1436 1622 ut
1459 1595 1633 1630 splendorem
1649 1596 1785 1623 radiorum

997 1636 1128 1664 solarium
1152 1638 1288 1674 fugientes
1309 1639 1392 1678 etiam
1412 1640 1490 1668 inviti
1516 1645 1574 1668 toto
1600 1642 1645 1669 die
1667 1642 1785 1670 latitent.

997 1682 1066 1719 Nam
1083 1683 1105 1710 si
1127 1684 1232 1719 absque
1254 1685 1306 1712 hoc
1324 1690 1406 1719 esset,
1422 1686 1506 1714 libere
1526 1688 1619 1722 utique
1642 1695 1691 1723 per
1712 1689 1784 1716 diem

998 1728 1160 1757 oberrantes
1175 1730 1248 1757 haud
1264 1730 1389 1767 exiguam
1404 1732 1562 1761 hominibus
1578 1735 1786 1762 occurrentibus

1000 1781 1097 1801 noxam
1111 1774 1252 1803 afferrent.

1037 1818 1093 1847 lloc
1107 1820 1188 1848 etiam
1204 1821 1289 1855 disce,
1302 1821 1410 1850 leonem
1424 1824 1537 1859 vestigia
1552 1832 1599 1852 sua
1613 1826 1785 1858 contrahere,

1000 1865 1110 1900 quoties
1137 1867 1225 1902 ipsum
1250 1867 1332 1903 aliqui
1357 1875 1570 1905 persequuntur.
1587 1870 1632 1898 Sic
1657 1872 1787 1900 Dominus

1000 1919 1108 1947 quoque
1122 1918 1215 1940 noster
1231 1913 1258 1941 in
1275 1919 1375 1942 terram
1398 1915 1568 1944 descendens
1588 1917 1721 1945 adventus
1744 1920 1786 1945 sui

1001 1961 1109 1992 tempus
1134 1959 1270 1986 contraxit
1302 1960 1402 1988 diaboli
1426 1968 1518 1994 causa,
1546 1963 1591 1998 qui
1627 1964 1785 1998 jamdudum

999 2004 1118 2040 virgines
1147 2005 1320 2035 observabat.
1346 2008 1458 2036 Catulus
1482 2009 1609 2037 leoninus
1641 2010 1667 2036 in
1700 2010 1786 2038 lucem

1001 2055 1126 2079 mortuus
1142 2052 1252 2086 quidem
1278 2052 1379 2086 editur,
1405 2061 1499 2081 verum
1520 2054 1610 2082 afflatu
1636 2056 1719 2089 patris
1750 2057 1788 2082 vi-

1001 2100 1056 2123 tam
1070 2097 1181 2132 accipit.
1211 2097 1285 2125 ldcm
1305 2097 1378 2126 Deus
1398 2098 1477 2126 initio
1491 2098 1556 2127 fecit
1582 2101 1608 2127 in
1626 2100 1739 2134 Adamo,
1757 2109 1789 2129 ac

1000 2142 1129 2178 deinceps
1142 2143 1201 2178 ipso
1212 2144 1293 2171 etiam
1304 2144 1332 2171 in
1342 2144 1412 2172 Filio
1424 2152 1474 2173 suo
1482 2150 1598 2173 mortem
1610 2147 1696 2174 nostri
1707 2155 1789 2175 causa

155 2187 244 2215 αὐτοῦ
259 2187 293 2214 δι’
306 2188 379 2223 ἡμᾶς
390 2187 552 2223 νεκρωθέντι
567 2188 649 2214 ποιοῖ.
663 2188 745 2215 ’Ὅθεν
757 2188 802 2214 καὶ
815 2188 829 2214 ὁ
847 2187 944 2215 Ἰακὼϐ

999 2196 1141 2224 perpesso.
1164 2189 1348 2222 Quamobrem
1364 2189 1484 2219 Iacobus
1509 2191 1598 2219 dixit:
1623 2201 1632 2217 ι
1650 2191 1788 2220 Corruens

155 2232 267 2266 ἔλεγεν·
283 2232 464 2260 «Ἀναπεσὼν
490 2232 626 2268 ἐκοιμήθη
648 2233 686 2264 ὡς
714 2233 783 2260 λέων
810 2233 858 2259 καὶ
883 2233 950 2260 ὡσεὶ

154 2279 282 2313 σκύμνος
295 2286 302 2293 ·
324 2278 367 2310 τίς
383 2279 475 2314 ἐγερεῖ
499 2279 602 2311 αὑτόνς
621 2288 630 2304 ι
648 2279 681 2306 Ei
703 2279 731 2305 δὲ
747 2278 795 2306 καὶ
817 2278 885 2305 λέων
903 2280 949 2306 καὶ

153 2325 280 2360 σκύμνος
306 2327 319 2352 ὁ
341 2325 422 2356 αὐτὸς
440 2326 558 2360 λέγεται,
583 2326 612 2352 οὐ
639 2326 745 2352 καινόν’
771 2323 805 2361 ἦν
825 2326 879 2361 γὰρ
902 2319 952 2353 καί

154 2371 289 2407 βασιλεὺς
300 2373 314 2399 ὁ
327 2372 445 2407 Χριστὸς
460 2373 507 2398 καὶ
521 2365 652 2407 βασιλέως
663 2373 730 2404 υἱός.

198 2415 231 2442 '0
250 2415 330 2446 λύκος
348 2415 473 2454 φοϐεῖται
499 2416 529 2442 τὸ
552 2416 635 2450 φυτὸν
658 2417 708 2451 τὴν
725 2416 846 2443 σκίλλαν.
863 2416 948 2442 Τοῦτο

148 2461 246 2488 εἰδυῖα
259 2462 276 2497 ἠ
290 2461 403 2496 ἀλώπηξ
420 2463 495 2498 παρὰ
515 2463 554 2498 τῷ
579 2463 692 2498 τοιούτῳ
707 2463 842 2490 ύπνώττει
858 2462 946 2498 φυτῷ.

147 2509 181 2534 ετ
202 2517 269 2535 ποτε
296 2508 343 2535 τοῦ
359 2509 465 2544 φωλεοῦ
491 2509 577 2544 αὐτῆς
591 2509 644 2542 ἔξω
665 2509 736 2544 τύχῃ
759 2509 945 2545 διατρίϐουσα,

147 2555 203 2583 ινα
232 2556 271 2590 μὴ
295 2555 347 2582 ὑπὸ
372 2555 462 2582 λύκων
490 2555 591 2591 βρωθῇ.
611 2555 685 2582 Ειδι
703 2556 720 2590 ἡ
746 2555 861 2591 ἀλώπηξ
873 2555 945 2583 οὕτω

155 2644 161 2648 .
190 2625 216 2641 "’
228 2625 298 2653 Gen.
314 2633 389 2658 xux,
404 2626 432 2653 9.

192 2697 254 2759 (HJ
275 2697 458 2726 Leunclavius
473 2697 564 2725 minus
584 2697 709 2732 apposite
732 2696 887 2723 συστέλλειν
910 2695 945 2722 τὰ

192 2742 218 2759 ιη
254 2741 269 2759 e
287 2734 364 2759 leone
374 2734 495 2759 fuuiente
512 2733 687 2759 interpretari
701 2731 810 2759 videtur
839 2735 945 2758 contra-

145 2731 219 2769 ἴχνη
234 2731 269 2761 de
287 2734 364 2761 leone
374 2734 495 2768 fugiente
512 2731 687 2769 interpretari
701 2731 813 2769 videtur
839 2735 947 2758 contra-

146 2766 222 2807 ξίὲιιέ
240 2769 362 2807 uestigia,
375 2766 547 2807 cuiiidelere,
564 2766 684 2807 abolere,
695 2766 873 2807 abscondere;
899 2773 945 2793 ce-

145 2804 217 2831 lare
237 2808 286 2831 aut
297 2801 464 2831 confundere
477 2804 578 2831 rectius
602 2803 655 2830 dici
681 2802 822 2837 potuisset.
853 2801 946 2837 Neque

142 2838 235 2864 enim
250 2839 386 2863 antttraxil
398 2839 526 2864 Christus
534 2838 670 2864 adventus
680 2836 721 2863 sui
735 2837 793 2862 sive
808 2836 945 2862 ἐνανθοω-

1001 2233 1107 2267 sopitus
1119 2238 1162 2261 est
1174 2237 1204 2261 ut
1219 2234 1274 2267 leo,
1291 2235 1424 2270 quasique
1440 2236 1547 2263 catulus
1562 2236 1688 2264 leoninus
1702 2245 1709 2263 :
1726 2237 1789 2271 quis

1002 2279 1131 2307 excitabit
1145 2287 1209 2307 eum
1217 2279 1256 2306 ⁵⁷2
1270 2289 1280 2305 ι
1299 2279 1356 2308 Nec
1370 2280 1517 2316 quidquam
1534 2281 1646 2308 absurdi
1662 2283 1788 2310 eumdem

1002 2328 1059 2351 tum
1072 2324 1179 2351 leonem
1203 2329 1259 2352 tum
1274 2324 1393 2352 catulum
1405 2325 1546 2352 leoninum
1558 2327 1688 2361 appellari
1703 2335 1710 2355 :
1727 2334 1789 2355 nam

1004 2370 1132 2398 Christus
1146 2376 1172 2398 et
1189 2378 1236 2398 rex
1252 2375 1279 2398 et
1294 2371 1364 2406 regis
1378 2370 1451 2399 ﬁlius
1465 2377 1533 2399 erat.

1037 2416 1130 2451 Lupus
1155 2416 1277 2452 scyllam,
1301 2416 1400 2451 plantae
1416 2417 1547 2452 speciem,
1567 2418 1701 2446 vitat..ld
1726 2426 1788 2446 cum

1001 2461 1144 2497 vulpecula
1157 2461 1240 2495 norit,
1249 2462 1318 2496 apud
1331 2462 1401 2489 hanc
1413 2462 1533 2497 plantam
1543 2463 1684 2492 dormiens
1696 2465 1789 2498 cubat,

1001 2508 1023 2536 si
1038 2507 1108 2535 forte
1130 2515 1194 2535 suas
1209 2511 1287 2535 extra
1306 2508 1424 2536 latebras
1438 2508 1520 2544 degit,
1535 2515 1568 2537 ne
1591 2517 1604 2537 a
1624 2511 1694 2546 lupis
1709 2511 1792 2538 devo-

1001 2559 1088 2582 retur.
1104 2553 1207 2585 Quodsi
1221 2553 1272 2588 hoc
1285 2553 1428 2589 vulpecula
1442 2553 1519 2585 facit.
1534 2554 1620 2582 multo
1639 2555 1722 2590 magis
1741 2563 1791 2582 nos

1006 2695 1116 2729 πήσεως
1125 2699 1243 2730 tempus,
1255 2694 1301 2723 sed
1313 2694 1458 2723 abscondit
1470 2695 1623 2729 celavitque
1634 2702 1668 2722 ne
1679 2694 1791 2723 diabolo

1004 2737 1087 2757 notus
1099 2737 1180 2757 esset.
1202 2730 1330 2764 Quaedam
1343 2737 1451 2765 quoque
1473 2730 1507 2757 ab
1521 2730 1619 2757 eodem
1639 2730 1791 2764 interprete

1005 2765 1098 2792 minus
1113 2766 1256 2793 commode
1269 2765 1375 2793 reddita
1403 2765 1510 2792 videbis
1534 2766 1561 2792 in
1585 2765 1714 2792 versione
1739 2773 1792 2792 suo

1005 2799 1088 2826 nitori
1106 2801 1241 2834 restituta,
1263 2808 1321 2835 qua:
1341 2808 1395 2828 non
1411 2804 1454 2828 est
1474 2807 1544 2834 opus
1571 2799 1694 2835 putidius
1726 2808 1792 2827 ven-

1003 2839 1081 2861 ttare.
