1957 3073
148 118 199 146 l5")

775 111 986 143 MICHAELIS
1007 109 1135 140 GLYC:E

1697 105 1752 137 £35

146 171 239 197 adesse
258 169 391 197 debemus
413 169 447 196 iis
470 168 569 204 quibus
587 168 753 196 tntellectilis
779 168 824 195 ille
850 167 927 201 lupus

985 166 1071 196 ποιεῖ,
1100 164 1189 199 πολλῷ
1222 163 1323 198 μᾶλλον
1355 164 1437 198 ἡμεῖς
1471 164 1587 194 ἐκείνοις
1623 162 1767 197 ὀφείλομεν

146 215 269 250 abigitur.
288 214 415 248 Quaenam
433 215 498 242 illa?
511 215 610 242 Preces
620 218 646 241 ct
659 213 793 249 jejunium
809 222 815 240 :
834 222 843 237 ‹
859 212 926 239 Nam

145 268 230 296 genus
245 260 328 292 istud,
344 260 431 295 inquit
445 260 579 292 Christus,
599 266 653 286 non
679 258 732 285 nisi
753 257 879 292 precibus
900 261 928 284 et

147 306 246 341 iejunio
259 305 366 341 eiicitur
377 307 409 333 ⁸⁸.
426 315 436 332 ι

178 392 408 427 Catuelopardalis
423 392 449 419 in
468 391 552 427 Libya
574 391 693 426 conspici
718 390 842 418 traditur.
862 389 928 424 Ejus

145 439 258 466 duorum
279 438 437 465 animalium
457 438 591 465 mistionis
614 442 750 465 causa-est
765 437 824 472 ejus
838 435 928 470 regio-

146 486 186 512 nis
213 484 321 512 siccitas
347 488 374 511 et
398 491 475 518 aqua:
499 484 642 518 penuria:
672 483 773 518 quippe
799 482 927 509 animalia

84 546 90 550 -
145 533 248 559 diversa
270 531 463 564 variarumque
480 530 633 565 specierum
659 529 693 556 ad
715 536 799 564 aquas
816 536 929 563 congre-

145 583 252 612 gantur,
272 583 332 611 quae
355 576 383 603 in
410 575 492 612 Libya
516 583 584 603 rarae
608 580 680 603 sunt.
698 575 736 602 lta
760 576 790 602 ﬁt
809 579 839 602 ut
861 575 928 610 ipsis

145 624 216 650 inter
232 630 262 650 se
277 622 447 651 coeuntibus
457 622 521 649 fera:
533 622 654 657 quaedam
670 621 851 648 multiformes
863 628 928 656 pro-

145 671 283 694 creentur.

181 713 215 740 Et
231 713 451 745 animadvertito,
470 713 568 740 dilecte
587 713 634 747 fili,
651 711 783 747 ejusmodi
799 711 927 739 animalia

145 759 306 793 composita,
319 759 398 793 cujus
414 759 521 794 generis
536 764 600 786 sunt
612 760 694 786 etiam
707 759 783 791 muli,
797 767 850 786 non
866 766 928 786 esse

145 804 184 830 rel
210 804 244 831 ad
270 804 476 839 conceptionem
503 805 546 831 vel
575 805 793 839 procreationem
819 805 927 832 idonea.

982 212 1100 237 συνεῖναι
1123 210 1157 237 δι’
1178 207 1216 237 ὧν
1235 212 1248 237 ό
1262 210 1356 245 νοητὸς
1379 209 1459 240 λύκος
1487 208 1627 236 διώκεται.
1644 209 1710 234 Τίνα
1739 209 1767 234 δὲ

978 256 1066 286 σαῦτα
1079 264 1086 289 ;
1101 256 1241 290 Προσευχὴ
1255 255 1302 282 καὶ
1316 255 1428 290 νηστεία
1441 263 1449 272 υ
1467 254 1497 281 τὸ
1517 255 1594 289 γένος
1607 254 1672 289 γὰρ,
1686 254 1766 288 φησὶ,

977 301 1057 329 τοῦτο
1083 302 1134 328 οὐκ
1157 301 1317 328 ἐκσάλλεται
1339 301 1370 328 ἐί
1397 301 1435 337 μὴ
1450 301 1479 327 ἐν
1500 301 1642 335 ’προσευχῇ
1658 299 1705 327 καὶ
1719 307 1767 334 νη-

980 349 1066 382 στεῖᾳ.

1017 393 1050 419 Ἦ
1072 393 1100 419 δέ
1115 401 1147 427 γε
1170 392 1410 428 καμηλοπάρδαλις
1433 392 1462 418 ἐν
1485 391 1573 427 Λιὸύῃ
1596 391 1767 426 καθορᾶσθαι

978 439 1129 474 ἱστόρηται.
1146 439 1228 465 Attia.
1244 439 1273 465 δὲ
1298 439 1345 473 τῆς
1371 437 1500 472 τοιαύτης
1522 437 1664 472 ἐπιμιξίας
1682 437 1696 471 ἡ
1715 437 1765 471 τῆς

978 484 1071 519 χώρας
1084 484 1212 519 ἀνυδρία·
1230 483 1295 518 περὶ
1311 483 1365 518 γὰρ
1378 483 1412 509 τὰ
1428 483 1518 509 ἐκεῖσε
1533 482 1620 510 ὕδατα
1634 482 1764 516 ὀλιγοστὰ

977 530 1042 556 ὅντα
1060 529 1217 564 ἀθροίζεται
1235 528 1365 563 πολυειδῆ
1382 527 1451 561 ζῶα,
1472 527 1621 554 κάντεῦθεν
1641 527 1765 567 ἀλλήλοις

978 576 1201 611 ἐπιμιγνυμένων
1213 575 1302 602 αὐτῶν
1315 574 1397 610 θηρία
1415 573 1579 610 πολύμορφα
1595 573 1728 601 τίκτεται.

1013 707 1133 734 Γίνωσκε
1159 706 1198 739 δὲ,
1215 706 1353 742 αγατι-ητὲ,
1379 706 1420 733 ὅτι
1448 706 1482 733 τὰ
1508 705 1623 733 τοιαῦτα
1650 705 1766 732 σύνθετα

978 752 1047 786 ζῶα,
1061 753 1134 779 καθὰ
1153 751 1184 788 δὴ
1199 753 1246 779 καὶ
1269 753 1294 778 ol
1309 752 1426 787 ἡμίονοι,
1443 752 1492 779 οὐκ
1506 751 1604 779 εὔθετά
1622 753 1677 778 εἰσι
1699 752 1768 786 πρὸς

979 798 1112 833 σύλληψίν
1135 806 1165 824 τε
1192 799 1238 824 καὶ
1269 798 1408 833 γέννησιν.
1428 798 1507 829 Τίνος
1532 797 1645 830 ἐνεκενς
1664 797 1725 824 ὀτι
1740 797 1769 830 ἐξ

145 848 324 880 Quamobrem
337 838 424 876 istuc?
437 848 515 881 Quod
529 857 561 875 ex
576 838 693 876 diversis
705 849 851 885 generibus
864 857 927 876 cou~

985 844 1129 879 ίιλλοτρίων
1143 844 1329 879 συνεστηκότα
1354 843 1441 870 ταῦτα
1457 843 1544 877 γενῶν
1564 843 1768 878 διεφθαρμένην

145 899 224 927 stent,
241 902 273 922 ac
296 899 441 930 propterea
461 895 502 922 vis
524 895 651 930 gignendi
668 895 694 922 in
710 895 751 922 eis
771 895 864 923 vitiata
881 895 926 927 sit,

144 943 326 967 consentanea
346 940 373 967 id
396 940 505 974 quidem
523 940 639 967 ratione.
656 940 760 975 Quippe
780 948 831 968 nec
856 945 928 968 terra

144 986 220 1012 initio
241 993 331 1013 rerum
349 993 380 1013 ea
400 985 528 1020 produxit
544 990 572 1013 ut
585 986 713 1013 animalia
737 990 833 1013 caetera
855 986 927 1021 (nam

144 1032 272 1066 deinceps
290 1033 408 1059 humana
429 1031 547 1060 sollertia
563 1031 679 1066 quadam
699 1036 727 1058 et
743 1032 857 1058 artificio
873 1031 927 1067 62

143 1077 278 1104 asinorum
305 1082 333 1104 ct
353 1084 484 1111 equorum
508 1077 661 1112 excogitata
681 1082 723 1104 est
745 1076 926 1111 coniunctio),

143 1131 193 1150 uec
211 1131 304 1150 vocem
329 1122 402 1150 illam
426 1123 545 1161 divinam
571 1122 735 1149 audiverunt
749 1130 801 1157 qua
827 1123 927 1149 dictum

143 1174 185 1196 est
204 1169 283 1196 aliis:
308 1168 478 1205 t_Augcscite
502 1176 535 1195 ac
561 1168 821 1202 multiplicamini“.
842 1177 851 1194 ›
869 1169 928 1201 Quo

143 1215 170 1242 fit
186 1220 214 1241 ut
227 1214 389 1250 procreandi
407 1215 446 1241 vis
463 1215 489 1241 in
507 1213 574 1248 ipsis
592 1214 685 1240 vitiata
699 1214 745 1240 sit.

177 1260 317 1289 Lnicoruu
338 1259 438 1286 animal
461 1264 501 1286 est
526 1259 603 1286 valde
627 1258 727 1290 ferum,
751 1259 823 1293 quod
841 1266 929 1293 neque

143 1314 190 1341 per
212 1311 357 1334 venatores
382 1313 471 1340 neque
490 1305 572 1332 modo
594 1305 649 1332 ullo
672 1304 726 1332 alio
749 1305 807 1340 capi
829 1310 928 1340 potest.

143 1352 325 1379 Nihilominus
348 1352 403 1378 fera
425 1355 479 1378 tam
495 1351 623 1378 immanis
647 1351 681 1378 ad
700 1350 828 1377 feminam
847 1351 929 1386 virgi-

144 1403 217 1429 nem,
233 1403 293 1431 qum
310 1395 461 1430 splendidis
486 1395 581 1422 induta
595 1395 631 1422 sit
647 1394 768 1421 vestibus
782 1399 809 1421 et
831 1399 928 1421 ornatu

144 1442 217 1468 vario
233 1441 348 1473 exculta,
363 1448 417 1467 non
435 1445 537 1467 tantum
552 1439 667 1472 accedit,
680 1440 727 1467 sed
743 1439 824 1467 etiam
843 1439 929 1474 ipsius

143 1488 176 1515 ad
192 1494 279 1522 genua
297 1486 481 1521 procumbens
499 1485 625 1519 quiescit.
643 1485 717 1512 Idem
735 1489 792 1512 tum
810 1485 838 1512 in
858 1485 928 1512 divi-

145 1532 229 1559 nitate
244 1532 289 1558 iila
303 1531 491 1566 insspectabili
504 1535 530 1558 et
543 1531 783 1566 incomprehensili
797 1537 852 1558 tum
864 1539 929 1559 vera

143 1577 256 1612 solaque
270 1576 381 1611 Virgine
397 1576 489 1604 videre
504 1580 560 1609 est;
577 1576 629 1603 nisi
642 1576 714 1603 enim
731 1577 860 1612 templum
878 1577 930 1605 hoc

145 1627 282 1657 repertum
315 1629 389 1649 esset
413 1622 601 1657 puriSsimum.
633 1622 703 1650 Deus
723 1622 751 1648 in
778 1623 858 1650 terris
875 1631 929 1650 non

143 1673 308 1702 conspectus
321 1675 372 1694 ncc
388 1675 451 1702 eum
468 1667 624 1695 hominibus
642 1672 768 1695 versatus
783 1668 893 1696 fuisset.

178 1711 302 1739 Formica
317 1712 419 1747 spicam
440 1712 629 1740 conscendens
641 1712 759 1740 olfacere
776 1714 928 1748 consuevit,

143 1767 175 1786 ac
190 1759 325 1794 siquidem
342 1759 474 1786 hordeum
497 1759 608 1794 reperit,
626 1759 695 1794 fugit
711 1760 776 1787 inde
798 1768 881 1796 seque
896 1761 930 1789 ad

144 1804 226 1832 tritici
244 1804 346 1839 spicam
371 1804 489 1832 confert.
511 1805 569 1832 lloc
583 1805 606 1831 si
621 1805 735 1833 formica
753 1805 828 1838 facit,
844 1807 930 1834 multo

143 1851 228 1886 magis
241 1858 291 1878 nos
303 1850 497 1878 abhorrentem
511 1858 526 1877 a
539 1851 653 1878 veritate
667 1851 819 1879 doctrinam
829 1859 930 1881 cavere

142 1896 283 1929 debemus,
300 1899 328 1923 et
350 1895 384 1923 ad
405 1896 537 1928 triticum,
561 1895 712 1923 doctrinam
736 1897 864 1925 videlicet
887 1906 931 1926 re-

142 1942 304 1976 ctissimam,
320 1942 462 1970 accedere.
475 1942 541 1975 Qua:
553 1942 617 1976 lupo
635 1947 698 1969 sunt
715 1943 848 1971 adversus
867 1951 931 1971 oves

143 1987 302 2020 inimicitiae,
321 1992 437 2022 possunt
451 1988 515 2014 hinc
533 1988 614 2014 etiam
635 1988 763 2023 perspici.
783 1988 812 2015 Si
828 1988 930 2016 chorda

143 2033 235 2068 lupina
250 2034 276 2060 in
291 2035 394 2060 cithara
407 2035 567 2069 reperiatur,
580 2033 691 2068 reliqua:
705 2033 739 2060 de
752 2034 850 2061 ovibus
862 2042 927 2061 con-

143 2079 218 2106 fectze
238 2079 348 2106 chorda:
365 2080 446 2106 silent
461 2087 493 2106 ac
508 2086 607 2106 sonutn
623 2080 730 2106 nullum
745 2079 840 2107 edunt.
856 2079 931 2107 ldetn

96 2149 101 2153 .
142 2125 236 2152 videre
249 2130 289 2153 est
304 2126 331 2152 itt
348 2126 495 2160 tympanis.
508 2125 690 2157 Quamobrem
707 2124 779 2152 Deus
793 2133 849 2152 rem
864 2126 931 2154 adeo

980 891 1029 924 τὴν
1044 891 1112 925 πρὸς
1127 890 1158 916 τὺ
1171 890 1275 916 τίκτειν
1288 889 1455 924 ἁπειλήχασι
1479 889 1605 924 δύναμιν.
1624 889 1679 915 Καὶ
1694 889 1769 915 εικό-

980 937 1127 969 τωςόὗτε
1155 937 1211 972 γὰρ
1240 938 1256 972 ἠ
1284 937 1319 972 γῆ
1350 936 1410 964 κατ’
1425 937 1513 973 ἀρχὰς
1535 937 1653 972 ἐξήγαγε
1671 936 1769 969 ταῦτα,

981 985 1052 1012 καθὰ
1078 984 1110 1019 δὴ
1135 985 1182 1010 καὶ
1209 983 1243 1010 τὰ
1267 984 1349 1010 λοιπὰ
1374 984 1432 1015 ζῶα
1456 985 1516 1020 (καὶ
1530 984 1585 1020 γὰρ
1601 984 1631 1016 ἐξ
1645 984 1769 1016 ἐπινοίας

981 1030 1092 1066 ὕστερον
1121 1029 1294 1066 ἀνθρωπίνης
1326 1031 1339 1066 ἡ
1365 1031 1421 1056 τῶν
1451 1031 1521 1057 ὄνων
1545 1038 1574 1057 τε
1602 1031 1649 1057 καὶ
1677 1030 1769 1057 ἵππων

980 1074 1118 1110 ἐπενοήθη
1139 1075 1287 1110 σύζευξις),
1303 1075 1366 1102 οὒτε
1383 1075 1433 1109 τῆς
1458 1075 1533 1107 θείας
1551 1075 1660 1111 ἐκείνης
1675 1076 1769 1110 φωνῆς

980 1121 1100 1155 ἥκουσαν
1123 1121 1172 1156 τῆς
1185 1121 1257 1148 οὕτω
1271 1121 1414 1157 λεγούσης,
1435 1131 1445 1148 ‹
1463 1121 1616 1154 Δὺξανεσθε
1641 1123 1688 1148 καὶ.
1701 1121 1770 1156 πλη-

981 1166 1104 1192 Odyssea.
1119 1175 1134 1192 -ι
1153 1167 1249 1193 Ἔνθεν
1273 1175 1313 1193 τοι
1329 1167 1376 1193 καὶ
1393 1167 1442 1202 τὴν
1461 1167 1529 1202 πρὸς
1551 1167 1582 1192 τὸ
1601 1167 1704 1194 τίκτειν
1719 1168 1768 1194 δύ-

981 1220 1062 1246 ναμιν
1073 1211 1274 1247 διεφθαρμένην
1291 1213 1452 1247 ἐσχήκασιν.

1024 1257 1052 1284 '0
1069 1258 1222 1292 μονόκερως
1243 1257 1313 1290 ζῶόν
1339 1259 1397 1284 ἐστι
1415 1258 1463 1285 καὶ
1487 1258 1558 1285 πάνυ
1573 1259 1681 1293 ἄγριον,
1699 1259 1769 1293 μήτε

981 1305 1113 1340 θηραταῖς
1140 1306 1210 1340 μήτε
1233 1304 1321 1336 ἄλλως
1346 1313 1405 1336 πως
1427 1305 1623 1340 ὰγρευόμενον.
1640 1305 1771 1340 Παρθένῳ

980 1351 1009 1377 δὲ
1022 1352 1143 1385 γυναικὶ,
1160 1351 1207 1378 καὶ
1221 1350 1308 1377 ταῦτα
1320 1350 1564 1386 λαμπρειμονούσῃ
1576 1352 1623 1378 καὶ
1636 1351 1769 1382 ποικίλως

981 1396 1172 1432 ἐστολισμένῃ,
1189 1396 1237 1423 καὶ
1258 1396 1435 1432 περιέρχεται
1462 1396 1493 1422 τὸ
1514 1396 1684 1432 δυσθήρατον
1699 1395 1769 1428 ζῶον

981 1442 1028 1468 καὶ
1044 1442 1119 1477 παρὰ
1133 1443 1189 1474 τοῖς
1212 1442 1323 1475 γόνασιν
1337 1442 1424 1477 αὐτῆς
1436 1443 1618 1469 ἀναπαύεται.
1639 1442 1725 1468 Τοῦτο
1739 1441 1768 1468 δὲ

981 1488 1028 1515 καὶ
1050 1489 1096 1514 ἐπὶ
1117 1489 1166 1523 τῆς
1192 1489 1309 1524 ἀοράτου
1336 1489 1383 1515 καὶ
1408 1488 1546 1523 ὰθηράτου
1571 1488 1700 1523 Θεότητος
1720 1489 1770 1515 καὶ

981 1535 1029 1568 τῆς
1049 1534 1131 1566 ὅντως
1153 1535 1199 1560 καὶ
1223 1536 1307 1570 μόνης
1330 1535 1470 1570 Παρθένου
1489 1534 1563 1561 ἐστιν
1581 1535 1645 1560 ίδείν
1660 1542 1666 1549 ·
1689 1535 1713 1561 εί
1730 1535 1768 1570 μὴ

981 1579 1036 1615 γὰρ
1059 1581 1073 1606 ὁ
1097 1579 1290 1616 καθαρώτατος
1312 1578 1390 1612 οὗτος
1415 1580 1514 1616 εὑρέθη
1539 1581 1611 1613 ναὸς,
1627 1580 1677 1607 οὐκ
1701 1580 1734 1607 ἂν
1754 1582 1768 1607 ό

980 1625 1048 1657 Θεὸς
1064 1625 1111 1652 ἐπὶ
1133 1626 1184 1661 τῆς
1199 1626 1251 1662 γῆς
1267 1626 1346 1662 ὤφθη
1365 1626 1412 1654 καὶ
1429 1628 1486 1659 τοῖς
1505 1626 1659 1662 ἀνθρώποις
1673 1635 1769 1654 συναν-

981 1671 1116 1707 εστράφη.

1022 1717 1053 1743 '0
1069 1717 1182 1753 μύρμηξ
1205 1718 1252 1745 ἐπὶ
1271 1718 1318 1746 τὸν
1334 1720 1436 1754 στάχυν
1457 1719 1642 1756 ἀνερχόμενος
1656 1721 1772 1758 ὀσφραί-

981 1763 1125 1795 νεται,καὶ
1138 1762 1186 1789 ἐὰν
1199 1763 1292 1798 κριθὴ,
1314 1763 1410 1798 φεύγει
1424 1763 1474 1791 ἀπ’
1495 1765 1578 1792 αὐτοῦ
1594 1767 1641 1793 καὶ
1658 1767 1706 1794 ἐπὶ
1724 1767 1770 1792 τὸν

981 1806 1029 1834 τοῦ
1054 1808 1130 1834 σίτου
1158 1808 1260 1842 στάχυν
1278 1808 1398 1845 ἔρχεται.
1418 1809 1450 1836 Et
1473 1809 1501 1837 δὲ
1526 1811 1540 1837 ό
1564 1810 1676 1846 μύρμηξ
1699 1811 1770 1838 οὕτω

982 1855 1063 1887 ποιεῖ,
1081 1853 1170 1890 πολλῷ
1196 1854 1297 1890 μᾶλλον
1323 1856 1404 1890 ἡμεῖς
1427 1855 1478 1892 τὴν
1502 1856 1710 1892 ἐτεροδοξοῦσαν
1728 1858 1768 1885 6-.-

981 1897 1130 1925 δασκαλίαν
1158 1898 1270 1935 φεύγειν
1297 1899 1454 1935 ὀφείλομεν,
1486 1902 1534 1929 ἐπὶ
1562 1901 1591 1928 δὲ
1618 1902 1665 1928 τὸν
1694 1904 1767 1930 σῖτον

983 1945 1122 1980 ἔρχεσθαι,
1137 1947 1184 1974 τὸν
1209 1947 1356 1983 ὀρθότατον
1369 1948 1471 1984 δηλαδὴ
1485 1948 1573 1983 λόγον.
1590 1950 1622 1976 Εί
1637 1951 1691 1986 γὰρ
1707 1952 1739 1986 ἢν
1755 1952 1769 1978 ό

982 1991 1062 2023 λύκος
1077 1992 1178 2027 ἔχθραν
1193 1995 1262 2028 πρὸς
1278 1994 1312 2020 τὰ.
1327 1994 1453 2029 πρόϐατα
1467 2004 1610 2030 κεκτηται,
1621 1997 1772 2024 κάντεῦθεν

983 2037 1056 2064 ἔστιν
1073 2038 1137 2064 ἰδεῖν
1148 2046 1156 2054 ο
1173 2039 1371 2074 εὐρισκομένης
1391 2040 1445 2075 γὰρ
1457 2040 1507 2076 τῆς
1522 2041 1622 2076 χορδῆς
1633 2043 1717 2069 αὑτοῦ
1737 2044 1767 2070 ἐν

984 2083 1097 2119 κιθάρᾳ,
1114 2085 1143 2110 αἱ
1156 2084 1252 2111 λοιπαὶ
1271 2086 1324 2112 τῶν
1342 2086 1487 2121 προϐάτων
1502 2088 1596 2122 χορδαὶ
1612 2089 1708 2122 σιγῶσι
1723 2090 1771 2116 καὶ

983 2130 1014 2157 οὺ
1039 2131 1211 2165 φθέγγονται.
1226 2131 1312 2158 Τοῦτο
1336 2132 1365 2158 δὲ
1391 2133 1440 2160 καὶ
1468 2134 1514 2160 ἐττί
1531 2135 1682 2168 τυμπάνων
1697 2135 1772 2162 ἔστιν
1793 2127 1797 2131 .

143 2179 240 2198 ninam
253 2176 281 2198 et
296 2171 453 2198 inusitatam
471 2170 548 2197 initio
564 2177 656 2196 rerum
672 2170 808 2198 instituit?
819 2170 854 2198 Ut
868 2172 927 2200 inde

985 2175 1058 2202 [δεῖν.
1075 2176 1154 2208 Τίνος
1175 2177 1203 2203 δὲ
1222 2178 1302 2213 χάριν
1324 2179 1354 2205 τὸ
1373 2179 1524 2214 παράδοξον
1546 2181 1624 2208 τοῦτο
1648 2182 1771 2215 γίνεσθαι

144 2218 244 2246 clarius
261 2218 482 2253 perspicerentur
499 2216 663 2248 inimicitia},
679 2223 747 2250 quas
763 2216 932 2246 intellectilis

143 2265 186 2290 ille
203 2266 283 2298 lupus
298 2263 429 2290 adversus
445 2269 511 2289 oves
529 2261 631 2288 Christi
642 2261 712 2296 gerit
725 2269 758 2288 ac
774 2267 895 2290 exercet.

178 2355 271 2382 Tradit
284 2354 408 2381 Allienus
421 2353 646 2380 chamtcleontcm
662 2353 745 2380 variis
758 2352 851 2381 formis
868 2361 934 2381 con-

142 2402 220 2436 spici,
240 2406 268 2427 ut
283 2400 329 2434 qui
345 2399 440 2427 oculos
450 2406 480 2426 se
495 2398 663 2426 intuentium
680 2397 772 2432 elidat,
788 2399 821 2426 ad
839 2407 933 2426 exem-

143 2449 217 2482 plum
237 2447 355 2478 Satanae,
369 2446 415 2480 qui
430 2452 458 2472 se
474 2445 503 2471 in
516 2444 587 2471 lucis
601 2444 727 2480 angelum
746 2445 930 2473 transformat.

146 2493 243 2520 Verum
260 2491 421 2519 Aristoteles
443 2491 482 2517 ait
507 2491 625 2517 maxime
644 2498 766 2518 macrum
783 2496 811 2517 et
833 2491 932 2518 exilem

145 2546 205 2566 esse
224 2537 447 2565 ChaJiaclemIlClll
474 2537 547 2564 inter
566 2536 707 2569 animalia,
732 2544 792 2571 qua:
810 2544 859 2564 ova
883 2545 932 2572 pa-

146 2587 219 2613 riunt
245 2589 273 2612 et
300 2585 442 2612 terrestria
467 2588 549 2617 sunt;
580 2583 661 2618 idque
691 2588 834 2618 propterea
859 2584 933 2618 quod

147 2634 286 2670 sanguinis
303 2639 449 2668 perparum
470 2631 579 2659 habeat.
603 2630 679 2658 Hanc
701 2631 786 2666 ipsam
803 2630 859 2658 vult
873 2638 934 2658 esse

145 2688 254 2708 causam
269 2679 372 2708 indolis
383 2680 482 2706 animae
495 2678 523 2706 in
538 2679 590 2706 hoc
603 2677 725 2705 animali.
747 2677 838 2704 Varias
852 2677 933 2704 nimi.

146 2736 205 2755 rum
219 2718 320 2755 formas
334 2727 434 2763 accipit
451 2725 604 2754 formidinis
623 2732 707 2753 causa
724 2733 731 2752 :
750 2730 841 2752 metus
860 2725 933 2751 enim

145 2781 177 2801 ex
198 2774 287 2809 inopia
304 2773 402 2802 caloris
421 2773 538 2801 exsistit.

180 2820 202 2836 "
216 2820 309 2848 Matth.
329 2829 393 2851 xvn.
411 2821 456 2848 20.
496 2822 517 2838 δ’
535 2820 603 2848 Gen.
622 2827 641 2847 ι.
656 2819 704 2845 22.

985 2222 1045 2248 κατ’
1068 2222 1156 2258 ἀρχὰς
1182 2225 1411 2259 συγκεχώρηταις
1432 2225 1476 2257 Ὠς
1499 2226 1624 2253 ἐντεῦθεν
1648 2228 1772 2263 ἀριδηλό-

984 2277 1064 2304 τερον
1078 2269 1223 2303 φαίνεσθαι
1235 2271 1284 2305 τὴν
1299 2270 1401 2306 ἔχθραν
1418 2272 1452 2307 ἢν
1467 2273 1481 2299 ὁ
1495 2272 1588 2307 νοητὸς
1603 2273 1684 2304 λύκος
1700 2273 1768 2308 πρὸς

985 2315 1019 2341 τὰ
1037 2315 1082 2341 τοῦ
1097 2316 1218 2349 Χριστοῦ
1235 2316 1381 2351 θρέμματα
1395 2318 1538 2352 κέκτηται.

1028 2361 1057 2386 Ὀ
1073 2360 1122 2396 μὲν
1145 2360 1192 2387 οὖν
1215 2361 1342 2393 Δίλιανὺς
1362 2363 1435 2397 λέγει
1446 2363 1492 2389 τὸν
1506 2363 1690 2398 χαμαιλέοντα
1712 2372 1772 2390 ποι-

986 2405 1061 2433 κίλον
1087 2406 1232 2440 φαίνεσθαι
1259 2408 1297 2443 τῇ
1318 2410 1409 2443 μορφῇ
1437 2408 1485 2435 ἅτε
1502 2409 1550 2440 τὰς
1574 2409 1629 2435 τῶν
1645 2409 1771 2444 δρώντων

985 2452 1061 2487 bitat;
1075 2453 1286 2488 ἐκκρουόμενον,
1306 2454 1378 2481 κατὰ
1397 2454 1514 2490 μίμησιν
1535 2454 1583 2481 τοῦ
1598 2455 1638 2486 είς
1655 2455 1772 2490 ἄγγελον

986 2499 1074 2533 φωτὸς
1097 2499 1404 2534 μετασχηματιζομένου
1423 2500 1522 2526 Σατὰν.
1540 2500 1570 2526 '0
1592 2500 1621 2527 δέ
1650 2501 1772 2535 Ἀριστο-

986 2544 1066 2579 τέλης
1085 2545 1169 2579 φησὶν
1183 2545 1224 2572 ὃτι
1240 2546 1397 2580 ἰσχνότατος
1408 2547 1423 2572 ὸ
1440 2546 1600 2581 χαμαιλέων
1619 2546 1673 2573 τῶν
1688 2547 1772 2573 ὦοτό-

987 2599 1042 2616 κων
1063 2591 1110 2617 καὶ
1124 2590 1226 2622 πεζῶν,
1240 2591 1308 2618 διότι
1329 2591 1540 2626 ὀλιγαιμότατός
1554 2591 1625 2619 ἐστι.
1641 2592 1727 2618 Τοῦτο
1744 2592 1772 2618 δὲ

988 2635 1073 2662 αἴτιον
1089 2636 1137 2662 καὶ
1160 2636 1208 2663 τοῦ
1231 2636 1280 2671 τῆς
1301 2636 1391 2672 ψυχῆς
1417 2637 1497 2672 ἠθους
1517 2636 1565 2663 τοῦ
1581 2637 1652 2669 ζώου
1664 2644 1671 2651 ’
1691 2635 1772 2664 πολϐ-

990 2690 1093 2717 μορφον
1108 2681 1162 2718 γὰρ
1175 2683 1280 2716 γίνεται
1293 2682 1338 2710 διὰ
1358 2683 1404 2709 τδν
1422 2682 1521 2717 φόϐον·
1534 2684 1548 2709 ὁ
1566 2682 1620 2719 γὰρ
1640 2684 1722 2718 φόϐος
1741 2684 1773 2710 δι’

991 2727 1095 2754 ἔνδειαν
1112 2728 1290 2763 θερμότητος.
