  <div class='ocr_page' id='page_1' title='image "/cluster/home/n/w/nwhite01/storage/ocr_20150623/158/njp.32101077773230/101.png"; bbox 0 0 1957 3073; ppageno 0'>
   <div class='ocr_carea' id='block_1_1' title="bbox 185 163 235 194">
    <p class='ocr_par' dir='ltr' id='par_1_1' title="bbox 185 163 235 194">
     <span class='ocr_line' id='line_1_1' title="bbox 185 163 235 194; baseline -0.02 0"><span class='ocrx_word' id='word_1_1' title='bbox 185 163 235 194; x_wconf 73' lang='lat' dir='ltr'><strong>I39</strong></span> 
     </span>
    </p>
   </div>
   <div class='ocr_carea' id='block_1_2' title="bbox 810 162 1169 210">
    <p class='ocr_par' dir='ltr' id='par_1_2' title="bbox 810 162 1169 210">
     <span class='ocr_line' id='line_1_2' title="bbox 810 162 1169 210; baseline 0.017 -6"><span class='ocrx_word' id='word_1_2' title='bbox 810 162 1023 206; x_wconf 36' lang='lat' dir='ltr'><strong>MlCHAELlS&#39;</strong></span> <span class='ocrx_word' id='word_1_3' title='bbox 1039 178 1169 210; x_wconf 60' lang='lat' dir='ltr'><strong>cuca</strong></span> 
     </span>
    </p>
   </div>
   <div class='ocr_carea' id='block_1_3' title="bbox 1747 182 1799 217">
    <p class='ocr_par' dir='ltr' id='par_1_3' title="bbox 1747 182 1799 217">
     <span class='ocr_line' id='line_1_3' title="bbox 1747 182 1799 217; baseline -0.019 -1"><span class='ocrx_word' id='word_1_4' title='bbox 1747 182 1799 217; x_wconf 74' lang='lat' dir='ltr'><strong>HO</strong></span> 
     </span>
    </p>
   </div>
   <div class='ocr_carea' id='block_1_4' title="bbox 182 218 948 269">
    <p class='ocr_par' dir='ltr' id='par_1_4' title="bbox 182 218 948 266">
     <span class='ocr_line' id='line_1_4' title="bbox 182 218 948 266; baseline 0.02 -23"><span class='ocrx_word' id='word_1_5' title='bbox 182 218 296 246; x_wconf 83' lang='lat' dir='ltr'><strong>morbus</strong></span> <span class='ocrx_word' id='word_1_6' title='bbox 321 221 436 254; x_wconf 62' lang='lat' dir='ltr'><strong>accedit,</strong></span> <span class='ocrx_word' id='word_1_7' title='bbox 461 230 542 258; x_wconf 87' lang='lat' dir='ltr'><strong>quem</strong></span> <span class='ocrx_word' id='word_1_8' title='bbox 569 225 799 261; x_wconf 82' lang='lat' dir='ltr'><strong>hydrophobium.</strong></span> <span class='ocrx_word' id='word_1_9' title='bbox 827 231 861 257; x_wconf 89' lang='lat' dir='ltr'><strong>ab</strong></span> <span class='ocrx_word' id='word_1_10' title='bbox 888 238 948 266; x_wconf 87' lang='lat' dir='ltr'><strong>aqu:</strong></span> 
     </span>
    </p>
   </div>
   <div class='ocr_carea' id='block_1_5' title="bbox 1003 218 1799 269">
    <p class='ocr_par' dir='ltr' id='par_1_5' title="bbox 1018 234 1799 269">
     <span class='ocr_line' id='line_1_5' title="bbox 1018 234 1799 269; baseline 0.008 -9"><span class='ocrx_word' id='word_1_11' title='bbox 1018 234 1099 266; x_wconf 85' lang='grc' dir='ltr'>κύνες</span> <span class='ocrx_word' id='word_1_12' title='bbox 1125 235 1272 263; x_wconf 77' lang='grc' dir='ltr'><strong>ὑλακτοῦσι</strong></span> <span class='ocrx_word' id='word_1_13' title='bbox 1291 237 1338 263; x_wconf 78' lang='grc' dir='ltr'><strong>καὶ</strong></span> <span class='ocrx_word' id='word_1_14' title='bbox 1354 237 1498 264; x_wconf 72' lang='grc' dir='ltr'>δακνουσιν</span> <span class='ocrx_word' id='word_1_15' title='bbox 1521 237 1656 269; x_wconf 73' lang='grc' dir='ltr'>ἐπιόντες,</span> <span class='ocrx_word' id='word_1_16' title='bbox 1673 240 1719 265; x_wconf 78' lang='grc' dir='ltr'>καὶ</span> <span class='ocrx_word' id='word_1_17' title='bbox 1735 240 1799 267; x_wconf 79' lang='grc' dir='ltr'>δάκ-</span> 
     </span>
    </p>
   </div>
   <div class='ocr_carea' id='block_1_6' title="bbox 181 267 964 305">
    <p class='ocr_par' dir='ltr' id='par_1_6' title="bbox 181 267 964 305">
     <span class='ocr_line' id='line_1_6' title="bbox 181 267 964 305; baseline 0.019 -15"><span class='ocrx_word' id='word_1_18' title='bbox 181 270 266 295; x_wconf 83' lang='lat' dir='ltr'><strong>metu.</strong></span> <span class='ocrx_word' id='word_1_19' title='bbox 286 272 393 293; x_wconf 86' lang='lat' dir='ltr'><strong>vocant.</strong></span> <span class='ocrx_word' id='word_1_20' title='bbox 412 267 478 296; x_wconf 86' lang='lat' dir='ltr'><strong>Nam</strong></span> <span class='ocrx_word' id='word_1_21' title='bbox 495 270 540 304; x_wconf 91' lang='lat' dir='ltr'><strong>qui</strong></span> <span class='ocrx_word' id='word_1_22' title='bbox 564 278 579 298; x_wconf 91' lang='lat' dir='ltr'><strong>a</strong></span> <span class='ocrx_word' id='word_1_23' title='bbox 607 273 720 300; x_wconf 77' lang='lat' dir='ltr'><strong>canibus</strong></span> <span class='ocrx_word' id='word_1_24' title='bbox 745 275 859 303; x_wconf 86' lang='lat' dir='ltr'><strong>rabiosis</strong></span> <span class='ocrx_word' id='word_1_25' title='bbox 881 277 964 305; x_wconf 87' lang='lat' dir='ltr'><strong>morsi</strong></span> 
     </span>
    </p>
   </div>
   <div class='ocr_carea' id='block_1_7' title="bbox 180 312 964 353">
    <p class='ocr_par' dir='ltr' id='par_1_7' title="bbox 180 312 964 353">
     <span class='ocr_line' id='line_1_7' title="bbox 180 312 964 353; baseline 0.019 -18"><span class='ocrx_word' id='word_1_26' title='bbox 180 315 252 338; x_wconf 71' lang='lat' dir='ltr'><strong>sunt,</strong></span> <span class='ocrx_word' id='word_1_27' title='bbox 266 317 364 344; x_wconf 86' lang='lat' dir='ltr'><strong>aquam</strong></span> <span class='ocrx_word' id='word_1_28' title='bbox 379 312 567 348; x_wconf 71' lang='lat' dir='ltr'><strong>reformidant,</strong></span> <span class='ocrx_word' id='word_1_29' title='bbox 578 317 635 345; x_wconf 85' lang='lat' dir='ltr'><strong>sive</strong></span> <span class='ocrx_word' id='word_1_30' title='bbox 648 318 721 353; x_wconf 78' lang='lat' dir='ltr'><strong>illam</strong></span> <span class='ocrx_word' id='word_1_31' title='bbox 736 319 894 349; x_wconf 80' lang='lat' dir='ltr'><strong>intueantur</strong></span> <span class='ocrx_word' id='word_1_32' title='bbox 907 322 964 350; x_wconf 88' lang='lat' dir='ltr'><strong>sive</strong></span> 
     </span>
    </p>
   </div>
   <div class='ocr_carea' id='block_1_8' title="bbox 180 355 962 395">
    <p class='ocr_par' dir='ltr' id='par_1_8' title="bbox 180 355 962 395">
     <span class='ocr_line' id='line_1_8' title="bbox 180 355 962 395; baseline 0.019 -15"><span class='ocrx_word' id='word_1_33' title='bbox 180 355 293 389; x_wconf 86' lang='lat' dir='ltr'><strong>propius</strong></span> <span class='ocrx_word' id='word_1_34' title='bbox 307 358 448 386; x_wconf 71' lang='lat' dir='ltr'><strong>accedant.</strong></span> <span class='ocrx_word' id='word_1_35' title='bbox 466 359 594 389; x_wconf 82' lang='lat' dir='ltr'><strong>Nonnulli</strong></span> <span class='ocrx_word' id='word_1_36' title='bbox 611 364 693 391; x_wconf 85' lang='lat' dir='ltr'><strong>etiam</strong></span> <span class='ocrx_word' id='word_1_37' title='bbox 711 372 809 393; x_wconf 88' lang='lat' dir='ltr'><strong>canum</strong></span> <span class='ocrx_word' id='word_1_38' title='bbox 827 375 903 394; x_wconf 90' lang='lat' dir='ltr'><strong>more</strong></span> <span class='ocrx_word' id='word_1_39' title='bbox 922 368 962 395; x_wconf 86' lang='lat' dir='ltr'><strong>la-</strong></span> 
     </span>
    </p>
   </div>
   <div class='ocr_carea' id='block_1_9' title="bbox 178 404 962 445">
    <p class='ocr_par' dir='ltr' id='par_1_9' title="bbox 178 404 962 445">
     <span class='ocr_line' id='line_1_9' title="bbox 178 404 962 445; baseline 0.018 -18"><span class='ocrx_word' id='word_1_40' title='bbox 178 405 251 429; x_wconf 84' lang='lat' dir='ltr'><strong>trant</strong></span> <span class='ocrx_word' id='word_1_41' title='bbox 266 407 293 430; x_wconf 88' lang='lat' dir='ltr'><strong>et</strong></span> <span class='ocrx_word' id='word_1_42' title='bbox 310 404 379 432; x_wconf 78' lang='lat' dir='ltr'><strong>alios</strong></span> <span class='ocrx_word' id='word_1_43' title='bbox 393 407 512 441; x_wconf 69' lang='lat' dir='ltr'><strong>aggressi</strong></span> <span class='ocrx_word' id='word_1_44' title='bbox 527 410 662 442; x_wconf 78' lang='lat' dir='ltr'><strong>mordent,</strong></span> <span class='ocrx_word' id='word_1_45' title='bbox 681 419 734 445; x_wconf 83' lang='lat' dir='ltr'><strong>quo</strong></span> <span class='ocrx_word' id='word_1_46' title='bbox 754 419 845 440; x_wconf 87' lang='lat' dir='ltr'><strong>morsu</strong></span> <span class='ocrx_word' id='word_1_47' title='bbox 861 413 962 441; x_wconf 84' lang='lat' dir='ltr'><strong>malum</strong></span> 
     </span>
    </p>
   </div>
   <div class='ocr_carea' id='block_1_10' title="bbox 178 447 961 493">
    <p class='ocr_par' dir='ltr' id='par_1_10' title="bbox 178 447 961 493">
     <span class='ocr_line' id='line_1_10' title="bbox 178 447 961 493; baseline 0.015 -20"><span class='ocrx_word' id='word_1_48' title='bbox 178 447 265 481; x_wconf 83' lang='lat' dir='ltr'><strong>ipsum</strong></span> <span class='ocrx_word' id='word_1_49' title='bbox 281 457 442 485; x_wconf 75' lang='lat' dir='ltr'><strong>propagant.</strong></span> <span class='ocrx_word' id='word_1_50' title='bbox 463 452 598 481; x_wconf 63' lang='lat' dir='ltr'><strong>Caeterum</strong></span> <span class='ocrx_word' id='word_1_51' title='bbox 621 463 681 490; x_wconf 65' lang='lat' dir='ltr'><strong>qua;</strong></span> <span class='ocrx_word' id='word_1_52' title='bbox 696 457 863 492; x_wconf 88' lang='lat' dir='ltr'><strong>reliquorum</strong></span> <span class='ocrx_word' id='word_1_53' title='bbox 889 467 961 493; x_wconf 89' lang='lat' dir='ltr'><strong>sym-</strong></span> 
     </span>
    </p>
   </div>
   <div class='ocr_carea' id='block_1_11' title="bbox 176 497 959 534">
    <p class='ocr_par' dir='ltr' id='par_1_11' title="bbox 176 497 959 534">
     <span class='ocr_line' id='line_1_11' title="bbox 176 497 959 534; baseline 0.017 -15"><span class='ocrx_word' id='word_1_54' title='bbox 176 497 330 528; x_wconf 75' lang='lat' dir='ltr'><strong>ptomatum</strong></span> <span class='ocrx_word' id='word_1_55' title='bbox 356 505 436 525; x_wconf 83' lang='lat' dir='ltr'><strong>causa</strong></span> <span class='ocrx_word' id='word_1_56' title='bbox 464 499 500 525; x_wconf 86' lang='lat' dir='ltr'><strong>sit</strong></span> <span class='ocrx_word' id='word_1_57' title='bbox 526 505 609 534; x_wconf 85' lang='lat' dir='ltr'><strong>patet.</strong></span> <span class='ocrx_word' id='word_1_58' title='bbox 635 501 702 529; x_wconf 90' lang='lat' dir='ltr'><strong>Nam</strong></span> <span class='ocrx_word' id='word_1_59' title='bbox 732 511 794 530; x_wconf 93' lang='lat' dir='ltr'><strong>cum</strong></span> <span class='ocrx_word' id='word_1_60' title='bbox 825 511 959 531; x_wconf 86' lang='lat' dir='ltr'><strong>venenum</strong></span> 
     </span>
    </p>
   </div>
   <div class='ocr_carea' id='block_1_12' title="bbox 175 539 957 583">
    <p class='ocr_par' dir='ltr' id='par_1_12' title="bbox 175 539 957 583">
     <span class='ocr_line' id='line_1_12' title="bbox 175 539 957 583; baseline 0.018 -20"><span class='ocrx_word' id='word_1_61' title='bbox 175 539 267 565; x_wconf 86' lang='lat' dir='ltr'><strong>omnia</strong></span> <span class='ocrx_word' id='word_1_62' title='bbox 284 541 403 569; x_wconf 76' lang='lat' dir='ltr'><strong>membra</strong></span> <span class='ocrx_word' id='word_1_63' title='bbox 424 547 450 570; x_wconf 86' lang='lat' dir='ltr'><strong>et</strong></span> <span class='ocrx_word' id='word_1_64' title='bbox 467 543 555 577; x_wconf 82' lang='lat' dir='ltr'><strong>ipsum</strong></span> <span class='ocrx_word' id='word_1_65' title='bbox 570 545 637 573; x_wconf 87' lang='lat' dir='ltr'><strong>adeo</strong></span> <span class='ocrx_word' id='word_1_66' title='bbox 649 547 792 575; x_wconf 81' lang='lat' dir='ltr'><strong>cerebrum</strong></span> <span class='ocrx_word' id='word_1_67' title='bbox 806 549 957 583; x_wconf 82' lang='lat' dir='ltr'><strong>occupavit,</strong></span> 
     </span>
    </p>
   </div>
   <div class='ocr_carea' id='block_1_13' title="bbox 175 583 957 628">
    <p class='ocr_par' dir='ltr' id='par_1_13' title="bbox 175 583 957 628">
     <span class='ocr_line' id='line_1_13' title="bbox 175 583 957 628; baseline 0.017 -19"><span class='ocrx_word' id='word_1_68' title='bbox 175 583 331 619; x_wconf 89' lang='lat' dir='ltr'><strong>hujusmodi</strong></span> <span class='ocrx_word' id='word_1_69' title='bbox 351 593 532 622; x_wconf 87' lang='lat' dir='ltr'><strong>symptomata</strong></span> <span class='ocrx_word' id='word_1_70' title='bbox 552 597 646 618; x_wconf 87' lang='lat' dir='ltr'><strong>secum</strong></span> <span class='ocrx_word' id='word_1_71' title='bbox 660 591 758 620; x_wconf 83' lang='lat' dir='ltr'><strong>adfert.</strong></span> <span class='ocrx_word' id='word_1_72' title='bbox 774 594 809 620; x_wconf 85' lang='lat' dir='ltr'><strong>At</strong></span> <span class='ocrx_word' id='word_1_73' title='bbox 831 594 890 628; x_wconf 86' lang='lat' dir='ltr'><strong>ejus</strong></span> <span class='ocrx_word' id='word_1_74' title='bbox 907 595 957 626; x_wconf 85' lang='lat' dir='ltr'><strong>rei.</strong></span> 
     </span>
    </p>
   </div>
   <div class='ocr_carea' id='block_1_14' title="bbox 172 630 957 679">
    <p class='ocr_par' dir='ltr' id='par_1_14' title="bbox 172 630 957 679">
     <span class='ocr_line' id='line_1_14' title="bbox 172 630 957 679; baseline 0.015 -24"><span class='ocrx_word' id='word_1_75' title='bbox 172 630 245 664; x_wconf 83' lang='lat' dir='ltr'><strong>quod</strong></span> <span class='ocrx_word' id='word_1_76' title='bbox 269 639 368 666; x_wconf 86' lang='lat' dir='ltr'><strong>aquam</strong></span> <span class='ocrx_word' id='word_1_77' title='bbox 393 639 525 668; x_wconf 88' lang='lat' dir='ltr'><strong>metuant,</strong></span> <span class='ocrx_word' id='word_1_78' title='bbox 548 643 657 679; x_wconf 65' lang='lat' dir='ltr'><strong>causam</strong></span> <span class='ocrx_word' id='word_1_79' title='bbox 679 638 762 673; x_wconf 80' lang='lat' dir='ltr'><strong>aliqui</strong></span> <span class='ocrx_word' id='word_1_80' title='bbox 787 639 899 667; x_wconf 84' lang='lat' dir='ltr'><strong>nimiam</strong></span> <span class='ocrx_word' id='word_1_81' title='bbox 924 640 957 667; x_wconf 81' lang='lat' dir='ltr'><strong>ad</strong></span> 
     </span>
    </p>
   </div>
   <div class='ocr_carea' id='block_1_15' title="bbox 171 676 957 717">
    <p class='ocr_par' dir='ltr' id='par_1_15' title="bbox 171 676 957 717">
     <span class='ocr_line' id='line_1_15' title="bbox 171 676 957 717; baseline 0.015 -16"><span class='ocrx_word' id='word_1_82' title='bbox 171 676 322 704; x_wconf 81' lang='lat' dir='ltr'><strong>siccitatem</strong></span> <span class='ocrx_word' id='word_1_83' title='bbox 340 678 472 712; x_wconf 81' lang='lat' dir='ltr'><strong>referunt,</strong></span> <span class='ocrx_word' id='word_1_84' title='bbox 491 682 567 716; x_wconf 90' lang='lat' dir='ltr'><strong>quasi</strong></span> <span class='ocrx_word' id='word_1_85' title='bbox 585 676 698 717; x_wconf 66' lang='lat' dir='ltr'><strong>prorsus</strong></span> <span class='ocrx_word' id='word_1_86' title='bbox 720 685 754 711; x_wconf 93' lang='lat' dir='ltr'><strong>ab</strong></span> <span class='ocrx_word' id='word_1_87' title='bbox 774 685 888 712; x_wconf 90' lang='lat' dir='ltr'><strong>humore</strong></span> <span class='ocrx_word' id='word_1_88' title='bbox 903 686 957 713; x_wconf 88' lang='lat' dir='ltr'><strong>sint</strong></span> 
     </span>
    </p>
   </div>
   <div class='ocr_carea' id='block_1_16' title="bbox 171 721 955 764">
    <p class='ocr_par' dir='ltr' id='par_1_16' title="bbox 171 721 955 764">
     <span class='ocr_line' id='line_1_16' title="bbox 171 721 955 764; baseline 0.014 -16"><span class='ocrx_word' id='word_1_89' title='bbox 171 721 328 750; x_wconf 70' lang='lat' dir='ltr'><strong>abal&#39;enati.</strong></span> <span class='ocrx_word' id='word_1_90' title='bbox 346 723 433 753; x_wconf 77' lang='lat' dir='ltr'><strong>Rufus</strong></span> <span class='ocrx_word' id='word_1_91' title='bbox 458 731 547 754; x_wconf 85' lang='lat' dir='ltr'><strong>autem</strong></span> <span class='ocrx_word' id='word_1_92' title='bbox 568 729 691 763; x_wconf 88' lang='lat' dir='ltr'><strong>perhibet</strong></span> <span class='ocrx_word' id='word_1_93' title='bbox 708 731 825 764; x_wconf 84' lang='lat' dir='ltr'><strong>speciem</strong></span> <span class='ocrx_word' id='word_1_94' title='bbox 851 732 955 759; x_wconf 78' lang='lat' dir='ltr'><strong>melan-</strong></span> 
     </span>
    </p>
   </div>
   <div class='ocr_carea' id='block_1_17' title="bbox 169 768 955 807">
    <p class='ocr_par' dir='ltr' id='par_1_17' title="bbox 169 768 955 807">
     <span class='ocr_line' id='line_1_17' title="bbox 169 768 955 807; baseline 0.017 -15"><span class='ocrx_word' id='word_1_95' title='bbox 169 768 266 794; x_wconf 69' lang='grc' dir='ltr'><strong>ε-Ιιοίἱω</strong></span> <span class='ocrx_word' id='word_1_96' title='bbox 290 771 436 804; x_wconf 75' lang='lat' dir='ltr'><strong>quamdam</strong></span> <span class='ocrx_word' id='word_1_97' title='bbox 462 771 502 799; x_wconf 85' lang='lat' dir='ltr'><strong>eis</strong></span> <span class='ocrx_word' id='word_1_98' title='bbox 522 774 661 807; x_wconf 84' lang='lat' dir='ltr'><strong>accidere,</strong></span> <span class='ocrx_word' id='word_1_99' title='bbox 689 775 819 803; x_wconf 90' lang='lat' dir='ltr'><strong>nimirum</strong></span> <span class='ocrx_word' id='word_1_100' title='bbox 847 784 955 804; x_wconf 79' lang='lat' dir='ltr'><strong>veneno</strong></span> 
     </span>
    </p>
   </div>
   <div class='ocr_carea' id='block_1_18' title="bbox 168 812 953 854">
    <p class='ocr_par' dir='ltr' id='par_1_18' title="bbox 168 812 953 854">
     <span class='ocr_line' id='line_1_18' title="bbox 168 812 953 854; baseline 0.017 -16"><span class='ocrx_word' id='word_1_101' title='bbox 168 812 309 850; x_wconf 77' lang='lat' dir='ltr'><strong>humorem</strong></span> <span class='ocrx_word' id='word_1_102' title='bbox 323 815 397 842; x_wconf 88' lang='lat' dir='ltr'><strong>illum</strong></span> <span class='ocrx_word' id='word_1_103' title='bbox 412 816 536 845; x_wconf 90' lang='lat' dir='ltr'><strong>imitante</strong></span> <span class='ocrx_word' id='word_1_104' title='bbox 548 818 583 845; x_wconf 92' lang='lat' dir='ltr'><strong>ob</strong></span> <span class='ocrx_word' id='word_1_105' title='bbox 598 827 678 854; x_wconf 90' lang='lat' dir='ltr'><strong>quem</strong></span> <span class='ocrx_word' id='word_1_106' title='bbox 692 821 735 847; x_wconf 85' lang='lat' dir='ltr'><strong>alii</strong></span> <span class='ocrx_word' id='word_1_107' title='bbox 752 821 804 848; x_wconf 91' lang='lat' dir='ltr'><strong>alia</strong></span> <span class='ocrx_word' id='word_1_108' title='bbox 819 825 953 851; x_wconf 83' lang='lat' dir='ltr'><strong>rnetu‘unt.</strong></span> 
     </span>
    </p>
   </div>
   <div class='ocr_carea' id='block_1_19' title="bbox 167 858 953 901">
    <p class='ocr_par' dir='ltr' id='par_1_19' title="bbox 167 858 953 901">
     <span class='ocr_line' id='line_1_19' title="bbox 167 858 953 901; baseline 0.015 -17"><span class='ocrx_word' id='word_1_109' title='bbox 167 858 222 894; x_wconf 72' lang='grc'><strong>64</strong></span> <span class='ocrx_word' id='word_1_110' title='bbox 240 859 272 886; x_wconf 90' lang='lat' dir='ltr'><strong>Et</strong></span> <span class='ocrx_word' id='word_1_111' title='bbox 287 861 351 894; x_wconf 91' lang='lat' dir='ltr'><strong>quid</strong></span> <span class='ocrx_word' id='word_1_112' title='bbox 366 862 459 890; x_wconf 87' lang='lat' dir='ltr'><strong>multis</strong></span> <span class='ocrx_word' id='word_1_113' title='bbox 476 863 521 891; x_wconf 89' lang='lat' dir='ltr'><strong>hic</strong></span> <span class='ocrx_word' id='word_1_114' title='bbox 543 865 634 893; x_wconf 89' lang='lat' dir='ltr'><strong>verbis</strong></span> <span class='ocrx_word' id='word_1_115' title='bbox 658 873 727 901; x_wconf 80' lang='lat' dir='ltr'><strong>opus</strong></span> <span class='ocrx_word' id='word_1_116' title='bbox 742 868 803 894; x_wconf 87' lang='lat' dir='ltr'><strong>cst?</strong></span> <span class='ocrx_word' id='word_1_117' title='bbox 817 867 953 900; x_wconf 88' lang='lat' dir='ltr'><strong>Quemad-</strong></span> 
     </span>
    </p>
   </div>
   <div class='ocr_carea' id='block_1_20' title="bbox 166 903 953 941">
    <p class='ocr_par' dir='ltr' id='par_1_20' title="bbox 166 903 953 941">
     <span class='ocr_line' id='line_1_20' title="bbox 166 903 953 941; baseline 0.017 -13"><span class='ocrx_word' id='word_1_118' title='bbox 166 903 277 930; x_wconf 91' lang='lat' dir='ltr'><strong>modum</strong></span> <span class='ocrx_word' id='word_1_119' title='bbox 300 906 373 932; x_wconf 89' lang='lat' dir='ltr'><strong>cnim</strong></span> <span class='ocrx_word' id='word_1_120' title='bbox 389 906 416 933; x_wconf 91' lang='lat' dir='ltr'><strong>in</strong></span> <span class='ocrx_word' id='word_1_121' title='bbox 440 908 645 937; x_wconf 85' lang='lat' dir='ltr'><strong>mclancholicis</strong></span> <span class='ocrx_word' id='word_1_122' title='bbox 669 913 814 939; x_wconf 83' lang='lat' dir='ltr'><strong>usuvenire</strong></span> <span class='ocrx_word' id='word_1_123' title='bbox 829 914 953 941; x_wconf 84' lang='lat' dir='ltr'><strong>videmus</strong></span> 
     </span>
    </p>
   </div>
   <div class='ocr_carea' id='block_1_21' title="bbox 167 950 953 987">
    <p class='ocr_par' dir='ltr' id='par_1_21' title="bbox 167 950 953 987">
     <span class='ocr_line' id='line_1_21' title="bbox 167 950 953 987; baseline 0.017 -13"><span class='ocrx_word' id='word_1_124' title='bbox 167 953 196 975; x_wconf 91' lang='lat' dir='ltr'><strong>ut</strong></span> <span class='ocrx_word' id='word_1_125' title='bbox 212 950 257 976; x_wconf 85' lang='lat' dir='ltr'><strong>alii</strong></span> <span class='ocrx_word' id='word_1_126' title='bbox 275 951 384 985; x_wconf 79' lang='lat' dir='ltr'><strong>quidem</strong></span> <span class='ocrx_word' id='word_1_127' title='bbox 410 954 538 982; x_wconf 81' lang='lat' dir='ltr'><strong>animalia</strong></span> <span class='ocrx_word' id='word_1_128' title='bbox 562 955 641 984; x_wconf 88' lang='lat' dir='ltr'><strong>bruta</strong></span> <span class='ocrx_word' id='word_1_129' title='bbox 665 957 716 984; x_wconf 86' lang='lat' dir='ltr'><strong>sibi</strong></span> <span class='ocrx_word' id='word_1_130' title='bbox 734 958 878 986; x_wconf 86' lang='lat' dir='ltr'><strong>videantur</strong></span> <span class='ocrx_word' id='word_1_131' title='bbox 892 967 953 987; x_wconf 86' lang='lat' dir='ltr'><strong>esse</strong></span> 
     </span>
    </p>
   </div>
   <div class='ocr_carea' id='block_1_22' title="bbox 164 1002 951 1037">
    <p class='ocr_par' dir='ltr' id='par_1_22' title="bbox 164 1002 951 1037">
     <span class='ocr_line' id='line_1_22' title="bbox 164 1002 951 1037; baseline 0.017 -16"><span class='ocrx_word' id='word_1_132' title='bbox 164 1003 196 1022; x_wconf 92' lang='lat' dir='ltr'><strong>ac</strong></span> <span class='ocrx_word' id='word_1_133' title='bbox 212 1003 356 1031; x_wconf 84' lang='lat' dir='ltr'><strong>propterea</strong></span> <span class='ocrx_word' id='word_1_134' title='bbox 376 1006 457 1027; x_wconf 84' lang='lat' dir='ltr'><strong>voces</strong></span> <span class='ocrx_word' id='word_1_135' title='bbox 481 1008 578 1028; x_wconf 86' lang='lat' dir='ltr'><strong>eorum</strong></span> <span class='ocrx_word' id='word_1_136' title='bbox 597 1002 751 1037; x_wconf 79' lang='lat' dir='ltr'><strong>imitentur,</strong></span> <span class='ocrx_word' id='word_1_137' title='bbox 768 1005 814 1032; x_wconf 84' lang='lat' dir='ltr'><strong>alii</strong></span> <span class='ocrx_word' id='word_1_138' title='bbox 840 1013 869 1033; x_wconf 89' lang='lat' dir='ltr'><strong>se</strong></span> <span class='ocrx_word' id='word_1_139' title='bbox 888 1014 951 1034; x_wconf 85' lang='lat' dir='ltr'><strong>vasa</strong></span> 
     </span>
    </p>
   </div>
   <div class='ocr_carea' id='block_1_23' title="bbox 163 1046 951 1080">
    <p class='ocr_par' dir='ltr' id='par_1_23' title="bbox 163 1046 951 1080">
     <span class='ocr_line' id='line_1_23' title="bbox 163 1046 951 1080; baseline 0.015 -12"><span class='ocrx_word' id='word_1_140' title='bbox 163 1049 225 1069; x_wconf 83' lang='lat' dir='ltr'><strong>esse</strong></span> <span class='ocrx_word' id='word_1_141' title='bbox 248 1047 366 1072; x_wconf 80' lang='lat' dir='ltr'><strong>testacea</strong></span> <span class='ocrx_word' id='word_1_142' title='bbox 389 1046 504 1074; x_wconf 81' lang='lat' dir='ltr'><strong>credant</strong></span> <span class='ocrx_word' id='word_1_143' title='bbox 526 1053 554 1075; x_wconf 90' lang='lat' dir='ltr'><strong>et</strong></span> <span class='ocrx_word' id='word_1_144' title='bbox 578 1048 680 1076; x_wconf 89' lang='lat' dir='ltr'><strong>idcirco</strong></span> <span class='ocrx_word' id='word_1_145' title='bbox 698 1050 874 1079; x_wconf 86' lang='lat' dir='ltr'><strong>vehementer</strong></span> <span class='ocrx_word' id='word_1_146' title='bbox 892 1060 951 1080; x_wconf 81' lang='lat' dir='ltr'><strong>me-</strong></span> 
     </span>
    </p>
   </div>
   <div class='ocr_carea' id='block_1_24' title="bbox 163 1090 950 1130">
    <p class='ocr_par' dir='ltr' id='par_1_24' title="bbox 163 1090 950 1130">
     <span class='ocr_line' id='line_1_24' title="bbox 163 1090 950 1130; baseline 0.015 -16"><span class='ocrx_word' id='word_1_147' title='bbox 163 1093 240 1115; x_wconf 89' lang='lat' dir='ltr'><strong>tuant</strong></span> <span class='ocrx_word' id='word_1_148' title='bbox 255 1097 289 1116; x_wconf 78' lang='lat' dir='ltr'><strong>ne</strong></span> <span class='ocrx_word' id='word_1_149' title='bbox 303 1091 522 1128; x_wconf 72' lang='lat' dir='ltr'><strong>confringantur,</strong></span> <span class='ocrx_word' id='word_1_150' title='bbox 542 1094 587 1121; x_wconf 85' lang='lat' dir='ltr'><strong>alii</strong></span> <span class='ocrx_word' id='word_1_151' title='bbox 604 1103 686 1130; x_wconf 86' lang='lat' dir='ltr'><strong>supra</strong></span> <span class='ocrx_word' id='word_1_152' title='bbox 702 1104 731 1124; x_wconf 85' lang='lat' dir='ltr'><strong>se</strong></span> <span class='ocrx_word' id='word_1_153' title='bbox 749 1097 837 1125; x_wconf 83' lang='lat' dir='ltr'><strong>delabi</strong></span> <span class='ocrx_word' id='word_1_154' title='bbox 855 1090 950 1125; x_wconf 57' lang='lat' dir='ltr'><strong>Atlan-</strong></span> 
     </span>
    </p>
   </div>
   <div class='ocr_carea' id='block_1_25' title="bbox 161 1136 973 1176">
    <p class='ocr_par' dir='ltr' id='par_1_25' title="bbox 161 1136 973 1176">
     <span class='ocr_line' id='line_1_25' title="bbox 161 1136 973 1176; baseline 0.015 -16"><span class='ocrx_word' id='word_1_155' title='bbox 161 1140 216 1161; x_wconf 83' lang='lat' dir='ltr'><strong>tem</strong></span> <span class='ocrx_word' id='word_1_156' title='bbox 233 1136 391 1164; x_wconf 79' lang='lat' dir='ltr'><strong>existiment</strong></span> <span class='ocrx_word' id='word_1_157' title='bbox 408 1138 524 1173; x_wconf 83' lang='lat' dir='ltr'><strong>idecque</strong></span> <span class='ocrx_word' id='word_1_158' title='bbox 539 1141 638 1168; x_wconf 92' lang='lat' dir='ltr'><strong>mirum</strong></span> <span class='ocrx_word' id='word_1_159' title='bbox 656 1141 683 1168; x_wconf 96' lang='lat' dir='ltr'><strong>in</strong></span> <span class='ocrx_word' id='word_1_160' title='bbox 697 1143 806 1170; x_wconf 90' lang='lat' dir='ltr'><strong>modum</strong></span> <span class='ocrx_word' id='word_1_161' title='bbox 818 1145 947 1176; x_wconf 85' lang='lat' dir='ltr'><strong>clament,</strong></span> <span class='ocrx_word' id='word_1_162' title='bbox 971 1167 973 1169; x_wconf 92' lang='lat'><strong>.</strong></span> 
     </span>
    </p>
   </div>
   <div class='ocr_carea' id='block_1_26' title="bbox 162 1181 949 1219">
    <p class='ocr_par' dir='ltr' id='par_1_26' title="bbox 162 1181 949 1219">
     <span class='ocr_line' id='line_1_26' title="bbox 162 1181 949 1219; baseline 0.014 -12"><span class='ocrx_word' id='word_1_163' title='bbox 162 1181 200 1207; x_wconf 88' lang='lat' dir='ltr'><strong>ita</strong></span> <span class='ocrx_word' id='word_1_164' title='bbox 221 1183 363 1210; x_wconf 85' lang='lat' dir='ltr'><strong>consimile</strong></span> <span class='ocrx_word' id='word_1_165' title='bbox 378 1184 518 1219; x_wconf 85' lang='lat' dir='ltr'><strong>quidpiam</strong></span> <span class='ocrx_word' id='word_1_166' title='bbox 536 1193 651 1214; x_wconf 90' lang='lat' dir='ltr'><strong>cernere</strong></span> <span class='ocrx_word' id='word_1_167' title='bbox 666 1187 731 1215; x_wconf 84' lang='lat' dir='ltr'><strong>licet</strong></span> <span class='ocrx_word' id='word_1_168' title='bbox 749 1189 832 1216; x_wconf 87' lang='lat' dir='ltr'><strong>etiam</strong></span> <span class='ocrx_word' id='word_1_169' title='bbox 851 1190 885 1217; x_wconf 88' lang='lat' dir='ltr'><strong>iis</strong></span> <span class='ocrx_word' id='word_1_170' title='bbox 903 1197 949 1218; x_wconf 88' lang='lat' dir='ltr'><strong>ac-</strong></span> 
     </span>
    </p>
   </div>
   <div class='ocr_carea' id='block_1_27' title="bbox 161 1228 948 1270">
    <p class='ocr_par' dir='ltr' id='par_1_27' title="bbox 161 1228 948 1270">
     <span class='ocr_line' id='line_1_27' title="bbox 161 1228 948 1270; baseline 0.009 -14"><span class='ocrx_word' id='word_1_171' title='bbox 161 1228 254 1256; x_wconf 81' lang='lat' dir='ltr'><strong>cidere</strong></span> <span class='ocrx_word' id='word_1_172' title='bbox 279 1237 347 1264; x_wconf 87' lang='lat' dir='ltr'><strong>quos</strong></span> <span class='ocrx_word' id='word_1_173' title='bbox 370 1238 452 1259; x_wconf 85' lang='lat' dir='ltr'><strong>canes</strong></span> <span class='ocrx_word' id='word_1_174' title='bbox 477 1232 577 1260; x_wconf 85' lang='lat' dir='ltr'><strong>rabiosi</strong></span> <span class='ocrx_word' id='word_1_175' title='bbox 602 1234 818 1262; x_wconf 86' lang='lat' dir='ltr'><strong>momorderunt.</strong></span> <span class='ocrx_word' id='word_1_176' title='bbox 843 1235 948 1270; x_wconf 87' lang='lat' dir='ltr'><strong>Quippe</strong></span> 
     </span>
    </p>
   </div>
   <div class='ocr_carea' id='block_1_28' title="bbox 162 1277 948 1316">
    <p class='ocr_par' dir='ltr' id='par_1_28' title="bbox 162 1277 948 1316">
     <span class='ocr_line' id='line_1_28' title="bbox 162 1277 948 1316; baseline 0.008 -14"><span class='ocrx_word' id='word_1_177' title='bbox 162 1283 298 1302; x_wconf 82' lang='lat' dir='ltr'><strong>venenum</strong></span> <span class='ocrx_word' id='word_1_178' title='bbox 312 1277 399 1310; x_wconf 69' lang='lat' dir='ltr'><strong>(canis,</strong></span> <span class='ocrx_word' id='word_1_179' title='bbox 414 1286 462 1304; x_wconf 90' lang='lat' dir='ltr'><strong>ceu</strong></span> <span class='ocrx_word' id='word_1_180' title='bbox 474 1279 573 1306; x_wconf 80' lang='lat' dir='ltr'><strong>noxius</strong></span> <span class='ocrx_word' id='word_1_181' title='bbox 585 1279 694 1311; x_wconf 90' lang='lat' dir='ltr'><strong>humor,</strong></span> <span class='ocrx_word' id='word_1_182' title='bbox 703 1287 797 1307; x_wconf 90' lang='lat' dir='ltr'><strong>eorum</strong></span> <span class='ocrx_word' id='word_1_183' title='bbox 816 1285 948 1316; x_wconf 78' lang='lat' dir='ltr'><strong>oocupato</strong></span> 
     </span>
    </p>
   </div>
   <div class='ocr_carea' id='block_1_29' title="bbox 161 1321 948 1361">
    <p class='ocr_par' dir='ltr' id='par_1_29' title="bbox 161 1321 948 1361">
     <span class='ocr_line' id='line_1_29' title="bbox 161 1321 948 1361; baseline 0.01 -14"><span class='ocrx_word' id='word_1_184' title='bbox 161 1321 276 1349; x_wconf 72' lang='lat' dir='ltr'><strong>cerebro</strong></span> <span class='ocrx_word' id='word_1_185' title='bbox 294 1322 359 1349; x_wconf 78' lang='lat' dir='ltr'><strong>facit</strong></span> <span class='ocrx_word' id='word_1_186' title='bbox 375 1328 404 1350; x_wconf 91' lang='lat' dir='ltr'><strong>ut</strong></span> <span class='ocrx_word' id='word_1_187' title='bbox 420 1331 517 1358; x_wconf 86' lang='lat' dir='ltr'><strong>aquam</strong></span> <span class='ocrx_word' id='word_1_188' title='bbox 541 1329 681 1358; x_wconf 89' lang='lat' dir='ltr'><strong>metuant;</strong></span> <span class='ocrx_word' id='word_1_189' title='bbox 699 1325 725 1352; x_wconf 92' lang='lat' dir='ltr'><strong>in</strong></span> <span class='ocrx_word' id='word_1_190' title='bbox 742 1333 796 1361; x_wconf 91' lang='lat' dir='ltr'><strong>quo</strong></span> <span class='ocrx_word' id='word_1_191' title='bbox 818 1333 891 1354; x_wconf 89' lang='lat' dir='ltr'><strong>metu</strong></span> <span class='ocrx_word' id='word_1_192' title='bbox 904 1335 948 1355; x_wconf 86' lang='lat' dir='ltr'><strong>ca-</strong></span> 
     </span>
    </p>
   </div>
   <div class='ocr_carea' id='block_1_30' title="bbox 160 1367 948 1408">
    <p class='ocr_par' dir='ltr' id='par_1_30' title="bbox 160 1367 948 1408">
     <span class='ocr_line' id='line_1_30' title="bbox 160 1367 948 1408; baseline 0.011 -15"><span class='ocrx_word' id='word_1_193' title='bbox 160 1367 215 1400; x_wconf 83' lang='lat' dir='ltr'><strong>nis,</strong></span> <span class='ocrx_word' id='word_1_194' title='bbox 242 1376 257 1395; x_wconf 89' lang='lat' dir='ltr'><strong>a</strong></span> <span class='ocrx_word' id='word_1_195' title='bbox 285 1376 339 1402; x_wconf 89' lang='lat' dir='ltr'><strong>quo</strong></span> <span class='ocrx_word' id='word_1_196' title='bbox 362 1370 444 1397; x_wconf 82' lang='lat' dir='ltr'><strong>ntorsi</strong></span> <span class='ocrx_word' id='word_1_197' title='bbox 469 1375 543 1402; x_wconf 82' lang='lat' dir='ltr'><strong>sunt,</strong></span> <span class='ocrx_word' id='word_1_198' title='bbox 572 1371 731 1407; x_wconf 78' lang='lat' dir='ltr'><strong>imaginatio</strong></span> <span class='ocrx_word' id='word_1_199' title='bbox 753 1374 841 1406; x_wconf 65' lang='lat' dir='ltr'><strong>sulxit;</strong></span> <span class='ocrx_word' id='word_1_200' title='bbox 860 1381 948 1408; x_wconf 86' lang='lat' dir='ltr'><strong>eoque</strong></span> 
     </span>
    </p>
   </div>
   <div class='ocr_carea' id='block_1_31' title="bbox 1016 281 1798 320">
    <p class='ocr_par' dir='ltr' id='par_1_31' title="bbox 1016 281 1798 320">
     <span class='ocr_line' id='line_1_31' title="bbox 1016 281 1798 320; baseline 0.009 -14"><span class='ocrx_word' id='word_1_201' title='bbox 1016 288 1107 313; x_wconf 89' lang='grc' dir='ltr'>νοντες</span> <span class='ocrx_word' id='word_1_202' title='bbox 1122 281 1203 308; x_wconf 86' lang='grc' dir='ltr'>αἴτιοι</span> <span class='ocrx_word' id='word_1_203' title='bbox 1221 281 1267 308; x_wconf 80' lang='grc' dir='ltr'>τοῦ</span> <span class='ocrx_word' id='word_1_204' title='bbox 1287 282 1369 309; x_wconf 79' lang='grc' dir='ltr'>αὑτοῦ</span> <span class='ocrx_word' id='word_1_205' title='bbox 1389 282 1493 316; x_wconf 83' lang='grc' dir='ltr'><strong>πάθους</strong></span> <span class='ocrx_word' id='word_1_206' title='bbox 1515 285 1700 320; x_wconf 81' lang='grc' dir='ltr'>κατέστησαν.</span> <span class='ocrx_word' id='word_1_207' title='bbox 1723 286 1754 312; x_wconf 89' lang='grc' dir='ltr'><em>Ἦ</em></span> <span class='ocrx_word' id='word_1_208' title='bbox 1769 286 1798 313; x_wconf 71' lang='grc' dir='ltr'>δὲ</span> 
     </span>
    </p>
   </div>
   <div class='ocr_carea' id='block_1_32' title="bbox 1014 326 1796 367">
    <p class='ocr_par' dir='ltr' id='par_1_32' title="bbox 1014 326 1796 367">
     <span class='ocr_line' id='line_1_32' title="bbox 1014 326 1796 367; baseline 0.009 -15"><span class='ocrx_word' id='word_1_209' title='bbox 1014 326 1068 352; x_wconf 81' lang='grc' dir='ltr'><strong>τῶν</strong></span> <span class='ocrx_word' id='word_1_210' title='bbox 1086 328 1299 362; x_wconf 84' lang='grc' dir='ltr'><strong>συμπτωμάτων</strong></span> <span class='ocrx_word' id='word_1_211' title='bbox 1324 329 1400 356; x_wconf 82' lang='grc' dir='ltr'>αίτία</span> <span class='ocrx_word' id='word_1_212' title='bbox 1414 329 1468 356; x_wconf 86' lang='grc' dir='ltr'><strong>τῶν</strong></span> <span class='ocrx_word' id='word_1_213' title='bbox 1493 329 1544 364; x_wconf 72' lang='grc' dir='ltr'>μὲν</span> <span class='ocrx_word' id='word_1_214' title='bbox 1558 330 1646 357; x_wconf 81' lang='grc' dir='ltr'>ἄλλων</span> <span class='ocrx_word' id='word_1_215' title='bbox 1669 331 1796 367; x_wconf 77' lang='grc' dir='ltr'>εὖδηλος·</span> 
     </span>
    </p>
   </div>
   <div class='ocr_carea' id='block_1_33' title="bbox 1013 371 1798 409">
    <p class='ocr_par' dir='ltr' id='par_1_33' title="bbox 1013 371 1798 409">
     <span class='ocr_line' id='line_1_33' title="bbox 1013 371 1798 409; baseline 0.005 -11"><span class='ocrx_word' id='word_1_216' title='bbox 1013 371 1184 406; x_wconf 84' lang='grc' dir='ltr'>κατειληφὼς</span> <span class='ocrx_word' id='word_1_217' title='bbox 1200 373 1254 408; x_wconf 79' lang='grc' dir='ltr'><strong>γὰρ</strong></span> <span class='ocrx_word' id='word_1_218' title='bbox 1272 373 1310 405; x_wconf 73' lang='lat' dir='ltr'><strong>ib;</strong></span> <span class='ocrx_word' id='word_1_219' title='bbox 1323 373 1357 400; x_wconf 85' lang='grc' dir='ltr'>τὰ</span> <span class='ocrx_word' id='word_1_220' title='bbox 1381 374 1464 409; x_wconf 86' lang='grc' dir='ltr'>μόρια</span> <span class='ocrx_word' id='word_1_221' title='bbox 1488 374 1578 401; x_wconf 79' lang='grc' dir='ltr'>πάντα</span> <span class='ocrx_word' id='word_1_222' title='bbox 1594 374 1640 401; x_wconf 78' lang='grc' dir='ltr'><strong>καὶ</strong></span> <span class='ocrx_word' id='word_1_223' title='bbox 1654 374 1736 402; x_wconf 76' lang='grc' dir='ltr'>αὑτὸν</span> <span class='ocrx_word' id='word_1_224' title='bbox 1753 376 1798 402; x_wconf 71' lang='grc' dir='ltr'>τὸν</span> 
     </span>
    </p>
   </div>
   <div class='ocr_carea' id='block_1_34' title="bbox 1012 418 1799 456">
    <p class='ocr_par' dir='ltr' id='par_1_34' title="bbox 1012 418 1799 456">
     <span class='ocr_line' id='line_1_34' title="bbox 1012 418 1799 456; baseline 0.006 -12"><span class='ocrx_word' id='word_1_225' title='bbox 1012 418 1164 453; x_wconf 75' lang='grc' dir='ltr'>ἐγκέφαλον</span> <span class='ocrx_word' id='word_1_226' title='bbox 1188 418 1301 446; x_wconf 83' lang='grc' dir='ltr'>τοιαῦτα</span> <span class='ocrx_word' id='word_1_227' title='bbox 1324 420 1402 455; x_wconf 80' lang='grc' dir='ltr'>φέρει</span> <span class='ocrx_word' id='word_1_228' title='bbox 1422 421 1625 456; x_wconf 81' lang='grc' dir='ltr'><strong>συμπτώματα.</strong></span> <span class='ocrx_word' id='word_1_229' title='bbox 1640 421 1693 448; x_wconf 84' lang='grc' dir='ltr'><strong>Τοὖ</strong></span> <span class='ocrx_word' id='word_1_230' title='bbox 1707 421 1735 448; x_wconf 80' lang='grc' dir='ltr'>δὲ</span> <span class='ocrx_word' id='word_1_231' title='bbox 1751 430 1799 456; x_wconf 78' lang='grc' dir='ltr'>φο·</span> 
     </span>
    </p>
   </div>
   <div class='ocr_carea' id='block_1_35' title="bbox 1012 464 1798 502">
    <p class='ocr_par' dir='ltr' id='par_1_35' title="bbox 1012 464 1798 502">
     <span class='ocr_line' id='line_1_35' title="bbox 1012 464 1798 502; baseline 0.004 -12"><span class='ocrx_word' id='word_1_232' title='bbox 1012 464 1117 490; x_wconf 73' lang='grc' dir='ltr'>δεῖσθαι</span> <span class='ocrx_word' id='word_1_233' title='bbox 1132 464 1161 490; x_wconf 81' lang='grc' dir='ltr'>τὸ</span> <span class='ocrx_word' id='word_1_234' title='bbox 1177 464 1250 499; x_wconf 75' lang='grc' dir='ltr'>ὕδωρ</span> <span class='ocrx_word' id='word_1_235' title='bbox 1265 465 1337 497; x_wconf 71' lang='grc' dir='ltr'>τινὲς</span> <span class='ocrx_word' id='word_1_236' title='bbox 1359 465 1408 500; x_wconf 78' lang='grc' dir='ltr'>μὲν</span> <span class='ocrx_word' id='word_1_237' title='bbox 1432 464 1538 500; x_wconf 83' lang='grc' dir='ltr'>ἔφησαν</span> <span class='ocrx_word' id='word_1_238' title='bbox 1552 466 1596 493; x_wconf 83' lang='grc' dir='ltr'><strong>διὰ</strong></span> <span class='ocrx_word' id='word_1_239' title='bbox 1613 467 1663 502; x_wconf 81' lang='grc' dir='ltr'>τὴν</span> <span class='ocrx_word' id='word_1_240' title='bbox 1678 467 1798 502; x_wconf 79' lang='grc' dir='ltr'>ἄμετρον</span> 
     </span>
    </p>
   </div>
   <div class='ocr_carea' id='block_1_36' title="bbox 1010 509 1798 547">
    <p class='ocr_par' dir='ltr' id='par_1_36' title="bbox 1010 509 1798 547">
     <span class='ocr_line' id='line_1_36' title="bbox 1010 509 1798 547; baseline 0.003 -11"><span class='ocrx_word' id='word_1_241' title='bbox 1010 510 1133 544; x_wconf 83' lang='grc' dir='ltr'>γίνεσθαι</span> <span class='ocrx_word' id='word_1_242' title='bbox 1159 511 1306 546; x_wconf 75' lang='grc' dir='ltr'>ξηρότητα,</span> <span class='ocrx_word' id='word_1_243' title='bbox 1336 509 1380 538; x_wconf 75' lang='grc' dir='ltr'>οἷα</span> <span class='ocrx_word' id='word_1_244' title='bbox 1408 511 1551 543; x_wconf 73' lang='grc' dir='ltr'>παντελῶς</span> <span class='ocrx_word' id='word_1_245' title='bbox 1575 512 1798 547; x_wconf 80' lang='grc' dir='ltr'>ὴλλοτριωμένης</span> 
     </span>
    </p>
   </div>
   <div class='ocr_carea' id='block_1_37' title="bbox 1008 555 1795 593">
    <p class='ocr_par' dir='ltr' id='par_1_37' title="bbox 1008 555 1795 593">
     <span class='ocr_line' id='line_1_37' title="bbox 1008 555 1795 593; baseline 0.001 -10"><span class='ocrx_word' id='word_1_246' title='bbox 1008 555 1058 589; x_wconf 80' lang='grc' dir='ltr'><strong>τῆς</strong></span> <span class='ocrx_word' id='word_1_247' title='bbox 1075 556 1162 590; x_wconf 77' lang='grc' dir='ltr'>ὑγρᾶς</span> <span class='ocrx_word' id='word_1_248' title='bbox 1185 556 1279 587; x_wconf 77' lang='grc' dir='ltr'><strong>οὐσίας</strong></span> <span class='ocrx_word' id='word_1_249' title='bbox 1293 564 1299 572; x_wconf 93' lang='grc'><strong>·</strong></span> <span class='ocrx_word' id='word_1_250' title='bbox 1325 557 1339 583; x_wconf 92' lang='lat'><strong>6</strong></span> <span class='ocrx_word' id='word_1_251' title='bbox 1359 556 1390 582; x_wconf 81' lang='grc' dir='ltr'>δέ</span> <span class='ocrx_word' id='word_1_252' title='bbox 1415 565 1448 591; x_wconf 87' lang='grc' dir='ltr'><strong>γε</strong></span> <span class='ocrx_word' id='word_1_253' title='bbox 1469 557 1584 591; x_wconf 80' lang='grc' dir='ltr'>Ῥοῦφος</span> <span class='ocrx_word' id='word_1_254' title='bbox 1615 558 1795 593; x_wconf 79' lang='grc' dir='ltr'><strong>μελαγχολίας</strong></span> 
     </span>
    </p>
   </div>
   <div class='ocr_carea' id='block_1_38' title="bbox 1008 599 1794 638">
    <p class='ocr_par' dir='ltr' id='par_1_38' title="bbox 1008 599 1794 638">
     <span class='ocr_line' id='line_1_38' title="bbox 1008 599 1794 638; baseline 0.005 -11"><span class='ocrx_word' id='word_1_255' title='bbox 1008 601 1099 632; x_wconf 77' lang='grc' dir='ltr'>αὐτοῖς</span> <span class='ocrx_word' id='word_1_256' title='bbox 1122 599 1192 633; x_wconf 76' lang='grc' dir='ltr'>εἶδος</span> <span class='ocrx_word' id='word_1_257' title='bbox 1209 603 1238 628; x_wconf 73' lang='grc' dir='ltr'><strong>τὸ</strong></span> <span class='ocrx_word' id='word_1_258' title='bbox 1259 602 1381 629; x_wconf 80' lang='grc' dir='ltr'>τοιοῦτον</span> <span class='ocrx_word' id='word_1_259' title='bbox 1406 603 1568 638; x_wconf 81' lang='grc' dir='ltr'>ἀπεφήνατο</span> <span class='ocrx_word' id='word_1_260' title='bbox 1593 603 1730 637; x_wconf 80' lang='grc' dir='ltr'>γίνεσθαι,</span> <span class='ocrx_word' id='word_1_261' title='bbox 1747 603 1794 631; x_wconf 80' lang='grc' dir='ltr'>τοῦ</span> 
     </span>
    </p>
   </div>
   <div class='ocr_carea' id='block_1_39' title="bbox 1008 645 1794 683">
    <p class='ocr_par' dir='ltr' id='par_1_39' title="bbox 1008 645 1794 683">
     <span class='ocr_line' id='line_1_39' title="bbox 1008 645 1794 683; baseline 0.006 -12"><span class='ocrx_word' id='word_1_262' title='bbox 1008 645 1048 672; x_wconf 82' lang='grc' dir='ltr'>ίοῦ</span> <span class='ocrx_word' id='word_1_263' title='bbox 1066 646 1113 672; x_wconf 86' lang='grc' dir='ltr'><strong>τδν</strong></span> <span class='ocrx_word' id='word_1_264' title='bbox 1131 647 1218 682; x_wconf 77' lang='grc' dir='ltr'>χυμὸν</span> <span class='ocrx_word' id='word_1_265' title='bbox 1239 647 1342 674; x_wconf 76' lang='grc' dir='ltr'>ἐκεῖνον</span> <span class='ocrx_word' id='word_1_266' title='bbox 1370 649 1564 683; x_wconf 80' lang='grc' dir='ltr'>μιμησαμένου</span> <span class='ocrx_word' id='word_1_267' title='bbox 1591 649 1653 676; x_wconf 85' lang='grc' dir='ltr'>καθ’</span> <span class='ocrx_word' id='word_1_268' title='bbox 1677 649 1706 676; x_wconf 75' lang='lat' dir='ltr'><em>6v</em></span> <span class='ocrx_word' id='word_1_269' title='bbox 1727 650 1794 677; x_wconf 86' lang='grc' dir='ltr'>ἄλλα</span> 
     </span>
    </p>
   </div>
   <div class='ocr_carea' id='block_1_40' title="bbox 1006 692 1795 733">
    <p class='ocr_par' dir='ltr' id='par_1_40' title="bbox 1006 692 1795 733">
     <span class='ocr_line' id='line_1_40' title="bbox 1006 692 1795 733; baseline 0.005 -15"><span class='ocrx_word' id='word_1_270' title='bbox 1006 692 1186 726; x_wconf 71' lang='grc' dir='ltr'>πεφόὸηνται.</span> <span class='ocrx_word' id='word_1_271' title='bbox 1204 693 1260 720; x_wconf 82' lang='grc' dir='ltr'><strong>Καὶ</strong></span> <span class='ocrx_word' id='word_1_272' title='bbox 1275 693 1302 719; x_wconf 91' lang='grc' dir='ltr'><strong>τί</strong></span> <span class='ocrx_word' id='word_1_273' title='bbox 1319 693 1370 728; x_wconf 86' lang='grc' dir='ltr'>χρὴ</span> <span class='ocrx_word' id='word_1_274' title='bbox 1384 695 1469 721; x_wconf 84' lang='grc' dir='ltr'>πολλὰ</span> <span class='ocrx_word' id='word_1_275' title='bbox 1483 694 1588 733; x_wconf 80' lang='grc' dir='ltr'>λέγειν;</span> <span class='ocrx_word' id='word_1_276' title='bbox 1604 696 1652 722; x_wconf 86' lang='grc' dir='ltr'>Ὃν</span> <span class='ocrx_word' id='word_1_277' title='bbox 1664 695 1718 730; x_wconf 83' lang='grc' dir='ltr'><strong>γὰρ</strong></span> <span class='ocrx_word' id='word_1_278' title='bbox 1732 697 1795 731; x_wconf 83' lang='grc' dir='ltr'>τρό-</span> 
     </span>
    </p>
   </div>
   <div class='ocr_carea' id='block_1_41' title="bbox 1006 735 1793 774">
    <p class='ocr_par' dir='ltr' id='par_1_41' title="bbox 1006 735 1793 774">
     <span class='ocr_line' id='line_1_41' title="bbox 1006 735 1793 774; baseline 0.008 -14"><span class='ocrx_word' id='word_1_279' title='bbox 1006 743 1056 761; x_wconf 82' lang='grc' dir='ltr'><strong>πον</strong></span> <span class='ocrx_word' id='word_1_280' title='bbox 1077 735 1123 761; x_wconf 70' lang='grc' dir='ltr'><strong>ἐπὶ</strong></span> <span class='ocrx_word' id='word_1_281' title='bbox 1139 735 1193 762; x_wconf 80' lang='grc' dir='ltr'><strong>τῶν</strong></span> <span class='ocrx_word' id='word_1_282' title='bbox 1211 737 1417 771; x_wconf 80' lang='grc' dir='ltr'>μελαγχολικῶν</span> <span class='ocrx_word' id='word_1_283' title='bbox 1443 740 1468 766; x_wconf 82' lang='lat' dir='ltr'><strong>ot</strong></span> <span class='ocrx_word' id='word_1_284' title='bbox 1497 739 1547 774; x_wconf 82' lang='grc' dir='ltr'>μὲν</span> <span class='ocrx_word' id='word_1_285' title='bbox 1567 739 1653 773; x_wconf 84' lang='grc' dir='ltr'>ἄλογα</span> <span class='ocrx_word' id='word_1_286' title='bbox 1677 739 1735 772; x_wconf 83' lang='grc' dir='ltr'>ζῶα</span> <span class='ocrx_word' id='word_1_287' title='bbox 1750 741 1793 766; x_wconf 89' lang='grc' dir='ltr'>δο-</span> 
     </span>
    </p>
   </div>
   <div class='ocr_carea' id='block_1_42' title="bbox 1005 779 1792 819">
    <p class='ocr_par' dir='ltr' id='par_1_42' title="bbox 1005 779 1792 819">
     <span class='ocr_line' id='line_1_42' title="bbox 1005 779 1792 819; baseline 0.006 -13"><span class='ocrx_word' id='word_1_288' title='bbox 1005 779 1098 807; x_wconf 84' lang='grc' dir='ltr'>κοῦσιν</span> <span class='ocrx_word' id='word_1_289' title='bbox 1113 779 1183 808; x_wconf 84' lang='grc' dir='ltr'>εἶναι</span> <span class='ocrx_word' id='word_1_290' title='bbox 1198 781 1346 809; x_wconf 80' lang='grc' dir='ltr'>κάντεῦθεν</span> <span class='ocrx_word' id='word_1_291' title='bbox 1362 783 1412 815; x_wconf 81' lang='grc' dir='ltr'><strong>τὰς</strong></span> <span class='ocrx_word' id='word_1_292' title='bbox 1433 784 1546 810; x_wconf 73' lang='grc' dir='ltr'>ἐκείνων</span> <span class='ocrx_word' id='word_1_293' title='bbox 1562 783 1713 818; x_wconf 71' lang='grc' dir='ltr'>μιμοῦνται</span> <span class='ocrx_word' id='word_1_294' title='bbox 1735 793 1792 819; x_wconf 85' lang='grc' dir='ltr'>φω-</span> 
     </span>
    </p>
   </div>
   <div class='ocr_carea' id='block_1_43' title="bbox 1004 824 1791 863">
    <p class='ocr_par' dir='ltr' id='par_1_43' title="bbox 1004 824 1791 863">
     <span class='ocr_line' id='line_1_43' title="bbox 1004 824 1791 863; baseline 0.006 -13"><span class='ocrx_word' id='word_1_295' title='bbox 1004 824 1063 856; x_wconf 75' lang='grc' dir='ltr'>νὰς,</span> <span class='ocrx_word' id='word_1_296' title='bbox 1085 826 1109 851; x_wconf 81' lang='lat' dir='ltr'><strong>oi.</strong></span> <span class='ocrx_word' id='word_1_297' title='bbox 1138 825 1165 851; x_wconf 82' lang='grc' dir='ltr'>δὲ</span> <span class='ocrx_word' id='word_1_298' title='bbox 1188 826 1274 861; x_wconf 83' lang='grc' dir='ltr'>σκεύη</span> <span class='ocrx_word' id='word_1_299' title='bbox 1301 826 1429 854; x_wconf 84' lang='grc' dir='ltr'>δοκοῦσιν</span> <span class='ocrx_word' id='word_1_300' title='bbox 1456 826 1527 854; x_wconf 78' lang='grc' dir='ltr'>εἶναι</span> <span class='ocrx_word' id='word_1_301' title='bbox 1555 828 1707 863; x_wconf 76' lang='grc' dir='ltr'>ὀστράκινα</span> <span class='ocrx_word' id='word_1_302' title='bbox 1736 830 1791 856; x_wconf 83' lang='grc' dir='ltr'>κάκ</span> 
     </span>
    </p>
   </div>
   <div class='ocr_carea' id='block_1_44' title="bbox 1003 869 1790 910">
    <p class='ocr_par' dir='ltr' id='par_1_44' title="bbox 1003 869 1790 910">
     <span class='ocr_line' id='line_1_44' title="bbox 1003 869 1790 910; baseline 0.009 -15"><span class='ocrx_word' id='word_1_303' title='bbox 1003 869 1098 897; x_wconf 85' lang='grc' dir='ltr'>τούτου</span> <span class='ocrx_word' id='word_1_304' title='bbox 1124 872 1293 906; x_wconf 85' lang='grc' dir='ltr'>κατεαγῆναι</span> <span class='ocrx_word' id='word_1_305' title='bbox 1317 872 1365 900; x_wconf 80' lang='grc' dir='ltr'>καὶ</span> <span class='ocrx_word' id='word_1_306' title='bbox 1388 873 1459 900; x_wconf 82' lang='grc' dir='ltr'>πάνυ</span> <span class='ocrx_word' id='word_1_307' title='bbox 1485 873 1678 907; x_wconf 61' lang='grc' dir='ltr'>δειλαίνονται,</span> <span class='ocrx_word' id='word_1_308' title='bbox 1701 875 1790 910; x_wconf 69' lang='grc' dir='ltr'>ἕτεροι</span> 
     </span>
    </p>
   </div>
   <div class='ocr_carea' id='block_1_45' title="bbox 1003 914 1790 953">
    <p class='ocr_par' dir='ltr' id='par_1_45' title="bbox 1003 914 1790 953">
     <span class='ocr_line' id='line_1_45' title="bbox 1003 914 1790 953; baseline 0.008 -11"><span class='ocrx_word' id='word_1_309' title='bbox 1003 916 1049 943; x_wconf 81' lang='grc' dir='ltr'><strong>τὸν</strong></span> <span class='ocrx_word' id='word_1_310' title='bbox 1066 917 1201 944; x_wconf 71' lang='grc' dir='ltr'>’Ἄτλαντα</span> <span class='ocrx_word' id='word_1_311' title='bbox 1218 914 1375 953; x_wconf 61' lang='grc' dir='ltr'>νομίζουσιν</span> <span class='ocrx_word' id='word_1_312' title='bbox 1389 919 1483 946; x_wconf 74' lang='grc' dir='ltr'>ἐπάνω</span> <span class='ocrx_word' id='word_1_313' title='bbox 1504 919 1615 947; x_wconf 88' lang='grc' dir='ltr'>πίπτειν</span> <span class='ocrx_word' id='word_1_314' title='bbox 1632 921 1723 947; x_wconf 82' lang='grc' dir='ltr'>αὐτῶν</span> <span class='ocrx_word' id='word_1_315' title='bbox 1742 921 1790 948; x_wconf 82' lang='grc' dir='ltr'>καὶ</span> 
     </span>
    </p>
   </div>
   <div class='ocr_carea' id='block_1_46' title="bbox 1001 963 1791 999">
    <p class='ocr_par' dir='ltr' id='par_1_46' title="bbox 1001 963 1791 999">
     <span class='ocr_line' id='line_1_46' title="bbox 1001 963 1791 999; baseline 0.006 -10"><span class='ocrx_word' id='word_1_316' title='bbox 1001 963 1046 989; x_wconf 84' lang='grc' dir='ltr'><strong>διὰ</strong></span> <span class='ocrx_word' id='word_1_317' title='bbox 1061 963 1141 989; x_wconf 81' lang='grc' dir='ltr'>τοῦτο</span> <span class='ocrx_word' id='word_1_318' title='bbox 1159 963 1230 998; x_wconf 79' lang='grc' dir='ltr'>μέγα</span> <span class='ocrx_word' id='word_1_319' title='bbox 1254 963 1319 999; x_wconf 83' lang='grc' dir='ltr'>βοᾷν</span> <span class='ocrx_word' id='word_1_320' title='bbox 1345 965 1557 999; x_wconf 80' lang='grc' dir='ltr'>ἀναγκάζονται,</span> <span class='ocrx_word' id='word_1_321' title='bbox 1576 966 1649 994; x_wconf 73' lang='grc' dir='ltr'>οὕτω</span> <span class='ocrx_word' id='word_1_322' title='bbox 1673 968 1720 994; x_wconf 76' lang='grc' dir='ltr'>καὶ</span> <span class='ocrx_word' id='word_1_323' title='bbox 1744 968 1791 994; x_wconf 75' lang='grc' dir='ltr'><strong>ἐπὶ</strong></span> 
     </span>
    </p>
   </div>
   <div class='ocr_carea' id='block_1_47' title="bbox 1001 1007 1789 1047">
    <p class='ocr_par' dir='ltr' id='par_1_47' title="bbox 1001 1007 1789 1047">
     <span class='ocr_line' id='line_1_47' title="bbox 1001 1007 1789 1047; baseline 0.009 -14"><span class='ocrx_word' id='word_1_324' title='bbox 1001 1008 1055 1034; x_wconf 86' lang='grc' dir='ltr'>τῶν</span> <span class='ocrx_word' id='word_1_325' title='bbox 1074 1007 1352 1044; x_wconf 64' lang='grc' dir='ltr'>λυσσοδήκτωνέατιν</span> <span class='ocrx_word' id='word_1_326' title='bbox 1366 1010 1441 1038; x_wconf 78' lang='grc' dir='ltr'>[δεῖν.</span> <span class='ocrx_word' id='word_1_327' title='bbox 1459 1011 1489 1037; x_wconf 85' lang='lat'><strong>&#39;0</strong></span> <span class='ocrx_word' id='word_1_328' title='bbox 1505 1012 1561 1047; x_wconf 82' lang='grc' dir='ltr'>γὰρ</span> <span class='ocrx_word' id='word_1_329' title='bbox 1574 1012 1621 1039; x_wconf 87' lang='grc' dir='ltr'>τοῦ</span> <span class='ocrx_word' id='word_1_330' title='bbox 1639 1013 1720 1044; x_wconf 76' lang='grc' dir='ltr'>κυνὸς</span> <span class='ocrx_word' id='word_1_331' title='bbox 1739 1012 1789 1045; x_wconf 77' lang='grc' dir='ltr'>ίὸς,</span> 
     </span>
    </p>
   </div>
   <div class='ocr_carea' id='block_1_48' title="bbox 991 1053 1789 1092">
    <p class='ocr_par' dir='ltr' id='par_1_48' title="bbox 991 1053 1789 1092">
     <span class='ocr_line' id='line_1_48' title="bbox 991 1053 1789 1092; baseline 0.009 -13"><span class='ocrx_word' id='word_1_332' title='bbox 991 1053 1125 1089; x_wconf 64' lang='grc' dir='ltr'>ικαθάπερ</span> <span class='ocrx_word' id='word_1_333' title='bbox 1139 1062 1180 1085; x_wconf 81' lang='grc' dir='ltr'><strong>τις</strong></span> <span class='ocrx_word' id='word_1_334' title='bbox 1194 1055 1280 1090; x_wconf 78' lang='grc' dir='ltr'>χυμὸς</span> <span class='ocrx_word' id='word_1_335' title='bbox 1308 1055 1456 1092; x_wconf 82' lang='grc' dir='ltr'>μοχθηρὸς,</span> <span class='ocrx_word' id='word_1_336' title='bbox 1469 1057 1515 1084; x_wconf 75' lang='grc' dir='ltr'><strong>τὸν</strong></span> <span class='ocrx_word' id='word_1_337' title='bbox 1530 1058 1681 1092; x_wconf 73' lang='grc' dir='ltr'>ἐγκέφαλον</span> <span class='ocrx_word' id='word_1_338' title='bbox 1697 1058 1789 1086; x_wconf 85' lang='grc' dir='ltr'>αὐτῶν</span> 
     </span>
    </p>
   </div>
   <div class='ocr_carea' id='block_1_49' title="bbox 1000 1099 1789 1138">
    <p class='ocr_par' dir='ltr' id='par_1_49' title="bbox 1000 1099 1789 1138">
     <span class='ocr_line' id='line_1_49' title="bbox 1000 1099 1789 1138; baseline 0.005 -12"><span class='ocrx_word' id='word_1_339' title='bbox 1000 1099 1146 1134; x_wconf 81' lang='grc' dir='ltr'>κατασχὼν</span> <span class='ocrx_word' id='word_1_340' title='bbox 1162 1100 1305 1134; x_wconf 79' lang='grc' dir='ltr'>φοϐεῖσθαι</span> <span class='ocrx_word' id='word_1_341' title='bbox 1323 1102 1396 1128; x_wconf 85' lang='grc' dir='ltr'>ποιεῖ</span> <span class='ocrx_word' id='word_1_342' title='bbox 1416 1102 1447 1128; x_wconf 86' lang='grc' dir='ltr'><strong>τδ</strong></span> <span class='ocrx_word' id='word_1_343' title='bbox 1469 1102 1542 1138; x_wconf 83' lang='grc' dir='ltr'>ὕδωρ</span> <span class='ocrx_word' id='word_1_344' title='bbox 1561 1103 1672 1136; x_wconf 79' lang='grc' dir='ltr'>αὐτοὺς,</span> <span class='ocrx_word' id='word_1_345' title='bbox 1689 1104 1789 1138; x_wconf 80' lang='grc' dir='ltr'>φοϐου-</span> 
     </span>
    </p>
   </div>
   <div class='ocr_carea' id='block_1_50' title="bbox 1002 1145 1789 1184">
    <p class='ocr_par' dir='ltr' id='par_1_50' title="bbox 1002 1145 1789 1184">
     <span class='ocr_line' id='line_1_50' title="bbox 1002 1145 1789 1184; baseline 0.006 -12"><span class='ocrx_word' id='word_1_346' title='bbox 1002 1146 1098 1180; x_wconf 84' lang='grc' dir='ltr'>μένους</span> <span class='ocrx_word' id='word_1_347' title='bbox 1115 1145 1142 1172; x_wconf 80' lang='grc' dir='ltr'>δὲ</span> <span class='ocrx_word' id='word_1_348' title='bbox 1159 1146 1205 1172; x_wconf 82' lang='grc' dir='ltr'><strong>τὸν</strong></span> <span class='ocrx_word' id='word_1_349' title='bbox 1218 1146 1336 1174; x_wconf 81' lang='grc' dir='ltr'>δακόντα</span> <span class='ocrx_word' id='word_1_350' title='bbox 1352 1147 1422 1175; x_wconf 83' lang='grc' dir='ltr'>κύνα</span> <span class='ocrx_word' id='word_1_351' title='bbox 1440 1149 1636 1184; x_wconf 74' lang='grc' dir='ltr'>φαντάζεσθαι,</span> <span class='ocrx_word' id='word_1_352' title='bbox 1654 1150 1702 1176; x_wconf 83' lang='grc' dir='ltr'>καὶ</span> <span class='ocrx_word' id='word_1_353' title='bbox 1716 1149 1789 1177; x_wconf 73' lang='grc' dir='ltr'>οὕτω</span> 
     </span>
    </p>
   </div>
   <div class='ocr_carea' id='block_1_51' title="bbox 999 1191 1786 1230">
    <p class='ocr_par' dir='ltr' id='par_1_51' title="bbox 999 1191 1786 1230">
     <span class='ocr_line' id='line_1_51' title="bbox 999 1191 1786 1230; baseline 0.006 -13"><span class='ocrx_word' id='word_1_354' title='bbox 999 1191 1122 1218; x_wconf 82' lang='grc' dir='ltr'>σπᾶσθαι</span> <span class='ocrx_word' id='word_1_355' title='bbox 1141 1193 1189 1218; x_wconf 80' lang='grc' dir='ltr'>καὶ</span> <span class='ocrx_word' id='word_1_356' title='bbox 1204 1192 1346 1228; x_wconf 84' lang='grc' dir='ltr'>τελευτᾷν.</span> <span class='ocrx_word' id='word_1_357' title='bbox 1363 1194 1456 1230; x_wconf 80' lang='grc' dir='ltr'>Ταύτῃ</span> <span class='ocrx_word' id='word_1_358' title='bbox 1477 1203 1520 1222; x_wconf 86' lang='grc' dir='ltr'><strong>τοι</strong></span> <span class='ocrx_word' id='word_1_359' title='bbox 1543 1199 1591 1222; x_wconf 76' lang='grc' dir='ltr'>καὶ</span> <span class='ocrx_word' id='word_1_360' title='bbox 1618 1195 1701 1229; x_wconf 52' lang='grc' dir='ltr'>σοεόν</span> <span class='ocrx_word' id='word_1_361' title='bbox 1725 1205 1786 1223; x_wconf 88' lang='grc' dir='ltr'>τινα</span> 
     </span>
    </p>
   </div>
   <div class='ocr_carea' id='block_1_52' title="bbox 999 1237 1785 1275">
    <p class='ocr_par' dir='ltr' id='par_1_52' title="bbox 999 1237 1785 1275">
     <span class='ocr_line' id='line_1_52' title="bbox 999 1237 1785 1275; baseline 0.008 -13"><span class='ocrx_word' id='word_1_362' title='bbox 999 1237 1182 1272; x_wconf 82' lang='grc' dir='ltr'>λυσσόδηκτον</span> <span class='ocrx_word' id='word_1_363' title='bbox 1211 1237 1344 1265; x_wconf 73' lang='grc' dir='ltr'>εἰσελθεῖν</span> <span class='ocrx_word' id='word_1_364' title='bbox 1373 1239 1401 1266; x_wconf 81' lang='grc' dir='ltr'>ἐν</span> <span class='ocrx_word' id='word_1_365' title='bbox 1429 1239 1564 1275; x_wconf 83' lang='grc' dir='ltr'>βαλανείῳ</span> <span class='ocrx_word' id='word_1_366' title='bbox 1589 1240 1710 1274; x_wconf 81' lang='grc' dir='ltr'>λέγουσι,</span> <span class='ocrx_word' id='word_1_367' title='bbox 1739 1241 1785 1268; x_wconf 68' lang='grc' dir='ltr'>καὶ</span> 
     </span>
    </p>
   </div>
   <div class='ocr_carea' id='block_1_53' title="bbox 1000 1283 1788 1322">
    <p class='ocr_par' dir='ltr' id='par_1_53' title="bbox 1000 1283 1788 1322">
     <span class='ocr_line' id='line_1_53' title="bbox 1000 1283 1788 1322; baseline 0.005 -13"><span class='ocrx_word' id='word_1_368' title='bbox 1000 1284 1088 1310; x_wconf 78' lang='grc' dir='ltr'>ἰδόντα</span> <span class='ocrx_word' id='word_1_369' title='bbox 1104 1284 1150 1310; x_wconf 76' lang='grc' dir='ltr'><strong>τὸν</strong></span> <span class='ocrx_word' id='word_1_370' title='bbox 1170 1283 1239 1311; x_wconf 83' lang='grc' dir='ltr'>κύνα</span> <span class='ocrx_word' id='word_1_371' title='bbox 1265 1285 1295 1312; x_wconf 69' lang='grc' dir='ltr'>ἐν</span> <span class='ocrx_word' id='word_1_372' title='bbox 1317 1286 1351 1321; x_wconf 83' lang='grc' dir='ltr'>τῇ</span> <span class='ocrx_word' id='word_1_373' title='bbox 1375 1286 1478 1322; x_wconf 80' lang='grc' dir='ltr'>λεκάνῃ</span> <span class='ocrx_word' id='word_1_374' title='bbox 1503 1287 1552 1313; x_wconf 79' lang='grc' dir='ltr'>καὶ</span> <span class='ocrx_word' id='word_1_375' title='bbox 1573 1287 1611 1321; x_wconf 82' lang='grc' dir='ltr'>μὴ</span> <span class='ocrx_word' id='word_1_376' title='bbox 1630 1295 1788 1321; x_wconf 79' lang='grc' dir='ltr'>καταπτοη·</span> 
     </span>
    </p>
   </div>
   <div class='ocr_carea' id='block_1_54' title="bbox 999 1328 1783 1367">
    <p class='ocr_par' dir='ltr' id='par_1_54' title="bbox 999 1328 1783 1367">
     <span class='ocr_line' id='line_1_54' title="bbox 999 1328 1783 1367; baseline 0.005 -13"><span class='ocrx_word' id='word_1_377' title='bbox 999 1328 1079 1355; x_wconf 88' lang='grc' dir='ltr'>θέντα</span> <span class='ocrx_word' id='word_1_378' title='bbox 1092 1329 1191 1356; x_wconf 71' lang='grc' dir='ltr'>εἰπεῖν.</span> <span class='ocrx_word' id='word_1_379' title='bbox 1209 1339 1218 1356; x_wconf 79' lang='grc' dir='ltr'><strong>ι</strong></span> <span class='ocrx_word' id='word_1_380' title='bbox 1239 1329 1273 1356; x_wconf 88' lang='grc' dir='ltr'>Τί</span> <span class='ocrx_word' id='word_1_381' title='bbox 1287 1330 1349 1357; x_wconf 82' lang='grc' dir='ltr'>κυνὶ</span> <span class='ocrx_word' id='word_1_382' title='bbox 1365 1332 1457 1358; x_wconf 85' lang='grc' dir='ltr'>κοινόν</span> <span class='ocrx_word' id='word_1_383' title='bbox 1467 1332 1524 1358; x_wconf 71' lang='grc' dir='ltr'>ἐστι</span> <span class='ocrx_word' id='word_1_384' title='bbox 1538 1332 1586 1358; x_wconf 75' lang='grc' dir='ltr'>καὶ</span> <span class='ocrx_word' id='word_1_385' title='bbox 1599 1331 1731 1367; x_wconf 77' lang='grc' dir='ltr'>βαλανείῳ</span> <span class='ocrx_word' id='word_1_386' title='bbox 1744 1340 1751 1364; x_wconf 89' lang='lat'>;</span> <span class='ocrx_word' id='word_1_387' title='bbox 1772 1341 1783 1358; x_wconf 75' lang='grc' dir='ltr'><strong>ι</strong></span> 
     </span>
    </p>
   </div>
   <div class='ocr_carea' id='block_1_55' title="bbox 1000 1375 1429 1410">
    <p class='ocr_par' dir='ltr' id='par_1_55' title="bbox 1000 1375 1429 1410">
     <span class='ocr_line' id='line_1_55' title="bbox 1000 1375 1429 1410; baseline 0.009 -9"><span class='ocrx_word' id='word_1_388' title='bbox 1000 1375 1054 1402; x_wconf 75' lang='grc' dir='ltr'><strong>Καὶ</strong></span> <span class='ocrx_word' id='word_1_389' title='bbox 1069 1376 1132 1410; x_wconf 72' lang='grc' dir='ltr'>περὶ</span> <span class='ocrx_word' id='word_1_390' title='bbox 1149 1375 1198 1409; x_wconf 83' lang='grc' dir='ltr'>μὲν</span> <span class='ocrx_word' id='word_1_391' title='bbox 1214 1376 1318 1404; x_wconf 80' lang='grc' dir='ltr'>τούτων</span> <span class='ocrx_word' id='word_1_392' title='bbox 1331 1376 1429 1409; x_wconf 76' lang='grc' dir='ltr'>οὕτως.</span> 
     </span>
    </p>
   </div>
   <div class='ocr_carea' id='block_1_56' title="bbox 159 1415 1785 1460">
    <p class='ocr_par' dir='ltr' id='par_1_56' title="bbox 159 1415 1785 1460">
     <span class='ocr_line' id='line_1_56' title="bbox 159 1415 1785 1460; baseline 0.008 -20"><span class='ocrx_word' id='word_1_393' title='bbox 159 1419 239 1448; x_wconf 83' lang='lat' dir='ltr'><strong>pacto</strong></span> <span class='ocrx_word' id='word_1_394' title='bbox 254 1415 398 1450; x_wconf 75' lang='lat' dir='ltr'><strong>ringuntur</strong></span> <span class='ocrx_word' id='word_1_395' title='bbox 412 1420 438 1443; x_wconf 90' lang='lat' dir='ltr'><strong>et</strong></span> <span class='ocrx_word' id='word_1_396' title='bbox 456 1418 564 1444; x_wconf 88' lang='lat' dir='ltr'><strong>tandem</strong></span> <span class='ocrx_word' id='word_1_397' title='bbox 582 1425 642 1445; x_wconf 90' lang='lat' dir='ltr'><strong>cum</strong></span> <span class='ocrx_word' id='word_1_398' title='bbox 661 1423 749 1445; x_wconf 80' lang='lat' dir='ltr'><strong>morte</strong></span> <span class='ocrx_word' id='word_1_399' title='bbox 772 1420 854 1448; x_wconf 92' lang='lat' dir='ltr'><strong>vitam</strong></span> <span class='ocrx_word' id='word_1_400' title='bbox 887 1426 1070 1448; x_wconf 87' lang='lat' dir='ltr'><strong>commutant.</strong></span> <span class='ocrx_word' id='word_1_401' title='bbox 1100 1422 1265 1450; x_wconf 80' lang='lat' dir='ltr'><strong>Perhibetur</strong></span> <span class='ocrx_word' id='word_1_402' title='bbox 1283 1423 1392 1458; x_wconf 86' lang='lat' dir='ltr'><strong>quidem</strong></span> <span class='ocrx_word' id='word_1_403' title='bbox 1427 1424 1574 1458; x_wconf 87' lang='lat' dir='ltr'><strong>aliquando</strong></span> <span class='ocrx_word' id='word_1_404' title='bbox 1609 1425 1785 1460; x_wconf 79' lang='lat' dir='ltr'><strong>philosophus</strong></span> 
     </span>
    </p>
   </div>
   <div class='ocr_carea' id='block_1_57' title="bbox 157 1461 1786 1506">
    <p class='ocr_par' dir='ltr' id='par_1_57' title="bbox 157 1461 1786 1506">
     <span class='ocr_line' id='line_1_57' title="bbox 157 1461 1786 1506; baseline 0.007 -19"><span class='ocrx_word' id='word_1_405' title='bbox 157 1461 305 1498; x_wconf 69' lang='lat' dir='ltr'><strong>quispiam,</strong></span> <span class='ocrx_word' id='word_1_406' title='bbox 321 1462 367 1497; x_wconf 88' lang='lat' dir='ltr'><strong>qui</strong></span> <span class='ocrx_word' id='word_1_407' title='bbox 383 1468 455 1490; x_wconf 84' lang='lat' dir='ltr'><strong>esset</strong></span> <span class='ocrx_word' id='word_1_408' title='bbox 473 1464 648 1493; x_wconf 59' lang='lat' dir='ltr'><strong>admorsusn</strong></span> <span class='ocrx_word' id='word_1_409' title='bbox 661 1474 729 1494; x_wconf 86' lang='lat' dir='ltr'><strong>eane</strong></span> <span class='ocrx_word' id='word_1_410' title='bbox 746 1467 865 1500; x_wconf 86' lang='lat' dir='ltr'><strong>rabioso,</strong></span> <span class='ocrx_word' id='word_1_411' title='bbox 903 1468 1028 1495; x_wconf 90' lang='lat' dir='ltr'><strong>balneum</strong></span> <span class='ocrx_word' id='word_1_412' title='bbox 1058 1468 1206 1504; x_wconf 79' lang='lat' dir='ltr'><strong>ingressus,</strong></span> <span class='ocrx_word' id='word_1_413' title='bbox 1237 1475 1384 1505; x_wconf 91' lang='lat' dir='ltr'><strong>conspecto</strong></span> <span class='ocrx_word' id='word_1_414' title='bbox 1396 1471 1423 1498; x_wconf 90' lang='lat' dir='ltr'><strong>in</strong></span> <span class='ocrx_word' id='word_1_415' title='bbox 1444 1471 1513 1506; x_wconf 90' lang='lat' dir='ltr'><strong>pelvi</strong></span> <span class='ocrx_word' id='word_1_416' title='bbox 1525 1479 1604 1504; x_wconf 85' lang='lat' dir='ltr'><strong>cane,</strong></span> <span class='ocrx_word' id='word_1_417' title='bbox 1617 1472 1684 1499; x_wconf 89' lang='lat' dir='ltr'><strong>nihil</strong></span> <span class='ocrx_word' id='word_1_418' title='bbox 1696 1477 1786 1499; x_wconf 79' lang='lat' dir='ltr'><strong>exter-</strong></span> 
     </span>
    </p>
   </div>
   <div class='ocr_carea' id='block_1_58' title="bbox 157 1507 1215 1546">
    <p class='ocr_par' dir='ltr' id='par_1_58' title="bbox 157 1507 1215 1546">
     <span class='ocr_line' id='line_1_58' title="bbox 157 1507 1215 1546; baseline 0.009 -13"><span class='ocrx_word' id='word_1_419' title='bbox 157 1507 227 1534; x_wconf 83' lang='lat' dir='ltr'><strong>ritus</strong></span> <span class='ocrx_word' id='word_1_420' title='bbox 241 1507 362 1546; x_wconf 72' lang='lat' dir='ltr'><strong>dixisse:</strong></span> <span class='ocrx_word' id='word_1_421' title='bbox 383 1517 391 1534; x_wconf 78' lang='grc' dir='ltr'><strong>ι</strong></span> <span class='ocrx_word' id='word_1_422' title='bbox 406 1508 478 1542; x_wconf 86' lang='lat' dir='ltr'><strong>Quid</strong></span> <span class='ocrx_word' id='word_1_423' title='bbox 493 1510 553 1537; x_wconf 91' lang='lat' dir='ltr'><strong>cani</strong></span> <span class='ocrx_word' id='word_1_424' title='bbox 565 1518 710 1539; x_wconf 88' lang='lat' dir='ltr'><strong>commune</strong></span> <span class='ocrx_word' id='word_1_425' title='bbox 725 1520 787 1540; x_wconf 91' lang='lat' dir='ltr'><strong>cum</strong></span> <span class='ocrx_word' id='word_1_426' title='bbox 803 1514 916 1541; x_wconf 86' lang='lat' dir='ltr'><strong>balneo?</strong></span> <span class='ocrx_word' id='word_1_427' title='bbox 930 1523 940 1540; x_wconf 79' lang='grc' dir='ltr'><strong>ι</strong></span> <span class='ocrx_word' id='word_1_428' title='bbox 963 1513 1016 1542; x_wconf 85' lang='lat' dir='ltr'><strong>Sed</strong></span> <span class='ocrx_word' id='word_1_429' title='bbox 1029 1514 1063 1542; x_wconf 87' lang='lat' dir='ltr'><strong>de</strong></span> <span class='ocrx_word' id='word_1_430' title='bbox 1078 1514 1122 1542; x_wconf 85' lang='lat' dir='ltr'><strong>his</strong></span> <span class='ocrx_word' id='word_1_431' title='bbox 1139 1515 1215 1543; x_wconf 83' lang='lat' dir='ltr'><strong>satis.</strong></span> 
     </span>
    </p>
   </div>
   <div class='ocr_carea' id='block_1_59' title="bbox 193 1553 980 1595">
    <p class='ocr_par' dir='ltr' id='par_1_59' title="bbox 193 1553 980 1595">
     <span class='ocr_line' id='line_1_59' title="bbox 193 1553 980 1595; baseline 0.009 -14"><span class='ocrx_word' id='word_1_432' title='bbox 193 1553 279 1582; x_wconf 80' lang='lat' dir='ltr'><strong>Ursus</strong></span> <span class='ocrx_word' id='word_1_433' title='bbox 299 1561 408 1582; x_wconf 85' lang='lat' dir='ltr'><strong>carnem</strong></span> <span class='ocrx_word' id='word_1_434' title='bbox 426 1556 520 1591; x_wconf 72' lang='lat' dir='ltr'><strong>gignit,</strong></span> <span class='ocrx_word' id='word_1_435' title='bbox 540 1564 601 1592; x_wconf 69' lang='lat' dir='ltr'><strong>quat</strong></span> <span class='ocrx_word' id='word_1_436' title='bbox 624 1565 712 1593; x_wconf 85' lang='lat' dir='ltr'><strong>neque</strong></span> <span class='ocrx_word' id='word_1_437' title='bbox 729 1559 840 1594; x_wconf 79' lang='lat' dir='ltr'><strong>ﬁguram</strong></span> <span class='ocrx_word' id='word_1_438' title='bbox 857 1567 945 1595; x_wconf 89' lang='lat' dir='ltr'><strong>neque</strong></span> <span class='ocrx_word' id='word_1_439' title='bbox 959 1562 980 1590; x_wconf 77' lang='grc' dir='ltr'><strong>ο</strong></span> 
     </span>
    </p>
   </div>
   <div class='ocr_carea' id='block_1_60' title="bbox 157 1600 942 1639">
    <p class='ocr_par' dir='ltr' id='par_1_60' title="bbox 157 1600 942 1639">
     <span class='ocr_line' id='line_1_60' title="bbox 157 1600 942 1639; baseline 0.006 -12"><span class='ocrx_word' id='word_1_440' title='bbox 157 1600 271 1628; x_wconf 78' lang='lat' dir='ltr'><strong>formam</strong></span> <span class='ocrx_word' id='word_1_441' title='bbox 294 1601 386 1629; x_wconf 86' lang='lat' dir='ltr'><strong>habet.</strong></span> <span class='ocrx_word' id='word_1_442' title='bbox 403 1601 501 1629; x_wconf 88' lang='lat' dir='ltr'><strong>Verum</strong></span> <span class='ocrx_word' id='word_1_443' title='bbox 518 1603 647 1639; x_wconf 80' lang='lat' dir='ltr'><strong>deinceps</strong></span> <span class='ocrx_word' id='word_1_444' title='bbox 663 1612 710 1632; x_wconf 87' lang='lat' dir='ltr'><strong>ore</strong></span> <span class='ocrx_word' id='word_1_445' title='bbox 732 1605 854 1632; x_wconf 85' lang='lat' dir='ltr'><strong>lambens</strong></span> <span class='ocrx_word' id='word_1_446' title='bbox 875 1606 942 1633; x_wconf 89' lang='lat' dir='ltr'><strong>arti-</strong></span> 
     </span>
    </p>
   </div>
   <div class='ocr_carea' id='block_1_61' title="bbox 158 1647 942 1683">
    <p class='ocr_par' dir='ltr' id='par_1_61' title="bbox 158 1647 942 1683">
     <span class='ocr_line' id='line_1_61' title="bbox 158 1647 942 1683; baseline 0.006 -9"><span class='ocrx_word' id='word_1_447' title='bbox 158 1647 235 1674; x_wconf 79' lang='lat' dir='ltr'><strong>culos</strong></span> <span class='ocrx_word' id='word_1_448' title='bbox 259 1648 286 1674; x_wconf 93' lang='lat' dir='ltr'><strong>in</strong></span> <span class='ocrx_word' id='word_1_449' title='bbox 303 1655 332 1675; x_wconf 86' lang='lat' dir='ltr'><strong>ea</strong></span> <span class='ocrx_word' id='word_1_450' title='bbox 356 1647 446 1675; x_wconf 82' lang='lat' dir='ltr'><strong>cllicit.</strong></span> <span class='ocrx_word' id='word_1_451' title='bbox 471 1649 600 1683; x_wconf 75' lang='lat' dir='ltr'><strong>Ejusdem</strong></span> <span class='ocrx_word' id='word_1_452' title='bbox 626 1651 708 1678; x_wconf 83' lang='lat' dir='ltr'><strong>catuli</strong></span> <span class='ocrx_word' id='word_1_453' title='bbox 731 1659 786 1679; x_wconf 92' lang='lat' dir='ltr'><strong>non</strong></span> <span class='ocrx_word' id='word_1_454' title='bbox 809 1652 942 1679; x_wconf 80' lang='lat' dir='ltr'><strong>Iactantur</strong></span> 
     </span>
    </p>
   </div>
   <div class='ocr_carea' id='block_1_62' title="bbox 157 1693 942 1733">
    <p class='ocr_par' dir='ltr' id='par_1_62' title="bbox 157 1693 942 1733">
     <span class='ocr_line' id='line_1_62' title="bbox 157 1693 942 1733; baseline 0.006 -14"><span class='ocrx_word' id='word_1_455' title='bbox 157 1693 298 1725; x_wconf 82' lang='lat' dir='ltr'><strong>uberibus,</strong></span> <span class='ocrx_word' id='word_1_456' title='bbox 322 1694 368 1721; x_wconf 86' lang='lat' dir='ltr'><strong>sed</strong></span> <span class='ocrx_word' id='word_1_457' title='bbox 395 1695 518 1730; x_wconf 77' lang='lat' dir='ltr'><strong>sugendo</strong></span> <span class='ocrx_word' id='word_1_458' title='bbox 542 1696 624 1730; x_wconf 73' lang='lat' dir='ltr'><strong>pedes</strong></span> <span class='ocrx_word' id='word_1_459' title='bbox 645 1705 710 1725; x_wconf 88' lang='lat' dir='ltr'><strong>suos</strong></span> <span class='ocrx_word' id='word_1_460' title='bbox 734 1703 892 1733; x_wconf 81' lang='lat' dir='ltr'><strong>augescunt.</strong></span> <span class='ocrx_word' id='word_1_461' title='bbox 909 1697 942 1725; x_wconf 89' lang='lat' dir='ltr'><strong>Et</strong></span> 
     </span>
    </p>
   </div>
   <div class='ocr_carea' id='block_1_63' title="bbox 154 1739 943 1778">
    <p class='ocr_par' dir='ltr' id='par_1_63' title="bbox 154 1739 943 1778">
     <span class='ocr_line' id='line_1_63' title="bbox 154 1739 943 1778; baseline 0.006 -13"><span class='ocrx_word' id='word_1_462' title='bbox 154 1739 227 1775; x_wconf 84' lang='lat' dir='ltr'><strong>parit</strong></span> <span class='ocrx_word' id='word_1_463' title='bbox 247 1744 310 1767; x_wconf 71' lang='lat' dir='ltr'><strong>ante</strong></span> <span class='ocrx_word' id='word_1_464' title='bbox 328 1744 435 1774; x_wconf 88' lang='lat' dir='ltr'><strong>tempus</strong></span> <span class='ocrx_word' id='word_1_465' title='bbox 451 1749 524 1774; x_wconf 90' lang='lat' dir='ltr'><strong>ursa,</strong></span> <span class='ocrx_word' id='word_1_466' title='bbox 538 1749 593 1777; x_wconf 88' lang='lat' dir='ltr'><strong>quo</strong></span> <span class='ocrx_word' id='word_1_467' title='bbox 612 1750 673 1770; x_wconf 90' lang='lat' dir='ltr'><strong>cum</strong></span> <span class='ocrx_word' id='word_1_468' title='bbox 694 1751 768 1770; x_wconf 77' lang='lat' dir='ltr'><strong>mare</strong></span> <span class='ocrx_word' id='word_1_469' title='bbox 782 1743 943 1778; x_wconf 82' lang='lat' dir='ltr'><strong>congredia-</strong></span> 
     </span>
    </p>
   </div>
   <div class='ocr_carea' id='block_1_64' title="bbox 155 1784 940 1824">
    <p class='ocr_par' dir='ltr' id='par_1_64' title="bbox 155 1784 940 1824">
     <span class='ocr_line' id='line_1_64' title="bbox 155 1784 940 1824; baseline 0.005 -12"><span class='ocrx_word' id='word_1_470' title='bbox 155 1790 209 1812; x_wconf 86' lang='lat' dir='ltr'><strong>tur.</strong></span> <span class='ocrx_word' id='word_1_471' title='bbox 221 1785 284 1824; x_wconf 79' lang='lat' dir='ltr'><strong>ipso</strong></span> <span class='ocrx_word' id='word_1_472' title='bbox 294 1786 321 1813; x_wconf 85' lang='lat' dir='ltr'><strong>in</strong></span> <span class='ocrx_word' id='word_1_473' title='bbox 335 1791 412 1821; x_wconf 90' lang='lat' dir='ltr'><strong>partu</strong></span> <span class='ocrx_word' id='word_1_474' title='bbox 429 1788 550 1822; x_wconf 87' lang='lat' dir='ltr'><strong>periculo</strong></span> <span class='ocrx_word' id='word_1_475' title='bbox 562 1784 614 1815; x_wconf 83' lang='lat' dir='ltr'><strong>non</strong></span> <span class='ocrx_word' id='word_1_476' title='bbox 629 1793 713 1821; x_wconf 86' lang='lat' dir='ltr'><strong>caret,</strong></span> <span class='ocrx_word' id='word_1_477' title='bbox 727 1789 843 1824; x_wconf 88' lang='lat' dir='ltr'><strong>ideoque</strong></span> <span class='ocrx_word' id='word_1_478' title='bbox 858 1793 940 1817; x_wconf 77' lang='lat' dir='ltr'><strong>nectit</strong></span> 
     </span>
    </p>
   </div>
   <div class='ocr_carea' id='block_1_65' title="bbox 153 1823 942 1871">
    <p class='ocr_par' dir='ltr' id='par_1_65' title="bbox 153 1823 942 1871">
     <span class='ocr_line' id='line_1_65' title="bbox 153 1823 942 1871; baseline 0.004 -12"><span class='ocrx_word' id='word_1_479' title='bbox 153 1823 311 1869; x_wconf 77' lang='lat' dir='ltr'><strong>parturiens</strong></span> <span class='ocrx_word' id='word_1_480' title='bbox 327 1841 398 1862; x_wconf 71' lang='lat' dir='ltr'><strong>ursa:</strong></span> <span class='ocrx_word' id='word_1_481' title='bbox 414 1833 491 1861; x_wconf 89' lang='lat' dir='ltr'><strong>sidus</strong></span> <span class='ocrx_word' id='word_1_482' title='bbox 508 1835 686 1871; x_wconf 79' lang='lat' dir='ltr'><strong>inspeciando</strong></span> <span class='ocrx_word' id='word_1_483' title='bbox 701 1835 838 1868; x_wconf 84' lang='lat' dir='ltr'><strong>observat,</strong></span> <span class='ocrx_word' id='word_1_484' title='bbox 853 1843 942 1870; x_wconf 89' lang='lat' dir='ltr'><strong>eoque</strong></span> 
     </span>
    </p>
   </div>
   <div class='ocr_carea' id='block_1_66' title="bbox 155 1878 942 1914">
    <p class='ocr_par' dir='ltr' id='par_1_66' title="bbox 155 1878 942 1914">
     <span class='ocr_line' id='line_1_66' title="bbox 155 1878 942 1914; baseline 0.005 -11"><span class='ocrx_word' id='word_1_485' title='bbox 155 1883 234 1911; x_wconf 87' lang='lat' dir='ltr'><strong>pacto</strong></span> <span class='ocrx_word' id='word_1_486' title='bbox 248 1878 435 1906; x_wconf 79' lang='lat' dir='ltr'><strong>difﬁcultatem</strong></span> <span class='ocrx_word' id='word_1_487' title='bbox 455 1885 548 1914; x_wconf 84' lang='lat' dir='ltr'><strong>partus</strong></span> <span class='ocrx_word' id='word_1_488' title='bbox 564 1880 680 1914; x_wconf 86' lang='lat' dir='ltr'><strong>mitigat.</strong></span> <span class='ocrx_word' id='word_1_489' title='bbox 692 1879 778 1907; x_wconf 76' lang='lat' dir='ltr'><strong>Vorax</strong></span> <span class='ocrx_word' id='word_1_490' title='bbox 795 1885 837 1907; x_wconf 88' lang='lat' dir='ltr'><strong>est</strong></span> <span class='ocrx_word' id='word_1_491' title='bbox 849 1881 942 1907; x_wconf 84' lang='lat' dir='ltr'><strong>admo-</strong></span> 
     </span>
    </p>
   </div>
   <div class='ocr_carea' id='block_1_67' title="bbox 154 1923 939 1959">
    <p class='ocr_par' dir='ltr' id='par_1_67' title="bbox 154 1923 939 1959">
     <span class='ocr_line' id='line_1_67' title="bbox 154 1923 939 1959; baseline 0.004 -9"><span class='ocrx_word' id='word_1_492' title='bbox 154 1923 230 1956; x_wconf 88' lang='lat' dir='ltr'><strong>dum,</strong></span> <span class='ocrx_word' id='word_1_493' title='bbox 249 1931 367 1959; x_wconf 78' lang='lat' dir='ltr'><strong>cumque</strong></span> <span class='ocrx_word' id='word_1_494' title='bbox 389 1932 437 1959; x_wconf 89' lang='lat' dir='ltr'><strong>per</strong></span> <span class='ocrx_word' id='word_1_495' title='bbox 458 1924 576 1952; x_wconf 84' lang='lat' dir='ltr'><strong>hiemem</strong></span> <span class='ocrx_word' id='word_1_496' title='bbox 596 1925 623 1952; x_wconf 90' lang='lat' dir='ltr'><strong>in</strong></span> <span class='ocrx_word' id='word_1_497' title='bbox 640 1925 726 1953; x_wconf 91' lang='lat' dir='ltr'><strong>lustro</strong></span> <span class='ocrx_word' id='word_1_498' title='bbox 747 1933 796 1953; x_wconf 92' lang='lat' dir='ltr'><strong>suo</strong></span> <span class='ocrx_word' id='word_1_499' title='bbox 817 1926 893 1953; x_wconf 82' lang='lat' dir='ltr'><strong>sedet</strong></span> <span class='ocrx_word' id='word_1_500' title='bbox 908 1934 939 1954; x_wconf 88' lang='lat' dir='ltr'><strong>ac</strong></span> 
     </span>
    </p>
   </div>
   <div class='ocr_carea' id='block_1_68' title="bbox 154 1970 939 2007">
    <p class='ocr_par' dir='ltr' id='par_1_68' title="bbox 154 1970 939 2007">
     <span class='ocr_line' id='line_1_68' title="bbox 154 1970 939 2007; baseline 0.005 -11"><span class='ocrx_word' id='word_1_501' title='bbox 154 1970 251 2001; x_wconf 84' lang='lat' dir='ltr'><strong>esurit.</strong></span> <span class='ocrx_word' id='word_1_502' title='bbox 268 1972 361 2004; x_wconf 46' lang='lat' dir='ltr'><strong>pellem</strong></span> <span class='ocrx_word' id='word_1_503' title='bbox 377 1971 522 1998; x_wconf 88' lang='lat' dir='ltr'><strong>lambendo</strong></span> <span class='ocrx_word' id='word_1_504' title='bbox 539 1979 568 1999; x_wconf 89' lang='lat' dir='ltr'><strong>se</strong></span> <span class='ocrx_word' id='word_1_505' title='bbox 585 1972 688 2005; x_wconf 85' lang='lat' dir='ltr'><strong>nutrit;</strong></span> <span class='ocrx_word' id='word_1_506' title='bbox 702 1972 773 2007; x_wconf 92' lang='lat' dir='ltr'><strong>quod</strong></span> <span class='ocrx_word' id='word_1_507' title='bbox 789 1972 898 2007; x_wconf 88' lang='lat' dir='ltr'><strong>quidem</strong></span> <span class='ocrx_word' id='word_1_508' title='bbox 914 1974 939 2000; x_wconf 92' lang='lat' dir='ltr'><strong>ei</strong></span> 
     </span>
    </p>
   </div>
   <div class='ocr_carea' id='block_1_69' title="bbox 153 2015 940 2050">
    <p class='ocr_par' dir='ltr' id='par_1_69' title="bbox 153 2015 940 2050">
     <span class='ocr_line' id='line_1_69' title="bbox 153 2015 940 2050; baseline 0.005 -8"><span class='ocrx_word' id='word_1_509' title='bbox 153 2016 204 2042; x_wconf 89' lang='lat' dir='ltr'><strong>soli</strong></span> <span class='ocrx_word' id='word_1_510' title='bbox 233 2015 370 2050; x_wconf 87' lang='lat' dir='ltr'><strong>peculiare</strong></span> <span class='ocrx_word' id='word_1_511' title='bbox 393 2021 435 2044; x_wconf 88' lang='lat' dir='ltr'><strong>est</strong></span> <span class='ocrx_word' id='word_1_512' title='bbox 456 2016 528 2044; x_wconf 87' lang='lat' dir='ltr'><strong>inter</strong></span> <span class='ocrx_word' id='word_1_513' title='bbox 549 2018 677 2045; x_wconf 86' lang='lat' dir='ltr'><strong>animalia</strong></span> <span class='ocrx_word' id='word_1_514' title='bbox 696 2019 845 2050; x_wconf 83' lang='lat' dir='ltr'><strong>terrestria.</strong></span> <span class='ocrx_word' id='word_1_515' title='bbox 869 2019 940 2046; x_wconf 84' lang='lat' dir='ltr'><strong>sicut</strong></span> 
     </span>
    </p>
   </div>
   <div class='ocr_carea' id='block_1_70' title="bbox 154 2062 474 2098">
    <p class='ocr_par' dir='ltr' id='par_1_70' title="bbox 154 2062 474 2098">
     <span class='ocr_line' id='line_1_70' title="bbox 154 2062 474 2098; baseline 0.006 -10"><span class='ocrx_word' id='word_1_516' title='bbox 154 2062 227 2088; x_wconf 83' lang='lat' dir='ltr'><strong>inter</strong></span> <span class='ocrx_word' id='word_1_517' title='bbox 247 2062 350 2089; x_wconf 84' lang='lat' dir='ltr'><strong>marina</strong></span> <span class='ocrx_word' id='word_1_518' title='bbox 366 2063 474 2098; x_wconf 79' lang='lat' dir='ltr'><strong>polypo.</strong></span> 
     </span>
    </p>
   </div>
   <div class='ocr_carea' id='block_1_71' title="bbox 189 2107 939 2144">
    <p class='ocr_par' dir='ltr' id='par_1_71' title="bbox 189 2107 939 2144">
     <span class='ocr_line' id='line_1_71' title="bbox 189 2107 939 2144; baseline 0.005 -10"><span class='ocrx_word' id='word_1_519' title='bbox 189 2107 256 2134; x_wconf 90' lang='lat' dir='ltr'><strong>Cum</strong></span> <span class='ocrx_word' id='word_1_520' title='bbox 275 2109 368 2143; x_wconf 75' lang='lat' dir='ltr'><strong>onagri</strong></span> <span class='ocrx_word' id='word_1_521' title='bbox 386 2116 476 2136; x_wconf 84' lang='lat' dir='ltr'><strong>mares</strong></span> <span class='ocrx_word' id='word_1_522' title='bbox 494 2109 618 2144; x_wconf 76' lang='lat' dir='ltr'><strong>gignunt,</strong></span> <span class='ocrx_word' id='word_1_523' title='bbox 638 2114 769 2137; x_wconf 77' lang='lat' dir='ltr'><strong>exsecant</strong></span> <span class='ocrx_word' id='word_1_524' title='bbox 787 2117 881 2138; x_wconf 86' lang='lat' dir='ltr'><strong>eorum</strong></span> <span class='ocrx_word' id='word_1_525' title='bbox 897 2111 939 2138; x_wconf 91' lang='lat' dir='ltr'><strong>vi-</strong></span> 
     </span>
    </p>
   </div>
   <div class='ocr_carea' id='block_1_72' title="bbox 151 2152 937 2191">
    <p class='ocr_par' dir='ltr' id='par_1_72' title="bbox 151 2152 937 2191">
     <span class='ocr_line' id='line_1_72' title="bbox 151 2152 937 2191; baseline 0.005 -13"><span class='ocrx_word' id='word_1_526' title='bbox 151 2152 223 2184; x_wconf 86' lang='lat' dir='ltr'><strong>rilia,</strong></span> <span class='ocrx_word' id='word_1_527' title='bbox 241 2160 273 2180; x_wconf 90' lang='lat' dir='ltr'><strong>ne</strong></span> <span class='ocrx_word' id='word_1_528' title='bbox 290 2158 444 2188; x_wconf 77' lang='lat' dir='ltr'><strong>procreent.</strong></span> <span class='ocrx_word' id='word_1_529' title='bbox 457 2153 488 2180; x_wconf 88' lang='lat' dir='ltr'><strong>Et</strong></span> <span class='ocrx_word' id='word_1_530' title='bbox 503 2154 606 2181; x_wconf 83' lang='lat' dir='ltr'><strong>animal</strong></span> <span class='ocrx_word' id='word_1_531' title='bbox 624 2154 675 2182; x_wconf 91' lang='lat' dir='ltr'><strong>hoc</strong></span> <span class='ocrx_word' id='word_1_532' title='bbox 690 2154 869 2182; x_wconf 82' lang='lat' dir='ltr'><strong>siccissimum</strong></span> <span class='ocrx_word' id='word_1_533' title='bbox 886 2160 937 2191; x_wconf 77' lang='lat' dir='ltr'><strong>est,</strong></span> 
     </span>
    </p>
   </div>
   <div class='ocr_carea' id='block_1_73' title="bbox 152 2198 938 2233">
    <p class='ocr_par' dir='ltr' id='par_1_73' title="bbox 152 2198 938 2233">
     <span class='ocr_line' id='line_1_73' title="bbox 152 2198 938 2233; baseline 0.005 -7"><span class='ocrx_word' id='word_1_534' title='bbox 152 2198 266 2233; x_wconf 79' lang='lat' dir='ltr'><strong>ideoque</strong></span> <span class='ocrx_word' id='word_1_535' title='bbox 296 2199 475 2226; x_wconf 84' lang='lat' dir='ltr'><strong>sitibundum.</strong></span> <span class='ocrx_word' id='word_1_536' title='bbox 503 2199 565 2232; x_wconf 80' lang='lat' dir='ltr'><strong>Qua</strong></span> <span class='ocrx_word' id='word_1_537' title='bbox 595 2199 628 2227; x_wconf 85' lang='lat' dir='ltr'><strong>de</strong></span> <span class='ocrx_word' id='word_1_538' title='bbox 658 2207 740 2227; x_wconf 87' lang='lat' dir='ltr'><strong>causa</strong></span> <span class='ocrx_word' id='word_1_539' title='bbox 767 2199 882 2228; x_wconf 81' lang='lat' dir='ltr'><strong>Davidcs</strong></span> <span class='ocrx_word' id='word_1_540' title='bbox 904 2201 938 2230; x_wconf 89' lang='lat' dir='ltr'><strong>de</strong></span> 
     </span>
    </p>
   </div>
   <div class='ocr_carea' id='block_1_74' title="bbox 1035 1559 1783 1598">
    <p class='ocr_par' dir='ltr' id='par_1_74' title="bbox 1035 1559 1783 1598">
     <span class='ocr_line' id='line_1_74' title="bbox 1035 1559 1783 1598; baseline 0.005 -12"><span class='ocrx_word' id='word_1_541' title='bbox 1035 1560 1068 1586; x_wconf 84' lang='lat' dir='ltr'><strong>&#39;H</strong></span> <span class='ocrx_word' id='word_1_542' title='bbox 1081 1559 1110 1586; x_wconf 74' lang='grc' dir='ltr'><strong>δέ</strong></span> <span class='ocrx_word' id='word_1_543' title='bbox 1125 1568 1157 1594; x_wconf 90' lang='grc' dir='ltr'><strong>γε</strong></span> <span class='ocrx_word' id='word_1_544' title='bbox 1181 1561 1280 1595; x_wconf 80' lang='grc' dir='ltr'>ἄρκτος</span> <span class='ocrx_word' id='word_1_545' title='bbox 1299 1561 1390 1596; x_wconf 78' lang='grc' dir='ltr'>σάρκα</span> <span class='ocrx_word' id='word_1_546' title='bbox 1413 1562 1501 1589; x_wconf 78' lang='grc' dir='ltr'>τίκτει</span> <span class='ocrx_word' id='word_1_547' title='bbox 1526 1563 1595 1598; x_wconf 84' lang='grc' dir='ltr'>μήτε</span> <span class='ocrx_word' id='word_1_548' title='bbox 1611 1563 1695 1590; x_wconf 79' lang='grc' dir='ltr'>τύπον</span> <span class='ocrx_word' id='word_1_549' title='bbox 1714 1565 1783 1598; x_wconf 86' lang='grc' dir='ltr'>μήτε</span> 
     </span>
    </p>
   </div>
   <div class='ocr_carea' id='block_1_75' title="bbox 998 1605 1783 1644">
    <p class='ocr_par' dir='ltr' id='par_1_75' title="bbox 998 1605 1783 1644">
     <span class='ocr_line' id='line_1_75' title="bbox 998 1605 1783 1644; baseline 0.006 -14"><span class='ocrx_word' id='word_1_550' title='bbox 998 1605 1108 1640; x_wconf 75' lang='grc' dir='ltr'>μορφὴν</span> <span class='ocrx_word' id='word_1_551' title='bbox 1134 1605 1259 1640; x_wconf 83' lang='grc' dir='ltr'>ἔχουσαν,</span> <span class='ocrx_word' id='word_1_552' title='bbox 1288 1606 1327 1641; x_wconf 84' lang='grc' dir='ltr'>τῷ</span> <span class='ocrx_word' id='word_1_553' title='bbox 1354 1606 1382 1633; x_wconf 72' lang='grc' dir='ltr'>δὲ</span> <span class='ocrx_word' id='word_1_554' title='bbox 1408 1608 1522 1642; x_wconf 84' lang='grc' dir='ltr'>στόματι</span> <span class='ocrx_word' id='word_1_555' title='bbox 1544 1608 1669 1643; x_wconf 89' lang='grc' dir='ltr'>λείχουσα</span> <span class='ocrx_word' id='word_1_556' title='bbox 1693 1609 1783 1644; x_wconf 67' lang='grc' dir='ltr'>ἄρθρα</span> 
     </span>
    </p>
   </div>
   <div class='ocr_carea' id='block_1_76' title="bbox 996 1651 1781 1688">
    <p class='ocr_par' dir='ltr' id='par_1_76' title="bbox 996 1651 1781 1688">
     <span class='ocr_line' id='line_1_76' title="bbox 996 1651 1781 1688; baseline 0.005 -12"><span class='ocrx_word' id='word_1_557' title='bbox 996 1651 1134 1678; x_wconf 79' lang='grc' dir='ltr'>ἀποτελεῖ.</span> <span class='ocrx_word' id='word_1_558' title='bbox 1150 1651 1230 1678; x_wconf 81' lang='grc' dir='ltr'>Ἀλλὰ</span> <span class='ocrx_word' id='word_1_559' title='bbox 1246 1653 1292 1678; x_wconf 78' lang='grc' dir='ltr'>καὶ</span> <span class='ocrx_word' id='word_1_560' title='bbox 1309 1653 1334 1678; x_wconf 84' lang='lat' dir='ltr'><strong>oi.</strong></span> <span class='ocrx_word' id='word_1_561' title='bbox 1353 1651 1468 1687; x_wconf 86' lang='grc' dir='ltr'>σκύμνοι</span> <span class='ocrx_word' id='word_1_562' title='bbox 1484 1654 1570 1688; x_wconf 80' lang='grc' dir='ltr'>αὐτῆς</span> <span class='ocrx_word' id='word_1_563' title='bbox 1580 1655 1610 1680; x_wconf 86' lang='grc' dir='ltr'>οὐ</span> <span class='ocrx_word' id='word_1_564' title='bbox 1625 1654 1781 1688; x_wconf 81' lang='grc' dir='ltr'>θηλάζουσι,</span> 
     </span>
    </p>
   </div>
   <div class='ocr_carea' id='block_1_77' title="bbox 998 1694 1781 1731">
    <p class='ocr_par' dir='ltr' id='par_1_77' title="bbox 998 1694 1781 1731">
     <span class='ocr_line' id='line_1_77' title="bbox 998 1694 1781 1731; baseline 0.008 -11"><span class='ocrx_word' id='word_1_565' title='bbox 998 1694 1137 1728; x_wconf 84' lang='grc' dir='ltr'>μυζῶντες</span> <span class='ocrx_word' id='word_1_566' title='bbox 1155 1695 1183 1721; x_wconf 75' lang='grc' dir='ltr'>δὲ</span> <span class='ocrx_word' id='word_1_567' title='bbox 1200 1696 1264 1727; x_wconf 72' lang='grc' dir='ltr'>τοὺς</span> <span class='ocrx_word' id='word_1_568' title='bbox 1281 1696 1364 1729; x_wconf 84' lang='grc' dir='ltr'>πόδας</span> <span class='ocrx_word' id='word_1_569' title='bbox 1376 1698 1466 1724; x_wconf 82' lang='grc' dir='ltr'>αὐτῶν</span> <span class='ocrx_word' id='word_1_570' title='bbox 1483 1699 1609 1724; x_wconf 80' lang='grc' dir='ltr'>ἐντεῦθεν</span> <span class='ocrx_word' id='word_1_571' title='bbox 1624 1699 1781 1731; x_wconf 77' lang='grc' dir='ltr'>αὑξᾶνουσι.</span> 
     </span>
    </p>
   </div>
   <div class='ocr_carea' id='block_1_78' title="bbox 996 1740 1783 1780">
    <p class='ocr_par' dir='ltr' id='par_1_78' title="bbox 996 1740 1783 1780">
     <span class='ocr_line' id='line_1_78' title="bbox 996 1740 1783 1780; baseline 0.006 -14"><span class='ocrx_word' id='word_1_572' title='bbox 996 1740 1090 1767; x_wconf 83' lang='grc' dir='ltr'>Τίκτει</span> <span class='ocrx_word' id='word_1_573' title='bbox 1106 1741 1134 1767; x_wconf 74' lang='grc' dir='ltr'>δὲ</span> <span class='ocrx_word' id='word_1_574' title='bbox 1152 1742 1207 1776; x_wconf 74' lang='grc' dir='ltr'>πρὸ</span> <span class='ocrx_word' id='word_1_575' title='bbox 1225 1742 1272 1768; x_wconf 85' lang='grc' dir='ltr'>τοῦ</span> <span class='ocrx_word' id='word_1_576' title='bbox 1294 1743 1402 1778; x_wconf 86' lang='grc' dir='ltr'>καιροῦ,</span> <span class='ocrx_word' id='word_1_577' title='bbox 1420 1743 1462 1770; x_wconf 79' lang='grc' dir='ltr'>ἵνα</span> <span class='ocrx_word' id='word_1_578' title='bbox 1485 1745 1523 1779; x_wconf 80' lang='grc' dir='ltr'>τῷ</span> <span class='ocrx_word' id='word_1_579' title='bbox 1540 1745 1635 1780; x_wconf 68' lang='grc' dir='ltr'>ἄρρενι</span> <span class='ocrx_word' id='word_1_580' title='bbox 1652 1745 1783 1780; x_wconf 57' lang='grc' dir='ltr'>συνέρχη-</span> 
     </span>
    </p>
   </div>
   <div class='ocr_carea' id='block_1_79' title="bbox 996 1786 1781 1824">
    <p class='ocr_par' dir='ltr' id='par_1_79' title="bbox 996 1786 1781 1824">
     <span class='ocr_line' id='line_1_79' title="bbox 996 1786 1781 1824; baseline 0.006 -12"><span class='ocrx_word' id='word_1_581' title='bbox 996 1794 1051 1813; x_wconf 83' lang='grc' dir='ltr'>ται.</span> <span class='ocrx_word' id='word_1_582' title='bbox 1072 1786 1153 1813; x_wconf 83' lang='grc' dir='ltr'><strong>Ἀλλὰ</strong></span> <span class='ocrx_word' id='word_1_583' title='bbox 1166 1788 1213 1813; x_wconf 69' lang='grc' dir='ltr'><strong>καὶ</strong></span> <span class='ocrx_word' id='word_1_584' title='bbox 1229 1788 1258 1813; x_wconf 79' lang='grc' dir='ltr'>ὲν</span> <span class='ocrx_word' id='word_1_585' title='bbox 1281 1787 1320 1823; x_wconf 82' lang='grc' dir='ltr'>τῷ</span> <span class='ocrx_word' id='word_1_586' title='bbox 1342 1788 1447 1815; x_wconf 85' lang='grc' dir='ltr'>τίκτειν</span> <span class='ocrx_word' id='word_1_587' title='bbox 1463 1790 1614 1817; x_wconf 80' lang='grc' dir='ltr'>κινδυνεύει</span> <span class='ocrx_word' id='word_1_588' title='bbox 1634 1791 1649 1824; x_wconf 79' lang='grc' dir='ltr'><strong>ἡ</strong></span> <span class='ocrx_word' id='word_1_589' title='bbox 1670 1791 1781 1823; x_wconf 73' lang='grc' dir='ltr'>ἄρκτος.</span> 
     </span>
    </p>
   </div>
   <div class='ocr_carea' id='block_1_80' title="bbox 1003 1832 1782 1871">
    <p class='ocr_par' dir='ltr' id='par_1_80' title="bbox 1003 1832 1782 1871">
     <span class='ocr_line' id='line_1_80' title="bbox 1003 1832 1782 1871; baseline 0.008 -14"><span class='ocrx_word' id='word_1_590' title='bbox 1003 1832 1047 1858; x_wconf 86' lang='grc' dir='ltr'>Ἐν</span> <span class='ocrx_word' id='word_1_591' title='bbox 1069 1832 1098 1858; x_wconf 78' lang='grc' dir='ltr'>δὲ</span> <span class='ocrx_word' id='word_1_592' title='bbox 1123 1833 1201 1859; x_wconf 81' lang='grc' dir='ltr'>νυκτὶ</span> <span class='ocrx_word' id='word_1_593' title='bbox 1228 1832 1362 1860; x_wconf 78' lang='grc' dir='ltr'>ὠδίνουσα</span> <span class='ocrx_word' id='word_1_594' title='bbox 1392 1835 1523 1870; x_wconf 77' lang='grc' dir='ltr'>προσέχει</span> <span class='ocrx_word' id='word_1_595' title='bbox 1548 1835 1588 1869; x_wconf 84' lang='grc' dir='ltr'>τῷ</span> <span class='ocrx_word' id='word_1_596' title='bbox 1614 1836 1663 1870; x_wconf 80' lang='grc' dir='ltr'>τῆς</span> <span class='ocrx_word' id='word_1_597' title='bbox 1681 1837 1782 1871; x_wconf 63' lang='grc' dir='ltr'>ἄρκτου</span> 
     </span>
    </p>
   </div>
   <div class='ocr_carea' id='block_1_81' title="bbox 996 1878 1782 1917">
    <p class='ocr_par' dir='ltr' id='par_1_81' title="bbox 996 1878 1782 1917">
     <span class='ocr_line' id='line_1_81' title="bbox 996 1878 1782 1917; baseline 0.005 -13"><span class='ocrx_word' id='word_1_598' title='bbox 996 1878 1100 1913; x_wconf 80' lang='grc' dir='ltr'>ἄστρῳ,</span> <span class='ocrx_word' id='word_1_599' title='bbox 1122 1878 1171 1905; x_wconf 77' lang='grc' dir='ltr'>καὶ</span> <span class='ocrx_word' id='word_1_600' title='bbox 1192 1878 1263 1905; x_wconf 76' lang='grc' dir='ltr'>οὕτω</span> <span class='ocrx_word' id='word_1_601' title='bbox 1280 1879 1368 1906; x_wconf 87' lang='grc' dir='ltr'>τίκτει</span> <span class='ocrx_word' id='word_1_602' title='bbox 1393 1880 1523 1915; x_wconf 78' lang='grc' dir='ltr'>εὐχερῶς.</span> <span class='ocrx_word' id='word_1_603' title='bbox 1545 1881 1705 1916; x_wconf 70' lang='grc' dir='ltr'>Πολυφὰγος</span> <span class='ocrx_word' id='word_1_604' title='bbox 1732 1883 1782 1917; x_wconf 77' lang='grc' dir='ltr'>μὲν</span> 
     </span>
    </p>
   </div>
   <div class='ocr_carea' id='block_1_82' title="bbox 948 1923 1780 1963">
    <p class='ocr_par' dir='ltr' id='par_1_82' title="bbox 948 1923 1780 1963">
     <span class='ocr_line' id='line_1_82' title="bbox 948 1923 1780 1963; baseline 0.004 -13"><span class='ocrx_word' id='word_1_605' title='bbox 948 1928 955 1937; x_wconf 86' lang='grc'><strong><em>⁵</em></strong></span> <span class='ocrx_word' id='word_1_606' title='bbox 996 1923 1096 1957; x_wconf 81' lang='grc' dir='ltr'>ἄρκτος</span> <span class='ocrx_word' id='word_1_607' title='bbox 1118 1923 1202 1963; x_wconf 62' lang='grc' dir='ltr'>ἐστιν,</span> <span class='ocrx_word' id='word_1_608' title='bbox 1235 1925 1265 1950; x_wconf 77' lang='grc' dir='ltr'>ὲν</span> <span class='ocrx_word' id='word_1_609' title='bbox 1291 1924 1319 1951; x_wconf 78' lang='grc' dir='ltr'>δὲ</span> <span class='ocrx_word' id='word_1_610' title='bbox 1346 1925 1462 1961; x_wconf 85' lang='grc' dir='ltr'>χειμῶνι</span> <span class='ocrx_word' id='word_1_611' title='bbox 1492 1927 1713 1963; x_wconf 70' lang='grc' dir='ltr'>παρακαθημένη</span> <span class='ocrx_word' id='word_1_612' title='bbox 1744 1928 1780 1963; x_wconf 77' lang='grc' dir='ltr'><strong>τῷ</strong></span> 
     </span>
    </p>
   </div>
   <div class='ocr_carea' id='block_1_83' title="bbox 996 1962 1780 2007">
    <p class='ocr_par' dir='ltr' id='par_1_83' title="bbox 996 1962 1780 2007">
     <span class='ocr_line' id='line_1_83' title="bbox 996 1962 1780 2007; baseline 0.006 -13"><span class='ocrx_word' id='word_1_613' title='bbox 996 1968 1093 2003; x_wconf 79' lang='grc' dir='ltr'>φωλεῷ</span> <span class='ocrx_word' id='word_1_614' title='bbox 1113 1962 1303 1996; x_wconf 42' lang='lat' dir='ltr'><strong>xui-neruine.</strong></span> <span class='ocrx_word' id='word_1_615' title='bbox 1321 1969 1466 2005; x_wconf 78' lang='grc' dir='ltr'>λείχει’τὸν</span> <span class='ocrx_word' id='word_1_616' title='bbox 1491 1972 1558 1998; x_wconf 84' lang='grc' dir='ltr'>πόδα</span> <span class='ocrx_word' id='word_1_617' title='bbox 1575 1972 1623 1998; x_wconf 79' lang='grc' dir='ltr'>καὶ</span> <span class='ocrx_word' id='word_1_618' title='bbox 1639 1974 1780 2007; x_wconf 76' lang='grc' dir='ltr'>τρέφεται.</span> 
     </span>
    </p>
   </div>
   <div class='ocr_carea' id='block_1_84' title="bbox 995 2014 1780 2055">
    <p class='ocr_par' dir='ltr' id='par_1_84' title="bbox 995 2014 1780 2055">
     <span class='ocr_line' id='line_1_84' title="bbox 995 2014 1780 2055; baseline 0.009 -16"><span class='ocrx_word' id='word_1_619' title='bbox 995 2014 1071 2048; x_wconf 80' lang='grc' dir='ltr'>Μόνη</span> <span class='ocrx_word' id='word_1_620' title='bbox 1088 2015 1117 2041; x_wconf 74' lang='grc' dir='ltr'>δὲ</span> <span class='ocrx_word' id='word_1_621' title='bbox 1132 2014 1202 2050; x_wconf 76' lang='grc' dir='ltr'>αὕτη</span> <span class='ocrx_word' id='word_1_622' title='bbox 1220 2016 1249 2042; x_wconf 80' lang='grc' dir='ltr'>ὲν</span> <span class='ocrx_word' id='word_1_623' title='bbox 1273 2017 1308 2052; x_wconf 83' lang='grc' dir='ltr'><strong>γῇ</strong></span> <span class='ocrx_word' id='word_1_624' title='bbox 1326 2018 1424 2053; x_wconf 77' lang='grc' dir='ltr'>πάσχει</span> <span class='ocrx_word' id='word_1_625' title='bbox 1447 2017 1537 2052; x_wconf 79' lang='grc' dir='ltr'>τοῦτο,</span> <span class='ocrx_word' id='word_1_626' title='bbox 1557 2019 1604 2046; x_wconf 81' lang='grc' dir='ltr'>καὶ</span> <span class='ocrx_word' id='word_1_627' title='bbox 1616 2021 1645 2046; x_wconf 83' lang='grc' dir='ltr'>ὲν</span> <span class='ocrx_word' id='word_1_628' title='bbox 1658 2020 1780 2055; x_wconf 76' lang='grc' dir='ltr'>θαλάσσῃ</span> 
     </span>
    </p>
   </div>
   <div class='ocr_carea' id='block_1_85' title="bbox 994 2060 1171 2093">
    <p class='ocr_par' dir='ltr' id='par_1_85' title="bbox 994 2060 1171 2093">
     <span class='ocr_line' id='line_1_85' title="bbox 994 2060 1171 2093; baseline 0.011 -7"><span class='ocrx_word' id='word_1_629' title='bbox 994 2061 1008 2087; x_wconf 98' lang='lat'><strong>6</strong></span> <span class='ocrx_word' id='word_1_630' title='bbox 1023 2060 1171 2093; x_wconf 83' lang='grc' dir='ltr'>πολύπους.</span> 
     </span>
    </p>
   </div>
   <div class='ocr_carea' id='block_1_86' title="bbox 1037 2107 1779 2146">
    <p class='ocr_par' dir='ltr' id='par_1_86' title="bbox 1037 2107 1779 2146">
     <span class='ocr_line' id='line_1_86' title="bbox 1037 2107 1779 2146; baseline 0.012 -14"><span class='ocrx_word' id='word_1_631' title='bbox 1037 2107 1117 2134; x_wconf 84' lang='grc' dir='ltr'>Ἀλλὰ</span> <span class='ocrx_word' id='word_1_632' title='bbox 1132 2108 1179 2134; x_wconf 78' lang='grc' dir='ltr'>καὶ</span> <span class='ocrx_word' id='word_1_633' title='bbox 1198 2108 1253 2136; x_wconf 86' lang='grc' dir='ltr'><strong>τῶν</strong></span> <span class='ocrx_word' id='word_1_634' title='bbox 1277 2109 1402 2146; x_wconf 82' lang='grc' dir='ltr'>ὀνάγρων</span> <span class='ocrx_word' id='word_1_635' title='bbox 1420 2111 1449 2138; x_wconf 76' lang='grc' dir='ltr'>αἱ</span> <span class='ocrx_word' id='word_1_636' title='bbox 1474 2112 1589 2146; x_wconf 79' lang='grc' dir='ltr'>νομάδες</span> <span class='ocrx_word' id='word_1_637' title='bbox 1608 2114 1720 2140; x_wconf 72' lang='grc' dir='ltr'>ἐπειδὰν</span> <span class='ocrx_word' id='word_1_638' title='bbox 1733 2115 1779 2140; x_wconf 80' lang='grc' dir='ltr'><strong>τέ-</strong></span> 
     </span>
    </p>
   </div>
   <div class='ocr_carea' id='block_1_87' title="bbox 994 2153 1779 2196">
    <p class='ocr_par' dir='ltr' id='par_1_87' title="bbox 994 2153 1779 2196">
     <span class='ocr_line' id='line_1_87' title="bbox 994 2153 1779 2196; baseline 0.011 -18"><span class='ocrx_word' id='word_1_639' title='bbox 994 2160 1079 2179; x_wconf 78' lang='grc' dir='ltr'>κωσιν</span> <span class='ocrx_word' id='word_1_640' title='bbox 1103 2153 1216 2189; x_wconf 83' lang='grc' dir='ltr'>ἄρῤενα,</span> <span class='ocrx_word' id='word_1_641' title='bbox 1231 2156 1359 2191; x_wconf 78' lang='grc' dir='ltr'>τέμνουσι</span> <span class='ocrx_word' id='word_1_642' title='bbox 1384 2157 1418 2183; x_wconf 76' lang='grc' dir='ltr'><strong>τὰ</strong></span> <span class='ocrx_word' id='word_1_643' title='bbox 1446 2157 1536 2184; x_wconf 76' lang='grc' dir='ltr'>αἰδοῖα</span> <span class='ocrx_word' id='word_1_644' title='bbox 1564 2159 1665 2191; x_wconf 79' lang='grc' dir='ltr'>αὐτῶν,</span> <span class='ocrx_word' id='word_1_645' title='bbox 1680 2160 1723 2186; x_wconf 75' lang='grc' dir='ltr'>ἵνα</span> <span class='ocrx_word' id='word_1_646' title='bbox 1741 2160 1779 2196; x_wconf 83' lang='grc' dir='ltr'>μὴ</span> 
     </span>
    </p>
   </div>
   <div class='ocr_carea' id='block_1_88' title="bbox 995 2199 1779 2240">
    <p class='ocr_par' dir='ltr' id='par_1_88' title="bbox 995 2199 1779 2240">
     <span class='ocr_line' id='line_1_88' title="bbox 995 2199 1779 2240; baseline 0.01 -15"><span class='ocrx_word' id='word_1_647' title='bbox 995 2199 1210 2235; x_wconf 81' lang='grc' dir='ltr'>σπερματίζωσι.</span> <span class='ocrx_word' id='word_1_648' title='bbox 1226 2202 1387 2238; x_wconf 79' lang='grc' dir='ltr'>Κατάξηρον</span> <span class='ocrx_word' id='word_1_649' title='bbox 1399 2202 1427 2229; x_wconf 84' lang='grc' dir='ltr'>δὲ</span> <span class='ocrx_word' id='word_1_650' title='bbox 1449 2202 1518 2235; x_wconf 83' lang='grc' dir='ltr'>ζῶον</span> <span class='ocrx_word' id='word_1_651' title='bbox 1531 2205 1545 2231; x_wconf 87' lang='lat'><strong>6</strong></span> <span class='ocrx_word' id='word_1_652' title='bbox 1557 2205 1685 2240; x_wconf 76' lang='grc' dir='ltr'>δναγρος.</span> <span class='ocrx_word' id='word_1_653' title='bbox 1701 2207 1744 2240; x_wconf 74' lang='grc' dir='ltr'><strong>ἐφ’</strong></span> <span class='ocrx_word' id='word_1_654' title='bbox 1758 2203 1779 2240; x_wconf 74' lang='grc' dir='ltr'>ᾧ</span> 
     </span>
    </p>
   </div>
   <div class='ocr_carea' id='block_1_89' title="bbox 151 2239 948 2286">
    <p class='ocr_par' dir='ltr' id='par_1_89' title="bbox 151 2243 937 2281">
     <span class='ocr_line' id='line_1_89' title="bbox 151 2243 937 2281; baseline 0.003 -10"><span class='ocrx_word' id='word_1_655' title='bbox 151 2244 230 2279; x_wconf 85' lang='lat' dir='ltr'><strong>aquis</strong></span> <span class='ocrx_word' id='word_1_656' title='bbox 256 2245 406 2276; x_wconf 84' lang='lat' dir='ltr'><strong>disserens,</strong></span> <span class='ocrx_word' id='word_1_657' title='bbox 431 2245 492 2274; x_wconf 82' lang='lat' dir='ltr'><strong>ait:</strong></span> <span class='ocrx_word' id='word_1_658' title='bbox 513 2253 523 2270; x_wconf 75' lang='grc' dir='ltr'><strong>ι</strong></span> <span class='ocrx_word' id='word_1_659' title='bbox 541 2243 657 2272; x_wconf 91' lang='lat' dir='ltr'><strong>Sument</strong></span> <span class='ocrx_word' id='word_1_660' title='bbox 690 2252 736 2272; x_wconf 84' lang='lat' dir='ltr'><strong>eas</strong></span> <span class='ocrx_word' id='word_1_661' title='bbox 760 2246 854 2281; x_wconf 74' lang='lat' dir='ltr'><strong>onagri</strong></span> <span class='ocrx_word' id='word_1_662' title='bbox 878 2247 937 2275; x_wconf 87' lang='lat' dir='ltr'><strong>sitis</strong></span> 
     </span>
    </p>
   </div>
   <div class='ocr_carea' id='block_1_90' title="bbox 1003 2239 1778 2286">
    <p class='ocr_par' dir='ltr' id='par_1_90' title="bbox 1003 2239 1778 2286">
     <span class='ocr_line' id='line_1_90' title="bbox 1003 2239 1778 2286; baseline 0.008 -15"><span class='ocrx_word' id='word_1_663' title='bbox 1003 2245 1037 2271; x_wconf 74' lang='grc' dir='ltr'>ιαὶ</span> <span class='ocrx_word' id='word_1_664' title='bbox 1056 2245 1203 2280; x_wconf 73' lang='grc' dir='ltr'>διψαλέονν</span> <span class='ocrx_word' id='word_1_665' title='bbox 1219 2247 1290 2274; x_wconf 80' lang='grc' dir='ltr'>κατὰ</span> <span class='ocrx_word' id='word_1_666' title='bbox 1312 2248 1368 2283; x_wconf 78' lang='grc' dir='ltr'><strong>γὰρ</strong></span> <span class='ocrx_word' id='word_1_667' title='bbox 1392 2248 1470 2275; x_wconf 74' lang='grc' dir='ltr'>τοῦτο</span> <span class='ocrx_word' id='word_1_668' title='bbox 1495 2250 1541 2275; x_wconf 83' lang='grc' dir='ltr'><strong>καὶ</strong></span> <span class='ocrx_word' id='word_1_669' title='bbox 1567 2251 1581 2276; x_wconf 88' lang='grc' dir='ltr'><strong><em>ὁ</em></strong></span> <span class='ocrx_word' id='word_1_670' title='bbox 1606 2244 1687 2276; x_wconf 69' lang='grc' dir='ltr'>Δισιδ</span> <span class='ocrx_word' id='word_1_671' title='bbox 1716 2239 1778 2286; x_wconf 60' lang='grc' dir='ltr'>περι.</span> 
     </span>
    </p>
   </div>
   <div class='ocr_carea' id='block_1_91' title="bbox 150 2291 602 2325">
    <p class='ocr_par' dir='ltr' id='par_1_91' title="bbox 150 2291 602 2325">
     <span class='ocr_line' id='line_1_91' title="bbox 150 2291 602 2325; baseline -0.002 -6"><span class='ocrx_word' id='word_1_672' title='bbox 150 2298 208 2319; x_wconf 75' lang='lat' dir='ltr'><strong>sua:</strong></span> <span class='ocrx_word' id='word_1_673' title='bbox 222 2291 423 2325; x_wconf 59' lang='lat' dir='ltr'><strong>restinguendae</strong></span> <span class='ocrx_word' id='word_1_674' title='bbox 439 2298 521 2319; x_wconf 80' lang='lat' dir='ltr'><strong>causa</strong></span> <span class='ocrx_word' id='word_1_675' title='bbox 535 2291 570 2319; x_wconf 78' lang='grc' dir='ltr'><strong>⁸ο.</strong></span> <span class='ocrx_word' id='word_1_676' title='bbox 592 2301 602 2318; x_wconf 76' lang='grc' dir='ltr'><strong>ι</strong></span> 
     </span>
    </p>
   </div>
   <div class='ocr_carea' id='block_1_92' title="bbox 186 2380 937 2418">
    <p class='ocr_par' dir='ltr' id='par_1_92' title="bbox 186 2380 937 2418">
     <span class='ocr_line' id='line_1_92' title="bbox 186 2380 937 2418; baseline 0.003 -10"><span class='ocrx_word' id='word_1_677' title='bbox 186 2380 361 2416; x_wconf 80' lang='lat' dir='ltr'><strong>Vulpeculam</strong></span> <span class='ocrx_word' id='word_1_678' title='bbox 374 2381 535 2409; x_wconf 90' lang='lat' dir='ltr'><strong>nutrimenti</strong></span> <span class='ocrx_word' id='word_1_679' title='bbox 562 2381 731 2410; x_wconf 82' lang='lat' dir='ltr'><strong>laborantem</strong></span> <span class='ocrx_word' id='word_1_680' title='bbox 747 2382 837 2418; x_wconf 85' lang='lat' dir='ltr'><strong>inopia</strong></span> <span class='ocrx_word' id='word_1_681' title='bbox 860 2383 937 2418; x_wconf 59' lang='lat' dir='ltr'><strong>supiu</strong></span> 
     </span>
    </p>
   </div>
   <div class='ocr_carea' id='block_1_93' title="bbox 148 2427 937 2462">
    <p class='ocr_par' dir='ltr' id='par_1_93' title="bbox 148 2427 937 2462">
     <span class='ocr_line' id='line_1_93' title="bbox 148 2427 937 2462; baseline 0.001 -7"><span class='ocrx_word' id='word_1_682' title='bbox 148 2435 213 2455; x_wconf 81' lang='lat' dir='ltr'><strong>nam</strong></span> <span class='ocrx_word' id='word_1_683' title='bbox 231 2428 319 2461; x_wconf 74' lang='lat' dir='ltr'><strong>iacere</strong></span> <span class='ocrx_word' id='word_1_684' title='bbox 333 2427 455 2459; x_wconf 88' lang='lat' dir='ltr'><strong>tradttnt,</strong></span> <span class='ocrx_word' id='word_1_685' title='bbox 473 2428 551 2462; x_wconf 89' lang='lat' dir='ltr'><strong>quasi</strong></span> <span class='ocrx_word' id='word_1_686' title='bbox 570 2429 593 2455; x_wconf 90' lang='lat' dir='ltr'><strong>si</strong></span> <span class='ocrx_word' id='word_1_687' title='bbox 617 2427 686 2456; x_wconf 80' lang='lat' dir='ltr'><strong>foret</strong></span> <span class='ocrx_word' id='word_1_688' title='bbox 709 2433 826 2461; x_wconf 86' lang='lat' dir='ltr'><strong>mortua,</strong></span> <span class='ocrx_word' id='word_1_689' title='bbox 843 2428 937 2456; x_wconf 87' lang='lat' dir='ltr'><strong>simul-</strong></span> 
     </span>
    </p>
   </div>
   <div class='ocr_carea' id='block_1_94' title="bbox 147 2473 937 2510">
    <p class='ocr_par' dir='ltr' id='par_1_94' title="bbox 147 2473 937 2510">
     <span class='ocr_line' id='line_1_94' title="bbox 147 2473 937 2510; baseline 0.003 -9"><span class='ocrx_word' id='word_1_690' title='bbox 147 2481 202 2509; x_wconf 89' lang='lat' dir='ltr'><strong>que</strong></span> <span class='ocrx_word' id='word_1_691' title='bbox 215 2473 366 2501; x_wconf 85' lang='lat' dir='ltr'><strong>anhelitum</strong></span> <span class='ocrx_word' id='word_1_692' title='bbox 394 2474 521 2502; x_wconf 86' lang='lat' dir='ltr'><strong>retincre.</strong></span> <span class='ocrx_word' id='word_1_693' title='bbox 547 2474 731 2508; x_wconf 87' lang='lat' dir='ltr'><strong>Quamobrem</strong></span> <span class='ocrx_word' id='word_1_694' title='bbox 758 2476 808 2502; x_wconf 88' lang='lat' dir='ltr'><strong>hac</strong></span> <span class='ocrx_word' id='word_1_695' title='bbox 831 2476 886 2510; x_wconf 83' lang='lat' dir='ltr'><strong>ipsa</strong></span> <span class='ocrx_word' id='word_1_696' title='bbox 903 2476 937 2503; x_wconf 87' lang='lat' dir='ltr'><strong>de</strong></span> 
     </span>
    </p>
   </div>
   <div class='ocr_carea' id='block_1_95' title="bbox 149 2519 938 2556">
    <p class='ocr_par' dir='ltr' id='par_1_95' title="bbox 149 2519 938 2556">
     <span class='ocr_line' id='line_1_95' title="bbox 149 2519 938 2556; baseline 0.001 -8"><span class='ocrx_word' id='word_1_697' title='bbox 149 2528 231 2548; x_wconf 84' lang='lat' dir='ltr'><strong>causa</strong></span> <span class='ocrx_word' id='word_1_698' title='bbox 251 2519 397 2547; x_wconf 88' lang='lat' dir='ltr'><strong>distentam</strong></span> <span class='ocrx_word' id='word_1_699' title='bbox 424 2521 588 2556; x_wconf 64' lang='lat' dir='ltr'><strong>conspicata</strong></span> <span class='ocrx_word' id='word_1_700' title='bbox 611 2521 746 2553; x_wconf 67' lang='lat' dir='ltr'><strong>volucres.</strong></span> <span class='ocrx_word' id='word_1_701' title='bbox 772 2522 799 2548; x_wconf 93' lang='lat' dir='ltr'><strong>in</strong></span> <span class='ocrx_word' id='word_1_702' title='bbox 825 2530 883 2549; x_wconf 72' lang='lat' dir='ltr'><strong>eam</strong></span> <span class='ocrx_word' id='word_1_703' title='bbox 909 2530 938 2549; x_wconf 90' lang='lat' dir='ltr'><strong>se</strong></span> 
     </span>
    </p>
   </div>
   <div class='ocr_carea' id='block_1_96' title="bbox 147 2566 934 2602">
    <p class='ocr_par' dir='ltr' id='par_1_96' title="bbox 147 2566 934 2602">
     <span class='ocr_line' id='line_1_96' title="bbox 147 2566 934 2602; baseline -0.001 -7"><span class='ocrx_word' id='word_1_704' title='bbox 147 2567 295 2595; x_wconf 85' lang='lat' dir='ltr'><strong>demittunt</strong></span> <span class='ocrx_word' id='word_1_705' title='bbox 319 2566 455 2601; x_wconf 78' lang='lat' dir='ltr'><strong>velutjque</strong></span> <span class='ocrx_word' id='word_1_706' title='bbox 479 2572 612 2595; x_wconf 89' lang='lat' dir='ltr'><strong>mortuam</strong></span> <span class='ocrx_word' id='word_1_707' title='bbox 639 2568 783 2602; x_wconf 78' lang='lat' dir='ltr'><strong>attingunt.</strong></span> <span class='ocrx_word' id='word_1_708' title='bbox 803 2566 872 2595; x_wconf 89' lang='lat' dir='ltr'><strong>Tum</strong></span> <span class='ocrx_word' id='word_1_709' title='bbox 889 2568 934 2594; x_wconf 86' lang='lat' dir='ltr'><strong>illa</strong></span> 
     </span>
    </p>
   </div>
   <div class='ocr_carea' id='block_1_97' title="bbox 146 2613 936 2648">
    <p class='ocr_par' dir='ltr' id='par_1_97' title="bbox 146 2613 936 2648">
     <span class='ocr_line' id='line_1_97' title="bbox 146 2613 936 2648; baseline 0 -6"><span class='ocrx_word' id='word_1_710' title='bbox 146 2614 238 2642; x_wconf 85' lang='lat' dir='ltr'><strong>subito</strong></span> <span class='ocrx_word' id='word_1_711' title='bbox 267 2613 413 2644; x_wconf 76' lang='lat' dir='ltr'><strong>rxsiliens,</strong></span> <span class='ocrx_word' id='word_1_712' title='bbox 441 2621 501 2648; x_wconf 55' lang='lat' dir='ltr'><strong>qua!</strong></span> <span class='ocrx_word' id='word_1_713' title='bbox 535 2619 640 2642; x_wconf 87' lang='lat' dir='ltr'><strong>mortua</strong></span> <span class='ocrx_word' id='word_1_714' title='bbox 668 2614 846 2647; x_wconf 78' lang='lat' dir='ltr'><strong>credrbatnr&#39;,</strong></span> <span class='ocrx_word' id='word_1_715' title='bbox 873 2622 936 2642; x_wconf 73' lang='lat' dir='ltr'><strong>aves</strong></span> 
     </span>
    </p>
   </div>
   <div class='ocr_carea' id='block_1_98' title="bbox 145 2660 582 2696">
    <p class='ocr_par' dir='ltr' id='par_1_98' title="bbox 145 2660 582 2696">
     <span class='ocr_line' id='line_1_98' title="bbox 145 2660 582 2696; baseline 0 -8"><span class='ocrx_word' id='word_1_716' title='bbox 145 2660 352 2695; x_wconf 87' lang='lat' dir='ltr'><strong>comprehendit</strong></span> <span class='ocrx_word' id='word_1_717' title='bbox 366 2665 447 2696; x_wconf 85' lang='lat' dir='ltr'><strong>atque</strong></span> <span class='ocrx_word' id='word_1_718' title='bbox 460 2660 582 2688; x_wconf 85' lang='lat' dir='ltr'><strong>devorat.</strong></span> 
     </span>
    </p>
   </div>
   <div class='ocr_carea' id='block_1_99' title="bbox 180 2706 933 2742">
    <p class='ocr_par' dir='ltr' id='par_1_99' title="bbox 180 2706 933 2742">
     <span class='ocr_line' id='line_1_99' title="bbox 180 2706 933 2742; baseline -0.001 -8"><span class='ocrx_word' id='word_1_719' title='bbox 180 2706 268 2742; x_wconf 81' lang='lat' dir='ltr'><strong>Capra</strong></span> <span class='ocrx_word' id='word_1_720' title='bbox 289 2707 423 2735; x_wconf 79' lang='lat' dir='ltr'><strong>silvestris</strong></span> <span class='ocrx_word' id='word_1_721' title='bbox 448 2707 649 2734; x_wconf 76' lang='lat' dir='ltr'><strong>velocissimum</strong></span> <span class='ocrx_word' id='word_1_722' title='bbox 669 2707 770 2735; x_wconf 87' lang='lat' dir='ltr'><strong>animal</strong></span> <span class='ocrx_word' id='word_1_723' title='bbox 796 2711 837 2735; x_wconf 86' lang='lat' dir='ltr'><strong>cst</strong></span> <span class='ocrx_word' id='word_1_724' title='bbox 864 2711 892 2734; x_wconf 89' lang='lat' dir='ltr'><strong>et</strong></span> <span class='ocrx_word' id='word_1_725' title='bbox 907 2707 933 2733; x_wconf 90' lang='lat' dir='ltr'><strong>in</strong></span> 
     </span>
    </p>
   </div>
   <div class='ocr_carea' id='block_1_100' title="bbox 144 2752 935 2788">
    <p class='ocr_par' dir='ltr' id='par_1_100' title="bbox 144 2752 935 2788">
     <span class='ocr_line' id='line_1_100' title="bbox 144 2752 935 2788; baseline 0.004 -11"><span class='ocrx_word' id='word_1_726' title='bbox 144 2752 259 2786; x_wconf 85' lang='lat' dir='ltr'><strong>rupibus</strong></span> <span class='ocrx_word' id='word_1_727' title='bbox 271 2752 353 2788; x_wconf 77' lang='lat' dir='ltr'><strong>degit.</strong></span> <span class='ocrx_word' id='word_1_728' title='bbox 366 2752 472 2786; x_wconf 86' lang='lat' dir='ltr'><strong>Quodsi</strong></span> <span class='ocrx_word' id='word_1_729' title='bbox 486 2752 546 2786; x_wconf 92' lang='lat' dir='ltr'><strong>quis</strong></span> <span class='ocrx_word' id='word_1_730' title='bbox 568 2752 637 2780; x_wconf 80' lang='lat' dir='ltr'><strong>lianc</strong></span> <span class='ocrx_word' id='word_1_731' title='bbox 658 2757 819 2780; x_wconf 86' lang='lat' dir='ltr'><strong>venatorum</strong></span> <span class='ocrx_word' id='word_1_732' title='bbox 844 2760 935 2787; x_wconf 84' lang='lat' dir='ltr'><strong>perse—</strong></span> 
     </span>
    </p>
   </div>
   <div class='ocr_carea' id='block_1_101' title="bbox 141 2798 933 2834">
    <p class='ocr_par' dir='ltr' id='par_1_101' title="bbox 141 2798 933 2834">
     <span class='ocr_line' id='line_1_101' title="bbox 141 2798 933 2834; baseline 0 -10"><span class='ocrx_word' id='word_1_733' title='bbox 141 2802 252 2830; x_wconf 80' lang='lat' dir='ltr'><strong>quatur,</strong></span> <span class='ocrx_word' id='word_1_734' title='bbox 267 2798 293 2825; x_wconf 93' lang='lat' dir='ltr'><strong>in</strong></span> <span class='ocrx_word' id='word_1_735' title='bbox 307 2806 409 2826; x_wconf 87' lang='lat' dir='ltr'><strong>cornua</strong></span> <span class='ocrx_word' id='word_1_736' title='bbox 425 2798 516 2826; x_wconf 87' lang='lat' dir='ltr'><strong>desilit</strong></span> <span class='ocrx_word' id='word_1_737' title='bbox 542 2805 592 2825; x_wconf 86' lang='lat' dir='ltr'><strong>nec</strong></span> <span class='ocrx_word' id='word_1_738' title='bbox 609 2798 763 2826; x_wconf 84' lang='lat' dir='ltr'><strong>detrimenti</strong></span> <span class='ocrx_word' id='word_1_739' title='bbox 787 2798 933 2834; x_wconf 84' lang='lat' dir='ltr'><strong>quidquam</strong></span> 
     </span>
    </p>
   </div>
   <div class='ocr_carea' id='block_1_102' title="bbox 142 2842 252 2877">
    <p class='ocr_par' dir='ltr' id='par_1_102' title="bbox 142 2842 252 2877">
     <span class='ocr_line' id='line_1_102' title="bbox 142 2842 252 2877; baseline 0 -8"><span class='ocrx_word' id='word_1_740' title='bbox 142 2842 252 2877; x_wconf 72' lang='lat' dir='ltr'><strong>accipit.</strong></span> 
     </span>
    </p>
   </div>
   <div class='ocr_carea' id='block_1_103' title="bbox 179 2888 427 2922">
    <p class='ocr_par' dir='ltr' id='par_1_103' title="bbox 179 2888 427 2922">
     <span class='ocr_line' id='line_1_103' title="bbox 179 2888 427 2922; baseline 0.008 -7"><span class='ocrx_word' id='word_1_741' title='bbox 179 2888 201 2904; x_wconf 86' lang='lat'><strong>&quot;</strong></span> <span class='ocrx_word' id='word_1_742' title='bbox 220 2888 290 2916; x_wconf 72' lang='lat' dir='ltr'><strong>l‘sul.</strong></span> <span class='ocrx_word' id='word_1_743' title='bbox 313 2897 369 2922; x_wconf 76' lang='lat' dir='ltr'><strong>cui,</strong></span> <span class='ocrx_word' id='word_1_744' title='bbox 386 2890 427 2917; x_wconf 82' lang='lat' dir='ltr'><strong>ll.</strong></span> 
     </span>
    </p>
   </div>
   <div class='ocr_carea' id='block_1_104' title="bbox 995 2289 1779 2331">
    <p class='ocr_par' dir='ltr' id='par_1_104' title="bbox 995 2289 1779 2331">
     <span class='ocr_line' id='line_1_104' title="bbox 995 2289 1779 2331; baseline 0.01 -16"><span class='ocrx_word' id='word_1_745' title='bbox 995 2289 1100 2316; x_wconf 80' lang='grc' dir='ltr'>ὑδάτων</span> <span class='ocrx_word' id='word_1_746' title='bbox 1114 2290 1220 2323; x_wconf 79' lang='grc' dir='ltr'>διεξιὼν</span> <span class='ocrx_word' id='word_1_747' title='bbox 1234 2291 1307 2318; x_wconf 79' lang='grc' dir='ltr'>οὓτω</span> <span class='ocrx_word' id='word_1_748' title='bbox 1322 2293 1389 2327; x_wconf 74' lang='grc' dir='ltr'>φησι</span> <span class='ocrx_word' id='word_1_749' title='bbox 1403 2301 1410 2308; x_wconf 90' lang='grc'><strong>·</strong></span> <span class='ocrx_word' id='word_1_750' title='bbox 1435 2302 1444 2320; x_wconf 82' lang='grc' dir='ltr'><strong>ι</strong></span> <span class='ocrx_word' id='word_1_751' title='bbox 1457 2294 1653 2330; x_wconf 77' lang='grc' dir='ltr'>Προσδὲξονται</span> <span class='ocrx_word' id='word_1_752' title='bbox 1667 2296 1779 2331; x_wconf 75' lang='grc' dir='ltr'>δνςιγροι</span> 
     </span>
    </p>
   </div>
   <div class='ocr_carea' id='block_1_105' title="bbox 993 2336 1574 2371">
    <p class='ocr_par' dir='ltr' id='par_1_105' title="bbox 993 2336 1574 2371">
     <span class='ocr_line' id='line_1_105' title="bbox 993 2336 1574 2371; baseline 0.005 -9"><span class='ocrx_word' id='word_1_753' title='bbox 993 2336 1033 2367; x_wconf 82' lang='grc' dir='ltr'><strong>είς</strong></span> <span class='ocrx_word' id='word_1_754' title='bbox 1048 2336 1128 2371; x_wconf 72' lang='grc' dir='ltr'>δίψαν</span> <span class='ocrx_word' id='word_1_755' title='bbox 1145 2337 1244 2365; x_wconf 78' lang='grc' dir='ltr'>αὐτῶν.</span> <span class='ocrx_word' id='word_1_756' title='bbox 1268 2347 1277 2363; x_wconf 80' lang='grc' dir='ltr'><strong>ι</strong></span> <span class='ocrx_word' id='word_1_757' title='bbox 1571 2336 1574 2338; x_wconf 41' lang='grc'>⁷</span> 
     </span>
    </p>
   </div>
   <div class='ocr_carea' id='block_1_106' title="bbox 1026 2383 1777 2424">
    <p class='ocr_par' dir='ltr' id='par_1_106' title="bbox 1026 2383 1777 2424">
     <span class='ocr_line' id='line_1_106' title="bbox 1026 2383 1777 2424; baseline 0.007 -14"><span class='ocrx_word' id='word_1_758' title='bbox 1026 2383 1143 2417; x_wconf 79' lang='grc' dir='ltr'>Λέγεται</span> <span class='ocrx_word' id='word_1_759' title='bbox 1161 2384 1190 2410; x_wconf 85' lang='grc' dir='ltr'>δὲ</span> <span class='ocrx_word' id='word_1_760' title='bbox 1208 2385 1254 2411; x_wconf 73' lang='grc' dir='ltr'>καὶ</span> <span class='ocrx_word' id='word_1_761' title='bbox 1269 2385 1319 2420; x_wconf 84' lang='grc' dir='ltr'>τὴν</span> <span class='ocrx_word' id='word_1_762' title='bbox 1335 2386 1466 2413; x_wconf 73' lang='grc' dir='ltr'>ἀλώπεκα</span> <span class='ocrx_word' id='word_1_763' title='bbox 1485 2387 1638 2423; x_wconf 72' lang='grc' dir='ltr'>βρωμάτων</span> <span class='ocrx_word' id='word_1_764' title='bbox 1656 2388 1777 2424; x_wconf 76' lang='grc' dir='ltr'>ἀποροῦ-</span> 
     </span>
    </p>
   </div>
   <div class='ocr_carea' id='block_1_107' title="bbox 994 2430 1777 2470">
    <p class='ocr_par' dir='ltr' id='par_1_107' title="bbox 994 2430 1777 2470">
     <span class='ocr_line' id='line_1_107' title="bbox 994 2430 1777 2470; baseline 0.008 -15"><span class='ocrx_word' id='word_1_765' title='bbox 994 2437 1045 2456; x_wconf 85' lang='grc' dir='ltr'><strong>σαν</strong></span> <span class='ocrx_word' id='word_1_766' title='bbox 1069 2430 1167 2456; x_wconf 76' lang='grc' dir='ltr'>ὑτιτίαν</span> <span class='ocrx_word' id='word_1_767' title='bbox 1195 2431 1307 2457; x_wconf 77' lang='grc' dir='ltr'>πίπτειν</span> <span class='ocrx_word' id='word_1_768' title='bbox 1333 2432 1400 2458; x_wconf 74' lang='grc' dir='ltr'>ὡσεὶ</span> <span class='ocrx_word' id='word_1_769' title='bbox 1427 2434 1528 2469; x_wconf 79' lang='grc' dir='ltr'>νεκρὰν</span> <span class='ocrx_word' id='word_1_770' title='bbox 1555 2435 1602 2462; x_wconf 77' lang='grc' dir='ltr'><strong>καὶ</strong></span> <span class='ocrx_word' id='word_1_771' title='bbox 1630 2436 1777 2470; x_wconf 77' lang='grc' dir='ltr'>φυσᾶσθαι,</span> 
     </span>
    </p>
   </div>
   <div class='ocr_carea' id='block_1_108' title="bbox 994 2475 1777 2514">
    <p class='ocr_par' dir='ltr' id='par_1_108' title="bbox 994 2475 1777 2514">
     <span class='ocr_line' id='line_1_108' title="bbox 994 2475 1777 2514; baseline 0.008 -13"><span class='ocrx_word' id='word_1_772' title='bbox 994 2475 1139 2502; x_wconf 77' lang='grc' dir='ltr'>κάντεῦθεν</span> <span class='ocrx_word' id='word_1_773' title='bbox 1154 2476 1352 2512; x_wconf 82' lang='grc' dir='ltr'>διογκουμένην</span> <span class='ocrx_word' id='word_1_774' title='bbox 1375 2479 1460 2513; x_wconf 77' lang='grc' dir='ltr'>αὐτὴν</span> <span class='ocrx_word' id='word_1_775' title='bbox 1481 2480 1587 2514; x_wconf 78' lang='grc' dir='ltr'>ὁρῶντα</span> <span class='ocrx_word' id='word_1_776' title='bbox 1612 2482 1645 2507; x_wconf 73' lang='grc' dir='ltr'><strong>τὰ</strong></span> <span class='ocrx_word' id='word_1_777' title='bbox 1668 2482 1777 2508; x_wconf 77' lang='grc' dir='ltr'>πετεινὰ</span> 
     </span>
    </p>
   </div>
   <div class='ocr_carea' id='block_1_109' title="bbox 991 2523 1776 2561">
    <p class='ocr_par' dir='ltr' id='par_1_109' title="bbox 991 2523 1776 2561">
     <span class='ocr_line' id='line_1_109' title="bbox 991 2523 1776 2561; baseline 0.008 -13"><span class='ocrx_word' id='word_1_778' title='bbox 991 2523 1180 2550; x_wconf 66' lang='grc' dir='ltr'>ἐπιϐαίνουσιν</span> <span class='ocrx_word' id='word_1_779' title='bbox 1216 2524 1301 2558; x_wconf 74' lang='grc' dir='ltr'>αὐτῆς</span> <span class='ocrx_word' id='word_1_780' title='bbox 1329 2524 1377 2551; x_wconf 76' lang='grc' dir='ltr'>καὶ</span> <span class='ocrx_word' id='word_1_781' title='bbox 1410 2525 1476 2551; x_wconf 75' lang='grc' dir='ltr'>ὡσεὶ</span> <span class='ocrx_word' id='word_1_782' title='bbox 1505 2527 1606 2561; x_wconf 77' lang='grc' dir='ltr'>νεκρᾶς</span> <span class='ocrx_word' id='word_1_783' title='bbox 1634 2526 1776 2554; x_wconf 74' lang='grc' dir='ltr'>ἂπτονται.</span> 
     </span>
    </p>
   </div>
   <div class='ocr_carea' id='block_1_110' title="bbox 995 2570 1775 2608">
    <p class='ocr_par' dir='ltr' id='par_1_110' title="bbox 995 2570 1775 2608">
     <span class='ocr_line' id='line_1_110' title="bbox 995 2570 1775 2608; baseline 0.006 -12"><span class='ocrx_word' id='word_1_784' title='bbox 995 2570 1195 2605; x_wconf 78' lang='grc' dir='ltr'>Ἐκπηδήσασα</span> <span class='ocrx_word' id='word_1_785' title='bbox 1207 2570 1253 2597; x_wconf 81' lang='grc' dir='ltr'>οὖν</span> <span class='ocrx_word' id='word_1_786' title='bbox 1275 2570 1375 2606; x_wconf 79' lang='grc' dir='ltr'>αἴφνης</span> <span class='ocrx_word' id='word_1_787' title='bbox 1391 2572 1408 2606; x_wconf 81' lang='grc' dir='ltr'>ἡ</span> <span class='ocrx_word' id='word_1_788' title='bbox 1420 2572 1505 2607; x_wconf 70' lang='grc' dir='ltr'>νεκρὰ</span> <span class='ocrx_word' id='word_1_789' title='bbox 1529 2572 1713 2608; x_wconf 75' lang='grc' dir='ltr'>συλλαμὸἀνει</span> <span class='ocrx_word' id='word_1_790' title='bbox 1729 2575 1775 2601; x_wconf 77' lang='grc' dir='ltr'>καὶ</span> 
     </span>
    </p>
   </div>
   <div class='ocr_carea' id='block_1_111' title="bbox 990 2617 1224 2644">
    <p class='ocr_par' dir='ltr' id='par_1_111' title="bbox 990 2617 1224 2644">
     <span class='ocr_line' id='line_1_111' title="bbox 990 2617 1224 2644; baseline 0.004 -1"><span class='ocrx_word' id='word_1_791' title='bbox 990 2617 1128 2644; x_wconf 78' lang='grc' dir='ltr'>κατεσθίει</span> <span class='ocrx_word' id='word_1_792' title='bbox 1144 2617 1224 2644; x_wconf 67' lang='grc' dir='ltr'>αὑτά.</span> 
     </span>
    </p>
   </div>
   <div class='ocr_carea' id='block_1_112' title="bbox 1032 2707 1775 2749">
    <p class='ocr_par' dir='ltr' id='par_1_112' title="bbox 1032 2707 1775 2749">
     <span class='ocr_line' id='line_1_112' title="bbox 1032 2707 1775 2749; baseline 0.009 -16"><span class='ocrx_word' id='word_1_793' title='bbox 1032 2707 1113 2734; x_wconf 80' lang='grc' dir='ltr'>Ἀλλὰ</span> <span class='ocrx_word' id='word_1_794' title='bbox 1137 2707 1270 2743; x_wconf 80' lang='grc' dir='ltr'>αίγαγρος</span> <span class='ocrx_word' id='word_1_795' title='bbox 1293 2708 1445 2743; x_wconf 73' lang='grc' dir='ltr'>τσχύῖατόν</span> <span class='ocrx_word' id='word_1_796' title='bbox 1469 2709 1527 2736; x_wconf 78' lang='grc' dir='ltr'>ἐστι</span> <span class='ocrx_word' id='word_1_797' title='bbox 1542 2710 1612 2743; x_wconf 81' lang='grc' dir='ltr'>ζῶον</span> <span class='ocrx_word' id='word_1_798' title='bbox 1634 2713 1681 2739; x_wconf 71' lang='grc' dir='ltr'>καὶ</span> <span class='ocrx_word' id='word_1_799' title='bbox 1702 2713 1775 2749; x_wconf 73' lang='grc' dir='ltr'>παρὰ</span> 
     </span>
    </p>
   </div>
   <div class='ocr_carea' id='block_1_113' title="bbox 989 2754 1774 2791">
    <p class='ocr_par' dir='ltr' id='par_1_113' title="bbox 989 2754 1774 2791">
     <span class='ocr_line' id='line_1_113' title="bbox 989 2754 1774 2791; baseline 0.01 -12"><span class='ocrx_word' id='word_1_800' title='bbox 989 2754 1046 2784; x_wconf 82' lang='grc' dir='ltr'>τοῖς</span> <span class='ocrx_word' id='word_1_801' title='bbox 1069 2755 1202 2789; x_wconf 69' lang='grc' dir='ltr'>κρημνοῖς</span> <span class='ocrx_word' id='word_1_802' title='bbox 1224 2754 1328 2788; x_wconf 75' lang='grc' dir='ltr'>διάγον,</span> <span class='ocrx_word' id='word_1_803' title='bbox 1347 2755 1513 2791; x_wconf 80' lang='grc' dir='ltr'>διωκόμενον</span> <span class='ocrx_word' id='word_1_804' title='bbox 1533 2757 1561 2784; x_wconf 71' lang='grc' dir='ltr'>δὲ</span> <span class='ocrx_word' id='word_1_805' title='bbox 1582 2758 1692 2786; x_wconf 75' lang='grc' dir='ltr'>ἅλλεται</span> <span class='ocrx_word' id='word_1_806' title='bbox 1706 2761 1774 2787; x_wconf 68' lang='grc' dir='ltr'>κατὰ</span> 
     </span>
    </p>
   </div>
   <div class='ocr_carea' id='block_1_114' title="bbox 989 2799 1384 2833">
    <p class='ocr_par' dir='ltr' id='par_1_114' title="bbox 989 2799 1384 2833">
     <span class='ocr_line' id='line_1_114' title="bbox 989 2799 1384 2833; baseline 0.008 -9"><span class='ocrx_word' id='word_1_807' title='bbox 989 2799 1123 2833; x_wconf 73' lang='grc' dir='ltr'>κεράτιον,</span> <span class='ocrx_word' id='word_1_808' title='bbox 1137 2800 1181 2827; x_wconf 68' lang='grc' dir='ltr'><strong>καὶ</strong></span> <span class='ocrx_word' id='word_1_809' title='bbox 1193 2801 1224 2826; x_wconf 83' lang='grc' dir='ltr'>οὐ</span> <span class='ocrx_word' id='word_1_810' title='bbox 1236 2800 1384 2827; x_wconf 64' lang='lat' dir='ltr'><strong>suetam.</strong></span> 
     </span>
    </p>
   </div>
  </div>
