  <div class='ocr_page' id='page_1' title='image "/cluster/home/n/w/nwhite01/storage/ocr_20150623/158/njp.32101077773230/102.png"; bbox 0 0 1957 3073; ppageno 0'>
   <div class='ocr_carea' id='block_1_1' title="bbox 173 165 1157 216">
    <p class='ocr_par' dir='ltr' id='par_1_1' title="bbox 173 165 1157 216">
     <span class='ocr_line' id='line_1_1' title="bbox 173 165 1157 216; baseline 0.016 -17"><span class='ocrx_word' id='word_1_1' title='bbox 173 165 217 199; x_wconf 69' lang='grc' dir='ltr'><strong>ιιι</strong></span> <span class='ocrx_word' id='word_1_2' title='bbox 792 180 994 212; x_wconf 77' lang='lat' dir='ltr'><strong>ANNALIUM</strong></span> <span class='ocrx_word' id='word_1_3' title='bbox 1015 183 1112 213; x_wconf 70' lang='lat' dir='ltr'><strong>PARS</strong></span> <span class='ocrx_word' id='word_1_4' title='bbox 1133 185 1157 216; x_wconf 77' lang='grc' dir='ltr'><strong>Ι.</strong></span> 
     </span>
    </p>
   </div>
   <div class='ocr_carea' id='block_1_2' title="bbox 1725 188 1780 221">
    <p class='ocr_par' dir='ltr' id='par_1_2' title="bbox 1725 188 1780 221">
     <span class='ocr_line' id='line_1_2' title="bbox 1725 188 1780 221; baseline 0.036 -2"><span class='ocrx_word' id='word_1_5' title='bbox 1725 188 1780 221; x_wconf 62' lang='grc' dir='ltr'><strong>ΗΞ</strong></span> 
     </span>
    </p>
   </div>
   <div class='ocr_carea' id='block_1_3' title="bbox 198 226 941 280">
    <p class='ocr_par' dir='ltr' id='par_1_3' title="bbox 198 226 934 280">
     <span class='ocr_line' id='line_1_3' title="bbox 198 226 934 280; baseline 0.018 -27"><span class='ocrx_word' id='word_1_6' title='bbox 198 226 312 280; x_wconf 67' lang='grc' dir='ltr'><strong>Γξνωσκε</strong></span> <span class='ocrx_word' id='word_1_7' title='bbox 327 228 355 256; x_wconf 79' lang='grc' dir='ltr'><strong>δὲ</strong></span> <span class='ocrx_word' id='word_1_8' title='bbox 371 226 538 268; x_wconf 49' lang='grc' dir='ltr'><strong>ὅτίέκάστῳ</strong></span> <span class='ocrx_word' id='word_1_9' title='bbox 550 233 602 260; x_wconf 77' lang='grc' dir='ltr'><strong>τῶν</strong></span> <span class='ocrx_word' id='word_1_10' title='bbox 624 235 711 268; x_wconf 80' lang='grc' dir='ltr'>ζώων,</span> <span class='ocrx_word' id='word_1_11' title='bbox 720 237 790 264; x_wconf 80' lang='grc' dir='ltr'><strong>καθὰ</strong></span> <span class='ocrx_word' id='word_1_12' title='bbox 806 237 838 273; x_wconf 84' lang='grc' dir='ltr'><strong>δὴ</strong></span> <span class='ocrx_word' id='word_1_13' title='bbox 856 239 901 265; x_wconf 80' lang='grc' dir='ltr'><strong>καὶ</strong></span> <span class='ocrx_word' id='word_1_14' title='bbox 921 238 934 264; x_wconf 83' lang='grc' dir='ltr'><strong>ό</strong></span> 
     </span>
    </p>
   </div>
   <div class='ocr_carea' id='block_1_4' title="bbox 993 226 1773 280">
    <p class='ocr_par' dir='ltr' id='par_1_4' title="bbox 1022 239 1773 280">
     <span class='ocr_line' id='line_1_4' title="bbox 1022 239 1773 280; baseline 0.008 -14"><span class='ocrx_word' id='word_1_15' title='bbox 1022 239 1097 267; x_wconf 84' lang='lat' dir='ltr'><strong>Scias</strong></span> <span class='ocrx_word' id='word_1_16' title='bbox 1108 244 1198 268; x_wconf 83' lang='lat' dir='ltr'><strong>autent</strong></span> <span class='ocrx_word' id='word_1_17' title='bbox 1222 242 1336 277; x_wconf 79' lang='lat' dir='ltr'><strong>singulis</strong></span> <span class='ocrx_word' id='word_1_18' title='bbox 1354 244 1530 277; x_wconf 75' lang='lat' dir='ltr'><strong>animalibus,</strong></span> <span class='ocrx_word' id='word_1_19' title='bbox 1546 245 1773 280; x_wconf 76' lang='lat' dir='ltr'><strong>quemadmodum</strong></span> 
     </span>
    </p>
   </div>
   <div class='ocr_carea' id='block_1_5' title="bbox 170 272 939 318">
    <p class='ocr_par' dir='ltr' id='par_1_5' title="bbox 170 272 939 318">
     <span class='ocr_line' id='line_1_5' title="bbox 170 272 939 318; baseline 0.02 -21"><span class='ocrx_word' id='word_1_20' title='bbox 170 272 291 307; x_wconf 79' lang='grc' dir='ltr'><strong>Νεμέσιός</strong></span> <span class='ocrx_word' id='word_1_21' title='bbox 307 284 384 309; x_wconf 73' lang='grc' dir='ltr'><strong>φησι,</strong></span> <span class='ocrx_word' id='word_1_22' title='bbox 400 278 518 314; x_wconf 75' lang='grc' dir='ltr'><strong>φυσικὴν</strong></span> <span class='ocrx_word' id='word_1_23' title='bbox 530 279 560 305; x_wconf 84' lang='grc' dir='ltr'><strong>οὑ</strong></span> <span class='ocrx_word' id='word_1_24' title='bbox 574 279 687 314; x_wconf 80' lang='grc' dir='ltr'><strong>λογικὴν</strong></span> <span class='ocrx_word' id='word_1_25' title='bbox 704 283 816 318; x_wconf 78' lang='grc' dir='ltr'><strong>ἐνέθηκε</strong></span> <span class='ocrx_word' id='word_1_26' title='bbox 831 272 939 311; x_wconf 84' lang='grc' dir='ltr'><strong>σύνεσιν</strong></span> 
     </span>
    </p>
   </div>
   <div class='ocr_carea' id='block_1_6' title="bbox 169 318 938 365">
    <p class='ocr_par' dir='ltr' id='par_1_6' title="bbox 169 318 938 365">
     <span class='ocr_line' id='line_1_6' title="bbox 169 318 938 365; baseline 0.02 -22"><span class='ocrx_word' id='word_1_27' title='bbox 169 318 260 365; x_wconf 57' lang='grc' dir='ltr'><strong>ὀρεύς.</strong></span> <span class='ocrx_word' id='word_1_28' title='bbox 279 319 341 346; x_wconf 76' lang='grc' dir='ltr'><strong>Τισὶ</strong></span> <span class='ocrx_word' id='word_1_29' title='bbox 354 321 383 347; x_wconf 83' lang='grc' dir='ltr'><strong>δὲ</strong></span> <span class='ocrx_word' id='word_1_30' title='bbox 400 323 446 348; x_wconf 83' lang='grc' dir='ltr'><strong>καὶ</strong></span> <span class='ocrx_word' id='word_1_31' title='bbox 467 326 638 360; x_wconf 71' lang='grc' dir='ltr'><strong>πανουργίας</strong></span> <span class='ocrx_word' id='word_1_32' title='bbox 654 328 781 355; x_wconf 74' lang='grc' dir='ltr'><strong>ἐνέϐαλεν</strong></span> <span class='ocrx_word' id='word_1_33' title='bbox 794 330 874 365; x_wconf 81' lang='grc' dir='ltr'><strong>-ὑπὲρ</strong></span> <span class='ocrx_word' id='word_1_34' title='bbox 891 332 938 357; x_wconf 84' lang='grc' dir='ltr'><strong>τοῦ</strong></span> 
     </span>
    </p>
   </div>
   <div class='ocr_carea' id='block_1_7' title="bbox 169 363 940 408">
    <p class='ocr_par' dir='ltr' id='par_1_7' title="bbox 169 363 940 408">
     <span class='ocr_line' id='line_1_7' title="bbox 169 363 940 408; baseline 0.019 -20"><span class='ocrx_word' id='word_1_35' title='bbox 169 363 206 389; x_wconf 80' lang='grc' dir='ltr'><strong>καὶ</strong></span> <span class='ocrx_word' id='word_1_36' title='bbox 226 364 275 396; x_wconf 78' lang='grc' dir='ltr'><strong>τὰς</strong></span> <span class='ocrx_word' id='word_1_37' title='bbox 297 366 451 400; x_wconf 79' lang='grc' dir='ltr'><strong>ὲνεστώσοις</strong></span> <span class='ocrx_word' id='word_1_38' title='bbox 479 370 626 403; x_wconf 75' lang='grc' dir='ltr'><strong>ἐπιϐουλὰς</strong></span> <span class='ocrx_word' id='word_1_39' title='bbox 649 373 784 401; x_wconf 73' lang='grc' dir='ltr'><strong>ἐκκλίνειν</strong></span> <span class='ocrx_word' id='word_1_40' title='bbox 817 363 875 405; x_wconf 49' lang='grc' dir='ltr'><strong>καί.</strong></span> <span class='ocrx_word' id='word_1_41' title='bbox 890 377 940 408; x_wconf 71' lang='grc' dir='ltr'><strong>τὰς</strong></span> 
     </span>
    </p>
   </div>
   <div class='ocr_carea' id='block_1_8' title="bbox 170 409 940 455">
    <p class='ocr_par' dir='ltr' id='par_1_8' title="bbox 170 409 940 455">
     <span class='ocr_line' id='line_1_8' title="bbox 170 409 940 455; baseline 0.018 -20"><span class='ocrx_word' id='word_1_42' title='bbox 170 409 308 443; x_wconf 75' lang='grc' dir='ltr'><strong>μελλούσας</strong></span> <span class='ocrx_word' id='word_1_43' title='bbox 333 415 583 448; x_wconf 77' lang='grc' dir='ltr'><strong>προφυλάττεσθαι.</strong></span> <span class='ocrx_word' id='word_1_44' title='bbox 608 419 669 445; x_wconf 86' lang='grc' dir='ltr'><strong>Ὅτι</strong></span> <span class='ocrx_word' id='word_1_45' title='bbox 697 419 724 446; x_wconf 82' lang='grc' dir='ltr'>δὲ</span> <span class='ocrx_word' id='word_1_46' title='bbox 756 422 879 455; x_wconf 81' lang='grc' dir='ltr'><strong>φυσικῶς</strong></span> <span class='ocrx_word' id='word_1_47' title='bbox 907 422 940 449; x_wconf 76' lang='grc' dir='ltr'><strong>τὰ</strong></span> 
     </span>
    </p>
   </div>
   <div class='ocr_carea' id='block_1_9' title="bbox 167 456 940 503">
    <p class='ocr_par' dir='ltr' id='par_1_9' title="bbox 167 456 940 503">
     <span class='ocr_line' id='line_1_9' title="bbox 167 456 940 503; baseline 0.018 -22"><span class='ocrx_word' id='word_1_48' title='bbox 167 456 266 483; x_wconf 81' lang='grc' dir='ltr'><strong>τοιαῦτα</strong></span> <span class='ocrx_word' id='word_1_49' title='bbox 285 459 334 485; x_wconf 78' lang='grc' dir='ltr'><strong>καὶ</strong></span> <span class='ocrx_word' id='word_1_50' title='bbox 347 460 377 486; x_wconf 85' lang='grc' dir='ltr'><strong>οὐ</strong></span> <span class='ocrx_word' id='word_1_51' title='bbox 395 460 513 494; x_wconf 82' lang='grc' dir='ltr'><strong>λογικῶς</strong></span> <span class='ocrx_word' id='word_1_52' title='bbox 527 464 669 498; x_wconf 74' lang='grc' dir='ltr'><strong>ἐνεργοῦσι</strong></span> <span class='ocrx_word' id='word_1_53' title='bbox 683 466 716 492; x_wconf 83' lang='grc' dir='ltr'><strong>τὰ</strong></span> <span class='ocrx_word' id='word_1_54' title='bbox 730 467 797 500; x_wconf 82' lang='grc' dir='ltr'><strong>ζῶα,</strong></span> <span class='ocrx_word' id='word_1_55' title='bbox 813 467 892 503; x_wconf 85' lang='grc' dir='ltr'><strong>δῆλον</strong></span> <span class='ocrx_word' id='word_1_56' title='bbox 908 470 940 495; x_wconf 79' lang='grc' dir='ltr'><strong>ὲκ</strong></span> 
     </span>
    </p>
   </div>
   <div class='ocr_carea' id='block_1_10' title="bbox 168 501 939 547">
    <p class='ocr_par' dir='ltr' id='par_1_10' title="bbox 168 501 939 547">
     <span class='ocr_line' id='line_1_10' title="bbox 168 501 939 547; baseline 0.018 -20"><span class='ocrx_word' id='word_1_57' title='bbox 168 501 206 527; x_wconf 75' lang='grc' dir='ltr'><strong>τοῦ</strong></span> <span class='ocrx_word' id='word_1_58' title='bbox 225 504 282 529; x_wconf 85' lang='grc' dir='ltr'><strong>κατ’</strong></span> <span class='ocrx_word' id='word_1_59' title='bbox 302 502 371 537; x_wconf 81' lang='grc' dir='ltr'><strong>εἶδος</strong></span> <span class='ocrx_word' id='word_1_60' title='bbox 389 506 505 534; x_wconf 73' lang='grc' dir='ltr'><strong>ἕκαστον</strong></span> <span class='ocrx_word' id='word_1_61' title='bbox 525 509 595 540; x_wconf 83' lang='grc' dir='ltr'><strong>ζῶον</strong></span> <span class='ocrx_word' id='word_1_62' title='bbox 615 511 716 545; x_wconf 78' lang='grc' dir='ltr'><strong>ὁμοίως</strong></span> <span class='ocrx_word' id='word_1_63' title='bbox 737 507 825 542; x_wconf 82' lang='grc' dir='ltr'><strong>ταῦτα</strong></span> <span class='ocrx_word' id='word_1_64' title='bbox 841 515 939 547; x_wconf 83' lang='grc' dir='ltr'><strong>ποιεῖν,</strong></span> 
     </span>
    </p>
   </div>
   <div class='ocr_carea' id='block_1_11' title="bbox 169 549 942 595">
    <p class='ocr_par' dir='ltr' id='par_1_11' title="bbox 169 549 942 595">
     <span class='ocr_line' id='line_1_11' title="bbox 169 549 942 595; baseline 0.018 -22"><span class='ocrx_word' id='word_1_65' title='bbox 169 549 207 574; x_wconf 72' lang='grc' dir='ltr'><strong>καὶ</strong></span> <span class='ocrx_word' id='word_1_66' title='bbox 223 549 259 584; x_wconf 78' lang='grc' dir='ltr'><strong>μὴ</strong></span> <span class='ocrx_word' id='word_1_67' title='bbox 274 549 441 579; x_wconf 64' lang='grc' dir='ltr'><strong>διαλλάττειν</strong></span> <span class='ocrx_word' id='word_1_68' title='bbox 460 554 550 582; x_wconf 81' lang='grc' dir='ltr'><strong>αὐτῶν</strong></span> <span class='ocrx_word' id='word_1_69' title='bbox 570 557 598 582; x_wconf 78' lang='grc' dir='ltr'><strong>ὲν</strong></span> <span class='ocrx_word' id='word_1_70' title='bbox 615 557 655 592; x_wconf 85' lang='grc' dir='ltr'><strong>τῷ</strong></span> <span class='ocrx_word' id='word_1_71' title='bbox 677 558 774 593; x_wconf 82' lang='grc' dir='ltr'><strong>πλήθει</strong></span> <span class='ocrx_word' id='word_1_72' title='bbox 793 559 843 591; x_wconf 81' lang='grc' dir='ltr'><strong>τὰς</strong></span> <span class='ocrx_word' id='word_1_73' title='bbox 863 561 942 595; x_wconf 66' lang='grc' dir='ltr'><strong>ἐνερ-</strong></span> 
     </span>
    </p>
   </div>
   <div class='ocr_carea' id='block_1_12' title="bbox 169 594 941 639">
    <p class='ocr_par' dir='ltr' id='par_1_12' title="bbox 169 594 941 639">
     <span class='ocr_line' id='line_1_12' title="bbox 169 594 941 639; baseline 0.019 -19"><span class='ocrx_word' id='word_1_74' title='bbox 169 594 246 627; x_wconf 82' lang='grc' dir='ltr'><strong>γείας,</strong></span> <span class='ocrx_word' id='word_1_75' title='bbox 263 597 331 623; x_wconf 85' lang='grc' dir='ltr'><strong>ἀλλὰ</strong></span> <span class='ocrx_word' id='word_1_76' title='bbox 354 599 400 624; x_wconf 79' lang='grc' dir='ltr'><strong>καὶ</strong></span> <span class='ocrx_word' id='word_1_77' title='bbox 431 601 502 628; x_wconf 83' lang='grc' dir='ltr'><strong>κατὰ</strong></span> <span class='ocrx_word' id='word_1_78' title='bbox 530 601 596 636; x_wconf 78' lang='grc' dir='ltr'><strong>μίαν</strong></span> <span class='ocrx_word' id='word_1_79' title='bbox 623 604 712 639; x_wconf 72' lang='grc' dir='ltr'><strong>ὁρμὴν</strong></span> <span class='ocrx_word' id='word_1_80' title='bbox 731 606 792 632; x_wconf 79' lang='grc' dir='ltr'><strong>ὅλον</strong></span> <span class='ocrx_word' id='word_1_81' title='bbox 819 607 849 633; x_wconf 82' lang='grc' dir='ltr'><strong>τὸ</strong></span> <span class='ocrx_word' id='word_1_82' title='bbox 871 594 941 638; x_wconf 74' lang='grc' dir='ltr'><strong>εἶδος</strong></span> 
     </span>
    </p>
   </div>
   <div class='ocr_carea' id='block_1_13' title="bbox 169 642 941 687">
    <p class='ocr_par' dir='ltr' id='par_1_13' title="bbox 169 642 941 687">
     <span class='ocr_line' id='line_1_13' title="bbox 169 642 941 687; baseline 0.018 -21"><span class='ocrx_word' id='word_1_83' title='bbox 169 642 313 669; x_wconf 77' lang='grc' dir='ltr'><strong>κινεῖσθαι·</strong></span> <span class='ocrx_word' id='word_1_84' title='bbox 345 646 400 676; x_wconf 77' lang='grc' dir='ltr'><strong>πᾶς</strong></span> <span class='ocrx_word' id='word_1_85' title='bbox 427 647 482 682; x_wconf 77' lang='grc' dir='ltr'><strong>γὰρ</strong></span> <span class='ocrx_word' id='word_1_86' title='bbox 509 648 615 681; x_wconf 79' lang='grc' dir='ltr'><strong>λαγωὸς</strong></span> <span class='ocrx_word' id='word_1_87' title='bbox 642 651 742 685; x_wconf 76' lang='grc' dir='ltr'><strong>ὁμοίως</strong></span> <span class='ocrx_word' id='word_1_88' title='bbox 768 653 941 687; x_wconf 76' lang='grc' dir='ltr'><strong>τεχνάζεται,</strong></span> 
     </span>
    </p>
   </div>
   <div class='ocr_carea' id='block_1_14' title="bbox 167 687 941 734">
    <p class='ocr_par' dir='ltr' id='par_1_14' title="bbox 167 687 941 734">
     <span class='ocr_line' id='line_1_14' title="bbox 167 687 941 734; baseline 0.019 -22"><span class='ocrx_word' id='word_1_89' title='bbox 167 687 274 734; x_wconf 16' lang='grc' dir='ltr'><strong>καὶνπᾱς</strong></span> <span class='ocrx_word' id='word_1_90' title='bbox 294 689 376 721; x_wconf 83' lang='grc' dir='ltr'><strong>λύκος</strong></span> <span class='ocrx_word' id='word_1_91' title='bbox 391 692 492 726; x_wconf 81' lang='grc' dir='ltr'><strong>ὁμοίως</strong></span> <span class='ocrx_word' id='word_1_92' title='bbox 512 697 676 729; x_wconf 79' lang='grc' dir='ltr'><strong>πανουργεῖ,</strong></span> <span class='ocrx_word' id='word_1_93' title='bbox 691 697 739 724; x_wconf 76' lang='grc' dir='ltr'><strong>καὶ</strong></span> <span class='ocrx_word' id='word_1_94' title='bbox 758 699 813 730; x_wconf 81' lang='grc' dir='ltr'><strong>πᾶς</strong></span> <span class='ocrx_word' id='word_1_95' title='bbox 823 699 941 734; x_wconf 80' lang='grc' dir='ltr'><strong>πίθηκος</strong></span> 
     </span>
    </p>
   </div>
   <div class='ocr_carea' id='block_1_15' title="bbox 165 732 940 780">
    <p class='ocr_par' dir='ltr' id='par_1_15' title="bbox 165 732 940 780">
     <span class='ocr_line' id='line_1_15' title="bbox 165 732 940 780; baseline 0.018 -22"><span class='ocrx_word' id='word_1_96' title='bbox 165 732 256 766; x_wconf 74' lang='grc' dir='ltr'><strong>ὁμοίως</strong></span> <span class='ocrx_word' id='word_1_97' title='bbox 275 737 411 769; x_wconf 81' lang='grc' dir='ltr'><strong>μιμεῖται.</strong></span> <span class='ocrx_word' id='word_1_98' title='bbox 431 738 519 773; x_wconf 86' lang='grc' dir='ltr'>Ὅπερ</span> <span class='ocrx_word' id='word_1_99' title='bbox 539 740 589 767; x_wconf 75' lang='grc' dir='ltr'><strong>οὐκ</strong></span> <span class='ocrx_word' id='word_1_100' title='bbox 607 741 681 768; x_wconf 81' lang='grc' dir='ltr'><strong>ἔστιν</strong></span> <span class='ocrx_word' id='word_1_101' title='bbox 710 744 754 770; x_wconf 73' lang='grc' dir='ltr'><strong>ἐπ’</strong></span> <span class='ocrx_word' id='word_1_102' title='bbox 771 732 940 780; x_wconf 59' lang='grc' dir='ltr'><strong>ἀνθρώπων</strong></span> 
     </span>
    </p>
   </div>
   <div class='ocr_carea' id='block_1_16' title="bbox 167 779 943 823">
    <p class='ocr_par' dir='ltr' id='par_1_16' title="bbox 167 779 943 823">
     <span class='ocr_line' id='line_1_16' title="bbox 167 779 943 823; baseline 0.021 -19"><span class='ocrx_word' id='word_1_103' title='bbox 167 779 252 813; x_wconf 69' lang='grc' dir='ltr'><strong>μυρίαι</strong></span> <span class='ocrx_word' id='word_1_104' title='bbox 267 783 321 816; x_wconf 74' lang='grc' dir='ltr'><strong>γὰρ</strong></span> <span class='ocrx_word' id='word_1_105' title='bbox 335 783 390 808; x_wconf 83' lang='grc' dir='ltr'><strong>τῶν</strong></span> <span class='ocrx_word' id='word_1_106' title='bbox 401 784 581 819; x_wconf 71' lang='grc' dir='ltr'><strong>ἀνθρωπίνων</strong></span> <span class='ocrx_word' id='word_1_107' title='bbox 592 789 719 823; x_wconf 80' lang='grc' dir='ltr'><strong>πράξεων</strong></span> <span class='ocrx_word' id='word_1_108' title='bbox 730 791 758 817; x_wconf 66' lang='grc' dir='ltr'><strong>αἱ</strong></span> <span class='ocrx_word' id='word_1_109' title='bbox 771 791 836 819; x_wconf 75' lang='grc' dir='ltr'><strong>ὁδοί.</strong></span> <span class='ocrx_word' id='word_1_110' title='bbox 851 792 943 819; x_wconf 84' lang='grc' dir='ltr'><strong>Ἐλεύ-</strong></span> 
     </span>
    </p>
   </div>
   <div class='ocr_carea' id='block_1_17' title="bbox 166 823 942 874">
    <p class='ocr_par' dir='ltr' id='par_1_17' title="bbox 166 823 942 874">
     <span class='ocr_line' id='line_1_17' title="bbox 166 823 942 874; baseline 0.021 -25"><span class='ocrx_word' id='word_1_111' title='bbox 166 823 237 858; x_wconf 74' lang='grc' dir='ltr'><strong>θερον</strong></span> <span class='ocrx_word' id='word_1_112' title='bbox 257 827 309 861; x_wconf 85' lang='grc' dir='ltr'><strong>γάρ</strong></span> <span class='ocrx_word' id='word_1_113' title='bbox 322 836 348 854; x_wconf 90' lang='grc' dir='ltr'><strong>τι</strong></span> <span class='ocrx_word' id='word_1_114' title='bbox 366 830 412 856; x_wconf 80' lang='grc' dir='ltr'><strong>καὶ</strong></span> <span class='ocrx_word' id='word_1_115' title='bbox 430 831 606 863; x_wconf 77' lang='grc' dir='ltr'><strong>αὐτεξούσιον</strong></span> <span class='ocrx_word' id='word_1_116' title='bbox 625 835 654 860; x_wconf 77' lang='grc' dir='ltr'><strong>τὸ</strong></span> <span class='ocrx_word' id='word_1_117' title='bbox 673 835 794 870; x_wconf 64' lang='grc' dir='ltr'><strong>λογικὸν,</strong></span> <span class='ocrx_word' id='word_1_118' title='bbox 811 837 872 864; x_wconf 79' lang='grc' dir='ltr'><strong>ὅθεν</strong></span> <span class='ocrx_word' id='word_1_119' title='bbox 893 838 942 874; x_wconf 69' lang='grc' dir='ltr'><strong>οὐχ</strong></span> 
     </span>
    </p>
   </div>
   <div class='ocr_carea' id='block_1_18' title="bbox 162 869 941 919">
    <p class='ocr_par' dir='ltr' id='par_1_18' title="bbox 162 869 941 919">
     <span class='ocr_line' id='line_1_18' title="bbox 162 869 941 919; baseline 0.021 -24"><span class='ocrx_word' id='word_1_120' title='bbox 162 869 252 919; x_wconf 56' lang='grc' dir='ltr'><strong>ἓνκαὶ</strong></span> <span class='ocrx_word' id='word_1_121' title='bbox 262 872 295 919; x_wconf 57' lang='grc' dir='ltr'><strong>τὸ</strong></span> <span class='ocrx_word' id='word_1_122' title='bbox 315 874 384 905; x_wconf 63' lang='grc' dir='ltr'><strong>αὐτὸ,</strong></span> <span class='ocrx_word' id='word_1_123' title='bbox 401 877 484 909; x_wconf 75' lang='grc' dir='ltr'><strong>πᾶσιν</strong></span> <span class='ocrx_word' id='word_1_124' title='bbox 502 877 583 912; x_wconf 83' lang='grc' dir='ltr'><strong>ἔργον</strong></span> <span class='ocrx_word' id='word_1_125' title='bbox 603 879 769 915; x_wconf 80' lang='grc' dir='ltr'><strong>ἀνθρώποις,</strong></span> <span class='ocrx_word' id='word_1_126' title='bbox 782 882 819 914; x_wconf 84' lang='grc' dir='ltr'><strong>ὡς</strong></span> <span class='ocrx_word' id='word_1_127' title='bbox 834 869 941 919; x_wconf 58' lang='grc' dir='ltr'><strong>ὲκάστιρ</strong></span> 
     </span>
    </p>
   </div>
   <div class='ocr_carea' id='block_1_19' title="bbox 165 915 942 961">
    <p class='ocr_par' dir='ltr' id='par_1_19' title="bbox 165 915 942 961">
     <span class='ocr_line' id='line_1_19' title="bbox 165 915 942 961; baseline 0.019 -21"><span class='ocrx_word' id='word_1_128' title='bbox 165 915 222 942; x_wconf 75' lang='grc' dir='ltr'><strong>εἴδει</strong></span> <span class='ocrx_word' id='word_1_129' title='bbox 240 917 294 943; x_wconf 87' lang='grc' dir='ltr'><strong>τῶν</strong></span> <span class='ocrx_word' id='word_1_130' title='bbox 309 919 416 952; x_wconf 80' lang='grc' dir='ltr'><strong>ἀλόγων</strong></span> <span class='ocrx_word' id='word_1_131' title='bbox 434 920 523 953; x_wconf 79' lang='grc' dir='ltr'><strong>ζώων.</strong></span> <span class='ocrx_word' id='word_1_132' title='bbox 539 923 620 950; x_wconf 75' lang='grc' dir='ltr'><strong>Φύσει</strong></span> <span class='ocrx_word' id='word_1_133' title='bbox 643 925 698 959; x_wconf 77' lang='grc' dir='ltr'><strong>γὰρ</strong></span> <span class='ocrx_word' id='word_1_134' title='bbox 715 926 784 961; x_wconf 80' lang='grc' dir='ltr'><strong>μόνῃ</strong></span> <span class='ocrx_word' id='word_1_135' title='bbox 799 927 884 954; x_wconf 77' lang='grc' dir='ltr'><strong>ταῦτα</strong></span> <span class='ocrx_word' id='word_1_136' title='bbox 900 915 942 955; x_wconf 49' lang='grc' dir='ltr'><strong>κιζ</strong></span> 
     </span>
    </p>
   </div>
   <div class='ocr_carea' id='block_1_20' title="bbox 166 963 941 1008">
    <p class='ocr_par' dir='ltr' id='par_1_20' title="bbox 166 963 941 1008">
     <span class='ocr_line' id='line_1_20' title="bbox 166 963 941 1008; baseline 0.017 -21"><span class='ocrx_word' id='word_1_137' title='bbox 166 963 255 995; x_wconf 75' lang='grc' dir='ltr'><strong>νεῖται,</strong></span> <span class='ocrx_word' id='word_1_138' title='bbox 271 965 305 990; x_wconf 80' lang='grc' dir='ltr'><strong>τὰ</strong></span> <span class='ocrx_word' id='word_1_139' title='bbox 329 966 356 992; x_wconf 80' lang='grc' dir='ltr'><strong>δὲ</strong></span> <span class='ocrx_word' id='word_1_140' title='bbox 373 966 454 1000; x_wconf 82' lang='grc' dir='ltr'><strong>φύσει</strong></span> <span class='ocrx_word' id='word_1_141' title='bbox 473 970 622 1003; x_wconf 82' lang='grc' dir='ltr'><strong>κινούμενα</strong></span> <span class='ocrx_word' id='word_1_142' title='bbox 646 972 748 1006; x_wconf 77' lang='grc' dir='ltr'><strong>ὁμοίως</strong></span> <span class='ocrx_word' id='word_1_143' title='bbox 766 975 841 1008; x_wconf 80' lang='grc' dir='ltr'><strong>παρὰ</strong></span> <span class='ocrx_word' id='word_1_144' title='bbox 857 975 941 1002; x_wconf 81' lang='grc' dir='ltr'><strong>πᾶσιν</strong></span> 
     </span>
    </p>
   </div>
   <div class='ocr_carea' id='block_1_21' title="bbox 163 1007 940 1054">
    <p class='ocr_par' dir='ltr' id='par_1_21' title="bbox 163 1007 940 1054">
     <span class='ocr_line' id='line_1_21' title="bbox 163 1007 940 1054; baseline 0.019 -21"><span class='ocrx_word' id='word_1_145' title='bbox 163 1007 248 1034; x_wconf 79' lang='grc' dir='ltr'><strong>ἐστίν·</strong></span> <span class='ocrx_word' id='word_1_146' title='bbox 266 1010 293 1036; x_wconf 73' lang='grc' dir='ltr'><strong>αι</strong></span> <span class='ocrx_word' id='word_1_147' title='bbox 320 1011 348 1037; x_wconf 82' lang='grc' dir='ltr'><strong>δὲ</strong></span> <span class='ocrx_word' id='word_1_148' title='bbox 377 1012 485 1047; x_wconf 78' lang='grc' dir='ltr'><strong>λογικαὶ</strong></span> <span class='ocrx_word' id='word_1_149' title='bbox 507 1015 621 1050; x_wconf 76' lang='grc' dir='ltr'><strong>πράξεις</strong></span> <span class='ocrx_word' id='word_1_150' title='bbox 644 1013 723 1044; x_wconf 73' lang='grc' dir='ltr'><strong>ἄλλαι</strong></span> <span class='ocrx_word' id='word_1_151' title='bbox 746 1007 813 1054; x_wconf 49' lang='grc' dir='ltr'><strong>ιποιρι</strong></span> <span class='ocrx_word' id='word_1_152' title='bbox 838 1021 940 1052; x_wconf 82' lang='grc' dir='ltr'><strong>ἄλλοις.</strong></span> 
     </span>
    </p>
   </div>
   <div class='ocr_carea' id='block_1_22' title="bbox 165 1054 942 1100">
    <p class='ocr_par' dir='ltr' id='par_1_22' title="bbox 165 1054 942 1100">
     <span class='ocr_line' id='line_1_22' title="bbox 165 1054 942 1100; baseline 0.018 -21"><span class='ocrx_word' id='word_1_153' title='bbox 165 1054 206 1079; x_wconf 76' lang='grc' dir='ltr'><strong>καὶ</strong></span> <span class='ocrx_word' id='word_1_154' title='bbox 223 1055 272 1081; x_wconf 85' lang='grc' dir='ltr'><strong>οὐκ</strong></span> <span class='ocrx_word' id='word_1_155' title='bbox 284 1055 313 1088; x_wconf 74' lang='grc' dir='ltr'><strong>ἐξ</strong></span> <span class='ocrx_word' id='word_1_156' title='bbox 327 1056 450 1092; x_wconf 82' lang='grc' dir='ltr'><strong>ἀνάγκης</strong></span> <span class='ocrx_word' id='word_1_157' title='bbox 466 1059 494 1085; x_wconf 78' lang='grc' dir='ltr'>αἱ</span> <span class='ocrx_word' id='word_1_158' title='bbox 509 1061 592 1087; x_wconf 79' lang='grc' dir='ltr'>αὑταὶ</span> <span class='ocrx_word' id='word_1_159' title='bbox 607 1063 684 1097; x_wconf 81' lang='grc' dir='ltr'><strong>παρὰ</strong></span> <span class='ocrx_word' id='word_1_160' title='bbox 700 1064 779 1091; x_wconf 82' lang='grc' dir='ltr'><strong>πᾶσι.</strong></span> <span class='ocrx_word' id='word_1_161' title='bbox 797 1065 832 1091; x_wconf 85' lang='grc' dir='ltr'><strong>Τὸ</strong></span> <span class='ocrx_word' id='word_1_162' title='bbox 849 1067 942 1100; x_wconf 80' lang='grc' dir='ltr'><strong>μέντοι</strong></span> 
     </span>
    </p>
   </div>
   <div class='ocr_carea' id='block_1_23' title="bbox 164 1100 940 1148">
    <p class='ocr_par' dir='ltr' id='par_1_23' title="bbox 164 1100 940 1148">
     <span class='ocr_line' id='line_1_23' title="bbox 164 1100 940 1148; baseline 0.018 -23"><span class='ocrx_word' id='word_1_163' title='bbox 164 1100 293 1148; x_wconf 50' lang='grc' dir='ltr'><strong>ιιτρὸϐσκιον</strong></span> <span class='ocrx_word' id='word_1_164' title='bbox 313 1102 358 1129; x_wconf 78' lang='grc' dir='ltr'><strong>διὰ</strong></span> <span class='ocrx_word' id='word_1_165' title='bbox 380 1103 460 1130; x_wconf 82' lang='grc' dir='ltr'><strong>τοῦτο</strong></span> <span class='ocrx_word' id='word_1_166' title='bbox 479 1105 589 1138; x_wconf 69' lang='grc' dir='ltr'><strong>λέγεται</strong></span> <span class='ocrx_word' id='word_1_167' title='bbox 617 1109 664 1134; x_wconf 78' lang='grc' dir='ltr'><strong>καὶ</strong></span> <span class='ocrx_word' id='word_1_168' title='bbox 691 1111 768 1143; x_wconf 73' lang='grc' dir='ltr'><strong>παρὰ</strong></span> <span class='ocrx_word' id='word_1_169' title='bbox 791 1112 824 1146; x_wconf 83' lang='grc' dir='ltr'><strong>τῇ</strong></span> <span class='ocrx_word' id='word_1_170' title='bbox 845 1111 940 1148; x_wconf 74' lang='grc' dir='ltr'><strong>Γραφῇ</strong></span> 
     </span>
    </p>
   </div>
   <div class='ocr_carea' id='block_1_24' title="bbox 162 1145 942 1193">
    <p class='ocr_par' dir='ltr' id='par_1_24' title="bbox 162 1145 942 1193">
     <span class='ocr_line' id='line_1_24' title="bbox 162 1145 942 1193; baseline 0.018 -21"><span class='ocrx_word' id='word_1_171' title='bbox 162 1145 270 1180; x_wconf 76' lang='grc' dir='ltr'><strong>ἄκακον,</strong></span> <span class='ocrx_word' id='word_1_172' title='bbox 287 1148 328 1175; x_wconf 84' lang='grc' dir='ltr'><strong>ὅτι</strong></span> <span class='ocrx_word' id='word_1_173' title='bbox 360 1150 468 1178; x_wconf 84' lang='grc' dir='ltr'><strong>σύνεσιν</strong></span> <span class='ocrx_word' id='word_1_174' title='bbox 494 1152 562 1180; x_wconf 77' lang='grc' dir='ltr'><strong>ἰδίαν</strong></span> <span class='ocrx_word' id='word_1_175' title='bbox 591 1155 642 1181; x_wconf 79' lang='grc' dir='ltr'><strong>οὐκ</strong></span> <span class='ocrx_word' id='word_1_176' title='bbox 671 1155 728 1191; x_wconf 78' lang='grc' dir='ltr'><strong>ἔχει</strong></span> <span class='ocrx_word' id='word_1_177' title='bbox 755 1156 827 1183; x_wconf 86' lang='grc' dir='ltr'><strong>ὥστε</strong></span> <span class='ocrx_word' id='word_1_178' title='bbox 857 1160 942 1193; x_wconf 77' lang='grc' dir='ltr'><strong>νομὰς</strong></span> 
     </span>
    </p>
   </div>
   <div class='ocr_carea' id='block_1_25' title="bbox 162 1192 939 1236">
    <p class='ocr_par' dir='ltr' id='par_1_25' title="bbox 162 1192 939 1236">
     <span class='ocr_line' id='line_1_25' title="bbox 162 1192 939 1236; baseline 0.018 -18"><span class='ocrx_word' id='word_1_179' title='bbox 162 1192 296 1226; x_wconf 70' lang='grc' dir='ltr'><strong>εὑρίσκειν</strong></span> <span class='ocrx_word' id='word_1_180' title='bbox 312 1196 358 1222; x_wconf 82' lang='grc' dir='ltr'><strong>καὶ</strong></span> <span class='ocrx_word' id='word_1_181' title='bbox 378 1197 470 1230; x_wconf 68' lang='grc' dir='ltr'><strong>ποτὸν,</strong></span> <span class='ocrx_word' id='word_1_182' title='bbox 486 1198 519 1225; x_wconf 81' lang='grc' dir='ltr'><strong>ἂν</strong></span> <span class='ocrx_word' id='word_1_183' title='bbox 546 1200 582 1234; x_wconf 88' lang='grc' dir='ltr'><strong>μή</strong></span> <span class='ocrx_word' id='word_1_184' title='bbox 605 1209 649 1232; x_wconf 85' lang='grc' dir='ltr'><strong>τις</strong></span> <span class='ocrx_word' id='word_1_185' title='bbox 663 1202 677 1228; x_wconf 79' lang='grc' dir='ltr'><strong><em>ὁ</em></strong></span> <span class='ocrx_word' id='word_1_186' title='bbox 692 1203 844 1236; x_wconf 74' lang='grc' dir='ltr'><strong>ποιμαὶνων</strong></span> <span class='ocrx_word' id='word_1_187' title='bbox 859 1192 939 1232; x_wconf 71' lang='grc' dir='ltr'><strong>αύτά.</strong></span> 
     </span>
    </p>
   </div>
   <div class='ocr_carea' id='block_1_26' title="bbox 162 1239 942 1286">
    <p class='ocr_par' dir='ltr' id='par_1_26' title="bbox 162 1239 942 1286">
     <span class='ocr_line' id='line_1_26' title="bbox 162 1239 942 1286; baseline 0.017 -21"><span class='ocrx_word' id='word_1_188' title='bbox 162 1239 246 1286; x_wconf 67' lang='grc' dir='ltr'><strong>Πολλὰ</strong></span> <span class='ocrx_word' id='word_1_189' title='bbox 262 1241 290 1267; x_wconf 73' lang='grc' dir='ltr'><strong>δὲ</strong></span> <span class='ocrx_word' id='word_1_190' title='bbox 301 1241 355 1268; x_wconf 78' lang='grc' dir='ltr'><strong>τῶν</strong></span> <span class='ocrx_word' id='word_1_191' title='bbox 366 1242 443 1275; x_wconf 82' lang='grc' dir='ltr'><strong>ζώων</strong></span> <span class='ocrx_word' id='word_1_192' title='bbox 455 1246 502 1271; x_wconf 76' lang='grc' dir='ltr'><strong>καὶ</strong></span> <span class='ocrx_word' id='word_1_193' title='bbox 517 1247 652 1279; x_wconf 80' lang='grc' dir='ltr'><strong>συνέσεως</strong></span> <span class='ocrx_word' id='word_1_194' title='bbox 666 1248 841 1286; x_wconf 78' lang='grc' dir='ltr'><strong>ἀνθρωπίνης</strong></span> <span class='ocrx_word' id='word_1_195' title='bbox 859 1251 942 1286; x_wconf 78' lang='grc' dir='ltr'><strong>ἐγγύς</strong></span> 
     </span>
    </p>
   </div>
   <div class='ocr_carea' id='block_1_27' title="bbox 161 1285 943 1328">
    <p class='ocr_par' dir='ltr' id='par_1_27' title="bbox 161 1285 943 1328">
     <span class='ocr_line' id='line_1_27' title="bbox 161 1285 943 1328; baseline 0.017 -17"><span class='ocrx_word' id='word_1_196' title='bbox 161 1285 225 1313; x_wconf 78' lang='grc' dir='ltr'><strong>ἐστι.</strong></span> <span class='ocrx_word' id='word_1_197' title='bbox 243 1286 298 1313; x_wconf 75' lang='grc' dir='ltr'><strong>Καὶ</strong></span> <span class='ocrx_word' id='word_1_198' title='bbox 313 1287 363 1322; x_wconf 81' lang='grc' dir='ltr'><strong>ὅρα</strong></span> <span class='ocrx_word' id='word_1_199' title='bbox 383 1289 429 1315; x_wconf 77' lang='grc' dir='ltr'><strong>τὸν</strong></span> <span class='ocrx_word' id='word_1_200' title='bbox 449 1292 576 1325; x_wconf 82' lang='grc' dir='ltr'><strong>χερσαῖον</strong></span> <span class='ocrx_word' id='word_1_201' title='bbox 599 1293 688 1328; x_wconf 79' lang='grc' dir='ltr'><strong>ἐχῖνον</strong></span> <span class='ocrx_word' id='word_1_202' title='bbox 705 1294 752 1321; x_wconf 85' lang='grc' dir='ltr'><strong>δύο</strong></span> <span class='ocrx_word' id='word_1_203' title='bbox 772 1285 943 1324; x_wconf 77' lang='grc' dir='ltr'><strong>κατασκευά-</strong></span> 
     </span>
    </p>
   </div>
   <div class='ocr_carea' id='block_1_28' title="bbox 161 1330 942 1375">
    <p class='ocr_par' dir='ltr' id='par_1_28' title="bbox 161 1330 942 1375">
     <span class='ocr_line' id='line_1_28' title="bbox 161 1330 942 1375; baseline 0.017 -18"><span class='ocrx_word' id='word_1_204' title='bbox 161 1330 238 1362; x_wconf 75' lang='grc' dir='ltr'><strong>ζοντα</strong></span> <span class='ocrx_word' id='word_1_205' title='bbox 252 1333 297 1360; x_wconf 77' lang='grc' dir='ltr'><strong>ἐπὶ</strong></span> <span class='ocrx_word' id='word_1_206' title='bbox 315 1334 364 1361; x_wconf 85' lang='grc' dir='ltr'><strong>τοῦ</strong></span> <span class='ocrx_word' id='word_1_207' title='bbox 383 1336 486 1369; x_wconf 81' lang='grc' dir='ltr'><strong>φωλεοῦ</strong></span> <span class='ocrx_word' id='word_1_208' title='bbox 502 1337 650 1371; x_wconf 69' lang='grc' dir='ltr'><strong>ἀναπνοὰς,</strong></span> <span class='ocrx_word' id='word_1_209' title='bbox 672 1341 740 1375; x_wconf 81' lang='grc' dir='ltr'><strong>πρός</strong></span> <span class='ocrx_word' id='word_1_210' title='bbox 755 1350 785 1367; x_wconf 85' lang='grc' dir='ltr'><strong>τε</strong></span> <span class='ocrx_word' id='word_1_211' title='bbox 803 1342 850 1369; x_wconf 78' lang='grc' dir='ltr'><strong>τὸν</strong></span> <span class='ocrx_word' id='word_1_212' title='bbox 867 1343 942 1370; x_wconf 79' lang='grc' dir='ltr'><strong>νότον</strong></span> 
     </span>
    </p>
   </div>
   <div class='ocr_carea' id='block_1_29' title="bbox 160 1378 942 1423">
    <p class='ocr_par' dir='ltr' id='par_1_29' title="bbox 160 1378 942 1423">
     <span class='ocr_line' id='line_1_29' title="bbox 160 1378 942 1423; baseline 0.017 -20"><span class='ocrx_word' id='word_1_213' title='bbox 160 1378 396 1415; x_wconf 79' lang='grc' dir='ltr'><strong>ἀντιφραττούσας</strong></span> <span class='ocrx_word' id='word_1_214' title='bbox 423 1384 468 1409; x_wconf 81' lang='grc' dir='ltr'><strong>καὶ</strong></span> <span class='ocrx_word' id='word_1_215' title='bbox 491 1383 537 1410; x_wconf 77' lang='grc' dir='ltr'><strong>τὸν</strong></span> <span class='ocrx_word' id='word_1_216' title='bbox 568 1385 689 1420; x_wconf 74' lang='grc' dir='ltr'><strong>βορρᾶν,</strong></span> <span class='ocrx_word' id='word_1_217' title='bbox 708 1388 732 1414; x_wconf 76' lang='grc' dir='ltr'><strong>ει</strong></span> <span class='ocrx_word' id='word_1_218' title='bbox 761 1388 808 1414; x_wconf 69' lang='grc' dir='ltr'><strong>καὶ</strong></span> <span class='ocrx_word' id='word_1_219' title='bbox 835 1390 942 1423; x_wconf 83' lang='grc' dir='ltr'><strong>φυσικῷ</strong></span> 
     </span>
    </p>
   </div>
   <div class='ocr_carea' id='block_1_30' title="bbox 160 1423 941 1469">
    <p class='ocr_par' dir='ltr' id='par_1_30' title="bbox 160 1423 941 1469">
     <span class='ocr_line' id='line_1_30' title="bbox 160 1423 941 1469; baseline 0.015 -19"><span class='ocrx_word' id='word_1_220' title='bbox 160 1423 229 1458; x_wconf 80' lang='grc' dir='ltr'><strong>λόγῳ</strong></span> <span class='ocrx_word' id='word_1_221' title='bbox 243 1426 311 1461; x_wconf 77' lang='grc' dir='ltr'><strong>πρὸς</strong></span> <span class='ocrx_word' id='word_1_222' title='bbox 327 1427 361 1454; x_wconf 81' lang='grc' dir='ltr'><strong>τὰ</strong></span> <span class='ocrx_word' id='word_1_223' title='bbox 383 1428 495 1456; x_wconf 73' lang='grc' dir='ltr'><strong>τοιαῦτα</strong></span> <span class='ocrx_word' id='word_1_224' title='bbox 509 1430 564 1456; x_wconf 87' lang='grc' dir='ltr'><strong>τῶν</strong></span> <span class='ocrx_word' id='word_1_225' title='bbox 580 1431 686 1466; x_wconf 78' lang='grc' dir='ltr'><strong>ἀλόγων</strong></span> <span class='ocrx_word' id='word_1_226' title='bbox 709 1434 773 1469; x_wconf 83' lang='grc' dir='ltr'><strong>γένη</strong></span> <span class='ocrx_word' id='word_1_227' title='bbox 788 1435 941 1469; x_wconf 79' lang='grc' dir='ltr'><strong>κεκίνηται.</strong></span> 
     </span>
    </p>
   </div>
   <div class='ocr_carea' id='block_1_31' title="bbox 160 1470 943 1514">
    <p class='ocr_par' dir='ltr' id='par_1_31' title="bbox 160 1470 943 1514">
     <span class='ocr_line' id='line_1_31' title="bbox 160 1470 943 1514; baseline 0.015 -18"><span class='ocrx_word' id='word_1_228' title='bbox 160 1470 225 1497; x_wconf 75' lang='grc' dir='ltr'><strong>οὐδὲ</strong></span> <span class='ocrx_word' id='word_1_229' title='bbox 238 1473 292 1508; x_wconf 74' lang='grc' dir='ltr'><strong>γὰρ</strong></span> <span class='ocrx_word' id='word_1_230' title='bbox 308 1473 470 1506; x_wconf 78' lang='grc' dir='ltr'><strong>αὐτεξούσια</strong></span> <span class='ocrx_word' id='word_1_231' title='bbox 494 1476 529 1502; x_wconf 81' lang='grc' dir='ltr'><strong>τὰ</strong></span> <span class='ocrx_word' id='word_1_232' title='bbox 557 1475 626 1510; x_wconf 81' lang='grc' dir='ltr'><strong>ζῶα,</strong></span> <span class='ocrx_word' id='word_1_233' title='bbox 645 1478 715 1504; x_wconf 80' lang='grc' dir='ltr'><strong>καθὰ</strong></span> <span class='ocrx_word' id='word_1_234' title='bbox 739 1479 771 1514; x_wconf 86' lang='grc' dir='ltr'><strong>δὴ</strong></span> <span class='ocrx_word' id='word_1_235' title='bbox 800 1481 846 1506; x_wconf 75' lang='grc' dir='ltr'><strong>καὶ</strong></span> <span class='ocrx_word' id='word_1_236' title='bbox 861 1482 875 1507; x_wconf 85' lang='grc' dir='ltr'><strong><em>ὁ</em></strong></span> <span class='ocrx_word' id='word_1_237' title='bbox 890 1482 943 1508; x_wconf 82' lang='grc' dir='ltr'><strong>Δα-</strong></span> 
     </span>
    </p>
   </div>
   <div class='ocr_carea' id='block_1_32' title="bbox 161 1520 941 1564">
    <p class='ocr_par' dir='ltr' id='par_1_32' title="bbox 161 1520 941 1564">
     <span class='ocr_line' id='line_1_32' title="bbox 161 1520 941 1564; baseline 0.014 -20"><span class='ocrx_word' id='word_1_238' title='bbox 161 1520 299 1553; x_wconf 70' lang='grc' dir='ltr'><strong>μασκηνὸς</strong></span> <span class='ocrx_word' id='word_1_239' title='bbox 322 1520 449 1556; x_wconf 81' lang='grc' dir='ltr'><strong>Ἰωάννης</strong></span> <span class='ocrx_word' id='word_1_240' title='bbox 463 1523 557 1557; x_wconf 75' lang='grc' dir='ltr'><strong>φησὶν,</strong></span> <span class='ocrx_word' id='word_1_241' title='bbox 573 1524 613 1550; x_wconf 81' lang='grc' dir='ltr'><strong>ὅτι</strong></span> <span class='ocrx_word' id='word_1_242' title='bbox 633 1525 701 1560; x_wconf 83' lang='grc' dir='ltr'><strong>μηδὲ</strong></span> <span class='ocrx_word' id='word_1_243' title='bbox 715 1525 823 1560; x_wconf 76' lang='grc' dir='ltr'><strong>λογικὰ.</strong></span> <span class='ocrx_word' id='word_1_244' title='bbox 838 1528 941 1564; x_wconf 84' lang='grc' dir='ltr'><strong>Λογικῇ</strong></span> 
     </span>
    </p>
   </div>
   <div class='ocr_carea' id='block_1_33' title="bbox 159 1565 941 1607">
    <p class='ocr_par' dir='ltr' id='par_1_33' title="bbox 159 1565 941 1607">
     <span class='ocr_line' id='line_1_33' title="bbox 159 1565 941 1607; baseline 0.014 -17"><span class='ocrx_word' id='word_1_245' title='bbox 159 1565 213 1599; x_wconf 81' lang='grc' dir='ltr'><strong>γὰρ</strong></span> <span class='ocrx_word' id='word_1_246' title='bbox 232 1566 305 1601; x_wconf 76' lang='grc' dir='ltr'><strong>πάσῃ</strong></span> <span class='ocrx_word' id='word_1_247' title='bbox 320 1566 400 1600; x_wconf 79' lang='grc' dir='ltr'><strong>φύσει</strong></span> <span class='ocrx_word' id='word_1_248' title='bbox 423 1568 513 1595; x_wconf 77' lang='grc' dir='ltr'><strong>καὶτὸ</strong></span> <span class='ocrx_word' id='word_1_249' title='bbox 526 1569 701 1602; x_wconf 57' lang='grc' dir='ltr'><strong>αὐτεξούσιον</strong></span> <span class='ocrx_word' id='word_1_250' title='bbox 721 1572 830 1604; x_wconf 83' lang='grc' dir='ltr'><strong>πάντως</strong></span> <span class='ocrx_word' id='word_1_251' title='bbox 849 1574 941 1607; x_wconf 75' lang='grc' dir='ltr'><strong>ἐμπέ-</strong></span> 
     </span>
    </p>
   </div>
   <div class='ocr_carea' id='block_1_34' title="bbox 159 1612 944 1654">
    <p class='ocr_par' dir='ltr' id='par_1_34' title="bbox 159 1612 944 1654">
     <span class='ocr_line' id='line_1_34' title="bbox 159 1612 944 1654; baseline 0.011 -17"><span class='ocrx_word' id='word_1_252' title='bbox 159 1620 228 1643; x_wconf 73' lang='grc' dir='ltr'><strong>ςυκε</strong></span> <span class='ocrx_word' id='word_1_253' title='bbox 245 1612 369 1647; x_wconf 78' lang='grc' dir='ltr'><strong>θέλημα·</strong></span> <span class='ocrx_word' id='word_1_254' title='bbox 392 1615 433 1645; x_wconf 78' lang='grc' dir='ltr'><strong>εἰς</strong></span> <span class='ocrx_word' id='word_1_255' title='bbox 452 1612 479 1641; x_wconf 83' lang='grc' dir='ltr'><strong>τι</strong></span> <span class='ocrx_word' id='word_1_256' title='bbox 502 1615 556 1650; x_wconf 81' lang='grc' dir='ltr'><strong>γὰρ</strong></span> <span class='ocrx_word' id='word_1_257' title='bbox 570 1615 624 1647; x_wconf 72' lang='grc' dir='ltr'><strong>ἔξει</strong></span> <span class='ocrx_word' id='word_1_258' title='bbox 648 1617 679 1643; x_wconf 79' lang='grc' dir='ltr'><strong>τὸ</strong></span> <span class='ocrx_word' id='word_1_259' title='bbox 694 1617 812 1651; x_wconf 77' lang='grc' dir='ltr'><strong>λογικὸν,</strong></span> <span class='ocrx_word' id='word_1_260' title='bbox 836 1620 872 1654; x_wconf 83' lang='grc' dir='ltr'><strong>μὴ</strong></span> <span class='ocrx_word' id='word_1_261' title='bbox 896 1621 944 1648; x_wconf 80' lang='grc' dir='ltr'><strong>αὑ-</strong></span> 
     </span>
    </p>
   </div>
   <div class='ocr_carea' id='block_1_35' title="bbox 158 1657 943 1700">
    <p class='ocr_par' dir='ltr' id='par_1_35' title="bbox 158 1657 943 1700">
     <span class='ocr_line' id='line_1_35' title="bbox 158 1657 943 1700; baseline 0.013 -17"><span class='ocrx_word' id='word_1_262' title='bbox 158 1657 306 1690; x_wconf 79' lang='grc' dir='ltr'><strong>τεξουσίως</strong></span> <span class='ocrx_word' id='word_1_263' title='bbox 321 1659 499 1695; x_wconf 78' lang='grc' dir='ltr'><strong>λογιζομένη;</strong></span> <span class='ocrx_word' id='word_1_264' title='bbox 513 1662 569 1695; x_wconf 87' lang='grc' dir='ltr'><strong>Τὴν</strong></span> <span class='ocrx_word' id='word_1_265' title='bbox 587 1664 636 1697; x_wconf 81' lang='grc' dir='ltr'><strong>μὲν</strong></span> <span class='ocrx_word' id='word_1_266' title='bbox 650 1664 705 1698; x_wconf 70' lang='grc' dir='ltr'><strong>γὰρ</strong></span> <span class='ocrx_word' id='word_1_267' title='bbox 720 1665 837 1699; x_wconf 82' lang='grc' dir='ltr'><strong>φυσικὴν</strong></span> <span class='ocrx_word' id='word_1_268' title='bbox 851 1665 943 1700; x_wconf 72' lang='grc' dir='ltr'><strong>ὄρεξιν</strong></span> 
     </span>
    </p>
   </div>
   <div class='ocr_carea' id='block_1_36' title="bbox 155 1705 944 1746">
    <p class='ocr_par' dir='ltr' id='par_1_36' title="bbox 155 1705 944 1746">
     <span class='ocr_line' id='line_1_36' title="bbox 155 1705 944 1746; baseline 0.009 -16"><span class='ocrx_word' id='word_1_269' title='bbox 155 1705 204 1731; x_wconf 76' lang='grc' dir='ltr'><strong>καὶ</strong></span> <span class='ocrx_word' id='word_1_270' title='bbox 217 1706 273 1735; x_wconf 76' lang='grc' dir='ltr'><strong>τοῖς</strong></span> <span class='ocrx_word' id='word_1_271' title='bbox 286 1706 394 1740; x_wconf 82' lang='grc' dir='ltr'><strong>ἀλόγοις</strong></span> <span class='ocrx_word' id='word_1_272' title='bbox 413 1706 490 1739; x_wconf 79' lang='grc' dir='ltr'><strong>ζώοις</strong></span> <span class='ocrx_word' id='word_1_273' title='bbox 504 1708 518 1734; x_wconf 82' lang='grc' dir='ltr'><strong>ό</strong></span> <span class='ocrx_word' id='word_1_274' title='bbox 530 1709 702 1743; x_wconf 79' lang='grc' dir='ltr'><strong>Δημιουργὸς</strong></span> <span class='ocrx_word' id='word_1_275' title='bbox 713 1710 865 1745; x_wconf 80' lang='grc' dir='ltr'><strong>ὲνὲσπειρε,</strong></span> <span class='ocrx_word' id='word_1_276' title='bbox 875 1711 944 1746; x_wconf 71' lang='grc' dir='ltr'><strong>πρὸς</strong></span> 
     </span>
    </p>
   </div>
   <div class='ocr_carea' id='block_1_37' title="bbox 157 1752 942 1792">
    <p class='ocr_par' dir='ltr' id='par_1_37' title="bbox 157 1752 942 1792">
     <span class='ocr_line' id='line_1_37' title="bbox 157 1752 942 1792; baseline 0.008 -14"><span class='ocrx_word' id='word_1_277' title='bbox 157 1752 288 1779; x_wconf 69' lang='grc' dir='ltr'><strong>σῦστασιν</strong></span> <span class='ocrx_word' id='word_1_278' title='bbox 303 1753 353 1784; x_wconf 82' lang='grc' dir='ltr'><strong>τῆς</strong></span> <span class='ocrx_word' id='word_1_279' title='bbox 369 1755 473 1786; x_wconf 75' lang='grc' dir='ltr'><strong>οἰκείας</strong></span> <span class='ocrx_word' id='word_1_280' title='bbox 489 1755 598 1789; x_wconf 78' lang='grc' dir='ltr'><strong>φύσεως</strong></span> <span class='ocrx_word' id='word_1_281' title='bbox 617 1756 739 1790; x_wconf 71' lang='grc' dir='ltr'><strong>ἄγουσαν</strong></span> <span class='ocrx_word' id='word_1_282' title='bbox 762 1757 942 1792; x_wconf 81' lang='grc' dir='ltr'><strong>ἠναγκασμέ-</strong></span> 
     </span>
    </p>
   </div>
   <div class='ocr_carea' id='block_1_38' title="bbox 155 1798 942 1837">
    <p class='ocr_par' dir='ltr' id='par_1_38' title="bbox 155 1798 942 1837">
     <span class='ocr_line' id='line_1_38' title="bbox 155 1798 942 1837; baseline 0.009 -14"><span class='ocrx_word' id='word_1_283' title='bbox 155 1806 212 1829; x_wconf 86' lang='grc' dir='ltr'><strong>νως</strong></span> <span class='ocrx_word' id='word_1_284' title='bbox 242 1798 320 1826; x_wconf 78' lang='grc' dir='ltr'><strong>αὐτά.</strong></span> <span class='ocrx_word' id='word_1_285' title='bbox 348 1800 436 1833; x_wconf 85' lang='grc' dir='ltr'><strong>Λόγου</strong></span> <span class='ocrx_word' id='word_1_286' title='bbox 467 1800 523 1836; x_wconf 86' lang='grc' dir='ltr'><strong>γὰρ</strong></span> <span class='ocrx_word' id='word_1_287' title='bbox 552 1802 721 1837; x_wconf 77' lang='grc' dir='ltr'><strong>ἀμοιροῦντα</strong></span> <span class='ocrx_word' id='word_1_288' title='bbox 752 1803 783 1829; x_wconf 77' lang='grc' dir='ltr'><strong>οὐ</strong></span> <span class='ocrx_word' id='word_1_289' title='bbox 813 1803 942 1830; x_wconf 85' lang='grc' dir='ltr'><strong>δύνανται</strong></span> 
     </span>
    </p>
   </div>
   <div class='ocr_carea' id='block_1_39' title="bbox 154 1844 942 1882">
    <p class='ocr_par' dir='ltr' id='par_1_39' title="bbox 154 1844 942 1882">
     <span class='ocr_line' id='line_1_39' title="bbox 154 1844 942 1882; baseline 0.006 -12"><span class='ocrx_word' id='word_1_290' title='bbox 154 1844 247 1878; x_wconf 78' lang='grc' dir='ltr'><strong>ἄγειν,</strong></span> <span class='ocrx_word' id='word_1_291' title='bbox 261 1845 320 1871; x_wconf 86' lang='grc' dir='ltr'><strong>ἀλλ’</strong></span> <span class='ocrx_word' id='word_1_292' title='bbox 346 1845 457 1878; x_wconf 73' lang='grc' dir='ltr'><strong>ἄγονται</strong></span> <span class='ocrx_word' id='word_1_293' title='bbox 475 1847 528 1874; x_wconf 79' lang='grc' dir='ltr'><strong>ὑπὸ</strong></span> <span class='ocrx_word' id='word_1_294' title='bbox 548 1848 596 1881; x_wconf 84' lang='grc' dir='ltr'><strong>τῆς</strong></span> <span class='ocrx_word' id='word_1_295' title='bbox 617 1848 737 1882; x_wconf 79' lang='grc' dir='ltr'><strong>φυσικῆς</strong></span> <span class='ocrx_word' id='word_1_296' title='bbox 751 1847 880 1882; x_wconf 77' lang='grc' dir='ltr'><strong>ὀρέξεως.</strong></span> <span class='ocrx_word' id='word_1_297' title='bbox 897 1849 942 1876; x_wconf 79' lang='grc' dir='ltr'><strong>ὅτε</strong></span> 
     </span>
    </p>
   </div>
   <div class='ocr_carea' id='block_1_40' title="bbox 153 1890 943 1930">
    <p class='ocr_par' dir='ltr' id='par_1_40' title="bbox 153 1890 943 1930">
     <span class='ocr_line' id='line_1_40' title="bbox 153 1890 943 1930; baseline 0.004 -12"><span class='ocrx_word' id='word_1_298' title='bbox 153 1890 215 1925; x_wconf 76' lang='grc' dir='ltr'><strong>ἄμα</strong></span> <span class='ocrx_word' id='word_1_299' title='bbox 243 1891 260 1925; x_wconf 83' lang='grc' dir='ltr'><strong>ἡ</strong></span> <span class='ocrx_word' id='word_1_300' title='bbox 289 1891 380 1926; x_wconf 73' lang='grc' dir='ltr'><strong>ὄρεξις</strong></span> <span class='ocrx_word' id='word_1_301' title='bbox 408 1893 530 1927; x_wconf 78' lang='grc' dir='ltr'><strong>γένηται,</strong></span> <span class='ocrx_word' id='word_1_302' title='bbox 555 1894 657 1924; x_wconf 80' lang='grc' dir='ltr'><strong>εὐθέως</strong></span> <span class='ocrx_word' id='word_1_303' title='bbox 676 1894 724 1920; x_wconf 64' lang='grc' dir='ltr'><strong>καὶ</strong></span> <span class='ocrx_word' id='word_1_304' title='bbox 749 1895 766 1929; x_wconf 85' lang='grc' dir='ltr'>ὴ</span> <span class='ocrx_word' id='word_1_305' title='bbox 794 1895 863 1930; x_wconf 71' lang='grc' dir='ltr'><strong>πρὸς</strong></span> <span class='ocrx_word' id='word_1_306' title='bbox 894 1894 943 1929; x_wconf 81' lang='grc' dir='ltr'><strong>τὴν</strong></span> 
     </span>
    </p>
   </div>
   <div class='ocr_carea' id='block_1_41' title="bbox 153 1936 942 1976">
    <p class='ocr_par' dir='ltr' id='par_1_41' title="bbox 153 1936 942 1976">
     <span class='ocr_line' id='line_1_41' title="bbox 153 1936 942 1976; baseline 0.006 -14"><span class='ocrx_word' id='word_1_307' title='bbox 153 1936 258 1971; x_wconf 79' lang='grc' dir='ltr'><strong>πρᾶξιν</strong></span> <span class='ocrx_word' id='word_1_308' title='bbox 269 1938 352 1973; x_wconf 80' lang='grc' dir='ltr'><strong>ὁρμή.</strong></span> <span class='ocrx_word' id='word_1_309' title='bbox 367 1939 404 1965; x_wconf 73' lang='grc' dir='ltr'><strong>Οὐ</strong></span> <span class='ocrx_word' id='word_1_310' title='bbox 419 1941 473 1974; x_wconf 76' lang='grc' dir='ltr'><strong>γὰρ</strong></span> <span class='ocrx_word' id='word_1_311' title='bbox 487 1939 585 1974; x_wconf 81' lang='grc' dir='ltr'><strong>λόγῳῆ</strong></span> <span class='ocrx_word' id='word_1_312' title='bbox 601 1939 681 1975; x_wconf 87' lang='grc' dir='ltr'><strong>βουλῇ</strong></span> <span class='ocrx_word' id='word_1_313' title='bbox 695 1941 712 1976; x_wconf 74' lang='grc' dir='ltr'><strong>ἢ</strong></span> <span class='ocrx_word' id='word_1_314' title='bbox 729 1939 824 1975; x_wconf 73' lang='grc' dir='ltr'><strong>σκέψει</strong></span> <span class='ocrx_word' id='word_1_315' title='bbox 845 1940 861 1975; x_wconf 79' lang='grc' dir='ltr'><strong>ἢ</strong></span> <span class='ocrx_word' id='word_1_316' title='bbox 881 1941 942 1975; x_wconf 76' lang='grc' dir='ltr'><strong>κρε-</strong></span> 
     </span>
    </p>
   </div>
   <div class='ocr_carea' id='block_1_42' title="bbox 152 1981 942 2021">
    <p class='ocr_par' dir='ltr' id='par_1_42' title="bbox 152 1981 942 2021">
     <span class='ocr_line' id='line_1_42' title="bbox 152 1981 942 2021; baseline 0.005 -12"><span class='ocrx_word' id='word_1_317' title='bbox 152 1992 198 2010; x_wconf 75' lang='grc' dir='ltr'><strong>σει</strong></span> <span class='ocrx_word' id='word_1_318' title='bbox 228 1983 387 2019; x_wconf 82' lang='grc' dir='ltr'><strong>κέχρηνται.</strong></span> <span class='ocrx_word' id='word_1_319' title='bbox 418 1985 501 2011; x_wconf 83' lang='grc' dir='ltr'><strong>Ὅθεν</strong></span> <span class='ocrx_word' id='word_1_320' title='bbox 527 1985 589 2011; x_wconf 74' lang='grc' dir='ltr'><strong>οὔτε</strong></span> <span class='ocrx_word' id='word_1_321' title='bbox 617 1985 656 2017; x_wconf 81' lang='grc' dir='ltr'><strong>ὡς</strong></span> <span class='ocrx_word' id='word_1_322' title='bbox 683 1987 784 2021; x_wconf 77' lang='grc' dir='ltr'><strong>ἀρετὴν</strong></span> <span class='ocrx_word' id='word_1_323' title='bbox 813 1981 942 2021; x_wconf 67' lang='grc' dir='ltr'><strong>μετιόντα</strong></span> 
     </span>
    </p>
   </div>
   <div class='ocr_carea' id='block_1_43' title="bbox 151 2028 942 2064">
    <p class='ocr_par' dir='ltr' id='par_1_43' title="bbox 151 2028 942 2064">
     <span class='ocr_line' id='line_1_43' title="bbox 151 2028 942 2064; baseline 0.004 -10"><span class='ocrx_word' id='word_1_324' title='bbox 151 2028 332 2056; x_wconf 70' lang='grc' dir='ltr'><strong>ἐπαινοῦνται</strong></span> <span class='ocrx_word' id='word_1_325' title='bbox 360 2030 405 2056; x_wconf 80' lang='grc' dir='ltr'><strong>καὶ</strong></span> <span class='ocrx_word' id='word_1_326' title='bbox 439 2030 654 2064; x_wconf 69' lang='grc' dir='ltr'><strong>μακαρίζονται,</strong></span> <span class='ocrx_word' id='word_1_327' title='bbox 681 2032 743 2058; x_wconf 75' lang='grc' dir='ltr'><strong>οὕτε</strong></span> <span class='ocrx_word' id='word_1_328' title='bbox 775 2031 812 2062; x_wconf 84' lang='grc' dir='ltr'><strong>ὡς</strong></span> <span class='ocrx_word' id='word_1_329' title='bbox 843 2033 942 2059; x_wconf 84' lang='grc' dir='ltr'>κακίαν</span> 
     </span>
    </p>
   </div>
   <div class='ocr_carea' id='block_1_44' title="bbox 151 2074 942 2112">
    <p class='ocr_par' dir='ltr' id='par_1_44' title="bbox 151 2074 942 2112">
     <span class='ocr_line' id='line_1_44' title="bbox 151 2074 942 2112; baseline 0.004 -12"><span class='ocrx_word' id='word_1_330' title='bbox 151 2074 315 2109; x_wconf 77' lang='grc' dir='ltr'><strong>πράττοντα</strong></span> <span class='ocrx_word' id='word_1_331' title='bbox 329 2075 500 2107; x_wconf 79' lang='grc' dir='ltr'><strong>κολάζονται.</strong></span> <span class='ocrx_word' id='word_1_332' title='bbox 516 2075 548 2102; x_wconf 83' lang='grc' dir='ltr'><strong>Ἦ</strong></span> <span class='ocrx_word' id='word_1_333' title='bbox 563 2075 591 2102; x_wconf 82' lang='grc' dir='ltr'><strong>δὲ</strong></span> <span class='ocrx_word' id='word_1_334' title='bbox 607 2076 703 2111; x_wconf 83' lang='grc' dir='ltr'><strong>λογικὴ</strong></span> <span class='ocrx_word' id='word_1_335' title='bbox 717 2077 800 2111; x_wconf 85' lang='grc' dir='ltr'><strong>φύσις</strong></span> <span class='ocrx_word' id='word_1_336' title='bbox 814 2077 870 2112; x_wconf 78' lang='grc' dir='ltr'><strong>ἔχει</strong></span> <span class='ocrx_word' id='word_1_337' title='bbox 892 2077 942 2111; x_wconf 82' lang='grc' dir='ltr'><strong>μὲν</strong></span> 
     </span>
    </p>
   </div>
   <div class='ocr_carea' id='block_1_45' title="bbox 150 2120 941 2157">
    <p class='ocr_par' dir='ltr' id='par_1_45' title="bbox 150 2120 941 2157">
     <span class='ocr_line' id='line_1_45' title="bbox 150 2120 941 2157; baseline 0.004 -11"><span class='ocrx_word' id='word_1_338' title='bbox 150 2120 204 2155; x_wconf 76' lang='grc' dir='ltr'><strong>τὴν</strong></span> <span class='ocrx_word' id='word_1_339' title='bbox 224 2121 342 2155; x_wconf 76' lang='grc' dir='ltr'><strong>φυσικὴν</strong></span> <span class='ocrx_word' id='word_1_340' title='bbox 358 2121 448 2156; x_wconf 74' lang='grc' dir='ltr'><strong>ὄρεξιν</strong></span> <span class='ocrx_word' id='word_1_341' title='bbox 473 2122 649 2157; x_wconf 80' lang='grc' dir='ltr'><strong>κινουμένην,</strong></span> <span class='ocrx_word' id='word_1_342' title='bbox 664 2122 717 2149; x_wconf 81' lang='grc' dir='ltr'><strong>ὑπὸ</strong></span> <span class='ocrx_word' id='word_1_343' title='bbox 738 2123 766 2148; x_wconf 83' lang='grc' dir='ltr'><strong>δὲ</strong></span> <span class='ocrx_word' id='word_1_344' title='bbox 788 2123 836 2149; x_wconf 87' lang='grc' dir='ltr'><strong>τοῦ</strong></span> <span class='ocrx_word' id='word_1_345' title='bbox 860 2123 941 2157; x_wconf 82' lang='grc' dir='ltr'><strong>λόγου</strong></span> 
     </span>
    </p>
   </div>
   <div class='ocr_carea' id='block_1_46' title="bbox 149 2167 943 2203">
    <p class='ocr_par' dir='ltr' id='par_1_46' title="bbox 149 2167 943 2203">
     <span class='ocr_line' id='line_1_46' title="bbox 149 2167 943 2203; baseline 0.004 -11"><span class='ocrx_word' id='word_1_346' title='bbox 149 2167 296 2201; x_wconf 77' lang='grc' dir='ltr'><strong>ἀγομένην</strong></span> <span class='ocrx_word' id='word_1_347' title='bbox 314 2175 343 2193; x_wconf 87' lang='grc' dir='ltr'><strong>τε</strong></span> <span class='ocrx_word' id='word_1_348' title='bbox 367 2168 414 2193; x_wconf 78' lang='grc' dir='ltr'><strong>καὶ</strong></span> <span class='ocrx_word' id='word_1_349' title='bbox 433 2167 646 2203; x_wconf 78' lang='grc' dir='ltr'><strong>ῥυθμιζομένην.</strong></span> <span class='ocrx_word' id='word_1_350' title='bbox 668 2168 720 2195; x_wconf 89' lang='grc' dir='ltr'><strong>Τοῦ</strong></span> <span class='ocrx_word' id='word_1_351' title='bbox 741 2169 795 2203; x_wconf 66' lang='grc' dir='ltr'><strong>γὰρ</strong></span> <span class='ocrx_word' id='word_1_352' title='bbox 817 2169 896 2203; x_wconf 83' lang='grc' dir='ltr'><strong>λόγου</strong></span> <span class='ocrx_word' id='word_1_353' title='bbox 912 2170 943 2196; x_wconf 71' lang='grc' dir='ltr'><strong>τὸ</strong></span> 
     </span>
    </p>
   </div>
   <div class='ocr_carea' id='block_1_47' title="bbox 149 2212 943 2250">
    <p class='ocr_par' dir='ltr' id='par_1_47' title="bbox 149 2212 943 2250">
     <span class='ocr_line' id='line_1_47' title="bbox 149 2212 943 2250; baseline 0.004 -12"><span class='ocrx_word' id='word_1_354' title='bbox 149 2213 348 2247; x_wconf 78' lang='grc' dir='ltr'><strong>προτέρημαὴ</strong></span> <span class='ocrx_word' id='word_1_355' title='bbox 362 2212 535 2245; x_wconf 77' lang='grc' dir='ltr'><strong>αὑτεξούσιός</strong></span> <span class='ocrx_word' id='word_1_356' title='bbox 551 2215 608 2240; x_wconf 75' lang='grc' dir='ltr'><strong>ἐστι</strong></span> <span class='ocrx_word' id='word_1_357' title='bbox 627 2214 745 2248; x_wconf 79' lang='grc' dir='ltr'><strong>θέλησις,</strong></span> <span class='ocrx_word' id='word_1_358' title='bbox 760 2215 794 2250; x_wconf 82' lang='grc' dir='ltr'><strong>ἢν</strong></span> <span class='ocrx_word' id='word_1_359' title='bbox 812 2214 844 2249; x_wconf 80' lang='grc' dir='ltr'>δὴ</span> <span class='ocrx_word' id='word_1_360' title='bbox 863 2224 943 2249; x_wconf 85' lang='grc' dir='ltr'><strong>φυσι-</strong></span> 
     </span>
    </p>
   </div>
   <div class='ocr_carea' id='block_1_48' title="bbox 147 2258 940 2296">
    <p class='ocr_par' dir='ltr' id='par_1_48' title="bbox 147 2258 940 2296">
     <span class='ocr_line' id='line_1_48' title="bbox 147 2258 940 2296; baseline 0.004 -12"><span class='ocrx_word' id='word_1_361' title='bbox 147 2258 206 2293; x_wconf 79' lang='grc' dir='ltr'><strong>κὴν</strong></span> <span class='ocrx_word' id='word_1_362' title='bbox 222 2259 252 2284; x_wconf 82' lang='grc' dir='ltr'><strong>ὲν</strong></span> <span class='ocrx_word' id='word_1_363' title='bbox 265 2259 304 2293; x_wconf 86' lang='grc' dir='ltr'><strong>τῷ</strong></span> <span class='ocrx_word' id='word_1_364' title='bbox 319 2259 421 2294; x_wconf 81' lang='grc' dir='ltr'><strong>λογικῷ</strong></span> <span class='ocrx_word' id='word_1_365' title='bbox 436 2259 526 2294; x_wconf 76' lang='grc' dir='ltr'><strong>φαμὲν</strong></span> <span class='ocrx_word' id='word_1_366' title='bbox 539 2261 655 2294; x_wconf 81' lang='grc' dir='ltr'><strong>κίνησιν.</strong></span> <span class='ocrx_word' id='word_1_367' title='bbox 668 2261 714 2287; x_wconf 82' lang='grc' dir='ltr'><strong>Διὸ</strong></span> <span class='ocrx_word' id='word_1_368' title='bbox 729 2261 775 2287; x_wconf 81' lang='grc' dir='ltr'><strong>καὶ</strong></span> <span class='ocrx_word' id='word_1_369' title='bbox 786 2261 824 2292; x_wconf 89' lang='grc' dir='ltr'><strong>ὡς</strong></span> <span class='ocrx_word' id='word_1_370' title='bbox 839 2261 940 2296; x_wconf 73' lang='grc' dir='ltr'><strong>ἀρετὴν</strong></span> 
     </span>
    </p>
   </div>
   <div class='ocr_carea' id='block_1_49' title="bbox 149 2305 942 2342">
    <p class='ocr_par' dir='ltr' id='par_1_49' title="bbox 149 2305 942 2342">
     <span class='ocr_line' id='line_1_49' title="bbox 149 2305 942 2342; baseline 0.005 -12"><span class='ocrx_word' id='word_1_371' title='bbox 149 2305 289 2338; x_wconf 74' lang='grc' dir='ltr'><strong>μετιοῦσα</strong></span> <span class='ocrx_word' id='word_1_372' title='bbox 301 2306 451 2332; x_wconf 66' lang='grc' dir='ltr'><strong>ἐπαινεῖται</strong></span> <span class='ocrx_word' id='word_1_373' title='bbox 467 2307 514 2333; x_wconf 83' lang='grc' dir='ltr'><strong>καὶ</strong></span> <span class='ocrx_word' id='word_1_374' title='bbox 533 2307 724 2342; x_wconf 80' lang='grc' dir='ltr'><strong>μακαρίζεται,</strong></span> <span class='ocrx_word' id='word_1_375' title='bbox 737 2308 782 2335; x_wconf 76' lang='grc' dir='ltr'><strong>καὶ</strong></span> <span class='ocrx_word' id='word_1_376' title='bbox 795 2308 832 2338; x_wconf 85' lang='grc' dir='ltr'><strong>ὡς</strong></span> <span class='ocrx_word' id='word_1_377' title='bbox 845 2308 942 2335; x_wconf 80' lang='grc' dir='ltr'><strong>κακὶαν</strong></span> 
     </span>
    </p>
   </div>
   <div class='ocr_carea' id='block_1_50' title="bbox 149 2349 466 2384">
    <p class='ocr_par' dir='ltr' id='par_1_50' title="bbox 149 2349 466 2384">
     <span class='ocr_line' id='line_1_50' title="bbox 149 2349 466 2384; baseline 0.006 -9"><span class='ocrx_word' id='word_1_378' title='bbox 149 2349 297 2384; x_wconf 77' lang='grc' dir='ltr'><strong>μετιοῦσα¹</strong></span> <span class='ocrx_word' id='word_1_379' title='bbox 309 2350 466 2383; x_wconf 79' lang='grc' dir='ltr'><strong>κολάζεται.</strong></span> 
     </span>
    </p>
   </div>
   <div class='ocr_carea' id='block_1_51' title="bbox 991 285 1774 325">
    <p class='ocr_par' dir='ltr' id='par_1_51' title="bbox 991 285 1774 325">
     <span class='ocr_line' id='line_1_51' title="bbox 991 285 1774 325; baseline 0.008 -13"><span class='ocrx_word' id='word_1_380' title='bbox 991 289 1018 312; x_wconf 88' lang='lat' dir='ltr'><strong>et</strong></span> <span class='ocrx_word' id='word_1_381' title='bbox 1032 285 1174 314; x_wconf 88' lang='lat' dir='ltr'><strong>Netnesius</strong></span> <span class='ocrx_word' id='word_1_382' title='bbox 1197 288 1316 322; x_wconf 89' lang='lat' dir='ltr'><strong>scripsit,</strong></span> <span class='ocrx_word' id='word_1_383' title='bbox 1343 290 1471 318; x_wconf 89' lang='lat' dir='ltr'><strong>indidisse</strong></span> <span class='ocrx_word' id='word_1_384' title='bbox 1497 290 1580 318; x_wconf 88' lang='lat' dir='ltr'><strong>Deum</strong></span> <span class='ocrx_word' id='word_1_385' title='bbox 1603 291 1774 325; x_wconf 90' lang='lat' dir='ltr'><strong>prudentiam</strong></span> 
     </span>
    </p>
   </div>
   <div class='ocr_carea' id='block_1_52' title="bbox 992 331 1775 370">
    <p class='ocr_par' dir='ltr' id='par_1_52' title="bbox 992 331 1775 370">
     <span class='ocr_line' id='line_1_52' title="bbox 992 331 1775 370; baseline 0.008 -13"><span class='ocrx_word' id='word_1_386' title='bbox 992 331 1135 365; x_wconf 85' lang='lat' dir='ltr'><strong>quamdam</strong></span> <span class='ocrx_word' id='word_1_387' title='bbox 1149 333 1309 366; x_wconf 85' lang='lat' dir='ltr'><strong>naturalem,</strong></span> <span class='ocrx_word' id='word_1_388' title='bbox 1324 343 1377 361; x_wconf 89' lang='lat' dir='ltr'><strong>non</strong></span> <span class='ocrx_word' id='word_1_389' title='bbox 1393 335 1522 362; x_wconf 87' lang='lat' dir='ltr'><strong>discendo</strong></span> <span class='ocrx_word' id='word_1_390' title='bbox 1531 337 1688 370; x_wconf 80' lang='lat' dir='ltr'><strong>parabilem.</strong></span> <span class='ocrx_word' id='word_1_391' title='bbox 1703 336 1775 363; x_wconf 77' lang='lat' dir='ltr'><strong>Nou-</strong></span> 
     </span>
    </p>
   </div>
   <div class='ocr_carea' id='block_1_53' title="bbox 992 377 1774 416">
    <p class='ocr_par' dir='ltr' id='par_1_53' title="bbox 992 377 1774 416">
     <span class='ocr_line' id='line_1_53' title="bbox 992 377 1774 416; baseline 0.008 -13"><span class='ocrx_word' id='word_1_392' title='bbox 992 377 1075 404; x_wconf 88' lang='lat' dir='ltr'><strong>nullis</strong></span> <span class='ocrx_word' id='word_1_393' title='bbox 1100 379 1230 406; x_wconf 81' lang='lat' dir='ltr'><strong>versutias</strong></span> <span class='ocrx_word' id='word_1_394' title='bbox 1251 380 1332 407; x_wconf 88' lang='lat' dir='ltr'><strong>etiam</strong></span> <span class='ocrx_word' id='word_1_395' title='bbox 1358 380 1442 412; x_wconf 89' lang='lat' dir='ltr'><strong>dedit,</strong></span> <span class='ocrx_word' id='word_1_396' title='bbox 1464 381 1562 416; x_wconf 87' lang='lat' dir='ltr'><strong>quibus</strong></span> <span class='ocrx_word' id='word_1_397' title='bbox 1584 387 1610 409; x_wconf 88' lang='lat' dir='ltr'><strong>ct</strong></span> <span class='ocrx_word' id='word_1_398' title='bbox 1629 387 1774 416; x_wconf 75' lang='lat' dir='ltr'><strong>przrsentes</strong></span> 
     </span>
    </p>
   </div>
   <div class='ocr_carea' id='block_1_54' title="bbox 993 422 1774 461">
    <p class='ocr_par' dir='ltr' id='par_1_54' title="bbox 993 422 1774 461">
     <span class='ocr_line' id='line_1_54' title="bbox 993 422 1774 461; baseline 0.005 -11"><span class='ocrx_word' id='word_1_399' title='bbox 993 422 1104 451; x_wconf 78' lang='lat' dir='ltr'><strong>insidias</strong></span> <span class='ocrx_word' id='word_1_400' title='bbox 1129 425 1265 452; x_wconf 84' lang='lat' dir='ltr'><strong>declinare</strong></span> <span class='ocrx_word' id='word_1_401' title='bbox 1294 431 1321 453; x_wconf 90' lang='lat' dir='ltr'><strong>et</strong></span> <span class='ocrx_word' id='word_1_402' title='bbox 1347 434 1498 460; x_wconf 71' lang='lat' dir='ltr'><strong>prmeaverc</strong></span> <span class='ocrx_word' id='word_1_403' title='bbox 1526 427 1631 454; x_wconf 81' lang='lat' dir='ltr'><strong>futuras</strong></span> <span class='ocrx_word' id='word_1_404' title='bbox 1660 429 1774 461; x_wconf 67' lang='lat' dir='ltr'><strong>possint.</strong></span> 
     </span>
    </p>
   </div>
   <div class='ocr_carea' id='block_1_55' title="bbox 992 467 1774 503">
    <p class='ocr_par' dir='ltr' id='par_1_55' title="bbox 992 467 1774 503">
     <span class='ocr_line' id='line_1_55' title="bbox 992 467 1774 503; baseline 0.006 -10"><span class='ocrx_word' id='word_1_405' title='bbox 992 467 1110 500; x_wconf 87' lang='lat' dir='ltr'><strong>Quarum</strong></span> <span class='ocrx_word' id='word_1_406' title='bbox 1128 476 1219 496; x_wconf 87' lang='lat' dir='ltr'><strong>rerum</strong></span> <span class='ocrx_word' id='word_1_407' title='bbox 1237 470 1394 497; x_wconf 80' lang='lat' dir='ltr'><strong>echetiones</strong></span> <span class='ocrx_word' id='word_1_408' title='bbox 1417 471 1443 497; x_wconf 94' lang='lat' dir='ltr'><strong>in</strong></span> <span class='ocrx_word' id='word_1_409' title='bbox 1460 471 1547 498; x_wconf 91' lang='lat' dir='ltr'><strong>brutis</strong></span> <span class='ocrx_word' id='word_1_410' title='bbox 1568 479 1582 497; x_wconf 89' lang='lat' dir='ltr'><strong>a</strong></span> <span class='ocrx_word' id='word_1_411' title='bbox 1600 477 1706 503; x_wconf 80' lang='lat' dir='ltr'><strong>natura,</strong></span> <span class='ocrx_word' id='word_1_412' title='bbox 1721 481 1774 498; x_wconf 68' lang='lat' dir='ltr'><strong>non</strong></span> 
     </span>
    </p>
   </div>
   <div class='ocr_carea' id='block_1_56' title="bbox 992 514 1773 551">
    <p class='ocr_par' dir='ltr' id='par_1_56' title="bbox 992 514 1773 551">
     <span class='ocr_line' id='line_1_56' title="bbox 992 514 1773 551; baseline 0.005 -11"><span class='ocrx_word' id='word_1_413' title='bbox 992 514 1097 541; x_wconf 90' lang='lat' dir='ltr'><strong>ratione</strong></span> <span class='ocrx_word' id='word_1_414' title='bbox 1113 515 1258 548; x_wconf 84' lang='lat' dir='ltr'><strong>proﬁcisci,</strong></span> <span class='ocrx_word' id='word_1_415' title='bbox 1287 516 1329 542; x_wconf 82' lang='lat' dir='ltr'><strong>vel</strong></span> <span class='ocrx_word' id='word_1_416' title='bbox 1349 516 1411 543; x_wconf 88' lang='lat' dir='ltr'><strong>inde</strong></span> <span class='ocrx_word' id='word_1_417' title='bbox 1435 521 1517 550; x_wconf 87' lang='lat' dir='ltr'><strong>patet,</strong></span> <span class='ocrx_word' id='word_1_418' title='bbox 1535 517 1606 550; x_wconf 82' lang='lat' dir='ltr'><strong>quod</strong></span> <span class='ocrx_word' id='word_1_419' title='bbox 1624 519 1773 551; x_wconf 72' lang='lat' dir='ltr'><strong>Speclcrum</strong></span> 
     </span>
    </p>
   </div>
   <div class='ocr_carea' id='block_1_57' title="bbox 993 560 1776 595">
    <p class='ocr_par' dir='ltr' id='par_1_57' title="bbox 993 560 1776 595">
     <span class='ocr_line' id='line_1_57' title="bbox 993 560 1776 595; baseline 0.005 -9"><span class='ocrx_word' id='word_1_420' title='bbox 993 560 1152 595; x_wconf 80' lang='lat' dir='ltr'><strong>quarumvis</strong></span> <span class='ocrx_word' id='word_1_421' title='bbox 1169 561 1295 588; x_wconf 77' lang='lat' dir='ltr'><strong>animalia</strong></span> <span class='ocrx_word' id='word_1_422' title='bbox 1316 562 1494 589; x_wconf 66' lang='lat' dir='ltr'><strong>con~imi|itcr</strong></span> <span class='ocrx_word' id='word_1_423' title='bbox 1520 563 1576 589; x_wconf 71' lang='lat' dir='ltr'><strong>inec</strong></span> <span class='ocrx_word' id='word_1_424' title='bbox 1596 564 1707 594; x_wconf 76' lang='lat' dir='ltr'><strong>faciant,</strong></span> <span class='ocrx_word' id='word_1_425' title='bbox 1725 572 1776 590; x_wconf 79' lang='lat' dir='ltr'><strong>nec</strong></span> 
     </span>
    </p>
   </div>
   <div class='ocr_carea' id='block_1_58' title="bbox 993 607 1776 644">
    <p class='ocr_par' dir='ltr' id='par_1_58' title="bbox 993 607 1776 644">
     <span class='ocr_line' id='line_1_58' title="bbox 993 607 1776 644; baseline 0.004 -11"><span class='ocrx_word' id='word_1_426' title='bbox 993 608 1021 634; x_wconf 93' lang='lat' dir='ltr'><strong>in</strong></span> <span class='ocrx_word' id='word_1_427' title='bbox 1038 608 1111 634; x_wconf 79' lang='lat' dir='ltr'><strong>tanta</strong></span> <span class='ocrx_word' id='word_1_428' title='bbox 1138 614 1231 634; x_wconf 89' lang='lat' dir='ltr'><strong>eorum</strong></span> <span class='ocrx_word' id='word_1_429' title='bbox 1254 607 1308 643; x_wconf 74' lang='lat'><strong>65</strong></span> <span class='ocrx_word' id='word_1_430' title='bbox 1334 608 1506 635; x_wconf 83' lang='lat' dir='ltr'><strong>multitudine</strong></span> <span class='ocrx_word' id='word_1_431' title='bbox 1529 609 1718 644; x_wconf 87' lang='lat' dir='ltr'><strong>operationum</strong></span> <span class='ocrx_word' id='word_1_432' title='bbox 1741 610 1776 636; x_wconf 90' lang='lat' dir='ltr'><strong>sit</strong></span> 
     </span>
    </p>
   </div>
   <div class='ocr_carea' id='block_1_59' title="bbox 993 652 1777 689">
    <p class='ocr_par' dir='ltr' id='par_1_59' title="bbox 993 652 1777 689">
     <span class='ocr_line' id='line_1_59' title="bbox 993 652 1777 689; baseline 0.004 -10"><span class='ocrx_word' id='word_1_433' title='bbox 993 652 1144 680; x_wconf 86' lang='lat' dir='ltr'><strong>diversitas.</strong></span> <span class='ocrx_word' id='word_1_434' title='bbox 1166 653 1267 680; x_wconf 89' lang='lat' dir='ltr'><strong>Eodem</strong></span> <span class='ocrx_word' id='word_1_435' title='bbox 1281 654 1360 681; x_wconf 88' lang='lat' dir='ltr'><strong>tnodo</strong></span> <span class='ocrx_word' id='word_1_436' title='bbox 1378 654 1507 681; x_wconf 87' lang='lat' dir='ltr'><strong>nimirum</strong></span> <span class='ocrx_word' id='word_1_437' title='bbox 1532 659 1558 682; x_wconf 88' lang='lat' dir='ltr'><strong>et</strong></span> <span class='ocrx_word' id='word_1_438' title='bbox 1576 655 1700 682; x_wconf 86' lang='lat' dir='ltr'><strong>instituto</strong></span> <span class='ocrx_word' id='word_1_439' title='bbox 1713 663 1777 689; x_wconf 79' lang='lat' dir='ltr'><strong>spe-</strong></span> 
     </span>
    </p>
   </div>
   <div class='ocr_carea' id='block_1_60' title="bbox 993 698 1777 735">
    <p class='ocr_par' dir='ltr' id='par_1_60' title="bbox 993 698 1777 735">
     <span class='ocr_line' id='line_1_60' title="bbox 993 698 1777 735; baseline 0.003 -10"><span class='ocrx_word' id='word_1_440' title='bbox 993 698 1049 725; x_wconf 84' lang='lat' dir='ltr'><strong>cies</strong></span> <span class='ocrx_word' id='word_1_441' title='bbox 1074 699 1200 726; x_wconf 83' lang='lat' dir='ltr'><strong>universa</strong></span> <span class='ocrx_word' id='word_1_442' title='bbox 1242 705 1375 727; x_wconf 84' lang='lat' dir='ltr'><strong>movetur.</strong></span> <span class='ocrx_word' id='word_1_443' title='bbox 1406 700 1520 727; x_wconf 86' lang='lat' dir='ltr'><strong>Solertia</strong></span> <span class='ocrx_word' id='word_1_444' title='bbox 1547 700 1652 735; x_wconf 85' lang='lat' dir='ltr'><strong>lepores</strong></span> <span class='ocrx_word' id='word_1_445' title='bbox 1681 708 1777 728; x_wconf 83' lang='lat' dir='ltr'><strong>omnes</strong></span> 
     </span>
    </p>
   </div>
   <div class='ocr_carea' id='block_1_61' title="bbox 993 744 1774 784">
    <p class='ocr_par' dir='ltr' id='par_1_61' title="bbox 993 744 1774 784">
     <span class='ocr_line' id='line_1_61' title="bbox 993 744 1774 784; baseline 0.001 -14"><span class='ocrx_word' id='word_1_446' title='bbox 993 744 1128 771; x_wconf 87' lang='lat' dir='ltr'><strong>consimili</strong></span> <span class='ocrx_word' id='word_1_447' title='bbox 1143 748 1266 775; x_wconf 89' lang='lat' dir='ltr'><strong>utuntur,</strong></span> <span class='ocrx_word' id='word_1_448' title='bbox 1284 746 1402 780; x_wconf 87' lang='lat' dir='ltr'><strong>itemque</strong></span> <span class='ocrx_word' id='word_1_449' title='bbox 1425 745 1480 780; x_wconf 90' lang='lat' dir='ltr'><strong>lupi</strong></span> <span class='ocrx_word' id='word_1_450' title='bbox 1499 746 1633 784; x_wconf 82' lang='lat' dir='ltr'><strong>consimili</strong></span> <span class='ocrx_word' id='word_1_451' title='bbox 1656 747 1774 778; x_wconf 74' lang='lat' dir='ltr'><strong>vafritie,</strong></span> 
     </span>
    </p>
   </div>
   <div class='ocr_carea' id='block_1_62' title="bbox 993 789 1777 826">
    <p class='ocr_par' dir='ltr' id='par_1_62' title="bbox 993 789 1777 826">
     <span class='ocr_line' id='line_1_62' title="bbox 993 789 1777 826; baseline 0.004 -11"><span class='ocrx_word' id='word_1_452' title='bbox 993 789 1127 816; x_wconf 85' lang='lat' dir='ltr'><strong>consimili</strong></span> <span class='ocrx_word' id='word_1_453' title='bbox 1154 789 1272 824; x_wconf 83' lang='lat' dir='ltr'><strong>denique</strong></span> <span class='ocrx_word' id='word_1_454' title='bbox 1301 792 1381 819; x_wconf 89' lang='lat' dir='ltr'><strong>modo</strong></span> <span class='ocrx_word' id='word_1_455' title='bbox 1404 792 1518 826; x_wconf 88' lang='lat' dir='ltr'><strong>quilibet</strong></span> <span class='ocrx_word' id='word_1_456' title='bbox 1545 792 1640 819; x_wconf 89' lang='lat' dir='ltr'><strong>simius</strong></span> <span class='ocrx_word' id='word_1_457' title='bbox 1677 792 1777 818; x_wconf 86' lang='lat' dir='ltr'><strong>imitari</strong></span> 
     </span>
    </p>
   </div>
   <div class='ocr_carea' id='block_1_63' title="bbox 993 834 1776 870">
    <p class='ocr_par' dir='ltr' id='par_1_63' title="bbox 993 834 1776 870">
     <span class='ocr_line' id='line_1_63' title="bbox 993 834 1776 870; baseline 0.004 -9"><span class='ocrx_word' id='word_1_458' title='bbox 993 834 1079 867; x_wconf 82' lang='lat' dir='ltr'><strong>solet;</strong></span> <span class='ocrx_word' id='word_1_459' title='bbox 1105 835 1132 862; x_wconf 92' lang='lat' dir='ltr'><strong>id</strong></span> <span class='ocrx_word' id='word_1_460' title='bbox 1159 836 1230 870; x_wconf 90' lang='lat' dir='ltr'><strong>quod</strong></span> <span class='ocrx_word' id='word_1_461' title='bbox 1259 837 1286 862; x_wconf 93' lang='lat' dir='ltr'><strong>in</strong></span> <span class='ocrx_word' id='word_1_462' title='bbox 1303 837 1458 864; x_wconf 90' lang='lat' dir='ltr'><strong>hominibus</strong></span> <span class='ocrx_word' id='word_1_463' title='bbox 1480 837 1569 864; x_wconf 85' lang='lat' dir='ltr'><strong>locum</strong></span> <span class='ocrx_word' id='word_1_464' title='bbox 1597 845 1651 864; x_wconf 88' lang='lat' dir='ltr'><strong>non</strong></span> <span class='ocrx_word' id='word_1_465' title='bbox 1685 837 1776 864; x_wconf 81' lang='lat' dir='ltr'><strong>habet.</strong></span> 
     </span>
    </p>
   </div>
   <div class='ocr_carea' id='block_1_64' title="bbox 995 881 1777 919">
    <p class='ocr_par' dir='ltr' id='par_1_64' title="bbox 995 881 1777 919">
     <span class='ocr_line' id='line_1_64' title="bbox 995 881 1777 919; baseline 0.005 -12"><span class='ocrx_word' id='word_1_466' title='bbox 995 881 1064 908; x_wconf 89' lang='lat' dir='ltr'><strong>Sunt</strong></span> <span class='ocrx_word' id='word_1_467' title='bbox 1090 882 1162 908; x_wconf 89' lang='lat' dir='ltr'><strong>enim</strong></span> <span class='ocrx_word' id='word_1_468' title='bbox 1182 882 1359 909; x_wconf 89' lang='lat' dir='ltr'><strong>humanarum</strong></span> <span class='ocrx_word' id='word_1_469' title='bbox 1388 883 1524 910; x_wconf 88' lang='lat' dir='ltr'><strong>actionum</strong></span> <span class='ocrx_word' id='word_1_470' title='bbox 1552 883 1671 910; x_wconf 80' lang='lat' dir='ltr'><strong>rationes</strong></span> <span class='ocrx_word' id='word_1_471' title='bbox 1697 889 1777 919; x_wconf 88' lang='lat' dir='ltr'><strong>atque</strong></span> 
     </span>
    </p>
   </div>
   <div class='ocr_carea' id='block_1_65' title="bbox 993 927 1777 964">
    <p class='ocr_par' dir='ltr' id='par_1_65' title="bbox 993 927 1777 964">
     <span class='ocr_line' id='line_1_65' title="bbox 993 927 1777 964; baseline 0.003 -11"><span class='ocrx_word' id='word_1_472' title='bbox 993 927 1042 954; x_wconf 69' lang='lat' dir='ltr'><strong>via:</strong></span> <span class='ocrx_word' id='word_1_473' title='bbox 1053 927 1249 961; x_wconf 86' lang='lat' dir='ltr'><strong>propemodum</strong></span> <span class='ocrx_word' id='word_1_474' title='bbox 1266 928 1388 955; x_wconf 56' lang='lat' dir='ltr'><strong>inﬁnitae.</strong></span> <span class='ocrx_word' id='word_1_475' title='bbox 1401 927 1507 963; x_wconf 84' lang='lat' dir='ltr'><strong>Quippe</strong></span> <span class='ocrx_word' id='word_1_476' title='bbox 1517 928 1629 955; x_wconf 79' lang='lat' dir='ltr'><strong>rationis</strong></span> <span class='ocrx_word' id='word_1_477' title='bbox 1642 930 1777 964; x_wconf 73' lang='lat' dir='ltr'><strong>particeps</strong></span> 
     </span>
    </p>
   </div>
   <div class='ocr_carea' id='block_1_66' title="bbox 968 973 1778 1008">
    <p class='ocr_par' dir='ltr' id='par_1_66' title="bbox 968 973 1778 1008">
     <span class='ocr_line' id='line_1_66' title="bbox 968 973 1778 1008; baseline 0.006 -11"><span class='ocrx_word' id='word_1_478' title='bbox 968 993 971 996; x_wconf 78' lang='grc'>.</span> <span class='ocrx_word' id='word_1_479' title='bbox 992 977 1088 999; x_wconf 85' lang='lat' dir='ltr'><strong>natura</strong></span> <span class='ocrx_word' id='word_1_480' title='bbox 1102 973 1186 1000; x_wconf 85' lang='lat' dir='ltr'><strong>libera</strong></span> <span class='ocrx_word' id='word_1_481' title='bbox 1200 974 1297 1008; x_wconf 86' lang='lat' dir='ltr'><strong>suique</strong></span> <span class='ocrx_word' id='word_1_482' title='bbox 1319 974 1389 1008; x_wconf 90' lang='lat' dir='ltr'><strong>juris</strong></span> <span class='ocrx_word' id='word_1_483' title='bbox 1412 978 1441 1001; x_wconf 91' lang='lat' dir='ltr'><strong>et</strong></span> <span class='ocrx_word' id='word_1_484' title='bbox 1465 974 1570 1008; x_wconf 84' lang='lat' dir='ltr'><strong>spontis</strong></span> <span class='ocrx_word' id='word_1_485' title='bbox 1594 979 1647 1002; x_wconf 90' lang='lat' dir='ltr'><strong>est.</strong></span> <span class='ocrx_word' id='word_1_486' title='bbox 1672 975 1733 1007; x_wconf 79' lang='lat' dir='ltr'><strong>Quo</strong></span> <span class='ocrx_word' id='word_1_487' title='bbox 1750 976 1778 1002; x_wconf 87' lang='lat' dir='ltr'><strong>ﬁt</strong></span> 
     </span>
    </p>
   </div>
   <div class='ocr_carea' id='block_1_67' title="bbox 994 1018 1778 1055">
    <p class='ocr_par' dir='ltr' id='par_1_67' title="bbox 994 1018 1778 1055">
     <span class='ocr_line' id='line_1_67' title="bbox 994 1018 1778 1055; baseline 0.003 -11"><span class='ocrx_word' id='word_1_488' title='bbox 994 1018 1158 1045; x_wconf 87' lang='lat' dir='ltr'><strong>uthomines</strong></span> <span class='ocrx_word' id='word_1_489' title='bbox 1172 1018 1292 1045; x_wconf 89' lang='lat' dir='ltr'><strong>universi</strong></span> <span class='ocrx_word' id='word_1_490' title='bbox 1305 1019 1400 1046; x_wconf 82' lang='lat' dir='ltr'><strong>eodem</strong></span> <span class='ocrx_word' id='word_1_491' title='bbox 1426 1026 1508 1054; x_wconf 89' lang='lat' dir='ltr'><strong>opere</strong></span> <span class='ocrx_word' id='word_1_492' title='bbox 1529 1027 1586 1051; x_wconf 78' lang='lat' dir='ltr'><strong>non</strong></span> <span class='ocrx_word' id='word_1_493' title='bbox 1608 1025 1778 1055; x_wconf 83' lang='lat' dir='ltr'><strong>occupentur</strong></span> 
     </span>
    </p>
   </div>
   <div class='ocr_carea' id='block_1_68' title="bbox 993 1063 1778 1099">
    <p class='ocr_par' dir='ltr' id='par_1_68' title="bbox 993 1063 1778 1099">
     <span class='ocr_line' id='line_1_68' title="bbox 993 1063 1778 1099; baseline 0.004 -9"><span class='ocrx_word' id='word_1_494' title='bbox 993 1071 1045 1091; x_wconf 88' lang='lat' dir='ltr'><strong>nec</strong></span> <span class='ocrx_word' id='word_1_495' title='bbox 1059 1063 1129 1090; x_wconf 88' lang='lat' dir='ltr'><strong>idem</strong></span> <span class='ocrx_word' id='word_1_496' title='bbox 1144 1069 1234 1099; x_wconf 79' lang='lat' dir='ltr'><strong>agant,</strong></span> <span class='ocrx_word' id='word_1_497' title='bbox 1251 1065 1478 1098; x_wconf 83' lang='lat' dir='ltr'><strong>quemadmodum</strong></span> <span class='ocrx_word' id='word_1_498' title='bbox 1498 1065 1525 1092; x_wconf 91' lang='lat' dir='ltr'><strong>in</strong></span> <span class='ocrx_word' id='word_1_499' title='bbox 1549 1066 1662 1099; x_wconf 73' lang='lat' dir='ltr'><strong>singulis</strong></span> <span class='ocrx_word' id='word_1_500' title='bbox 1684 1066 1778 1093; x_wconf 89' lang='lat' dir='ltr'><strong>bruto-</strong></span> 
     </span>
    </p>
   </div>
   <div class='ocr_carea' id='block_1_69' title="bbox 993 1109 1778 1144">
    <p class='ocr_par' dir='ltr' id='par_1_69' title="bbox 993 1109 1778 1144">
     <span class='ocr_line' id='line_1_69' title="bbox 993 1109 1778 1144; baseline 0.003 -8"><span class='ocrx_word' id='word_1_501' title='bbox 993 1117 1053 1137; x_wconf 90' lang='lat' dir='ltr'><strong>rum</strong></span> <span class='ocrx_word' id='word_1_502' title='bbox 1070 1110 1210 1144; x_wconf 83' lang='lat' dir='ltr'><strong>speciebus</strong></span> <span class='ocrx_word' id='word_1_503' title='bbox 1223 1110 1370 1137; x_wconf 84' lang='lat' dir='ltr'><strong>usuvenire</strong></span> <span class='ocrx_word' id='word_1_504' title='bbox 1385 1109 1518 1137; x_wconf 83' lang='lat' dir='ltr'><strong>videmus.</strong></span> <span class='ocrx_word' id='word_1_505' title='bbox 1535 1109 1668 1137; x_wconf 82' lang='lat' dir='ltr'><strong>Nimirum</strong></span> <span class='ocrx_word' id='word_1_506' title='bbox 1690 1111 1747 1138; x_wconf 78' lang='lat' dir='ltr'><strong>haec</strong></span> <span class='ocrx_word' id='word_1_507' title='bbox 1763 1119 1778 1138; x_wconf 89' lang='lat' dir='ltr'><strong>a</strong></span> 
     </span>
    </p>
   </div>
   <div class='ocr_carea' id='block_1_70' title="bbox 994 1150 1779 1191">
    <p class='ocr_par' dir='ltr' id='par_1_70' title="bbox 994 1150 1779 1191">
     <span class='ocr_line' id='line_1_70' title="bbox 994 1150 1779 1191; baseline 0.001 -8"><span class='ocrx_word' id='word_1_508' title='bbox 994 1156 1051 1183; x_wconf 86' lang='lat' dir='ltr'><strong>sola</strong></span> <span class='ocrx_word' id='word_1_509' title='bbox 1065 1161 1160 1183; x_wconf 88' lang='lat' dir='ltr'><strong>natura</strong></span> <span class='ocrx_word' id='word_1_510' title='bbox 1176 1150 1320 1184; x_wconf 74' lang='lat' dir='ltr'><strong>moventur</strong></span> <span class='ocrx_word' id='word_1_511' title='bbox 1339 1165 1345 1184; x_wconf 75' lang='grc' dir='ltr'>ζ</span> <span class='ocrx_word' id='word_1_512' title='bbox 1362 1164 1422 1191; x_wconf 68' lang='lat' dir='ltr'><strong>qua:</strong></span> <span class='ocrx_word' id='word_1_513' title='bbox 1445 1161 1536 1184; x_wconf 89' lang='lat' dir='ltr'><strong>autem</strong></span> <span class='ocrx_word' id='word_1_514' title='bbox 1560 1165 1574 1184; x_wconf 91' lang='lat' dir='ltr'><strong>a</strong></span> <span class='ocrx_word' id='word_1_515' title='bbox 1600 1162 1696 1184; x_wconf 86' lang='lat' dir='ltr'><strong>natura</strong></span> <span class='ocrx_word' id='word_1_516' title='bbox 1721 1166 1779 1184; x_wconf 80' lang='lat' dir='ltr'><strong>Illtl-</strong></span> 
     </span>
    </p>
   </div>
   <div class='ocr_carea' id='block_1_71' title="bbox 993 1203 1778 1238">
    <p class='ocr_par' dir='ltr' id='par_1_71' title="bbox 993 1203 1778 1238">
     <span class='ocr_line' id='line_1_71' title="bbox 993 1203 1778 1238; baseline 0 -8"><span class='ocrx_word' id='word_1_517' title='bbox 993 1207 1101 1235; x_wconf 87' lang='lat' dir='ltr'><strong>ventur,</strong></span> <span class='ocrx_word' id='word_1_518' title='bbox 1114 1203 1265 1230; x_wconf 87' lang='lat' dir='ltr'><strong>consimilia</strong></span> <span class='ocrx_word' id='word_1_519' title='bbox 1281 1208 1345 1231; x_wconf 84' lang='lat' dir='ltr'><strong>sunt</strong></span> <span class='ocrx_word' id='word_1_520' title='bbox 1359 1203 1430 1238; x_wconf 82' lang='lat' dir='ltr'><strong>apud</strong></span> <span class='ocrx_word' id='word_1_521' title='bbox 1445 1211 1549 1230; x_wconf 87' lang='lat' dir='ltr'><strong>omnes.</strong></span> <span class='ocrx_word' id='word_1_522' title='bbox 1564 1203 1584 1230; x_wconf 84' lang='grc' dir='ltr'>Ε</span> <span class='ocrx_word' id='word_1_523' title='bbox 1599 1203 1707 1231; x_wconf 85' lang='lat' dir='ltr'><strong>diverso</strong></span> <span class='ocrx_word' id='word_1_524' title='bbox 1718 1212 1778 1238; x_wconf 68' lang='lat' dir='ltr'><strong>qua:</strong></span> 
     </span>
    </p>
   </div>
   <div class='ocr_carea' id='block_1_72' title="bbox 994 1249 1777 1285">
    <p class='ocr_par' dir='ltr' id='par_1_72' title="bbox 994 1249 1777 1285">
     <span class='ocr_line' id='line_1_72' title="bbox 994 1249 1777 1285; baseline 0.001 -9"><span class='ocrx_word' id='word_1_525' title='bbox 994 1256 1008 1276; x_wconf 85' lang='lat' dir='ltr'><strong>a</strong></span> <span class='ocrx_word' id='word_1_526' title='bbox 1022 1249 1128 1276; x_wconf 83' lang='lat' dir='ltr'><strong>ratione</strong></span> <span class='ocrx_word' id='word_1_527' title='bbox 1151 1249 1362 1284; x_wconf 89' lang='lat' dir='ltr'><strong>proﬁciscuntur</strong></span> <span class='ocrx_word' id='word_1_528' title='bbox 1382 1249 1515 1280; x_wconf 84' lang='lat' dir='ltr'><strong>actiones,</strong></span> <span class='ocrx_word' id='word_1_529' title='bbox 1541 1250 1600 1277; x_wconf 72' lang='lat' dir='ltr'><strong>alite</strong></span> <span class='ocrx_word' id='word_1_530' title='bbox 1621 1255 1686 1277; x_wconf 86' lang='lat' dir='ltr'><strong>sunt.</strong></span> <span class='ocrx_word' id='word_1_531' title='bbox 1707 1251 1777 1285; x_wconf 87' lang='lat' dir='ltr'><strong>apud</strong></span> 
     </span>
    </p>
   </div>
   <div class='ocr_carea' id='block_1_73' title="bbox 994 1293 1776 1328">
    <p class='ocr_par' dir='ltr' id='par_1_73' title="bbox 994 1293 1776 1328">
     <span class='ocr_line' id='line_1_73' title="bbox 994 1293 1776 1328; baseline 0.001 -9"><span class='ocrx_word' id='word_1_532' title='bbox 994 1293 1085 1326; x_wconf 89' lang='lat' dir='ltr'><strong>alios,</strong></span> <span class='ocrx_word' id='word_1_533' title='bbox 1127 1300 1214 1327; x_wconf 87' lang='lat' dir='ltr'><strong>neque</strong></span> <span class='ocrx_word' id='word_1_534' title='bbox 1251 1294 1406 1322; x_wconf 87' lang='lat' dir='ltr'><strong>necessario</strong></span> <span class='ocrx_word' id='word_1_535' title='bbox 1437 1294 1508 1328; x_wconf 88' lang='lat' dir='ltr'><strong>apttd</strong></span> <span class='ocrx_word' id='word_1_536' title='bbox 1539 1301 1635 1321; x_wconf 86' lang='lat' dir='ltr'><strong>omnes</strong></span> <span class='ocrx_word' id='word_1_537' title='bbox 1662 1294 1776 1321; x_wconf 58' lang='lat' dir='ltr'><strong>etvdetu.</strong></span> 
     </span>
    </p>
   </div>
   <div class='ocr_carea' id='block_1_74' title="bbox 993 1339 1779 1375">
    <p class='ocr_par' dir='ltr' id='par_1_74' title="bbox 993 1339 1779 1375">
     <span class='ocr_line' id='line_1_74' title="bbox 993 1339 1779 1375; baseline 0.005 -10"><span class='ocrx_word' id='word_1_538' title='bbox 993 1339 1058 1366; x_wconf 85' lang='lat' dir='ltr'><strong>Ovis</strong></span> <span class='ocrx_word' id='word_1_539' title='bbox 1101 1339 1202 1366; x_wconf 84' lang='lat' dir='ltr'><strong>idcirco</strong></span> <span class='ocrx_word' id='word_1_540' title='bbox 1241 1340 1328 1367; x_wconf 86' lang='lat' dir='ltr'><strong>sacris</strong></span> <span class='ocrx_word' id='word_1_541' title='bbox 1372 1340 1454 1367; x_wconf 85' lang='lat' dir='ltr'><strong>etiam</strong></span> <span class='ocrx_word' id='word_1_542' title='bbox 1495 1340 1522 1367; x_wconf 87' lang='lat' dir='ltr'><strong>in</strong></span> <span class='ocrx_word' id='word_1_543' title='bbox 1550 1340 1660 1368; x_wconf 79' lang='lat' dir='ltr'><strong>Litteris</strong></span> <span class='ocrx_word' id='word_1_544' title='bbox 1695 1349 1779 1375; x_wconf 65' lang='lat' dir='ltr'><strong>pecus</strong></span> 
     </span>
    </p>
   </div>
   <div class='ocr_carea' id='block_1_75' title="bbox 993 1385 1777 1421">
    <p class='ocr_par' dir='ltr' id='par_1_75' title="bbox 993 1385 1777 1421">
     <span class='ocr_line' id='line_1_75' title="bbox 993 1385 1777 1421; baseline 0.001 -9"><span class='ocrx_word' id='word_1_545' title='bbox 993 1385 1108 1419; x_wconf 81' lang='lat' dir='ltr'><strong>simplex</strong></span> <span class='ocrx_word' id='word_1_546' title='bbox 1151 1385 1316 1419; x_wconf 88' lang='lat' dir='ltr'><strong>minimeque</strong></span> <span class='ocrx_word' id='word_1_547' title='bbox 1360 1386 1502 1413; x_wconf 86' lang='lat' dir='ltr'><strong>subdolum</strong></span> <span class='ocrx_word' id='word_1_548' title='bbox 1550 1386 1666 1416; x_wconf 78' lang='lat' dir='ltr'><strong>dicitur.</strong></span> <span class='ocrx_word' id='word_1_549' title='bbox 1706 1387 1777 1421; x_wconf 89' lang='lat' dir='ltr'><strong>quod</strong></span> 
     </span>
    </p>
   </div>
   <div class='ocr_carea' id='block_1_76' title="bbox 996 1431 1777 1466">
    <p class='ocr_par' dir='ltr' id='par_1_76' title="bbox 996 1431 1777 1466">
     <span class='ocr_line' id='line_1_76' title="bbox 996 1431 1777 1466; baseline 0.003 -9"><span class='ocrx_word' id='word_1_550' title='bbox 996 1431 1169 1466; x_wconf 86' lang='lat' dir='ltr'><strong>prudentiam</strong></span> <span class='ocrx_word' id='word_1_551' title='bbox 1197 1432 1344 1466; x_wconf 87' lang='lat' dir='ltr'><strong>quamdam</strong></span> <span class='ocrx_word' id='word_1_552' title='bbox 1375 1432 1540 1466; x_wconf 86' lang='lat' dir='ltr'><strong>peculiarem</strong></span> <span class='ocrx_word' id='word_1_553' title='bbox 1575 1440 1628 1459; x_wconf 91' lang='lat' dir='ltr'><strong>non</strong></span> <span class='ocrx_word' id='word_1_554' title='bbox 1662 1433 1777 1463; x_wconf 84' lang='lat' dir='ltr'><strong>habeat.</strong></span> 
     </span>
    </p>
   </div>
   <div class='ocr_carea' id='block_1_77' title="bbox 994 1476 1778 1512">
    <p class='ocr_par' dir='ltr' id='par_1_77' title="bbox 994 1476 1778 1512">
     <span class='ocr_line' id='line_1_77' title="bbox 994 1476 1778 1512; baseline 0.001 -8"><span class='ocrx_word' id='word_1_555' title='bbox 994 1476 1071 1511; x_wconf 88' lang='lat' dir='ltr'><strong>cujus</strong></span> <span class='ocrx_word' id='word_1_556' title='bbox 1116 1477 1282 1504; x_wconf 89' lang='lat' dir='ltr'><strong>adminiculo</strong></span> <span class='ocrx_word' id='word_1_557' title='bbox 1329 1477 1450 1512; x_wconf 90' lang='lat' dir='ltr'><strong>reperire</strong></span> <span class='ocrx_word' id='word_1_558' title='bbox 1491 1481 1597 1512; x_wconf 83' lang='lat' dir='ltr'><strong>pastum</strong></span> <span class='ocrx_word' id='word_1_559' title='bbox 1629 1482 1778 1512; x_wconf 87' lang='lat' dir='ltr'><strong>polumque</strong></span> 
     </span>
    </p>
   </div>
   <div class='ocr_carea' id='block_1_78' title="bbox 993 1522 1780 1558">
    <p class='ocr_par' dir='ltr' id='par_1_78' title="bbox 993 1522 1780 1558">
     <span class='ocr_line' id='line_1_78' title="bbox 993 1522 1780 1558; baseline -0.001 -8"><span class='ocrx_word' id='word_1_560' title='bbox 993 1523 1089 1557; x_wconf 84' lang='lat' dir='ltr'><strong>possit,</strong></span> <span class='ocrx_word' id='word_1_561' title='bbox 1104 1523 1126 1550; x_wconf 87' lang='lat' dir='ltr'><strong>si</strong></span> <span class='ocrx_word' id='word_1_562' title='bbox 1142 1522 1246 1549; x_wconf 79' lang='lat' dir='ltr'><strong>nullum</strong></span> <span class='ocrx_word' id='word_1_563' title='bbox 1270 1522 1367 1550; x_wconf 85' lang='lat' dir='ltr'><strong>habeat</strong></span> <span class='ocrx_word' id='word_1_564' title='bbox 1389 1523 1435 1558; x_wconf 94' lang='lat' dir='ltr'><strong>qui</strong></span> <span class='ocrx_word' id='word_1_565' title='bbox 1458 1531 1517 1550; x_wconf 88' lang='lat' dir='ltr'><strong>catu</strong></span> <span class='ocrx_word' id='word_1_566' title='bbox 1542 1523 1657 1558; x_wconf 76' lang='lat' dir='ltr'><strong>sagitn-t.</strong></span> <span class='ocrx_word' id='word_1_567' title='bbox 1676 1522 1780 1550; x_wconf 77' lang='lat' dir='ltr'><strong>Rursus</strong></span> 
     </span>
    </p>
   </div>
   <div class='ocr_carea' id='block_1_79' title="bbox 955 1569 1778 1610">
    <p class='ocr_par' dir='ltr' id='par_1_79' title="bbox 955 1569 1778 1610">
     <span class='ocr_line' id='line_1_79' title="bbox 955 1569 1778 1610; baseline -0.001 -14"><span class='ocrx_word' id='word_1_568' title='bbox 955 1569 1046 1610; x_wconf 76' lang='lat' dir='ltr'><strong>calia</strong></span> <span class='ocrx_word' id='word_1_569' title='bbox 1079 1569 1201 1604; x_wconf 67' lang='lat' dir='ltr'><strong>quaedam</strong></span> <span class='ocrx_word' id='word_1_570' title='bbox 1231 1569 1358 1596; x_wconf 86' lang='lat' dir='ltr'><strong>animalia</strong></span> <span class='ocrx_word' id='word_1_571' title='bbox 1388 1575 1440 1596; x_wconf 93' lang='lat' dir='ltr'><strong>non</strong></span> <span class='ocrx_word' id='word_1_572' title='bbox 1472 1576 1557 1602; x_wconf 87' lang='lat' dir='ltr'><strong>pattea</strong></span> <span class='ocrx_word' id='word_1_573' title='bbox 1584 1577 1668 1603; x_wconf 85' lang='lat' dir='ltr'><strong>prope</strong></span> <span class='ocrx_word' id='word_1_574' title='bbox 1697 1569 1778 1596; x_wconf 89' lang='lat' dir='ltr'><strong>etiam</strong></span> 
     </span>
    </p>
   </div>
   <div class='ocr_carea' id='block_1_80' title="bbox 994 1615 1778 1650">
    <p class='ocr_par' dir='ltr' id='par_1_80' title="bbox 994 1615 1778 1650">
     <span class='ocr_line' id='line_1_80' title="bbox 994 1615 1778 1650; baseline -0.003 -8"><span class='ocrx_word' id='word_1_575' title='bbox 994 1615 1113 1642; x_wconf 87' lang='lat' dir='ltr'><strong>humana</strong></span> <span class='ocrx_word' id='word_1_576' title='bbox 1137 1615 1235 1642; x_wconf 81' lang='lat' dir='ltr'><strong>absu‘nt</strong></span> <span class='ocrx_word' id='word_1_577' title='bbox 1251 1623 1266 1642; x_wconf 92' lang='lat' dir='ltr'><strong>a</strong></span> <span class='ocrx_word' id='word_1_578' title='bbox 1284 1615 1439 1649; x_wconf 87' lang='lat' dir='ltr'><strong>prudentia.</strong></span> <span class='ocrx_word' id='word_1_579' title='bbox 1458 1615 1517 1648; x_wconf 87' lang='lat' dir='ltr'><strong>Quo</strong></span> <span class='ocrx_word' id='word_1_580' title='bbox 1546 1615 1573 1642; x_wconf 78' lang='lat' dir='ltr'><strong>in</strong></span> <span class='ocrx_word' id='word_1_581' title='bbox 1591 1622 1690 1650; x_wconf 71' lang='lat' dir='ltr'><strong>genere</strong></span> <span class='ocrx_word' id='word_1_582' title='bbox 1711 1615 1778 1641; x_wconf 87' lang='lat' dir='ltr'><strong>mihi</strong></span> 
     </span>
    </p>
   </div>
   <div class='ocr_carea' id='block_1_81' title="bbox 995 1661 1779 1695">
    <p class='ocr_par' dir='ltr' id='par_1_81' title="bbox 995 1661 1779 1695">
     <span class='ocr_line' id='line_1_81' title="bbox 995 1661 1779 1695; baseline 0 -7"><span class='ocrx_word' id='word_1_583' title='bbox 995 1665 1151 1689; x_wconf 85' lang='lat' dir='ltr'><strong>terrestrem</strong></span> <span class='ocrx_word' id='word_1_584' title='bbox 1167 1661 1307 1694; x_wconf 88' lang='lat' dir='ltr'><strong>eehinum,</strong></span> <span class='ocrx_word' id='word_1_585' title='bbox 1324 1668 1404 1695; x_wconf 92' lang='lat' dir='ltr'><strong>quem</strong></span> <span class='ocrx_word' id='word_1_586' title='bbox 1421 1662 1577 1688; x_wconf 87' lang='lat' dir='ltr'><strong>erinaceum</strong></span> <span class='ocrx_word' id='word_1_587' title='bbox 1596 1661 1721 1692; x_wconf 86' lang='lat' dir='ltr'><strong>dicimus,</strong></span> <span class='ocrx_word' id='word_1_588' title='bbox 1739 1662 1779 1688; x_wconf 84' lang='lat' dir='ltr'><strong>fe-</strong></span> 
     </span>
    </p>
   </div>
   <div class='ocr_carea' id='block_1_82' title="bbox 994 1707 1779 1742">
    <p class='ocr_par' dir='ltr' id='par_1_82' title="bbox 994 1707 1779 1742">
     <span class='ocr_line' id='line_1_82' title="bbox 994 1707 1779 1742; baseline -0.001 -8"><span class='ocrx_word' id='word_1_589' title='bbox 994 1711 1102 1734; x_wconf 84' lang='lat' dir='ltr'><strong>nestras</strong></span> <span class='ocrx_word' id='word_1_590' title='bbox 1120 1707 1262 1734; x_wconf 81' lang='lat' dir='ltr'><strong>hauriendi</strong></span> <span class='ocrx_word' id='word_1_591' title='bbox 1281 1707 1353 1734; x_wconf 88' lang='lat' dir='ltr'><strong>aeris</strong></span> <span class='ocrx_word' id='word_1_592' title='bbox 1366 1715 1446 1734; x_wconf 81' lang='lat' dir='ltr'><strong>causa</strong></span> <span class='ocrx_word' id='word_1_593' title='bbox 1470 1707 1527 1734; x_wconf 89' lang='lat' dir='ltr'><strong>suis</strong></span> <span class='ocrx_word' id='word_1_594' title='bbox 1549 1707 1576 1733; x_wconf 92' lang='lat' dir='ltr'><strong>iu</strong></span> <span class='ocrx_word' id='word_1_595' title='bbox 1600 1707 1713 1734; x_wconf 80' lang='lat' dir='ltr'><strong>latebris</strong></span> <span class='ocrx_word' id='word_1_596' title='bbox 1731 1715 1779 1742; x_wconf 80' lang='lat' dir='ltr'><strong>ge-</strong></span> 
     </span>
    </p>
   </div>
   <div class='ocr_carea' id='block_1_83' title="bbox 994 1752 1777 1787">
    <p class='ocr_par' dir='ltr' id='par_1_83' title="bbox 994 1752 1777 1787">
     <span class='ocr_line' id='line_1_83' title="bbox 994 1752 1777 1787; baseline -0.003 -7"><span class='ocrx_word' id='word_1_597' title='bbox 994 1753 1268 1785; x_wconf 76' lang='lat' dir='ltr'><strong>minas,mulientem</strong></span> <span class='ocrx_word' id='word_1_598' title='bbox 1293 1753 1393 1787; x_wconf 87' lang='lat' dir='ltr'><strong>aspice,</strong></span> <span class='ocrx_word' id='word_1_599' title='bbox 1422 1760 1536 1786; x_wconf 86' lang='lat' dir='ltr'><strong>quarum</strong></span> <span class='ocrx_word' id='word_1_600' title='bbox 1568 1752 1653 1779; x_wconf 90' lang='lat' dir='ltr'><strong>altera</strong></span> <span class='ocrx_word' id='word_1_601' title='bbox 1677 1752 1777 1783; x_wconf 74' lang='lat' dir='ltr'><strong>boreze,</strong></span> 
     </span>
    </p>
   </div>
   <div class='ocr_carea' id='block_1_84' title="bbox 995 1797 1778 1838">
    <p class='ocr_par' dir='ltr' id='par_1_84' title="bbox 995 1797 1778 1838">
     <span class='ocr_line' id='line_1_84' title="bbox 995 1797 1778 1838; baseline -0.001 -12"><span class='ocrx_word' id='word_1_602' title='bbox 995 1799 1079 1826; x_wconf 87' lang='lat' dir='ltr'><strong>austri</strong></span> <span class='ocrx_word' id='word_1_603' title='bbox 1097 1799 1179 1826; x_wconf 87' lang='lat' dir='ltr'><strong>altera</strong></span> <span class='ocrx_word' id='word_1_604' title='bbox 1196 1799 1275 1825; x_wconf 82' lang='lat' dir='ltr'><strong>ﬂatus</strong></span> <span class='ocrx_word' id='word_1_605' title='bbox 1304 1798 1439 1831; x_wconf 84' lang='lat' dir='ltr'><strong>obstruat,</strong></span> <span class='ocrx_word' id='word_1_606' title='bbox 1456 1798 1563 1825; x_wconf 87' lang='lat' dir='ltr'><strong>tametsi</strong></span> <span class='ocrx_word' id='word_1_607' title='bbox 1587 1797 1620 1825; x_wconf 86' lang='lat' dir='ltr'><strong>ad</strong></span> <span class='ocrx_word' id='word_1_608' title='bbox 1643 1798 1778 1838; x_wconf 77' lang='lat' dir='ltr'><strong>ejusmodi</strong></span> 
     </span>
    </p>
   </div>
   <div class='ocr_carea' id='block_1_85' title="bbox 994 1844 1777 1879">
    <p class='ocr_par' dir='ltr' id='par_1_85' title="bbox 994 1844 1777 1879">
     <span class='ocr_line' id='line_1_85' title="bbox 994 1844 1777 1879; baseline -0.004 -6"><span class='ocrx_word' id='word_1_609' title='bbox 994 1845 1221 1877; x_wconf 84' lang='lat' dir='ltr'><strong>machinationes,</strong></span> <span class='ocrx_word' id='word_1_610' title='bbox 1241 1849 1271 1872; x_wconf 89' lang='lat' dir='ltr'><strong>ut</strong></span> <span class='ocrx_word' id='word_1_611' title='bbox 1287 1849 1385 1872; x_wconf 66' lang='lat' dir='ltr'><strong>caetera</strong></span> <span class='ocrx_word' id='word_1_612' title='bbox 1401 1852 1508 1879; x_wconf 88' lang='lat' dir='ltr'><strong>quoque</strong></span> <span class='ocrx_word' id='word_1_613' title='bbox 1537 1844 1662 1871; x_wconf 86' lang='lat' dir='ltr'><strong>animalia</strong></span> <span class='ocrx_word' id='word_1_614' title='bbox 1685 1844 1777 1877; x_wconf 85' lang='lat' dir='ltr'><strong>bruta,</strong></span> 
     </span>
    </p>
   </div>
   <div class='ocr_carea' id='block_1_86' title="bbox 994 1890 1781 1924">
    <p class='ocr_par' dir='ltr' id='par_1_86' title="bbox 994 1890 1781 1924">
     <span class='ocr_line' id='line_1_86' title="bbox 994 1890 1781 1924; baseline -0.005 -4"><span class='ocrx_word' id='word_1_615' title='bbox 994 1893 1052 1920; x_wconf 90' lang='lat' dir='ltr'><strong>solo</strong></span> <span class='ocrx_word' id='word_1_616' title='bbox 1066 1897 1168 1919; x_wconf 71' lang='lat' dir='ltr'><strong>natura:</strong></span> <span class='ocrx_word' id='word_1_617' title='bbox 1180 1891 1262 1919; x_wconf 90' lang='lat' dir='ltr'><strong>ductu</strong></span> <span class='ocrx_word' id='word_1_618' title='bbox 1277 1891 1389 1919; x_wconf 82' lang='lat' dir='ltr'><strong>feratur.</strong></span> <span class='ocrx_word' id='word_1_619' title='bbox 1404 1890 1460 1918; x_wconf 88' lang='lat' dir='ltr'><strong>Nec</strong></span> <span class='ocrx_word' id='word_1_620' title='bbox 1469 1890 1542 1917; x_wconf 88' lang='lat' dir='ltr'><strong>enim</strong></span> <span class='ocrx_word' id='word_1_621' title='bbox 1557 1891 1635 1917; x_wconf 91' lang='lat' dir='ltr'><strong>bruta</strong></span> <span class='ocrx_word' id='word_1_622' title='bbox 1649 1897 1699 1917; x_wconf 91' lang='lat' dir='ltr'><strong>suo</strong></span> <span class='ocrx_word' id='word_1_623' title='bbox 1712 1898 1781 1924; x_wconf 84' lang='lat' dir='ltr'><strong>quo—</strong></span> 
     </span>
    </p>
   </div>
   <div class='ocr_carea' id='block_1_87' title="bbox 994 1935 1779 1972">
    <p class='ocr_par' dir='ltr' id='par_1_87' title="bbox 994 1935 1779 1972">
     <span class='ocr_line' id='line_1_87' title="bbox 994 1935 1779 1972; baseline -0.004 -7"><span class='ocrx_word' id='word_1_624' title='bbox 994 1939 1055 1965; x_wconf 87' lang='lat' dir='ltr'><strong>dam</strong></span> <span class='ocrx_word' id='word_1_625' title='bbox 1071 1938 1203 1965; x_wconf 89' lang='lat' dir='ltr'><strong>arbitratu</strong></span> <span class='ocrx_word' id='word_1_626' title='bbox 1223 1941 1316 1972; x_wconf 84' lang='lat' dir='ltr'><strong>agunt,</strong></span> <span class='ocrx_word' id='word_1_627' title='bbox 1330 1936 1401 1963; x_wconf 87' lang='lat' dir='ltr'><strong>sicut</strong></span> <span class='ocrx_word' id='word_1_628' title='bbox 1417 1941 1444 1963; x_wconf 89' lang='lat' dir='ltr'><strong>et</strong></span> <span class='ocrx_word' id='word_1_629' title='bbox 1459 1935 1580 1963; x_wconf 80' lang='lat' dir='ltr'><strong>Joannes</strong></span> <span class='ocrx_word' id='word_1_630' title='bbox 1591 1936 1779 1963; x_wconf 81' lang='lat' dir='ltr'><strong>Damascenus</strong></span> 
     </span>
    </p>
   </div>
   <div class='ocr_carea' id='block_1_88' title="bbox 994 1977 1779 2015">
    <p class='ocr_par' dir='ltr' id='par_1_88' title="bbox 994 1977 1779 2015">
     <span class='ocr_line' id='line_1_88' title="bbox 994 1977 1779 2015; baseline -0.004 -5"><span class='ocrx_word' id='word_1_631' title='bbox 994 1984 1086 2015; x_wconf 77' lang='lat' dir='ltr'><strong>tradit.</strong></span> <span class='ocrx_word' id='word_1_632' title='bbox 1097 1991 1160 2010; x_wconf 88' lang='lat' dir='ltr'><strong>eum</strong></span> <span class='ocrx_word' id='word_1_633' title='bbox 1176 1991 1191 2009; x_wconf 91' lang='lat' dir='ltr'><strong>a</strong></span> <span class='ocrx_word' id='word_1_634' title='bbox 1212 1983 1318 2010; x_wconf 86' lang='lat' dir='ltr'><strong>ratione</strong></span> <span class='ocrx_word' id='word_1_635' title='bbox 1330 1982 1523 2011; x_wconf 87' lang='lat' dir='ltr'><strong>destituantur,</strong></span> <span class='ocrx_word' id='word_1_636' title='bbox 1540 1981 1618 2015; x_wconf 82' lang='lat' dir='ltr'><strong>cujus</strong></span> <span class='ocrx_word' id='word_1_637' title='bbox 1630 1977 1779 2015; x_wconf 71' lang='lat' dir='ltr'><strong>participes</strong></span> 
     </span>
    </p>
   </div>
   <div class='ocr_carea' id='block_1_89' title="bbox 993 2027 1776 2056">
    <p class='ocr_par' dir='ltr' id='par_1_89' title="bbox 993 2027 1776 2056">
     <span class='ocr_line' id='line_1_89' title="bbox 993 2027 1776 2056; baseline -0.005 0"><span class='ocrx_word' id='word_1_638' title='bbox 993 2033 1098 2056; x_wconf 78' lang='lat' dir='ltr'><strong>naturae</strong></span> <span class='ocrx_word' id='word_1_639' title='bbox 1127 2028 1295 2056; x_wconf 82' lang='lat' dir='ltr'><strong>voluntatem</strong></span> <span class='ocrx_word' id='word_1_640' title='bbox 1328 2027 1428 2054; x_wconf 87' lang='lat' dir='ltr'><strong>habent</strong></span> <span class='ocrx_word' id='word_1_641' title='bbox 1458 2027 1570 2054; x_wconf 89' lang='lat' dir='ltr'><strong>liberam</strong></span> <span class='ocrx_word' id='word_1_642' title='bbox 1606 2027 1776 2053; x_wconf 88' lang='lat' dir='ltr'><strong>naturaliter.</strong></span> 
     </span>
    </p>
   </div>
   <div class='ocr_carea' id='block_1_90' title="bbox 993 2068 1778 2108">
    <p class='ocr_par' dir='ltr' id='par_1_90' title="bbox 993 2068 1778 2108">
     <span class='ocr_line' id='line_1_90' title="bbox 993 2068 1778 2108; baseline -0.006 -5"><span class='ocrx_word' id='word_1_643' title='bbox 993 2075 1060 2103; x_wconf 85' lang='lat' dir='ltr'><strong>Nam</strong></span> <span class='ocrx_word' id='word_1_644' title='bbox 1073 2083 1133 2107; x_wconf 88' lang='lat' dir='ltr'><strong>cur,</strong></span> <span class='ocrx_word' id='word_1_645' title='bbox 1156 2075 1281 2108; x_wconf 87' lang='lat' dir='ltr'><strong>obsecro,</strong></span> <span class='ocrx_word' id='word_1_646' title='bbox 1301 2074 1327 2100; x_wconf 90' lang='lat' dir='ltr'><strong>vi</strong></span> <span class='ocrx_word' id='word_1_647' title='bbox 1350 2073 1463 2100; x_wconf 87' lang='lat' dir='ltr'><strong>rationis</strong></span> <span class='ocrx_word' id='word_1_648' title='bbox 1487 2072 1607 2107; x_wconf 66' lang='lat' dir='ltr'><strong>praedita:</strong></span> <span class='ocrx_word' id='word_1_649' title='bbox 1631 2068 1731 2103; x_wconf 76' lang='lat' dir='ltr'><strong>forent,</strong></span> <span class='ocrx_word' id='word_1_650' title='bbox 1756 2073 1778 2098; x_wconf 77' lang='lat' dir='ltr'><strong>si</strong></span> 
     </span>
    </p>
   </div>
   <div class='ocr_carea' id='block_1_91' title="bbox 993 2117 1779 2157">
    <p class='ocr_par' dir='ltr' id='par_1_91' title="bbox 993 2117 1779 2157">
     <span class='ocr_line' id='line_1_91' title="bbox 993 2117 1779 2157; baseline -0.006 -8"><span class='ocrx_word' id='word_1_651' title='bbox 993 2130 1043 2157; x_wconf 90' lang='lat' dir='ltr'><strong>pro</strong></span> <span class='ocrx_word' id='word_1_652' title='bbox 1068 2121 1217 2149; x_wconf 83' lang='lat' dir='ltr'><strong>voluntatis</strong></span> <span class='ocrx_word' id='word_1_653' title='bbox 1247 2120 1361 2147; x_wconf 90' lang='lat' dir='ltr'><strong>arbitrio</strong></span> <span class='ocrx_word' id='word_1_654' title='bbox 1390 2120 1496 2146; x_wconf 90' lang='lat' dir='ltr'><strong>ratione</strong></span> <span class='ocrx_word' id='word_1_655' title='bbox 1532 2126 1588 2146; x_wconf 89' lang='lat' dir='ltr'><strong>non</strong></span> <span class='ocrx_word' id='word_1_656' title='bbox 1618 2117 1779 2145; x_wconf 82' lang='lat' dir='ltr'><strong>uterentur?</strong></span> 
     </span>
    </p>
   </div>
   <div class='ocr_carea' id='block_1_92' title="bbox 993 2163 1777 2202">
    <p class='ocr_par' dir='ltr' id='par_1_92' title="bbox 993 2163 1777 2202">
     <span class='ocr_line' id='line_1_92' title="bbox 993 2163 1777 2202; baseline -0.006 -8"><span class='ocrx_word' id='word_1_657' title='bbox 993 2168 1099 2202; x_wconf 83' lang='lat' dir='ltr'><strong>Quippe</strong></span> <span class='ocrx_word' id='word_1_658' title='bbox 1113 2167 1263 2194; x_wconf 83' lang='lat' dir='ltr'><strong>naturalem</strong></span> <span class='ocrx_word' id='word_1_659' title='bbox 1285 2165 1435 2200; x_wconf 90' lang='lat' dir='ltr'><strong>appetitum</strong></span> <span class='ocrx_word' id='word_1_660' title='bbox 1458 2163 1553 2199; x_wconf 84' lang='lat' dir='ltr'><strong>Opifex</strong></span> <span class='ocrx_word' id='word_1_661' title='bbox 1578 2171 1670 2191; x_wconf 88' lang='lat' dir='ltr'><strong>rerum</strong></span> <span class='ocrx_word' id='word_1_662' title='bbox 1695 2164 1777 2190; x_wconf 88' lang='lat' dir='ltr'><strong>etiam</strong></span> 
     </span>
    </p>
   </div>
   <div class='ocr_carea' id='block_1_93' title="bbox 994 2210 1778 2245">
    <p class='ocr_par' dir='ltr' id='par_1_93' title="bbox 994 2210 1778 2245">
     <span class='ocr_line' id='line_1_93' title="bbox 994 2210 1778 2245; baseline -0.006 -5"><span class='ocrx_word' id='word_1_663' title='bbox 994 2213 1081 2240; x_wconf 84' lang='lat' dir='ltr'><strong>brutis</strong></span> <span class='ocrx_word' id='word_1_664' title='bbox 1093 2212 1254 2238; x_wconf 87' lang='lat' dir='ltr'><strong>animalibus</strong></span> <span class='ocrx_word' id='word_1_665' title='bbox 1270 2211 1376 2242; x_wconf 80' lang='lat' dir='ltr'><strong>indidit,</strong></span> <span class='ocrx_word' id='word_1_666' title='bbox 1394 2211 1439 2245; x_wconf 91' lang='lat' dir='ltr'><strong>qui</strong></span> <span class='ocrx_word' id='word_1_667' title='bbox 1467 2210 1499 2237; x_wconf 82' lang='lat' dir='ltr'><strong>ad</strong></span> <span class='ocrx_word' id='word_1_668' title='bbox 1520 2215 1624 2236; x_wconf 53' lang='lat' dir='ltr'><strong>naturae</strong></span> <span class='ocrx_word' id='word_1_669' title='bbox 1640 2217 1696 2236; x_wconf 71' lang='lat' dir='ltr'><strong>sua:</strong></span> <span class='ocrx_word' id='word_1_670' title='bbox 1711 2217 1778 2236; x_wconf 88' lang='lat' dir='ltr'><strong>eou-</strong></span> 
     </span>
    </p>
   </div>
   <div class='ocr_carea' id='block_1_94' title="bbox 979 2255 1827 2307">
    <p class='ocr_par' dir='ltr' id='par_1_94' title="bbox 979 2255 1827 2307">
     <span class='ocr_line' id='line_1_94' title="bbox 979 2255 1827 2307; baseline -0.002 -25"><span class='ocrx_word' id='word_1_671' title='bbox 979 2257 1178 2307; x_wconf 33' lang='lat' dir='ltr'><strong>‘qeervationem</strong></span> <span class='ocrx_word' id='word_1_672' title='bbox 1202 2263 1234 2283; x_wconf 87' lang='lat' dir='ltr'><strong>ea</strong></span> <span class='ocrx_word' id='word_1_673' title='bbox 1251 2256 1405 2283; x_wconf 85' lang='lat' dir='ltr'><strong>necessario</strong></span> <span class='ocrx_word' id='word_1_674' title='bbox 1423 2256 1514 2282; x_wconf 91' lang='lat' dir='ltr'><strong>ducat.</strong></span> <span class='ocrx_word' id='word_1_675' title='bbox 1541 2255 1607 2288; x_wconf 73' lang='lat' dir='ltr'><strong>Qua:</strong></span> <span class='ocrx_word' id='word_1_676' title='bbox 1631 2255 1704 2282; x_wconf 87' lang='lat' dir='ltr'><strong>enim</strong></span> <span class='ocrx_word' id='word_1_677' title='bbox 1730 2262 1780 2281; x_wconf 78' lang='lat' dir='ltr'><strong>ex-</strong></span> <span class='ocrx_word' id='word_1_678' title='bbox 1822 2271 1827 2274; x_wconf 87' lang='lat'>-</span> 
     </span>
    </p>
   </div>
   <div class='ocr_carea' id='block_1_95' title="bbox 998 2300 1780 2339">
    <p class='ocr_par' dir='ltr' id='par_1_95' title="bbox 998 2300 1780 2339">
     <span class='ocr_line' id='line_1_95' title="bbox 998 2300 1780 2339; baseline -0.006 -9"><span class='ocrx_word' id='word_1_679' title='bbox 998 2304 1084 2339; x_wconf 86' lang='lat' dir='ltr'><strong>pertia</strong></span> <span class='ocrx_word' id='word_1_680' title='bbox 1098 2308 1162 2330; x_wconf 89' lang='lat' dir='ltr'><strong>sunt</strong></span> <span class='ocrx_word' id='word_1_681' title='bbox 1185 2302 1299 2329; x_wconf 89' lang='lat' dir='ltr'><strong>rationis</strong></span> <span class='ocrx_word' id='word_1_682' title='bbox 1321 2302 1422 2329; x_wconf 89' lang='lat' dir='ltr'><strong>dueere</strong></span> <span class='ocrx_word' id='word_1_683' title='bbox 1445 2309 1500 2328; x_wconf 82' lang='lat' dir='ltr'><strong>non</strong></span> <span class='ocrx_word' id='word_1_684' title='bbox 1517 2305 1651 2335; x_wconf 77' lang='lat' dir='ltr'><strong>possunt,</strong></span> <span class='ocrx_word' id='word_1_685' title='bbox 1673 2301 1718 2327; x_wconf 89' lang='lat' dir='ltr'><strong>sed</strong></span> <span class='ocrx_word' id='word_1_686' title='bbox 1747 2300 1780 2326; x_wconf 88' lang='lat' dir='ltr'><strong>ab</strong></span> 
     </span>
    </p>
   </div>
   <div class='ocr_carea' id='block_1_96' title="bbox 993 2347 1777 2383">
    <p class='ocr_par' dir='ltr' id='par_1_96' title="bbox 993 2347 1777 2383">
     <span class='ocr_line' id='line_1_96' title="bbox 993 2347 1777 2383; baseline -0.006 -5"><span class='ocrx_word' id='word_1_687' title='bbox 993 2350 1108 2379; x_wconf 89' lang='lat' dir='ltr'><strong>naturali</strong></span> <span class='ocrx_word' id='word_1_688' title='bbox 1140 2348 1307 2383; x_wconf 88' lang='lat' dir='ltr'><strong>appetitione</strong></span> <span class='ocrx_word' id='word_1_689' title='bbox 1328 2347 1477 2374; x_wconf 90' lang='lat' dir='ltr'><strong>ducuntur.</strong></span> <span class='ocrx_word' id='word_1_690' title='bbox 1509 2347 1569 2380; x_wconf 77' lang='lat' dir='ltr'><strong>Quo</strong></span> <span class='ocrx_word' id='word_1_691' title='bbox 1596 2347 1626 2374; x_wconf 91' lang='lat' dir='ltr'><strong>ﬁt</strong></span> <span class='ocrx_word' id='word_1_692' title='bbox 1657 2353 1686 2374; x_wconf 89' lang='lat' dir='ltr'><strong>ut</strong></span> <span class='ocrx_word' id='word_1_693' title='bbox 1716 2355 1777 2373; x_wconf 83' lang='lat' dir='ltr'><strong>eum</strong></span> 
     </span>
    </p>
   </div>
   <div class='ocr_carea' id='block_1_97' title="bbox 118 2393 1797 2433">
    <p class='ocr_par' dir='ltr' id='par_1_97' title="bbox 118 2393 1797 2433">
     <span class='ocr_line' id='line_1_97' title="bbox 118 2393 1797 2433; baseline -0.002 -11"><span class='ocrx_word' id='word_1_694' title='bbox 118 2401 122 2403; x_wconf 85' lang='lat'>&#39;</span> <span class='ocrx_word' id='word_1_695' title='bbox 144 2397 292 2430; x_wconf 85' lang='lat' dir='ltr'><strong>appetitus</strong></span> <span class='ocrx_word' id='word_1_696' title='bbox 311 2397 427 2426; x_wconf 83' lang='lat' dir='ltr'><strong>exsistit.</strong></span> <span class='ocrx_word' id='word_1_697' title='bbox 446 2404 508 2424; x_wconf 83' lang='lat' dir='ltr'><strong>mox</strong></span> <span class='ocrx_word' id='word_1_698' title='bbox 520 2401 548 2424; x_wconf 90' lang='lat' dir='ltr'><strong>et</strong></span> <span class='ocrx_word' id='word_1_699' title='bbox 574 2397 691 2432; x_wconf 79' lang='lat' dir='ltr'><strong>impetus</strong></span> <span class='ocrx_word' id='word_1_700' title='bbox 714 2398 746 2425; x_wconf 90' lang='lat' dir='ltr'><strong>ad</strong></span> <span class='ocrx_word' id='word_1_701' title='bbox 767 2398 901 2433; x_wconf 80' lang='lat' dir='ltr'><strong>agendum</strong></span> <span class='ocrx_word' id='word_1_702' title='bbox 930 2406 992 2426; x_wconf 85' lang='lat' dir='ltr'><strong>eum</strong></span> <span class='ocrx_word' id='word_1_703' title='bbox 1019 2403 1052 2425; x_wconf 87' lang='lat' dir='ltr'><strong>eo</strong></span> <span class='ocrx_word' id='word_1_704' title='bbox 1076 2396 1241 2431; x_wconf 71' lang='lat' dir='ltr'><strong>coniunctus</strong></span> <span class='ocrx_word' id='word_1_705' title='bbox 1268 2394 1311 2421; x_wconf 84' lang='lat' dir='ltr'><strong>sit.</strong></span> <span class='ocrx_word' id='word_1_706' title='bbox 1335 2393 1392 2421; x_wconf 88' lang='lat' dir='ltr'><strong>Nec</strong></span> <span class='ocrx_word' id='word_1_707' title='bbox 1419 2393 1494 2420; x_wconf 89' lang='lat' dir='ltr'><strong>enim</strong></span> <span class='ocrx_word' id='word_1_708' title='bbox 1516 2393 1558 2420; x_wconf 83' lang='lat' dir='ltr'><strong>vel</strong></span> <span class='ocrx_word' id='word_1_709' title='bbox 1601 2393 1707 2420; x_wconf 83' lang='lat' dir='ltr'><strong>ratione</strong></span> <span class='ocrx_word' id='word_1_710' title='bbox 1738 2393 1797 2419; x_wconf 82' lang='lat' dir='ltr'><strong>vel‘</strong></span> 
     </span>
    </p>
   </div>
   <div class='ocr_carea' id='block_1_98' title="bbox 143 2439 1778 2479">
    <p class='ocr_par' dir='ltr' id='par_1_98' title="bbox 143 2439 1778 2479">
     <span class='ocr_line' id='line_1_98' title="bbox 143 2439 1778 2479; baseline -0.002 -11"><span class='ocrx_word' id='word_1_711' title='bbox 143 2441 271 2468; x_wconf 84' lang='lat' dir='ltr'><strong>consilio</strong></span> <span class='ocrx_word' id='word_1_712' title='bbox 290 2442 331 2469; x_wconf 89' lang='lat' dir='ltr'><strong>vel</strong></span> <span class='ocrx_word' id='word_1_713' title='bbox 345 2443 563 2470; x_wconf 87' lang='lat' dir='ltr'><strong>consideratione</strong></span> <span class='ocrx_word' id='word_1_714' title='bbox 593 2445 634 2471; x_wconf 92' lang='lat' dir='ltr'><strong>vel</strong></span> <span class='ocrx_word' id='word_1_715' title='bbox 665 2444 767 2479; x_wconf 81' lang='lat' dir='ltr'><strong>judicio</strong></span> <span class='ocrx_word' id='word_1_716' title='bbox 781 2450 905 2472; x_wconf 90' lang='lat' dir='ltr'><strong>utuntur.</strong></span> <span class='ocrx_word' id='word_1_717' title='bbox 926 2445 984 2477; x_wconf 83' lang='lat' dir='ltr'><strong>Qua</strong></span> <span class='ocrx_word' id='word_1_718' title='bbox 1000 2446 1057 2474; x_wconf 84' lang='lat' dir='ltr'><strong>ipsa</strong></span> <span class='ocrx_word' id='word_1_719' title='bbox 1070 2443 1103 2471; x_wconf 86' lang='lat' dir='ltr'><strong>de</strong></span> <span class='ocrx_word' id='word_1_720' title='bbox 1117 2450 1199 2470; x_wconf 90' lang='lat' dir='ltr'><strong>causa</strong></span> <span class='ocrx_word' id='word_1_721' title='bbox 1216 2448 1266 2468; x_wconf 87' lang='lat' dir='ltr'><strong>nec</strong></span> <span class='ocrx_word' id='word_1_722' title='bbox 1279 2445 1310 2468; x_wconf 89' lang='lat' dir='ltr'><strong>ut</strong></span> <span class='ocrx_word' id='word_1_723' title='bbox 1330 2440 1456 2467; x_wconf 80' lang='lat' dir='ltr'><strong>virtutem</strong></span> <span class='ocrx_word' id='word_1_724' title='bbox 1485 2439 1603 2466; x_wconf 84' lang='lat' dir='ltr'><strong>colentia</strong></span> <span class='ocrx_word' id='word_1_725' title='bbox 1632 2440 1778 2466; x_wconf 83' lang='lat' dir='ltr'><strong>laudantur</strong></span> 
     </span>
    </p>
   </div>
   <div class='ocr_carea' id='block_1_99' title="bbox 143 2485 1780 2524">
    <p class='ocr_par' dir='ltr' id='par_1_99' title="bbox 143 2485 1780 2524">
     <span class='ocr_line' id='line_1_99' title="bbox 143 2485 1780 2524; baseline -0.002 -11"><span class='ocrx_word' id='word_1_726' title='bbox 143 2490 178 2513; x_wconf 86' lang='lat' dir='ltr'><strong>et</strong></span> <span class='ocrx_word' id='word_1_727' title='bbox 215 2486 305 2514; x_wconf 81' lang='lat' dir='ltr'><strong>felicia</strong></span> <span class='ocrx_word' id='word_1_728' title='bbox 325 2487 520 2521; x_wconf 66' lang='lat' dir='ltr'><strong>praedicantur,</strong></span> <span class='ocrx_word' id='word_1_729' title='bbox 539 2496 592 2516; x_wconf 89' lang='lat' dir='ltr'><strong>nec</strong></span> <span class='ocrx_word' id='word_1_730' title='bbox 629 2494 660 2516; x_wconf 90' lang='lat' dir='ltr'><strong>ut</strong></span> <span class='ocrx_word' id='word_1_731' title='bbox 681 2489 799 2516; x_wconf 89' lang='lat' dir='ltr'><strong>obnoxia</strong></span> <span class='ocrx_word' id='word_1_732' title='bbox 825 2490 898 2516; x_wconf 89' lang='lat' dir='ltr'><strong>vitiis</strong></span> <span class='ocrx_word' id='word_1_733' title='bbox 925 2490 1085 2524; x_wconf 90' lang='lat' dir='ltr'><strong>puniuntur.</strong></span> <span class='ocrx_word' id='word_1_734' title='bbox 1108 2488 1143 2515; x_wconf 86' lang='lat' dir='ltr'><strong>At</strong></span> <span class='ocrx_word' id='word_1_735' title='bbox 1176 2492 1274 2514; x_wconf 81' lang='lat' dir='ltr'><strong>natura</strong></span> <span class='ocrx_word' id='word_1_736' title='bbox 1305 2485 1443 2520; x_wconf 87' lang='lat' dir='ltr'><strong>particeps</strong></span> <span class='ocrx_word' id='word_1_737' title='bbox 1470 2485 1593 2516; x_wconf 86' lang='lat' dir='ltr'><strong>rationis,</strong></span> <span class='ocrx_word' id='word_1_738' title='bbox 1624 2485 1706 2512; x_wconf 72' lang='lat' dir='ltr'><strong>habet</strong></span> <span class='ocrx_word' id='word_1_739' title='bbox 1737 2486 1780 2512; x_wconf 84' lang='lat' dir='ltr'><strong>illa</strong></span> 
     </span>
    </p>
   </div>
   <div class='ocr_carea' id='block_1_100' title="bbox 142 2531 1779 2571">
    <p class='ocr_par' dir='ltr' id='par_1_100' title="bbox 142 2531 1779 2571">
     <span class='ocr_line' id='line_1_100' title="bbox 142 2531 1779 2571; baseline -0.001 -12"><span class='ocrx_word' id='word_1_740' title='bbox 142 2533 269 2568; x_wconf 88' lang='lat' dir='ltr'><strong>quidem</strong></span> <span class='ocrx_word' id='word_1_741' title='bbox 284 2535 437 2568; x_wconf 91' lang='lat' dir='ltr'><strong>appetitum</strong></span> <span class='ocrx_word' id='word_1_742' title='bbox 467 2535 631 2567; x_wconf 86' lang='lat' dir='ltr'><strong>naturalem,</strong></span> <span class='ocrx_word' id='word_1_743' title='bbox 649 2543 703 2570; x_wconf 85' lang='lat' dir='ltr'><strong>quo</strong></span> <span class='ocrx_word' id='word_1_744' title='bbox 734 2536 895 2571; x_wconf 86' lang='lat' dir='ltr'><strong>impellitur,</strong></span> <span class='ocrx_word' id='word_1_745' title='bbox 915 2537 964 2564; x_wconf 90' lang='lat' dir='ltr'><strong>sed</strong></span> <span class='ocrx_word' id='word_1_746' title='bbox 992 2537 1039 2571; x_wconf 92' lang='lat' dir='ltr'><strong>qui</strong></span> <span class='ocrx_word' id='word_1_747' title='bbox 1070 2543 1085 2563; x_wconf 89' lang='lat' dir='ltr'><strong>a</strong></span> <span class='ocrx_word' id='word_1_748' title='bbox 1118 2535 1224 2562; x_wconf 84' lang='lat' dir='ltr'><strong>ratione</strong></span> <span class='ocrx_word' id='word_1_749' title='bbox 1257 2533 1366 2561; x_wconf 87' lang='lat' dir='ltr'><strong>ducitur</strong></span> <span class='ocrx_word' id='word_1_750' title='bbox 1400 2536 1517 2566; x_wconf 90' lang='lat' dir='ltr'><strong>apteque</strong></span> <span class='ocrx_word' id='word_1_751' title='bbox 1544 2531 1680 2565; x_wconf 78' lang='lat' dir='ltr'><strong>dirigitur.</strong></span> <span class='ocrx_word' id='word_1_752' title='bbox 1707 2531 1779 2558; x_wconf 87' lang='lat' dir='ltr'><strong>Nihil</strong></span> 
     </span>
    </p>
   </div>
   <div class='ocr_carea' id='block_1_101' title="bbox 142 2579 1780 2618">
    <p class='ocr_par' dir='ltr' id='par_1_101' title="bbox 142 2579 1780 2618">
     <span class='ocr_line' id='line_1_101' title="bbox 142 2579 1780 2618; baseline 0.001 -11"><span class='ocrx_word' id='word_1_753' title='bbox 142 2581 229 2607; x_wconf 69' lang='lat' dir='ltr'><strong>enim</strong></span> <span class='ocrx_word' id='word_1_754' title='bbox 259 2581 328 2608; x_wconf 87' lang='lat' dir='ltr'><strong>ratio</strong></span> <span class='ocrx_word' id='word_1_755' title='bbox 350 2579 525 2616; x_wconf 80' lang='lat' dir='ltr'><strong>praestantius</strong></span> <span class='ocrx_word' id='word_1_756' title='bbox 555 2583 638 2611; x_wconf 83' lang='lat' dir='ltr'><strong>habet</strong></span> <span class='ocrx_word' id='word_1_757' title='bbox 670 2591 752 2617; x_wconf 87' lang='lat' dir='ltr'><strong>quam</strong></span> <span class='ocrx_word' id='word_1_758' title='bbox 783 2585 854 2618; x_wconf 89' lang='lat' dir='ltr'><strong>quod</strong></span> <span class='ocrx_word' id='word_1_759' title='bbox 885 2585 1027 2611; x_wconf 79' lang='lat' dir='ltr'><strong>voluntate</strong></span> <span class='ocrx_word' id='word_1_760' title='bbox 1052 2584 1138 2611; x_wconf 86' lang='lat' dir='ltr'><strong>libera</strong></span> <span class='ocrx_word' id='word_1_761' title='bbox 1168 2580 1355 2616; x_wconf 66' lang='lat' dir='ltr'><strong>sinraedita.</strong></span> <span class='ocrx_word' id='word_1_762' title='bbox 1371 2587 1452 2615; x_wconf 82' lang='lat' dir='ltr'><strong>quam</strong></span> <span class='ocrx_word' id='word_1_763' title='bbox 1483 2579 1510 2606; x_wconf 93' lang='lat' dir='ltr'><strong>in</strong></span> <span class='ocrx_word' id='word_1_764' title='bbox 1542 2584 1640 2607; x_wconf 83' lang='lat' dir='ltr'><strong>natura</strong></span> <span class='ocrx_word' id='word_1_765' title='bbox 1665 2579 1780 2607; x_wconf 70' lang='lat' dir='ltr'><strong>rationis</strong></span> 
     </span>
    </p>
   </div>
   <div class='ocr_carea' id='block_1_102' title="bbox 142 2625 1798 2661">
    <p class='ocr_par' dir='ltr' id='par_1_102' title="bbox 142 2625 1798 2661">
     <span class='ocr_line' id='line_1_102' title="bbox 142 2625 1798 2661; baseline 0 -9"><span class='ocrx_word' id='word_1_766' title='bbox 142 2625 290 2660; x_wconf 86' lang='lat' dir='ltr'><strong>participe</strong></span> <span class='ocrx_word' id='word_1_767' title='bbox 321 2627 469 2653; x_wconf 89' lang='lat' dir='ltr'><strong>motionem</strong></span> <span class='ocrx_word' id='word_1_768' title='bbox 488 2627 638 2654; x_wconf 87' lang='lat' dir='ltr'><strong>naturalem</strong></span> <span class='ocrx_word' id='word_1_769' title='bbox 664 2628 791 2656; x_wconf 88' lang='lat' dir='ltr'><strong>dicimus.</strong></span> <span class='ocrx_word' id='word_1_770' title='bbox 818 2629 920 2657; x_wconf 87' lang='lat' dir='ltr'><strong>Idcirco</strong></span> <span class='ocrx_word' id='word_1_771' title='bbox 941 2630 1067 2656; x_wconf 89' lang='lat' dir='ltr'><strong>virtutem</strong></span> <span class='ocrx_word' id='word_1_772' title='bbox 1094 2628 1186 2656; x_wconf 89' lang='lat' dir='ltr'><strong>colens</strong></span> <span class='ocrx_word' id='word_1_773' title='bbox 1208 2627 1334 2654; x_wconf 82' lang='lat' dir='ltr'><strong>laudatur</strong></span> <span class='ocrx_word' id='word_1_774' title='bbox 1357 2634 1390 2654; x_wconf 89' lang='lat' dir='ltr'><strong>ac</strong></span> <span class='ocrx_word' id='word_1_775' title='bbox 1416 2633 1478 2661; x_wconf 89' lang='lat' dir='ltr'><strong>pro-</strong></span> <span class='ocrx_word' id='word_1_776' title='bbox 1494 2626 1574 2653; x_wconf 84' lang='lat' dir='ltr'><strong>beata</strong></span> <span class='ocrx_word' id='word_1_777' title='bbox 1600 2625 1718 2658; x_wconf 87' lang='lat' dir='ltr'><strong>ducitur,</strong></span> <span class='ocrx_word' id='word_1_778' title='bbox 1753 2629 1798 2653; x_wconf 85' lang='lat' dir='ltr'><strong>et.</strong></span> 
     </span>
    </p>
   </div>
   <div class='ocr_carea' id='block_1_103' title="bbox 141 2671 700 2709">
    <p class='ocr_par' dir='ltr' id='par_1_103' title="bbox 141 2671 700 2709">
     <span class='ocr_line' id='line_1_103' title="bbox 141 2671 700 2709; baseline 0.007 -11"><span class='ocrx_word' id='word_1_779' title='bbox 141 2671 337 2700; x_wconf 82' lang='lat' dir='ltr'><strong>consimiliter</strong></span> <span class='ocrx_word' id='word_1_780' title='bbox 351 2673 469 2701; x_wconf 83' lang='lat' dir='ltr'><strong>obnoxia</strong></span> <span class='ocrx_word' id='word_1_781' title='bbox 490 2674 563 2702; x_wconf 87' lang='lat' dir='ltr'><strong>vitiis</strong></span> <span class='ocrx_word' id='word_1_782' title='bbox 578 2675 700 2709; x_wconf 83' lang='lat' dir='ltr'><strong>punitur.</strong></span> 
     </span>
    </p>
   </div>
   <div class='ocr_carea' id='block_1_104' title="bbox 186 2741 938 2778">
    <p class='ocr_par' dir='ltr' id='par_1_104' title="bbox 186 2741 938 2778">
     <span class='ocr_line' id='line_1_104' title="bbox 186 2741 938 2778; baseline 0.005 -11"><span class='ocrx_word' id='word_1_783' title='bbox 186 2741 222 2768; x_wconf 80' lang='grc' dir='ltr'><strong>Ει</strong></span> <span class='ocrx_word' id='word_1_784' title='bbox 239 2741 266 2768; x_wconf 84' lang='grc' dir='ltr'>δὲ</span> <span class='ocrx_word' id='word_1_785' title='bbox 285 2743 331 2769; x_wconf 78' lang='grc' dir='ltr'><strong>καὶ</strong></span> <span class='ocrx_word' id='word_1_786' title='bbox 356 2743 434 2770; x_wconf 83' lang='grc' dir='ltr'><strong>τοῦτο</strong></span> <span class='ocrx_word' id='word_1_787' title='bbox 458 2743 560 2778; x_wconf 81' lang='grc' dir='ltr'><strong>ζητεῖς,</strong></span> <span class='ocrx_word' id='word_1_788' title='bbox 581 2745 651 2776; x_wconf 69' lang='grc' dir='ltr'><strong>τίνος</strong></span> <span class='ocrx_word' id='word_1_789' title='bbox 666 2744 759 2771; x_wconf 70' lang='grc' dir='ltr'><strong>ἕνεκεν</strong></span> <span class='ocrx_word' id='word_1_790' title='bbox 776 2744 845 2772; x_wconf 75' lang='grc' dir='ltr'><strong>αὐτὰ</strong></span> <span class='ocrx_word' id='word_1_791' title='bbox 860 2753 889 2771; x_wconf 82' lang='grc' dir='ltr'><strong>τε</strong></span> <span class='ocrx_word' id='word_1_792' title='bbox 903 2744 938 2771; x_wconf 78' lang='grc' dir='ltr'><strong>τὰ</strong></span> 
     </span>
    </p>
   </div>
   <div class='ocr_carea' id='block_1_105' title="bbox 139 2786 939 2826">
    <p class='ocr_par' dir='ltr' id='par_1_105' title="bbox 139 2786 939 2826">
     <span class='ocr_line' id='line_1_105' title="bbox 139 2786 939 2826; baseline 0.006 -14"><span class='ocrx_word' id='word_1_793' title='bbox 139 2786 213 2817; x_wconf 80' lang='grc' dir='ltr'><strong>ζῶα</strong></span> <span class='ocrx_word' id='word_1_794' title='bbox 231 2788 281 2814; x_wconf 77' lang='grc' dir='ltr'><strong>κιὶ</strong></span> <span class='ocrx_word' id='word_1_795' title='bbox 296 2789 310 2815; x_wconf 79' lang='grc' dir='ltr'>ὀ</span> <span class='ocrx_word' id='word_1_796' title='bbox 324 2788 466 2823; x_wconf 78' lang='grc' dir='ltr'><strong>ἅνθρωπος</strong></span> <span class='ocrx_word' id='word_1_797' title='bbox 481 2790 564 2821; x_wconf 79' lang='grc' dir='ltr'><strong>πόδας</strong></span> <span class='ocrx_word' id='word_1_798' title='bbox 582 2791 692 2825; x_wconf 79' lang='grc' dir='ltr'><strong>ἆρτίους</strong></span> <span class='ocrx_word' id='word_1_799' title='bbox 705 2791 806 2826; x_wconf 77' lang='grc' dir='ltr'><strong>ἔχουσι,</strong></span> <span class='ocrx_word' id='word_1_800' title='bbox 820 2792 939 2824; x_wconf 80' lang='grc' dir='ltr'><strong>γίνωσκε</strong></span> 
     </span>
    </p>
   </div>
   <div class='ocr_carea' id='block_1_106' title="bbox 139 2833 941 2872">
    <p class='ocr_par' dir='ltr' id='par_1_106' title="bbox 139 2833 941 2872">
     <span class='ocr_line' id='line_1_106' title="bbox 139 2833 941 2872; baseline 0.007 -14"><span class='ocrx_word' id='word_1_801' title='bbox 139 2833 192 2859; x_wconf 67' lang='grc' dir='ltr'><strong>ὅτι</strong></span> <span class='ocrx_word' id='word_1_802' title='bbox 208 2834 255 2860; x_wconf 79' lang='grc' dir='ltr'><strong>διὰ</strong></span> <span class='ocrx_word' id='word_1_803' title='bbox 272 2834 303 2861; x_wconf 75' lang='grc' dir='ltr'><strong>τὸ</strong></span> <span class='ocrx_word' id='word_1_804' title='bbox 319 2834 356 2870; x_wconf 83' lang='grc' dir='ltr'><strong>μὴ</strong></span> <span class='ocrx_word' id='word_1_805' title='bbox 373 2835 499 2868; x_wconf 80' lang='grc' dir='ltr'><strong>ἀτάκτως</strong></span> <span class='ocrx_word' id='word_1_806' title='bbox 513 2837 652 2864; x_wconf 73' lang='grc' dir='ltr'><strong>ἅλλεσθαι.</strong></span> <span class='ocrx_word' id='word_1_807' title='bbox 669 2837 748 2864; x_wconf 77' lang='grc' dir='ltr'><strong>Οὕτω</strong></span> <span class='ocrx_word' id='word_1_808' title='bbox 765 2837 812 2864; x_wconf 74' lang='grc' dir='ltr'><strong>καὶ</strong></span> <span class='ocrx_word' id='word_1_809' title='bbox 829 2838 882 2872; x_wconf 75' lang='grc' dir='ltr'><strong>γὰρ</strong></span> <span class='ocrx_word' id='word_1_810' title='bbox 897 2838 941 2864; x_wconf 73' lang='grc' dir='ltr'><strong>διὰ</strong></span> 
     </span>
    </p>
   </div>
   <div class='ocr_carea' id='block_1_107' title="bbox 141 2879 941 2912">
    <p class='ocr_par' dir='ltr' id='par_1_107' title="bbox 141 2879 941 2912">
     <span class='ocr_line' id='line_1_107' title="bbox 141 2879 941 2912; baseline 0.003 -6"><span class='ocrx_word' id='word_1_811' title='bbox 141 2880 206 2908; x_wconf 76' lang='grc' dir='ltr'><strong>μὲν</strong></span> <span class='ocrx_word' id='word_1_812' title='bbox 229 2879 278 2907; x_wconf 67' lang='grc' dir='ltr'><strong>τοῦ</strong></span> <span class='ocrx_word' id='word_1_813' title='bbox 302 2881 358 2909; x_wconf 73' lang='grc' dir='ltr'><strong>ἑνὸς</strong></span> <span class='ocrx_word' id='word_1_814' title='bbox 385 2881 527 2911; x_wconf 72' lang='grc' dir='ltr'><strong>ἱστάμενος</strong></span> <span class='ocrx_word' id='word_1_815' title='bbox 550 2883 563 2909; x_wconf 82' lang='grc' dir='ltr'><strong><em>ὁ</em></strong></span> <span class='ocrx_word' id='word_1_816' title='bbox 584 2881 736 2912; x_wconf 73' lang='grc' dir='ltr'><strong>ἄνθρωπος.</strong></span> <span class='ocrx_word' id='word_1_817' title='bbox 751 2882 846 2911; x_wconf 78' lang='grc' dir='ltr'><strong>ὢσπεο</strong></span> <span class='ocrx_word' id='word_1_818' title='bbox 862 2882 941 2909; x_wconf 77' lang='grc' dir='ltr'><strong>πάλιν</strong></span> 
     </span>
    </p>
   </div>
   <div class='ocr_carea' id='block_1_108' title="bbox 1028 2742 1799 2781">
    <p class='ocr_par' dir='ltr' id='par_1_108' title="bbox 1028 2742 1799 2781">
     <span class='ocr_line' id='line_1_108' title="bbox 1028 2742 1799 2781; baseline -0.005 -8"><span class='ocrx_word' id='word_1_819' title='bbox 1028 2746 1082 2781; x_wconf 79' lang='lat'><strong>66</strong></span> <span class='ocrx_word' id='word_1_820' title='bbox 1099 2745 1200 2778; x_wconf 86' lang='lat' dir='ltr'><strong>Quodsi</strong></span> <span class='ocrx_word' id='word_1_821' title='bbox 1226 2745 1307 2773; x_wconf 88' lang='lat' dir='ltr'><strong>etiam</strong></span> <span class='ocrx_word' id='word_1_822' title='bbox 1332 2745 1401 2772; x_wconf 87' lang='lat' dir='ltr'><strong>scire</strong></span> <span class='ocrx_word' id='word_1_823' title='bbox 1424 2743 1502 2778; x_wconf 75' lang='lat' dir='ltr'><strong>cupis</strong></span> <span class='ocrx_word' id='word_1_824' title='bbox 1523 2742 1698 2778; x_wconf 83' lang='lat' dir='ltr'><strong>quamobrem</strong></span> <span class='ocrx_word' id='word_1_825' title='bbox 1723 2748 1799 2770; x_wconf 59' lang='lat' dir='ltr'><strong>tam»</strong></span> 
     </span>
    </p>
   </div>
   <div class='ocr_carea' id='block_1_109' title="bbox 995 2782 1802 2826">
    <p class='ocr_par' dir='ltr' id='par_1_109' title="bbox 995 2782 1802 2826">
     <span class='ocr_line' id='line_1_109' title="bbox 995 2782 1802 2826; baseline -0.005 -8"><span class='ocrx_word' id='word_1_826' title='bbox 995 2792 1122 2818; x_wconf 84' lang='lat' dir='ltr'><strong>auimalia</strong></span> <span class='ocrx_word' id='word_1_827' title='bbox 1137 2782 1220 2826; x_wconf 81' lang='lat' dir='ltr'><strong>quam</strong></span> <span class='ocrx_word' id='word_1_828' title='bbox 1239 2791 1322 2818; x_wconf 87' lang='lat' dir='ltr'><strong>homo</strong></span> <span class='ocrx_word' id='word_1_829' title='bbox 1339 2791 1396 2825; x_wconf 90' lang='lat' dir='ltr'><strong>pari</strong></span> <span class='ocrx_word' id='word_1_830' title='bbox 1418 2797 1531 2822; x_wconf 74' lang='lat' dir='ltr'><strong>numero</strong></span> <span class='ocrx_word' id='word_1_831' title='bbox 1555 2789 1637 2824; x_wconf 86' lang='lat' dir='ltr'><strong>pedes</strong></span> <span class='ocrx_word' id='word_1_832' title='bbox 1652 2789 1778 2822; x_wconf 74' lang='lat' dir='ltr'><strong>habeant,</strong></span> <span class='ocrx_word' id='word_1_833' title='bbox 1799 2815 1802 2818; x_wconf 67' lang='grc'>,</span> 
     </span>
    </p>
   </div>
   <div class='ocr_carea' id='block_1_110' title="bbox 996 2835 1780 2873">
    <p class='ocr_par' dir='ltr' id='par_1_110' title="bbox 996 2835 1780 2873">
     <span class='ocr_line' id='line_1_110' title="bbox 996 2835 1780 2873; baseline -0.003 -10"><span class='ocrx_word' id='word_1_834' title='bbox 996 2837 1021 2863; x_wconf 88' lang='lat' dir='ltr'><strong>id</strong></span> <span class='ocrx_word' id='word_1_835' title='bbox 1035 2843 1176 2873; x_wconf 87' lang='lat' dir='ltr'><strong>propterea</strong></span> <span class='ocrx_word' id='word_1_836' title='bbox 1190 2837 1289 2864; x_wconf 75' lang='lat' dir='ltr'><strong>factum</strong></span> <span class='ocrx_word' id='word_1_837' title='bbox 1310 2836 1476 2871; x_wconf 77' lang='lat' dir='ltr'><strong>cognoscito,</strong></span> <span class='ocrx_word' id='word_1_838' title='bbox 1496 2843 1530 2862; x_wconf 90' lang='lat' dir='ltr'><strong>ne</strong></span> <span class='ocrx_word' id='word_1_839' title='bbox 1548 2835 1700 2863; x_wconf 78' lang='lat' dir='ltr'><strong>inordinate</strong></span> <span class='ocrx_word' id='word_1_840' title='bbox 1714 2844 1780 2863; x_wconf 63' lang='lat' dir='ltr'><strong>cou&lt;</strong></span> 
     </span>
    </p>
   </div>
   <div class='ocr_carea' id='block_1_111' title="bbox 997 2881 1800 2914">
    <p class='ocr_par' dir='ltr' id='par_1_111' title="bbox 997 2881 1800 2914">
     <span class='ocr_line' id='line_1_111' title="bbox 997 2881 1800 2914; baseline -0.004 -4"><span class='ocrx_word' id='word_1_841' title='bbox 997 2883 1110 2913; x_wconf 79' lang='lat' dir='ltr'><strong>fuscutte</strong></span> <span class='ocrx_word' id='word_1_842' title='bbox 1134 2883 1285 2911; x_wconf 67' lang='lat' dir='ltr'><strong>exsilit-ent.</strong></span> <span class='ocrx_word' id='word_1_843' title='bbox 1318 2881 1382 2908; x_wconf 78' lang='lat' dir='ltr'><strong>Nam</strong></span> <span class='ocrx_word' id='word_1_844' title='bbox 1413 2881 1464 2909; x_wconf 90' lang='lat' dir='ltr'><strong>hoc</strong></span> <span class='ocrx_word' id='word_1_845' title='bbox 1489 2881 1570 2909; x_wconf 89' lang='lat' dir='ltr'><strong>ntodo</strong></span> <span class='ocrx_word' id='word_1_846' title='bbox 1597 2881 1637 2914; x_wconf 87' lang='lat' dir='ltr'><strong>ﬁt,</strong></span> <span class='ocrx_word' id='word_1_847' title='bbox 1661 2886 1689 2909; x_wconf 89' lang='lat' dir='ltr'><strong>ut</strong></span> <span class='ocrx_word' id='word_1_848' title='bbox 1716 2887 1800 2909; x_wconf 50' lang='lat' dir='ltr'><strong>dun»:</strong></span> 
     </span>
    </p>
   </div>
  </div>
