1957 3073
169 158 220 189 Mfl

798 161 824 189 Μ
830 159 1009 191 lCHAELlS
1023 161 1161 192 (ἓιῖοῶ

1735 159 1784 192 [Η

167 220 251 246 homo
268 219 325 252 uni,
346 219 474 246 animalia
506 219 608 253 reliqua
622 214 734 247 Tluubus
751 219 865 253 pedibus
887 219 949 247 insi-

1004 221 1038 247 τὰ
1066 221 1124 252 ζῶα
1151 221 1194 247 διὰ
1219 220 1265 246 δύο
1290 220 1389 254 ποδῶν,
1413 220 1505 256 ἠρέμα
1529 219 1574 246 διὰ
1603 220 1657 246 τῶν
1683 220 1784 256 ἐτέρων

166 269 252 296 stunt,
270 263 380 290 interim
397 271 446 298 per
457 264 526 291 alios
535 264 663 297 paulatim
681 257 834 297 progressio
846 263 902 289 ﬁat.
919 264 947 290 In

166 309 302 336 nonnullis
330 309 504 342 animalibus,
524 310 623 337 dilecte
647 309 695 342 lili,
723 309 894 337 consuetudo
922 309 951 336 ﬁt.

165 363 260 389 reapse
275 360 381 382 natura.

199 402 266 428 Nam
283 401 411 428 animalia
429 401 506 432 mihi,
520 409 622 436 qnzeso.
639 401 739 437 Libyca
760 402 878 434 intuere,
891 410 951 437 quae

163 456 213 483 per
229 453 432 480 aestatem,eum
448 449 564 475 maxime
577 449 682 479 sitiunt.
695 456 709 475 a
722 454 785 483 potu
801 449 949 480 abstinent,

166 502 215 528 per
236 494 366 526 hiemem,
385 501 447 520 cum
479 494 574 520 sitiunt
595 494 695 525 minus,
715 494 822 521 bibunt.
843 494 872 521 In
889 501 948 520 eam

163 540 198 567 ob
218 547 326 567 causam
344 539 457 566 omnino
484 540 592 570 accidit,
609 540 681 574 quod
705 540 786 575 Libya
811 547 858 574 per
873 545 951 566 aesta-

163 590 218 612 tem
235 593 314 619 aquas
326 585 433 611 laboret
444 585 546 620 inopia.
563 585 734 620 Quapropter
750 585 865 612 hiberno
881 590 950 611 tem-

162 638 228 665 pore
254 638 350 664 aquam
377 631 516 664 hauriunt,
540 638 601 658 cum
626 631 686 665 ejus
710 631 814 665 copiam
839 631 949 658 habent.

163 677 288 710 (tumque
301 677 341 703 sic
355 676 427 704 iisin
444 677 512 704 locis
528 677 711 710 assueverint,
731 677 813 704 etiam
838 677 871 704 ad
884 677 951 704 alias

163 721 290 756 regiones
314 722 403 749 delata
418 730 520 750 morem
545 730 626 750 suum
642 723 772 750 retinent.
796 722 835 750 Ac
851 722 885 750 de
907 723 950 750 his

163 767 273 802 quidem
291 768 436 796 hactenus.

197 813 331 841 (Ia-terum
359 820 421 849 post
443 815 602 842 animalium
631 815 800 843 terrestrium
833 814 951 842 creatio-

163 867 225 886 nem
243 859 315 887 D'eus
334 860 472 887 hominem
489 862 566 896 tingit
580 864 619 889 'ac
643 861 670 888 in
686 861 810 896 paradiso
825 861 948 888 collocat.

164 903 289 937 Quojnm
306 904 332 931 in
357 905 418 932 loco
433 906 514 933 velim
529 906 650 933 animum
677 907 756 938 mihi,
770 906 871 933 dilecte
900 906 948 937 ﬁli,

163 948 299 976 advertas.
318 949 449 983 Quamvis
465 952 539 978 enim
565 951 660 979 volunt
674 952 757 986 aliqui
783 952 867 980 Deum
889 956 950 986 post.

162 993 308 1027 septimum
334 995 406 1021 diem
428 996 585 1030 paradisum
605 996 773 1028 condidisse,
790 995 950 1031 proﬁtentes

162 1046 192 1066 se
208 1038 333 1067 Mosaica:
348 1041 471 1068 historiae
495 1042 616 1077 vestigiis
639 1042 786 1075 inhaerere,
805 1042 950 1069 manifesto

162 1092 253 1112 tamen
271 1090 372 1118 errant,
386 1091 415 1113 ut
429 1087 475 1121 qui
491 1087 659 1121 transitorie,
683 1095 736 1115 non
749 1088 869 1114 adhibita
891 1095 951 1122 per-

161 1130 341 1165 vestigatione
352 1132 531 1160 conveniente
548 1133 666 1160 Litteras
690 1141 782 1160 sacras
796 1133 948 1168 perlegam.

161 1176 200 1204 Ac
217 1177 278 1204 vide
292 1178 434 1213 mihiquid
449 1184 588 1213 spectator
605 1178 649 1206 ille
674 1178 719 1206 Dei
742 1179 830 1206 Moses
853 1179 925 1206 dicat
942 1187 949 1205 :

165 1232 177 1248 σ
192 1223 314 1251 Absolvit
332 1223 414 1257 Deus,
426 1226 524 1259 inquit,
542 1225 585 1252 die
599 1230 677 1252 sexto
690 1230 788 1253 cuncta
806 1233 866 1259 qua:
879 1225 952 1252 fece-

163 1274 219 1302 rat;
247 1277 279 1297 ac
303 1270 349 1298 die
372 1271 490 1305 septimo
514 1271 549 1298 ab
575 1271 867 1306 omnibus‘operibus,
891 1278 952 1305 quae

162 1314 271 1342 eﬂicere
293 1320 425 1349 coeperat,
440 1316 585 1350 quievit“.
603 1325 611 1342 ι
639 1316 733 1351 Itaque
755 1317 776 1344 si
802 1321 864 1351 post
879 1317 951 1343 diem

162 1361 308 1395 Septimum
322 1361 390 1388 nihil
406 1362 528 1393 omnino.
542 1362 614 1396 quod
626 1367 706 1390 antea
720 1371 774 1390 non
788 1363 949 1396 exstitisset,

162 1405 190 1431 in
203 1410 292 1432 orbum
308 1406 446 1439 produxit,
461 1407 507 1440 qui
521 1411 583 1441 post
608 1407 680 1434 diem
708 1407 853 1445 septimum
871 1415 952 1442 para-

161 1451 249 1478 disum
279 1452 416 1479 condidit?
442 1452 574 1480 Vidunlur
597 1453 707 1487 quidem
733 1453 843 1481 Litterae
867 1461 951 1480 sacra:

161 1496 214 1524 hoc
234 1497 315 1524 modo
331 1497 417 1531 loqui,
434 1506 465 1526 ac
492 1499 514 1525 si
535 1503 597 1534 post
613 1499 685 1526 diem
710 1500 855 1534 septimum
871 1507 951 1534 para-

161 1543 239 1570 disus
264 1543 391 1571 conditus
418 1543 500 1572 fuerit
527 1553 534 1572 :
563 1553 657 1572 verum
685 1545 755 1573 alius
783 1553 881 1580 scopus
910 1550 950 1573 est

163 1595 269 1618 earnm.
298 1588 332 1615 de
362 1589 479 1623 plurium
506 1590 615 1624 quidem
650 1591 796 1618 sententia.
829 1591 948 1618 Joannes

163 1633 374 1669 Chrysostomus
396 1636 546 1663 audiendus
571 1642 613 1663 est
638 1637 758 1670 tibi,qu
784 1637 809 1663 in
826 1637 949 1664 oratione

162 1681 196 1707 de
210 1689 257 1708 su
282 1680 387 1708 dierum
411 1683 539 1716 operibus
566 1691 604 1709 xtl
630 1683 697 1710 dicit
725 1683 826 1710 Mosem
854 1691 948 1710 eorum

162 1734 222 1761 quae
254 1732 331 1754 antea
365 1734 630 1762 commemorasset,
659 1738 794 1757 summam
822 1730 948 1758 brevibus

163 1774 262 1801 deinde
285 1775 523 1809 complectentem.
552 1775 948 1813 simplicioribusoccasionem

163 1820 313 1855 pnebuisse
329 1826 356 1847 ut
378 1821 533 1857 ltnjnsmodi
559 1823 716 1857 opinionem
737 1823 895 1858 'arriperent
910 1827 950 1850 at.-

163 1874 217 1900 quc
235 1867 398 1902 proferrent.
421 1867 486 1894 Nam
509 1869 668 1903 cateroqui,
691 1869 712 1895 si
728 1873 790 1904 post
807 1869 878 1896 diem
904 1877 949 1896 se-

163 1914 290 1948 ptimum.
318 1919 346 1941 ut
375 1914 427 1949 ipsi
451 1915 562 1947 volunt,
587 1916 730 1950 paradisus
748 1921 789 1943 est
809 1906 948 1946 conditus,

165 1961 278 1987 omnino
292 1961 414 1987 dicamus
428 1969 541 1989 necesse
557 1966 598 1989 est
613 1962 696 1988 etiam
725 1961 821 1988 Adami
840 1961 874 1989 de
888 1961 949 1996 pula

163 2014 228 2033 vere
250 2006 452 2038 l'onnntionem.
482 2008 604 2042 itemque
636 2012 802 2035 structuram
829 2008 889 2035 Eva:
915 2007 949 2035 de

162 2053 258 2080 Adanti
275 2059 360 2086 costa,
391 2060 453 2087 post
472 2055 599 2082 eumdem
625 2055 772 2088 septimum
795 2054 868 2082 diem
894 2055 951 2089 pri-

164 2106 237 2125 mum
255 2097 363 2125 factam.
379 2099 562 2132 Quamobrem
587 2099 674 2126 istuc?
687 2099 756 2130 Quia
773 2099 862 2126 Moses
878 2099 949 2127 hanc

164 2151 272 2177 quoque
297 2145 444 2179 posterius,
472 2146 499 2173 id
527 2150 569 2173 est
597 2150 660 2180 post
685 2145 756 2172 diem
790 2146 948 2180 septimum,

163 2195 267 2222 narrat.
283 2191 401 2219 Proinde
415 2192 549 2227 reliquum
564 2197 605 2219 est
621 2192 776 2226 paradisum
800 2196 864 2219 ante
877 2192 948 2220 Ada-

1002 267 1143 293 ποιοῦνται
1155 266 1205 302 τὴν
1218 266 1332 302 βάδισιν.

1039 401 1153 434 Ὄντως,
1167 398 1304 435 ἀγαητὲ,
1321 400 1352 426 τὺ
1366 399 1427 432 ἔθος
1446 399 1527 434 φύσις
1544 398 1591 426 ἐπί
1602 407 1656 426 τισι
1668 399 1784 433 γίνεται.

1002 449 1075 484 Ὅρα
1090 448 1143 482 γὰρ
1159 448 1200 474 ὅτι
1225 447 1259 473 τὰ
1282 447 1388 474 meum
1408 446 1490 482 θηρία
1507 446 1554 472 τοῦ
1572 446 1623 481 μὲν
1646 445 1741 480 θέρους
1754 446 1785 471 οὺ

1002 494 1085 526 πίνει,
1108 494 1161 520 ὅτε.
1181 493 1300 529 μάλιστα
1320 493 1382 526 δίψα
1405 491 1670 527 γίνεται,χειμῶνος
1695 491 1722 517 δὲ
1739 490 1785 516 πί-

1002 547 1105 570 νουσιν,
1123 539 1188 565 ὅταν
1210 536 1293 574 ἧττον
1309 538 1419 572 διψῶσι.
1434 537 1520 564 Τοῦτο
1540 538 1568 564 δὲ
1588 537 1694 571 γίνεται
1715 537 1786 562 πάν-

1001 594 1054 617 τως
1073 585 1117 613 διὰ
1135 586 1172 612 τὸ·
1182 586 1218 621 μὴ
1235 586 1358 620 γίνεσθαι
1376 585 1461 612 ὖδατα
1477 584 1571 619 θέρους
1592 584 1622 610 ὲν
1635 584 1666 618 τῇ
1685 582 1784 617 Λιϐύῃ.

1002 631 1056 658 Τοῦ
1083 631 1111 657 δὲ
1138 631 1271 666 χειμῶνος
1295 631 1338 657 διὰ
1357 630 1386 657 τὺ
1409 630 1534 664 γίνεσθαι
1560 629 1644 656 πίνει.
1668 629 1700 654 '0
1721 627 1787 662 γοῦν

1001 678 1090 704 ἐκεῖσε
1107 677 1234 707 εἴθισται,
1250 676 1330 703 τοῦτο
1348 676 1397 703 καὶ
1412 676 1442 702 ἐν
1461 675 1552 706 ἄλλοις
1565 676 1660 705 τύποις
1679 674 1713 700 τὰ
1729 673 1787 705 ζῶα

1001 724 1089 750 ταῦτα
1113 724 1328 758 παραγενόμενα
1344 722 1426 754 σώζει
1440 723 1471 749 τὸ
1492 722 1563 754 ἔθος.
1585 722 1640 748 Καὶ
1655 721 1718 755 περὶ
1737 719 1787 755 μὲν

1001 771 1104 796 τούτων
1122 770 1218 801 οὕτως.
1753 772 1756 775 ’

1037 815 1117 843 Μετὰ
1136 816 1165 842 δὲ
1184 815 1281 848 ταῦτα,
1297 815 1381 851 ἤγουν
1404 814 1473 850 μετὰ
1495 815 1544 850 τὴν
1570 813 1625 841 τῶν
1645 813 1787 849 χερσαίων

1002 861 1184 898 παραγωγὴν,
1205 862 1319 889 πλάττει
1348 861 1395 888 τὴν
1423 861 1568 896 ἄνθρωπον
1594 861 1608 886 6
1634 859 1711 891 Θεὸς.
1739 859 1787 885 καὶ

1001 909 1109 944 τίθησιν
1135 908 1218 935 αὐτὸν
1242 908 1271 935 ὲν
1297 907 1336 942 τῷ
1362 907 1530 943 παραδείσῳ.
1544 906 1625 934 Ἀλλὰ
1646 905 1787 932 κάνταῦθα

1002 955 1149 989 πρόσσχες,
1167 953 1305 988 ὀγαπητέ.
1327 952 1356 979 Εἰ
1378 953 1433 988 γὰρ
1450 953 1498 980 καὶ
1522 951 1632 986 λέγουσι
1657 959 1730 982 τινες
1746 950 1788 977 ὅτι

1003 998 1071 1032 μετά
1092 998 1140 1032 τὴν
1169 992 1288 1032 ἑϐδόμην
1317 997 1409 1023 ἔκτισε
1434 997 1480 1024 τὸν
1496 996 1664 1032 παράδεισον
1680 996 1695 1021 6
1709 995 1786 1025 Θεὸς·

1001 1045 1034 1079 τῇ
1063 1045 1198 1079 Μωσαῖκῇ
1230 1044 1312 1079 δῆθεν
1343 1044 1451 1078 ίστορίᾳ
1476 1043 1616 1077 ἑπόμενοι,
1641 1041 1709 1069 ἀλλὰ
1737 1048 1788 1067 πε-

1002 1090 1152 1126 πλάνηνται
1167 1090 1314 1125 προφανῶς
1333 1090 1381 1117 ἅτε
1394 1090 1426 1124 δὴ
1444 1088 1650 1124 παροδευτικῶς
1674 1087 1789 1126 ἐπερχό-

1003 1143 1079 1169 μενοι
1091 1134 1139 1161 καὶ
1153 1134 1203 1160 οὐκ
1216 1133 1402 1169 ὲρευνητικῶς
1421 1132 1470 1168 τὴν
1489 1133 1612 1169 Γραφήν.
1632 1132 1687 1158 Καὶ
1704 1131 1787 1158 ἄκουε

1002 1180 1028 1206 τί
1047 1189 1131 1215 φησιν
1160 1181 1174 1207 ὸ
1201 1180 1317 1215 Θεόπτης
1337 1179 1451 1214 Μωσῆς.
1479 1189 1489 1205 ‹
1508 1179 1562 1206 Καὶ.
1585 1177 1757 1205 συνετέλεσεν
1774 1177 1788 1203 6

1002 1227 1068 1258 Θεὸς
1081 1227 1169 1253 πάντα
1182 1227 1230 1253 ὅσα
1249 1227 1377 1262 ἐποίησεν
1394 1228 1423 1252 ἐν
1437 1228 1469 1261 τῇ
1486 1226 1578 1260 ἡμέρᾳ
1595 1226 1627 1260 τῇ
1645 1225 1735 1260 ἕκτῃι·
1757 1224 1786 1251 ἐν

1001 1271 1030 1298 δὲ
1047 1273 1078 1306 τῇ
1095 1271 1194 1306 ἐϐδόμῃ
1213 1272 1389 1298 κατέπαυσεν
1417 1270 1602 1297 ἁπὸ’πάντων
1627 1269 1682 1296 τῶν
1698 1270 1787 1305 ἔργων

1002 1317 1083 1343 αὐτοῦ
1101 1314 1143 1343 -ὦν
1167 1316 1270 1352 ἤρξατο
1300 1319 1396 1343 ποιεῖν.
1423 1326 1432 1343 ι
1459 1315 1564 1343 Οὐκοῦν
1594 1317 1618 1342 εί
1646 1315 1715 1350 μετὰ
1738 1314 1788 1350 τὴν

1003 1363 1120 1398 ἑϐδόμην
1134 1363 1210 1389 οὐδὲν
1223 1363 1277 1389 ἀπὸ
1291 1362 1339 1389 τοῦ
1357 1362 1395 1398 μὴ
1410 1362 1487 1394 ὄντος
1500 1363 1541 1394 εἰς
1554 1363 1584 1389 τὸ
1609 1360 1680 1389 εἶναι
1698 1362 1787 1397 παρή-

1002 1416 1082 1442 γαγε,
1103 1408 1159 1439 πῶς
1185 1408 1280 1434 lout-3v
1312 1408 1403 1434 ἔκτισε
1434 1407 1502 1442 μετὰ
1528 1407 1578 1442 τὴν
1600 1407 1717 1440 ἑϐδόμην
1740 1405 1789 1432 τὸν

1003 1454 1186 1489 παράδεισον;
1204 1453 1296 1479 "Enixa
1321 1454 1371 1488 μὲν
1394 1453 1410 1488 ἡ
1436 1452 1533 1487 Γραφὴ
1552 1451 1643 1485 λέγειν
1659 1452 1701 1478 ὅτι
1719 1446 1798 1484 μετεΐ

1002 1500 1051 1534 τὴν
1067 1500 1184 1534 ὲῦδόμην
1197 1499 1321 1526 ἔκτισται
1343 1501 1356 1526 6
1385 1499 1569 1534 παράδεισος·
1585 1497 1643 1524 ἀλλ’
1663 1497 1713 1523 οὒκ
1731 1496 1787 1531 ἔχει

1003 1546 1049 1572 καὶ
1075 1546 1110 1572 τὰ
1135 1546 1183 1572 τοῦ
1214 1545 1325 1578 σκοποῦ,
1348 1545 1439 1576 καθὼς
1474 1543 1658 1571 ὑποπτεύουσι
1683 1542 1786 1569 πολλοί.

1001 1593 1056 1619 Καὶ
1072 1592 1165 1619 πείθου
1183 1592 1223 1627 τῷ
1241 1592 1445 1627 χρυσορῥήμονι
1462 1591 1573 1626 Ἰωάννῃ
1586 1590 1615 1616 ὲν
1634 1592 1667 1625 τῇ
1684 1590 1723 1620 είς
1738 1588 1788 1623 τὴν

1008 1639 1175 1674 Ἑξαήμερον
1185 1639 1324 1674 δωδεκάτῃ
1349 1638 1433 1664 αὑτοῦ
1460 1638 1556 1673 ὁμιλίᾳ
1572 1637 1691 1671 λέγοντι,
1722 1636 1787 1662 (ὅτι

999 1685 1054 1711 τῶν
1069 1684 1140 1711 κατὰ
1159 1684 1308 1718 συντομίαν
1329 1683 1528 1717 ἱστορηθέντων
1549 1681 1705 1717 ἔμπροσθεν
1722 1682 1791 1707 ἁνα-

1001 1729 1188 1764 κεφαλαίωσιν
1210 1729 1282 1754 ποιεί
1308 1728 1322 1754 6
1344 1728 1446 1762 Μωσῆς
1463 1726 1587 1761 ὕστερον,
1603 1725 1718 1752 τοιαῦτα
1739 1724 1788 1751 καὶ

1000 1776 1108 1810 φρονεῖν
1128 1776 1175 1801 καὶ
1196 1775 1286 1807 λέγειν
1307 1774 1369 1804 τοὺς
1394 1773 1597 1806 ἁπλουστέρους
1614 1772 1753 1803 ἐποίησεν.
1774 1779 1784 1796 ι

1002 1821 1105 1847 Ἄλλως
1123 1828 1153 1846 τε
1165 1821 1189 1847 εί
1207 1821 1277 1854 μετᾲ
1292 1821 1342 1854 τὴν
1358 1819 1486 1854 ἑϐδόμην,
1499 1818 1536 1849 ὣς
1557 1826 1649 1852 φασιν,
1663 1817 1786 1844 ἔκτισται

999 1868 1013 1893 6
1030 1866 1203 1901 παράδεισος,
1224 1866 1331 1899 ἀνάγκη
1351 1866 1426 1892 πᾶσα
1451 1865 1497 1891 καὶ
1521 1864 1571 1898 τὴν
1591 1864 1645 1889 ἀπὸ
1660 1863 1708 1889 τοῦ
1726 1862 1787 1898 χοδς

1000 1911 1100 1939 πλάσιν
1112 1911 1159 1937 τοῦ
1178 1910 1274 1944 Ἀδὰμ,
1293 1910 1388 1944 ὥσπερ
1412 1910 1444 1943 δὴ
1463 1909 1509 1935 καὶ
1530 1909 1579 1944 τὴν
1595 1909 1650 1934 ἀπὸ
1667 1908 1787 1942 πλευρᾶς

999 1958 1048 1991 τῆς
1067 1956 1137 1986 Εὔας
1162 1956 1319 1991 οἰκοδομὴν,
1335 1955 1404 1990 μετὰ
1431 1955 1480 1990 τὴν
1501 1955 1620 1990 ἑϐδόμην
1635 1955 1723 1980 εἰπεῖν
1740 1962 1786 1987 γε-

1000 2002 1140 2035 γενῆσθαι.
1155 2002 1232 2033 Τίνος
1244 2002 1357 2033 ἓνεκεν;
1377 2001 1438 2028 Ὀτι
1462 2000 1508 2026 καὶ
1524 1999 1628 2034 ταύτην
1644 1999 1758 2033 ὕστερον
1772 1997 1790 2023 ὸ

1000 2047 1113 2082 Μωτῆς,
1142 2048 1228 2082 ἤγουν
1261 2047 1330 2081 μετὰ
1362 2047 1412 2082 τὴν
1437 2046 1575 2081 ἑῧδόμην,
1605 2044 1786 2080 διηγούμενος

1001 2095 1126 2129 εὓρηται.
1144 2095 1201 2130 Πρὸ
1223 2094 1270 2120 τοῦ
1293 2094 1379 2126 ’Δδὰμ
1394 2094 1488 2120 λοιπδν
1507 2094 1521 2120 6
1539 2093 1713 2127 παράδεισος,
1731 2091 1786 2118 Καὶ

1000 2141 1082 2168 ἄκουε
1100 2141 1127 2167 τί
1148 2149 1230 2176 φησιν
1249 2141 1263 2167 6
1284 2139 1467 2175 Δαμασκηνὸς
1487 2139 1613 2174 Ἰωάννης
1626 2140 1654 2166 ὲν
1671 2138 1710 2173 τῷ
1723 2138 1787 2173 περὶ

1001 2187 1171 2222 παραδείσου
1186 2187 1327 2222 κεφαλαίῳ
1352 2186 1446 2213 αὑτοῦ.
1469 2195 1478 2212 ι
1503 2186 1580 2212 Ἐπεὶ
1602 2186 1629 2212 δὲ
1645 2184 1758 2219 ἔμελλεν
1773 2185 1787 2210 6

163 2243 236 2262 mum
257 2244 316 2263 esse
330 2237 482 2264 conditum.
493 2238 522 2264 Et
535 2237 597 2264 andi
613 2238 734 2270 obsecro,
752 2237 816 2272 quid
829 2238 948 2265 Joannes

1002 2234 1067 2265 Θεὸς
1085 2233 1115 2266 ἐξ
1129 2235 1247 2269 ἀοράτου
1268 2242 1298 2259 τε
1315 2233 1363 2260 καὶ
1384 2233 1486 2268 ὁρατῆς
1509 2232 1618 2267 φύσεως
1632 2232 1786 2265 πλαστουρ-

164 2281 346 2309 Damascenus
370 2282 396 2309 in
410 2283 504 2318 capite
516 2284 589 2318 quod
604 2283 641 2311 De
663 2284 789 2318 paradiso
811 2284 950 2318 inscripsit.

163 2327 248 2355 dicat.
267 2337 276 2354 ι
292 2327 359 2360 Quia
375 2329 457 2362 Deus.
470 2329 568 2363 inquit,
583 2330 721 2356 hominem
736 2337 768 2356 ex
781 2329 834 2365 67
851 2335 947 2356 natura

162 2373 262 2406 partim
286 2372 474 2407 inaspectabili
500 2374 597 2408 partim
624 2375 781 2409 aspectabili
805 2379 949 2402 creaturus

162 2418 196 2445 ad
217 2418 361 2453 imaginem
394 2418 656 2454 similitudinemque
685 2427 760 2447 suam
774 2424 843 2451 erat,
871 2420 948 2454 quasi

162 2463 309 2496 quemdam
336 2471 426 2498 regem
450 2469 529 2499 atque
547 2465 698 2500 principem
719 2465 802 2492 totius
823 2470 903 2492 teme
917 2472 949 2492 ac

164 2516 258 2536 eorum
277 2517 337 2544 quae
352 2515 423 2536 terra
437 2510 622 2544 continentur,
645 2511 800 2546 paradisum
825 2511 849 2538 ei
865 2511 948 2538 veluti

164 2555 267 2590 regiam
297 2555 442 2590 quamdam
461 2557 608 2591 prmstruit,
636 2562 665 2585 ut
687 2557 714 2584 in
736 2565 769 2584 eo
794 2558 900 2585 beatam
920 2565 951 2584 ac

162 2600 349 2629 felicissimam
370 2602 453 2630 vitam
470 2608 570 2638 ageret.
585 2613 593 2629 ι
622 2603 716 2639 Itaque
743 2604 805 2631 licet
828 2603 950 2630 animad-

162 2654 286 2680 vertere,
303 2649 375 2683 quod
392 2657 453 2676 eum
470 2655 532 2677 ante
547 2650 736 2678 formationem
761 2650 856 2676 Adami
871 2657 948 2683 para-

163 2694 254 2720 disum
279 2695 454 2727 exstruxerit,
477 2695 624 2724 manifesto
652 2702 781 2731 sequatur
811 2705 874 2724 cum
904 2697 948 2724 die

164 2744 242 2766 sexto
259 2740 395 2768 consitum
409 2749 423 2768 ο
440 2742 495 2769 Deo
511 2741 606 2774 fuisse.
624 2743 774 2777 prtesertim
787 2750 848 2770 cum
862 2742 948 2769 multo

1000 2282 1059 2316 γεῖν
1088 2282 1136 2309 τὸν
1161 2282 1306 2316 ἄνθρωπον
1340 2281 1401 2307 κατ’
1430 2280 1535 2307 οίκείαν
1565 2279 1657 2306 εἰκόνα
1680 2287 1709 2305 τε
1738 2278 1786 2304 καὶ

999 2328 1142 2362 ὁμοίωσιν,
1158 2328 1254 2362 ὥσπερ
1271 2327 1330 2354 τινὰ
1357 2327 1468 2361 βασιλέα
1488 2328 1607 2362 ἄρχοντα
1633 2325 1723 2359 πάσης
1738 2326 1786 2358 τῆς

1000 2373 1052 2406 γῆς
1067 2373 1114 2399 καὶ
1138 2372 1193 2398 τῶν
1218 2373 1246 2398 ὲν
1258 2372 1339 2407 αὐτῇ.
1355 2371 1574 2406 προκαθίστησιν
1597 2370 1671 2404 αὑτῷ
1687 2368 1742 2396 οἷόν
1759 2378 1785 2396 τι

999 2417 1138 2452 βασίλειον
1164 2417 1210 2444 τὸν
1231 2418 1409 2452 παράδεισον,
1424 2417 1463 2448 ὡς
1483 2416 1609 2444 ἐντεῦθεν
1632 2417 1713 2443 αὑτὸν
1731 2425 1785 2450 μκ-

1000 2465 1102 2499 καρίαν
1118 2465 1173 2490 καὶ”
1187 2463 1336 2491 πανολείαν
1349 2464 1422 2500 ἔχειν
1439 2464 1524 2498 ζωήν.
1546 2472 1554 2489 ι
1579 2463 1701 2498 Πρόσεχε
1717 2460 1763 2488 οὖν
1777 2470 1784 2478 ·

999 2511 1094 2546 ἐπειδὴ
1123 2511 1188 2545 γὰρ,
1205 2510 1242 2542 ὡς
1262 2510 1381 2545 εἴρηται,
1404 2511 1457 2545 πρὸ
1484 2510 1532 2536 τοῦ
1558 2509 1713 2543 πλασθῆναι
1739 2509 1787 2535 τὸν

1008 2557 1093 2591 Ἀδὰμ
1120 2557 1283 2592 καθίστησιν
1307 2557 1381 2590 αὐτῷ
1406 2557 1453 2583 τὸν
1478 2556 1651 2592 παράδεισον,
1674 2555 1786 2590 εὔδηλον

1001 2603 1118 2634 παντως
1136 2603 1178 2630 ὅτι
1205 2604 1234 2629 ὲν
1258 2604 1291 2638 τῇ
1314 2603 1381 2640 ἕκτῃ
1406 2603 1498 2638 ἡμέρᾳ
1525 2603 1571 2629 καὶ
1597 2601 1692 2628 τοῦτον
1717 2602 1786 2637 ὲφῠι

1000 2656 1098 2675 τευσεν
1122 2650 1136 2675 ὁ
1163 2648 1241 2683 Θεὸς,
1269 2649 1326 2682 εῑγε
1353 2649 1401 2675 καὶ
1425 2649 1525 2683 μᾶλλον
1546 2649 1612 2683 ἔστη
1640 2648 1710 2683 μετὰ
1735 2649 1785 2684 τὴν

1001 2695 1118 2730 ἑὸδᾶμην
1137 2695 1185 2722 τοῦ
1201 2695 1388 2730 δημιουργεῖν,
1408 2695 1445 2725 ὡς
1460 2695 1473 2720 6
1491 2693 1610 2729 χρυσοῦς
1632 2694 1681 2730 τὴν
1696 2695 1783 2729 γλῶτ-

1000 2742 1048 2768 τάν
1064 2751 1142 2776 φησι.

164 2785 250 2820 magis
266 2794 280 2813 a
296 2787 414 2822 septimo
427 2788 480 2821 die,
506 2789 735 2824 quemadmodum
762 2788 834 2816 idem
854 2793 946 2815 orator
965 2795 1064 2815 aureus
1089 2789 1181 2819 tradit.
1199 2797 1291 2816 creare
1311 2789 1430 2816 desierit.

202 2865 220 2879 "
237 2865 302 2892 Ceu.
320 2866 392 2894 tt.‘2.
