1957 3073
145 166 184 201 ll5

754 166 957 196 ANNALlUM
978 166 1075 196 PARS
1096 166 1116 197 l.

1690 162 1740 195 ιις

168 224 264 253 Φυτεὺει
277 224 368 250 τοίνυν
392 223 422 250 ἐν
435 233 464 250 τε
479 225 512 259 τῇ
530 223 598 258 ἓκτῃ
617 223 668 258 πρὺ
682 222 727 249 τοῦ
749 223 836 257 ’Δδᾶιμ
852 223 896 249 τὸν

986 222 1112 258 (Senserit
1127 228 1192 255 ergo
1214 221 1284 248 Deus
1298 224 1421 255 lculpore
1436 221 1626 249 fermalionem
1647 221 1740 250 Adami

142 272 198 299 θεῖον
225 270 389 305 παράδεισον
416 270 488 296 κατὰ
515 270 648 300 ἀνατολὰς
676 270 705 296 ὲν
732 269 823 304 Ἐδέμ.
858 270 901 302 Ἐξ

141 317 228 351 ἁπάσης
250 316 303 350 γὰρ
324 316 375 349 τῆς
392 315 455 350 γῆς,
483 315 578 349 ὥσπερ
609 314 676 350 φησὶ
703 313 873 349 Θεοδώρητος
888 315 902 340 6

141 365 209 398 μέγας
232 370 263 389 τε
290 361 430 393 Βασίλειος
457 361 507 388 καὶ
529 361 543 387 ό
564 360 744 395 Δαμασκηνὸς
765 359 899 393 Ἰωάννης,

138 409 203 435 τόπον
217 408 278 434 τινὰ
297 408 368 434 κατά
387 407 520 438 ἀνατολὰς
547 406 726 440 ἐκλεξάμενος
739 426 746 437 ,
770 404 902 439 ὀνομαζό-

140 462 203 488 μενον
218 453 264 488 μὲν
287 453 380 487 Ἐδὲμ.
399 453 427 479 ἐν
449 452 589 488 περιόπτῳ
602 451 630 478 δὲ
645 451 770 485 κείμενον
788 449 836 476 καὶ
849 449 902 475 πά-

138 507 178 531 σης
192 499 235 533 τῆς
263 498 315 531 γῆς
340 496 518 532 ὑψηλότερονζ
529 496 640 530 φυτεύει
659 497 688 523 ὲν
703 494 775 529 αὐτῷ
789 496 836 521 τδν
851 503 903 520 πα-

137 543 252 578 ράδεισον,
272 544 308 574 ὡς
324 543 448 570 ἐντεῦθεν
463 542 596 577 τρυφερὸν
606 539 662 568 οἷον
677 541 756 568 αὑτὸν
772 538 841 567 εἶναι
856 536 902 567 iul.

136 588 232 622 Θαλερδν
247 588 346 618 εἰσαεὶ,
367 587 439 614 καθά
460 595 526 621 φησι
550 586 724 620 Σεὸηριανός·
740 585 830 620 τρυφὴ
846 585 901 619 γὰρ

136 635 149 667 ἡ
168 633 240 666 Ἐδὲμ
262 632 453 667 ὲρμηνεὺεταιι
481 633 525 658 Ἐν
537 629 558 661 ᾧ
574 632 607 668 δὴ
628 632 743 666 τιμῆσαι
760 631 901 666 βουληθεὶς

135 680 247 713 γεγονότι
265 679 311 705 τὸν
333 679 475 713 ἄνθρωπον
492 679 588 711 ἔταξεν
603 679 689 704 οἰκεῖν
705 679 718 704 ό
735 678 812 708 Θεός⁶
826 687 835 703 1
854 677 901 704 καὶ

133 725 220 751 ἔθετο)
238 724 302 758 γὰρ,
318 724 413 760 φησὶν,
435 733 444 750 t
469 724 549 750 αὑτὸν
575 724 604 750 ὲν
629 723 667 758 τῷ
692 723 859 758 παραδείσῳ.
888 732 899 748 ›

139 770 198 797 Ἀλλ’
209 770 343 802 ἐντεῦθεν,
359 765 494 804 ἀγαπηὲὲ,
506 770 554 795 καὶ
567 768 647 796 τοῦτο
660 769 841 804 μανθάνομεν,
859 769 901 795 ὅτι

134 815 161 848 ὲε
172 816 261 850 ἐτέρας
278 817 326 851 μὲν
345 816 446 842 ἔπλασε
459 816 511 849 γῆς
529 817 576 842 τὸν
596 815 692 849 Ἀῦὶμ,
713 815 782 849 μετὰ
793 814 822 841 δὲ
833 814 901 841 ταῦ-

131 869 161 886 τα
173 862 197 887 ὲν
213 860 249 895 τῷ
267 862 423 896 παραδείσῳ
445 854 532 887 ἔθετο.
561 861 617 887 Καὶ
642 860 725 887 ἄκουε
739 861 765 886 τί
786 869 868 895 φησιν
881 861 898 895 ἡ

130 907 224 942 Γραφὴ⁸
246 916 255 933 ε
270 908 324 933 Καὶ
341 906 529 939 ἐξαπέστειλεν
540 907 628 937 όΘεὺς
642 907 687 932 τδν
703 906 789 940 Ἀδὰμ.
809 906 842 932 ὲκ
853 905 900 932 τοῦ

129 953 282 986 παραδείσου
302 953 352 986 τῆς
369 953 487 987 τρυφῆς,
507 952 672 986 ἐργάζεσθαι
684 952 734 988 τὴν
749 953 800 986 γῆν
823 951 853 984 ιξ
866 949 901 987 ἦς

128 998 233 1033 ἐλήφθη.
248 998 298 1025 Διά
320 999 346 1024 τί
362 998 390 1024 δὲ
404 999 452 1024 καὶ
470 998 542 1030 τίνος
563 998 656 1024 ἕνεκεν
673 998 725 1030 ἔξω
747 997 794 1024 τοῦ
810 1007 900 1032 παρα-

126 1043 205 1069 δείσου
227 1043 339 1069 πλάττει
364 1043 410 1069 τὸν
439 1043 583 1078 ἄνθρωπον
610 1044 623 1069 6
648 1043 724 1075 Θεὸς,
750 1041 800 1069 εἷθ’
815 1042 902 1074 οὕτως

125 1088 221 1122 εἰσάγει
235 1089 316 1115 αὑτὸν
329 1089 358 1114 ὲν
372 1088 459 1123 abegi);
472 1089 553 1114 Ὥστε
566 1088 661 1122 μαθεῖν
673 1088 798 1114 ἐντεῦθεν
810 1088 900 1122 αὐτὸν,

125 1134 159 1165 ὡς
182 1135 195 1160 6
215 1135 416 1170 χρυσορῤήμων
439 1135 565 1169 Ἰωάννης
593 1134 686 1169 φησὶν,
710 1135 777 1169 ὃσης
801 1134 900 1168 ἠξίωτο

125 1179 194 1214 παρὰ
209 1179 276 1205 Θεοῦ
296 1179 345 1214 τῆς
360 1179 454 1214 τιμῆς,
473 1179 518 1205 καὶ
540 1180 589 1213 ὅση
613 1178 678 1214 παρ’
693 1178 774 1205 αὑτοῦ
790 1179 806 1213 ἡ
831 1178 902 1204 ἀπό-

124 1224 212 1256 λαυσις
241 1225 316 1259 αὐτῷ
344 1225 493 1260 ἐχαρίζετο.
520 1225 590 1258 Ὀρα
619 1223 673 1258 γὰρ
690 1224 731 1250 ὁτι
754 1223 800 1249 καὶ
820 1223 844 1248 οἱ
871 1222 901 1254 ἐξ

122 1271 263 1306 ἐλαχίστης
276 1271 378 1302 τάξεως
393 1272 438 1296 ἐπὶ
453 1270 501 1305 τὴν
514 1271 569 1298 ἄνω
584 1278 612 1296 τε
635 1262 819 1304 καῖπρώτην
833 1269 899 1295 ἀνα-

121 1317 287 1353 ϐιϐαζόμενοι
312 1318 414 1344 οἴδασιν
444 1316 484 1348 ὲξτ
511 1316 634 1350 ἀνάγκης
664 1315 739 1346 τινες
767 1315 900 1349 πρότερον

123 1360 190 1397 ἦσαν
205 1364 250 1388 καὶ
271 1363 337 1389 ὅπου
364 1362 538 1396 κατήντησαν
558 1359 683 1393 ὕστερον,
712 1360 726 1386 ὃ
752 1359 785 1395 δὴ
804 1359 851 1386 καὶ
867 1359 898 1385 οὐ

122 1409 222 1444 μικρᾶς
239 1408 424 1442 ἀγαλλιάσεως
439 1407 543 1441 γίνεται
560 1406 699 1441 πρόξενον.

151 1498 266 1525 Πλὰττει
283 1497 332 1533 μὲν
354 1495 412 1530 οὖν,
435 1497 472 1528 ὡς
496 1497 615 1532 εἴρηται,
635 1497 694 1527 ταῖς
717 1495 798 1527 ῐδῐαις
818 1493 899 1531 χερσὶ

114 1545 159 1570 τὸν
173 1543 313 1578 ἄνθρωπον
324 1544 337 1569 6
346 1543 438 1574 Θεός.‹
451 1542 504 1569 Καὶ
520 1541 610 1571 ἔλαὸε,
619 1551 628 1568 ι
643 1541 709 1576 γὰρ,
718 1541 795 1576 φησὶ,
809 1550 818 1566 ι
833 1540 898 1575 χοῆν

113 1588 168 1615 ἀπὸ
182 1589 232 1623 τῆς
248 1588 299 1622 γῆς
317 1589 331 1614 6
349 1588 424 1619 Θεὸς,
442 1587 490 1614 καὶ
504 1587 605 1613 ἔπλασε
620 1587 666 1613 τὸν
681 1586 833 1621 ἄνθρωπον,
850 1586 898 1612 καὶ

111 1634 280 1668 ἐνεφύσησεν
310 1634 349 1664 εἰς
382 1633 412 1659 τὺ
443 1632 586 1667 πρόσωπον
605 1631 688 1658 αὐτοῦ
709 1632 792 1666 πνοὴν
812 1629 896 1664 ζωῆς·

110 1679 159 1705 καὶ
174 1679 282 1711 ἐγένετο
309 1678 324 1703 ὁ
351 1677 493 1712 ἄνθρωπος
510 1677 550 1706 ei;
578 1675 667 1710 ψυχὴν
683 1675 800 1706 ζῶσαν.)
813 1674 896 1700 Εὐλό-

107 1731 165 1758 γως
194 1723 241 1749 οὖν
266 1723 301 1748 τὰ
316 1723 365 1756 μὲν
389 1723 507 1757 χερσαῖα
537 1721 627 1748 πάντα
638 1721 733 1754 ’Θνητὰ
748 1719 894 1755 τυγχάνει⁶

107 1769 207 1804 ἐξῆλθε
223 1769 286 1804 γὰρ,
297 1769 398 1804 φησὶν,
419 1769 473 1795 ἀπὸ
486 1769 534 1802 τῆς
545 1768 596 1802 γῆς
614 1767 662 1794 σὺν
678 1767 746 1801 αὐτῇ
761 1768 793 1801 τῇ
809 1765 894 1801 ψυχῇο

109 1824 119 1841 ε
149 1815 335 1848 Ἐξογαγέτω,
355 1824 364 1840 ι
384 1814 437 1849 γάρ
453 1821 546 1848 φησιν,
567 1822 576 1838 ‹
595 1814 612 1848 ἡ
627 1812 663 1847 γῆ
675 1812 763 1847 ψυχὴν
776 1811 892 1844 {Batava

110 1862 143 1886 '0
159 1861 188 1887 δὲ
208 1861 351 1895 ἄνθρωπος
380 1862 459 1894 μόνος
485 1859 633 1889 ἀθανασίας
653 1858 830 1893 μετέσχηκεν,
854 1857 894 1883 ὅτι

101 1907 149 1933 διὰ
166 1907 217 1932 τοῦ
235 1906 305 1933 Θείου
320 1905 517 1940 ἐμφυσήματος
538 1905 586 1930 καὶ
602 1904 653 1930 οὐκ
675 1904 728 1930 ἀπὸ
742 1905 794 1938 γῆς
810 1903 892 1929 ἐλαὸε

99 1953 154 1987 τὴν
178 1952 290 1986 ψυχήν·
309 1961 318 1977 ι
343 1951 519 1985 Ἐνεφύσησε,
540 1959 548 1975 t
565 1949 619 1985 γάρ
644 1958 738 1984 φησιν,
762 1957 772 1974 ι
798 1950 838 1980 εἰς
863 1949 894 1975 τὸ

101 1998 262 2032 πρόσωπον
289 1996 370 2023 αὑτοῦ
394 1997 477 2030 πνοὴν
500 1995 583 2030 ζωῆς,
603 2005 613 2021 ι
636 1995 721 2030 αὐτὴν
738 1995 786 2030 τὴν
799 1994 893 2030 νοερὲν

97 2043 232 2078 δηλονότι
248 2042 346 2077 ψυχήν.
365 2042 431 2068 Οὐδὲ
447 2042 500 2076 γὰρ
527 2041 581 2067 ἀπὸ
597 2041 649 2075 γῆς
663 2040 744 2075 αὕτη.
765 2041 819 2067 Καὶ
833 2040 893 2067 πεί-

96 2090 150 2115 θου
167 2088 210 2123 τῷ
231 2088 349 2122 θεολόγῳ
366 2087 509 2122 Γρηγορεῳ
529 2087 593 2122 περὶ
609 2086 659 2119 τῆς
680 2086 726 2112 τοῦ
746 2086 891 2121 ἀνθρώπου

94 2135 232 2164 πλάσεως
247 2133 332 2164 οὕτως
346 2133 415 2160 κατὰ
426 2134 501 2168 ῥῆμα
515 2132 649 2165 διεξιόντι.
665 2141 674 2158 ε
689 2133 742 2159 Καὶ
754 2133 829 2168 παρὰ
842 2132 891 2166 μὲν

90 2181 146 2215 τῆς
165 2180 237 2214 ὕλης
250 2179 339 2206 λαῦὼν
367 2179 396 2205 τὸ
414 2179 492 2214 σῶμα
512 2179 560 2214 ἤδη
583 2178 808 2214 προϋποστάσης,
824 2178 891 2213 παρ’

954 268 1125 303 pra-cedente
1154 267 1278 294 divinum
1295 267 1371 293 illum
1396 268 1552 301 paradisum
1584 269 1609 294 in
1643 267 1740 298 Edent,

953 321 1049 342 versus
1076 313 1209 340 orientem
1227 313 1324 339 solem.
1355 313 1421 340 Nam
1445 313 1480 341 de
1505 314 1632 341 universa
1658 318 1741 345 terra,

956 359 1188 394 quemadmodum
1223 363 1251 385 et
1279 358 1466 386 Theodoritus
1493 363 1518 386 el
1553 359 1665 386 Basilius
1697 359 1745 386 ille

953 413 1068 440 magnus
1096 411 1124 432 et
1148 404 1266 432 Joannes
1300 404 1485 432 Damascenus
1513 405 1611 435 aiunt.
1638 405 1743 432 selecto

943 448 1072 485 ’quodam
1087 458 1184 478 versus
1203 451 1337 478 orientem
1356 451 1424 481 loco.
1442 450 1492 484 'qui
1515 450 1598 477 Edem
1620 451 1742 484 appella-

953 496 1033 523 batur
1049 501 1076 522 et
1089 496 1254 530 conspicuus
1267 501 1327 523 erat
1343 495 1525 529 universaque
1548 495 1652 529 reliqua
1668 500 1744 521 terra

953 541 1104 574 sublimior,
1121 541 1148 567 in
1171 548 1203 568 eo
1220 541 1281 575 ipso
1296 540 1453 576 paradisum
1475 540 1607 569 conserit.
1635 541 1674 566 uti
1699 540 1742 567 ni-

953 587 1051 614 mirum
1064 586 1196 613 delicatus
1218 591 1290 613 esset
1306 594 1337 613 ac
1358 591 1490 620 perpetuo
1507 585 1630 617 ﬂoridus,
1643 593 1742 619 quem-

951 631 1097 658 admodum
1127 630 1292 658 Severianus
1319 630 1454 664 scripsit:
1485 638 1547 656 nam
1579 628 1740 656 vocabulum

953 676 1036 703 Edem
1053 676 1074 703 si
1092 676 1160 703 velis
1178 675 1366 711 interpretari,
1399 675 1510 702 delicias
1526 675 1674 710 signiﬁcat.
1694 674 1741 701 llic

953 719 1091 747 hominem
1110 720 1249 748 conditum
1275 719 1346 748 Deus
1371 719 1494 747 habitare
1510 719 1607 746 voluit.
1631 719 1739 747 Etenim

952 765 979 791 in
996 765 1132 800 paradiso,
1149 763 1379 800 quemadmodum
1396 765 1578 800 perscriptum
1597 765 1683 792 sat-ris
1701 771 1742 791 est

953 809 979 836 in
1003 809 1122 841 Litteris.
1144 818 1206 837 eum
1236 810 1390 838 collocavit.
1420 809 1488 837 Hinc
1512 815 1615 841 autem,
1643 810 1742 837 dilecte

953 856 999 887 fili.
1016 856 1066 883 hoc
1082 856 1163 883 etiam
1179 848 1320 887 discimus,
1342 856 1425 882 Deum
1441 863 1473 882 ex
1492 855 1543 882 alia
1565 860 1637 882 terra
1664 863 1733 882 con-

951 900 1036 926 ditum
1051 900 1183 927 Adamum
1210 900 1236 927 in
1252 900 1408 935 paradisum
1432 899 1590 927 collocasse.
1618 899 1676 932 Qua
1706 900 1740 927 de

953 954 982 973 re
998 947 1062 980 quid
1090 949 1178 975 sacris
1193 951 1282 974 exstet
1304 947 1333 974 in
1350 946 1472 978 Litteris,
1497 946 1560 973 audi
1577 955 1584 973 :
1606 955 1614 971 ι
1633 946 1739 980 Abegit,

952 991 1093 1026 inquiunt,
1118 993 1191 1020 Deus
1213 993 1346 1020 Adamum
1363 1000 1395 1019 ex
1422 992 1549 1027 paradiso
1569 992 1738 1024 deliciarum,

952 1042 982 1064 ut
997 1042 1106 1070 terram,
1124 1039 1197 1066 unde
1214 1044 1339 1072 sumptus
1351 1044 1421 1069 erat.
1436 1038 1553 1066 coleret.
1570 1047 1580 1063 ι
1600 1038 1740 1070 Quamob-

952 1089 1010 1110 rem
1035 1090 1099 1109 vero
1122 1086 1197 1109 extra
1213 1083 1369 1117 paradisum
1385 1083 1484 1110 format
1496 1083 1647 1115 hominem,
1661 1091 1740 1110 eum-

954 1135 1007 1162 que
1023 1127 1155 1163 deinceps
1163 1128 1197 1161 ,in
1213 1128 1287 1155 illum
1301 1128 1470 1156 introducit?
1482 1129 1518 1156 Ut
1531 1129 1595 1155 hinc
1608 1129 1738 1161 disceret,

952 1174 984 1201 de
1007 1174 1192 1209 Chrysostomi
1220 1175 1367 1208 sententia,
1399 1180 1502 1209 quanto
1523 1176 1611 1209 ipsum
1636 1176 1739 1203 honore

952 1218 1024 1246 Deus
1045 1220 1171 1255 dignatus
1199 1224 1282 1253 esset,
1298 1225 1406 1254 quanta:
1417 1220 1566 1254 voluptatis
1579 1220 1736 1247 fruitionem

951 1266 1146 1294 concessisset.
1176 1266 1242 1293 Nam
1269 1267 1315 1301 qui
1332 1266 1367 1293 de
1383 1266 1488 1300 ordine:
1505 1267 1621 1301 locoque
1645 1267 1738 1294 inﬁmo

951 1310 985 1338 ad
1000 1311 1169 1346 superiorem
1186 1311 1394 1346 principemque
1411 1312 1624 1345 transferuntur,
1638 1318 1739 1339 norunt

950 1356 1110 1392 necessario
1123 1356 1169 1390 qui
1183 1355 1257 1390 prius
1270 1356 1372 1383 fuerint
1387 1360 1416 1383 et
1429 1363 1484 1391 quo
1498 1356 1630 1390 deinceps
1643 1363 1738 1391 perve-

950 1401 1051 1428 nerint.
1070 1401 1139 1434 Qua:
1156 1409 1200 1429 res
1227 1409 1281 1428 non
1307 1401 1432 1436 exiguam
1458 1401 1539 1429 nobis
1557 1402 1676 1429 la'titiam
1691 1410 1738 1437 pa-

950 1446 1010 1473 rere
1023 1446 1177 1473 consuevit.

984 1490 1076 1526 Fingit
1097 1498 1162 1525 ergo
1176 1491 1246 1518 Deus
1259 1491 1398 1518 hominem
1421 1491 1539 1526 propriis
1553 1493 1690 1525 manibus,
1707 1498 1738 1520 ut

911 1552 935 1584 ε
951 1544 1035 1564 sacrae
1049 1535 1159 1564 Littera:
1175 1537 1326 1570 loquuntur
1344 1546 1352 1564 :
1371 1546 1381 1563 ι
1399 1537 1514 1572 Sumpto
1537 1538 1571 1565 de
1583 1543 1652 1566 terra
1674 1541 1736 1574 pul-

950 1591 1013 1610 vere
1033 1583 1106 1610 Dcus
1123 1582 1261 1609 hominem
1290 1580 1426 1616 formavit,
1449 1588 1476 1610 et
1503 1584 1530 1610 in
1552 1585 1612 1619 ejus
1637 1585 1736 1613 faciem

948 1629 1074 1664 spiritum
1093 1628 1200 1656 vitalem
1218 1628 1372 1663 inspiravit,
1395 1637 1430 1656 ex
1454 1637 1508 1664 quo
1523 1631 1648 1658 animans
1666 1632 1736 1659 effe-

948 1679 1008 1703 ctus
1022 1680 1063 1703 est
1074 1675 1107 1702 “.
1126 1685 1135 1701 )
1153 1675 1270 1709 ldeoque
1285 1683 1338 1702 non
1356 1675 1406 1702 abs
1430 1683 1460 1702 re
1482 1676 1611 1704 animalia
1635 1684 1735 1705 cuneta

950 1720 1091 1748 terrestria
1113 1721 1195 1747 morti
1227 1724 1291 1747 sunt
1315 1720 1444 1748 obnoxia.
1472 1720 1578 1755 Quippe
1602 1721 1636 1748 de
1660 1727 1732 1749 terra

947 1771 1005 1794 orta
1021 1771 1084 1793 sunt
1102 1766 1159 1800 ipsa
1183 1773 1246 1793 cum
1272 1766 1375 1798 anima,
1392 1766 1627 1800 {quemadmodum
1647 1768 1734 1795 sacris

947 1811 974 1838 in
989 1811 1097 1838 Litteris
1113 1815 1155 1838 est
1173 1811 1276 1838 dixisse
1299 1811 1383 1838 Deum
1396 1819 1403 1838 :
1417 1820 1426 1836 ‹
1444 1810 1512 1837 Edat
1533 1817 1603 1838 terra
1621 1812 1731 1839 vitalem

945 1858 1074 1884 animam.
1095 1865 1103 1881 ι
1124 1856 1204 1896 Solps
1218 1860 1308 1883 autem
1325 1857 1408 1883 homo
1429 1855 1516 1884 factus
1530 1861 1572 1884 est
1587 1856 1729 1884 immorta-

946 1901 1028 1929 litatis
1045 1909 1077 1929 ex
1091 1909 1122 1928 eo
1132 1901 1360 1936 particeps;un
1374 1902 1492 1929 animam
1507 1909 1555 1937 per
1565 1902 1683 1930 afﬂatum
1699 1909 1732 1931 et.

945 1946 1150 1981 inspirationem
1169 1946 1299 1979 divinam,
1323 1954 1379 1974 non
1400 1947 1505 1982 ejterra
1523 1948 1639 1982 accepit.
1656 1948 1723 1975 Nam

944 1992 970 2019 in
985 1993 1080 2019 faciem
1092 1992 1151 2026 ejus
1162 1991 1286 2026 spiritum
1305 1992 1412 2019 vitalem
1428 1993 1580 2027 inspiravit,
1599 1994 1727 2021 nimirum

944 2037 1029 2071 ipsam
1059 2037 1177 2064 animam
1217 2037 1386 2073 intelligendi
1424 2038 1551 2066 facultate
1579 2040 1729 2074 prtedita'm.

942 2083 998 2118 68
1011 2083 1068 2110 Nec
1081 2084 1152 2110 enim
1171 2083 1231 2110 dici’
1243 2088 1332 2118 potest
1355 2084 1425 2111 hanc
1442 2084 1475 2111 de
1491 2088 1562 2111 terra
1582 2085 1729 2113 exstitisse.

942 2130 1119 2157 Persuadebit
1135 2130 1186 2157 hoc
1200 2130 1247 2157 tibi
1259 2129 1338 2158 facile
1353 2130 1503 2166 Gregorius
1515 2132 1559 2158 ille
1576 2132 1728 2166 theologus,

943 2175 988 2210 qui
1001 2176 1034 2203 de
1051 2175 1170 2203 hominis
1185 2175 1350 2203 formatione
1364 2176 1405 2203 sic
1421 2177 1453 2203 ad
1470 2177 1580 2204 verbum
1597 2178 1705 2205 disserit
1720 2186 1729 2204 :

89 2226 204 2252 ἑαυτοῦ
224 2225 251 2251 δὲ
278 2225 362 2259 πνοὴν
389 2224 486 2255 ἐνθεὶς,
513 2224 527 2250 6
554 2224 585 2258 δὴ
608 2224 704 2258 γοερὰν
718 2223 806 2258 ψυχὴν
822 2223 888 2249 Θεοῦ

948 2231 952 2246 ι
970 2220 1037 2248 Cum
1052 2221 1086 2248 de
1101 2221 1212 2248 materie
1228 2228 1330 2253 crassa.
1347 2222 1471 2256 qumjam
1490 2223 1650 2255 exsistebat,
1666 2231 1726 2250 cor-

86 2271 169 2298 οῐδεν
189 2271 205 2297 6
233 2271 320 2304 λόγος,
344 2270 465 2305 παράγει
490 2270 534 2310 τὸν
564 2269 723 2304 ἄνθρωπον.
744 2278 753 2294 ι
771 2269 893 2304 Πρόσεχε

83 2315 152 2344 οὖν.
179 2316 294 2352 Ἐπειδὴ
303 2317 358 2351 γὰρ
372 2317 388 2351 ἡ
403 2317 483 2350 νοερὰ
496 2316 571 2351 ψυχὴ
586 2316 619 2342 δι’
633 2316 835 2351 ἐμφυσήματος
854 2315 892 2349 τῷ

82 2361 244 2397 ἀνθρώπῳ
264 2363 418 2388 ὲντέθειται
444 2362 521 2397 παρὰ
546 2362 632 2394 Θεοῦ,
667 2362 711 2388 διὰ
739 2362 818 2388 τοῦτο
846 2362 893 2388 καὶ

82 2407 242 2438 ἀθάνατός
258 2408 344 2434 ἐστιν.
369 2407 440 2434 Ἡδὲ
459 2407 513 2434 τῶν
532 2407 636 2441 ἀλόγων
649 2407 726 2439 ζώων
746 2407 820 2442 ψυχὴ
836 2406 890 2434 ἀπὸ

79 2455 143 2488 γῆς
170 2454 323 2487 ἐξελθοῦσα
343 2455 414 2481 κατὰ
428 2455 478 2490 τὴν
492 2454 567 2481 θείαν
579 2455 671 2488 φωνὴν
694 2453 805 2489 γεώδης¹
818 2454 888 2487 ἐστὶ,

78 2500 133 2526 διὰ
169 2500 259 2526 τοῦτο
287 2501 334 2526 καὶ
359 2500 456 2535 θνητή.
489 2501 544 2527 Καὶ
559 2500 622 2536 περὶ
651 2500 700 2534 μὲν
728 2499 829 2527 τούτων
842 2499 887 2526 οὖ-

74 2554 155 2577 τως.

126 2675 311 2709 Ἀναγκαῖον
326 2676 354 2702 δὲ
369 2676 469 2702 εἰδέναι
486 2685 526 2707 σε,
546 2675 682 2710 ἁγαπητὲ,
701 2676 748 2702 καὶ
763 2676 788 2702 τί
802 2685 886 2711 φησιν

67 2720 131 2746 ἐπὶ
149 2720 273 2751 τοὺτοις
291 2722 306 2747 ό
330 2721 379 2757 τὴν
399 2721 520 2755 γλῶτταν
537 2721 665 2756 χρυσοῦς.
683 2731 692 2747 ι
710 2722 765 2748 Καὶ
781 2722 815 2748 τὶι
836 2721 885 2755 μὲν

72 2766 255 2801 τετράποδα
283 2768 368 2807 ποιῷν
383 2768 396 2794 ό
411 2768 477 2800 Θεὸς
501 2769 568 2803 ὁμοῦ
589 2767 660 2803 μετὰ
680 2768 733 2795 τῶν
750 2768 883 2803 σωμάτων

107 2858 141 2874 ”
159 2858 242 2885 Gen.
262 2866 290 2891 Il,
309 2859 334 2888 7.

945 2275 996 2301 pus
1010 2267 1181 2302 sumpsisset,
1199 2267 1278 2302 eique
1299 2267 1423 2302 spiritum
1441 2276 1474 2295 ex
1497 2270 1644 2303 semetipso
1659 2270 1727 2296 indi-

944 2313 1038 2345 disset,
1055 2313 1133 2347 cujus
1149 2313 1329 2348 appellatione
1346 2313 1424 2340 nobis
1436 2314 1524 2340 anima
1540 2314 1734 2349 intelligentiae

940 2359 966 2384 vi
984 2358 1094 2393 prmdita
1115 2362 1142 2385 et
1157 2359 1246 2393 imago
1265 2357 1311 2385 Dei
1329 2360 1414 2389 venit.
1434 2359 1570 2386 hominem
1597 2359 1623 2386 in
1637 2365 1732 2387 ortum

940 2404 1076 2439 producit.
1096 2414 1104 2429 ι
1123 2403 1226 2431 Idcirco
1241 2405 1321 2431 velim
1335 2404 1550 2435 animadvertas.
1565 2407 1636 2440 quod
1659 2414 1729 2433 cum

940 2449 1031 2476 anima
1054 2449 1240 2484 intelligentia:
1267 2449 1294 2476 vi
1325 2455 1419 2476 ornatu
1448 2458 1497 2484 per
1519 2450 1732 2485 iuspirationem

943 2495 1045 2522 homini
1059 2503 1074 2522 a
1090 2495 1146 2522 Deo
1160 2495 1242 2522 fuerit
1257 2495 1349 2526 insita,
1365 2496 1408 2522 illa
1424 2496 1480 2530 ipsa
1497 2497 1579 2523 etiam
1595 2497 1628 2524 de
1642 2505 1727 2524 causa-

941 2542 1102 2570 immortalis
1120 2543 1164 2570 sit.
1181 2543 1216 2570 At
1240 2543 1381 2569 brutorum
1406 2543 1496 2570 anima
1523 2544 1599 2578 jussu
1629 2544 1728 2571 divino

937 2593 1030 2615 exorta
1045 2589 1078 2616 de
1095 2590 1177 2616 humo
1203 2588 1341 2616 terrestris
1363 2593 1406 2616 est
1430 2589 1545 2624 ide0que
1570 2590 1649 2617 morti
1675 2590 1726 2616 ob-

936 2635 1028 2661 noxia.
1050 2635 1081 2661 Et
1097 2634 1130 2662 de
1147 2635 1188 2661 his
1203 2634 1314 2669 quidem
1335 2634 1387 2662 hoc
1403 2635 1483 2662 tnodo
1497 2635 1599 2662 dictum
1618 2638 1688 2661 esto.

972 2679 1048 2706 Scire
1063 2684 1153 2707 autem
1173 2680 1257 2707 debes
1270 2679 1336 2714 quid
1353 2680 1404 2707 hac
1426 2680 1453 2707 in
1475 2685 1548 2715 parte
1564 2680 1724 2714 Cbrysosto—

936 2733 997 2751 mus
1012 2733 1121 2759 quoque
1135 2725 1251 2753 tradat.)
1270 2726 1336 2752 Cum
1349 2725 1460 2759 bestias,
1474 2725 1522 2757 ait,
1532 2724 1720 2759 quadrupedes

936 2770 1066 2799 conderet
1080 2771 1163 2804 Deus,
1185 2779 1238 2799 una
1257 2779 1319 2800 cum
1342 2771 1408 2807 ipsis
1431 2771 1591 2806 corporibus
1613 2770 1724 2797 animas
