  <div class='ocr_page' id='page_1' title='image "/cluster/home/n/w/nwhite01/storage/ocr_20150623/158/njp.32101077773230/105.png"; bbox 0 0 1957 3073; ppageno 0'>
   <div class='ocr_carea' id='block_1_1' title="bbox 203 146 253 177">
    <p class='ocr_par' dir='ltr' id='par_1_1' title="bbox 203 146 253 177">
     <span class='ocr_line' id='line_1_1' title="bbox 203 146 253 177; baseline -0.02 0"><span class='ocrx_word' id='word_1_1' title='bbox 203 146 253 177; x_wconf 69' lang='lat' dir='ltr'><strong>li&#39;l</strong></span> 
     </span>
    </p>
   </div>
   <div class='ocr_carea' id='block_1_2' title="bbox 838 152 1195 184">
    <p class='ocr_par' dir='ltr' id='par_1_2' title="bbox 838 152 1195 184">
     <span class='ocr_line' id='line_1_2' title="bbox 838 152 1195 184; baseline 0.008 -2"><span class='ocrx_word' id='word_1_2' title='bbox 838 152 1048 182; x_wconf 83' lang='lat' dir='ltr'><strong>MICHAELIS</strong></span> <span class='ocrx_word' id='word_1_3' title='bbox 1067 154 1195 184; x_wconf 51' lang='lat' dir='ltr'><strong>GLYCt‘E</strong></span> 
     </span>
    </p>
   </div>
   <div class='ocr_carea' id='block_1_3' title="bbox 1767 155 1820 187">
    <p class='ocr_par' dir='ltr' id='par_1_3' title="bbox 1767 155 1820 187">
     <span class='ocr_line' id='line_1_3' title="bbox 1767 155 1820 187; baseline 0.019 -1"><span class='ocrx_word' id='word_1_4' title='bbox 1767 155 1820 187; x_wconf 66' lang='lat' dir='ltr'><strong>MS</strong></span> 
     </span>
    </p>
   </div>
   <div class='ocr_carea' id='block_1_4' title="bbox 201 204 978 250">
    <p class='ocr_par' dir='ltr' id='par_1_4' title="bbox 201 204 978 246">
     <span class='ocr_line' id='line_1_4' title="bbox 201 204 978 246; baseline 0.013 -17"><span class='ocrx_word' id='word_1_5' title='bbox 201 204 282 230; x_wconf 74' lang='lat' dir='ltr'><strong>etiam</strong></span> <span class='ocrx_word' id='word_1_6' title='bbox 309 204 465 239; x_wconf 70' lang='lat' dir='ltr'><strong>proferebat</strong></span> <span class='ocrx_word' id='word_1_7' title='bbox 492 215 499 234; x_wconf 90' lang='lat'>:</span> <span class='ocrx_word' id='word_1_8' title='bbox 523 207 662 236; x_wconf 86' lang='lat' dir='ltr'><strong>hominem</strong></span> <span class='ocrx_word' id='word_1_9' title='bbox 688 217 755 238; x_wconf 89' lang='lat' dir='ltr'><strong>vero</strong></span> <span class='ocrx_word' id='word_1_10' title='bbox 782 210 912 243; x_wconf 86' lang='lat' dir='ltr'><strong>formans.</strong></span> <span class='ocrx_word' id='word_1_11' title='bbox 927 212 978 246; x_wconf 87' lang='lat' dir='ltr'><strong>pri-</strong></span> 
     </span>
    </p>
   </div>
   <div class='ocr_carea' id='block_1_5' title="bbox 1031 204 1819 250">
    <p class='ocr_par' dir='ltr' id='par_1_5' title="bbox 1037 213 1819 250">
     <span class='ocr_line' id='line_1_5' title="bbox 1037 213 1819 250; baseline 0.001 -10"><span class='ocrx_word' id='word_1_12' title='bbox 1037 215 1084 240; x_wconf 81' lang='grc' dir='ltr'><strong>καὶ</strong></span> <span class='ocrx_word' id='word_1_13' title='bbox 1101 214 1148 246; x_wconf 81' lang='grc' dir='ltr'><strong>τὰς</strong></span> <span class='ocrx_word' id='word_1_14' title='bbox 1161 213 1250 249; x_wconf 73' lang='grc' dir='ltr'>ψυχὰς</span> <span class='ocrx_word' id='word_1_15' title='bbox 1264 213 1424 249; x_wconf 72' lang='grc' dir='ltr'><strong>παρήγαγε,</strong></span> <span class='ocrx_word' id='word_1_16' title='bbox 1436 213 1481 241; x_wconf 72' lang='grc' dir='ltr'><strong>τὸν</strong></span> <span class='ocrx_word' id='word_1_17' title='bbox 1494 213 1523 241; x_wconf 76' lang='grc' dir='ltr'>δὲ</span> <span class='ocrx_word' id='word_1_18' title='bbox 1537 213 1679 250; x_wconf 74' lang='grc' dir='ltr'>ἄνθρωπον</span> <span class='ocrx_word' id='word_1_19' title='bbox 1695 213 1819 241; x_wconf 83' lang='grc' dir='ltr'>πλάττων</span> 
     </span>
    </p>
   </div>
   <div class='ocr_carea' id='block_1_6' title="bbox 201 253 985 289">
    <p class='ocr_par' dir='ltr' id='par_1_6' title="bbox 201 253 985 289">
     <span class='ocr_line' id='line_1_6' title="bbox 201 253 985 289; baseline 0.014 -13"><span class='ocrx_word' id='word_1_20' title='bbox 201 258 275 276; x_wconf 89' lang='lat' dir='ltr'><strong>tuum</strong></span> <span class='ocrx_word' id='word_1_21' title='bbox 293 258 393 286; x_wconf 78' lang='lat' dir='ltr'><strong>corpus</strong></span> <span class='ocrx_word' id='word_1_22' title='bbox 410 257 438 278; x_wconf 92' lang='lat' dir='ltr'><strong>ut</strong></span> <span class='ocrx_word' id='word_1_23' title='bbox 456 253 668 282; x_wconf 89' lang='lat' dir='ltr'><strong>instrumentum</strong></span> <span class='ocrx_word' id='word_1_24' title='bbox 691 255 814 289; x_wconf 82' lang='lat' dir='ltr'><strong>fabricat.</strong></span> <span class='ocrx_word' id='word_1_25' title='bbox 832 258 930 286; x_wconf 86' lang='lat' dir='ltr'><strong>deinde</strong></span> <span class='ocrx_word' id='word_1_26' title='bbox 948 258 985 287; x_wconf 91' lang='lat' dir='ltr'><strong>illi</strong></span> 
     </span>
    </p>
   </div>
   <div class='ocr_carea' id='block_1_7' title="bbox 201 296 987 339">
    <p class='ocr_par' dir='ltr' id='par_1_7' title="bbox 201 296 987 339">
     <span class='ocr_line' id='line_1_7' title="bbox 201 296 987 339; baseline 0.013 -17"><span class='ocrx_word' id='word_1_27' title='bbox 201 296 318 323; x_wconf 86' lang='lat' dir='ltr'><strong>animam</strong></span> <span class='ocrx_word' id='word_1_28' title='bbox 335 297 474 325; x_wconf 88' lang='lat' dir='ltr'><strong>conditam</strong></span> <span class='ocrx_word' id='word_1_29' title='bbox 490 300 571 327; x_wconf 83' lang='lat' dir='ltr'><strong>indit.</strong></span> <span class='ocrx_word' id='word_1_30' title='bbox 587 300 641 328; x_wconf 81' lang='lat' dir='ltr'><strong>Nec</strong></span> <span class='ocrx_word' id='word_1_31' title='bbox 655 302 726 329; x_wconf 90' lang='lat' dir='ltr'><strong>enim</strong></span> <span class='ocrx_word' id='word_1_32' title='bbox 745 308 869 330; x_wconf 80' lang='lat' dir='ltr'><strong>creatura</strong></span> <span class='ocrx_word' id='word_1_33' title='bbox 882 305 987 339; x_wconf 82' lang='lat' dir='ltr'><strong>perlicit</strong></span> 
     </span>
    </p>
   </div>
   <div class='ocr_carea' id='block_1_8' title="bbox 199 342 982 384">
    <p class='ocr_par' dir='ltr' id='par_1_8' title="bbox 199 342 982 384">
     <span class='ocr_line' id='line_1_8' title="bbox 199 342 982 384; baseline 0.013 -17"><span class='ocrx_word' id='word_1_34' title='bbox 199 342 329 374; x_wconf 82' lang='lat' dir='ltr'><strong>animam,</strong></span> <span class='ocrx_word' id='word_1_35' title='bbox 355 351 390 371; x_wconf 91' lang='lat' dir='ltr'><strong>ne</strong></span> <span class='ocrx_word' id='word_1_36' title='bbox 424 344 470 371; x_wconf 89' lang='lat' dir='ltr'><strong>Dei</strong></span> <span class='ocrx_word' id='word_1_37' title='bbox 497 353 526 372; x_wconf 91' lang='lat' dir='ltr'><strong>se</strong></span> <span class='ocrx_word' id='word_1_38' title='bbox 553 346 715 381; x_wconf 70' lang='lat' dir='ltr'><strong>adiutricem</strong></span> <span class='ocrx_word' id='word_1_39' title='bbox 732 348 839 384; x_wconf 74' lang='lat' dir='ltr'><strong>gloriari</strong></span> <span class='ocrx_word' id='word_1_40' title='bbox 862 350 982 384; x_wconf 68' lang='lat' dir='ltr'><strong>possit.)</strong></span> 
     </span>
    </p>
   </div>
   <div class='ocr_carea' id='block_1_9' title="bbox 199 386 984 429">
    <p class='ocr_par' dir='ltr' id='par_1_9' title="bbox 199 386 984 429">
     <span class='ocr_line' id='line_1_9' title="bbox 199 386 984 429; baseline 0.015 -18"><span class='ocrx_word' id='word_1_41' title='bbox 199 386 283 419; x_wconf 71' lang='lat' dir='ltr'><strong>Igitur</strong></span> <span class='ocrx_word' id='word_1_42' title='bbox 297 388 418 416; x_wconf 85' lang='lat' dir='ltr'><strong>animum</strong></span> <span class='ocrx_word' id='word_1_43' title='bbox 435 389 555 418; x_wconf 85' lang='lat' dir='ltr'><strong>adverte.</strong></span> <span class='ocrx_word' id='word_1_44' title='bbox 573 391 727 427; x_wconf 76' lang='lat' dir='ltr'><strong>Inspiravit,</strong></span> <span class='ocrx_word' id='word_1_45' title='bbox 744 394 842 429; x_wconf 85' lang='lat' dir='ltr'><strong>inquit,</strong></span> <span class='ocrx_word' id='word_1_46' title='bbox 866 395 917 423; x_wconf 91' lang='lat' dir='ltr'><strong>hoc</strong></span> <span class='ocrx_word' id='word_1_47' title='bbox 931 400 984 429; x_wconf 80' lang='lat' dir='ltr'><strong>est,</strong></span> 
     </span>
    </p>
   </div>
   <div class='ocr_carea' id='block_1_10' title="bbox 201 433 986 474">
    <p class='ocr_par' dir='ltr' id='par_1_10' title="bbox 201 433 986 474">
     <span class='ocr_line' id='line_1_10' title="bbox 201 433 986 474; baseline 0.014 -17"><span class='ocrx_word' id='word_1_48' title='bbox 201 439 301 466; x_wconf 61' lang='lat' dir='ltr'><strong>corpus</strong></span> <span class='ocrx_word' id='word_1_49' title='bbox 318 433 383 460; x_wconf 89' lang='lat' dir='ltr'><strong>illud</strong></span> <span class='ocrx_word' id='word_1_50' title='bbox 395 441 410 460; x_wconf 90' lang='lat' dir='ltr'><strong>e</strong></span> <span class='ocrx_word' id='word_1_51' title='bbox 425 435 535 468; x_wconf 81' lang='lat' dir='ltr'><strong>pulvere</strong></span> <span class='ocrx_word' id='word_1_52' title='bbox 560 436 660 464; x_wconf 85' lang='lat' dir='ltr'><strong>factum</strong></span> <span class='ocrx_word' id='word_1_53' title='bbox 674 438 724 466; x_wconf 91' lang='lat' dir='ltr'><strong>hoc</strong></span> <span class='ocrx_word' id='word_1_54' title='bbox 746 440 862 474; x_wconf 86' lang='lat' dir='ltr'><strong>amplius</strong></span> <span class='ocrx_word' id='word_1_55' title='bbox 877 448 986 468; x_wconf 83' lang='lat' dir='ltr'><strong>assecu-</strong></span> 
     </span>
    </p>
   </div>
   <div class='ocr_carea' id='block_1_11' title="bbox 198 479 985 522">
    <p class='ocr_par' dir='ltr' id='par_1_11' title="bbox 198 479 985 522">
     <span class='ocr_line' id='line_1_11' title="bbox 198 479 985 522; baseline 0.015 -21"><span class='ocrx_word' id='word_1_56' title='bbox 198 481 254 503; x_wconf 84' lang='lat' dir='ltr'><strong>tum</strong></span> <span class='ocrx_word' id='word_1_57' title='bbox 268 483 322 507; x_wconf 77' lang='lat' dir='ltr'><strong>est.</strong></span> <span class='ocrx_word' id='word_1_58' title='bbox 347 483 376 505; x_wconf 91' lang='lat' dir='ltr'><strong>nt</strong></span> <span class='ocrx_word' id='word_1_59' title='bbox 396 479 450 506; x_wconf 84' lang='lat' dir='ltr'><strong>vim</strong></span> <span class='ocrx_word' id='word_1_60' title='bbox 474 482 618 514; x_wconf 83' lang='lat' dir='ltr'><strong>quamdam</strong></span> <span class='ocrx_word' id='word_1_61' title='bbox 648 483 754 510; x_wconf 80' lang='lat' dir='ltr'><strong>vitalem</strong></span> <span class='ocrx_word' id='word_1_62' title='bbox 782 485 904 518; x_wconf 80' lang='lat' dir='ltr'><strong>haberet,</strong></span> <span class='ocrx_word' id='word_1_63' title='bbox 925 494 985 522; x_wconf 69' lang='lat' dir='ltr'><strong>quae</strong></span> 
     </span>
    </p>
   </div>
   <div class='ocr_carea' id='block_1_12' title="bbox 198 523 985 565">
    <p class='ocr_par' dir='ltr' id='par_1_12' title="bbox 198 523 985 565">
     <span class='ocr_line' id='line_1_12' title="bbox 198 523 985 565; baseline 0.018 -19"><span class='ocrx_word' id='word_1_64' title='bbox 198 523 238 548; x_wconf 59' lang='grc' dir='ltr'><strong>νίς</strong></span> <span class='ocrx_word' id='word_1_65' title='bbox 259 523 321 548; x_wconf 80' lang='lat' dir='ltr'><strong>huic</strong></span> <span class='ocrx_word' id='word_1_66' title='bbox 337 524 446 551; x_wconf 83' lang='lat' dir='ltr'><strong>animali</strong></span> <span class='ocrx_word' id='word_1_67' title='bbox 467 525 536 553; x_wconf 88' lang='lat' dir='ltr'><strong>facta</strong></span> <span class='ocrx_word' id='word_1_68' title='bbox 564 531 604 554; x_wconf 81' lang='lat' dir='ltr'><strong>est</strong></span> <span class='ocrx_word' id='word_1_69' title='bbox 622 528 649 554; x_wconf 94' lang='lat' dir='ltr'><strong>in</strong></span> <span class='ocrx_word' id='word_1_70' title='bbox 665 529 783 556; x_wconf 86' lang='lat' dir='ltr'><strong>animam</strong></span> <span class='ocrx_word' id='word_1_71' title='bbox 809 530 908 565; x_wconf 87' lang='lat' dir='ltr'><strong>vivam,</strong></span> <span class='ocrx_word' id='word_1_72' title='bbox 933 532 985 560; x_wconf 91' lang='lat' dir='ltr'><strong>ltoc</strong></span> 
     </span>
    </p>
   </div>
   <div class='ocr_carea' id='block_1_13' title="bbox 196 567 983 607">
    <p class='ocr_par' dir='ltr' id='par_1_13' title="bbox 196 567 983 607">
     <span class='ocr_line' id='line_1_13' title="bbox 196 567 983 607; baseline 0.015 -15"><span class='ocrx_word' id='word_1_73' title='bbox 196 571 238 593; x_wconf 65' lang='lat' dir='ltr'><strong>est</strong></span> <span class='ocrx_word' id='word_1_74' title='bbox 251 567 396 595; x_wconf 82' lang='lat' dir='ltr'><strong>t-llicaciter</strong></span> <span class='ocrx_word' id='word_1_75' title='bbox 410 575 536 604; x_wconf 67' lang='lat' dir='ltr'><strong>agentem</strong></span> <span class='ocrx_word' id='word_1_76' title='bbox 555 580 586 598; x_wconf 81' lang='lat' dir='ltr'><strong>ac</strong></span> <span class='ocrx_word' id='word_1_77' title='bbox 611 581 660 607; x_wconf 90' lang='lat' dir='ltr'><strong>per</strong></span> <span class='ocrx_word' id='word_1_78' title='bbox 680 575 862 602; x_wconf 84' lang='lat' dir='ltr'><strong>membrorum</strong></span> <span class='ocrx_word' id='word_1_79' title='bbox 881 582 983 604; x_wconf 77' lang='lat' dir='ltr'><strong>motum</strong></span> 
     </span>
    </p>
   </div>
   <div class='ocr_carea' id='block_1_14' title="bbox 198 616 984 657">
    <p class='ocr_par' dir='ltr' id='par_1_14' title="bbox 198 616 984 657">
     <span class='ocr_line' id='line_1_14' title="bbox 198 616 984 657; baseline 0.015 -19"><span class='ocrx_word' id='word_1_80' title='bbox 198 619 283 640; x_wconf 81' lang='lat' dir='ltr'><strong>artem</strong></span> <span class='ocrx_word' id='word_1_81' title='bbox 298 622 374 641; x_wconf 87' lang='lat' dir='ltr'><strong>suam</strong></span> <span class='ocrx_word' id='word_1_82' title='bbox 390 616 638 646; x_wconf 81' lang='lat' dir='ltr'><strong>dentonstrantem.</strong></span> <span class='ocrx_word' id='word_1_83' title='bbox 651 621 738 654; x_wconf 81' lang='lat' dir='ltr'><strong>Atque</strong></span> <span class='ocrx_word' id='word_1_84' title='bbox 752 621 810 648; x_wconf 74' lang='lat' dir='ltr'><strong>hzec</strong></span> <span class='ocrx_word' id='word_1_85' title='bbox 826 623 907 649; x_wconf 83' lang='lat' dir='ltr'><strong>verba</strong></span> <span class='ocrx_word' id='word_1_86' title='bbox 921 631 984 657; x_wconf 89' lang='lat' dir='ltr'><strong>pro-</strong></span> 
     </span>
    </p>
   </div>
   <div class='ocr_carea' id='block_1_15' title="bbox 197 658 981 703">
    <p class='ocr_par' dir='ltr' id='par_1_15' title="bbox 197 658 981 703">
     <span class='ocr_line' id='line_1_15' title="bbox 197 658 981 703; baseline 0.018 -20"><span class='ocrx_word' id='word_1_87' title='bbox 197 658 324 685; x_wconf 81' lang='lat' dir='ltr'><strong>feruntur</strong></span> <span class='ocrx_word' id='word_1_88' title='bbox 337 667 351 686; x_wconf 89' lang='lat' dir='ltr'><strong>a</strong></span> <span class='ocrx_word' id='word_1_89' title='bbox 369 659 424 688; x_wconf 88' lang='lat' dir='ltr'><strong>Deo</strong></span> <span class='ocrx_word' id='word_1_90' title='bbox 441 667 566 690; x_wconf 85' lang='lat' dir='ltr'><strong>nostrum</strong></span> <span class='ocrx_word' id='word_1_91' title='bbox 583 664 617 691; x_wconf 88' lang='lat' dir='ltr'><strong>ad</strong></span> <span class='ocrx_word' id='word_1_92' title='bbox 633 669 743 700; x_wconf 89' lang='lat' dir='ltr'><strong>captum</strong></span> <span class='ocrx_word' id='word_1_93' title='bbox 767 674 796 694; x_wconf 85' lang='lat' dir='ltr'><strong>se</strong></span> <span class='ocrx_word' id='word_1_94' title='bbox 811 667 981 703; x_wconf 84' lang='lat' dir='ltr'><strong>detnittettte,</strong></span> 
     </span>
    </p>
   </div>
   <div class='ocr_carea' id='block_1_16' title="bbox 196 703 982 742">
    <p class='ocr_par' dir='ltr' id='par_1_16' title="bbox 196 703 982 742">
     <span class='ocr_line' id='line_1_16' title="bbox 196 703 982 742; baseline 0.017 -14"><span class='ocrx_word' id='word_1_95' title='bbox 196 703 268 729; x_wconf 80' lang='lat' dir='ltr'><strong>sicut</strong></span> <span class='ocrx_word' id='word_1_96' title='bbox 287 709 313 731; x_wconf 90' lang='lat' dir='ltr'><strong>et</strong></span> <span class='ocrx_word' id='word_1_97' title='bbox 338 705 381 732; x_wconf 83' lang='lat' dir='ltr'><strong>illa</strong></span> <span class='ocrx_word' id='word_1_98' title='bbox 400 714 407 732; x_wconf 87' lang='lat'><strong>:</strong></span> <span class='ocrx_word' id='word_1_99' title='bbox 428 715 438 732; x_wconf 84' lang='grc'><strong><em>‹</em></strong></span> <span class='ocrx_word' id='word_1_100' title='bbox 455 705 598 736; x_wconf 79' lang='lat' dir='ltr'><strong>Faciamus</strong></span> <span class='ocrx_word' id='word_1_101' title='bbox 617 709 766 738; x_wconf 81' lang='lat' dir='ltr'><strong>hominem.</strong></span> <span class='ocrx_word' id='word_1_102' title='bbox 788 721 797 737; x_wconf 69' lang='grc' dir='ltr'><strong><em>ι</em></strong></span> <span class='ocrx_word' id='word_1_103' title='bbox 830 712 889 740; x_wconf 86' lang='lat' dir='ltr'><strong>Non</strong></span> <span class='ocrx_word' id='word_1_104' title='bbox 911 713 982 742; x_wconf 88' lang='lat' dir='ltr'><strong>enim</strong></span> 
     </span>
    </p>
   </div>
   <div class='ocr_carea' id='block_1_17' title="bbox 197 747 983 787">
    <p class='ocr_par' dir='ltr' id='par_1_17' title="bbox 197 747 983 787">
     <span class='ocr_line' id='line_1_17' title="bbox 197 747 983 787; baseline 0.017 -13"><span class='ocrx_word' id='word_1_105' title='bbox 197 747 250 774; x_wconf 84' lang='lat' dir='ltr'><strong>ulla</strong></span> <span class='ocrx_word' id='word_1_106' title='bbox 291 749 332 776; x_wconf 76' lang='lat' dir='ltr'><strong>vel</strong></span> <span class='ocrx_word' id='word_1_107' title='bbox 367 751 566 780; x_wconf 78' lang='lat' dir='ltr'><strong>deliberatione</strong></span> <span class='ocrx_word' id='word_1_108' title='bbox 592 755 635 781; x_wconf 82' lang='lat' dir='ltr'><strong>vel</strong></span> <span class='ocrx_word' id='word_1_109' title='bbox 661 757 879 786; x_wconf 81' lang='lat' dir='ltr'><strong>consideratione</strong></span> <span class='ocrx_word' id='word_1_110' title='bbox 912 759 983 787; x_wconf 81' lang='lat' dir='ltr'><strong>Deus</strong></span> 
     </span>
    </p>
   </div>
   <div class='ocr_carea' id='block_1_18' title="bbox 198 794 983 833">
    <p class='ocr_par' dir='ltr' id='par_1_18' title="bbox 198 794 983 833">
     <span class='ocr_line' id='line_1_18' title="bbox 198 794 983 833; baseline 0.015 -12"><span class='ocrx_word' id='word_1_111' title='bbox 198 794 300 828; x_wconf 72' lang='lat' dir='ltr'><strong>indiget</strong></span> <span class='ocrx_word' id='word_1_112' title='bbox 321 797 392 823; x_wconf 88' lang='lat' dir='ltr'><strong>:sed</strong></span> <span class='ocrx_word' id='word_1_113' title='bbox 416 798 466 825; x_wconf 84' lang='lat' dir='ltr'><strong>Itac</strong></span> <span class='ocrx_word' id='word_1_114' title='bbox 487 799 595 827; x_wconf 91' lang='lat' dir='ltr'><strong>illorum</strong></span> <span class='ocrx_word' id='word_1_115' title='bbox 621 802 766 830; x_wconf 85' lang='lat' dir='ltr'><strong>verborum</strong></span> <span class='ocrx_word' id='word_1_116' title='bbox 789 803 875 831; x_wconf 85' lang='lat' dir='ltr'><strong>forma</strong></span> <span class='ocrx_word' id='word_1_117' title='bbox 905 805 983 833; x_wconf 77' lang='lat' dir='ltr'><strong>nobis</strong></span> 
     </span>
    </p>
   </div>
   <div class='ocr_carea' id='block_1_19' title="bbox 198 840 982 886">
    <p class='ocr_par' dir='ltr' id='par_1_19' title="bbox 198 840 982 886">
     <span class='ocr_line' id='line_1_19' title="bbox 198 840 982 886; baseline 0.018 -20"><span class='ocrx_word' id='word_1_118' title='bbox 198 840 320 868; x_wconf 87' lang='lat' dir='ltr'><strong>indicare</strong></span> <span class='ocrx_word' id='word_1_119' title='bbox 345 843 404 870; x_wconf 88' lang='lat' dir='ltr'><strong>vult</strong></span> <span class='ocrx_word' id='word_1_120' title='bbox 424 844 589 873; x_wconf 87' lang='lat' dir='ltr'><strong>immensum</strong></span> <span class='ocrx_word' id='word_1_121' title='bbox 615 847 757 882; x_wconf 83' lang='lat' dir='ltr'><strong>honorem,</strong></span> <span class='ocrx_word' id='word_1_122' title='bbox 776 857 831 885; x_wconf 87' lang='lat' dir='ltr'><strong>qtto</strong></span> <span class='ocrx_word' id='word_1_123' title='bbox 856 851 982 886; x_wconf 77' lang='lat' dir='ltr'><strong>dignatur</strong></span> 
     </span>
    </p>
   </div>
   <div class='ocr_carea' id='block_1_20' title="bbox 197 884 978 929">
    <p class='ocr_par' dir='ltr' id='par_1_20' title="bbox 197 884 978 929">
     <span class='ocr_line' id='line_1_20' title="bbox 197 884 978 929; baseline 0.019 -19"><span class='ocrx_word' id='word_1_124' title='bbox 197 884 273 912; x_wconf 92' lang='lat' dir='ltr'><strong>illutn</strong></span> <span class='ocrx_word' id='word_1_125' title='bbox 287 895 366 921; x_wconf 85' lang='lat' dir='ltr'><strong>quem</strong></span> <span class='ocrx_word' id='word_1_126' title='bbox 383 888 527 918; x_wconf 81' lang='lat' dir='ltr'><strong>formabat.</strong></span> <span class='ocrx_word' id='word_1_127' title='bbox 543 891 636 926; x_wconf 82' lang='lat' dir='ltr'><strong>Itaque</strong></span> <span class='ocrx_word' id='word_1_128' title='bbox 659 899 734 922; x_wconf 85' lang='lat' dir='ltr'><strong>creat</strong></span> <span class='ocrx_word' id='word_1_129' title='bbox 758 884 907 929; x_wconf 79' lang='lat' dir='ltr'><strong>hominem,</strong></span> <span class='ocrx_word' id='word_1_130' title='bbox 933 906 978 925; x_wconf 90' lang='lat' dir='ltr'><strong>re-</strong></span> 
     </span>
    </p>
   </div>
   <div class='ocr_carea' id='block_1_21' title="bbox 197 932 978 978">
    <p class='ocr_par' dir='ltr' id='par_1_21' title="bbox 197 932 978 978">
     <span class='ocr_line' id='line_1_21' title="bbox 197 932 978 978; baseline 0.02 -23"><span class='ocrx_word' id='word_1_131' title='bbox 197 935 294 964; x_wconf 79' lang='lat' dir='ltr'><strong>spectu</strong></span> <span class='ocrx_word' id='word_1_132' title='bbox 317 932 442 968; x_wconf 75' lang='lat' dir='ltr'><strong>imaginis</strong></span> <span class='ocrx_word' id='word_1_133' title='bbox 459 941 583 969; x_wconf 62' lang='lat' dir='ltr'><strong>mortuae,</strong></span> <span class='ocrx_word' id='word_1_134' title='bbox 611 940 840 972; x_wconf 81' lang='lat' dir='ltr'><strong>quemadmodum</strong></span> <span class='ocrx_word' id='word_1_135' title='bbox 861 942 978 978; x_wconf 90' lang='lat' dir='ltr'><strong>Chryso-</strong></span> 
     </span>
    </p>
   </div>
   <div class='ocr_carea' id='block_1_22' title="bbox 195 978 979 1022">
    <p class='ocr_par' dir='ltr' id='par_1_22' title="bbox 195 978 979 1022">
     <span class='ocr_line' id='line_1_22' title="bbox 195 978 979 1022; baseline 0.02 -21"><span class='ocrx_word' id='word_1_136' title='bbox 195 979 300 1004; x_wconf 83' lang='lat' dir='ltr'><strong>stomus</strong></span> <span class='ocrx_word' id='word_1_137' title='bbox 314 978 450 1013; x_wconf 83' lang='lat' dir='ltr'><strong>loquitur;</strong></span> <span class='ocrx_word' id='word_1_138' title='bbox 472 989 571 1016; x_wconf 76' lang='lat' dir='ltr'><strong>corpus</strong></span> <span class='ocrx_word' id='word_1_139' title='bbox 585 984 658 1010; x_wconf 90' lang='lat' dir='ltr'><strong>ettim</strong></span> <span class='ocrx_word' id='word_1_140' title='bbox 679 985 788 1019; x_wconf 85' lang='lat' dir='ltr'><strong>jacebat</strong></span> <span class='ocrx_word' id='word_1_141' title='bbox 807 989 885 1022; x_wconf 86' lang='lat' dir='ltr'><strong>quasi</strong></span> <span class='ocrx_word' id='word_1_142' title='bbox 902 997 979 1016; x_wconf 90' lang='lat' dir='ltr'><strong>mor-</strong></span> 
     </span>
    </p>
   </div>
   <div class='ocr_carea' id='block_1_23' title="bbox 195 1025 979 1070">
    <p class='ocr_par' dir='ltr' id='par_1_23' title="bbox 195 1025 979 1070">
     <span class='ocr_line' id='line_1_23' title="bbox 195 1025 979 1070; baseline 0.02 -23"><span class='ocrx_word' id='word_1_143' title='bbox 195 1025 283 1054; x_wconf 85' lang='lat' dir='ltr'><strong>tuum,</strong></span> <span class='ocrx_word' id='word_1_144' title='bbox 308 1031 391 1058; x_wconf 79' lang='lat' dir='ltr'><strong>egens</strong></span> <span class='ocrx_word' id='word_1_145' title='bbox 421 1031 540 1056; x_wconf 88' lang='lat' dir='ltr'><strong>motore.</strong></span> <span class='ocrx_word' id='word_1_146' title='bbox 570 1028 674 1058; x_wconf 88' lang='lat' dir='ltr'><strong>Deinde</strong></span> <span class='ocrx_word' id='word_1_147' title='bbox 701 1032 777 1060; x_wconf 86' lang='lat' dir='ltr'><strong>ait‘:</strong></span> <span class='ocrx_word' id='word_1_148' title='bbox 807 1042 817 1059; x_wconf 84' lang='grc'><strong><em>‹</em></strong></span> <span class='ocrx_word' id='word_1_149' title='bbox 846 1034 979 1070; x_wconf 85' lang='lat' dir='ltr'><strong>Spiritum</strong></span> 
     </span>
    </p>
   </div>
   <div class='ocr_carea' id='block_1_24' title="bbox 195 1067 980 1110">
    <p class='ocr_par' dir='ltr' id='par_1_24' title="bbox 195 1067 980 1110">
     <span class='ocr_line' id='line_1_24' title="bbox 195 1067 980 1110; baseline 0.022 -17"><span class='ocrx_word' id='word_1_150' title='bbox 195 1067 303 1095; x_wconf 83' lang='lat' dir='ltr'><strong>vitalem</strong></span> <span class='ocrx_word' id='word_1_151' title='bbox 326 1069 352 1096; x_wconf 90' lang='lat' dir='ltr'><strong>in</strong></span> <span class='ocrx_word' id='word_1_152' title='bbox 371 1069 467 1099; x_wconf 88' lang='lat' dir='ltr'><strong>faciem</strong></span> <span class='ocrx_word' id='word_1_153' title='bbox 484 1073 543 1108; x_wconf 83' lang='lat' dir='ltr'><strong>ejus</strong></span> <span class='ocrx_word' id='word_1_154' title='bbox 559 1074 713 1110; x_wconf 78' lang='lat' dir='ltr'><strong>inspiravit.</strong></span> <span class='ocrx_word' id='word_1_155' title='bbox 735 1087 745 1104; x_wconf 73' lang='grc' dir='ltr'><strong>ι</strong></span> <span class='ocrx_word' id='word_1_156' title='bbox 771 1078 834 1107; x_wconf 65' lang='lat' dir='ltr'><strong>Haec</strong></span> <span class='ocrx_word' id='word_1_157' title='bbox 850 1088 865 1107; x_wconf 87' lang='lat' dir='ltr'><strong>a</strong></span> <span class='ocrx_word' id='word_1_158' title='bbox 888 1081 980 1110; x_wconf 92' lang='lat' dir='ltr'><strong>divino</strong></span> 
     </span>
    </p>
   </div>
   <div class='ocr_carea' id='block_1_25' title="bbox 194 1113 980 1157">
    <p class='ocr_par' dir='ltr' id='par_1_25' title="bbox 194 1113 980 1157">
     <span class='ocr_line' id='line_1_25' title="bbox 194 1113 980 1157; baseline 0.022 -19"><span class='ocrx_word' id='word_1_159' title='bbox 194 1113 254 1140; x_wconf 84' lang='lat' dir='ltr'><strong>viro</strong></span> <span class='ocrx_word' id='word_1_160' title='bbox 271 1121 401 1149; x_wconf 88' lang='lat' dir='ltr'><strong>perquam</strong></span> <span class='ocrx_word' id='word_1_161' title='bbox 419 1123 493 1146; x_wconf 86' lang='lat' dir='ltr'><strong>recte</strong></span> <span class='ocrx_word' id='word_1_162' title='bbox 509 1119 661 1155; x_wconf 86' lang='lat' dir='ltr'><strong>ordineque</strong></span> <span class='ocrx_word' id='word_1_163' title='bbox 683 1123 822 1157; x_wconf 85' lang='lat' dir='ltr'><strong>dicuntur,</strong></span> <span class='ocrx_word' id='word_1_164' title='bbox 844 1125 980 1155; x_wconf 86' lang='lat' dir='ltr'><strong>refutante</strong></span> 
     </span>
    </p>
   </div>
   <div class='ocr_carea' id='block_1_26' title="bbox 192 1161 981 1204">
    <p class='ocr_par' dir='ltr' id='par_1_26' title="bbox 192 1161 981 1204">
     <span class='ocr_line' id='line_1_26' title="bbox 192 1161 981 1204; baseline 0.023 -19"><span class='ocrx_word' id='word_1_165' title='bbox 192 1161 324 1193; x_wconf 76' lang='lat' dir='ltr'><strong>quosdam</strong></span> <span class='ocrx_word' id='word_1_166' title='bbox 340 1163 387 1197; x_wconf 89' lang='lat' dir='ltr'><strong>qui</strong></span> <span class='ocrx_word' id='word_1_167' title='bbox 404 1171 466 1192; x_wconf 88' lang='lat' dir='ltr'><strong>eutn</strong></span> <span class='ocrx_word' id='word_1_168' title='bbox 489 1165 648 1202; x_wconf 79' lang='lat' dir='ltr'><strong>Origenicas</strong></span> <span class='ocrx_word' id='word_1_169' title='bbox 661 1170 805 1204; x_wconf 89' lang='lat' dir='ltr'><strong>opiniones</strong></span> <span class='ocrx_word' id='word_1_170' title='bbox 828 1174 927 1202; x_wconf 87' lang='lat' dir='ltr'><strong>sectari</strong></span> <span class='ocrx_word' id='word_1_171' title='bbox 943 1175 981 1203; x_wconf 92' lang='lat' dir='ltr'><strong>di-</strong></span> 
     </span>
    </p>
   </div>
   <div class='ocr_carea' id='block_1_27' title="bbox 192 1207 981 1255">
    <p class='ocr_par' dir='ltr' id='par_1_27' title="bbox 192 1207 981 1255">
     <span class='ocr_line' id='line_1_27' title="bbox 192 1207 981 1255; baseline 0.023 -24"><span class='ocrx_word' id='word_1_172' title='bbox 192 1211 297 1234; x_wconf 88' lang='lat' dir='ltr'><strong>cerent.</strong></span> <span class='ocrx_word' id='word_1_173' title='bbox 315 1207 381 1235; x_wconf 86' lang='lat' dir='ltr'><strong>Nam</strong></span> <span class='ocrx_word' id='word_1_174' title='bbox 398 1211 489 1238; x_wconf 81' lang='lat' dir='ltr'><strong>verbis</strong></span> <span class='ocrx_word' id='word_1_175' title='bbox 512 1212 641 1241; x_wconf 84' lang='lat' dir='ltr'><strong>indicatis</strong></span> <span class='ocrx_word' id='word_1_176' title='bbox 655 1216 732 1249; x_wconf 86' lang='lat' dir='ltr'><strong>quasi</strong></span> <span class='ocrx_word' id='word_1_177' title='bbox 748 1217 877 1246; x_wconf 87' lang='lat' dir='ltr'><strong>radicitus</strong></span> <span class='ocrx_word' id='word_1_178' title='bbox 898 1228 981 1255; x_wconf 90' lang='lat' dir='ltr'><strong>pecu-</strong></span> 
     </span>
    </p>
   </div>
   <div class='ocr_carea' id='block_1_28' title="bbox 193 1250 980 1295">
    <p class='ocr_par' dir='ltr' id='par_1_28' title="bbox 193 1250 980 1295">
     <span class='ocr_line' id='line_1_28' title="bbox 193 1250 980 1295; baseline 0.022 -17"><span class='ocrx_word' id='word_1_179' title='bbox 193 1250 286 1280; x_wconf 90' lang='lat' dir='ltr'><strong>liarem</strong></span> <span class='ocrx_word' id='word_1_180' title='bbox 306 1253 378 1281; x_wconf 85' lang='lat' dir='ltr'><strong>illam</strong></span> <span class='ocrx_word' id='word_1_181' title='bbox 392 1256 546 1285; x_wconf 85' lang='lat' dir='ltr'><strong>animarum</strong></span> <span class='ocrx_word' id='word_1_182' title='bbox 561 1259 751 1289; x_wconf 79' lang='lat' dir='ltr'><strong>exsistentiam</strong></span> <span class='ocrx_word' id='word_1_183' title='bbox 767 1268 890 1293; x_wconf 83' lang='lat' dir='ltr'><strong>evertere</strong></span> <span class='ocrx_word' id='word_1_184' title='bbox 904 1266 980 1295; x_wconf 87' lang='lat' dir='ltr'><strong>vide-</strong></span> 
     </span>
    </p>
   </div>
   <div class='ocr_carea' id='block_1_29' title="bbox 193 1301 770 1340">
    <p class='ocr_par' dir='ltr' id='par_1_29' title="bbox 193 1301 770 1340">
     <span class='ocr_line' id='line_1_29' title="bbox 193 1301 770 1340; baseline 0.023 -17"><span class='ocrx_word' id='word_1_185' title='bbox 193 1301 248 1329; x_wconf 81' lang='lat' dir='ltr'><strong>tur.</strong></span> <span class='ocrx_word' id='word_1_186' title='bbox 268 1307 349 1333; x_wconf 91' lang='lat' dir='ltr'><strong>quam</strong></span> <span class='ocrx_word' id='word_1_187' title='bbox 367 1301 471 1330; x_wconf 88' lang='lat' dir='ltr'><strong>delirus</strong></span> <span class='ocrx_word' id='word_1_188' title='bbox 486 1303 619 1340; x_wconf 73' lang='lat' dir='ltr'><strong>Origenes</strong></span> <span class='ocrx_word' id='word_1_189' title='bbox 636 1307 770 1336; x_wconf 83' lang='lat' dir='ltr'><strong>tradebat.</strong></span> 
     </span>
    </p>
   </div>
   <div class='ocr_carea' id='block_1_30' title="bbox 228 1343 980 1388">
    <p class='ocr_par' dir='ltr' id='par_1_30' title="bbox 228 1343 980 1388">
     <span class='ocr_line' id='line_1_30' title="bbox 228 1343 980 1388; baseline 0.024 -19"><span class='ocrx_word' id='word_1_190' title='bbox 228 1343 361 1372; x_wconf 75' lang='lat' dir='ltr'><strong>Caeterum</strong></span> <span class='ocrx_word' id='word_1_191' title='bbox 376 1346 403 1373; x_wconf 95' lang='lat' dir='ltr'><strong>in</strong></span> <span class='ocrx_word' id='word_1_192' title='bbox 418 1347 492 1376; x_wconf 79' lang='lat' dir='ltr'><strong>hisce</strong></span> <span class='ocrx_word' id='word_1_193' title='bbox 511 1350 603 1377; x_wconf 87' lang='lat' dir='ltr'><strong>verbis</strong></span> <span class='ocrx_word' id='word_1_194' title='bbox 619 1360 627 1378; x_wconf 74' lang='grc' dir='ltr'><strong>ι</strong></span> <span class='ocrx_word' id='word_1_195' title='bbox 648 1361 658 1378; x_wconf 69' lang='grc' dir='ltr'><strong>ι</strong></span> <span class='ocrx_word' id='word_1_196' title='bbox 677 1353 807 1388; x_wconf 91' lang='lat' dir='ltr'><strong>Spiritum</strong></span> <span class='ocrx_word' id='word_1_197' title='bbox 824 1356 933 1385; x_wconf 83' lang='lat' dir='ltr'><strong>vitalem</strong></span> <span class='ocrx_word' id='word_1_198' title='bbox 953 1359 980 1386; x_wconf 95' lang='lat' dir='ltr'><strong>in</strong></span> 
     </span>
    </p>
   </div>
   <div class='ocr_carea' id='block_1_31' title="bbox 194 1387 980 1438">
    <p class='ocr_par' dir='ltr' id='par_1_31' title="bbox 194 1387 980 1438">
     <span class='ocr_line' id='line_1_31' title="bbox 194 1387 980 1438; baseline 0.022 -23"><span class='ocrx_word' id='word_1_199' title='bbox 194 1387 293 1416; x_wconf 79' lang='lat' dir='ltr'><strong>faciem</strong></span> <span class='ocrx_word' id='word_1_200' title='bbox 309 1391 370 1425; x_wconf 83' lang='lat' dir='ltr'><strong>ejus</strong></span> <span class='ocrx_word' id='word_1_201' title='bbox 390 1393 543 1428; x_wconf 86' lang='lat' dir='ltr'><strong>inspiravit,</strong></span> <span class='ocrx_word' id='word_1_202' title='bbox 561 1405 570 1421; x_wconf 76' lang='grc' dir='ltr'><strong>ι</strong></span> <span class='ocrx_word' id='word_1_203' title='bbox 587 1387 705 1432; x_wconf 18' lang='lat' dir='ltr'><strong>quidam,</strong></span> <span class='ocrx_word' id='word_1_204' title='bbox 716 1401 806 1429; x_wconf 85' lang='lat' dir='ltr'><strong>audita</strong></span> <span class='ocrx_word' id='word_1_205' title='bbox 824 1402 980 1438; x_wconf 87' lang='lat' dir='ltr'><strong>inspiratio-</strong></span> 
     </span>
    </p>
   </div>
   <div class='ocr_carea' id='block_1_32' title="bbox 192 1435 981 1484">
    <p class='ocr_par' dir='ltr' id='par_1_32' title="bbox 192 1435 981 1484">
     <span class='ocr_line' id='line_1_32' title="bbox 192 1435 981 1484; baseline 0.023 -23"><span class='ocrx_word' id='word_1_206' title='bbox 192 1435 235 1462; x_wconf 85' lang='lat' dir='ltr'><strong>nis</strong></span> <span class='ocrx_word' id='word_1_207' title='bbox 248 1444 324 1469; x_wconf 85' lang='lat' dir='ltr'><strong>voce,</strong></span> <span class='ocrx_word' id='word_1_208' title='bbox 342 1445 392 1466; x_wconf 86' lang='lat' dir='ltr'><strong>nec</strong></span> <span class='ocrx_word' id='word_1_209' title='bbox 408 1441 600 1470; x_wconf 86' lang='lat' dir='ltr'><strong>vocabulorum</strong></span> <span class='ocrx_word' id='word_1_210' title='bbox 613 1451 733 1479; x_wconf 83' lang='lat' dir='ltr'><strong>expensa</strong></span> <span class='ocrx_word' id='word_1_211' title='bbox 746 1448 880 1482; x_wconf 87' lang='lat' dir='ltr'><strong>crassitie,</strong></span> <span class='ocrx_word' id='word_1_212' title='bbox 893 1452 981 1484; x_wconf 89' lang='lat' dir='ltr'><strong>quod-</strong></span> 
     </span>
    </p>
   </div>
   <div class='ocr_carea' id='block_1_33' title="bbox 191 1483 979 1528">
    <p class='ocr_par' dir='ltr' id='par_1_33' title="bbox 191 1483 979 1528">
     <span class='ocr_line' id='line_1_33' title="bbox 191 1483 979 1528; baseline 0.02 -20"><span class='ocrx_word' id='word_1_213' title='bbox 191 1490 245 1515; x_wconf 89' lang='lat' dir='ltr'><strong>que</strong></span> <span class='ocrx_word' id='word_1_214' title='bbox 259 1483 319 1512; x_wconf 88' lang='lat' dir='ltr'><strong>aliis</strong></span> <span class='ocrx_word' id='word_1_215' title='bbox 334 1485 501 1515; x_wconf 71' lang='lat' dir='ltr'><strong>aliaLitterte</strong></span> <span class='ocrx_word' id='word_1_216' title='bbox 514 1496 597 1517; x_wconf 64' lang='lat' dir='ltr'><strong>sacrae</strong></span> <span class='ocrx_word' id='word_1_217' title='bbox 611 1491 763 1526; x_wconf 78' lang='lat' dir='ltr'><strong>signiﬁcare</strong></span> <span class='ocrx_word' id='word_1_218' title='bbox 777 1496 979 1528; x_wconf 83' lang='lat' dir='ltr'><strong>consueverint.</strong></span> 
     </span>
    </p>
   </div>
   <div class='ocr_carea' id='block_1_34' title="bbox 1039 259 1823 295">
    <p class='ocr_par' dir='ltr' id='par_1_34' title="bbox 1039 259 1823 295">
     <span class='ocr_line' id='line_1_34' title="bbox 1039 259 1823 295; baseline 0.003 -9"><span class='ocrx_word' id='word_1_219' title='bbox 1039 260 1147 295; x_wconf 85' lang='grc' dir='ltr'>πρῶτον</span> <span class='ocrx_word' id='word_1_220' title='bbox 1159 260 1359 292; x_wconf 77' lang='grc' dir='ltr'><strong>κατασκευάζει</strong></span> <span class='ocrx_word' id='word_1_221' title='bbox 1371 259 1400 287; x_wconf 80' lang='grc' dir='ltr'><strong>τὸ</strong></span> <span class='ocrx_word' id='word_1_222' title='bbox 1410 259 1489 295; x_wconf 73' lang='grc' dir='ltr'>σῶμα</span> <span class='ocrx_word' id='word_1_223' title='bbox 1504 260 1540 292; x_wconf 84' lang='grc' dir='ltr'>ὡς</span> <span class='ocrx_word' id='word_1_224' title='bbox 1553 260 1688 295; x_wconf 76' lang='grc' dir='ltr'>δργανον,.</span> <span class='ocrx_word' id='word_1_225' title='bbox 1697 261 1744 287; x_wconf 77' lang='grc' dir='ltr'><strong>καὶ</strong></span> <span class='ocrx_word' id='word_1_226' title='bbox 1758 261 1823 288; x_wconf 79' lang='grc' dir='ltr'>τότι</span> 
     </span>
    </p>
   </div>
   <div class='ocr_carea' id='block_1_35' title="bbox 1036 305 1820 342">
    <p class='ocr_par' dir='ltr' id='par_1_35' title="bbox 1036 305 1820 342">
     <span class='ocr_line' id='line_1_35' title="bbox 1036 305 1820 342; baseline 0.001 -11"><span class='ocrx_word' id='word_1_227' title='bbox 1036 305 1087 340; x_wconf 82' lang='grc' dir='ltr'>τὴν</span> <span class='ocrx_word' id='word_1_228' title='bbox 1107 305 1197 340; x_wconf 80' lang='grc' dir='ltr'>ψυχὴν</span> <span class='ocrx_word' id='word_1_229' title='bbox 1213 306 1421 341; x_wconf 76' lang='grc' dir='ltr'><strong>δημιουργήσας</strong></span> <span class='ocrx_word' id='word_1_230' title='bbox 1443 305 1551 341; x_wconf 68' lang='grc' dir='ltr'>ἔθηκεν·</span> <span class='ocrx_word' id='word_1_231' title='bbox 1568 306 1597 332; x_wconf 83' lang='grc' dir='ltr'>οὐ</span> <span class='ocrx_word' id='word_1_232' title='bbox 1613 306 1667 341; x_wconf 80' lang='grc' dir='ltr'>γὰρ</span> <span class='ocrx_word' id='word_1_233' title='bbox 1686 306 1756 333; x_wconf 82' lang='grc' dir='ltr'>θέλει</span> <span class='ocrx_word' id='word_1_234' title='bbox 1770 306 1820 342; x_wconf 83' lang='grc' dir='ltr'>τὴν</span> 
     </span>
    </p>
   </div>
   <div class='ocr_carea' id='block_1_36' title="bbox 1036 351 1820 388">
    <p class='ocr_par' dir='ltr' id='par_1_36' title="bbox 1036 351 1820 388">
     <span class='ocr_line' id='line_1_36' title="bbox 1036 351 1820 388; baseline 0.003 -11"><span class='ocrx_word' id='word_1_235' title='bbox 1036 351 1126 387; x_wconf 81' lang='grc' dir='ltr'>ψυχὴν</span> <span class='ocrx_word' id='word_1_236' title='bbox 1146 352 1272 386; x_wconf 75' lang='grc' dir='ltr'>παρεῖναι</span> <span class='ocrx_word' id='word_1_237' title='bbox 1297 353 1330 387; x_wconf 87' lang='grc' dir='ltr'><strong>τῇ</strong></span> <span class='ocrx_word' id='word_1_238' title='bbox 1354 351 1581 388; x_wconf 77' lang='grc' dir='ltr'>δημιουργίᾳ.ῖνα</span> <span class='ocrx_word' id='word_1_239' title='bbox 1597 352 1634 388; x_wconf 82' lang='grc' dir='ltr'>μὴ</span> <span class='ocrx_word' id='word_1_240' title='bbox 1648 352 1820 388; x_wconf 80' lang='grc' dir='ltr'><strong>καυχήσηται</strong></span> 
     </span>
    </p>
   </div>
   <div class='ocr_carea' id='block_1_37' title="bbox 1036 397 1820 434">
    <p class='ocr_par' dir='ltr' id='par_1_37' title="bbox 1036 397 1820 434">
     <span class='ocr_line' id='line_1_37' title="bbox 1036 397 1820 434; baseline 0 -10"><span class='ocrx_word' id='word_1_241' title='bbox 1036 397 1074 428; x_wconf 82' lang='grc' dir='ltr'><strong>ὡς</strong></span> <span class='ocrx_word' id='word_1_242' title='bbox 1089 398 1221 432; x_wconf 65' lang='grc' dir='ltr'>συνεργὸς</span> <span class='ocrx_word' id='word_1_243' title='bbox 1235 398 1281 424; x_wconf 85' lang='grc' dir='ltr'><strong>τοῦ</strong></span> <span class='ocrx_word' id='word_1_244' title='bbox 1298 397 1379 425; x_wconf 82' lang='grc' dir='ltr'>Θεοῦ.</span> <span class='ocrx_word' id='word_1_245' title='bbox 1397 407 1406 424; x_wconf 86' lang='grc'><strong>›</strong></span> <span class='ocrx_word' id='word_1_246' title='bbox 1425 398 1547 434; x_wconf 84' lang='grc' dir='ltr'>Πρόσεχε</span> <span class='ocrx_word' id='word_1_247' title='bbox 1572 397 1629 425; x_wconf 82' lang='grc' dir='ltr'>οῦν.</span> <span class='ocrx_word' id='word_1_248' title='bbox 1654 398 1820 433; x_wconf 78' lang='grc' dir='ltr'>Ἐνεφύσησε</span> 
     </span>
    </p>
   </div>
   <div class='ocr_carea' id='block_1_38' title="bbox 1036 443 1820 481">
    <p class='ocr_par' dir='ltr' id='par_1_38' title="bbox 1036 443 1820 481">
     <span class='ocr_line' id='line_1_38' title="bbox 1036 443 1820 481; baseline 0.001 -11"><span class='ocrx_word' id='word_1_249' title='bbox 1036 444 1090 481; x_wconf 79' lang='grc' dir='ltr'><strong>γάρ</strong></span> <span class='ocrx_word' id='word_1_250' title='bbox 1109 452 1186 479; x_wconf 85' lang='grc' dir='ltr'>φησι·</span> <span class='ocrx_word' id='word_1_251' title='bbox 1204 445 1327 471; x_wconf 76' lang='grc' dir='ltr'><strong>τουτέστι</strong></span> <span class='ocrx_word' id='word_1_252' title='bbox 1342 444 1372 471; x_wconf 86' lang='grc' dir='ltr'><strong>τδ</strong></span> <span class='ocrx_word' id='word_1_253' title='bbox 1391 444 1471 479; x_wconf 85' lang='grc' dir='ltr'>σῶμα</span> <span class='ocrx_word' id='word_1_254' title='bbox 1485 443 1565 471; x_wconf 84' lang='grc' dir='ltr'>τοῦτο</span> <span class='ocrx_word' id='word_1_255' title='bbox 1586 445 1616 471; x_wconf 85' lang='grc' dir='ltr'><strong>τδ</strong></span> <span class='ocrx_word' id='word_1_256' title='bbox 1630 444 1684 471; x_wconf 70' lang='grc' dir='ltr'>ἀπὸ</span> <span class='ocrx_word' id='word_1_257' title='bbox 1697 444 1743 470; x_wconf 85' lang='grc' dir='ltr'><strong>τοῦ</strong></span> <span class='ocrx_word' id='word_1_258' title='bbox 1759 444 1820 479; x_wconf 74' lang='grc' dir='ltr'>χοὸς</span> 
     </span>
    </p>
   </div>
   <div class='ocr_carea' id='block_1_39' title="bbox 1035 488 1817 524">
    <p class='ocr_par' dir='ltr' id='par_1_39' title="bbox 1035 488 1817 524">
     <span class='ocr_line' id='line_1_39' title="bbox 1035 488 1817 524; baseline 0 -10"><span class='ocrx_word' id='word_1_259' title='bbox 1035 488 1174 524; x_wconf 74' lang='grc' dir='ltr'>ἠϐουλήθη</span> <span class='ocrx_word' id='word_1_260' title='bbox 1196 490 1243 516; x_wconf 72' lang='grc' dir='ltr'><strong>καὶ</strong></span> <span class='ocrx_word' id='word_1_261' title='bbox 1273 488 1425 524; x_wconf 80' lang='grc' dir='ltr'>προσέταξέ</span> <span class='ocrx_word' id='word_1_262' title='bbox 1454 488 1572 524; x_wconf 82' lang='grc' dir='ltr'><strong>ζωτικὴν</strong></span> <span class='ocrx_word' id='word_1_263' title='bbox 1598 488 1670 524; x_wconf 79' lang='grc' dir='ltr'>ἐχειν</span> <span class='ocrx_word' id='word_1_264' title='bbox 1687 489 1817 522; x_wconf 85' lang='grc' dir='ltr'>δύναμιν,</span> 
     </span>
    </p>
   </div>
   <div class='ocr_carea' id='block_1_40' title="bbox 1035 533 1820 569">
    <p class='ocr_par' dir='ltr' id='par_1_40' title="bbox 1035 533 1820 569">
     <span class='ocr_line' id='line_1_40' title="bbox 1035 533 1820 569; baseline 0 -9"><span class='ocrx_word' id='word_1_265' title='bbox 1035 534 1096 569; x_wconf 79' lang='grc' dir='ltr'>ἥτις</span> <span class='ocrx_word' id='word_1_266' title='bbox 1110 534 1220 568; x_wconf 79' lang='grc' dir='ltr'>ἐγένετο</span> <span class='ocrx_word' id='word_1_267' title='bbox 1236 534 1267 560; x_wconf 79' lang='grc' dir='ltr'><strong>τδ</strong></span> <span class='ocrx_word' id='word_1_268' title='bbox 1283 533 1353 566; x_wconf 83' lang='grc' dir='ltr'>ζῶον</span> <span class='ocrx_word' id='word_1_269' title='bbox 1369 535 1408 566; x_wconf 70' lang='grc' dir='ltr'>εἰς</span> <span class='ocrx_word' id='word_1_270' title='bbox 1419 534 1511 569; x_wconf 72' lang='grc' dir='ltr'>ψυχὴν</span> <span class='ocrx_word' id='word_1_271' title='bbox 1522 533 1624 566; x_wconf 82' lang='grc' dir='ltr'>ζῶσαν,</span> <span class='ocrx_word' id='word_1_272' title='bbox 1642 534 1727 569; x_wconf 72' lang='grc' dir='ltr'>ἤγουν</span> <span class='ocrx_word' id='word_1_273' title='bbox 1743 535 1820 567; x_wconf 84' lang='grc' dir='ltr'>ἐνερ-</span> 
     </span>
    </p>
   </div>
   <div class='ocr_carea' id='block_1_41' title="bbox 1035 579 1820 615">
    <p class='ocr_par' dir='ltr' id='par_1_41' title="bbox 1035 579 1820 615">
     <span class='ocr_line' id='line_1_41' title="bbox 1035 579 1820 615; baseline 0 -10"><span class='ocrx_word' id='word_1_274' title='bbox 1035 579 1137 613; x_wconf 85' lang='grc' dir='ltr'>γοῦσαν</span> <span class='ocrx_word' id='word_1_275' title='bbox 1153 581 1201 607; x_wconf 74' lang='grc' dir='ltr'>καὶ</span> <span class='ocrx_word' id='word_1_276' title='bbox 1217 579 1267 614; x_wconf 83' lang='grc' dir='ltr'>τὴν</span> <span class='ocrx_word' id='word_1_277' title='bbox 1282 579 1366 615; x_wconf 80' lang='grc' dir='ltr'>αὐτὴν</span> <span class='ocrx_word' id='word_1_278' title='bbox 1378 579 1477 615; x_wconf 84' lang='grc' dir='ltr'>τέχνην</span> <span class='ocrx_word' id='word_1_279' title='bbox 1494 580 1673 606; x_wconf 79' lang='grc' dir='ltr'><strong>δεικνύουσαν</strong></span> <span class='ocrx_word' id='word_1_280' title='bbox 1699 579 1743 605; x_wconf 85' lang='grc' dir='ltr'><strong>διὰ</strong></span> <span class='ocrx_word' id='word_1_281' title='bbox 1769 579 1820 612; x_wconf 84' lang='grc' dir='ltr'><strong>τῆς</strong></span> 
     </span>
    </p>
   </div>
   <div class='ocr_carea' id='block_1_42' title="bbox 1035 623 1820 660">
    <p class='ocr_par' dir='ltr' id='par_1_42' title="bbox 1035 623 1820 660">
     <span class='ocr_line' id='line_1_42' title="bbox 1035 623 1820 660; baseline 0.001 -10"><span class='ocrx_word' id='word_1_282' title='bbox 1035 623 1089 651; x_wconf 85' lang='grc' dir='ltr'><strong>τῶν</strong></span> <span class='ocrx_word' id='word_1_283' title='bbox 1110 624 1200 658; x_wconf 77' lang='grc' dir='ltr'>μελῶν</span> <span class='ocrx_word' id='word_1_284' title='bbox 1219 625 1364 659; x_wconf 80' lang='grc' dir='ltr'>κινήσεως.</span> <span class='ocrx_word' id='word_1_285' title='bbox 1391 625 1507 656; x_wconf 80' lang='grc' dir='ltr'>Οὐκοῦν.</span> <span class='ocrx_word' id='word_1_286' title='bbox 1528 625 1665 660; x_wconf 80' lang='grc' dir='ltr'>ἁγαπητέ,</span> <span class='ocrx_word' id='word_1_287' title='bbox 1683 633 1820 658; x_wconf 83' lang='grc' dir='ltr'>συγκατα-</span> 
     </span>
    </p>
   </div>
   <div class='ocr_carea' id='block_1_43' title="bbox 1023 669 1822 706">
    <p class='ocr_par' dir='ltr' id='par_1_43' title="bbox 1023 669 1822 706">
     <span class='ocr_line' id='line_1_43' title="bbox 1023 669 1822 706; baseline 0.001 -10"><span class='ocrx_word' id='word_1_288' title='bbox 1023 669 1143 701; x_wconf 60' lang='grc' dir='ltr'>τὸἀσεως</span> <span class='ocrx_word' id='word_1_289' title='bbox 1157 670 1244 697; x_wconf 77' lang='grc' dir='ltr'>ταῦτα</span> <span class='ocrx_word' id='word_1_290' title='bbox 1261 671 1294 697; x_wconf 83' lang='grc' dir='ltr'>τὰ</span> <span class='ocrx_word' id='word_1_291' title='bbox 1310 671 1431 706; x_wconf 84' lang='grc' dir='ltr'>ῥήματα,</span> <span class='ocrx_word' id='word_1_292' title='bbox 1446 671 1541 706; x_wconf 71' lang='grc' dir='ltr'>ὥσπερ</span> <span class='ocrx_word' id='word_1_293' title='bbox 1554 669 1602 698; x_wconf 76' lang='grc' dir='ltr'>οὖν</span> <span class='ocrx_word' id='word_1_294' title='bbox 1616 671 1662 698; x_wconf 82' lang='grc' dir='ltr'>καὶ</span> <span class='ocrx_word' id='word_1_295' title='bbox 1677 672 1708 698; x_wconf 80' lang='grc' dir='ltr'><strong>τὺ</strong></span> <span class='ocrx_word' id='word_1_296' title='bbox 1718 681 1728 697; x_wconf 75' lang='grc' dir='ltr'>ι</span> <span class='ocrx_word' id='word_1_297' title='bbox 1743 672 1822 705; x_wconf 71' lang='grc' dir='ltr'>ποιή-</span> 
     </span>
    </p>
   </div>
   <div class='ocr_carea' id='block_1_44' title="bbox 1036 715 1820 752">
    <p class='ocr_par' dir='ltr' id='par_1_44' title="bbox 1036 715 1820 752">
     <span class='ocr_line' id='line_1_44' title="bbox 1036 715 1820 752; baseline 0.003 -11"><span class='ocrx_word' id='word_1_298' title='bbox 1036 723 1128 748; x_wconf 87' lang='grc' dir='ltr'>σωμεν</span> <span class='ocrx_word' id='word_1_299' title='bbox 1146 715 1301 751; x_wconf 81' lang='grc' dir='ltr'>ἄνθρωπον.</span> <span class='ocrx_word' id='word_1_300' title='bbox 1325 726 1334 742; x_wconf 72' lang='grc' dir='ltr'><strong><em>ι</em></strong></span> <span class='ocrx_word' id='word_1_301' title='bbox 1353 717 1399 751; x_wconf 84' lang='grc' dir='ltr'><strong>Μὴ</strong></span> <span class='ocrx_word' id='word_1_302' title='bbox 1415 717 1469 752; x_wconf 88' lang='grc' dir='ltr'><strong>γὰρ</strong></span> <span class='ocrx_word' id='word_1_303' title='bbox 1486 716 1629 752; x_wconf 81' lang='grc' dir='ltr'>βουληθεὶς</span> <span class='ocrx_word' id='word_1_304' title='bbox 1653 718 1667 744; x_wconf 85' lang='lat'><strong>6</strong></span> <span class='ocrx_word' id='word_1_305' title='bbox 1683 716 1749 748; x_wconf 82' lang='grc' dir='ltr'>Θεὸς</span> <span class='ocrx_word' id='word_1_306' title='bbox 1766 717 1820 743; x_wconf 79' lang='grc' dir='ltr'>δεῖ·</span> 
     </span>
    </p>
   </div>
   <div class='ocr_carea' id='block_1_45' title="bbox 1033 761 1821 798">
    <p class='ocr_par' dir='ltr' id='par_1_45' title="bbox 1033 761 1821 798">
     <span class='ocr_line' id='line_1_45' title="bbox 1033 761 1821 798; baseline 0.005 -12"><span class='ocrx_word' id='word_1_307' title='bbox 1033 769 1079 787; x_wconf 86' lang='grc' dir='ltr'><strong>ται</strong></span> <span class='ocrx_word' id='word_1_308' title='bbox 1097 762 1145 787; x_wconf 68' lang='grc' dir='ltr'><strong>καὶ</strong></span> <span class='ocrx_word' id='word_1_309' title='bbox 1166 762 1299 795; x_wconf 78' lang='grc' dir='ltr'><strong>σκέψεως,</strong></span> <span class='ocrx_word' id='word_1_310' title='bbox 1315 761 1383 789; x_wconf 82' lang='grc' dir='ltr'>ἀλλὰ</span> <span class='ocrx_word' id='word_1_311' title='bbox 1405 762 1444 797; x_wconf 84' lang='grc' dir='ltr'><strong>τῷ</strong></span> <span class='ocrx_word' id='word_1_312' title='bbox 1464 764 1639 798; x_wconf 80' lang='grc' dir='ltr'><strong>προσχήματι</strong></span> <span class='ocrx_word' id='word_1_313' title='bbox 1663 763 1710 790; x_wconf 86' lang='grc' dir='ltr'><strong>τοῦ</strong></span> <span class='ocrx_word' id='word_1_314' title='bbox 1732 763 1821 797; x_wconf 82' lang='grc' dir='ltr'>ῥήμα-</span> 
     </span>
    </p>
   </div>
   <div class='ocr_carea' id='block_1_46' title="bbox 1033 806 1818 842">
    <p class='ocr_par' dir='ltr' id='par_1_46' title="bbox 1033 806 1818 842">
     <span class='ocr_line' id='line_1_46' title="bbox 1033 806 1818 842; baseline 0.003 -11"><span class='ocrx_word' id='word_1_315' title='bbox 1033 813 1081 837; x_wconf 83' lang='grc' dir='ltr'><strong>τος</strong></span> <span class='ocrx_word' id='word_1_316' title='bbox 1100 806 1270 838; x_wconf 73' lang='grc' dir='ltr'><strong>ἐνδείξασθαι</strong></span> <span class='ocrx_word' id='word_1_317' title='bbox 1295 806 1419 841; x_wconf 81' lang='grc' dir='ltr'>βούλεται</span> <span class='ocrx_word' id='word_1_318' title='bbox 1437 807 1503 841; x_wconf 80' lang='grc' dir='ltr'>ἡμῖν</span> <span class='ocrx_word' id='word_1_319' title='bbox 1528 807 1578 842; x_wconf 80' lang='grc' dir='ltr'>τὴν</span> <span class='ocrx_word' id='word_1_320' title='bbox 1596 807 1818 842; x_wconf 74' lang='grc' dir='ltr'>ὑπερϐάλλουσαν</span> 
     </span>
    </p>
   </div>
   <div class='ocr_carea' id='block_1_47' title="bbox 1033 850 1818 888">
    <p class='ocr_par' dir='ltr' id='par_1_47' title="bbox 1033 850 1818 888">
     <span class='ocr_line' id='line_1_47' title="bbox 1033 850 1818 888; baseline 0.003 -10"><span class='ocrx_word' id='word_1_321' title='bbox 1033 851 1127 886; x_wconf 84' lang='grc' dir='ltr'>τιμὴν,</span> <span class='ocrx_word' id='word_1_322' title='bbox 1142 850 1175 886; x_wconf 83' lang='grc' dir='ltr'><strong>ἦς</strong></span> <span class='ocrx_word' id='word_1_323' title='bbox 1193 852 1315 886; x_wconf 81' lang='grc' dir='ltr'>ἀξιοῦται</span> <span class='ocrx_word' id='word_1_324' title='bbox 1328 852 1392 887; x_wconf 85' lang='grc' dir='ltr'>παρ’</span> <span class='ocrx_word' id='word_1_325' title='bbox 1409 853 1491 878; x_wconf 79' lang='grc' dir='ltr'>αὑτοῦ</span> <span class='ocrx_word' id='word_1_326' title='bbox 1508 854 1522 879; x_wconf 83' lang='lat'><strong>6</strong></span> <span class='ocrx_word' id='word_1_327' title='bbox 1534 853 1818 888; x_wconf 78' lang='grc' dir='ltr'>πλαστουργούμενος.</span> 
     </span>
    </p>
   </div>
   <div class='ocr_carea' id='block_1_48' title="bbox 1035 892 1818 934">
    <p class='ocr_par' dir='ltr' id='par_1_48' title="bbox 1035 892 1818 934">
     <span class='ocr_line' id='line_1_48' title="bbox 1035 892 1818 934; baseline 0.003 -11"><span class='ocrx_word' id='word_1_328' title='bbox 1035 892 1111 923; x_wconf 82' lang='grc' dir='ltr'>Ποὶεἰ</span> <span class='ocrx_word' id='word_1_329' title='bbox 1129 897 1217 923; x_wconf 77' lang='grc' dir='ltr'>τοίνυν</span> <span class='ocrx_word' id='word_1_330' title='bbox 1229 897 1274 923; x_wconf 79' lang='grc' dir='ltr'>τὸν</span> <span class='ocrx_word' id='word_1_331' title='bbox 1290 897 1433 932; x_wconf 80' lang='grc' dir='ltr'>ἄνθρωπον</span> <span class='ocrx_word' id='word_1_332' title='bbox 1450 897 1520 924; x_wconf 83' lang='grc' dir='ltr'>κατὰ</span> <span class='ocrx_word' id='word_1_333' title='bbox 1536 899 1586 932; x_wconf 86' lang='grc' dir='ltr'>τὴν</span> <span class='ocrx_word' id='word_1_334' title='bbox 1599 899 1701 934; x_wconf 65' lang='grc' dir='ltr'>νεκρὰν</span> <span class='ocrx_word' id='word_1_335' title='bbox 1717 899 1818 929; x_wconf 70' lang='grc' dir='ltr'>εἰκόνα.</span> 
     </span>
    </p>
   </div>
   <div class='ocr_carea' id='block_1_49' title="bbox 1023 943 1820 980">
    <p class='ocr_par' dir='ltr' id='par_1_49' title="bbox 1023 943 1820 980">
     <span class='ocr_line' id='line_1_49' title="bbox 1023 943 1820 980; baseline 0.004 -11"><span class='ocrx_word' id='word_1_336' title='bbox 1023 943 1068 974; x_wconf 75' lang='grc' dir='ltr'><strong>’ὡς</strong></span> <span class='ocrx_word' id='word_1_337' title='bbox 1092 944 1106 969; x_wconf 97' lang='lat'><strong>6</strong></span> <span class='ocrx_word' id='word_1_338' title='bbox 1134 944 1334 979; x_wconf 70' lang='grc' dir='ltr'>χρυωρῤήμων</span> <span class='ocrx_word' id='word_1_339' title='bbox 1362 944 1456 979; x_wconf 83' lang='grc' dir='ltr'>φησίν.</span> <span class='ocrx_word' id='word_1_340' title='bbox 1475 945 1585 971; x_wconf 86' lang='grc' dir='ltr'>Ἐκειτο</span> <span class='ocrx_word' id='word_1_341' title='bbox 1603 945 1656 980; x_wconf 81' lang='grc' dir='ltr'><strong>γὰρ</strong></span> <span class='ocrx_word' id='word_1_342' title='bbox 1682 945 1712 972; x_wconf 84' lang='grc' dir='ltr'><strong>τδ</strong></span> <span class='ocrx_word' id='word_1_343' title='bbox 1740 945 1820 980; x_wconf 86' lang='grc' dir='ltr'>σῶμα</span> 
     </span>
    </p>
   </div>
   <div class='ocr_carea' id='block_1_50' title="bbox 1030 988 1818 1026">
    <p class='ocr_par' dir='ltr' id='par_1_50' title="bbox 1030 988 1818 1026">
     <span class='ocr_line' id='line_1_50' title="bbox 1030 988 1818 1026; baseline 0.005 -12"><span class='ocrx_word' id='word_1_344' title='bbox 1030 988 1180 1021; x_wconf 77' lang='grc' dir='ltr'>τηνικαῦτα</span> <span class='ocrx_word' id='word_1_345' title='bbox 1197 989 1314 1024; x_wconf 84' lang='grc' dir='ltr'>νεκρὸν,</span> <span class='ocrx_word' id='word_1_346' title='bbox 1344 989 1393 1016; x_wconf 84' lang='grc' dir='ltr'><strong>τοῦ</strong></span> <span class='ocrx_word' id='word_1_347' title='bbox 1421 989 1561 1021; x_wconf 81' lang='grc' dir='ltr'>κινοῦντος</span> <span class='ocrx_word' id='word_1_348' title='bbox 1589 990 1655 1017; x_wconf 74' lang='grc' dir='ltr'>αὐτὸ</span> <span class='ocrx_word' id='word_1_349' title='bbox 1680 991 1818 1026; x_wconf 82' lang='grc' dir='ltr'>δεόμενον.</span> 
     </span>
    </p>
   </div>
   <div class='ocr_carea' id='block_1_51' title="bbox 1033 1034 1818 1071">
    <p class='ocr_par' dir='ltr' id='par_1_51' title="bbox 1033 1034 1818 1071">
     <span class='ocr_line' id='line_1_51' title="bbox 1033 1034 1818 1071; baseline 0.004 -11"><span class='ocrx_word' id='word_1_350' title='bbox 1033 1034 1149 1061; x_wconf 73' lang='grc' dir='ltr'>Ἔπειτα</span> <span class='ocrx_word' id='word_1_351' title='bbox 1168 1042 1245 1069; x_wconf 85' lang='grc' dir='ltr'>φησι,</span> <span class='ocrx_word' id='word_1_352' title='bbox 1266 1044 1275 1060; x_wconf 71' lang='grc' dir='ltr'><strong>ι</strong></span> <span class='ocrx_word' id='word_1_353' title='bbox 1291 1035 1347 1061; x_wconf 75' lang='grc' dir='ltr'><strong>Καὶ</strong></span> <span class='ocrx_word' id='word_1_354' title='bbox 1369 1035 1535 1070; x_wconf 77' lang='grc' dir='ltr'><strong>ἐνεφύσησεν</strong></span> <span class='ocrx_word' id='word_1_355' title='bbox 1560 1036 1601 1067; x_wconf 85' lang='grc' dir='ltr'><strong>είς</strong></span> <span class='ocrx_word' id='word_1_356' title='bbox 1625 1036 1655 1062; x_wconf 81' lang='grc' dir='ltr'>τὸ</span> <span class='ocrx_word' id='word_1_357' title='bbox 1671 1036 1818 1071; x_wconf 78' lang='grc' dir='ltr'>πρόσωπον</span> 
     </span>
    </p>
   </div>
   <div class='ocr_carea' id='block_1_52' title="bbox 1030 1079 1818 1116">
    <p class='ocr_par' dir='ltr' id='par_1_52' title="bbox 1030 1079 1818 1116">
     <span class='ocr_line' id='line_1_52' title="bbox 1030 1079 1818 1116; baseline 0.004 -11"><span class='ocrx_word' id='word_1_358' title='bbox 1030 1079 1114 1106; x_wconf 84' lang='grc' dir='ltr'>αὐτοῦ</span> <span class='ocrx_word' id='word_1_359' title='bbox 1139 1080 1225 1114; x_wconf 82' lang='grc' dir='ltr'>πνοὴν</span> <span class='ocrx_word' id='word_1_360' title='bbox 1243 1080 1325 1112; x_wconf 80' lang='grc' dir='ltr'>ζωῆς.</span> <span class='ocrx_word' id='word_1_361' title='bbox 1347 1089 1356 1106; x_wconf 78' lang='lat' dir='ltr'><strong>t</strong></span> <span class='ocrx_word' id='word_1_362' title='bbox 1377 1080 1470 1108; x_wconf 78' lang='grc' dir='ltr'>Ταῦτα</span> <span class='ocrx_word' id='word_1_363' title='bbox 1499 1081 1548 1116; x_wconf 64' lang='grc' dir='ltr'>μὲν</span> <span class='ocrx_word' id='word_1_364' title='bbox 1571 1081 1616 1107; x_wconf 75' lang='grc' dir='ltr'><strong>οῦν</strong></span> <span class='ocrx_word' id='word_1_365' title='bbox 1645 1082 1659 1107; x_wconf 84' lang='grc' dir='ltr'><strong>ὀ</strong></span> <span class='ocrx_word' id='word_1_366' title='bbox 1679 1081 1818 1113; x_wconf 81' lang='grc' dir='ltr'>θειότατος</span> 
     </span>
    </p>
   </div>
   <div class='ocr_carea' id='block_1_53' title="bbox 1036 1125 1818 1163">
    <p class='ocr_par' dir='ltr' id='par_1_53' title="bbox 1036 1125 1818 1163">
     <span class='ocr_line' id='line_1_53' title="bbox 1036 1125 1818 1163; baseline 0.003 -11"><span class='ocrx_word' id='word_1_367' title='bbox 1036 1125 1163 1160; x_wconf 84' lang='grc' dir='ltr'>Ἰωάννης</span> <span class='ocrx_word' id='word_1_368' title='bbox 1176 1126 1254 1160; x_wconf 75' lang='grc' dir='ltr'>ἔλεγε</span> <span class='ocrx_word' id='word_1_369' title='bbox 1266 1127 1315 1153; x_wconf 79' lang='grc' dir='ltr'><strong>καὶ</strong></span> <span class='ocrx_word' id='word_1_370' title='bbox 1337 1126 1399 1153; x_wconf 82' lang='grc' dir='ltr'>λίαν</span> <span class='ocrx_word' id='word_1_371' title='bbox 1414 1127 1580 1162; x_wconf 76' lang='grc' dir='ltr'>εὐμεοόδως,</span> <span class='ocrx_word' id='word_1_372' title='bbox 1596 1127 1736 1163; x_wconf 75' lang='grc' dir='ltr'><strong>ἐντρέπων</strong></span> <span class='ocrx_word' id='word_1_373' title='bbox 1754 1128 1818 1159; x_wconf 77' lang='grc' dir='ltr'>τοὺς</span> 
     </span>
    </p>
   </div>
   <div class='ocr_carea' id='block_1_54' title="bbox 1030 1171 1818 1209">
    <p class='ocr_par' dir='ltr' id='par_1_54' title="bbox 1030 1171 1818 1209">
     <span class='ocr_line' id='line_1_54' title="bbox 1030 1171 1818 1209; baseline 0.005 -12"><span class='ocrx_word' id='word_1_374' title='bbox 1030 1171 1162 1204; x_wconf 83' lang='grc' dir='ltr'>λέγοντας</span> <span class='ocrx_word' id='word_1_375' title='bbox 1172 1172 1254 1198; x_wconf 75' lang='grc' dir='ltr'>αὑτὸν</span> <span class='ocrx_word' id='word_1_376' title='bbox 1270 1172 1311 1199; x_wconf 83' lang='grc' dir='ltr'>ὅτι</span> <span class='ocrx_word' id='word_1_377' title='bbox 1327 1172 1360 1199; x_wconf 74' lang='grc' dir='ltr'><strong>τὰ</strong></span> <span class='ocrx_word' id='word_1_378' title='bbox 1382 1173 1537 1208; x_wconf 79' lang='grc' dir='ltr'>Ὠριγένους</span> <span class='ocrx_word' id='word_1_379' title='bbox 1551 1175 1654 1208; x_wconf 83' lang='grc' dir='ltr'>φρονεῖ.</span> <span class='ocrx_word' id='word_1_380' title='bbox 1682 1174 1750 1201; x_wconf 74' lang='grc' dir='ltr'>Ἀπὸ</span> <span class='ocrx_word' id='word_1_381' title='bbox 1764 1174 1818 1209; x_wconf 87' lang='grc' dir='ltr'>γὰρ</span> 
     </span>
    </p>
   </div>
   <div class='ocr_carea' id='block_1_55' title="bbox 1031 1216 1818 1255">
    <p class='ocr_par' dir='ltr' id='par_1_55' title="bbox 1031 1216 1818 1255">
     <span class='ocr_line' id='line_1_55' title="bbox 1031 1216 1818 1255; baseline 0.004 -13"><span class='ocrx_word' id='word_1_382' title='bbox 1031 1216 1084 1243; x_wconf 79' lang='grc' dir='ltr'><strong>τῶν</strong></span> <span class='ocrx_word' id='word_1_383' title='bbox 1105 1216 1306 1252; x_wconf 78' lang='grc' dir='ltr'><strong>διαληφθέντων</strong></span> <span class='ocrx_word' id='word_1_384' title='bbox 1333 1218 1464 1252; x_wconf 80' lang='grc' dir='ltr'><strong>ῥημάτων</strong></span> <span class='ocrx_word' id='word_1_385' title='bbox 1488 1218 1616 1254; x_wconf 81' lang='grc' dir='ltr'>ἀνασπᾷν</span> <span class='ocrx_word' id='word_1_386' title='bbox 1641 1219 1713 1245; x_wconf 78' lang='grc' dir='ltr'>ἔοικε</span> <span class='ocrx_word' id='word_1_387' title='bbox 1732 1219 1818 1255; x_wconf 71' lang='grc' dir='ltr'>πρόρ-</span> 
     </span>
    </p>
   </div>
   <div class='ocr_carea' id='block_1_56' title="bbox 1032 1260 1816 1300">
    <p class='ocr_par' dir='ltr' id='par_1_56' title="bbox 1032 1260 1816 1300">
     <span class='ocr_line' id='line_1_56' title="bbox 1032 1260 1816 1300; baseline 0.005 -13"><span class='ocrx_word' id='word_1_388' title='bbox 1032 1260 1107 1296; x_wconf 77' lang='grc' dir='ltr'>ριζον</span> <span class='ocrx_word' id='word_1_389' title='bbox 1119 1261 1168 1296; x_wconf 81' lang='grc' dir='ltr'>τὴν</span> <span class='ocrx_word' id='word_1_390' title='bbox 1180 1262 1351 1298; x_wconf 77' lang='grc' dir='ltr'>προῦπαρξιν</span> <span class='ocrx_word' id='word_1_391' title='bbox 1366 1263 1420 1290; x_wconf 87' lang='grc' dir='ltr'><strong>τῶν</strong></span> <span class='ocrx_word' id='word_1_392' title='bbox 1437 1263 1543 1299; x_wconf 82' lang='grc' dir='ltr'>ψυχῶν,</span> <span class='ocrx_word' id='word_1_393' title='bbox 1562 1264 1594 1299; x_wconf 78' lang='grc' dir='ltr'>ἢν</span> <span class='ocrx_word' id='word_1_394' title='bbox 1610 1264 1624 1291; x_wconf 87' lang='lat'><strong>6</strong></span> <span class='ocrx_word' id='word_1_395' title='bbox 1642 1264 1816 1300; x_wconf 84' lang='grc' dir='ltr'>ματαιόφρων</span> 
     </span>
    </p>
   </div>
   <div class='ocr_carea' id='block_1_57' title="bbox 1040 1307 1538 1342">
    <p class='ocr_par' dir='ltr' id='par_1_57' title="bbox 1040 1307 1538 1342">
     <span class='ocr_line' id='line_1_57' title="bbox 1040 1307 1538 1342; baseline 0.01 -10"><span class='ocrx_word' id='word_1_396' title='bbox 1040 1307 1183 1342; x_wconf 82' lang='grc' dir='ltr'>Ὤριγένης</span> <span class='ocrx_word' id='word_1_397' title='bbox 1196 1308 1316 1340; x_wconf 77' lang='grc' dir='ltr'>ἐδόξαζε.</span> <span class='ocrx_word' id='word_1_398' title='bbox 1533 1334 1538 1337; x_wconf 98' lang='grc'>.</span> 
     </span>
    </p>
   </div>
   <div class='ocr_carea' id='block_1_58' title="bbox 1066 1352 1816 1392">
    <p class='ocr_par' dir='ltr' id='par_1_58' title="bbox 1066 1352 1816 1392">
     <span class='ocr_line' id='line_1_58' title="bbox 1066 1352 1816 1392; baseline 0.008 -14"><span class='ocrx_word' id='word_1_399' title='bbox 1066 1352 1121 1378; x_wconf 82' lang='grc' dir='ltr'><strong>Καὶ</strong></span> <span class='ocrx_word' id='word_1_400' title='bbox 1146 1353 1313 1387; x_wconf 74' lang='grc' dir='ltr'>ἐνεφύσησεν</span> <span class='ocrx_word' id='word_1_401' title='bbox 1329 1354 1369 1385; x_wconf 78' lang='grc' dir='ltr'><strong>είς</strong></span> <span class='ocrx_word' id='word_1_402' title='bbox 1390 1354 1420 1381; x_wconf 79' lang='grc' dir='ltr'>τὸ</span> <span class='ocrx_word' id='word_1_403' title='bbox 1447 1355 1593 1390; x_wconf 71' lang='grc' dir='ltr'>πρόσωπον</span> <span class='ocrx_word' id='word_1_404' title='bbox 1622 1356 1705 1383; x_wconf 74' lang='grc' dir='ltr'>αὑτοῦ</span> <span class='ocrx_word' id='word_1_405' title='bbox 1731 1357 1816 1392; x_wconf 78' lang='grc' dir='ltr'>πνοὴν</span> 
     </span>
    </p>
   </div>
   <div class='ocr_carea' id='block_1_59' title="bbox 1033 1397 1820 1436">
    <p class='ocr_par' dir='ltr' id='par_1_59' title="bbox 1033 1397 1820 1436">
     <span class='ocr_line' id='line_1_59' title="bbox 1033 1397 1820 1436; baseline 0.006 -12"><span class='ocrx_word' id='word_1_406' title='bbox 1033 1397 1116 1433; x_wconf 81' lang='grc' dir='ltr'><strong>ζωῆς.</strong></span> <span class='ocrx_word' id='word_1_407' title='bbox 1139 1398 1209 1425; x_wconf 85' lang='grc' dir='ltr'>Ἀλλ’</span> <span class='ocrx_word' id='word_1_408' title='bbox 1225 1399 1343 1426; x_wconf 74' lang='grc' dir='ltr'>ἐνταῦθα</span> <span class='ocrx_word' id='word_1_409' title='bbox 1366 1401 1397 1427; x_wconf 78' lang='grc' dir='ltr'>τὸ</span> <span class='ocrx_word' id='word_1_410' title='bbox 1424 1401 1576 1436; x_wconf 71' lang='grc' dir='ltr'>ἐνεφύσησε</span> <span class='ocrx_word' id='word_1_411' title='bbox 1601 1411 1672 1433; x_wconf 80' lang='grc' dir='ltr'>τινες</span> <span class='ocrx_word' id='word_1_412' title='bbox 1685 1402 1820 1429; x_wconf 76' lang='grc' dir='ltr'>ἀκούσαν-</span> 
     </span>
    </p>
   </div>
   <div class='ocr_carea' id='block_1_60' title="bbox 1032 1444 1819 1483">
    <p class='ocr_par' dir='ltr' id='par_1_60' title="bbox 1032 1444 1819 1483">
     <span class='ocr_line' id='line_1_60' title="bbox 1032 1444 1819 1483; baseline 0.008 -14"><span class='ocrx_word' id='word_1_413' title='bbox 1032 1451 1090 1475; x_wconf 86' lang='grc' dir='ltr'>τες,</span> <span class='ocrx_word' id='word_1_414' title='bbox 1106 1444 1154 1470; x_wconf 77' lang='grc' dir='ltr'>καὶ</span> <span class='ocrx_word' id='word_1_415' title='bbox 1174 1444 1212 1479; x_wconf 82' lang='grc' dir='ltr'>μὴ</span> <span class='ocrx_word' id='word_1_416' title='bbox 1231 1445 1410 1480; x_wconf 80' lang='grc' dir='ltr'>λογισάμενοι</span> <span class='ocrx_word' id='word_1_417' title='bbox 1424 1447 1475 1480; x_wconf 83' lang='grc' dir='ltr'>τὴν</span> <span class='ocrx_word' id='word_1_418' title='bbox 1490 1447 1544 1473; x_wconf 84' lang='grc' dir='ltr'>τῶν</span> <span class='ocrx_word' id='word_1_419' title='bbox 1561 1447 1660 1480; x_wconf 85' lang='grc' dir='ltr'>λέξεων</span> <span class='ocrx_word' id='word_1_420' title='bbox 1675 1447 1819 1483; x_wconf 77' lang='grc' dir='ltr'>παχύτητα</span> 
     </span>
    </p>
   </div>
   <div class='ocr_carea' id='block_1_61' title="bbox 1032 1490 1817 1530">
    <p class='ocr_par' dir='ltr' id='par_1_61' title="bbox 1032 1490 1817 1530">
     <span class='ocr_line' id='line_1_61' title="bbox 1032 1490 1817 1530; baseline 0.008 -15"><span class='ocrx_word' id='word_1_421' title='bbox 1032 1490 1078 1515; x_wconf 76' lang='grc' dir='ltr'>καὶ</span> <span class='ocrx_word' id='word_1_422' title='bbox 1095 1490 1135 1516; x_wconf 74' lang='grc' dir='ltr'>ὅτι</span> <span class='ocrx_word' id='word_1_423' title='bbox 1152 1490 1185 1518; x_wconf 82' lang='grc' dir='ltr'>δι’</span> <span class='ocrx_word' id='word_1_424' title='bbox 1198 1491 1299 1526; x_wconf 80' lang='grc' dir='ltr'>ἐτέρων</span> <span class='ocrx_word' id='word_1_425' title='bbox 1319 1492 1402 1528; x_wconf 68' lang='grc' dir='ltr'>ἔτερα</span> <span class='ocrx_word' id='word_1_426' title='bbox 1418 1493 1584 1528; x_wconf 77' lang='grc' dir='ltr'>παρίστησιν</span> <span class='ocrx_word' id='word_1_427' title='bbox 1599 1494 1616 1528; x_wconf 84' lang='grc' dir='ltr'><strong>ἡ</strong></span> <span class='ocrx_word' id='word_1_428' title='bbox 1636 1494 1743 1530; x_wconf 79' lang='grc' dir='ltr'>Γραφὴ,</span> <span class='ocrx_word' id='word_1_429' title='bbox 1760 1494 1817 1521; x_wconf 84' lang='grc' dir='ltr'>ἐνό-</span> 
     </span>
    </p>
   </div>
   <div class='ocr_carea' id='block_1_62' title="bbox 191 1527 978 1575">
    <p class='ocr_par' dir='ltr' id='par_1_62' title="bbox 191 1527 978 1575">
     <span class='ocr_line' id='line_1_62' title="bbox 191 1527 978 1575; baseline 0.023 -23"><span class='ocrx_word' id='word_1_430' title='bbox 191 1527 310 1557; x_wconf 85' lang='lat' dir='ltr'><strong>animam</strong></span> <span class='ocrx_word' id='word_1_431' title='bbox 329 1536 390 1556; x_wconf 87' lang='lat' dir='ltr'><strong>esse</strong></span> <span class='ocrx_word' id='word_1_432' title='bbox 404 1530 504 1559; x_wconf 69' lang='lat' dir='ltr'><strong>divinae</strong></span> <span class='ocrx_word' id='word_1_433' title='bbox 520 1534 677 1568; x_wconf 73' lang='lat' dir='ltr'><strong>participem</strong></span> <span class='ocrx_word' id='word_1_434' title='bbox 692 1539 818 1566; x_wconf 78' lang='lat' dir='ltr'><strong>essentia:</strong></span> <span class='ocrx_word' id='word_1_435' title='bbox 836 1545 978 1575; x_wconf 80' lang='lat' dir='ltr'><strong>putarunt.</strong></span> 
     </span>
    </p>
   </div>
   <div class='ocr_carea' id='block_1_63' title="bbox 1031 1527 1819 1575">
    <p class='ocr_par' dir='ltr' id='par_1_63' title="bbox 1033 1527 1819 1575">
     <span class='ocr_line' id='line_1_63' title="bbox 1033 1527 1819 1575; baseline 0.01 -16"><span class='ocrx_word' id='word_1_436' title='bbox 1033 1542 1123 1568; x_wconf 75' lang='grc' dir='ltr'>μισαν</span> <span class='ocrx_word' id='word_1_437' title='bbox 1141 1535 1196 1570; x_wconf 71' lang='grc' dir='ltr'>τὴν</span> <span class='ocrx_word' id='word_1_438' title='bbox 1221 1536 1311 1572; x_wconf 76' lang='grc' dir='ltr'>ψυχὴν</span> <span class='ocrx_word' id='word_1_439' title='bbox 1342 1537 1435 1570; x_wconf 78' lang='grc' dir='ltr'>οὐσίας</span> <span class='ocrx_word' id='word_1_440' title='bbox 1465 1527 1590 1574; x_wconf 76' lang='grc' dir='ltr'>μετέχειν</span> <span class='ocrx_word' id='word_1_441' title='bbox 1680 1527 1764 1575; x_wconf 53' lang='lat' dir='ltr'><strong>atri;</strong></span> <span class='ocrx_word' id='word_1_442' title='bbox 1779 1541 1819 1575; x_wconf 81' lang='grc' dir='ltr'>τῷ</span> 
     </span>
    </p>
   </div>
   <div class='ocr_carea' id='block_1_64' title="bbox 192 1570 977 1622">
    <p class='ocr_par' dir='ltr' id='par_1_64' title="bbox 192 1570 977 1622">
     <span class='ocr_line' id='line_1_64' title="bbox 192 1570 977 1622; baseline 0.022 -24"><span class='ocrx_word' id='word_1_443' title='bbox 192 1570 246 1599; x_wconf 88' lang='lat' dir='ltr'><strong>Sed</strong></span> <span class='ocrx_word' id='word_1_444' title='bbox 263 1573 407 1607; x_wconf 88' lang='lat' dir='ltr'><strong>pluritnttm</strong></span> <span class='ocrx_word' id='word_1_445' title='bbox 431 1584 445 1603; x_wconf 90' lang='lat' dir='ltr'><strong>a</strong></span> <span class='ocrx_word' id='word_1_446' title='bbox 460 1585 543 1612; x_wconf 70' lang='grc' dir='ltr'>διιορο</span> <span class='ocrx_word' id='word_1_447' title='bbox 558 1579 696 1610; x_wconf 86' lang='lat' dir='ltr'><strong>aberrant.</strong></span> <span class='ocrx_word' id='word_1_448' title='bbox 714 1582 780 1611; x_wconf 82' lang='lat' dir='ltr'><strong>Nam</strong></span> <span class='ocrx_word' id='word_1_449' title='bbox 799 1585 824 1612; x_wconf 90' lang='lat' dir='ltr'><strong>id</strong></span> <span class='ocrx_word' id='word_1_450' title='bbox 836 1570 862 1613; x_wconf 75' lang='lat' dir='ltr'><strong>si</strong></span> <span class='ocrx_word' id='word_1_451' title='bbox 881 1587 977 1622; x_wconf 78' lang='lat' dir='ltr'><strong>largia-</strong></span> 
     </span>
    </p>
   </div>
   <div class='ocr_carea' id='block_1_65' title="bbox 192 1619 976 1666">
    <p class='ocr_par' dir='ltr' id='par_1_65' title="bbox 192 1619 976 1666">
     <span class='ocr_line' id='line_1_65' title="bbox 192 1619 976 1666; baseline 0.022 -22"><span class='ocrx_word' id='word_1_452' title='bbox 192 1625 266 1650; x_wconf 88' lang='lat' dir='ltr'><strong>mur,</strong></span> <span class='ocrx_word' id='word_1_453' title='bbox 285 1619 356 1648; x_wconf 87' lang='lat' dir='ltr'><strong>Dens</strong></span> <span class='ocrx_word' id='word_1_454' title='bbox 380 1621 459 1656; x_wconf 76' lang='lat' dir='ltr'><strong>ignea</strong></span> <span class='ocrx_word' id='word_1_455' title='bbox 477 1625 653 1659; x_wconf 84' lang='lat' dir='ltr'><strong>semetipsum</strong></span> <span class='ocrx_word' id='word_1_456' title='bbox 674 1629 796 1663; x_wconf 70' lang='lat' dir='ltr'><strong>gehenna</strong></span> <span class='ocrx_word' id='word_1_457' title='bbox 812 1632 908 1666; x_wconf 86' lang='lat' dir='ltr'><strong>punire</strong></span> <span class='ocrx_word' id='word_1_458' title='bbox 921 1619 976 1660; x_wconf 54' lang='lat' dir='ltr'><strong>-de-</strong></span> 
     </span>
    </p>
   </div>
   <div class='ocr_carea' id='block_1_66' title="bbox 189 1664 975 1706">
    <p class='ocr_par' dir='ltr' id='par_1_66' title="bbox 189 1664 975 1706">
     <span class='ocr_line' id='line_1_66' title="bbox 189 1664 975 1706; baseline 0.023 -17"><span class='ocrx_word' id='word_1_459' title='bbox 189 1664 387 1700; x_wconf 85' lang='lat' dir='ltr'><strong>prehendetur,</strong></span> <span class='ocrx_word' id='word_1_460' title='bbox 417 1675 478 1695; x_wconf 93' lang='lat' dir='ltr'><strong>cutn</strong></span> <span class='ocrx_word' id='word_1_461' title='bbox 497 1670 530 1697; x_wconf 93' lang='lat' dir='ltr'><strong>de</strong></span> <span class='ocrx_word' id='word_1_462' title='bbox 547 1673 682 1700; x_wconf 82' lang='lat' dir='ltr'><strong>sententia</strong></span> <span class='ocrx_word' id='word_1_463' title='bbox 700 1664 836 1704; x_wconf 82' lang='lat' dir='ltr'><strong>sacrarum</strong></span> <span class='ocrx_word' id='word_1_464' title='bbox 858 1678 975 1706; x_wconf 86' lang='lat' dir='ltr'><strong>Littera-</strong></span> 
     </span>
    </p>
   </div>
   <div class='ocr_carea' id='block_1_67' title="bbox 191 1711 976 1760">
    <p class='ocr_par' dir='ltr' id='par_1_67' title="bbox 191 1711 976 1760">
     <span class='ocr_line' id='line_1_67' title="bbox 191 1711 976 1760; baseline 0.024 -26"><span class='ocrx_word' id='word_1_465' title='bbox 191 1716 250 1735; x_wconf 93' lang='lat' dir='ltr'><strong>rum</strong></span> <span class='ocrx_word' id='word_1_466' title='bbox 268 1711 386 1738; x_wconf 85' lang='lat' dir='ltr'><strong>animant</strong></span> <span class='ocrx_word' id='word_1_467' title='bbox 400 1721 453 1740; x_wconf 85' lang='lat' dir='ltr'><strong>una</strong></span> <span class='ocrx_word' id='word_1_468' title='bbox 468 1721 529 1742; x_wconf 90' lang='lat' dir='ltr'><strong>cum</strong></span> <span class='ocrx_word' id='word_1_469' title='bbox 548 1723 662 1752; x_wconf 88' lang='lat' dir='ltr'><strong>corpore</strong></span> <span class='ocrx_word' id='word_1_470' title='bbox 679 1723 820 1755; x_wconf 88' lang='lat' dir='ltr'><strong>perpetuis</strong></span> <span class='ocrx_word' id='word_1_471' title='bbox 835 1723 897 1752; x_wconf 87' lang='lat' dir='ltr'><strong>istic</strong></span> <span class='ocrx_word' id='word_1_472' title='bbox 910 1733 976 1760; x_wconf 81' lang='lat' dir='ltr'><strong>sup-</strong></span> 
     </span>
    </p>
   </div>
   <div class='ocr_carea' id='block_1_68' title="bbox 189 1754 976 1798">
    <p class='ocr_par' dir='ltr' id='par_1_68' title="bbox 189 1754 976 1798">
     <span class='ocr_line' id='line_1_68' title="bbox 189 1754 976 1798; baseline 0.023 -18"><span class='ocrx_word' id='word_1_473' title='bbox 189 1754 281 1789; x_wconf 76' lang='lat' dir='ltr'><strong>pliciis</strong></span> <span class='ocrx_word' id='word_1_474' title='bbox 297 1757 464 1797; x_wconf 28' lang='lat' dir='ltr'><strong>multaud‘am</strong></span> <span class='ocrx_word' id='word_1_475' title='bbox 480 1760 577 1789; x_wconf 90' lang='lat' dir='ltr'><strong>tradat.</strong></span> <span class='ocrx_word' id='word_1_476' title='bbox 599 1762 645 1790; x_wconf 89' lang='lat' dir='ltr'><strong>Sic</strong></span> <span class='ocrx_word' id='word_1_477' title='bbox 665 1754 738 1793; x_wconf 83' lang='lat' dir='ltr'><strong>enim</strong></span> <span class='ocrx_word' id='word_1_478' title='bbox 755 1768 793 1795; x_wconf 86' lang='lat' dir='ltr'><strong>ait</strong></span> <span class='ocrx_word' id='word_1_479' title='bbox 813 1777 819 1795; x_wconf 92' lang='lat'><strong>:</strong></span> <span class='ocrx_word' id='word_1_480' title='bbox 838 1778 847 1794; x_wconf 72' lang='grc' dir='ltr'>ι</span> <span class='ocrx_word' id='word_1_481' title='bbox 864 1769 901 1797; x_wconf 87' lang='lat' dir='ltr'><strong>Ne</strong></span> <span class='ocrx_word' id='word_1_482' title='bbox 919 1754 976 1798; x_wconf 54' lang='lat' dir='ltr'><strong>fo-r-</strong></span> 
     </span>
    </p>
   </div>
   <div class='ocr_carea' id='block_1_69' title="bbox 189 1800 974 1848">
    <p class='ocr_par' dir='ltr' id='par_1_69' title="bbox 189 1800 974 1848">
     <span class='ocr_line' id='line_1_69' title="bbox 189 1800 974 1848; baseline 0.022 -22"><span class='ocrx_word' id='word_1_483' title='bbox 189 1800 360 1831; x_wconf 80' lang='lat' dir='ltr'><strong>ntidaveritis</strong></span> <span class='ocrx_word' id='word_1_484' title='bbox 394 1811 442 1832; x_wconf 87' lang='lat' dir='ltr'><strong>eos</strong></span> <span class='ocrx_word' id='word_1_485' title='bbox 476 1806 523 1841; x_wconf 89' lang='lat' dir='ltr'><strong>qui</strong></span> <span class='ocrx_word' id='word_1_486' title='bbox 560 1815 660 1843; x_wconf 86' lang='lat' dir='ltr'><strong>corpus</strong></span> <span class='ocrx_word' id='word_1_487' title='bbox 690 1811 877 1848; x_wconf 83' lang='lat' dir='ltr'><strong>interficiunt,</strong></span> <span class='ocrx_word' id='word_1_488' title='bbox 913 1823 974 1843; x_wconf 89' lang='lat' dir='ltr'><strong>cum</strong></span> 
     </span>
    </p>
   </div>
   <div class='ocr_carea' id='block_1_70' title="bbox 189 1847 974 1894">
    <p class='ocr_par' dir='ltr' id='par_1_70' title="bbox 189 1847 974 1894">
     <span class='ocr_line' id='line_1_70' title="bbox 189 1847 974 1894; baseline 0.022 -22"><span class='ocrx_word' id='word_1_489' title='bbox 189 1847 307 1874; x_wconf 82' lang='lat' dir='ltr'><strong>animant</strong></span> <span class='ocrx_word' id='word_1_490' title='bbox 337 1849 393 1884; x_wconf 74' lang='lat'><strong>69</strong></span> <span class='ocrx_word' id='word_1_491' title='bbox 417 1856 534 1879; x_wconf 76' lang='lat' dir='ltr'><strong>vestram</strong></span> <span class='ocrx_word' id='word_1_492' title='bbox 567 1852 723 1884; x_wconf 83' lang='lat' dir='ltr'><strong>interﬁcere</strong></span> <span class='ocrx_word' id='word_1_493' title='bbox 747 1865 908 1894; x_wconf 88' lang='lat' dir='ltr'><strong>nequeant:</strong></span> <span class='ocrx_word' id='word_1_494' title='bbox 927 1862 974 1890; x_wconf 88' lang='lat' dir='ltr'><strong>sed</strong></span> 
     </span>
    </p>
   </div>
   <div class='ocr_carea' id='block_1_71' title="bbox 189 1894 973 1941">
    <p class='ocr_par' dir='ltr' id='par_1_71' title="bbox 189 1894 973 1941">
     <span class='ocr_line' id='line_1_71' title="bbox 189 1894 973 1941; baseline 0.023 -24"><span class='ocrx_word' id='word_1_495' title='bbox 189 1899 251 1919; x_wconf 88' lang='lat' dir='ltr'><strong>eum</strong></span> <span class='ocrx_word' id='word_1_496' title='bbox 266 1894 358 1928; x_wconf 86' lang='lat' dir='ltr'><strong>potius</strong></span> <span class='ocrx_word' id='word_1_497' title='bbox 372 1895 527 1932; x_wconf 73' lang='lat' dir='ltr'><strong>formidata,</strong></span> <span class='ocrx_word' id='word_1_498' title='bbox 550 1899 597 1935; x_wconf 89' lang='lat' dir='ltr'><strong>qui</strong></span> <span class='ocrx_word' id='word_1_499' title='bbox 614 1906 641 1928; x_wconf 91' lang='lat' dir='ltr'><strong>et</strong></span> <span class='ocrx_word' id='word_1_500' title='bbox 658 1903 775 1931; x_wconf 90' lang='lat' dir='ltr'><strong>animam</strong></span> <span class='ocrx_word' id='word_1_501' title='bbox 791 1910 819 1932; x_wconf 86' lang='lat' dir='ltr'><strong>et</strong></span> <span class='ocrx_word' id='word_1_502' title='bbox 834 1913 932 1941; x_wconf 84' lang='lat' dir='ltr'><strong>corpus</strong></span> <span class='ocrx_word' id='word_1_503' title='bbox 947 1907 973 1934; x_wconf 84' lang='lat' dir='ltr'><strong>in</strong></span> 
     </span>
    </p>
   </div>
   <div class='ocr_carea' id='block_1_72' title="bbox 188 1939 974 1986">
    <p class='ocr_par' dir='ltr' id='par_1_72' title="bbox 188 1939 974 1986">
     <span class='ocr_line' id='line_1_72' title="bbox 188 1939 974 1986; baseline 0.02 -22"><span class='ocrx_word' id='word_1_504' title='bbox 188 1939 313 1972; x_wconf 77' lang='lat' dir='ltr'><strong>gehenna</strong></span> <span class='ocrx_word' id='word_1_505' title='bbox 347 1942 461 1975; x_wconf 89' lang='lat' dir='ltr'><strong>perdere</strong></span> <span class='ocrx_word' id='word_1_506' title='bbox 491 1949 582 1978; x_wconf 83' lang='lat' dir='ltr'><strong>potest</strong></span> <span class='ocrx_word' id='word_1_507' title='bbox 596 1947 630 1973; x_wconf 82' lang='lat'><strong>&quot;.</strong></span> <span class='ocrx_word' id='word_1_508' title='bbox 653 1957 663 1974; x_wconf 72' lang='grc' dir='ltr'><strong>ι</strong></span> <span class='ocrx_word' id='word_1_509' title='bbox 688 1948 781 1984; x_wconf 90' lang='lat' dir='ltr'><strong>Itaque</strong></span> <span class='ocrx_word' id='word_1_510' title='bbox 806 1939 974 1986; x_wconf 78' lang='lat' dir='ltr'><strong>spiraculum</strong></span> 
     </span>
    </p>
   </div>
   <div class='ocr_carea' id='block_1_73' title="bbox 189 1986 973 2032">
    <p class='ocr_par' dir='ltr' id='par_1_73' title="bbox 189 1986 973 2032">
     <span class='ocr_line' id='line_1_73' title="bbox 189 1986 973 2032; baseline 0.017 -19"><span class='ocrx_word' id='word_1_511' title='bbox 189 1986 254 2014; x_wconf 88' lang='lat' dir='ltr'><strong>Illud</strong></span> <span class='ocrx_word' id='word_1_512' title='bbox 271 1988 296 2015; x_wconf 90' lang='lat' dir='ltr'><strong>in</strong></span> <span class='ocrx_word' id='word_1_513' title='bbox 309 1989 427 2017; x_wconf 83' lang='lat' dir='ltr'><strong>animam</strong></span> <span class='ocrx_word' id='word_1_514' title='bbox 444 1999 499 2019; x_wconf 87' lang='lat' dir='ltr'><strong>non</strong></span> <span class='ocrx_word' id='word_1_515' title='bbox 513 1999 709 2023; x_wconf 84' lang='lat' dir='ltr'><strong>commutatum</strong></span> <span class='ocrx_word' id='word_1_516' title='bbox 727 1997 829 2024; x_wconf 87' lang='lat' dir='ltr'><strong>creavit</strong></span> <span class='ocrx_word' id='word_1_517' title='bbox 843 1998 973 2032; x_wconf 82' lang='lat' dir='ltr'><strong>animant,</strong></span> 
     </span>
    </p>
   </div>
   <div class='ocr_carea' id='block_1_74' title="bbox 187 2032 974 2077">
    <p class='ocr_par' dir='ltr' id='par_1_74' title="bbox 187 2032 974 2077">
     <span class='ocr_line' id='line_1_74' title="bbox 187 2032 974 2077; baseline 0.015 -17"><span class='ocrx_word' id='word_1_518' title='bbox 187 2032 259 2060; x_wconf 72' lang='lat' dir='ltr'><strong>sicut</strong></span> <span class='ocrx_word' id='word_1_519' title='bbox 274 2039 301 2061; x_wconf 87' lang='lat' dir='ltr'><strong>ct</strong></span> <span class='ocrx_word' id='word_1_520' title='bbox 322 2043 420 2063; x_wconf 80' lang='lat' dir='ltr'><strong>manus</strong></span> <span class='ocrx_word' id='word_1_521' title='bbox 435 2037 539 2065; x_wconf 89' lang='lat' dir='ltr'><strong>litteras</strong></span> <span class='ocrx_word' id='word_1_522' title='bbox 567 2041 683 2073; x_wconf 84' lang='lat' dir='ltr'><strong>scribit,</strong></span> <span class='ocrx_word' id='word_1_523' title='bbox 697 2049 764 2077; x_wconf 33' lang='lat' dir='ltr'><strong>tcum</strong></span> <span class='ocrx_word' id='word_1_524' title='bbox 793 2044 974 2073; x_wconf 88' lang='lat' dir='ltr'><strong>niltilominus</strong></span> 
     </span>
    </p>
   </div>
   <div class='ocr_carea' id='block_1_75' title="bbox 189 2085 867 2118">
    <p class='ocr_par' dir='ltr' id='par_1_75' title="bbox 189 2085 867 2118">
     <span class='ocr_line' id='line_1_75' title="bbox 189 2085 867 2118; baseline 0.016 -13"><span class='ocrx_word' id='word_1_525' title='bbox 189 2086 287 2107; x_wconf 85' lang='lat' dir='ltr'><strong>manus</strong></span> <span class='ocrx_word' id='word_1_526' title='bbox 300 2087 409 2109; x_wconf 85' lang='lat' dir='ltr'><strong>maneat</strong></span> <span class='ocrx_word' id='word_1_527' title='bbox 423 2090 529 2118; x_wconf 86' lang='lat' dir='ltr'><strong>manus,</strong></span> <span class='ocrx_word' id='word_1_528' title='bbox 541 2090 569 2112; x_wconf 88' lang='lat' dir='ltr'><strong>et</strong></span> <span class='ocrx_word' id='word_1_529' title='bbox 580 2085 677 2113; x_wconf 77' lang='lat' dir='ltr'><strong>littera:</strong></span> <span class='ocrx_word' id='word_1_530' title='bbox 691 2087 746 2114; x_wconf 85' lang='lat' dir='ltr'><strong>sint</strong></span> <span class='ocrx_word' id='word_1_531' title='bbox 759 2088 867 2116; x_wconf 66' lang='lat' dir='ltr'><strong>litterre.</strong></span> 
     </span>
    </p>
   </div>
   <div class='ocr_carea' id='block_1_76' title="bbox 223 2170 973 2215">
    <p class='ocr_par' dir='ltr' id='par_1_76' title="bbox 223 2170 973 2215">
     <span class='ocr_line' id='line_1_76' title="bbox 223 2170 973 2215; baseline 0.015 -18"><span class='ocrx_word' id='word_1_532' title='bbox 223 2170 262 2198; x_wconf 83' lang='lat' dir='ltr'><strong>Ac</strong></span> <span class='ocrx_word' id='word_1_533' title='bbox 281 2172 431 2206; x_wconf 82' lang='lat' dir='ltr'><strong>prudenter</strong></span> <span class='ocrx_word' id='word_1_534' title='bbox 454 2174 498 2201; x_wconf 90' lang='lat' dir='ltr'><strong>hic</strong></span> <span class='ocrx_word' id='word_1_535' title='bbox 516 2174 580 2202; x_wconf 88' lang='lat' dir='ltr'><strong>mihi</strong></span> <span class='ocrx_word' id='word_1_536' title='bbox 594 2196 601 2208; x_wconf 89' lang='lat'><strong>,</strong></span> <span class='ocrx_word' id='word_1_537' title='bbox 623 2183 683 2210; x_wconf 70' lang='lat' dir='ltr'><strong>qua:</strong></span> <span class='ocrx_word' id='word_1_538' title='bbox 701 2177 838 2211; x_wconf 84' lang='lat' dir='ltr'><strong>dicantur,</strong></span> <span class='ocrx_word' id='word_1_539' title='bbox 857 2180 973 2215; x_wconf 89' lang='lat' dir='ltr'><strong>respice.</strong></span> 
     </span>
    </p>
   </div>
   <div class='ocr_carea' id='block_1_77' title="bbox 189 2213 1013 2260">
    <p class='ocr_par' dir='ltr' id='par_1_77' title="bbox 189 2213 1013 2260">
     <span class='ocr_line' id='line_1_77' title="bbox 189 2213 1013 2260; baseline 0.01 -15"><span class='ocrx_word' id='word_1_540' title='bbox 189 2216 309 2245; x_wconf 74' lang='lat' dir='ltr'><strong>Positum</strong></span> <span class='ocrx_word' id='word_1_541' title='bbox 326 2222 367 2245; x_wconf 83' lang='lat' dir='ltr'><strong>est</strong></span> <span class='ocrx_word' id='word_1_542' title='bbox 381 2219 454 2246; x_wconf 88' lang='lat' dir='ltr'><strong>enim</strong></span> <span class='ocrx_word' id='word_1_543' title='bbox 471 2219 526 2248; x_wconf 83' lang='lat' dir='ltr'><strong>hoc</strong></span> <span class='ocrx_word' id='word_1_544' title='bbox 542 2220 568 2247; x_wconf 93' lang='lat' dir='ltr'><strong>in</strong></span> <span class='ocrx_word' id='word_1_545' title='bbox 586 2221 645 2249; x_wconf 85' lang='lat' dir='ltr'><strong>loco</strong></span> <span class='ocrx_word' id='word_1_546' title='bbox 666 2222 779 2250; x_wconf 87' lang='lat' dir='ltr'><strong>verbum</strong></span> <span class='ocrx_word' id='word_1_547' title='bbox 801 2213 952 2260; x_wconf 49' lang='lat' dir='ltr'><strong>inspira-udi</strong></span> <span class='ocrx_word' id='word_1_548' title='bbox 967 2247 974 2260; x_wconf 93' lang='lat'><strong>,</strong></span> <span class='ocrx_word' id='word_1_549' title='bbox 992 2213 1013 2241; x_wconf 65' lang='grc' dir='ltr'><strong><em>Β</em></strong></span> 
     </span>
    </p>
   </div>
   <div class='ocr_carea' id='block_1_78' title="bbox 186 2264 975 2300">
    <p class='ocr_par' dir='ltr' id='par_1_78' title="bbox 186 2264 975 2300">
     <span class='ocr_line' id='line_1_78' title="bbox 186 2264 975 2300; baseline 0.011 -10"><span class='ocrx_word' id='word_1_550' title='bbox 186 2268 218 2290; x_wconf 93' lang='lat' dir='ltr'><strong>ut</strong></span> <span class='ocrx_word' id='word_1_551' title='bbox 230 2270 292 2290; x_wconf 89' lang='lat' dir='ltr'><strong>cum</strong></span> <span class='ocrx_word' id='word_1_552' title='bbox 305 2264 384 2292; x_wconf 80' lang='lat' dir='ltr'><strong>Patre</strong></span> <span class='ocrx_word' id='word_1_553' title='bbox 394 2272 426 2292; x_wconf 88' lang='lat' dir='ltr'><strong>ac</strong></span> <span class='ocrx_word' id='word_1_554' title='bbox 442 2264 512 2292; x_wconf 82' lang='lat' dir='ltr'><strong>Filio</strong></span> <span class='ocrx_word' id='word_1_555' title='bbox 529 2265 649 2300; x_wconf 83' lang='lat' dir='ltr'><strong>Spiritus</strong></span> <span class='ocrx_word' id='word_1_556' title='bbox 665 2267 747 2295; x_wconf 86' lang='lat' dir='ltr'><strong>etiam</strong></span> <span class='ocrx_word' id='word_1_557' title='bbox 760 2274 872 2297; x_wconf 87' lang='lat' dir='ltr'><strong>sanctus</strong></span> <span class='ocrx_word' id='word_1_558' title='bbox 886 2271 975 2299; x_wconf 89' lang='lat' dir='ltr'><strong>homi-</strong></span> 
     </span>
    </p>
   </div>
   <div class='ocr_carea' id='block_1_79' title="bbox 187 2310 977 2352">
    <p class='ocr_par' dir='ltr' id='par_1_79' title="bbox 187 2310 977 2352">
     <span class='ocr_line' id='line_1_79' title="bbox 187 2310 977 2352; baseline 0.01 -15"><span class='ocrx_word' id='word_1_559' title='bbox 187 2310 231 2338; x_wconf 84' lang='lat' dir='ltr'><strong>nis</strong></span> <span class='ocrx_word' id='word_1_560' title='bbox 246 2310 336 2345; x_wconf 72' lang='lat' dir='ltr'><strong>opifex</strong></span> <span class='ocrx_word' id='word_1_561' title='bbox 351 2318 412 2338; x_wconf 87' lang='lat' dir='ltr'><strong>esse</strong></span> <span class='ocrx_word' id='word_1_562' title='bbox 438 2311 683 2340; x_wconf 89' lang='lat' dir='ltr'><strong>demonstraretur.</strong></span> <span class='ocrx_word' id='word_1_563' title='bbox 703 2313 748 2342; x_wconf 88' lang='lat' dir='ltr'><strong>Sic</strong></span> <span class='ocrx_word' id='word_1_564' title='bbox 766 2316 837 2342; x_wconf 89' lang='lat' dir='ltr'><strong>enim</strong></span> <span class='ocrx_word' id='word_1_565' title='bbox 857 2318 977 2352; x_wconf 87' lang='lat' dir='ltr'><strong>perscri-</strong></span> 
     </span>
    </p>
   </div>
   <div class='ocr_carea' id='block_1_80' title="bbox 189 2357 976 2395">
    <p class='ocr_par' dir='ltr' id='par_1_80' title="bbox 189 2357 976 2395">
     <span class='ocr_line' id='line_1_80' title="bbox 189 2357 976 2395; baseline 0.011 -13"><span class='ocrx_word' id='word_1_566' title='bbox 189 2360 264 2391; x_wconf 89' lang='lat' dir='ltr'><strong>ptum</strong></span> <span class='ocrx_word' id='word_1_567' title='bbox 278 2361 321 2384; x_wconf 86' lang='lat' dir='ltr'><strong>est</strong></span> <span class='ocrx_word' id='word_1_568' title='bbox 341 2364 347 2382; x_wconf 95' lang='lat'>:</span> <span class='ocrx_word' id='word_1_569' title='bbox 368 2366 377 2383; x_wconf 85' lang='grc' dir='ltr'><strong>ι</strong></span> <span class='ocrx_word' id='word_1_570' title='bbox 396 2357 469 2384; x_wconf 81' lang='lat' dir='ltr'><strong>Dixit</strong></span> <span class='ocrx_word' id='word_1_571' title='bbox 483 2357 565 2391; x_wconf 88' lang='lat' dir='ltr'><strong>Deus,</strong></span> <span class='ocrx_word' id='word_1_572' title='bbox 583 2358 716 2387; x_wconf 85' lang='lat' dir='ltr'><strong>faciamus</strong></span> <span class='ocrx_word' id='word_1_573' title='bbox 730 2361 887 2395; x_wconf 87' lang='lat' dir='ltr'><strong>hominem;</strong></span> <span class='ocrx_word' id='word_1_574' title='bbox 902 2371 976 2391; x_wconf 86' lang='lat' dir='ltr'><strong>sum-</strong></span> 
     </span>
    </p>
   </div>
   <div class='ocr_carea' id='block_1_81' title="bbox 187 2404 977 2439">
    <p class='ocr_par' dir='ltr' id='par_1_81' title="bbox 187 2404 977 2439">
     <span class='ocr_line' id='line_1_81' title="bbox 187 2404 977 2439; baseline 0.01 -9"><span class='ocrx_word' id='word_1_575' title='bbox 187 2408 288 2439; x_wconf 88' lang='lat' dir='ltr'><strong>ptoque</strong></span> <span class='ocrx_word' id='word_1_576' title='bbox 304 2404 338 2431; x_wconf 91' lang='lat' dir='ltr'><strong>de</strong></span> <span class='ocrx_word' id='word_1_577' title='bbox 355 2408 428 2432; x_wconf 88' lang='lat' dir='ltr'><strong>terra</strong></span> <span class='ocrx_word' id='word_1_578' title='bbox 445 2405 557 2439; x_wconf 90' lang='lat' dir='ltr'><strong>pulvere</strong></span> <span class='ocrx_word' id='word_1_579' title='bbox 571 2405 641 2434; x_wconf 87' lang='lat' dir='ltr'><strong>Deus</strong></span> <span class='ocrx_word' id='word_1_580' title='bbox 657 2407 793 2436; x_wconf 88' lang='lat' dir='ltr'><strong>hominem</strong></span> <span class='ocrx_word' id='word_1_581' title='bbox 807 2409 942 2438; x_wconf 85' lang='lat' dir='ltr'><strong>formavit.</strong></span> <span class='ocrx_word' id='word_1_582' title='bbox 963 2405 977 2438; x_wconf 69' lang='grc' dir='ltr'><strong>ί</strong></span> 
     </span>
    </p>
   </div>
   <div class='ocr_carea' id='block_1_82' title="bbox 187 2449 974 2489">
    <p class='ocr_par' dir='ltr' id='par_1_82' title="bbox 187 2449 974 2489">
     <span class='ocr_line' id='line_1_82' title="bbox 187 2449 974 2489; baseline 0.009 -13"><span class='ocrx_word' id='word_1_583' title='bbox 187 2449 255 2483; x_wconf 86' lang='lat' dir='ltr'><strong>Quis</strong></span> <span class='ocrx_word' id='word_1_584' title='bbox 276 2454 316 2477; x_wconf 90' lang='lat' dir='ltr'><strong>cst</strong></span> <span class='ocrx_word' id='word_1_585' title='bbox 333 2450 378 2477; x_wconf 92' lang='lat' dir='ltr'><strong>ille</strong></span> <span class='ocrx_word' id='word_1_586' title='bbox 393 2450 440 2485; x_wconf 89' lang='lat' dir='ltr'><strong>qui</strong></span> <span class='ocrx_word' id='word_1_587' title='bbox 458 2451 548 2479; x_wconf 74' lang='lat' dir='ltr'><strong>dixit?</strong></span> <span class='ocrx_word' id='word_1_588' title='bbox 563 2451 654 2480; x_wconf 84' lang='lat' dir='ltr'><strong>Pater.</strong></span> <span class='ocrx_word' id='word_1_589' title='bbox 683 2453 718 2481; x_wconf 88' lang='lat' dir='ltr'><strong>Et</strong></span> <span class='ocrx_word' id='word_1_590' title='bbox 746 2454 808 2489; x_wconf 89' lang='lat' dir='ltr'><strong>quis</strong></span> <span class='ocrx_word' id='word_1_591' title='bbox 834 2455 974 2489; x_wconf 89' lang='lat' dir='ltr'><strong>pulverem</strong></span> 
     </span>
    </p>
   </div>
   <div class='ocr_carea' id='block_1_83' title="bbox 188 2494 976 2532">
    <p class='ocr_par' dir='ltr' id='par_1_83' title="bbox 188 2494 976 2532">
     <span class='ocr_line' id='line_1_83' title="bbox 188 2494 976 2532; baseline 0.009 -12"><span class='ocrx_word' id='word_1_592' title='bbox 188 2495 329 2529; x_wconf 71' lang='lat' dir='ltr'><strong>sumpsit?</strong></span> <span class='ocrx_word' id='word_1_593' title='bbox 348 2494 444 2522; x_wconf 82' lang='lat' dir='ltr'><strong>Filius.</strong></span> <span class='ocrx_word' id='word_1_594' title='bbox 461 2495 554 2530; x_wconf 89' lang='lat' dir='ltr'><strong>Itaque</strong></span> <span class='ocrx_word' id='word_1_595' title='bbox 570 2504 605 2524; x_wconf 87' lang='lat' dir='ltr'><strong>ne</strong></span> <span class='ocrx_word' id='word_1_596' title='bbox 616 2497 735 2532; x_wconf 90' lang='lat' dir='ltr'><strong>Spiritus</strong></span> <span class='ocrx_word' id='word_1_597' title='bbox 752 2504 862 2526; x_wconf 77' lang='lat' dir='ltr'><strong>sanctus</strong></span> <span class='ocrx_word' id='word_1_598' title='bbox 881 2500 915 2527; x_wconf 86' lang='lat' dir='ltr'><strong>ab</strong></span> <span class='ocrx_word' id='word_1_599' title='bbox 929 2499 976 2527; x_wconf 88' lang='lat' dir='ltr'><strong>ho-</strong></span> 
     </span>
    </p>
   </div>
   <div class='ocr_carea' id='block_1_84' title="bbox 188 2538 976 2576">
    <p class='ocr_par' dir='ltr' id='par_1_84' title="bbox 188 2538 976 2576">
     <span class='ocr_line' id='line_1_84' title="bbox 188 2538 976 2576; baseline 0.006 -10"><span class='ocrx_word' id='word_1_600' title='bbox 188 2538 271 2566; x_wconf 86' lang='lat' dir='ltr'><strong>minis</strong></span> <span class='ocrx_word' id='word_1_601' title='bbox 286 2539 426 2566; x_wconf 82' lang='lat' dir='ltr'><strong>creatione</strong></span> <span class='ocrx_word' id='word_1_602' title='bbox 444 2545 632 2568; x_wconf 84' lang='lat' dir='ltr'><strong>rcntoveretur</strong></span> <span class='ocrx_word' id='word_1_603' title='bbox 642 2540 882 2576; x_wconf 78' lang='lat' dir='ltr'><strong>et&#39;cxcluderetur,</strong></span> <span class='ocrx_word' id='word_1_604' title='bbox 893 2545 976 2572; x_wconf 85' lang='lat' dir='ltr'><strong>verbo</strong></span> 
     </span>
    </p>
   </div>
   <div class='ocr_carea' id='block_1_85' title="bbox 189 2585 975 2625">
    <p class='ocr_par' dir='ltr' id='par_1_85' title="bbox 189 2585 975 2625">
     <span class='ocr_line' id='line_1_85' title="bbox 189 2585 975 2625; baseline 0.006 -13"><span class='ocrx_word' id='word_1_605' title='bbox 189 2585 342 2620; x_wconf 86' lang='lat' dir='ltr'><strong>inspirandi</strong></span> <span class='ocrx_word' id='word_1_606' title='bbox 355 2586 487 2621; x_wconf 66' lang='lat' dir='ltr'><strong>praeclare</strong></span> <span class='ocrx_word' id='word_1_607' title='bbox 504 2595 569 2616; x_wconf 88' lang='lat' dir='ltr'><strong>usus</strong></span> <span class='ocrx_word' id='word_1_608' title='bbox 584 2593 625 2615; x_wconf 87' lang='lat' dir='ltr'><strong>est</strong></span> <span class='ocrx_word' id='word_1_609' title='bbox 638 2610 645 2621; x_wconf 84' lang='lat'><strong>,</strong></span> <span class='ocrx_word' id='word_1_610' title='bbox 660 2597 710 2624; x_wconf 84' lang='lat' dir='ltr'><strong>per</strong></span> <span class='ocrx_word' id='word_1_611' title='bbox 730 2589 796 2617; x_wconf 93' lang='lat' dir='ltr'><strong>illud</strong></span> <span class='ocrx_word' id='word_1_612' title='bbox 820 2590 920 2625; x_wconf 83' lang='lat' dir='ltr'><strong>ipsum,</strong></span> <span class='ocrx_word' id='word_1_613' title='bbox 937 2591 975 2618; x_wconf 93' lang='lat' dir='ltr'><strong>uti</strong></span> 
     </span>
    </p>
   </div>
   <div class='ocr_carea' id='block_1_86' title="bbox 189 2631 976 2672">
    <p class='ocr_par' dir='ltr' id='par_1_86' title="bbox 189 2631 976 2672">
     <span class='ocr_line' id='line_1_86' title="bbox 189 2631 976 2672; baseline 0.005 -13"><span class='ocrx_word' id='word_1_614' title='bbox 189 2631 326 2664; x_wconf 53' lang='lat' dir='ltr'><strong>dicimus,</strong></span> <span class='ocrx_word' id='word_1_615' title='bbox 356 2631 489 2666; x_wconf 84' lang='lat' dir='ltr'><strong>Spiritum</strong></span> <span class='ocrx_word' id='word_1_616' title='bbox 515 2638 640 2661; x_wconf 84' lang='lat' dir='ltr'><strong>sanctum</strong></span> <span class='ocrx_word' id='word_1_617' title='bbox 658 2639 877 2662; x_wconf 83' lang='lat' dir='ltr'><strong>commonstrans</strong></span> <span class='ocrx_word' id='word_1_618' title='bbox 894 2640 976 2672; x_wconf 83' lang='lat' dir='ltr'><strong>atque</strong></span> 
     </span>
    </p>
   </div>
   <div class='ocr_carea' id='block_1_87' title="bbox 190 2677 976 2717">
    <p class='ocr_par' dir='ltr' id='par_1_87' title="bbox 190 2677 976 2717">
     <span class='ocr_line' id='line_1_87' title="bbox 190 2677 976 2717; baseline 0.005 -12"><span class='ocrx_word' id='word_1_619' title='bbox 190 2677 336 2709; x_wconf 82' lang='lat' dir='ltr'><strong>dettotans.</strong></span> <span class='ocrx_word' id='word_1_620' title='bbox 355 2678 480 2714; x_wconf 89' lang='lat' dir='ltr'><strong>quodque</strong></span> <span class='ocrx_word' id='word_1_621' title='bbox 495 2679 588 2715; x_wconf 78' lang='lat' dir='ltr'><strong>gratia:</strong></span> <span class='ocrx_word' id='word_1_622' title='bbox 601 2680 718 2716; x_wconf 82' lang='lat' dir='ltr'><strong>Spiritus</strong></span> <span class='ocrx_word' id='word_1_623' title='bbox 734 2682 821 2709; x_wconf 87' lang='lat' dir='ltr'><strong>sancti</strong></span> <span class='ocrx_word' id='word_1_624' title='bbox 838 2682 976 2717; x_wconf 81' lang='lat' dir='ltr'><strong>particeps</strong></span> 
     </span>
    </p>
   </div>
   <div class='ocr_carea' id='block_1_88' title="bbox 190 2724 974 2764">
    <p class='ocr_par' dir='ltr' id='par_1_88' title="bbox 190 2724 974 2764">
     <span class='ocr_line' id='line_1_88' title="bbox 190 2724 974 2764; baseline 0.006 -13"><span class='ocrx_word' id='word_1_625' title='bbox 190 2724 272 2753; x_wconf 92' lang='lat' dir='ltr'><strong>homo</strong></span> <span class='ocrx_word' id='word_1_626' title='bbox 287 2730 343 2753; x_wconf 87' lang='lat' dir='ltr'><strong>tuttt</strong></span> <span class='ocrx_word' id='word_1_627' title='bbox 357 2726 536 2759; x_wconf 85' lang='lat' dir='ltr'><strong>conderetur,</strong></span> <span class='ocrx_word' id='word_1_628' title='bbox 552 2728 780 2762; x_wconf 88' lang='lat' dir='ltr'><strong>quemadmodum</strong></span> <span class='ocrx_word' id='word_1_629' title='bbox 804 2729 921 2764; x_wconf 80' lang='lat' dir='ltr'><strong>Cyrillus</strong></span> <span class='ocrx_word' id='word_1_630' title='bbox 934 2729 974 2756; x_wconf 92' lang='lat' dir='ltr'><strong>lo-</strong></span> 
     </span>
    </p>
   </div>
   <div class='ocr_carea' id='block_1_89' title="bbox 189 2771 973 2811">
    <p class='ocr_par' dir='ltr' id='par_1_89' title="bbox 189 2771 973 2811">
     <span class='ocr_line' id='line_1_89' title="bbox 189 2771 973 2811; baseline 0.01 -16"><span class='ocrx_word' id='word_1_631' title='bbox 189 2771 292 2805; x_wconf 83' lang='lat' dir='ltr'><strong>quitur,</strong></span> <span class='ocrx_word' id='word_1_632' title='bbox 309 2773 417 2800; x_wconf 78' lang='lat' dir='ltr'><strong>tulltClSl</strong></span> <span class='ocrx_word' id='word_1_633' title='bbox 438 2772 568 2808; x_wconf 82' lang='lat' dir='ltr'><strong>deinceps</strong></span> <span class='ocrx_word' id='word_1_634' title='bbox 584 2773 702 2802; x_wconf 83' lang='lat' dir='ltr'><strong>mandati</strong></span> <span class='ocrx_word' id='word_1_635' title='bbox 721 2774 806 2802; x_wconf 82' lang='lat' dir='ltr'><strong>divini</strong></span> <span class='ocrx_word' id='word_1_636' title='bbox 821 2781 973 2811; x_wconf 76' lang='lat' dir='ltr'><strong>transgres-</strong></span> 
     </span>
    </p>
   </div>
   <div class='ocr_carea' id='block_1_90' title="bbox 223 2852 473 2888">
    <p class='ocr_par' dir='ltr' id='par_1_90' title="bbox 223 2852 473 2888">
     <span class='ocr_line' id='line_1_90' title="bbox 223 2852 473 2888; baseline 0 -7"><span class='ocrx_word' id='word_1_637' title='bbox 223 2852 246 2869; x_wconf 84' lang='lat'><strong>&quot;</strong></span> <span class='ocrx_word' id='word_1_638' title='bbox 269 2853 363 2882; x_wconf 78' lang='lat' dir='ltr'><strong>Matth.</strong></span> <span class='ocrx_word' id='word_1_639' title='bbox 381 2862 408 2888; x_wconf 82' lang='lat' dir='ltr'><strong>x,</strong></span> <span class='ocrx_word' id='word_1_640' title='bbox 426 2853 473 2882; x_wconf 76' lang='grc'><strong>28.</strong></span> 
     </span>
    </p>
   </div>
   <div class='ocr_carea' id='block_1_91' title="bbox 1031 1579 1818 1621">
    <p class='ocr_par' dir='ltr' id='par_1_91' title="bbox 1031 1579 1818 1621">
     <span class='ocr_line' id='line_1_91' title="bbox 1031 1579 1818 1621; baseline 0.009 -16"><span class='ocrx_word' id='word_1_641' title='bbox 1031 1579 1100 1615; x_wconf 82' lang='grc' dir='ltr'><strong>Θεῷ.</strong></span> <span class='ocrx_word' id='word_1_642' title='bbox 1128 1580 1197 1608; x_wconf 81' lang='grc' dir='ltr'>Ἀλλ’</span> <span class='ocrx_word' id='word_1_643' title='bbox 1221 1583 1379 1617; x_wconf 69' lang='grc' dir='ltr'>ἐσφάλησαν</span> <span class='ocrx_word' id='word_1_644' title='bbox 1404 1583 1451 1610; x_wconf 79' lang='grc' dir='ltr'><strong>τοῦ</strong></span> <span class='ocrx_word' id='word_1_645' title='bbox 1478 1585 1590 1613; x_wconf 81' lang='grc' dir='ltr'>σκοποῦ.</span> <span class='ocrx_word' id='word_1_646' title='bbox 1608 1585 1639 1612; x_wconf 83' lang='lat' dir='ltr'><strong>El.</strong></span> <span class='ocrx_word' id='word_1_647' title='bbox 1661 1586 1715 1621; x_wconf 84' lang='grc' dir='ltr'><strong>γὰρ</strong></span> <span class='ocrx_word' id='word_1_648' title='bbox 1738 1586 1818 1613; x_wconf 75' lang='grc' dir='ltr'>τοῦτο</span> 
     </span>
    </p>
   </div>
   <div class='ocr_carea' id='block_1_92' title="bbox 1030 1624 1815 1667">
    <p class='ocr_par' dir='ltr' id='par_1_92' title="bbox 1030 1624 1815 1667">
     <span class='ocr_line' id='line_1_92' title="bbox 1030 1624 1815 1667; baseline 0.011 -17"><span class='ocrx_word' id='word_1_649' title='bbox 1030 1624 1172 1661; x_wconf 86' lang='grc' dir='ltr'>δώσωμεν,</span> <span class='ocrx_word' id='word_1_650' title='bbox 1192 1628 1316 1662; x_wconf 78' lang='grc' dir='ltr'>εὑρεθείη</span> <span class='ocrx_word' id='word_1_651' title='bbox 1331 1628 1364 1655; x_wconf 72' lang='grc' dir='ltr'>ἂν</span> <span class='ocrx_word' id='word_1_652' title='bbox 1389 1630 1402 1655; x_wconf 85' lang='lat'><strong>6</strong></span> <span class='ocrx_word' id='word_1_653' title='bbox 1427 1629 1494 1661; x_wconf 77' lang='grc' dir='ltr'><strong>Θεὸς</strong></span> <span class='ocrx_word' id='word_1_654' title='bbox 1521 1630 1603 1662; x_wconf 77' lang='grc' dir='ltr'>αὐτὸς</span> <span class='ocrx_word' id='word_1_655' title='bbox 1626 1631 1722 1658; x_wconf 77' lang='grc' dir='ltr'>ἑαυτὸν</span> <span class='ocrx_word' id='word_1_656' title='bbox 1739 1632 1768 1659; x_wconf 77' lang='grc' dir='ltr'><strong>ἐν</strong></span> <span class='ocrx_word' id='word_1_657' title='bbox 1782 1633 1815 1667; x_wconf 78' lang='grc' dir='ltr'>τῇ</span> 
     </span>
    </p>
   </div>
   <div class='ocr_carea' id='block_1_93' title="bbox 1029 1672 1818 1712">
    <p class='ocr_par' dir='ltr' id='par_1_93' title="bbox 1029 1672 1818 1712">
     <span class='ocr_line' id='line_1_93' title="bbox 1029 1672 1818 1712; baseline 0.006 -15"><span class='ocrx_word' id='word_1_658' title='bbox 1029 1672 1131 1710; x_wconf 80' lang='grc' dir='ltr'>γεέννῃ</span> <span class='ocrx_word' id='word_1_659' title='bbox 1151 1673 1273 1706; x_wconf 78' lang='grc' dir='ltr'>κολάζων</span> <span class='ocrx_word' id='word_1_660' title='bbox 1293 1674 1342 1701; x_wconf 84' lang='grc' dir='ltr'><strong>τοῦ</strong></span> <span class='ocrx_word' id='word_1_661' title='bbox 1370 1675 1467 1711; x_wconf 75' lang='grc' dir='ltr'>πυρὸς,</span> <span class='ocrx_word' id='word_1_662' title='bbox 1499 1676 1526 1702; x_wconf 81' lang='grc' dir='ltr'>ετ</span> <span class='ocrx_word' id='word_1_663' title='bbox 1551 1684 1583 1710; x_wconf 86' lang='grc' dir='ltr'><strong>γε</strong></span> <span class='ocrx_word' id='word_1_664' title='bbox 1612 1677 1683 1704; x_wconf 77' lang='grc' dir='ltr'>κατὰ</span> <span class='ocrx_word' id='word_1_665' title='bbox 1699 1677 1729 1704; x_wconf 80' lang='grc' dir='ltr'><strong>τὺ</strong></span> <span class='ocrx_word' id='word_1_666' title='bbox 1745 1677 1818 1712; x_wconf 72' lang='grc' dir='ltr'>ίερὺν</span> 
     </span>
    </p>
   </div>
   <div class='ocr_carea' id='block_1_94' title="bbox 1032 1718 1819 1758">
    <p class='ocr_par' dir='ltr' id='par_1_94' title="bbox 1032 1718 1819 1758">
     <span class='ocr_line' id='line_1_94' title="bbox 1032 1718 1819 1758; baseline 0.008 -14"><span class='ocrx_word' id='word_1_667' title='bbox 1032 1718 1154 1753; x_wconf 85' lang='grc' dir='ltr'>Γράμμα</span> <span class='ocrx_word' id='word_1_668' title='bbox 1170 1719 1218 1746; x_wconf 83' lang='grc' dir='ltr'>σὺν</span> <span class='ocrx_word' id='word_1_669' title='bbox 1239 1719 1279 1755; x_wconf 82' lang='grc' dir='ltr'>τῷ</span> <span class='ocrx_word' id='word_1_670' title='bbox 1306 1719 1413 1755; x_wconf 83' lang='grc' dir='ltr'>σώματι</span> <span class='ocrx_word' id='word_1_671' title='bbox 1427 1721 1477 1756; x_wconf 79' lang='grc' dir='ltr'>τὴν</span> <span class='ocrx_word' id='word_1_672' title='bbox 1491 1721 1581 1757; x_wconf 76' lang='grc' dir='ltr'>ψυχὴν</span> <span class='ocrx_word' id='word_1_673' title='bbox 1599 1723 1688 1749; x_wconf 73' lang='grc' dir='ltr'>ἐκεῖσε</span> <span class='ocrx_word' id='word_1_674' title='bbox 1704 1723 1819 1758; x_wconf 76' lang='grc' dir='ltr'>παραδί-</span> 
     </span>
    </p>
   </div>
   <div class='ocr_carea' id='block_1_95' title="bbox 1028 1763 1817 1803">
    <p class='ocr_par' dir='ltr' id='par_1_95' title="bbox 1028 1763 1817 1803">
     <span class='ocr_line' id='line_1_95' title="bbox 1028 1763 1817 1803; baseline 0.008 -14"><span class='ocrx_word' id='word_1_675' title='bbox 1028 1763 1110 1790; x_wconf 84' lang='grc' dir='ltr'>δωσιν</span> <span class='ocrx_word' id='word_1_676' title='bbox 1138 1764 1256 1797; x_wconf 76' lang='grc' dir='ltr'>αἰωνίως</span> <span class='ocrx_word' id='word_1_677' title='bbox 1282 1765 1458 1797; x_wconf 80' lang='grc' dir='ltr'>κολάζεσθαι·</span> <span class='ocrx_word' id='word_1_678' title='bbox 1478 1775 1489 1793; x_wconf 71' lang='grc' dir='ltr'>ι</span> <span class='ocrx_word' id='word_1_679' title='bbox 1505 1767 1550 1803; x_wconf 86' lang='grc' dir='ltr'><strong>Μὴ</strong></span> <span class='ocrx_word' id='word_1_680' title='bbox 1576 1768 1713 1803; x_wconf 76' lang='grc' dir='ltr'>φοϐηθῆτε</span> <span class='ocrx_word' id='word_1_681' title='bbox 1729 1777 1737 1794; x_wconf 73' lang='grc' dir='ltr'><strong>ι</strong></span> <span class='ocrx_word' id='word_1_682' title='bbox 1752 1769 1817 1803; x_wconf 81' lang='grc' dir='ltr'>γὰρ,</span> 
     </span>
    </p>
   </div>
   <div class='ocr_carea' id='block_1_96' title="bbox 1029 1803 1818 1848">
    <p class='ocr_par' dir='ltr' id='par_1_96' title="bbox 1029 1803 1818 1848">
     <span class='ocr_line' id='line_1_96' title="bbox 1029 1803 1818 1848; baseline 0.006 -14"><span class='ocrx_word' id='word_1_683' title='bbox 1029 1809 1121 1843; x_wconf 64' lang='grc' dir='ltr'>φησὶν,</span> <span class='ocrx_word' id='word_1_684' title='bbox 1138 1817 1146 1834; x_wconf 78' lang='grc' dir='ltr'><strong>ι</strong></span> <span class='ocrx_word' id='word_1_685' title='bbox 1171 1803 1225 1835; x_wconf 63' lang='grc' dir='ltr'><strong>ἁτΐὸ</strong></span> <span class='ocrx_word' id='word_1_686' title='bbox 1251 1809 1305 1836; x_wconf 87' lang='grc' dir='ltr'><strong>τῶν</strong></span> <span class='ocrx_word' id='word_1_687' title='bbox 1335 1810 1557 1838; x_wconf 77' lang='grc' dir='ltr'>ἀποκτεινόντων</span> <span class='ocrx_word' id='word_1_688' title='bbox 1575 1813 1604 1839; x_wconf 80' lang='grc' dir='ltr'>τὸ</span> <span class='ocrx_word' id='word_1_689' title='bbox 1621 1813 1710 1848; x_wconf 81' lang='grc' dir='ltr'>σῶμα,</span> <span class='ocrx_word' id='word_1_690' title='bbox 1725 1814 1773 1845; x_wconf 82' lang='grc' dir='ltr'><strong>τὴν</strong></span> <span class='ocrx_word' id='word_1_691' title='bbox 1790 1814 1818 1839; x_wconf 68' lang='grc' dir='ltr'>δι</span> 
     </span>
    </p>
   </div>
   <div class='ocr_carea' id='block_1_97' title="bbox 1028 1853 1818 1892">
    <p class='ocr_par' dir='ltr' id='par_1_97' title="bbox 1028 1853 1818 1892">
     <span class='ocr_line' id='line_1_97' title="bbox 1028 1853 1818 1892; baseline 0.005 -13"><span class='ocrx_word' id='word_1_692' title='bbox 1028 1853 1117 1888; x_wconf 76' lang='grc' dir='ltr'>ψυχὴν</span> <span class='ocrx_word' id='word_1_693' title='bbox 1134 1853 1211 1888; x_wconf 82' lang='grc' dir='ltr'>ὑμῶν</span> <span class='ocrx_word' id='word_1_694' title='bbox 1231 1854 1268 1888; x_wconf 77' lang='grc' dir='ltr'>μὴ</span> <span class='ocrx_word' id='word_1_695' title='bbox 1284 1854 1444 1889; x_wconf 81' lang='grc' dir='ltr'>δυναμένων</span> <span class='ocrx_word' id='word_1_696' title='bbox 1459 1855 1633 1889; x_wconf 76' lang='grc' dir='ltr'>ἀποκτεῖναι,</span> <span class='ocrx_word' id='word_1_697' title='bbox 1648 1857 1717 1883; x_wconf 81' lang='grc' dir='ltr'>ἀλλὰ</span> <span class='ocrx_word' id='word_1_698' title='bbox 1731 1857 1818 1892; x_wconf 76' lang='grc' dir='ltr'>φοϐή-</span> 
     </span>
    </p>
   </div>
   <div class='ocr_carea' id='block_1_98' title="bbox 1029 1900 1819 1938">
    <p class='ocr_par' dir='ltr' id='par_1_98' title="bbox 1029 1900 1819 1938">
     <span class='ocr_line' id='line_1_98' title="bbox 1029 1900 1819 1938; baseline 0.005 -12"><span class='ocrx_word' id='word_1_699' title='bbox 1029 1900 1092 1935; x_wconf 86' lang='grc' dir='ltr'>θητε</span> <span class='ocrx_word' id='word_1_700' title='bbox 1109 1901 1154 1927; x_wconf 87' lang='grc' dir='ltr'>τὸν</span> <span class='ocrx_word' id='word_1_701' title='bbox 1178 1900 1329 1935; x_wconf 78' lang='grc' dir='ltr'>δυνάμενον</span> <span class='ocrx_word' id='word_1_702' title='bbox 1351 1901 1399 1927; x_wconf 75' lang='grc' dir='ltr'><strong>καὶ</strong></span> <span class='ocrx_word' id='word_1_703' title='bbox 1426 1903 1507 1937; x_wconf 84' lang='grc' dir='ltr'>σῶμα</span> <span class='ocrx_word' id='word_1_704' title='bbox 1525 1903 1572 1929; x_wconf 75' lang='grc' dir='ltr'>καὶ</span> <span class='ocrx_word' id='word_1_705' title='bbox 1589 1903 1677 1938; x_wconf 78' lang='grc' dir='ltr'>ψυχὴν</span> <span class='ocrx_word' id='word_1_706' title='bbox 1694 1905 1722 1930; x_wconf 84' lang='grc' dir='ltr'>ὲν</span> <span class='ocrx_word' id='word_1_707' title='bbox 1744 1903 1819 1937; x_wconf 82' lang='grc' dir='ltr'>γεέν-</span> 
     </span>
    </p>
   </div>
   <div class='ocr_carea' id='block_1_99' title="bbox 1028 1945 1818 1984">
    <p class='ocr_par' dir='ltr' id='par_1_99' title="bbox 1028 1945 1818 1984">
     <span class='ocr_line' id='line_1_99' title="bbox 1028 1945 1818 1984; baseline 0.003 -12"><span class='ocrx_word' id='word_1_708' title='bbox 1028 1955 1060 1982; x_wconf 85' lang='grc' dir='ltr'>νῃ</span> <span class='ocrx_word' id='word_1_709' title='bbox 1076 1945 1219 1973; x_wconf 76' lang='grc' dir='ltr'>ἀπολέσαι.</span> <span class='ocrx_word' id='word_1_710' title='bbox 1242 1956 1251 1972; x_wconf 75' lang='grc' dir='ltr'><strong>ι</strong></span> <span class='ocrx_word' id='word_1_711' title='bbox 1266 1947 1304 1973; x_wconf 83' lang='grc' dir='ltr'><strong>Τὸ</strong></span> <span class='ocrx_word' id='word_1_712' title='bbox 1324 1947 1374 1982; x_wconf 81' lang='grc' dir='ltr'>μὲν</span> <span class='ocrx_word' id='word_1_713' title='bbox 1391 1946 1437 1974; x_wconf 83' lang='grc' dir='ltr'>οὖν</span> <span class='ocrx_word' id='word_1_714' title='bbox 1455 1948 1609 1984; x_wconf 74' lang='grc' dir='ltr'>ἐμφύσημα</span> <span class='ocrx_word' id='word_1_715' title='bbox 1629 1949 1666 1984; x_wconf 83' lang='grc' dir='ltr'>μὴ</span> <span class='ocrx_word' id='word_1_716' title='bbox 1681 1950 1818 1984; x_wconf 63' lang='lat' dir='ltr'><strong>petamq-</strong></span> 
     </span>
    </p>
   </div>
   <div class='ocr_carea' id='block_1_100' title="bbox 1029 1991 1818 2029">
    <p class='ocr_par' dir='ltr' id='par_1_100' title="bbox 1029 1991 1818 2029">
     <span class='ocr_line' id='line_1_100' title="bbox 1029 1991 1818 2029; baseline 0.003 -11"><span class='ocrx_word' id='word_1_717' title='bbox 1029 1991 1073 2018; x_wconf 83' lang='grc' dir='ltr'><strong>οὲν</strong></span> <span class='ocrx_word' id='word_1_718' title='bbox 1101 1993 1140 2024; x_wconf 78' lang='grc' dir='ltr'>εἰς</span> <span class='ocrx_word' id='word_1_719' title='bbox 1164 1991 1256 2027; x_wconf 77' lang='grc' dir='ltr'>ψυχὴν</span> <span class='ocrx_word' id='word_1_720' title='bbox 1280 1992 1483 2029; x_wconf 70' lang='grc' dir='ltr'>ἐδημιούργησε</span> <span class='ocrx_word' id='word_1_721' title='bbox 1512 1993 1622 2029; x_wconf 79' lang='grc' dir='ltr'>ψυχὴν,</span> <span class='ocrx_word' id='word_1_722' title='bbox 1647 1994 1742 2029; x_wconf 83' lang='grc' dir='ltr'>ὥσπερ</span> <span class='ocrx_word' id='word_1_723' title='bbox 1771 1994 1818 2020; x_wconf 82' lang='grc' dir='ltr'>οὖν</span> 
     </span>
    </p>
   </div>
   <div class='ocr_carea' id='block_1_101' title="bbox 1028 2038 1818 2074">
    <p class='ocr_par' dir='ltr' id='par_1_101' title="bbox 1028 2038 1818 2074">
     <span class='ocr_line' id='line_1_101' title="bbox 1028 2038 1818 2074; baseline 0.003 -11"><span class='ocrx_word' id='word_1_724' title='bbox 1028 2038 1076 2064; x_wconf 77' lang='grc' dir='ltr'><strong>καὶ</strong></span> <span class='ocrx_word' id='word_1_725' title='bbox 1090 2038 1106 2072; x_wconf 89' lang='grc' dir='ltr'><strong>ἡ</strong></span> <span class='ocrx_word' id='word_1_726' title='bbox 1124 2038 1184 2072; x_wconf 72' lang='grc' dir='ltr'>χεὶρ</span> <span class='ocrx_word' id='word_1_727' title='bbox 1199 2038 1299 2072; x_wconf 83' lang='grc' dir='ltr'>γράφει</span> <span class='ocrx_word' id='word_1_728' title='bbox 1314 2039 1363 2073; x_wconf 89' lang='grc' dir='ltr'><strong>μέν</strong></span> <span class='ocrx_word' id='word_1_729' title='bbox 1377 2038 1508 2074; x_wconf 85' lang='grc' dir='ltr'>γράμμα,</span> <span class='ocrx_word' id='word_1_730' title='bbox 1525 2039 1556 2065; x_wconf 79' lang='grc' dir='ltr'>οὺ</span> <span class='ocrx_word' id='word_1_731' title='bbox 1577 2039 1775 2074; x_wconf 70' lang='grc' dir='ltr'>μεταϐάλλεται</span> <span class='ocrx_word' id='word_1_732' title='bbox 1790 2040 1818 2066; x_wconf 70' lang='grc' dir='ltr'>δὲ</span> 
     </span>
    </p>
   </div>
   <div class='ocr_carea' id='block_1_102' title="bbox 1028 2084 1818 2122">
    <p class='ocr_par' dir='ltr' id='par_1_102' title="bbox 1028 2084 1818 2122">
     <span class='ocr_line' id='line_1_102' title="bbox 1028 2084 1818 2122; baseline 0.003 -12"><span class='ocrx_word' id='word_1_733' title='bbox 1028 2085 1101 2119; x_wconf 77' lang='grc' dir='ltr'>ὅμως</span> <span class='ocrx_word' id='word_1_734' title='bbox 1115 2084 1155 2116; x_wconf 86' lang='grc' dir='ltr'><strong>είς</strong></span> <span class='ocrx_word' id='word_1_735' title='bbox 1174 2084 1341 2119; x_wconf 80' lang='grc' dir='ltr'>γράμματα.</span> <span class='ocrx_word' id='word_1_736' title='bbox 1355 2085 1412 2112; x_wconf 75' lang='grc' dir='ltr'>ἀλλ’</span> <span class='ocrx_word' id='word_1_737' title='bbox 1429 2087 1445 2121; x_wconf 86' lang='grc' dir='ltr'><strong>ἠ</strong></span> <span class='ocrx_word' id='word_1_738' title='bbox 1463 2085 1512 2121; x_wconf 81' lang='grc' dir='ltr'>μὲν</span> <span class='ocrx_word' id='word_1_739' title='bbox 1528 2087 1589 2121; x_wconf 76' lang='grc' dir='ltr'>χεὶρ</span> <span class='ocrx_word' id='word_1_740' title='bbox 1606 2086 1682 2120; x_wconf 82' lang='grc' dir='ltr'>μένει</span> <span class='ocrx_word' id='word_1_741' title='bbox 1697 2087 1769 2122; x_wconf 73' lang='grc' dir='ltr'>χεὶρ,</span> <span class='ocrx_word' id='word_1_742' title='bbox 1785 2086 1818 2112; x_wconf 72' lang='grc' dir='ltr'><strong>τὰ</strong></span> 
     </span>
    </p>
   </div>
   <div class='ocr_carea' id='block_1_103' title="bbox 1027 2130 1407 2166">
    <p class='ocr_par' dir='ltr' id='par_1_103' title="bbox 1027 2130 1407 2166">
     <span class='ocr_line' id='line_1_103' title="bbox 1027 2130 1407 2166; baseline 0.005 -10"><span class='ocrx_word' id='word_1_743' title='bbox 1027 2130 1055 2156; x_wconf 71' lang='grc' dir='ltr'>δὲ</span> <span class='ocrx_word' id='word_1_744' title='bbox 1077 2130 1229 2164; x_wconf 72' lang='grc' dir='ltr'>γράμματα</span> <span class='ocrx_word' id='word_1_745' title='bbox 1244 2131 1407 2166; x_wconf 78' lang='grc' dir='ltr'>γράμματα.</span> 
     </span>
    </p>
   </div>
   <div class='ocr_carea' id='block_1_104' title="bbox 1064 2175 1817 2213">
    <p class='ocr_par' dir='ltr' id='par_1_104' title="bbox 1064 2175 1817 2213">
     <span class='ocr_line' id='line_1_104' title="bbox 1064 2175 1817 2213; baseline 0.004 -11"><span class='ocrx_word' id='word_1_746' title='bbox 1064 2175 1135 2210; x_wconf 72' lang='grc' dir='ltr'><strong>Ὅρα</strong></span> <span class='ocrx_word' id='word_1_747' title='bbox 1162 2175 1255 2203; x_wconf 79' lang='grc' dir='ltr'>λοιπὸν</span> <span class='ocrx_word' id='word_1_748' title='bbox 1283 2175 1429 2211; x_wconf 75' lang='grc' dir='ltr'>νουνεχῶς.</span> <span class='ocrx_word' id='word_1_749' title='bbox 1446 2177 1484 2203; x_wconf 83' lang='grc' dir='ltr'>Τὸ</span> <span class='ocrx_word' id='word_1_750' title='bbox 1511 2176 1567 2212; x_wconf 70' lang='grc' dir='ltr'><strong>γὰρ</strong></span> <span class='ocrx_word' id='word_1_751' title='bbox 1591 2177 1761 2213; x_wconf 71' lang='grc' dir='ltr'>ἐνεφύσησεν</span> <span class='ocrx_word' id='word_1_752' title='bbox 1776 2179 1817 2205; x_wconf 81' lang='grc' dir='ltr'><strong>ὲν-</strong></span> 
     </span>
    </p>
   </div>
   <div class='ocr_carea' id='block_1_105' title="bbox 1027 2220 1818 2259">
    <p class='ocr_par' dir='ltr' id='par_1_105' title="bbox 1027 2220 1818 2259">
     <span class='ocr_line' id='line_1_105' title="bbox 1027 2220 1818 2259; baseline 0.005 -11"><span class='ocrx_word' id='word_1_753' title='bbox 1027 2221 1113 2248; x_wconf 72' lang='grc' dir='ltr'>ταῦοα</span> <span class='ocrx_word' id='word_1_754' title='bbox 1125 2220 1212 2255; x_wconf 81' lang='grc' dir='ltr'>εἶπεν,</span> <span class='ocrx_word' id='word_1_755' title='bbox 1230 2222 1273 2248; x_wconf 85' lang='grc' dir='ltr'><strong>ίνα</strong></span> <span class='ocrx_word' id='word_1_756' title='bbox 1282 2222 1331 2249; x_wconf 76' lang='grc' dir='ltr'><strong>σὺν</strong></span> <span class='ocrx_word' id='word_1_757' title='bbox 1345 2222 1384 2257; x_wconf 86' lang='grc' dir='ltr'><strong>τῷ</strong></span> <span class='ocrx_word' id='word_1_758' title='bbox 1401 2223 1488 2258; x_wconf 76' lang='grc' dir='ltr'>Πατρὶ</span> <span class='ocrx_word' id='word_1_759' title='bbox 1497 2223 1544 2250; x_wconf 78' lang='grc' dir='ltr'><strong>χαὶ</strong></span> <span class='ocrx_word' id='word_1_760' title='bbox 1560 2223 1600 2259; x_wconf 79' lang='grc' dir='ltr'><strong>τῷ</strong></span> <span class='ocrx_word' id='word_1_761' title='bbox 1615 2224 1672 2259; x_wconf 80' lang='grc' dir='ltr'><strong>Υίῷ</strong></span> <span class='ocrx_word' id='word_1_762' title='bbox 1687 2225 1818 2259; x_wconf 82' lang='grc' dir='ltr'>δημιουρ-</span> 
     </span>
    </p>
   </div>
   <div class='ocr_carea' id='block_1_106' title="bbox 1026 2267 1817 2305">
    <p class='ocr_par' dir='ltr' id='par_1_106' title="bbox 1026 2267 1817 2305">
     <span class='ocr_line' id='line_1_106' title="bbox 1026 2267 1817 2305; baseline 0.005 -12"><span class='ocrx_word' id='word_1_763' title='bbox 1026 2267 1074 2301; x_wconf 79' lang='grc' dir='ltr'><strong>γὸν</strong></span> <span class='ocrx_word' id='word_1_764' title='bbox 1095 2267 1226 2304; x_wconf 77' lang='grc' dir='ltr'>ἀποδείξῃ</span> <span class='ocrx_word' id='word_1_765' title='bbox 1255 2268 1301 2295; x_wconf 76' lang='grc' dir='ltr'><strong>τοῦ</strong></span> <span class='ocrx_word' id='word_1_766' title='bbox 1337 2268 1486 2304; x_wconf 78' lang='grc' dir='ltr'>ἀνθρώπου</span> <span class='ocrx_word' id='word_1_767' title='bbox 1514 2269 1563 2296; x_wconf 75' lang='grc' dir='ltr'><strong>καὶ</strong></span> <span class='ocrx_word' id='word_1_768' title='bbox 1591 2270 1621 2296; x_wconf 78' lang='grc' dir='ltr'>τὸ</span> <span class='ocrx_word' id='word_1_769' title='bbox 1646 2270 1759 2305; x_wconf 78' lang='grc' dir='ltr'>Πνεῦμα</span> <span class='ocrx_word' id='word_1_770' title='bbox 1787 2271 1817 2297; x_wconf 78' lang='grc' dir='ltr'><strong>τὸ</strong></span> 
     </span>
    </p>
   </div>
   <div class='ocr_carea' id='block_1_107' title="bbox 1025 2312 1814 2351">
    <p class='ocr_par' dir='ltr' id='par_1_107' title="bbox 1025 2312 1814 2351">
     <span class='ocr_line' id='line_1_107' title="bbox 1025 2312 1814 2351; baseline 0.003 -12"><span class='ocrx_word' id='word_1_771' title='bbox 1025 2313 1111 2346; x_wconf 79' lang='grc' dir='ltr'>ἆγιον.</span> <span class='ocrx_word' id='word_1_772' title='bbox 1135 2314 1203 2349; x_wconf 75' lang='grc' dir='ltr'>Φησὶ</span> <span class='ocrx_word' id='word_1_773' title='bbox 1221 2314 1287 2349; x_wconf 80' lang='grc' dir='ltr'>γὰρ,</span> <span class='ocrx_word' id='word_1_774' title='bbox 1316 2323 1325 2340; x_wconf 70' lang='grc' dir='ltr'><strong>ι</strong></span> <span class='ocrx_word' id='word_1_775' title='bbox 1344 2315 1400 2341; x_wconf 77' lang='grc' dir='ltr'><strong>Καὶ</strong></span> <span class='ocrx_word' id='word_1_776' title='bbox 1427 2312 1505 2341; x_wconf 74' lang='grc' dir='ltr'>εἶπεν</span> <span class='ocrx_word' id='word_1_777' title='bbox 1532 2315 1546 2341; x_wconf 90' lang='lat'><strong>6</strong></span> <span class='ocrx_word' id='word_1_778' title='bbox 1563 2315 1630 2346; x_wconf 75' lang='grc' dir='ltr'>Θεὸς</span> <span class='ocrx_word' id='word_1_779' title='bbox 1651 2317 1814 2351; x_wconf 63' lang='grc' dir='ltr'>ποιήσωμεν</span> 
     </span>
    </p>
   </div>
   <div class='ocr_carea' id='block_1_108' title="bbox 1025 2357 1816 2396">
    <p class='ocr_par' dir='ltr' id='par_1_108' title="bbox 1025 2357 1816 2396">
     <span class='ocr_line' id='line_1_108' title="bbox 1025 2357 1816 2396; baseline 0.005 -12"><span class='ocrx_word' id='word_1_780' title='bbox 1025 2357 1178 2393; x_wconf 79' lang='grc' dir='ltr'>ἄνθρωπον.</span> <span class='ocrx_word' id='word_1_781' title='bbox 1202 2369 1211 2385; x_wconf 73' lang='grc' dir='ltr'>ι</span> <span class='ocrx_word' id='word_1_782' title='bbox 1231 2359 1285 2386; x_wconf 75' lang='grc' dir='ltr'>Καὶ</span> <span class='ocrx_word' id='word_1_783' title='bbox 1317 2359 1409 2386; x_wconf 80' lang='grc' dir='ltr'>λαϐὼν</span> <span class='ocrx_word' id='word_1_784' title='bbox 1434 2360 1528 2395; x_wconf 64' lang='grc' dir='ltr'>ὸξθεδς</span> <span class='ocrx_word' id='word_1_785' title='bbox 1543 2360 1608 2396; x_wconf 84' lang='grc' dir='ltr'>χοῦν</span> <span class='ocrx_word' id='word_1_786' title='bbox 1623 2361 1677 2388; x_wconf 71' lang='grc' dir='ltr'><strong>ἀπὸ</strong></span> <span class='ocrx_word' id='word_1_787' title='bbox 1692 2362 1742 2396; x_wconf 79' lang='grc' dir='ltr'><strong>τῆς</strong></span> <span class='ocrx_word' id='word_1_788' title='bbox 1763 2362 1816 2396; x_wconf 83' lang='grc' dir='ltr'><strong>γῆς</strong></span> 
     </span>
    </p>
   </div>
   <div class='ocr_carea' id='block_1_109' title="bbox 1025 2403 1815 2443">
    <p class='ocr_par' dir='ltr' id='par_1_109' title="bbox 1025 2403 1815 2443">
     <span class='ocr_line' id='line_1_109' title="bbox 1025 2403 1815 2443; baseline 0.006 -14"><span class='ocrx_word' id='word_1_789' title='bbox 1025 2403 1126 2430; x_wconf 74' lang='grc' dir='ltr'>ἔπλασε</span> <span class='ocrx_word' id='word_1_790' title='bbox 1145 2404 1191 2430; x_wconf 74' lang='grc' dir='ltr'><strong>τὸν</strong></span> <span class='ocrx_word' id='word_1_791' title='bbox 1219 2404 1375 2440; x_wconf 78' lang='grc' dir='ltr'>ἄνθρωπον.</span> <span class='ocrx_word' id='word_1_792' title='bbox 1400 2406 1448 2436; x_wconf 78' lang='grc' dir='ltr'><strong>Τίς</strong></span> <span class='ocrx_word' id='word_1_793' title='bbox 1472 2406 1486 2432; x_wconf 85' lang='grc' dir='ltr'><em>ὁ</em></span> <span class='ocrx_word' id='word_1_794' title='bbox 1511 2406 1619 2440; x_wconf 66' lang='lat' dir='ltr'><strong>simi»);</strong></span> <span class='ocrx_word' id='word_1_795' title='bbox 1647 2407 1679 2435; x_wconf 88' lang='lat'><strong>&#39;0</strong></span> <span class='ocrx_word' id='word_1_796' title='bbox 1709 2409 1815 2443; x_wconf 85' lang='grc' dir='ltr'>Πατήρ.</span> 
     </span>
    </p>
   </div>
   <div class='ocr_carea' id='block_1_110' title="bbox 1027 2451 1817 2488">
    <p class='ocr_par' dir='ltr' id='par_1_110' title="bbox 1027 2451 1817 2488">
     <span class='ocr_line' id='line_1_110' title="bbox 1027 2451 1817 2488; baseline 0.004 -11"><span class='ocrx_word' id='word_1_797' title='bbox 1027 2451 1081 2477; x_wconf 78' lang='grc' dir='ltr'><strong>Καὶ</strong></span> <span class='ocrx_word' id='word_1_798' title='bbox 1095 2451 1135 2483; x_wconf 85' lang='grc' dir='ltr'><strong>τίς</strong></span> <span class='ocrx_word' id='word_1_799' title='bbox 1150 2451 1164 2478; x_wconf 85' lang='lat'><strong>6</strong></span> <span class='ocrx_word' id='word_1_800' title='bbox 1176 2451 1284 2485; x_wconf 74' lang='grc' dir='ltr'>λαϐώνς</span> <span class='ocrx_word' id='word_1_801' title='bbox 1309 2452 1338 2479; x_wconf 92' lang='lat'><strong>&#39;0</strong></span> <span class='ocrx_word' id='word_1_802' title='bbox 1355 2453 1429 2484; x_wconf 78' lang='grc' dir='ltr'>Υἱός.</span> <span class='ocrx_word' id='word_1_803' title='bbox 1449 2453 1509 2480; x_wconf 86' lang='grc' dir='ltr'>Ἷνα</span> <span class='ocrx_word' id='word_1_804' title='bbox 1522 2453 1589 2487; x_wconf 86' lang='grc' dir='ltr'>γοῦν</span> <span class='ocrx_word' id='word_1_805' title='bbox 1604 2454 1641 2488; x_wconf 78' lang='grc' dir='ltr'>μὴ</span> <span class='ocrx_word' id='word_1_806' title='bbox 1654 2453 1684 2480; x_wconf 81' lang='grc' dir='ltr'><strong>τὺ</strong></span> <span class='ocrx_word' id='word_1_807' title='bbox 1704 2454 1817 2488; x_wconf 77' lang='grc' dir='ltr'>Πνεῦμα</span> 
     </span>
    </p>
   </div>
   <div class='ocr_carea' id='block_1_111' title="bbox 1026 2497 1817 2535">
    <p class='ocr_par' dir='ltr' id='par_1_111' title="bbox 1026 2497 1817 2535">
     <span class='ocr_line' id='line_1_111' title="bbox 1026 2497 1817 2535; baseline 0.004 -11"><span class='ocrx_word' id='word_1_808' title='bbox 1026 2497 1056 2524; x_wconf 78' lang='grc' dir='ltr'>τὸ</span> <span class='ocrx_word' id='word_1_809' title='bbox 1070 2497 1146 2531; x_wconf 70' lang='grc' dir='ltr'>ἅγιον</span> <span class='ocrx_word' id='word_1_810' title='bbox 1166 2498 1306 2533; x_wconf 70' lang='grc' dir='ltr'>ἀλλότριον</span> <span class='ocrx_word' id='word_1_811' title='bbox 1322 2499 1452 2534; x_wconf 85' lang='grc' dir='ltr'>φαίνηται</span> <span class='ocrx_word' id='word_1_812' title='bbox 1467 2499 1517 2535; x_wconf 81' lang='grc' dir='ltr'><strong>τῆς</strong></span> <span class='ocrx_word' id='word_1_813' title='bbox 1531 2499 1579 2526; x_wconf 87' lang='grc' dir='ltr'><strong>τοῦ</strong></span> <span class='ocrx_word' id='word_1_814' title='bbox 1603 2499 1750 2534; x_wconf 79' lang='grc' dir='ltr'>ἀνθρώπου</span> <span class='ocrx_word' id='word_1_815' title='bbox 1767 2501 1817 2535; x_wconf 81' lang='grc' dir='ltr'>δη-</span> 
     </span>
    </p>
   </div>
   <div class='ocr_carea' id='block_1_112' title="bbox 1028 2544 1816 2581">
    <p class='ocr_par' dir='ltr' id='par_1_112' title="bbox 1028 2544 1816 2581">
     <span class='ocr_line' id='line_1_112' title="bbox 1028 2544 1816 2581; baseline 0.003 -11"><span class='ocrx_word' id='word_1_816' title='bbox 1028 2544 1184 2579; x_wconf 76' lang='grc' dir='ltr'>μιουργίας,</span> <span class='ocrx_word' id='word_1_817' title='bbox 1200 2545 1250 2579; x_wconf 83' lang='grc' dir='ltr'>τὴν</span> <span class='ocrx_word' id='word_1_818' title='bbox 1279 2546 1432 2580; x_wconf 79' lang='grc' dir='ltr'>ἐνεφύσησε</span> <span class='ocrx_word' id='word_1_819' title='bbox 1451 2545 1526 2578; x_wconf 81' lang='grc' dir='ltr'>λέξιν</span> <span class='ocrx_word' id='word_1_820' title='bbox 1549 2546 1596 2572; x_wconf 68' lang='grc' dir='ltr'><strong>καὶ</strong></span> <span class='ocrx_word' id='word_1_821' title='bbox 1617 2547 1688 2573; x_wconf 85' lang='grc' dir='ltr'>πάνυ</span> <span class='ocrx_word' id='word_1_822' title='bbox 1711 2546 1816 2581; x_wconf 70' lang='grc' dir='ltr'>θαυμα-</span> 
     </span>
    </p>
   </div>
   <div class='ocr_carea' id='block_1_113' title="bbox 1028 2586 1814 2627">
    <p class='ocr_par' dir='ltr' id='par_1_113' title="bbox 1028 2586 1814 2627">
     <span class='ocr_line' id='line_1_113' title="bbox 1028 2586 1814 2627; baseline 0.003 -11"><span class='ocrx_word' id='word_1_823' title='bbox 1028 2586 1094 2621; x_wconf 65' lang='grc' dir='ltr'>σίωξ</span> <span class='ocrx_word' id='word_1_824' title='bbox 1108 2591 1274 2626; x_wconf 77' lang='grc' dir='ltr'>παρείληφε,</span> <span class='ocrx_word' id='word_1_825' title='bbox 1289 2591 1323 2617; x_wconf 85' lang='grc' dir='ltr'><strong>δι’</strong></span> <span class='ocrx_word' id='word_1_826' title='bbox 1337 2591 1422 2626; x_wconf 80' lang='grc' dir='ltr'>αὐτῆς</span> <span class='ocrx_word' id='word_1_827' title='bbox 1435 2591 1630 2625; x_wconf 78' lang='grc' dir='ltr'>ὑπεμφαίνων,</span> <span class='ocrx_word' id='word_1_828' title='bbox 1645 2592 1682 2622; x_wconf 83' lang='grc' dir='ltr'><strong>ὡς</strong></span> <span class='ocrx_word' id='word_1_829' title='bbox 1695 2593 1814 2627; x_wconf 73' lang='grc' dir='ltr'>εἴρηται,</span> 
     </span>
    </p>
   </div>
   <div class='ocr_carea' id='block_1_114' title="bbox 1028 2636 1813 2672">
    <p class='ocr_par' dir='ltr' id='par_1_114' title="bbox 1028 2636 1813 2672">
     <span class='ocr_line' id='line_1_114' title="bbox 1028 2636 1813 2672; baseline 0.003 -10"><span class='ocrx_word' id='word_1_830' title='bbox 1028 2636 1058 2662; x_wconf 60' lang='grc' dir='ltr'><strong>τδ</strong></span> <span class='ocrx_word' id='word_1_831' title='bbox 1076 2636 1187 2666; x_wconf 82' lang='grc' dir='ltr'>Πνεῦμα</span> <span class='ocrx_word' id='word_1_832' title='bbox 1215 2637 1245 2663; x_wconf 77' lang='grc' dir='ltr'>τὸ</span> <span class='ocrx_word' id='word_1_833' title='bbox 1265 2636 1361 2670; x_wconf 71' lang='grc' dir='ltr'>αγιον,</span> <span class='ocrx_word' id='word_1_834' title='bbox 1389 2637 1438 2664; x_wconf 77' lang='grc' dir='ltr'><strong>καὶ</strong></span> <span class='ocrx_word' id='word_1_835' title='bbox 1461 2638 1504 2664; x_wconf 83' lang='grc' dir='ltr'>ὅτι</span> <span class='ocrx_word' id='word_1_836' title='bbox 1529 2638 1578 2672; x_wconf 79' lang='grc' dir='ltr'><strong>τῆς</strong></span> <span class='ocrx_word' id='word_1_837' title='bbox 1604 2637 1650 2664; x_wconf 86' lang='grc' dir='ltr'><strong>τοῦ</strong></span> <span class='ocrx_word' id='word_1_838' title='bbox 1680 2638 1813 2671; x_wconf 72' lang='grc' dir='ltr'>παναιτίου</span> 
     </span>
    </p>
   </div>
   <div class='ocr_carea' id='block_1_115' title="bbox 1029 2682 1812 2718">
    <p class='ocr_par' dir='ltr' id='par_1_115' title="bbox 1029 2682 1812 2718">
     <span class='ocr_line' id='line_1_115' title="bbox 1029 2682 1812 2718; baseline 0 -10"><span class='ocrx_word' id='word_1_839' title='bbox 1029 2682 1186 2717; x_wconf 72' lang='grc' dir='ltr'>Πνεῦματος</span> <span class='ocrx_word' id='word_1_840' title='bbox 1202 2683 1323 2717; x_wconf 83' lang='grc' dir='ltr'>χάριτος,</span> <span class='ocrx_word' id='word_1_841' title='bbox 1339 2682 1376 2714; x_wconf 80' lang='grc' dir='ltr'><strong>ὡς</strong></span> <span class='ocrx_word' id='word_1_842' title='bbox 1394 2684 1408 2709; x_wconf 90' lang='lat'><strong>6</strong></span> <span class='ocrx_word' id='word_1_843' title='bbox 1427 2682 1567 2714; x_wconf 74' lang='grc' dir='ltr'>θειότατος</span> <span class='ocrx_word' id='word_1_844' title='bbox 1581 2683 1649 2717; x_wconf 82' lang='grc' dir='ltr'>φησὶ</span> <span class='ocrx_word' id='word_1_845' title='bbox 1668 2683 1812 2718; x_wconf 69' lang='grc' dir='ltr'>Κύρύλος,</span> 
     </span>
    </p>
   </div>
   <div class='ocr_carea' id='block_1_116' title="bbox 1030 2728 1813 2766">
    <p class='ocr_par' dir='ltr' id='par_1_116' title="bbox 1030 2728 1813 2766">
     <span class='ocr_line' id='line_1_116' title="bbox 1030 2728 1813 2766; baseline 0 -11"><span class='ocrx_word' id='word_1_846' title='bbox 1030 2728 1143 2766; x_wconf 70' lang='grc' dir='ltr'>μέτοχος</span> <span class='ocrx_word' id='word_1_847' title='bbox 1172 2730 1185 2755; x_wconf 87' lang='grc' dir='ltr'>ὁ</span> <span class='ocrx_word' id='word_1_848' title='bbox 1212 2729 1356 2764; x_wconf 73' lang='grc' dir='ltr'>ἄνθρωπος</span> <span class='ocrx_word' id='word_1_849' title='bbox 1382 2729 1535 2764; x_wconf 79' lang='grc' dir='ltr'>τηνικαῦτα</span> <span class='ocrx_word' id='word_1_850' title='bbox 1560 2729 1710 2764; x_wconf 77' lang='grc' dir='ltr'>παρήγετο,</span> <span class='ocrx_word' id='word_1_851' title='bbox 1731 2730 1813 2763; x_wconf 77' lang='grc' dir='ltr'><strong>κᾶνή</strong></span> 
     </span>
    </p>
   </div>
   <div class='ocr_carea' id='block_1_117' title="bbox 1029 2774 1822 2811">
    <p class='ocr_par' dir='ltr' id='par_1_117' title="bbox 1029 2774 1822 2811">
     <span class='ocr_line' id='line_1_117' title="bbox 1029 2774 1822 2811; baseline -0.001 -9"><span class='ocrx_word' id='word_1_852' title='bbox 1029 2775 1185 2810; x_wconf 75' lang='grc' dir='ltr'>παράϐασις</span> <span class='ocrx_word' id='word_1_853' title='bbox 1202 2774 1316 2811; x_wconf 76' lang='grc' dir='ltr'>ὕστερον</span> <span class='ocrx_word' id='word_1_854' title='bbox 1334 2775 1382 2808; x_wconf 84' lang='grc' dir='ltr'>τὴν</span> <span class='ocrx_word' id='word_1_855' title='bbox 1401 2775 1530 2810; x_wconf 82' lang='grc' dir='ltr'>τοιαύτην</span> <span class='ocrx_word' id='word_1_856' title='bbox 1546 2775 1694 2811; x_wconf 70' lang='grc' dir='ltr'>ἠμαύρωσε</span> <span class='ocrx_word' id='word_1_857' title='bbox 1710 2775 1822 2810; x_wconf 58' lang='grc' dir='ltr'>δωρεὰν.</span> 
     </span>
    </p>
   </div>
   <div class='ocr_carea' id='block_1_118' title="bbox 1073 2907 1104 2932">
    <p class='ocr_par' dir='ltr' id='par_1_118' title="bbox 1073 2907 1104 2932">
     <span class='ocr_line' id='line_1_118' title="bbox 1073 2907 1104 2932; baseline 0 -9"><span class='ocrx_word' id='word_1_858' title='bbox 1073 2907 1104 2932; x_wconf 85' lang='lat'><strong>_\</strong></span> 
     </span>
    </p>
   </div>
  </div>
