1957 3073
140 169 179 198 149
206 173 211 178 '

733 169 831 198 ANNA
838 169 931 199 LIUM
954 170 1048 200 PARS
1071 171 1093 202 Ι.

1676 168 1728 200 ιιη

138 225 172 250 καὶ
187 224 312 259 συνέχεεν.
337 225 430 262 Ταύτῃ
447 234 488 252 τοι
511 225 558 252 κιύ⁴
574 225 692 256 ἀναστὰς
712 226 726 252 6
744 225 845 260 Κύριος
862 226 887 252 ὲν

946 227 986 254 sio
1012 227 1109 254 donum
1144 227 1195 255 hoc
1212 227 1368 256 obscuravit
1392 233 1472 264 atque
1496 227 1628 255 confudit.
1653 226 1728 254 Hanc

136 270 217 303 νεκρῶν
229 270 380 306 ἐνεφύσησε
395 272 451 302 τοῖς
467 271 602 305 μαθηταῖς
617 271 660 296 καὶ
677 268 735 296 εἷπε
747 277 753 285 ·
773 270 891 296 «Λάόετε

136 316 222 350 Π-ξεῦμσ
237 315 325 350 ἅγιον.
344 325 353 342 ι
368 316 434 343 Οὐδὲ
449 315 504 350 γὰρ
519 317 649 351 ἠνέσχετο
665 316 713 342 καὶ
726 315 804 348 αὖθις
818 316 892 350 ἡμᾶς

134 363 248 395 ἀποδεῖξαι
268 364 313 389 τοῦ
332 365 466 397 παναγίου
483 364 647 398 μετέχοντας
666 363 839 398 Πνεύματος.
857 364 890 389 '0

132 409 158 444 δὴ
178 410 214 436 xad.
236 410 355 445 τήμερον
372 410 483 445 ἑμφυσᾷ
494 409 532 444 τῷ
548 409 742 444 βαπτιζομένῳ
761 410 775 436 6
789 409 889 444 ἱερεὺς,

132 455 249 489 ζωογονῶν
268 455 362 489 ὥσπερ
394 456 445 491 τὴν
464 455 546 482 αὐτοῦ
574 455 664 490 ψυχὴν
683 455 890 490 νενεκρωμένην

131 501 170 536 ἤδη
183 501 215 537 τῷ
225 502 272 528 τοῦ
289 502 374 537 Ἀδὰμ
391 503 607 537 παραπτώματι.

157 590 215 617 Ἀλλ’
232 591 278 618 ἐπὶ
293 591 341 626 τὴν
358 592 520 619 ἀκολουθίαν
547 592 595 619 τοῦ
622 593 702 627 λόγιυ
736 593 784 620 καὶ
810 592 891 625 αὖθις

128 636 258 664 ἐπανιτέον.
283 638 467 673 Ἐνεφύσησεν
497 639 538 670 εἰς
567 639 600 666 τὸ
631 638 777 675 πρόσωπον
807 639 889 666 αὐτοῦ

128 684 199 717 πνοὴν
218 683 299 717 ζωῆς.
318 683 350 710 Ἦ
365 683 414 718 μὲν
431 682 480 710 οὖν
499 684 623 719 ἡμετέρα
640 683 687 711 καὶ
708 684 890 719 ἀληθεστέρα

126 728 179 761 δόξα
203 729 323 765 περὶτῆς
353 730 392 761 είς
425 731 457 757 τὸ
485 731 566 764 σῶμα
589 729 639 764 τῆς
652 729 743 764 ψυχῆς
766 729 890 761 ἑνὼσεως

125 774 185 808 ἁπλῆ
200 774 237 806 τίς
263 775 321 801 ὲστι
343 776 390 801 καὶ
411 776 510 810 σαφής.
536 775 574 801 Τὸ
599 775 648 809 μιν
673 775 727 810 γὰρ
747 775 828 809 σῶμα
855 775 888 801 ἐκ

123 820 190 854 χοὸς,
204 820 219 855 ἡ
233 820 262 846 δὲ
274 820 348 855 ψυχὴ
362 820 474 856 ἀμέσως
490 821 522 847 ἐκ
549 820 618 847 Θεοῦ
635 821 804 855 παράγεται.
830 821 889 848 Κάν

121 865 206 892 τεῦθεν
218 866 262 892 καὶ
279 865 404 902 ἀλλήλων
417 866 632 901 συναπτομένων
654 866 725 899 ζῶον
747 866 777 892 ἓν
795 866 890 892 σύνθεη

120 920 161 938 τον
175 911 283 945 γίνεται.
300 913 347 938 καὶ
364 911 443 939 τοῦτό
458 912 534 939 ἐστιν
549 913 565 947 ὴ
581 912 642 939 καθ’
657 913 807 939 ὑπόστασιν
823 911 890 938 ἕνω-

120 965 167 989 σις,
188 957 202 992 ἡ
224 957 425 992 ἀμφόπαρκτος
454 958 509 985 τῶν
532 958 698 992 ἑτερουσιῶν
722 959 784 985 κατ’
806 958 889 984 αὑτὸν

119 1002 253 1037 συνδρομή.
270 1003 303 1029 '0
315 1002 348 1037 δὴ
361 1003 408 1030 καὶ
423 1003 573 1038 θαυμάζων
589 1004 602 1030 6
619 1003 668 1039 τὴν
685 1004 809 1038 γλῶτταν
826 1012 890 1038 χρυ·

117 1047 174 1079 σοῢς
189 1047 272 1082 ἔλεγε,
291 1057 300 1073 ι
315 1047 378 1081 no;
404 1048 433 1075 ὲν
455 1049 547 1084 μήτρᾳ
561 1049 575 1075 6
600 1049 742 1084 ἄνθρωπος
758 1048 889 1075 διαπλάτ-

115 1102 201 1125 τετσις
228 1094 273 1120 καὶ
294 1094 354 1125 πῶς
367 1093 466 1128 ἀθρόον
482 1095 499 1129 ἡ
524 1094 677 1125 θεοείκελος
693 1094 767 1137 ψυχῇ
784 1094 822 1128 τῷ
838 1094 891 1121 σώ-

115 1148 176 1174 ματι
189 1141 467 1175 συμπαρυφίσταταις
491 1149 500 1166 t
527 1141 560 1167 Οῑ
581 1141 609 1168 δέ
630 1149 662 1175 γε
676 1141 759 1175 σοφίᾳ
773 1142 806 1176 τῇ
822 1141 889 1173 ἐξω-

113 1184 156 1211 θαν
170 1184 383 1219 ὲγκαυχώμενοι,
398 1185 493 1218 ὶπειδὴ
507 1185 552 1211 τὸν
575 1185 622 1211 τοῦ
647 1184 793 1219 ἀνθρώπου
819 1185 889 1212 πλά-

943 274 977 301 ob
993 282 1101 302 causam
1118 274 1250 302 Dominus
1271 282 1334 302 cum
1367 282 1400 302 ex
1425 275 1540 302 mortuis
1564 274 1728 301 rcsurrcxis—

942 325 994 353 Set,
1018 328 1126 347 rursum
1143 320 1288 355 discipulos
1301 320 1414 353 afﬂavit,
1434 325 1461 348 et
1478 319 1543 347 dixit
1558 329 1564 346 :
1583 329 1592 346 ι
1609 308 1728 353 Accipite

943 364 1076 400 Spiritum
1101 370 1240 393 sanctum.
1259 360 1283 392 ι’
1300 365 1356 394 Nec
1380 366 1453 393 enim
1479 366 1549 393 ferre
1567 369 1674 401 poterat
1698 368 1728 390 ut

942 419 998 438 non
1012 411 1046 438 de
1059 412 1167 446 integro
1187 411 1274 439 sancti
1290 411 1409 447 Spiritus
1432 411 1579 446 participes
1594 418 1655 438 esse
1680 410 1728 438 de—

942 453 1122 490 clararemur,
1150 465 1230 491 quem
1250 458 1332 484 etiam
1362 457 1443 484 hodie
1477 457 1606 484 sacerdos
1628 457 1652 484 ei
1679 457 1725 491 qui

941 503 1095 537 baptizatur
1108 503 1190 535 aﬂ‘lat,
1205 503 1282 537 quasi
1298 503 1360 530 vita:
1372 503 1520 530 restituens
1534 502 1593 537 ejus
1608 503 1725 530 animam

941 556 973 577 ex
988 549 1083 576 Adami
1101 549 1319 584 transgressione
1337 555 1482 577 mortuam.

977 593 1080 622 Verum
1096 595 1236 630 epimvero
1251 595 1284 622 ad
1311 594 1410 622 seriem
1427 594 1562 621 orationis
1577 594 1726 621 institutam

942 644 1120 667 revertamur.
1144 639 1250 672 Nostra,
1267 640 1391 674 inquam,
1420 647 1507 672 eaque
1528 640 1620 667 verior
1636 639 1727 673 opinio

940 685 974 713 de
990 685 1111 719 corporis
1129 693 1191 712 cum
1217 686 1308 712 anima
1331 685 1526 720 conjunctione
1549 684 1662 719 simplex
1687 689 1728 711 est

940 734 1022 764 atque
1041 729 1195 763 perspicua.
1221 729 1328 764 Corpus
1351 729 1424 756 enim
1448 737 1481 756 ex
1499 729 1622 762 pulvere.
1638 729 1728 754 anima

941 779 1031 802 autent
1051 775 1119 802 citra
1132 775 1250 802 medium
1263 775 1347 801 ullum
1363 782 1378 801 a
1398 774 1453 801 Deo
1470 774 1639 809 producitur.
1652 773 1728 800 ldco—

941 827 994 854 que
1012 819 1129 846 uicimus
1144 819 1186 847 his
1208 819 1279 847 inter
1296 827 1324 846 se
1343 820 1494 853 copulatis,
1518 819 1617 846 animal
1643 826 1726 844 unum

940 865 1068 899 idemque
1097 866 1276 899 compositum
1301 866 1457 898 exstitisse;
1477 872 1538 898 quae
1562 864 1670 898 quidem
1685 868 1727 890 est

942 911 987 938 illa
1001 911 1153 944 personalis
1172 911 1270 942 unitio,
1288 911 1416 937 nimirum
1443 910 1581 937 cxsistcns
1597 909 1727 942 utrinque

942 961 1103 984 naturarum
1119 956 1289 983 diversarum
1309 957 1336 982 in
1361 964 1444 982 unum
1461 962 1619 982 concursus.
1639 954 1726 986 Quam

941 1011 998 1030 rem
1015 1003 1224 1034 Chrysostomus
1246 1002 1396 1033 admirans,
1416 1011 1424 1026 ι
1442 1000 1565 1033 Quonam
1577 1019 1585 1030 .
1616 1000 1702 1033 inquit
1718 1019 1725 1030 .

941 1053 1020 1083 pacto
1038 1048 1064 1075 in
1081 1048 1141 1075 alvo
1157 1053 1284 1075 materna
1297 1047 1434 1074 formatur
1454 1047 1546 1078 homo,
1566 1045 1612 1079 qui
1635 1045 1727 1072 subito

941 1094 1032 1121 anima
1054 1094 1175 1120 divinam
1193 1092 1401 1121 similitudinem
1416 1091 1537 1118 referens
1551 1091 1657 1117 exsistit
1674 1097 1726 1116 una

941 1146 1002 1165 cum
1019 1137 1158 1173 corpore?
1177 1146 1186 1164 ι
1217 1137 1267 1170 Qui
1292 1137 1411 1164 extraria
1437 1139 1523 1163 semet
1548 1134 1666 1162 efferunt
1681 1142 1727 1161 sa-

941 1183 1045 1219 pientia
1062 1204 1069 1216 ,
1097 1190 1159 1210 cum
1188 1182 1363 1211 formatorem
1383 1181 1502 1208 hominis
1523 1174 1726 1215 ignoraverint,

112 1238 175 1264 στην
197 1230 334 1264 ἠγνόησαν
349 1249 357 1262 ,
385 1229 431 1257 καὶ
454 1229 520 1264 περὶ
546 1229 596 1265 τὴν
627 1229 726 1255 πλάσιν
748 1229 835 1265 αὑτὴν
859 1229 887 1262 ἐξ

942 1229 1026 1256 etiam
1042 1227 1198 1256 necessario
1224 1227 1251 1254 in
1272 1228 1331 1262 ipsa
1357 1226 1417 1261 ejus
1435 1225 1597 1252 formatione
1619 1224 1728 1250 aberra-

111 1275 228 1309 ἀνάγκης
241 1273 410 1308 ἐσφάλησαν.
425 1273 492 1303 Ἀπὸ
506 1273 557 1308 γῆς
576 1273 625 1308 μὲν
644 1271 703 1305 οῦν.
715 1273 754 1304 ὠς
769 1274 887 1309 είρηιαι¹

941 1278 1014 1301 runt.
1024 1273 1072 1300 Est
1086 1273 1167 1308 igitur
1181 1280 1197 1300 e
1211 1277 1281 1300 terra
1297 1271 1396 1307 pulvis,
1413 1278 1474 1298 cum
1489 1270 1579 1297 anima
1594 1269 1629 1296 sit
1645 1276 1659 1295 a
1672 1269 1727 1296 Deo

108 1321 123 1345 6
136 1320 207 1355 χοῦς,
219 1320 250 1346 ικ
265 1319 334 1346 Θεοῦ
346 1319 375 1346 δὲ
395 1320 411 1355 ἡ
424 1319 509 1354 ψυχή.
522 1319 577 1346 Καὶ
591 1320 671 1346 τοῦτὸ
687 1320 761 1346 ἐστιν
776 1320 790 1346 ὅ
808 1328 887 1354 φησιν

939 1322 1071 1358 profecta.
1088 1320 1166 1354 Quod
1185 1320 1295 1356 quidem
1310 1319 1431 1346 imlicare
1452 1318 1543 1346 verbis
1559 1317 1602 1344 his
1617 1316 1726 1344 Litterae

107 1366 125 1401 ἡ
138 1364 241 1400 Γραφὴ,
261 1373 270 1390 α
287 1365 342 1391 Καὶ
356 1363 525 1399 ἐνεφύσησεν
540 1365 579 1396 είς
594 1365 624 1390 τὸ
640 1364 786 1399 πρόσωπον
805 1364 887 1392 αὐτοῦ

940 1375 1024 1395 sacrm
1039 1367 1135 1394 volunt
1159 1376 1166 1393 :
1187 1375 1196 1392 ι
1223 1366 1356 1400 Spiritum
1375 1363 1484 1391 vitalem
1505 1363 1532 1390 in
1552 1362 1648 1389 faciem
1667 1361 1726 1399 ejus

105 1410 189 1446 πνοὴν
205 1410 287 1453 ζωῆς,
311 1410 360 1436 καὶ
384 1410 496 1445 ἐγένετο
527 1411 540 1436 6
564 1409 708 1444 ἄνθρωπος
737 1409 777 1441 εἰς
801 1409 887 1444 ψυχὴν

941 1413 1094 1448 inspiravit,
1114 1419 1146 1440 ex
1165 1419 1220 1447 quo
1241 1412 1366 1439 animans
1389 1409 1504 1438 eﬂ'ectus
1518 1413 1570 1436 est.
1598 1417 1607 1434 ι
1622 1407 1726 1447 Quibus

104 1457 204 1489 ζῶσαν.
231 1465 240 1482 ι
263 1456 384 1491 Πρόσεχε
409 1455 467 1482 οὖν.
489 1454 607 1490 Εὔδηλον
624 1455 678 1490 γὰρ
704 1454 829 1482 ἐντεῦθεν
847 1456 887 1482 ὅτι

940 1470 972 1490 ex
987 1462 1088 1495 verbis,
1104 1461 1126 1489 si
1142 1461 1262 1488 animum
1278 1460 1416 1490 advertas.
1432 1459 1577 1494 perspicue
1589 1457 1726 1492 colligitur

105 1502 155 1537 μία
169 1501 210 1533 τίς
224 1501 298 1529 ἐστιν
315 1502 331 1537 ἡ
356 1500 429 1536 ψυχὴ
449 1501 580 1536 δυνάμεις
603 1501 704 1535 ἔχουσα
732 1501 886 1537 διαφόρους.

939 1516 1020 1535 unam
1037 1515 1096 1535 esse
1110 1507 1237 1540 animam,
1254 1506 1370 1534 diversis
1390 1504 1565 1533 facultatibus
1575 1503 1724 1538 praeditam.

103 1548 186 1575 ὐθεν
214 1549 262 1575 καὶ
288 1548 333 1576 διὰ
362 1549 463 1580 παντὸς
488 1549 538 1582 μὲν
565 1549 582 1584 ἡ
608 1548 672 1583 δίκη
688 1548 735 1575 τοῦ
751 1548 887 1584 σώματος,

942 1555 1002 1587 Quo
1022 1553 1052 1580 fit
1065 1556 1095 1579 ut
1113 1559 1162 1587 per
1177 1552 1335 1579 universum
1359 1558 1390 1578 se
1403 1557 1501 1584 corpus
1523 1549 1617 1580 didat,
1641 1552 1669 1574 ct
1683 1555 1726 1574 ra-

100 1594 219 1621 ἑκάστου
246 1594 274 1621 δὲ
298 1594 393 1629 μορίου
410 1593 587 1629 καταλλήλως
601 1593 764 1628 ἐφάπτεται.
784 1593 887 1620 Αὐτίκα

943 1599 1018 1626 tione
1040 1598 1176 1632 modoque
1192 1601 1375 1624 consentaneo
1394 1595 1523 1622 membris
1550 1592 1664 1628 singulis
1678 1599 1726 1626 ap-

99 1641 156 1676 γὰρ
177 1640 207 1666 τδ
231 1640 280 1674 μὲν
304 1639 421 1674 θυμικὺν
443 1640 528 1674 αὐτῆς
551 1640 581 1666 ὲν
601 1641 635 1675 τῇ
658 1639 758 1674 καρδίᾳ
780 1639 887 1673 λέγουσι

941 1644 1069 1679 plicetur.
1097 1631 1137 1669 Ae
1163 1650 1226 1678 pars
1241 1642 1351 1676 quidem
1376 1642 1436 1675 ejus
1459 1641 1502 1667 illa
1518 1647 1577 1673 qua:
1593 1639 1646 1665 vim
1672 1639 1726 1665 ira-
1745 1631 1748 1635 ’

99 1687 241 1713 ποιεῖσθαι
265 1685 313 1720 τὴν
342 1685 462 1720 οἴκησιν,
478 1685 508 1712 τδ
530 1685 558 1712 δὲ
575 1685 775 1720 ἐπιθυμητικὸν
790 1685 887 1720 ὁμοίως

941 1688 1034 1717 scendi
1052 1688 1185 1719 continet.
1208 1688 1299 1715 sedem
1322 1695 1398 1713 snam
1414 1687 1439 1712 in
1453 1685 1535 1713 corde
1549 1685 1634 1712 fertur
1652 1684 1723 1710 obti-

98 1734 130 1760 ἐν
154 1732 194 1767 τῷ
221 1732 318 1767 ἥπατι.
342 1732 374 1758 Ἢ
396 1731 424 1758 δὲ
447 1731 543 1767 λογικὴ
567 1731 653 1766 αὐτῆς
677 1731 791 1765 δύναμις
807 1730 889 1758 αὐτοῦ

97 1777 300 1813 καθαπτομένη
317 1776 365 1804 τοῦ
381 1777 535 1812 ἐγκεφάλου
561 1776 595 1803 δι’
618 1775 702 1803 αὑτοῦ
725 1776 781 1808 τοῖς
805 1777 890 1804 πᾶσιν

95 1824 254 1859 ιπιλάμπει
268 1824 314 1850 καὶ
328 1822 476 1850 δείκνυται.
493 1821 548 1849 Καί
560 1830 634 1853 τινες
648 1822 708 1856 μὲν,
722 1817 759 1847 ὧν
776 1818 816 1853 εἷς
831 1822 888 1848 ἐστι

92 1870 145 1896 καὶ
165 1868 375 1902 Ἀπολλινάριος
388 1868 403 1895 6
416 1867 465 1902 τῆς
481 1867 642 1900 Λαοδικείας
658 1867 825 1900 ἐπίσκοπος,
841 1868 888 1894 δύο

90 1915 261 1948 δοξάζουσιν
278 1915 325 1942 ἐπὶ
341 1914 387 1941 τοῦ
413 1914 558 1949 ἀνθρώπου
583 1913 683 1949 ψυχάς.
699 1913 768 1941 Καθ’
788 1914 887 1949 ἑαυτὴν

90 1961 154 1996 γὰρ
170 1959 244 1987 εἶναι
261 1960 371 1995 λέγουσι
384 1959 434 1995 τὴν
447 1959 569 1993 ἀλογίαν,
589 1959 655 1985 αὐτὸ
667 1959 769 1994 δηλαδὴ
782 1959 811 1985 τὸ
826 1959 887 1986 ἁλο-

87 2007 223 2042 γώτερον
239 2006 322 2042 μέρος
344 2005 393 2041 τῆς
418 2006 507 2040 ψυχῆς
523 2005 612 2040 ήμῶν,
628 2004 665 2037 ὡς
685 2005 781 2039 ἄλογον
797 2005 886 2040 ψυχὴν

86 2053 180 2080 οὖσαν
195 2053 246 2079 καὶ
271 2052 302 2079 οὐ
327 2052 409 2087 μέρος
435 2050 483 2086 τῆς
507 2051 631 2086 λογικῆς,
650 2051 756 2086 πρῶτον
778 2051 828 2086 μὲν
844 2051 885 2077 ὃτι

86 2099 143 2126 καὶ
165 2098 233 2125 καθ’
257 2098 358 2133 ἑαυτὴν
381 2097 410 2124 ἐν
423 2098 479 2127 τοῖς
496 2096 604 2130 ἀλόγοις
620 2095 702 2128 ζώοις
714 2096 882 2132 εὑρίσκεται,

84 2144 120 2176 ἐξ
133 2140 170 2170 οὗ
185 2143 268 2177 δῆλον
280 2143 321 2170 ὅτι
337 2143 429 2169 τελεία
449 2142 491 2173 τίς
507 2144 564 2168 ἐστι
578 2141 626 2167 καὶ
641 2141 671 2168 οὐ
689 2141 770 2176 μέρος
788 2140 883 2175 ἄλλης,

83 2188 143 2216 εἴθ’
164 2189 211 2216 ὅτι
227 2188 282 2218 τῶν
305 2188 488 2215 ἀτοπωτάτων
512 2187 570 2213 ἐστὶ
597 2187 647 2221 τῆς
667 2186 780 2220 λογικῆς
793 2185 883 2220 ψυχῆς

82 2236 183 2271 μέρος
209 2232 280 2260 εἶναι
302 2234 332 2260 τδ
362 2233 469 2266 ἄλογον.
492 2232 562 2258 Ἀλλ’
583 2229 654 2259 οὗτοι
673 2233 722 2267 μὲν
738 2231 822 2263 οὕτως
838 2231 885 2258 δύο

77 2279 260 2311 δοξάζουσιν
292 2278 337 2304 ἐπὶ
363 2277 410 2304 τοῦ
432 2277 576 2311 ἀνθρώπου
601 2277 701 2312 ψυχὰς,
724 2276 884 2312 ἐλέγχονται

75 2326 111 2352 δὲ
134 2325 175 2360 τῇ
192 2323 312 2359 λεγούσῃ
324 2323 384 2358 θείᾳ
399 2323 505 2358 Γραφῇ·
524 2333 533 2348 ι
552 2323 605 2350 Καὶ
628 2323 735 2356 ἐγένετο
750 2323 764 2349 ὁ
777 2322 883 2358 ἂνθρω-

74 2379 138 2402 aro;
166 2371 215 2400 είς
239 2369 327 2404 ψυχὴν
343 2368 443 2401 ζῶσαν·
464 2379 473 2394 ι
490 2369 551 2395 οὐδὲ
566 2369 619 2403 γὰρ
637 2367 713 2395 εἶπεν
728 2369 766 2400 είς
784 2368 883 2403 ψυχὰς,

71 2415 144 2442 ἀλλ’
163 2415 212 2446 εἰς
235 2415 324 2449 ψυχὴν
339 2414 439 2446 ζῶσαν.
459 2414 538 2440 ’Δλλὰ
550 2415 596 2440 καὶ
613 2414 748 2445 Πλωτίνος
762 2415 775 2440 6
791 2414 883 2448 σοφὸς,

69 2459 97 2496 ᾦ
113 2461 153 2497 δὴ
175 2461 231 2487 καὶ
251 2459 456 2495 ’Δπολλινάριος
482 2461 496 2486 6
517 2460 667 2491 Λαοδικεὺς
684 2460 881 2494 ἠκολούθησεν,

67 2509 108 2534 ἐκ
142 2505 243 2541 τριῶν
261 2505 336 2538 λέγει
361 2505 555 2540 συνεστηκέναι
569 2505 615 2531 τὸν
639 2505 792 2540 ἄνθρωπον,
809 2506 840 2531 ἐκ
853 2514 882 2532 τε

65 2552 140 2583 νοὸς
160 2551 220 2577 καὶ
244 2550 333 2585 ψυχῆς
353 2549 401 2576 καὶ
421 2545 558 2584 σώμαέος.
577 2550 656 2576 Ἀλλᾶ
680 2551 819 2577 κάνταῦθα
834 2557 883 2577 πε-

65 2596 246 2630 πλάνηταιι
263 2596 278 2622 6
296 2595 351 2630 γὰρ
363 2594 436 2627 νοῦς,
459 2595 531 2622 καθά
554 2604 636 2631 φησιν
660 2596 674 2622 ὁ
698 2596 784 2630 μέγας
802 2596 883 2622 Βασί-

62 2644 172 2675 λειος,
191 2639 354 2677 ταυτοῴυής
366 2642 423 2667 ἐστι
436 2643 468 2676 τῇ
483 2641 567 2677 ῲυχῇ,
581 2642 627 2668 καὶ
642 2642 769 2676 καθάπερ
783 2642 883 2676 ὀφθαλ-

60 2688 126 2723 μὸς
158 2689 194 2713 ἐν
222 2687 341 2721 σώματι,
356 2686 428 2714 οὕτω
445 2687 493 2714 καὶ
509 2688 523 2714 6
539 2687 599 2719 νοῦς
619 2689 649 2714 ὲν
665 2688 732 2723 αὐτῇ
749 2689 781 2723 τῇ
796 2688 880 2723 ψυχῇ.

57 2735 105 2761 Τὸ
124 2734 197 2769 γὰρ
213 2734 422 2768 καθαριώτερεν
439 2735 484 2761 καὶ
499 2735 665 2770 κμριώτερον
691 2736 773 2771 μέρος
796 2736 882 2770 αὐτῆς

58 2780 138 2811 ἀοῦς
176 2779 390 2813 ἐπονομάζεται
403 2787 411 2795 ο
431 2780 497 2807 καθὸ
521 2780 555 2815 δὴ
571 2780 619 2807 καὶ
641 2781 722 2816 νοερὰ
737 2781 846 2815 λέγεται
863 2783 879 2816 ἡ

55 2825 114 2851 τοῦ
150 2825 316 2860 ἀνθρώπου
332 2824 467 2864 ψυχὴητῇ
487 2825 594 2861 μεθέξει
613 2827 721 2859 πάντως
737 2827 819 2854 αὑτοῦ
833 2827 880 2854 τοῦ

52 2871 142 2902 νοὸς.

900 2215 923 2245 D

940 1740 1017 1764 nere,
1034 1732 1120 1759 altera
1141 1739 1205 1758 vero
1219 1738 1272 1765 qua
1292 1730 1524 1764 concupiscimus,
1542 1729 1568 1754 in
1580 1727 1703 1761 jccinore
1716 1747 1723 1757 .

940 1779 994 1814 ⁷ο
1011 1778 1089 1805 tertia
1103 1797 1110 1808 ,
1141 1784 1202 1812 quae
1229 1777 1344 1804 rati0nis
1363 1775 1478 1803 facultas
1493 1779 1552 1804 est,
1568 1773 1594 1800 in
1611 1773 1724 1800 cerebro

940 1825 991 1853 sita
1003 1832 1051 1859 per
1067 1823 1093 1851 id
1107 1823 1235 1851 omnibus
1250 1830 1311 1850 sese
1326 1822 1455 1850 declarat.
1474 1820 1543 1847 Sunt
1561 1819 1642 1845 etiam
1654 1825 1725 1845 non-

939 1871 1018 1898 nulli.
1034 1878 1150 1905 quorum
1169 1874 1210 1897 est
1235 1869 1262 1896 in
1279 1876 1392 1897 numero
1411 1865 1594 1902 Apollinarius
1609 1865 1723 1892 antistes

938 1916 1089 1948 Laodiceae,
1103 1916 1148 1950 qui
1161 1915 1266 1942 animas
1276 1915 1302 1941 in
1318 1914 1428 1940 homine
1441 1913 1509 1940 duas
1525 1918 1584 1939 esse
1599 1909 1721 1938 tradunt.

938 1960 1039 1989 Volunt
1068 1954 1140 1988 enim
1164 1958 1341 1994 peculiariter
1355 1962 1383 1985 et
1395 1963 1517 1985 seorsum
1530 1955 1593 1984 esse
1615 1959 1721 1990 partem

938 2007 1001 2035 vita:
1027 2011 1127 2034 nostra!
1142 2006 1252 2033 brutam
1276 2012 1307 2031 ac
1333 2003 1448 2030 rationis
1478 2006 1629 2036 expertem,
1648 2000 1723 2027 velut

936 2053 1054 2081 animam
1080 2051 1225 2087 quamdam
1242 2049 1355 2077 minime
1374 2048 1544 2079 rationalem,
1561 2053 1674 2081 quaeque
1687 2052 1723 2072 ne

935 2106 999 2134 pars
1014 2097 1123 2132 quidem
1142 2096 1179 2124 sit
1191 2095 1333 2130 rationalis
1344 2095 1451 2121 animat.
1467 2092 1494 2120 Id
1511 2092 1629 2127 primum
1642 2099 1674 2119 ex
1689 2098 1723 2118 eo

935 2148 1060 2172 statuunt
1075 2163 1083 2174 .
1116 2142 1188 2178 quod
1217 2141 1274 2168 haec
1300 2139 1473 2176 peculiariter
1498 2145 1530 2165 ac
1553 2145 1676 2171 seorsum
1694 2136 1722 2164 in

935 2189 1025 2216 brutis
1042 2187 1123 2215 etiam
1153 2186 1319 2221 reperiatur.
1347 2185 1383 2212 De
1402 2191 1455 2219 quo
1474 2179 1605 2217 consequi
1627 2182 1722 2209 volunt

936 2241 998 2262 esse
1012 2234 1100 2268 ipsam
1118 2231 1278 2267 perfectam,
1294 2238 1350 2257 non
1365 2231 1470 2265 partem
1486 2229 1606 2256 alterius.
1620 2227 1721 2254 Deinde

935 2283 1079 2314 propterea
1101 2276 1173 2311 quod
1193 2276 1310 2303 maxime
1321 2276 1357 2302 sit
1366 2275 1512 2302 absurdum
1527 2274 1623 2300 anima:
1638 2273 1723 2299 ratio-

934 2324 1002 2351 nalis
1021 2328 1126 2358 partcm
1144 2329 1204 2350 esse
1217 2322 1243 2349 id
1260 2321 1332 2356 quod
1355 2320 1469 2347 rationis
1482 2326 1580 2354 expers
1592 2319 1627 2346 sit
1641 2323 1722 2353 atque

935 2371 1056 2398 brutum.
1071 2369 1117 2396 Sic
1130 2369 1156 2396 hi
1185 2369 1253 2396 duas
1280 2368 1308 2394 in
1337 2366 1448 2394 homine
1470 2367 1573 2393 animas
1584 2372 1631 2392 sua
1663 2365 1723 2399 qui-

933 2417 995 2444 dem
1028 2415 1157 2450 opinione
1186 2414 1367 2441 constituunt.
1388 2411 1490 2439 Verum
1528 2419 1576 2446 per
1606 2410 1721 2438 Litteras

934 2469 1026 2490 sacras
1039 2461 1205 2492 refutantur,
1217 2467 1329 2495 quarum
1346 2459 1405 2486 haec
1418 2458 1499 2485 verba
1513 2461 1594 2484 sunt:
1609 2465 1618 2482 ι
1635 2456 1720 2483 Homo

934 2508 1021 2535 factus
1034 2511 1077 2535 est
1091 2506 1118 2533 in
1146 2505 1263 2533 animam
1277 2505 1393 2532 vivam.»
1409 2503 1468 2531 Non
1484 2504 1556 2530 enim
1573 2503 1650 2530 aiunt
1664 2512 1671 2530 :
1688 2503 1717 2530 ln
1755 2513 1759 2516 ·

934 2553 1050 2585 animas,
1071 2552 1130 2585 sed,
1152 2561 1162 2577 ι
1181 2552 1208 2578 in
1237 2551 1355 2578 animam
1383 2550 1483 2577 vivam.
1505 2558 1515 2575 ι
1544 2548 1721 2576 Doctissimus

935 2599 1018 2635 etiam
1035 2590 1234 2630 Plotinus‘ille,
1253 2603 1334 2631 quem
1351 2594 1525 2622 Laodicensis
1538 2594 1720 2629 Apollinarius

933 2649 1044 2674 secutus
1059 2647 1112 2675 est,
1137 2643 1276 2670 hominem
1302 2642 1336 2669 de
1349 2641 1436 2669 tribus
1450 2641 1525 2668 hisce
1543 2639 1624 2667 tradit
1647 2637 1720 2665 exsi-

933 2697 1018 2722 stere,
1043 2690 1173 2717 nitnirum
1190 2693 1294 2722 mente,
1320 2687 1422 2720 anima,
1439 2694 1563 2722 corpore.
1587 2684 1644 2717 Qua
1661 2683 1718 2718 ipsa

933 2737 960 2764 in
983 2737 1113 2772 opinione
1129 2735 1307 2763 consimiliter
1330 2734 1444 2761 fallitur.
1472 2733 1548 2760 Meus
1572 2731 1663 2761 enim,
1690 2734 1720 2757 ut

933 2790 1048 2818 magnus
1063 2782 1108 2809 ille
1123 2781 1240 2809 Basilius
1253 2781 1351 2815 inquit,
1368 2779 1489 2815 ejusdem
1498 2781 1539 2805 est
1554 2785 1615 2804 cum
1627 2776 1718 2804 anima

933 2833 1036 2856 natura:
1050 2837 1056 2860 ;
1069 2828 1197 2863 quodque
1220 2825 1326 2861 corpori
1342 2825 1437 2852 oculus
1453 2828 1505 2857 est,
1520 2824 1571 2851 l.oc
1588 2830 1666 2851 mens
1676 2825 1718 2851 cst

933 2875 1038 2903 animus.
