1957 3073
192 140 238 174 151

812 141 1022 172 MICIIAELIS
1042 142 1173 172 GLYCE

1760 137 1817 169 152'

227 198 294 226 Nam
310 206 370 232 qua-
387 205 450 233 pars
466 198 564 226 anima:
584 198 678 234 purior
693 203 736 226 est
749 206 781 225 ac
796 199 984 234 principalior,

1076 200 1131 228 Καὶ
1148 199 1256 233 ἐγένετο
1281 199 1295 225 ὁ
1318 197 1462 233 ἄνθρωπος
1477 197 1518 229 εἰς
1534 196 1624 232 ψυχὴν
1639 195 1739 228 ζῶσαν.
1759 194 1819 222 Ἐν-

190 253 221 273 ea
240 251 317 271 mens
329 244 492 278 appellatur,
513 244 584 271 sicut
599 244 719 271 hominis
736 244 827 271 anima
841 245 941 272 mentis
953 245 977 271 vi

190 291 303 327 prmdita
319 290 430 324 dicitur,
449 290 520 317 haud
539 290 620 318 dubie
646 294 789 325 propterea
811 290 883 325 quod
901 298 978 317 men-

191 337 226 362 tis
242 335 278 362 sit
293 335 440 370 particeps.
464 336 534 362 Hinc
549 342 664 362 exorsus
677 335 787 363 divinus
804 336 850 363 ille
866 336 980 363 Basilius

190 385 287 409 noster
299 381 356 409 haec
371 390 453 416 porro
467 381 501 408 de
516 381 607 408 anima
627 386 844 409 commemorat:
863 390 872 407 ι
886 381 980 417 Dupli-

191 435 250 454 cem
264 435 314 460 ego
331 427 488 454 facultatem
506 427 603 454 animat
620 431 720 460 statuo,
735 435 796 454 cum
810 427 866 462 ipsa
879 427 914 454 sit
927 434 981 454 una

194 474 341 500 eteadem.
358 473 458 500 Harum
475 473 559 505 altera
582 474 706 508 corporis
721 479 773 503 est,
791 473 920 500 nimirum
939 473 982 500 vi-

192 518 263 549 tal.s,
292 518 376 544 altera
400 517 610 552 coutemplatrix
636 525 737 549 rerum,
758 525 839 552 quam
857 523 884 544 et
901 517 982 544 intel-

192 563 321 597 ligentem
349 571 490 590 vocamus.
522 563 656 595 Vitalem,
689 564 810 597 quandiu
837 564 983 598 conjuncta

192 609 301 642 corpori
322 614 365 635 est
379 609 468 636 anima
483 628 491 640 ,
523 614 635 644 propter
655 610 741 645 ipsam
770 614 983 644 temperaturam

193 654 292 681 borum
322 654 494 687 naturaliter,
516 662 572 682 non
599 663 632 682 ex
662 655 798 683 electione
818 655 983 689 suppeditat.

193 698 412 734 Contemplatrix
428 699 542 727 facultas
558 700 584 727 in
601 700 736 728 electione
754 700 922 734 consilioque
937 708 985 735 po-

192 744 275 772 situm
288 750 395 772 motum
412 745 503 772 habet.
519 755 529 772 ι
548 745 609 773 Haec
624 746 733 774 divinus
754 746 835 773 etiam
854 745 985 772 Maximus

194 791 240 817 ille
256 791 413 823 declarans,
429 791 501 818 illam
513 792 612 818 anima:
622 796 737 826 partem,
751 800 812 826 qua:
828 792 920 827 purior
933 796 984 823 est,

193 836 368 864 all'ectionum
393 842 532 872 expertem
550 844 582 864 ac
611 837 802 865 indivisibilem
814 845 877 865 esse
897 837 983 870 dicit,

194 890 295 917 resque
315 882 415 910 utentis
432 883 610 918 intelligentia
625 887 732 910 tantum
750 883 984 918 compreltensiles
1000 870 1020 898 Β

194 927 276 954 modo
292 929 376 954 menti
389 933 577 955 consentanea
588 928 812 962 percipere,cum
825 927 910 955 altera
922 934 984 962 pars

192 973 300 1005 animae,
316 973 505 1001 allectionibus
519 973 636 1000 obnoxia
648 978 672 1001 et
689 973 846 1005 divisibilis,
864 981 925 1008 quae
943 973 985 999 ni—

192 1021 296 1047 mirum
322 1020 350 1047 itt
368 1027 465 1048 sensus
480 1019 620 1052 dividitur.
633 1020 742 1055 corpori
762 1020 866 1048 dolenti
880 1020 984 1047 condo-

194 1067 260 1100 leat,
272 1071 300 1094 et
311 1067 406 1094 eodem
426 1066 593 1102 voluptatem
612 1066 737 1102 capiente
749 1066 902 1101 Voluptatis
912 1066 985 1100 ejus-

194 1113 257 1140 dem
274 1113 413 1148 particeps
434 1112 490 1140 ﬁat.
513 1112 620 1140 Etenim
642 1112 745 1145 anima,
760 1112 832 1141 sicut
847 1117 875 1139 et
888 1111 987 1147 Nysse-

194 1166 248 1186 nus
266 1158 380 1186 antistes
395 1158 518 1193 scripsit,
536 1166 585 1193 per
601 1165 700 1186 sensus
715 1165 864 1193 corporeos
878 1166 941 1185 cum
954 1158 986 1186 iis

193 1212 255 1240 qua:
270 1205 297 1231 in
315 1204 456 1232 hominum
479 1205 533 1232 vita
547 1204 667 1239 jucunda
687 1210 751 1232 sunt
763 1204 841 1239 quasi
858 1204 987 1231 coalescit

196 1256 223 1278 et
238 1251 427 1286 coniungitur.
441 1251 542 1278 Rerum
556 1256 709 1278 exterarum
726 1256 753 1278 et
768 1258 920 1278 crassarum
932 1250 988 1278 ele-

195 1297 286 1331 gantia
312 1305 361 1332 per
380 1297 472 1325 oculos
494 1297 655 1327 oblectatur.
674 1305 722 1332 per
741 1304 820 1324 aures
842 1296 868 1324 in
890 1296 987 1324 attditu

194 1343 317 1378 jucunda
335 1343 510 1377 ptopendet,
537 1343 687 1377 itidemque
714 1343 742 1369 in
766 1343 878 1378 reliquis
905 1351 986 1370 sensu

195 1388 320 1424 quivlihet
333 1388 459 1416 allieitur.
479 1389 530 1424 71
551 1388 606 1416 liae
621 1389 654 1416 de
668 1396 751 1415 causa
765 1388 884 1416 Joannes
905 1389 986 1416 etiarn

200 1434 385 1460 Damascenus
404 1438 507 1468 partem
526 1434 623 1461 anima:
641 1434 754 1462 rationis
771 1439 911 1469 expertem
927 1442 987 1461 ma-

197 1479 322 1512 ximepte
334 1479 440 1506 brutam
457 1479 646 1506 allectionibus
662 1487 723 1506 esse
744 1479 826 1506 tradit
841 1479 986 1507 obnoxiam

198 1529 224 1552 et
242 1525 456 1559 concupiscendi
474 1525 528 1552 vim
553 1525 664 1552 habere.
688 1525 758 1552 Sunt
780 1525 902 1561 ejusdem
930 1526 1023 1569 hinec

199 1578 309 1605 quoque
325 1571 407 1598 verba
425 1579 432 1596 :
455 1580 465 1597 ι
482 1571 551 1598 Cum
569 1570 686 1599 allicitur
703 1571 793 1598 anima
815 1572 841 1599 in
863 1571 985 1600 sectione

199 1617 334 1651 corporis,
362 1617 419 1651 ipsa
439 1617 549 1652 quidem
569 1626 624 1648 non
641 1624 751 1646 secatur
765 1619 805 1646 uti
818 1626 927 1654 corpus.
942 1618 988 1646 sed

199 1662 380 1690 nihilominus
395 1662 419 1690 ei
437 1663 564 1691 condolet
578 1671 610 1691 ac
624 1671 685 1691 eum
710 1663 831 1699 patiente
847 1663 961 1699 patitur.
977 1673 987 1690 ›

201 1708 266 1736 Inde
293 1708 321 1735 lit
337 1713 367 1735 ut
390 1716 550 1736 communes
573 1709 630 1737 sint
651 1710 747 1737 animte
762 1710 925 1746 corporique
941 1718 991 1738 vo-

200 1755 333 1789 luptates,
348 1762 408 1789 qua:
425 1755 459 1782 de
478 1756 665 1791 complexibus
680 1760 708 1784 et
725 1757 849 1785 ciborum
863 1757 992 1785 fruitione

200 1800 402 1835 percipiuntur,
420 1801 492 1828 sicut
516 1802 589 1830 idem
615 1803 705 1838 inquit
719 1811 726 1830 :
742 1807 771 1830 at
786 1811 846 1838 qutc
860 1803 896 1831 de
909 1803 992 1831 disci-

201 1847 288 1882 plinis
304 1847 463 1874 liberalibus
486 1849 686 1876 oblectationes
705 1850 879 1884 proveniunt,
894 1850 993 1878 animae

202 1890 252 1918 soli
271 1891 424 1925 peculiares
449 1897 533 1925 sunt,
553 1901 616 1921 cum
640 1894 793 1929 voluptates
817 1895 925 1930 corpori
943 1895 994 1923 soli

201 1935 355 1970 peculiares
370 1936 451 1964 nulla:
466 1938 648 1972 reperiantur.
666 1938 734 1968 Esse
750 1945 841 1968 autem
859 1940 886 1968 in
902 1941 993 1968 anima

203 1985 307 2015 partem
326 1982 471 2016 quamdam
485 2003 494 2016 ,
526 1992 588 2019 quae
612 1983 681 2012 allici
709 1986 819 2022 patique
839 1987 946 2021 possit,
967 1991 997 2014 et.

203 2035 253 2061 per
277 2035 359 2062 quam
375 2029 484 2063 corpori
510 2029 625 2064 patienti
651 2030 690 2058 sic
712 2031 904 2066 compatiatur,
921 2036 951 2059 ut
969 2037 996 2059 et

203 2078 320 2108 angatur
335 2079 363 2100 et
378 2078 494 2102 maereat
516 2079 544 2102 et
557 2075 678 2111 reliquas
697 2076 855 2104 afﬁctiones
869 2078 995 2112 experia-

204 2121 259 2148 tur,
287 2117 389 2151 quibus
417 2117 537 2144 obnoxia
565 2123 628 2153 post
655 2119 759 2154 lapsqu
775 2127 837 2147 esse
853 2121 946 2155 cmpil,
962 2121 996 2149 de

204 2162 292 2198 ipsius
303 2162 412 2191 Domini
429 2163 522 2191 verbis
539 2163 652 2198 intelligi
670 2169 759 2200 potest
775 2174 781 2192 :
799 2175 808 2191 ι
823 2165 920 2193 Anima
933 2174 992 2194 mea

152 2206 153 2209 “
205 2208 287 2236 modo
309 2209 468 2244 perturbata
489 2213 532 2237 est
547 2210 579 2236 ".
600 2219 608 2236 ι
626 2210 694 2238 Nam
709 2216 812 2239 sanctae
834 2211 922 2246 ipsius
940 2212 1000 2239 ani-
1015 2203 1037 2232 ι)

205 2262 266 2288 mze,
285 2254 357 2282 sicut
379 2259 406 2282 ct
417 2255 537 2290 corpori,
553 2263 715 2284 concessum
732 2256 783 2284 hoc
799 2261 870 2290 erat,
889 2262 918 2284 ut
930 2266 1000 2285 non-

206 2308 346 2336 tumquam
369 2309 400 2329 ea
430 2305 632 2336 perpeteretur,
661 2309 721 2337 qua:
753 2302 862 2338 utrique
890 2304 999 2338 propria

206 2350 283 2374 sunt.
298 2347 429 2382 Adeoque
444 2347 555 2375 tnodum
580 2348 742 2376 inanitionis
755 2348 857 2383 ubique
869 2350 998 2383 servavit,

205 2393 436 2428 quemadmodum
455 2394 496 2421 vir
513 2393 702 2422 divinissimus
726 2393 843 2429 Cyrillus
866 2395 999 2430 loquitur.

207 2437 263 2466 Nec
281 2443 373 2466 tamen
391 2440 552 2468 allectiones
569 2440 628 2467 ista!
642 2441 676 2467 ab
693 2440 772 2467 initio
785 2447 847 2468 cum
859 2441 999 2468 hominum

207 2489 305 2512 natura
322 2485 439 2512 condita:
456 2490 532 2518 sunt,
557 2485 605 2514 sed
632 2486 788 2521 posterius,
815 2492 844 2514 ut
865 2485 999 2515 Maximus

207 2531 339 2566 loquitur,
356 2532 537 2567 irrepserunt,
556 2541 588 2560 ne
609 2538 721 2568 propter
743 2533 918 2562 amissionem
936 2541 998 2569 per-

209 2577 336 2605 fectionis
365 2577 403 2604 illi
432 2582 538 2605 natura
555 2578 624 2614 parti
654 2579 829 2606 adha‘serunt
845 2586 906 2613 qua!
922 2579 1002 2607 bruta

207 2629 250 2652 est
269 2632 301 2652 ac
327 2625 441 2652 rationis
456 2632 564 2660 expers.
583 2624 676 2651 Tradit
692 2624 734 2651 his
754 2629 938 2652 consentanea
953 2625 1003 2653 Ba-

209 2669 488 2706 siliusquoque,cum
501 2671 540 2697 ait
556 2679 563 2697 :
583 2670 745 2698 «Considera
763 2670 899 2706 mihiquze
909 2677 1002 2699 mutua

209 2717 246 2744 sit
265 2716 375 2745 allec-tio
388 2717 421 2744 de
435 2723 518 2744 carne
528 2716 560 2744 ad
572 2717 691 2743 animam
707 2721 864 2751 penetrans,
879 2716 924 2751 qui
941 2725 1002 2744 cur-

211 2770 260 2797 pus
275 2763 310 2791 ab
333 2764 425 2791 anima
449 2763 533 2791 vitam
553 2762 693 2798 accipiat,
717 2767 746 2791 et
772 2763 892 2790 vicissim
910 2763 998 2791 anima

251 2858 273 2874 "
286 2858 364 2887 .luau.
383 2868 432 2891 xu,
451 2860 490 2888 l7.

1030 246 1125 274 τεῦθεν
1141 243 1188 273 οὖν
1203 243 1363 278 ὁρμώμενος
1379 243 1393 269 ὁ
1407 237 1565 277 διαληφθεὶς
1582 241 1653 272 θεῖος
1667 240 1738 275 ἀνὴρ
1756 239 1820 274 περὶ

1029 293 1119 328 ψυχῆς
1132 291 1180 318 καὶ
1195 291 1257 317 τάδε
1283 289 1397 322 διέξεισι
1407 297 1415 304 ¹
1435 299 1444 315 ι
1462 288 1561 322 Διττὴν
1578 287 1668 320 ἔγωγε
1679 284 1758 321 οἶμαι
1770 285 1820 320 τὴν

1031 338 1147 371 δύναμιν
1159 336 1208 369 τῆς
1222 334 1314 370 ψυχῆς
1329 334 1400 361 εἶναι
1419 334 1484 369 μιᾶς
1499 333 1548 360 καὶ
1564 334 1614 366 τῆς
1631 332 1715 366 αὐτῆς
1734 331 1821 365 ὕπαρ-

1031 384 1143 420 χούσης,
1159 383 1209 417 τὴν
1225 382 1274 416 μὲν
1289 380 1335 408 τοῦ
1354 381 1482 415 σώματος
1502 380 1632 414 ζωτικὴν,
1652 379 1702 413 τὴν
1717 378 1746 405 δὲ
1762 378 1820 405 ἑτέ-

1033 441 1083 467 ραν
1101 432 1155 458 τῶν
1182 430 1267 457 ὄντων
1286 429 1472 465 θεωρητικὴν.
1491 428 1525 464 ἢν
1544 427 1577 462 δὴ
1591 427 1638 454 καὶ
1651 426 1748 462 νοεράν
1763 425 1822 452 ὀνο-

1034 478 1169 512 μάζομεν.
1202 474 1285 502 ’Δλλά
1309 474 1360 510 τὴν
1383 474 1432 508 μὲν
1458 473 1578 508 ζωτικὴν
1603 473 1738 508 δύναμιν,
1761 472 1823 498 ἐπεὶ

1034 522 1225 556 συγκέκραται
1241 520 1279 555 τῷ
1296 519 1416 554 σώματι,
1434 520 1451 554 ἠ
1467 519 1542 554 ψυχὴ
1567 519 1692 552 φυσικῶς
1711 518 1756 545 διὰ
1773 517 1823 552 τὴν

1034 566 1187 600 σύγκρασιν
1202 567 1252 592 οὐκ
1269 566 1302 592 ἐκ
1330 565 1517 600 προαιρέσεως
1540 566 1664 599 χορηγεῖ¹
1682 565 1698 599 ὴ
1713 564 1741 590 δὲ
1758 563 1825 590 θεω-

1035 611 1134 646 ρητικὴ
1160 610 1276 645 δύναμις
1299 611 1328 636 ὲν
1349 610 1512 645 προαιρέσει
1527 609 1577 645 τὴν
1597 609 1705 644 κίνησιν
1719 608 1787 644 ἔχει.
1812 617 1821 633 t

1034 654 1129 682 Ταῦτα
1147 655 1197 690 μὲν
1213 652 1260 681 οὖν
1276 654 1326 680 καὶ
1341 655 1354 680 6
1368 652 1505 685 θειότατος
1528 653 1751 688 ἑπεξηγούμενος
1766 653 1826 679 Μά-

1035 701 1113 736 ξιμος
1137 701 1168 727 τὸ
1193 700 1243 735 μὲν
1262 701 1313 735 τῆς
1337 699 1437 735 ψυχῆς,
1457 700 1471 726 δ
1485 700 1517 735 δὴ
1542 699 1590 726 καὶ
1613 699 1821 733 καθαρώτερον,

1035 747 1141 778 ἀπαθές
1161 755 1227 781 φησι
1245 746 1292 772 καὶ
1308 746 1469 780 ἀμέριστον,
1484 745 1590 779 νοητῶς
1611 745 1645 771 τὰ
1661 745 1746 780 νοητὰ
1760 744 1823 771 δια-

1035 792 1191 828 νοούμενον,
1206 793 1237 818 τὸ
1254 792 1288 825 λδὲ
1308 792 1357 826 τῆς
1373 791 1465 826 ψυχῆς
1481 791 1604 826 παθητὸν
1618 791 1667 817 καὶ
1685 790 1824 825 μεριστόν·

1035 839 1049 866 ὃ
1063 839 1095 873 δὴ
1110 839 1158 866 καὶ
1172 840 1232 870 ταῖς
1258 838 1408 873 αἰσθήσεσι
1434 837 1614 873 μεριζόμενον
1630 837 1761 870 συναλγεῖ
1777 836 1827 871 μὲν

1035 882 1212 918 ὰλγυνομένῳ
1231 881 1270 916 τῷ
1294 882 1415 916 σώματι,
1432 881 1591 917 ἡδυνομένῳ
1617 881 1640 908 δ’
1657 879 1689 908 αὖ
1715 881 1828 916 συνηδύ-

1035 936 1120 955 νεταιο
1145 927 1305 962 συμφύεται
1332 928 1398 962 γὰρ,
1413 927 1451 959 ὡς
1475 928 1626 963 εἴρηται,ὴ
1653 927 1737 962 ψυχὴ,
1755 927 1828 954 καθὰ

1035 975 1067 1010 δὴ
1085 974 1133 1001 καὶ
1148 975 1162 1001 6
1179 973 1291 1009 Νύσσης
1308 974 1386 1009 φησὶ,
1405 973 1451 1000 διὰ
1470 974 1525 1000 τῶν
1551 973 1717 1008 σωματικῶν
1733 973 1829 1008 αἰσθή-

1036 1029 1106 1047 σεων
1125 1020 1195 1056 πρὸς
1211 1021 1246 1048 τὰ
1269 1021 1335 1056 ἡδέα
1363 1020 1410 1047 τοῦ
1424 1019 1494 1056 βίου.
1511 1020 1550 1055 Τῇ
1569 1019 1626 1054 γὰρ
1649 1019 1763 1055 εὐχροεᾳ
1777 1021 1828 1054 τῆς

1037 1066 1105 1101 ὕλης
1123 1067 1169 1093 διὰ.
1187 1066 1241 1094 τῶν
1268 1065 1418 1100 ὀφθαλμῶν
1435 1065 1626 1101 ἐπιτέρπεται,
1641 1065 1689 1093 καὶ
1706 1067 1739 1101 τῇ
1758 1066 1827 1101 ἀκοῇ

1036 1113 1106 1149 πρὸς
1126 1113 1160 1140 τὰ
1186 1112 1254 1148 ἡδέα
1276 1112 1331 1139 τῶν
1358 1111 1541 1147 ἀκουσμάτων
1563 1112 1614 1147 τὴν
1643 1111 1729 1147 ῥοπὴν
1757 1111 1827 1147 ἔχει,

1038 1160 1091 1186 κάν
1117 1159 1175 1189 τοῖς
1200 1159 1307 1190 λοιποῖς
1331 1158 1432 1192 ὁμοίως
1460 1158 1565 1195 ἑκάστῃ
1589 1158 1645 1185 τῶν
1675 1158 1830 1194 αἰσθήσεων

1038 1204 1255 1232 συνδιατιθεται.
1267 1204 1343 1231 Κατὰ
1355 1205 1435 1231 τοῦτο
1446 1204 1493 1232 καὶ
1506 1206 1520 1231 6
1535 1205 1715 1240 Δαμασκηνὸς
1735 1205 1830 1232 Ἰωάν-

1037 1258 1087 1285 νης
1103 1249 1180 1284 έλεγε
1193 1250 1224 1277 τδ
1242 1250 1415 1285 ἀλογώτερον
1440 1250 1523 1286 μέρος
1542 1250 1591 1285 τῆς
1605 1251 1692 1286 ψυχῆς
1707 1251 1829 1286 παθητὸν

1038 1294 1110 1324 εἶναι
1126 1297 1172 1323 καὶ
1183 1296 1335 1331 ὀρεκτικόν.
1352 1297 1409 1324 Καὶ
1423 1295 1503 1329 αὖθις
1520 1298 1537 1332 ὴ
1552 1297 1625 1333 ψυχὴ
1637 1298 1746 1333 παθητὴ
1762 1295 1830 1324 οὖσα

1038 1342 1085 1370 τοῦ
1112 1342 1239 1377 σώματος
1264 1343 1434 1377 τεμνομένου
1460 1343 1531 1378 αὑτὴ
1553 1343 1602 1378 μὲν
1630 1343 1661 1369 οὺ
1684 1343 1828 1377 τέμνεται,

1038 1388 1110 1416 καθὰ
1125 1388 1157 1423 δὴ
1174 1388 1274 1414 καὶιτὺ
1299 1388 1390 1423 σῶμα,
1407 1389 1539 1422 συναλγεῖ
1559 1389 1588 1415 δὲ
1606 1389 1679 1423 ὅμως
1699 1389 1745 1415 καὶ
1760 1396 1830 1423 συμ-

1039 1434 1145 1468 πάσχει
1171 1433 1211 1468 τῷ
1239 1433 1383 1466 πάσχοντι.
1412 1433 1510 1460 Ἔνθεν
1538 1442 1579 1460 τοι
1600 1435 1647 1461 καὶ
1674 1434 1763 1460 κοιναὶ
1780 1433 1830 1469 μὲν

1039 1479 1135 1515 ἡδοναὶ
1152 1479 1242 1513 ψυχῆς
1264 1480 1311 1506 καὶ
1332 1478 1460 1514 σώματος
1485 1480 1513 1506 αἱ
1536 1479 1591 1506 ἀπὸ
1605 1479 1660 1506 τῶν
1677 1479 1831 1514 συναφειῶν

1039 1525 1086 1552 καὶ
1105 1524 1160 1551 τῶν
1182 1524 1322 1559 ἐδωδίμων
1345 1524 1498 1559 γινόμεναι,
1518 1525 1555 1557 ὡς
1580 1526 1593 1551 6
1606 1525 1764 1560 διαληφθεὶς
1778 1525 1830 1560 ἔφη

1043 1570 1115 1602 θεῖος
1134 1570 1214 1605 ἀνήρ⁹
1233 1569 1262 1596 αι
1285 1570 1314 1596 δὲ
1337 1570 1390 1596 ἀπὸ
1406 1569 1459 1596 τῶν
1477 1569 1652 1605 μαθημάτων
1669 1571 1723 1605 ἰδίᾳ
1744 1571 1830 1605 μόνης

1040 1615 1094 1643 εἰσὶ
1109 1616 1160 1650 τῆς
1175 1615 1277 1651 ψυχῆς,
1297 1615 1380 1650 μόνου
1406 1615 1435 1642 δὲ
1465 1615 1591 1651 σώματος
1613 1616 1712 1651 ἡδονὰς
1735 1616 1786 1643 οὐκ
1799 1616 1832 1643 ἀν

1043 1671 1086 1694 τις
1101 1661 1170 1697 εὕρῃ
1185 1661 1262 1689 ποτέ.
1282 1661 1344 1688 Ὅτι
1360 1662 1388 1688 δὲ
1400 1661 1448 1688 καὶ
1460 1661 1583 1697 παθητὸν
1603 1663 1685 1697 μέρος
1698 1662 1832 1698 κέκτηται

1040 1709 1057 1744 ἡ
1086 1707 1172 1744 ψυχὴ,
1194 1707 1228 1734 δι’
1245 1704 1275 1734 οὗ
1297 1706 1462 1743 συμπάσχεί
1483 1708 1523 1743 τῷ
1547 1708 1654 1743 σώματι
1676 1709 1808 1744 πάσχοντι
1822 1731 1830 1743 ,

1041 1754 1191 1782 κάντεῦθεν
1219 1754 1396 1790 ἁδημονεῖται
1419 1755 1467 1782 καὶ
1493 1754 1620 1782 λυπεῖται
1635 1755 1683 1783 καὶ
1701 1756 1735 1782 τά
1750 1756 1833 1783 λοιπὰ

1041 1800 1117 1836 πάθη
1144 1799 1252 1835 δέχεται
1269 1797 1309 1831 οἷς
1337 1801 1407 1835 μετά
1431 1801 1481 1836 τὴν
1501 1801 1641 1836 ἁμαρτίαν
1667 1802 1830 1837 περιέπεσε,

1042 1846 1122 1880 δῆλον
1150 1845 1180 1878 ἐξ
1205 1842 1245 1873 ὧν
1265 1847 1279 1872 ὁ
1303 1846 1409 1881 Κύριος
1435 1846 1529 1881 ἔλεγε·
1549 1855 1558 1872 ι
1577 1846 1635 1874 Νῦν
1658 1847 1764 1883 ήψυχή
1784 1856 1834 1883 μου

1044 1892 1226 1927 τετάρακται.
1253 1901 1263 1919 ι
1283 1892 1499 1928 Συγκεχώρηται
1521 1893 1576 1928 γὰρ
1601 1894 1634 1929 τῇ
1661 1894 1727 1928 ἀγίᾳ
1751 1894 1834 1920 αὑτοῦ

1044 1938 1129 1973 ψυχῇ,
1150 1937 1223 1965 καθά
1244 1938 1278 1973 δὴ
1295 1938 1341 1964 καὶ
1359 1938 1398 1972 τῷ
1417 1938 1534 1974 σώματι,
1551 1939 1668 1974 πάσχειν
1697 1939 1772 1966 ἔστιν
1790 1939 1834 1966 ὅτε

1045 1985 1079 2011 τὰ
1101 1983 1164 2016 ἴδια,
1179 1984 1227 2011 καὶ
1242 1984 1294 2018 τῆς
1309 1983 1450 2015 κενώσεως
1465 1984 1567 2019 μέτρον
1580 1986 1732 2021 τετήρηκεν
1746 1986 1835 2013 ἀπαν-

1046 2029 1142 2064 ταχοῦ,
1157 2029 1196 2062 ὡς
1212 2032 1226 2056 6
1243 2029 1382 2062 θειότατος
1406 2030 1491 2066 ἔφησε
1517 2031 1663 2067 Κύριλλος.
1694 2032 1735 2059 Τά
1761 2032 1841 2068 πάθη

1050 2077 1098 2101 καὶ
1113 2075 1167 2110 γὰρ
1188 2075 1286 2105 ταῦτα.
1309 2076 1394 2111 ἤγουν
1408 2077 1490 2112 ἡδονὴ
1506 2077 1552 2103 καὶ
1574 2077 1648 2113 λύπη
1662 2078 1711 2105 καὶ
1731 2078 1837 2112 ἀθυμία

1050 2121 1275 2155 προηγουμένως,
1290 2121 1423 2156 οὐμενοῦν
1446 2123 1479 2157 τῇ
1497 2123 1551 2149 τῶν
1571 2123 1725 2158 ἀνθρώπιον
1755 2124 1836 2158 φύσει

1051 2166 1111 2192 κατ’
1141 2166 1229 2201 ἀρχᾶς
1257 2167 1483 2203 συνεκτισθησαν,
1505 2169 1564 2194 ἀλλ’
1588 2169 1626 2201 ὡς
1654 2170 1667 2196 6
1697 2169 1837 2201 θειότατός

1055 2221 1122 2246 φησι
1138 2211 1272 2247 Μάξιμος,
1302 2212 1416 2248 ὕστερον
1439 2214 1590 2249 ὲπεισήχθη
1608 2214 1696 2242 ταῦτα
1718 2215 1763 2242 διὰ
1787 2216 1838 2249 τὴν

1053 2257 1222 2289 τελειότητος
1246 2257 1395 2291 ἔκπτωσιν,
1413 2258 1452 2293 τῷ
1475 2259 1639 2294 ἀλογωτέραν
1659 2261 1736 2294 μέρει
1751 2269 1836 2295 προσ-

1052 2304 1153 2338 φυὲντα
1173 2303 1221 2338 τῆς
1237 2303 1485 2337 φύσεως.¹Τούτοις
1498 2305 1546 2339 μὲν
1561 2303 1608 2332 οὖν
1623 2306 1779 2338 ἀκολούθως
1791 2308 1838 2333 καὶ

1052 2350 1066 2376 ὸ
1087 2350 1173 2384 μέγας
1190 2349 1302 2382 διέξεισι
1319 2341 1471 2382 Βασίλειος,
1489 2351 1575 2385 λέγων
1587 2359 1594 2366 θ
1614 2360 1623 2383 ς
1642 2352 1742 2378 Σκόπει
1763 2353 1804 2383 τίς
1821 2353 1838 2388 ἡ

1051 2396 1107 2422 ἀπὸ
1125 2396 1224 2431 σαρκὸς
1243 2397 1311 2431 πρὸς
1326 2396 1414 2432 ψυχὴν
1428 2397 1578 2424 ἐπανιοῦσα
1594 2398 1762 2432 συμπάθεια,
1781 2399 1839 2430 πῶς

1051 2441 1158 2477 δέχεται
1176 2443 1224 2477 μὲν
1245 2442 1294 2478 τὴν
1308 2443 1381 2478 ζωὴν
1400 2443 1433 2469 ὲκ
1446 2443 1497 2477 τῆς
1510 2443 1600 2478 ψυχῆς
1616 2443 1646 2470 τὸ
1661 2444 1752 2478 σῶμα,
1765 2444 1841 2479 δέχε-

1049 2496 1096 2514 ται
1122 2488 1150 2515 δὲ
1172 2489 1322 2524 ἀλγηδόνας
1342 2489 1397 2515 ἀπὸ
1410 2488 1458 2515 τοῦ
1472 2488 1598 2524 σώματος
1618 2489 1733 2524 ἡψυχὴ.
1754 2499 1764 2515 ι
1784 2490 1841 2516 Καὶ

1048 2529 1123 2559 οὗτοι
1140 2533 1190 2567 μὲν
1208 2532 1306 2564 οὕτως·
1334 2533 1348 2559 6
1372 2532 1400 2559 δὲ
1429 2532 1622 2568 Ἀριστοτέλης
1652 2533 1840 2568 ἀνθρωπίνοις

1055 2578 1197 2614 λογισμοῖς
1208 2578 1379 2613 ἐρειδόμενος
1392 2579 1421 2605 ἐν
1432 2578 1501 2614 αὐτῇ
1514 2578 1710 2614 διισχυρίζεται
1725 2581 1757 2615 τῇ
1775 2588 1843 2616 καρ-

1055 2624 1100 2660 δίᾳ.
1129 2625 1175 2651 τὸν
1201 2625 1324 2660 ἡγεμόνα
1349 2624 1412 2651 νοῦν
1441 2624 1579 2652 ποιεῖσθαι
1598 2625 1646 2659 τὴν
1669 2625 1786 2661 οἴκησιν,
1803 2627 1842 2659 ὡς

1055 2669 1183 2696 ἐντεῦθεν
1202 2669 1252 2705 τὴν
1269 2669 1471 2706 προαιρετικὴν
1487 2669 1571 2696 αὑτοῦ
1586 2670 1703 2704 δύναμιν
1720 2671 1842 2703 εὐπετῶς

1054 2716 1186 2752 ἐφ’ἀπαν
1216 2717 1246 2743 τδ
1266 2718 1346 2752 σῶμα
1370 2716 1589 2752 διαμερίζεσθαι.
1618 2717 1728 2751 Ἔτεροι
1756 2717 1778 2744 δ’
1806 2718 1841 2745 αὖ

1055 2764 1150 2798 ὥσπερ
1179 2763 1327 2799 ἀκρόπολίν
1358 2771 1419 2790 τινα
1450 2762 1499 2797 τὴν
1523 2762 1645 2798 κεφαλὴν
1673 2763 1840 2796 δεδοαῆσθαι
