1957 3073
121 130 159 159 ibJ
675 125 880 167 ANNALIUM
898 125 995 155 PARS
1015 125 1039 156 Ῑ.

1629 125 1681 157 151

122 183 175 219 mpii
187 183 222 218 τῆς
232 182 324 219 φύσεως
343 182 479 217 λέγουσιν,
496 182 534 215 ὡς
551 182 581 209 ὲν
596 182 664 218 αὐτῇ
681 183 726 210 τὸν
741 183 845 219 ἡγεμό-

903 184 1021 212 lolorum
1037 183 1160 218 corporis
1180 178 1316 219 particeps
1340 183 1397 211 ﬁat.
1417 193 1426 210 ›
1447 183 1481 212 Ει
1495 183 1552 211 limo
1573 184 1682 218 quidem

121 240 145 258 va
162 230 207 258 νοῦν
221 230 408 262 ἐνδιαιτᾶσθαι,
428 229 555 265 καθάπερ
574 229 637 256 τινὰ
660 229 772 264 βασιλέα
795 229 845 256 τοῦ

119 275 414 311 παντὸς-ὑπερκαθήμενον
439 275 579 311 σώματος.
597 276 628 302 οι
651 275 680 302 δέ
696 283 729 309 γε
743 275 774 302 τὸ
795 276 846 309 τῆς

122 321 240 357 Ἐκκλησῐας
250 321 445 357 πρεσϐεύοντες
472 319 613 356 ὀρθόδοξον
641 321 770 355 φρόνημα
795 320 846 354 τὴν

115 368 161 395 κατ’
172 367 240 394 εἰκόνα
254 367 318 394 Θεοῦ
336 367 491 394 κτισθεῖσαν
505 368 603 402 νοερὰν
618 367 697 402 ἡμῶν
713 366 802 402 ψυχὴν
818 367 847 393 ἐν

114 421 154 439 τινι
166 412 222 447 τόπῳ
233 411 267 438 τοῦ
283 411 421 446 σώματος,
449 411 597 446 ἀσώματον
615 411 708 444 οὖσαν,
729 411 847 442 τοπικῶς

113 457 240 492 περιορίζειν
250 457 294 484 οὐκ
310 458 412 484 ῐσασιν“
425 456 473 491 ὅλη
494 457 541 483 καὶ
554 457 609 492 γὰρ
624 457 657 483 δι’
677 457 738 484 ὅλου
757 458 846 492 διήκει

111 504 148 530 τοῦ
165 503 269 539 σώματος,
285 503 346 530 ὅλον
363 502 430 529 αὐτὸ
447 503 570 537 ψυχοῦσα
593 503 640 530 καὶ
661 502 721 529 ὅλον
737 503 785 537 ὅλη
800 511 849 529 κα-

111 548 267 582 ταφωτιζουσα.
286 548 340 574 Καὶ
353 547 479 582 καθάπερ
493 548 508 573 ὁ
520 547 586 579 Θεὸς
600 543 630 574 οὗ
644 548 691 574 καὶ
700 548 762 574 κατ’
776 548 849 574 εἰκό-

111 602 136 620 να
156 592 353 629 δεδημιούργηται
378 592 458 628 αὕτη,
484 593 514 620 οὐ
536 593 618 629 μέρος
636 594 665 620 ἐν
681 593 772 628 μέρει,
787 593 846 620 ἀλλ’

109 641 157 673 ὅλος
171 641 212 675 ὅλῳ
234 641 265 676 τῷ
292 641 388 676 κόσμῳ
412 640 474 667 κατ’
489 640 584 667 οὐσίαν
606 641 756 674 περίεστιν,
773 640 845 666 οὕτω

109 687 147 712 καὶ
166 687 178 721 ἡ
197 685 233 712 τοῦ
257 684 435 720 πρωτοτύπου
465 684 548 711 εἰκὼν
576 685 686 720 ἀμερὴς
708 683 775 711 οὖσα
801 684 849 710 καὶ¹

103 731 234 761 danda-raro;
258 729 367 764 ἀμερῶς
397 721 445 756 δῖα).
465 729 633 760 ἀδιαστάτως
663 729 712 764 ὅλη
728 729 782 764 ὅλῳ
808 728 849 763 τῷ

103 776 190 811 σώματι
204 779 334 810 πρόσεστι.
353 776 409 802 Καὶ
426 775 524 802 τούτου
550 776 632 811 χάριν
648 775 685 810 μὴ
710 775 848 810 Θαύμαζε’

105 822 195 848 ἵστασαι
211 823 250 855 μὲν
262 821 314 855 γὰρ
330 820 399 855 αὓτη
423 821 467 854 ἐφ’
484 821 585 856 ἑαυτῆς
604 821 733 856 καθάπερ
748 821 848 856 ὴλιακή

98 875 134 896 τις
147 868 230 901 σφαῖρα
251 866 297 892 οὐκ
320 865 373 897 ἔξω
390 865 437 892 τοῦ
464 865 605 900 σώματος,
625 865 684 893 ἀλλ’
698 866 848 902 ὑπερφυῶς

96 913 122 938 ἐν
133 911 203 947 αὐτῷ,
218 911 395 946 συμπλέκεται
423 911 451 937 δὲ
481 911 569 947 τούτῳ
600 912 660 942 ταῖς
685 912 731 946 ἀφ’
748 912 848 946 ἑαυτῆς

95 957 231 992 προϊούσαις
255 956 365 990 αὐγαῖς,
395 956 497 988 αἵτινες
524 957 572 984 καὶ
601 958 774 992 τεμνομένου
801 958 849 984 τοῦ

94 1003 202 1038 σώματος
223 1003 329 1035 ἀπαθεῖς
349 1004 397 1029 καὶ
413 1004 578 1039 ἁδιάτμητοι
596 1004 735 1039 μένουσιν,
755 1005 850 1040 ὥσπερ

90 1049 119 1082 δὴ
133 1049 173 1075 καὶ
190 1047 231 1074 τοῦ
242 1048 317 1084 ἀέρος
332 1050 392 1080 ταῖς
405 1049 460 1075 τῶν
476 1049 586 1084 ἀνέμων
603 1051 698 1081 πνοαῖς
723 1051 851 1085 κινουμέ-

91 1103 130 1120 νου
143 1095 184 1120 καὶ
196 1094 404 1129 μεταπίπτοντος
428 1095 459 1122 τὺ
489 1095 599 1130 ἡλιακὸν
615 1096 673 1129 φῶς
686 1097 759 1128 ams
773 1097 848 1131 αὐτῷ

88 1139 228 1174 συμπλακὲν
241 1139 298 1166 οὔτε
313 1139 400 1175 τομὴν
414 1139 476 1166 οὔτε
496 1140 591 1176 ρεῦσιν
602 1139 664 1167 οῠτε
680 1141 849 1176 μετάστασιν

85 1186 225 1220 ὑφίσταται.

83 1233 122 1259 ris
136 1239 186 1259 non
200 1232 266 1260 atra
279 1240 388 1268 corpus,
402 1233 449 1261 sed
471 1233 586 1268 iit-ipso,
599 1232 680 1268 idque
693 1234 775 1261 modo
786 1233 902 1266 quodam
920 1233 989 1260 ultra
1009 1233 1140 1260 naturali.
1173 1232 1262 1260 Simul
1291 1231 1399 1266 corpori
1436 1239 1560 1259 connexa
1579 1236 1622 1259 est
1643 1239 1692 1266 per
1734 1238 1737 1243 ‘

898 230 931 256 ab
949 229 991 256 his
1010 228 1108 255 tradita
1135 233 1210 255 sunt.
1235 229 1398 256 Aristoteles
1417 233 1507 256 autem
1533 227 1684 255 rationibus

897 275 1026 302 humanis
1042 273 1154 301 innixus
1173 278 1305 306 utentem,
1319 281 1379 308 quas
1407 274 1435 300 in
1451 274 1560 300 homine
1582 275 1684 308 princi-

898 324 990 355 patum
1004 319 1121 352 obtinet,
1135 320 1226 347 sedem
1251 319 1278 346 in
1298 319 1381 347 corde
1399 326 1475 346 suam
1499 319 1600 346 habere
1617 327 1684 346 cou—

898 365 998 399 ﬁrmat,
1017 366 1091 393 unde
1105 365 1146 393 vis
1161 365 1221 398 ejus
1233 365 1267 392 ab
1280 365 1415 392 electione
1431 365 1602 399 consilioque
1616 372 1683 399 pen—

898 412 966 439 dens
980 412 1138 439 universum
1161 412 1188 438 in
1202 419 1302 446 corpus
1324 411 1404 438 facile
1418 411 1608 438 distribuatur.
1631 411 1685 439 Alii

898 463 979 492 caput
995 457 1082 486 instar
1101 456 1240 492 cujusdam
1258 457 1330 484 arcis
1353 465 1367 483 a
1392 461 1490 484 natura
1518 457 1614 483 dicunt
1638 465 1686 483 cx-

899 507 1043 535 structum,
1061 507 1092 529 ut
1109 502 1235 537 princeps
1252 502 1279 529 iu
1293 502 1403 529 homine
1424 509 1501 529 mens
1515 502 1594 536 degat
1609 502 1635 527 iu
1654 510 1687 528 co

898 549 1031 583 quasique
1050 555 1096 576 rex
1115 549 1207 576 sedem
1230 555 1313 582 supra
1332 555 1433 582 corpus
1446 547 1602 574 universum
1617 547 1687 581 posi-

901 600 954 621 tam
982 594 1091 621 habeat.
1108 593 1209 621 Verum
1229 594 1276 629 qui
1301 593 1430 620 Ecclesiae
1457 594 1621 620 sententiam
1645 600 1688 619 se-

898 644 1032 673 quuntur,
1050 638 1169 665 animam
1186 645 1307 665 nostram
1335 637 1521 672 intelligentiae
1542 637 1566 663 vi
1590 637 1687 671 prmdi—

900 689 966 717 tam,
982 692 1042 719 qua:
1057 684 1090 711 ad
1108 684 1253 719 imaginem
1273 683 1321 710 Dei
1337 683 1445 710 condita
1462 688 1502 710 est
1519 688 1546 710 ct
1564 684 1686 717 corporis

899 735 941 758 est
953 738 1061 765 expers.
1075 730 1102 756 in
1120 734 1195 757 certo
1211 729 1328 764 quodam
1343 730 1467 763 corporis
1487 729 1547 756 loco
1570 728 1686 755 circum-

900 776 1019 802 scribere
1033 775 1158 802 localiter
1175 776 1284 802 nolunt.
1303 774 1371 801 Nam
1390 779 1443 802 tota
1461 782 1509 809 per
1529 779 1613 802 tottnu
1628 783 1688 800 enr-

901 830 951 857 pus
974 828 1035 848 sese
1067 821 1146 854 didit,
1164 826 1191 848 et
1214 821 1300 854 ipsum
1326 821 1446 852 animat,
1473 824 1615 852 totumque
1632 825 1688 846 tota

902 868 1055 894 collustrat.
1075 867 1108 894 Et
1119 866 1348 902 quemadmodum
1362 865 1444 897 Dens,
1458 866 1535 900 cujus
1550 866 1582 892 ad
1594 866 1688 900 imagi-

903 921 963 940 netu
979 913 1088 940 condita
1101 917 1144 940 est
1158 921 1212 939 non
1226 920 1291 947 pars
1308 913 1334 939 in
1353 918 1438 946 parte,
1453 912 1501 939 sed
1518 917 1589 938 totus
1602 917 1687 938 totum

903 959 1033 986 mundum
1050 957 1241 992 complectitur
1257 957 1375 984 essentia
1389 964 1447 990 sua,
1464 957 1504 982 sic
1520 955 1601 983 etia'm
1614 955 1690 990 prin~

902 1005 973 1038 cipis
989 1004 1062 1030 illius
1087 1002 1251 1037 exemplaris
1272 1003 1448 1029 simulacrum
1461 1021 1468 1033 ,
1485 1009 1547 1028 cum
1571 1001 1689 1035 partium

903 1050 939 1076 sit
963 1057 1062 1084 expers
1084 1054 1112 1076 et
1131 1049 1303 1076 dimensione
1318 1054 1425 1082 careat,
1445 1049 1512 1076 citra
1528 1049 1689 1075 divisionem

903 1103 934 1122 ac
967 1094 1165 1122 dimensionem
1199 1095 1252 1129 ’12
1282 1095 1364 1121 ullam
1398 1098 1484 1122 totum
1507 1094 1555 1121 toti
1582 1094 1690 1128 corpori

901 1141 990 1167 adest.
1006 1140 1091 1172 Quam
1106 1139 1217 1174 quidem
1230 1147 1286 1166 rem
1302 1133 1431 1167 admirari
1443 1139 1545 1166 desine.
1559 1139 1692 1166 Consistit

902 1187 975 1213 enim
991 1186 1166 1221 peculiariter
1182 1186 1273 1212 anima
1283 1185 1360 1220 quasi
1378 1185 1473 1220 globus
1489 1186 1598 1220 quidam
1622 1186 1692 1212 sola-

84 1278 212 1305 derivatos
228 1286 258 1305 ex
281 1279 339 1314 ipsa
363 1279 474 1311 radios,
494 1280 539 1313 qui
557 1279 580 1306 si
603 1287 704 1314 corpus
730 1280 851 1307 sectione
871 1279 997 1312 lzedatur,
1013 1284 1104 1306 tamen
1121 1278 1192 1305 haud
1214 1277 1370 1305 afliciuntur
1393 1282 1421 1306 et
1459 1280 1608 1306 sectionem
1630 1280 1693 1306 uul-

79 1324 319 1360 lamerperiuntur.
334 1324 451 1352 Prorsus
466 1329 495 1351 ut
516 1332 580 1352 aere
601 1333 651 1360 per
665 1326 745 1352 ilatus
760 1331 903 1353 ventorum
922 1330 996 1352 moto
1011 1329 1039 1352 et
1068 1325 1170 1359 agitato
1206 1324 1254 1352 lux
1278 1324 1376 1352 solaris
1414 1324 1440 1352 ei
1461 1325 1547 1352 semel
1569 1333 1691 1354 connexa

77 1379 164 1406 neque
177 1371 318 1399 sectionem
333 1363 424 1405 neque
441 1370 543 1398 ﬂuxum
564 1379 653 1406 neque
669 1372 848 1398 mutationem
870 1372 984 1407 patitur.

115 1417 169 1443 Καὶ
196 1418 209 1442 ὸ
233 1417 281 1451 μὲν
306 1417 367 1447 νοῦς
399 1416 545 1451 ὰσώματὸς
571 1417 646 1444 ἐστιν
672 1417 779 1451 ἀληθῶς
804 1418 850 1443 καὶ

73 1463 196 1499 ἀόρατος,
219 1462 274 1489 ἀλλ’
293 1462 368 1497 ὅμως
383 1462 421 1493 ὡς
445 1463 474 1488 ὲν
491 1463 600 1498 ὀργάνῳ
615 1463 654 1498 τῷ
671 1463 778 1498 σώματι
799 1464 850 1497 τὴν

941 1418 1042 1452 Estque
1067 1425 1144 1445 mens
1166 1426 1263 1453 reapse
1283 1417 1392 1453 quidem
1406 1425 1506 1452 expers
1526 1418 1649 1452 corporis
1664 1424 1692 1445 et

904 1464 1126 1499 inaspectabilis,
1145 1472 1237 1491 verum
1256 1464 1436 1492 nihilominus
1458 1464 1484 1491 in
1499 1472 1612 1498 corpore
1631 1470 1692 1491 tau-

72 1498 175 1536 οὶκειαν
190 1509 329 1544 ἐνέργειαν
344 1508 476 1535 δείκνυσι.
494 1509 550 1535 Καὶ
573 1498 657 1545 elices,
675 1509 726 1544 μὲν
754 1509 768 1536 ὀ
791 1509 849 1540 νοῦς

907 1518 989 1545 quam
1006 1511 1190 1538 instrumento
1209 1518 1285 1538 suam
1301 1510 1486 1537 ellicacitatem
1501 1511 1629 1538 declarat.
1644 1511 1694 1537 [Za-

70 1556 195 1590 ἐνεργεῖν
221 1556 249 1581 ὲν
270 1551 311 1585 οἷς
327 1554 412 1588 ὑγιῶς
434 1554 465 1580 τὸ
493 1554 573 1589 σῶμα
598 1551 743 1587 διάκειται,
759 1554 804 1581 ἐπὶ
821 1554 849 1580 δὲ

66 1602 121 1628 τῶν
143 1600 265 1632 ἀσθενῶς
282 1600 398 1635 ἑχόντων
416 1600 466 1634 τὴν
481 1600 610 1636 τεχνικὴν
632 1601 715 1627 αὑτοῦ
734 1600 850 1635 δύναμιν

64 1645 194 1679 δέξασθαι
210 1646 348 1680 ἄπρακτος
374 1645 468 1680 πάντη
496 1647 543 1671 καὶ
564 1646 744 1680 ἁνενέργητος
758 1645 852 1679 φαίνε-

61 1702 118 1720 ται.
145 1692 221 1727 Πλὴν
240 1692 271 1718 οὐ
292 1691 354 1718 καθ’
371 1691 468 1718 ἑαυτὸν
498 1690 580 1722 αὐτὸς
608 1691 850 1726 παραὸλάπτεται,

59 1738 194 1772 καθάπερ
223 1738 279 1763 τισὶ
299 1737 352 1763 τῶν
374 1736 474 1769 ἔξωθεν
491 1736 599 1769 ἔδοξεν⁸
618 1737 678 1763 οὐδὲ
695 1736 749 1771 γὰρ
765 1737 852 1770 ἁρμοο

53 1784 118 1814 νίας
134 1783 257 1817 ὀργάνου
271 1782 345 1814 τινδς
361 1782 540 1818 ὁπωσδήποτε
555 1781 731 1817 διεφθορυίας
745 1782 851 1816 ἀνάγκη

47 1831 150 1857 πᾶσαν
176 1830 227 1855 καὶ
258 1829 343 1864 αὐτὴν
370 1827 417 1854 τοῦ
445 1828 569 1863 τεχνίτου
592 1828 641 1861 τὴν
668 1827 768 1863 τέχνην
792 1835 854 1854 συν-

43 1874 280 1911 διαφθείρεσθαι.
298 1875 352 1901 Καὶ
367 1874 408 1900 ὅτι
435 1874 484 1909 μὲν
504 1874 543 1908 τῷ
568 1873 674 1909 σώματι
690 1873 816 1900 σύνεστιν
833 1875 850 1908 ἡ

39 1923 135 1958 ψυχὴ,
146 1919 224 1954 οἶδα,
245 1921 277 1947 τδ
294 1921 322 1947 δὲ
337 1920 396 1952 πῶς
410 1921 439 1946 ἐν
455 1921 560 1955 σώματι
581 1920 612 1946 τὸ
637 1920 782 1954 ἀσώματον
802 1919 853 1946 οὐκ

38 1967 117 1995 οῖδα·
135 1967 205 1994 οὐδὲ
227 1968 284 2002 γὰρ
300 1960 495 2002 αἰδεσθήσομαι
505 1966 554 2001 τὴν
563 1966 673 2000 ἄγνοιαν
688 1965 735 1991 ἐπὶ
748 1965 854 1996 τούτοις

33 2012 207 2049 ὁμολογῶν.
229 2012 263 2038 Et
283 2012 337 2047 γὰρ
361 2011 535 2046 ὲεηπλῶσθαι
551 2010 653 2045 ταύτην
668 2011 734 2046 εἴπῃ
747 2018 787 2040 τις
801 2009 854 2044 ὅλῳ

30 2060 72 2095 τῷ
88 2060 176 2094 ὕγκῳ
190 2057 244 2084 τοῦ
264 2057 399 2093 σώματος,
413 2057 536 2093 καθάπερ
549 2058 582 2092 δὴ
596 2057 644 2083 καὶ
663 2057 677 2083 ὁ
698 2056 855 2092 χρυσορῤή-

29 2115 95 2140 μων
108 2105 203 2139 φησι,
215 2104 266 2130 καὶ
279 2105 329 2130 οὐκ
339 2104 395 2138 ἔχει
408 2103 486 2136 λόγον
499 2103 529 2129 τὸ
543 2102 700 2138 λεγόμενον*
715 2103 794 2128 τοῦτο
808 2101 855 2128 καὶ

29 2152 87 2186 γὰρ
107 2150 187 2176 ἴδιον
206 2149 267 2174 τῶν
283 2148 415 2182 σωμάτων
426 2148 510 2174 ἐστιν.
523 2147 627 2178 Ἀλλως
639 2155 669 2173 τε
686 2147 710 2173 εἱ
720 2145 854 2182 ἐξηπλοῦ-

28 2205 54 2222 :o
83 2196 132 2230 τῷ
161 2195 219 2220 τοῦ
240 2194 368 2229 σώματος
381 2194 466 2228 ὄγκῳ,
480 2193 527 2220 καὶ
541 2192 719 2227 συνετέμνετο
735 2193 780 2224 ἂν,
797 2191 851 2217 τῶν
869 2183 890 2209 ι)

28 2242 141 2277 [ειρῶν
159 2240 309 2271 πολλάκις
326 2240 373 2266 καὶ
389 2239 443 2265 τῶν
465 2239 552 2265 ποδῶν
577 2239 759 2265 ὲκκοπέντων,
782 2237 851 2263 Ἀλλ’

31 2290 70 2314 dx
94 2287 192 2313 ἐστιν
206 2287 242 2312 ὲν
256 2286 312 2320 ὅλῳ
325 2285 364 2320 τῷ
395 2285 515 2319 σώματι,
535 2284 563 2310 ἐν
583 2292 636 2310 τινι
661 2283 690 2310 δὲ
706 2285 787 2319 μέρει
801 2283 851 2309 αὺ-

28 2333 61 2358 οῡ
100 2330 317 2358 συνείλεκται.
344 2329 448 2356 Οὐκοῦν
472 2329 578 2364 ἀνάγκη
609 2330 694 2362 νεκρὰ
719 2329 754 2355 τὰ
770 2329 852 2355 λοιπὰ

28 2378 160 2404 ίνεσθαι
205 2376 310 2411 μέρη·
336 2376 367 2402 τὸ
393 2375 447 2410 γὰρ
474 2374 578 2410 ἄψυχον
606 2375 716 2407 πάντως
741 2376 848 2411 νεκρόν.

28 2423 96 2450 λλλ¹
126 2423 208 2448 οὐδὲ
231 2421 318 2448 τοῦτο
334 2421 408 2447 ἐστιν
424 2421 523 2447 εἰπεῖν.
541 2421 603 2447 ’Ὀτι
621 2421 672 2456 μὲν
695 2422 750 2456 γὰρ
769 2422 799 2446 ἐν
811 2421 850 2456 τῷ

28 2468 139 2503 ῐλματί
172 2468 270 2493 ἐστιν
288 2468 378 2502 ἡμῶν,
396 2467 519 2502 οἴδαμεν,
535 2467 565 2493 τὸ
587 2467 615 2493 δὲ
637 2467 695 2498 πῶς
712 2467 762 2494 οὐκ
777 2467 850 2494 οῖδα-

28 2525 67 2541 ςν.
93 2515 171 2541 Καὶ
196 2505 320 2548 ὄτι-μὲν
334 2514 413 2545 ibid;
429 2515 488 2540 ἐστι
506 2515 552 2540 καὶ
574 2513 748 2549 ἀσώματοςή
764 2513 848 2548 ψυχὴ,

28 2562 61 2586 ia.
86 2561 254 2595 (ἥκουσα
272 2559 350 2594 γὰρ),
370 2559 407 2592 ti;
424 2559 453 2585 δὲ
479 2560 508 2585 τδ
531 2556 601 2590 εἶδος
627 2558 711 2593 αὐτῆς
739 2559 786 2584 καὶ
800 2567 849 2584 πο-

30 2607 79 2641 πὴ
116 2606 191 2641 τὴν
217 2605 337 2636 οὐσίαν,
359 2605 409 2631 οὐκ
433 2602 503 2637 οἶδα,
525 2604 566 2631 ὃτι
590 2604 635 2630 καὶ
649 2603 851 2638 ἀνερμήνευτον

29 2653 81 2678 ita
114 2650 318 2685 μεμένηκε.
347 2650 409 2682 Πῶς
433 2650 488 2686 γὰρ
512 2651 545 2677 ἂν
569 2650 618 2676 καὶ
647 2650 730 2684 ειδείη
745 2657 787 2680 τις
802 2649 850 2683 τὴν

29 2700 50 2724 :‘
83 2698 225 2725 εἰκόνα.
269 2698 424 2725 κτισθεῖσαν
443 2697 489 2724 τοῦ
510 2696 692 2732 ἁπερινοήτου
711 2696 758 2722 καὶ
781 2696 851 2722 ἀκα-

36 2749 171 2779 ήπτου
183 2743 309 2776 ,Θεοῦς
331 2744 393 2769 Ἐὰν
416 2745 432 2778 ἡ
450 2744 500 2778 τῆς
514 2743 605 2779 ψυχῆς
620 2742 698 2769 οὐσία
711 2741 849 2775 κατελαμ-

35 2800 118 2823 ato,
146 2789 411 2824 κατελαμϐάνετο
435 2791 468 2817 ἂν
489 2791 537 2818 καὶ
553 2788 621 2816 αὐτὸ
636 2789 666 2815 τὺ
685 2789 732 2823 τῆς
748 2788 851 2819 εἰκόνος

38 2839 250 2864 ιτότυτῖον*
286 2838 310 2863 εἰ
330 2837 359 2862 δὲ
384 2836 414 2863 τὺ
441 2837 620 2867 πρωτότυπον
645 2836 847 2868 ἀκατάληπτον,

901 1557 962 1583 dem
983 1558 1009 1583 iu
1024 1556 1059 1584 iis
1076 1564 1191 1591 quorum
1210 1564 1275 1592 sana
1293 1561 1421 1591 recteque
1437 1557 1533 1584 affecta
1547 1561 1612 1584 sunt
1628 1565 1692 1583 cor-

901 1609 968 1637 pora
982 1601 1129 1629 eli‘tt-aciter
1146 1602 1220 1637 agit,
1246 1609 1307 1629 cum
1326 1603 1354 1630 in
1382 1602 1462 1635 aliis,
1486 1603 1531 1637 qui
1557 1598 1696 1630 facultatis

902 1649 962 1683 ejus
976 1648 1128 1675 artiﬁciosae
1139 1656 1193 1675 non
1213 1652 1278 1675 sunt
1290 1656 1415 1683 capaces,
1427 1649 1514 1676 otiosa
1532 1649 1566 1676 sit
1578 1657 1609 1676 ac
1623 1649 1691 1675 nihil

902 1693 1014 1720 omnino
1032 1691 1166 1727 perﬁciat.
1184 1691 1244 1719 Non
1262 1697 1351 1719 tanien
1368 1693 1426 1726 ipsa
1446 1697 1572 1726 respectu
1588 1692 1628 1718 sui
1645 1692 1692 1719 lae-

906 1738 991 1770 ditur,
1009 1737 1237 1772 quemadmodum
1253 1737 1381 1764 extrariis
1392 1737 1552 1772 quibusdam
1572 1737 1691 1771 philoso-

902 1783 965 1819 phis
980 1784 1069 1811 visum
1093 1783 1155 1810 fttit.
1173 1782 1240 1810 Nam
1256 1783 1278 1810 si
1304 1783 1423 1811 maxime
1437 1784 1576 1818 cujusdam
1593 1783 1694 1810 iusim-

905 1830 987 1857 menti
1016 1830 1157 1857 harmonia
1175 1837 1284 1864 quoquo
1307 1830 1387 1857 modo
1416 1834 1617 1864 corrumpatur,
1639 1837 1693 1856 non

906 1882 997 1904 tamen
1012 1877 1124 1903 omnino
1137 1875 1213 1910 sequi
1223 1883 1336 1902 necesse
1348 1880 1390 1902 est
1404 1880 1434 1903 ut
1449 1883 1495 1903 ars
1516 1876 1600 1910 ipsius
1612 1875 1694 1903 etiam

905 1922 1018 1950 artilicis
1032 1926 1177 1956 propterea
1194 1921 1308 1956 periisse
1317 1926 1464 1948 statuatur.
1474 1922 1574 1948 Adesse
1585 1921 1693 1955 quidem

906 1969 933 1995 in
951 1975 1065 2002 corpore
1079 1967 1198 1994 animam
1224 1967 1287 1994 novi
1305 1977 1312 1994 :
1327 1971 1354 1994 at
1374 1967 1420 2002 qui
1442 1974 1486 1994 res
1510 1967 1634 2001 c0rporis
1649 1975 1694 1993 ex-

905 2021 970 2048 pers
989 2013 1016 2040 in
1031 2021 1147 2046 corpore
1165 2013 1210 2045 sit,
1233 2013 1339 2047 ignoro.
1357 2012 1413 2040 Non
1434 2013 1506 2040 enim
1533 2013 1694 2047 imperitiam

906 2059 957 2087 hac
970 2061 996 2087 in
1011 2063 1087 2095 parte
1103 2067 1190 2086 meam
1207 2059 1283 2086 fateri
1301 2067 1343 2089 me
1362 2059 1454 2094 pudet.
1474 2059 1580 2094 Quippe
1594 2061 1617 2086 si
1634 2060 1695 2093 quis

906 2113 966 2133 eam
979 2106 1054 2132 dicat
1071 2113 1221 2140 expansum
1246 2112 1307 2132 esse
1324 2112 1371 2138 per
1389 2110 1473 2132 totam
1497 2105 1618 2139 corporis
1635 2113 1695 2131 mn-

906 2151 970 2182 lem,
985 2150 1056 2177 sicut
1070 2150 1282 2185 Chrysostomus
1290 2151 1338 2182 ait,
1354 2152 1379 2177 id
1395 2151 1482 2185 ipsum
1497 2151 1600 2178 ratione
1610 2157 1694 2178 caret.

904 2198 971 2224 Nam
999 2197 1051 2224 tale
1071 2197 1201 2232 quiddam
1228 2198 1391 2232 corporibus
1412 2202 1454 2225 est
1482 2199 1638 2232 proprium;
1664 2207 1695 2225 ac

905 2243 1057 2277 prtesertim
1085 2242 1108 2270 si
1127 2243 1235 2270 extendi
1253 2245 1315 2270 cunt
1341 2243 1413 2271 mole
1433 2244 1555 2278 corporis
1578 2243 1694 2273 dicatur,

905 2289 986 2315 etiam
1005 2293 1167 2323 sequeretur
1183 2296 1243 2316 eam
1260 2297 1311 2316 una
1333 2290 1461 2320 resecari,
1477 2291 1584 2323 quoties
1599 2298 1695 2316 manus

906 2339 987 2369 atque
1004 2335 1088 2369 pedes
1102 2339 1290 2369 amputantur.
1315 2336 1350 2361 At
1375 2335 1447 2361 enim
1465 2340 1616 2362 statuamus
1633 2343 1694 2362 eam

905 2388 955 2414 per
973 2388 1073 2415 corpus
1091 2380 1249 2407 universum
1273 2388 1326 2406 non
1352 2387 1412 2407 esse
1430 2388 1564 2413 sparsam,
1579 2381 1625 2407 sed
1641 2389 1693 2407 una

905 2426 1022 2460 quadam
1040 2425 1126 2460 ipsius
1142 2425 1170 2452 in
1196 2430 1272 2460 parte
1295 2425 1451 2453 collectam.
1470 2425 1509 2452 lta
1529 2433 1593 2452 vero
1617 2427 1692 2461 sequi

904 2477 1018 2497 necesse
1043 2475 1086 2497 est
1109 2475 1138 2497 ut
1162 2470 1284 2496 membra
1302 2470 1406 2504 reliqua
1427 2470 1482 2496 sint
1496 2478 1611 2498 mortua.
1626 2469 1693 2496 Nam

905 2517 977 2551 quod
994 2523 1093 2550 expers
1109 2519 1151 2542 est
1166 2515 1278 2546 animm.
1299 2522 1410 2550 prorsus
1432 2521 1569 2543 mortuum
1586 2520 1644 2547 est;
1667 2515 1693 2542 icl

905 2562 976 2596 quod
992 2562 1037 2589 hic
1060 2561 1112 2589 dici
1128 2561 1233 2596 nequit.
1249 2561 1432 2593 Quamobrem
1459 2569 1520 2589 esse
1536 2562 1643 2596 quidem
1657 2561 1694 2589 til-

905 2609 957 2636 lam
986 2609 1011 2635 in
1037 2615 1151 2642 corpore
1169 2613 1263 2635 nostro
1289 2608 1408 2641 scimus,
1436 2613 1462 2635 at
1484 2599 1538 2643 quo
1554 2613 1634 2642 pacto
1659 2607 1696 2632 sit

906 2654 1074 2688 ignoramus.
1092 2653 1186 2680 ltidem
1202 2653 1318 2679 animam
1336 2658 1476 2688 expertem
1493 2661 1555 2680 esse
1572 2651 1693 2678 tttalerici

905 2707 1003 2726 crasso:
1017 2707 1049 2726 ac
1066 2700 1256 2734 iucorpoream
1271 2699 1339 2732 scio,
1352 2700 1462 2733 quando
1476 2700 1510 2725 ita
1529 2706 1558 2725 se
1572 2706 1627 2724 rem
1645 2697 1677 2723 ha
1689 2712 1695 2718 ι

906 2744 971 2772 here
988 2745 1079 2779 accepi
1093 2753 1099 2770 :
1116 2752 1209 2771 verum
1223 2752 1283 2779 qua:
1299 2745 1335 2772 sit
1347 2745 1405 2778 ejus
1418 2745 1523 2779 species
1538 2744 1595 2770 sive
1608 2742 1694 2769 fo’i'ma

908 2790 949 2817 vel
962 2789 1051 2823 qualis
1067 2791 1204 2824 essentia,
1220 2791 1291 2818 scire
1307 2798 1426 2825 nequeo.
1444 2790 1549 2824 Quippe
1571 2798 1623 2816 non
1647 2798 1696 2824 pu-

906 2839 959 2862 test
981 2836 1031 2862 huc
1055 2836 1178 2863 oratione
1205 2837 1363 2866 cuiusuumr
1388 2835 1527 2865 0\Dii(“.lli.
1555 2836 1620 2863 Nam
1647 2837 1693 2864 qui
