1957 3073
223 127 274 159 155
540 134 555 143 ‘

835 120 1044 152 MICHAELIS
1061 119 1190 152 GLYCt’E

1785 115 1827 149 156

219 191 334 212 cernere
348 183 410 217 quis
427 190 486 209 eam
513 182 610 217 possit,
626 188 687 215 qua:
708 180 816 207 condita
831 185 872 207 est
887 180 920 207 ad
938 179 1007 206 ima-

1067 178 1251 213 ὶκατάληπτυς
1276 176 1305 209 EE
1320 169 1450 211 ’ἀνάγκης
1477 176 1525 204 καὶ
1553 176 1569 211 ἡ
1590 174 1638 202 τοῦ
1661 176 1830 210 πρωτοτύπυυ

220 231 313 266 ginem
327 230 383 261 Dei,
398 237 478 263 quem
495 236 545 255 nec
562 227 749 260 intelligentia:
770 227 795 253 vi
818 233 869 253 nee
882 226 935 253 ulla
944 233 1009 261 per-

220 276 347 311 captione
361 274 595 309 comprehendere
603 272 770 308 possumus?
784 271 892 307 Quippe
909 271 1007 299 si'ani-

220 329 272 349 tua!
295 320 492 356 comprehendi
519 323 611 354 posset
638 318 776 350 essentia,
799 321 891 352 posset
915 317 1009 344 itidem

220 367 350 402 imaginis
367 373 477 400 quoque
502 365 628 399 princeps
644 365 783 399 exemplar
800 363 1008 397 comprehendi.

220 413 255 439 At
270 413 292 439 si
312 411 408 446 nequit
423 411 564 445 exemplar
576 409 642 436 illud
662 409 789 443 princeps
803 409 1011 442 comprehendi,

220 458 303 484 etiam
335 456 491 484 necessario
507 460 638 489 sequetur
652 454 795 489 imaginem
810 454 868 488 ejus
883 453 1013 480 consimi-

220 501 284 528 liter
307 500 502 535 comprehendi
526 508 580 526 nou
596 507 686 534 posse.
705 499 761 531 Qua
781 499 815 526 de
839 505 921 526 causa
940 499 970 525 fit
986 503 1014 525 ut

1062 225 1154 251 εἰκών.
1174 222 1271 249 Ἔνθεν
1296 231 1338 249 τοι
1355 223 1402 249 καὶ
1417 222 1502 249 πολλὰ
1519 221 1568 256 μὶν
1580 221 1764 256 ὲφιλοαοφήθη
1777 222 1832 257 περὶ

1063 269 1159 304 αὐτῆς.
1173 268 1260 300 οὐδεὶς
1287 268 1315 294 δὲ
1333 269 1383 303 τὴν
1398 267 1499 302 ταύτης
1513 267 1608 293 οὐσίαν
1622 266 1742 302 ἠδυνήθη
1758 274 1830 293 κατα-

1063 315 1193 342 λαὸἐσῠαι
1221 315 1298 346 ποτε,
1321 314 1382 341 κατ’
1410 314 1512 345 εἰκόνα,
1527 313 1566 344 ὡς
1584 313 1704 347 εἴρηται,
1724 313 1831 339 κτισθεῖ-

1062 369 1114 387 σαν
1129 360 1177 386 τοῦ
1194 360 1386 394 ἁκαταλήπτου
1400 360 1448 386 καὶ
1465 360 1645 394 ἀπερινοήτου
1664 359 1746 387 Θεοῦ.
1765 358 1833 386 Ἀλλὰ

1062 408 1109 433 καὶ
1136 405 1273 432 παιδεύων
1291 406 1364 439 ἡμᾶς
1391 405 1405 431 ό
1434 405 1501 436 Θεὸς
1524 404 1595 432 ὥστε
1623 405 1749 432 ταπεινὸν
1771 404 1833 439 ἔχειν

1063 452 1191 486 φρόνημα
1216 453 1263 478 καὶ
1283 453 1320 486 μὴ
1341 451 1376 477 τὰ
1392 451 1457 485 περὶ
1472 451 1545 485 ἡμᾶς
1568 450 1635 480 ὅλως
1651 449 1833 484 φαντάζεσθαι,

1064 499 1194 533 τοιαύτην
1209 498 1400 533 ἀκαταληψίαν
1417 497 1530 532 ἐνέθηκε
1552 498 1584 531 τῇ
1602 496 1686 531 ψυχῇ.

222 547 336 574 tametsi
347 547 430 574 multa
448 546 525 573 multi
544 546 578 573 de
601 553 631 572 ea
665 545 840 572 commentati
861 545 935 576 sint,
967 551 1048 571 nemo
1067 549 1158 572 tamen
1172 545 1319 572 essentiam
1343 544 1429 579 ipsius
1442 550 1559 577 unquam
1572 543 1624 578 '73
1641 543 1779 577 percipere
1793 550 1836 577 po-

222 594 317 625 tuerit,
333 593 482 623 conditam,
511 596 540 619 ut
556 591 657 618 dictum
677 595 737 623 est,
758 590 791 617 ad
805 590 952 625 imaginem
968 589 1016 617 Dei
1036 590 1156 617 neminis
1187 590 1352 624 cogitatione
1374 597 1406 617 ae
1445 590 1621 625 intelligentia
1642 589 1837 624 comprehensi-

223 639 299 666 bilis.
327 638 399 665 Deus
414 638 524 673 quidem
542 641 616 664 certe
649 644 700 663 nos
719 637 856 670 castigans
872 640 899 663 et
915 636 1051 668 erudiens,
1075 641 1104 663 ut
1118 636 1209 663 animo
1226 637 1344 664 demisso
1357 636 1442 664 simus
1466 643 1517 663 nec
1542 636 1779 672 imaginationibus
1796 643 1839 662 nu-

223 685 288 712 stris
304 684 397 711 omnia
415 691 474 719 quae
489 684 517 711 in
540 683 619 710 nobis
642 687 706 710 sunt
721 682 865 717 complecti
889 682 1013 718 velimus,
1033 681 1188 717 hujusmodi
1205 682 1350 717 quamdam
1370 682 1562 710 obscuritatem
1592 681 1776 717 perceptiouis
1788 680 1839 708 ani—

224 739 275 758 tuae
290 731 396 758 indidit.
569 751 573 753 .

260 777 310 804 llic
328 783 418 804 autem
431 776 551 806 animum
565 775 644 808 mihi,
669 776 767 804 dilecte
789 776 837 809 illi,
861 775 1009 804 advertito.

1099 775 1219 812 Πρόσεχε
1242 776 1281 809 δὲ,
1297 776 1436 812 ἀγαπητέ.
1454 774 1562 807 Φθάσας
1586 775 1637 810 μὲν
1659 775 1713 811 γὰρ
1728 775 1742 802 6
1769 774 1839 808 λόγος
1856 750 1861 758 ν

226 823 335 851 Dictum
357 827 401 850 est
414 830 496 857 supra
513 822 540 849 in
557 822 618 849 alvo
639 828 761 849 materna
772 823 864 850 subito
881 823 1010 854 animam,

1067 825 1165 858 ἔδειξεν
1184 825 1226 851 ὅτι
1243 823 1341 860 ἁθρόον
1366 825 1396 851 ἐν
1421 824 1456 858 τῇ
1492 823 1611 858 μήτρᾳὴ
1632 822 1780 853 θεοείκελος
1805 821 1840 856 τῷ

225 878 285 905 quae
301 869 347 896 Dei
363 869 446 896 refert
462 868 618 904 imaginem,
637 877 690 896 una
717 876 779 896 eum
804 876 919 904 corpore
941 868 1012 895 exsi-

224 920 308 945 stere.
322 920 403 949 atque
422 914 474 941 hoc
493 918 572 949 pacto
587 914 688 942 animal
700 922 783 942 unum
805 915 886 949 idque
899 921 1012 949 compo-

225 961 308 988 situm
323 960 439 992 absolvi,
460 968 540 995 quem
557 960 697 988 hominem
713 960 842 988 dicimus.
866 960 933 988 Esse
947 961 1011 988 item

226 1007 297 1033 hanc
313 1005 465 1032 unitionetn
480 1005 666 1039 personalem,
681 1005 811 1032 nimirum
830 1004 1012 1032 cxsistentem

225 1052 353 1086 utrinque
371 1056 530 1078 naturarqu
545 1051 716 1078 diversarum
742 1052 769 1078 in
796 1059 880 1078 unum
898 1058 1013 1079 concur-

225 1097 341 1124 sionem.
355 1096 439 1132 lgitur
458 1104 511 1131 quo
526 1101 605 1131 pacto
622 1104 721 1131 corpus
737 1103 765 1124 et
775 1097 864 1124 anima
880 1097 970 1124 subito
984 1097 1011 1125 in

225 1143 286 1169 alvo
304 1147 426 1169 materna
438 1146 618 1173 concurrunt,
645 1141 740 1168 εοᾱειιι
758 1150 867 1177 quoque
889 1149 983 1169 I'IH'SUS
998 1150 1013 1169 a

225 1195 255 1214 se
267 1187 383 1214 invicem
397 1186 487 1213 subito
498 1186 594 1213 mortis
605 1191 727 1220 tempore
737 1186 912 1213 dirimuntur.
924 1186 1013 1219 Quare

225 1232 248 1260 si
264 1232 325 1265 quis
337 1231 476 1259 existimat
492 1231 609 1257 animam
637 1237 652 1257 e
667 1238 780 1265 corpore
796 1231 924 1265 paulatim
945 1236 1013 1258 tem-

227 1285 291 1311 pore
307 1277 405 1304 mortis
416 1277 548 1304 excedere
560 1280 715 1311 propterea.
739 1277 812 1311 quod
829 1276 1012 1303 membrorum

226 1327 356 1349 extremae
371 1326 462 1356 partes
478 1322 506 1348 in
522 1322 555 1349 iis
578 1322 624 1357 qui
654 1322 745 1349 subito
771 1329 826 1349 non
841 1323 1013 1350 emoriuntur

227 1367 308 1402 plane
323 1367 442 1402 [rigeant
455 1374 487 1393 ae
511 1374 622 1394 sensum
650 1367 788 1398 amittant,
814 1371 942 1400 tanquam
960 1367 1012 1394 sla

230 1412 351 1447 corporis
364 1412 586 1440 extremitatibus
601 1412 734 1446 inciperet
759 1420 820 1440 sese
850 1413 1013 1440 contrahere

228 1459 416 1494 paulatimque
431 1459 514 1486 veluti
529 1458 700 1490 convolvere,
732 1463 762 1485 ut
788 1464 962 1494 posteaquam
978 1459 1011 1486 ad

1066 864 1173 906 σώματι
1189 863 1435 907 συμπαρυφίστατο
1460 869 1543 905 ψυχὴ.
1563 869 1711 896 κάντεῦθεν
1734 868 1763 895 ἒν
1779 868 1840 900 (tim

1066 917 1193 944 σύνθετον
1217 916 1391 944 ἀποτελεῖται
1407 917 1420 942 6
1434 916 1588 950 ἄνθρωπος.
1610 915 1664 941 Καὶ
1684 914 1756 943 τοῦτ’
1773 914 1840 941 ἐστιν

1065 965 1082 1000 ὴ
1095 963 1156 991 καθ’
1173 963 1322 990 ὑπόστασιν
1337 963 1446 994 ἓνωσις,
1473 961 1546 988 τοῦτ’
1571 962 1645 988 ἔστιν
1662 962 1678 996 ἡ
1696 961 1841 995 άμφύπαρ-

1066 1004 1129 1042 κτός
1143 1009 1197 1036 τῶν
1208 1009 1373 1044 ἑτερουσίων
1387 1008 1448 1035 κατ’
1462 1008 1543 1034 αὐτὴν
1559 1007 1705 1042 συνδρομή.
1722 1006 1788 1033 Καθ’
1813 1006 1840 1033 ὃν

1065 1053 1157 1080 τοίνυν
1171 1053 1275 1088 τρόπον
1288 1051 1387 1087 ἁθρόον
1416 1051 1545 1086 ἀλλήλοις
1560 1051 1589 1078 ἐν
1606 1051 1639 1086 τῇ
1673 1051 1765 1086 μήτρᾳ.
1785 1050 1842 1077 σύν-

1065 1099 1193 1135 τρέχουσι
1209 1098 1239 1125 τό
1253 1106 1283 1125 τε
1304 1097 1384 1132 σῶμα
1401 1097 1448 1124 καὶ
1462 1098 1478 1132 ή
1498 1096 1580 1132 ψυχὴ,
1610 1097 1681 1123 κατὰ
1706 1096 1751 1124 τὸν
1766 1096 1842 1124 αὑτὸν

1066 1145 1144 1176 αὖθις
1158 1144 1255 1180 ἀθρόον
1279 1143 1401 1178 ἀλλήλων
1415 1143 1564 1170 διίστανται
1582 1142 1651 1170 κατά
1677 1151 1709 1177 γε
1725 1143 1772 1169 τὸν
1797 1141 1841 1168 τοῦ

1067 1191 1182 1217 θανάτου
1198 1189 1305 1224 καιρόν.
1325 1188 1355 1215 '0
1372 1187 1463 1214 τοίνυν
1475 1187 1600 1222 οίόμενος
1614 1187 1664 1222 τὴν
1678 1187 1767 1232 ψυχὴν
1777 1187 1842 1214 κατὰ

1068 1236 1154 1272 βραχὺ
1172 1234 1219 1262 τοῦ
1245 1234 1369 1269 σώματος
1384 1233 1575 1268 ὑπαναχωρεϊν
1602 1234 1631 1260 ὲν
1650 1233 1688 1268 τῷ
1703 1233 1749 1260 τοῦ
1767 1233 1842 1260 Θανά-

1065 1291 1114 1309 του
1132 1281 1221 1316 καιρῷ
1236 1280 1280 1307 διὰ
1293 1280 1324 1307 τὸ
1347 1279 1518 1314 κατεψῦχθαι
1537 1288 1568 1305 τε
1596 1280 1643 1306 καὶ
1673 1279 1844 1306 παντάπασιν

1067 1327 1240 1363 ἀναισθητεῖν
1258 1327 1293 1353 τὰ
1307 1326 1378 1361 ἄκρα
1389 1326 1444 1352 τῶν
1463 1326 1501 1362 μὴ
1515 1326 1633 1359 ἐξάπινα
1647 1325 1841 1358 τελευτώντων,

1066 1375 1161 1410 ὥσπερ
1184 1373 1237 1400 ἀπὸ
1256 1372 1310 1399 τῶν
1326 1371 1454 1408 περάτων
1478 1371 1525 1399 τοῦ
1551 1371 1676 1406 σώματος
1693 1372 1845 1408 ἀρχομένης

1065 1420 1152 1456 αὐτῆς
1167 1419 1360 1446 συστέλλεσθαι
1376 1419 1423 1446 καὶ
1436 1419 1507 1446 κατὰ
1526 1418 1609 1454 μέρος
1626 1419 1788 1452 annos“,
1803 1419 1844 1445 ῐνα

1067 1465 1177 1492 ἐπειδὰν
1195 1465 1243 1500 ὅλη
1260 1464 1328 1500 πρὸς
1340 1463 1390 1499 τὴν
1423 1464 1540 1499 καρδίαν
1564 1463 1745 1500 συσπειραθῇ,
1764 1465 1777 1490 6
1790 1472 1845 1490 τοι·

228 1511 276 1531 eor
293 1508 346 1530 tota
357 1503 471 1531 collecta
491 1503 583 1535 fuerit,
610 1503 701 1531 subito
728 1503 792 1531 inde
807 1503 924 1535 eluetur,
950 1512 1011 1531 om-

1067 1511 1141 1543 οὖτος
1156 1511 1314 1546 ἠπάτηται·
1338 1511 1368 1538 οὗ
1388 1510 1442 1546 γὰρ
1472 1509 1560 1542 οὕτως
1581 1510 1648 1545 εχει,
1670 1509 1728 1538 ἀλλ’
1753 1509 1845 1545 ὥσπερ

228 1549 296 1576 uiuo
311 1549 335 1576 is
351 1549 482 1584 opinione
504 1556 553 1576 sua
581 1549 697 1577 fallitur.
725 1549 831 1584 Quippe
859 1557 903 1577 res
925 1557 959 1577 eo
983 1557 1014 1577 se

228 1599 309 1629 pacto
321 1602 376 1622 non
394 1595 486 1628 habet,
501 1596 548 1623 sed
561 1595 789 1630 quemadmodum
800 1596 869 1622 citra
883 1596 1014 1630 temporis

228 1641 404 1668 intervallum
419 1641 509 1669 elucet
522 1641 613 1668 anima
632 1641 660 1668 in
686 1648 811 1676 corpore.
836 1641 903 1668 solis
927 1641 1015 1668 instar

228 1693 292 1712 aera
310 1686 402 1713 sublto
414 1686 611 1719 collustrantis,
637 1685 734 1713 eodem
759 1686 840 1714 modo
853 1686 935 1714 etiam
952 1686 1014 1713 inde

228 1731 328 1758 avolat.
343 1731 526 1764 Quamobrem
542 1739 593 1759 nec
605 1732 773 1763 extenditur,
792 1738 821 1759 ut
832 1732 960 1767 superius
971 1732 1015 1759 in-

229 1778 399 1811 diubamus,
430 1785 481 1806 nec
495 1778 699 1806 dimensiouem
728 1777 870 1805 admittit:
896 1778 944 1805 sed
961 1782 1015 1806 tota

231 1827 316 1850 totum
330 1831 431 1859 corpus
444 1824 570 1851 animans
583 1824 765 1852 nihilominus
791 1824 965 1858 peculiariter
982 1832 1015 1851 ex

229 1876 260 1896 se
276 1869 412 1897 consistit.
434 1870 503 1902 Quid
521 1874 564 1897 est
576 1872 668 1897 autem
679 1870 751 1904 quod
766 1870 921 1897 extenditur
935 1870 1014 1897 simul

230 1922 291 1942 cum
307 1922 422 1948 corpore
438 1920 465 1942 et
483 1916 570 1950 ipsum
585 1916 713 1943 animat?
742 1916 846 1942 Natura
864 1921 891 1942 et
904 1916 958 1942 vita
976 1924 1016 1943 ra~

231 1961 314 1988 tionis
331 1968 438 1995 expers.
455 1961 549 1996 Neque
564 1962 678 1989 decebat
691 1961 718 1988 in
731 1969 824 1988 crasso
838 1961 939 1988 versari
955 1970 1015 1988 cor-

231 2014 296 2040 pore
323 2006 452 2040 animam,
481 2008 583 2042 absque
614 2007 704 2034 Inedio
735 2007 853 2042 quodam
884 2008 1016 2036 extremis

232 2059 358 2088 cognato.
374 2053 432 2088 Ipsa
452 2054 560 2088 quidem
592 2059 656 2081 ante
683 2054 895 2089 exspirationem
910 2059 1017 2089 postre-

233 2108 305 2127 mam
321 2108 374 2127 una
401 2108 462 2127 cum
492 2101 710 2128 extremitatibus
741 2101 932 2135 exstinguitur,
961 2109 1016 2129 non

230 2146 293 2174 inde
306 2147 405 2182 migrat
420 2156 426 2174 :
441 2147 511 2173 foret
526 2147 598 2174 enim
619 2147 789 2179 immortalis,
801 2147 822 2174 si
837 2147 870 2174 ad
885 2155 914 2174 se
928 2147 1016 2182 ipsam

230 2192 418 2227 colligeretur.
434 2193 469 2220 At
482 2193 534 2219 hoe
551 2192 714 2220 iulermedio
732 2192 841 2219 vinculo
868 2192 1012 2225 dissoluto,

232 2243 359 2272 tanquam
381 2238 407 2265 in
422 2238 514 2272 spatio
532 2237 662 2271 temporis
691 2237 850 2271 impartibili
877 2237 920 2264 vel
942 2237 1013 2264 oculi

231 2289 382 2314 momento.
412 2284 481 2310 sicut
495 2283 641 2318 Apostolus
669 2283 801 2317 loquitur,
814 2284 904 2310 anima
924 2291 940 2310 e
953 2291 1014 2311 cor-

231 2337 297 2364 pore
310 2329 437 2356 discedt.
453 2329 483 2355 Et
498 2330 630 2356 hactenus
639 2329 747 2362 quidem
757 2329 792 2356 de
806 2329 896 2356 anima
910 2330 1014 2356 dictum

230 2381 301 2403 σξιο.

266 2419 360 2447 Fuerit
376 2424 468 2447 autem
485 2420 602 2452 pretium
633 2427 724 2455 opera:
754 2420 879 2447 nonnihil
907 2429 957 2448 nos
982 2421 1015 2448 iis

231 2466 314 2493 etiam
332 2466 470 2493 imumrari
484 2474 545 2501 qua;
558 2466 592 2494 de
604 2473 720 2502 corpore
734 2467 843 2501 quidam
869 2467 932 2494 olitn
960 2467 1016 2495 dis-

232 2516 397 2543 seruerunt;
419 2511 498 2546 idque
514 2512 547 2539 de
571 2520 653 2540 causa
676 2513 847 2546 potissimum
871 2520 914 2545 ea,
944 2514 1015 2547 quod

231 2565 280 2592 pro
292 2557 469 2592 dispositione
482 2558 605 2593 corporis
619 2563 647 2585 et
659 2557 804 2585 alIectione
830 2558 919 2584 anima
948 2566 1016 2591 quo-

229 2611 283 2639 que
307 2604 482 2631 consueverit
510 2611 602 2639 agere.
635 2602 701 2630 Nam
724 2603 951 2638 quemadmodum
976 2603 1016 2631 sol

231 2661 280 2686 pro
307 2651 380 2678 aeris
411 2651 469 2678 sive
501 2651 627 2678 crassitie
662 2650 720 2677 sive
749 2649 900 2676 subtilitate
926 2650 1016 2677 ra-Iios

230 2698 312 2724 etiam
325 2699 358 2724 ad
374 2706 425 2725 nos
439 2698 562 2724 diversos
579 2696 691 2729 emittit,
705 2696 744 2723 sic
759 2701 786 2722 et
800 2697 889 2722 anima
907 2696 932 2722 vi
948 2704 1016 2730 pra:-

231 2741 286 2767 tltta
302 2741 491 2776 intelligentia:
507 2749 556 2775 pro
582 2740 757 2774 instrumenti
774 2740 921 2768 all'et-tioue
938 2749 1015 2768 suam

231 2786 418 2814 ellicacitatrm
435 2786 567 2814 declarat.
603 2785 672 2812 llinc
686 2786 820 2819 qutulam
844 2793 905 2812 esse
926 2786 1015 2812 fatuus

232 2830 364 2863 viduitas,
378 2833 508 2865 quosdam
523 2841 575 2860 non
590 2833 653 2859 item
666 2841 673 2865 ',
699 2832 761 2858 hinc
778 2833 844 2870 alios
860 2832 1016 2858 somnolen-

1065 1556 1186 1592 ἁχρόνως
1201 1556 1351 1591 ἐπιλάμπει
1365 1555 1403 1589 τῷ
1424 1555 1530 1590 σώματι
1550 1555 1626 1591 δίκην
1640 1555 1717 1591 ἡλίου
1733 1555 1847 1588 ἐξάπινα

1064 1602 1110 1629 τδν
1121 1602 1191 1638 ἀέρα
1205 1602 1454 1637 καταφωτίζοντος,
1471 1601 1543 1629 κατὰ
1554 1601 1600 1628 τδν
1617 1602 1700 1628 αὑτὸν
1714 1601 1791 1636 λόγον
1800 1602 1848 1629 καὶ

1065 1649 1171 1675 ἐκεῖθεν
1184 1648 1347 1682 ἁφίπταται.
1371 1648 1478 1675 Οὖκουν
1491 1648 1644 1675 ἐκτείνεται
1671 1648 1761 1680 τοῦτο,
1774 1649 1846 1676 καθᾶ

1065 1694 1168 1721 ἄνωθεν
1183 1694 1308 1728 εἴπομεν,
1324 1693 1385 1720 οὐδὲ
1401 1693 1548 1726 διίσταται,
1566 1693 1635 1720 ἀλλὰ
1663 1695 1711 1721 καὶ
1728 1694 1789 1721 ὅλον
1812 1693 1848 1721 δι’

1065 1730 1126 1766 ὅλου
1139 1739 1261 1775 ψυχοῦσα
1277 1739 1353 1767 οὐδὲν
1368 1738 1449 1776 ἦττον
1466 1740 1509 1775 ἐφ’
1523 1740 1621 1775 ἑαυτῆς
1643 1740 1753 1775 ἕστηκε.
1769 1741 1801 1767 Τί
1816 1741 1846 1768 δι

1065 1785 1124 1811 ἐστι
1135 1785 1165 1810 τὸ
1180 1785 1412 1819 συνεκτεταμένον
1426 1784 1465 1819 τῷ
1478 1783 1584 1820 σώματι
1598 1785 1646 1812 καὶ
1660 1784 1746 1816 ζωοῦν
1761 1785 1826 1811 αὐτό
1838 1792 1847 1818 ς

1072 1829 1102 1856 'll
1121 1830 1201 1865 φύσις
1216 1830 1263 1856 καὶ
1277 1831 1293 1865 ή
1309 1830 1405 1864 ἄλογος
1420 1829 1489 1865 ζωὴ.
1504 1830 1572 1856 Οὐδὲ
1588 1831 1642 1866 γάρ
1660 1828 1694 1865 ἦν
1711 1830 1851 1865 εὐπρεπὲς

1065 1874 1104 1910 τῷ
1117 1876 1200 1910 παχεί
1215 1875 1416 1909 προσομιλῆσαι
1434 1875 1542 1910 σώματι
1558 1875 1608 1910 τὴν
1625 1875 1714 1911 ψυχὴν
1728 1876 1793 1902 ἄνευ
1807 1885 1850 1902 τι-

1066 1921 1110 1953 νὸς
1127 1921 1284 1957 προσφιλοῦς
1314 1922 1368 1953 τοῖς
1385 1921 1480 1957 ἄκροις
1506 1922 1664 1956 μεσότητος,
1691 1922 1745 1949 Καὶ
1777 1922 1851 1953 αὕτη

1067 1967 1118 2002 μὲν
1132 1969 1186 2003 πρὸ
1201 1967 1250 2003 τῆς
1268 1967 1415 1999 παντελοῦς
1444 1967 1641 1999 ἀποπνεύσεω;
1667 1969 1724 2000 τοῖς
1757 1969 1853 2004 ἀκρω-

1065 2014 1170 2048 τηρίοις
1188 2014 1448 2046 συναποσὸέννυται,
1465 2014 1495 2039 οὐ
1513 2013 1566 2049 μὴν
1582 2013 1683 2040 ἐκεῖθεν
1701 2014 1852 2049 ὑποχωρεῖ.

1067 2057 1121 2085 Ἦν
1139 2061 1193 2095 γὰρ
1211 2059 1244 2087 ἂν
1261 2059 1394 2091 ἀθάνατος
1421 2060 1625 2095 ὲπανερχομένη
1646 2061 1715 2095 πρὸς
1738 2061 1854 2096 ἑαυτήν.

1075 2105 1106 2131 Ἦ
1118 2104 1146 2131 δέ
1162 2113 1193 2139 γε
1208 2105 1347 2140 ψυχὴ¹τοῦ
1365 2105 1448 2140 μέσου
1461 2106 1557 2131 τούτου
1585 2105 1686 2141 δεσμοῦ
1710 2105 1856 2133 διαλυθέν-

1067 2159 1123 2182 τος,
1143 2150 1279 2185 ὥσπερέν
1295 2151 1389 2187 ἀτόμῳ
1407 2151 1423 2186 ἢ
1449 2152 1516 2187 ῥιπῇ
1540 2151 1694 2186 ὀφθαλμοῦ,
1724 2154 1737 2179 ὃ
1768 2162 1858 2188 φησιν

1030 2184 1051 2211 D
1066 2195 1243 2228 Ἀπόστολος,
1276 2196 1324 2223 τοῦ
1348 2184 1479 2232 adipe-rio;
1502 2184 1604 2230 wlaedat.
1630 2184 1695 2224 -Καλ
1731 2184 1858 2225 Iocis-ha.

1066 2242 1116 2276 μὲν
1142 2243 1156 2268 6
1181 2242 1261 2277 λόγος
1285 2243 1337 2279 ἠδη
1365 2243 1486 2279 διείληφε
1519 2243 1582 2278 περὶ
1612 2243 1696 2279 αὐτῆς
1725 2244 1773 2280 τῆς
1800 2245 1858 2279 ψυ-

1064 2289 1125 2324 xii:-

1101 2420 1265 2454 Ἀναγκαῖον
1301 2419 1328 2446 δὲ
1353 2418 1561 2454 προσδιατριψαι
1588 2419 1686 2454 μικρὶν
1717 2421 1763 2446 καὶ
1799 2422 1863 2453 τοῖς

1066 2466 1184 2492 ἔκπαλαι
1211 2466 1275 2501 περὶ
1302 2465 1385 2492 αὑτοῦ
1402 2465 1623 2500 φυσιολογηθείσι
1640 2466 1687 2492 τοῦ
1711 2467 1863 2501 σώματος.

1066 2512 1144 2542 Τίνος
1162 2511 1256 2538 ἒνεκεν
1270 2521 1277 2544 ;
1294 2512 1356 2538 Ὅτι
1368 2512 1438 2538 κατὰ
1453 2511 1505 2546 τὴν
1520 2510 1603 2538 αὑτοῦ
1618 2511 1739 2538 διάθεσιν
1753 2513 1864 2538 εἴωθεν

1066 2558 1168 2593 ἡψυχὴ
1183 2559 1316 2593 ἐνεργεῖν.
1346 2557 1480 2592 Καθάπερ
1497 2558 1551 2592 γὰρ
1576 2557 1590 2583 6
1617 2556 1743 2592 λαμπρὸς
1770 2555 1865 2590 οὗτος

1066 2604 1141 2640 ἣλιος
1152 2603 1222 2630 κατὰ
1234 2604 1284 2639 τὴν
1300 2603 1346 2629 τοῦ
1370 2603 1450 2637 άέρο;
1470 2603 1535 2630 εἴτε.
1553 2603 1698 2638 παχύτητα
1724 2604 1781 2630 eis:
1814 2604 1867 2630 λε-

1068 2651 1188 2686 πτότητα
1206 2650 1272 2685 πρὶς
1290 2649 1366 2684 ἡμᾶς
1381 2648 1430 2680 τὰς
1447 2649 1559 2680 ἀκτῖνας
1574 2649 1700 2684 ἀφίησιν,
1716 2649 1790 2676 οὕτω
1809 2651 1868 2676 καὶ

1067 2697 1147 2729 νοερὰ
1159 2695 1231 2730 ψυχὴ
1247 2695 1318 2721 κατὰ
1331 2695 1381 2729 τὴν
1405 2694 1520 2728 ὀργάνου
1539 2693 1660 2720 διάθεσιν
1684 2695 1733 2730 τὴν
1748 2695 1870 2728 ἑαυτῆς

1067 2742 1207 2776 ἐνέργ-ιαν
1235 2741 1383 2767 δείκνυσιν.
1419 2739 1557 2766 Ἐντεῦθεν
1577 2741 1624 2767 καὶ
1650 2743 1741 2775 μωρὸν
1778 2740 1869 2767 ἐστιν

1068 2787 1131 2814 ίόεἰν
1149 2787 1196 2812 καὶ
1217 2787 1253 2822 μὴ
1268 2784 1400 2817 τοιοῦτον,
1419 2784 1539 2819 ὑπνηλδν
1565 2785 1613 2810 καὶ
1630 2785 1779 2819 γρήγορον,
1809 2785 1871 2810 ου-

1069 2830 1144 2866 μώόη
1171 2831 1217 2856 καὶ
1243 2831 1341 2865 πρᾶον,
1379 2829 1500 2863 ἀνδρτῖον
1525 2829 1570 2855 καὶ
1598 2828 1695 2864 δειλὸν,
1723 2831 1771 2856 καὶ
1808 2830 1874 2861 ὅπᾳ
