1957 3073
134 137 170 170 157
688 134 894 165 ANVALIUM
915 134 1011 162 PARS
1032 135 1054 163 l.

1640 136 1690 164 tua

94 218 97 219 ν
133 197 220 225 τοιαῦτα.
237 195 280 223 Καὶ
295 195 332 231 μὴ
359 193 442 230 μῦθον
467 194 534 230 ἡγοῦ
553 194 588 220 τὰ
613 193 748 227 λεγόμενα
761 200 767 207 ·
786 192 857 226 ἔχεις

917 198 963 222 .os,
978 189 1046 216 alios
1063 188 1226 223 vigilantes;
1240 188 1307 216 alios
1326 189 1484 220 iracundos,
1511 189 1579 216 alios
1593 189 1691 221 mites;

133 247 171 279 γὰρ
180 244 212 270 τὸν
220 243 325 278 Σιναττην
336 241 407 268 Θεῖον
426 241 601 268 ’Δναστάτιον
616 240 730 273 λέγοντα
750 238 787 273 μὴ
811 237 856 263 τὸν

132 287 241 316 Θεὸνεῖναι
259 289 308 315 τῶν
322 287 450 315 τοιούτων
464 287 561 319 αἴτιον,
588 286 673 321 αὐτὴν
695 285 723 312 δὲ
756 284 857 319 μᾶλλον

131 336 166 370 τὴν
178 334 283 369 φύσινκαὶ
297 334 346 370 τὴν
365 333 419 360 τῶν
434 333 576 367 τεσσάρων
593 331 735 366 στοιχείων
748 331 858 365 συνδρο-

130 381 170 416 μὴν
182 381 216 407 καὶ
225 380 377 407 συνέλευσιν.
394 380 444 406 Ἂν
460 380 516 414 γὰρ
531 378 631 414 εὑρεθῇ
648 377 801 412 πλημμύρα
811 376 857 402 τοῦ

125 427 203 462 θερμοῦ
215 427 326 461 στοιχείου
341 427 371 452 ὲν
381 427 415 461 τῇ
432 426 492 460 ὥρᾳ
504 425 555 459 τῆς
581 424 628 451 τοῦ
656 423 773 458 βρέφους
795 423 858 449 συλ-

127 471 214 505 λήψεως,
226 471 315 505 θερμῆς
345 470 471 505 κράσεως
493 470 524 496 τὸ
548 470 708 504 τικτόμενον
733 469 857 503 γίνεται·

125 517 160 544 ἐὰν
170 517 191 543 δὲ
201 517 224 543 τὸ
235 516 328 552 ψυχρὸν
344 516 576 551 καθυπερτερήσῃ
596 516 739 550 στοιχεῖον,
755 515 859 549 ψυχρο-

124 562 186 595 ripa;
199 561 262 593 ἕξεως
281 561 439 596 εὑρίσκεται
470 561 501 587 τὸ
522 561 693 595 τικτόμενον.
718 559 859 586 Ἐντεῦθεν

122 607 215 633 λοιπὺνὸ
229 615 252 632 τε
266 606 392 640 Θυμώδης
411 606 458 632 καὶ
475 607 488 632 6
505 607 602 640 πρᾶος,
626 606 640 631 6
663 605 786 638 ἀνδρεῖος
812 605 859 631 καὶ

120 652 194 683 δειλός.
207 652 304 686 Καὶὸρα
324 652 370 678 τὸν
404 651 451 678 σῦν
471 652 518 678 καὶ
542 652 588 678 τὸν
613 651 723 684 ἔλαφον,
740 651 786 677 τὸν
811 651 859 685 μὲν

120 698 174 732 πρὸς
187 697 282 732 πόλεμον
291 697 404 732 ἕτοιμον
419 697 463 724 διὰ
479 697 648 732 θερμότητα,
677 697 725 723 τὸν
751 695 780 722 δὲ
809 695 860 729 τὴν

118 744 190 778 μάχην
215 742 336 776 φεύγοντα
375 742 418 768 διὰ
448 742 497 777 τὴν
529 743 561 768 ὲκ
590 741 759 777 ψυχρότητος
785 739 859 774 αὐτῷ

116 787 241 821 προσοῦσαν
254 786 362 814 δειλίαν.
389 787 453 813 Ἐὰν
466 787 494 813 δὲ
523 787 553 813 τὺ
579 786 661 821 ξηρὸν
683 786 860 821 ὑπερτερήσῃ

115 834 232 867 στοιχεῖον,
251 833 379 867 νηφάλιον
391 842 453 860 τινα
481 833 530 860 καὶ
550 834 688 868 γρήγορον
718 831 859 858 ἀποτίκτει

111 877 237 911 ἄνθρωπον.
253 878 308 912 Ἐφ’
319 875 340 912 ᾧ
357 878 404 904 καί
418 887 460 910 τις
471 878 561 912 σοφὸς,
577 876 599 912 ᾧ
610 878 696 912 ὄνομα
715 876 859 911 Ἡράκλει’

109 930 156 954 τος.
171 922 243 956 ἔλεγε,
260 932 269 948 ι
281 923 354 958 ψυχὴ
369 923 501 958 ξηροτέρη
515 924 667 958 σοφωτέρητ
688 933 697 950 ι
713 922 802 958 ψυχὴν
813 923 858 948 ὲν-

107 967 181 994 “seu
196 969 237 1003 τὴν
252 968 295 995 τοῦ
313 969 465 1003 ἐγκεφάλου
489 969 607 1001 καλέσας
629 969 732 995 οὐσίαν.
752 969 816 995 Ἐὰν
832 968 860 994 δὲ

106 1012 132 1038 τὴ
149 1013 218 1047 ὑγρὸν
235 1013 363 1048 πλεονάσῃ
379 1014 519 1049 στοιχεῖον.
538 1014 641 1049 νωορόν
654 1022 715 1040 τινα
728 1014 800 1039 ποιεῖ
814 1013 860 1039 καὶ

104 1058 250 1092 δυσκίνητον.
271 1059 348 1085 Κατὰ
363 1058 449 1085 ταῦτα
472 1059 565 1086 λοιπὸν
575 1061 591 1094 ὴ
607 1060 639 1085 ἐκ
653 1059 761 1093 φύσεως
777 1058 862 1093 πραό-

102 1111 147 1137 της
169 1103 284 1138 φρόνησίς
304 1113 332 1130 τε
358 1105 405 1131 καὶ
426 1105 585 1140 σωφροσύνη
608 1105 658 1131 οὐκ
683 1105 779 1137 ἀρεταὶ
806 1105 861 1134 τοῖς

102 1149 175 1180 Θείοις
185 1149 295 1183 [Ιατράσι
305 1150 454 1184 κρίνονται,
469 1150 572 1184 φυσικὰ
587 1150 614 1176 δὲ
626 1150 860 1183 πλεονεκτήματα.

100 1194 149 1220 Καὶ
165 1195 286 1229 πρόσσχες
301 1195 376 1230 αύτῷ
401 1195 439 1231 τῷ
462 1196 572 1230 μεγάλῳ
591 1196 721 1230 Βασιλείῳ
739 1194 860 1228 λέγοντι·

102 1250 111 1266 ι
128 1241 235 1270 Πολλοὺς
250 1240 334 1274 ἔγνων
349 1241 429 1275 φύσει
449 1241 595 1276 μισοῦντας
606 1241 634 1267 τὸ
651 1240 797 1275 μίγνυσθαι
812 1248 862 1273 γυ-

95 1287 175 1318 ναικί.
187 1284 244 1321 *Δρ*
257 1284 303 1313 οὖν
325 1286 467 1322 σώφρονας
484 1287 582 1318 αὐτοὺς
601 1287 792 1321 ὀνομάσομεπ
809 1287 862 1313 Οὐ-

93 1331 196 1366 δαμῶς·
216 1331 374 1366 σωφροσύνη
388 1332 442 1366 γάρ
455 1332 527 1358 ἐστιν
540 1332 608 1365 αὑτὴ
626 1332 642 1367 ὴ
657 1332 802 1366 ἐγκράτεια
817 1331 863 1358 καὶ

91 1377 120 1403 τὸ
135 1377 281 1412 μαχόμενον
294 1378 485 1412 περιγενέσθαι
500 1378 554 1405 τῶν
565 1377 675 1413 ἡδονῶν.
697 1387 706 1404 ι
729 1378 782 1405 Καὶ
799 1378 864 1414 περὶ

90 1423 139 1458 μὲν
150 1423 248 1451 τούτων
257 1423 354 1456 οὕτως.

171 1601 242 1635 Περὶ
257 1602 309 1629 τοῦ
320 1610 326 1617 ·
349 1611 358 1627 ι
385 1603 560 1640 Ποιήσωμεν
577 1605 744 1640 ἄνθρωπον.
765 1615 775 1632 ο

115 1647 167 1673 Διά
181 1645 208 1673 τί
222 1647 249 1674 δὲ
262 1648 387 1676 πλάττων
399 1650 413 1676 6
426 1649 491 1682 Θεὸς
507 1651 552 1678 τὸν
567 1651 709 1686 ἄνθρωπον
722 1653 772 1679 οὐκ
786 1651 866 1678 ἔλαϐε

76 1693 178 1727 βῶλον,
196 1693 264 1722 ἀλλὰ
289 1695 353 1731 χοῦν
374 1696 404 1722 τὸ
416 1696 596 1730 λεπτότατον;
614 1698 681 1733 ὁμοῦ
703 1698 752 1733 μὲν
763 1699 795 1724 ἐκ
806 1698 867 1724 τοὺ-

73 1749 123 1766 του
136 1741 186 1766 καὶ
205 1741 236 1767 τὸ
253 1741 369 1776 φύσημα
383 1742 573 1771 καταστέλλων
586 1743 675 1777 ἡμῶν,
690 1743 757 1778 ὁμοῦ
772 1743 798 1770 δὲ
821 1743 867 1769 καὶ

69 1786 164 1817 διδοὺς
193 1786 323 1813 ἐντεῦθεν
347 1786 442 1813 ἐλπίδα
473 1787 523 1822 τῆς
547 1789 734 1820 ἀναστάσεως.
760 1789 868 1824 Ἐπειδὴ

69 1831 191 1866 προῄδει
221 1832 264 1858 ὅτι
287 1832 381 1866 μέλλει
403 1833 533 1868 τελευτᾷν
556 1834 586 1860 τὸ
602 1833 672 1865 ζῶον
687 1834 735 1860 καὶ
750 1835 787 1865 είς
803 1836 867 1869 χοῦν

67 1877 229 1911 καταντᾷν,
250 1877 396 1912 προλαϐὼν
420 1879 448 1905 ἐν
471 1880 503 1913 τῇ
531 1879 697 1914 δημιουργίᾳ
708 1880 757 1914 τὴν
773 1880 868 1906 emax

61 1923 118 1954 τῆς
132 1923 321 1954 ἀναστάσεως
335 1923 437 1950 δίδωσι.
449 1924 588 1958 Λαμὸἀνει
603 1925 666 1960 χοῦν
679 1925 733 1951 ἀπὺ
746 1926 794 1960 τῆς
805 1926 868 1961 γῆς,

61 1968 97 1994 ἶν’
112 1968 186 1994 ὅταν
202 1967 269 2004 ἴδῃς
284 1969 312 1994 ὲν
326 1969 405 2004 τάφῳ
421 1969 495 2004 χοῦν,
514 1969 584 2004 γνῷς
603 1971 644 1996 ὃτι
657 1965 670 1997 6
683 1972 787 1998 ἐκεῖνον
803 1970 869 1997 πλάο

57 2022 113 2045 σας
132 2014 185 2040 καὶ
202 2014 305 2041 τοῦτον
327 2015 479 2050 ἀνίστησιν.
500 2016 581 2042 Ἀλλὰ
607 2017 654 2043 καὶ
676 2016 748 2047 τίνος
765 2016 867 2051 ἕνεκεν,

906 235 975 262 alios
986 234 1081 266 fortes.
1091 234 1158 261 alios
1170 234 1279 262 timidos
1290 235 1405 269 :quibus
1419 235 1472 270 74
1482 235 1549 262 adde
1560 242 1620 269 guzr
1630 241 1693 263 sunt

907 281 1091 316 ejusgeneris
1107 281 1172 308 alia.
1186 279 1242 308 Nec
1256 288 1308 316 pro
1324 278 1424 308 fabulis
1439 283 1496 308 lure
1506 281 1554 309 tibi
1568 282 1693 309 ducenda

908 331 982 354 sunt.
997 326 1105 362 Quippe
1122 327 1162 353 vir
1180 327 1308 360 eximius,
1331 326 1496 355 Anastasius
1507 328 1638 361 Sinaites,
1657 329 1695 354 ait

909 373 993 400 Deum
1006 381 1061 400 non
1076 380 1135 400 esse
1152 373 1246 400 talioni
1265 377 1416 406 auctorem,
1436 374 1482 401 sed
1504 374 1589 408 ipsam
1604 374 1694 409 potius

908 423 1031 445 naturam
1047 423 1073 445 et
1091 419 1287 453 elementorum
1300 424 1419 454 quatuor
1434 427 1609 446 concursum.
1626 420 1692 446 Nam

909 465 931 492 si
949 465 1077 491 elementi
1091 465 1171 492 calidi
1187 465 1353 492 abundantia
1369 470 1491 499 tempore
1505 466 1694 500 conceptionis

910 511 1074 543 inveniatur,
1100 515 1342 545 temperamentum
1360 519 1468 545 quoque
1485 511 1602 538 calidum
1631 520 1697 538 eon-

910 553 1033 590 sequitur
1048 557 1074 583 id
1090 556 1163 591 quod
1178 561 1234 583 tum
1250 557 1379 592 gignitur.
1397 556 1443 584 Sin
1461 557 1589 584 elementi
1607 557 1695 590 frigidi

909 602 951 629 vis
972 603 1057 637 major
1084 602 1176 634 fuerit,
1193 603 1264 630 fetus
1280 603 1360 629 etiam
1389 603 1502 638 frigidus
1527 608 1695 638 procreatur.

912 647 1013 674 Eadem
1029 648 1062 675 de
1080 656 1162 675 causa
1177 649 1218 675 vel
1237 649 1359 676 iracundi
1377 649 1418 675 vel
1434 649 1525 682 miles,
1554 649 1596 676 vel
1615 649 1698 675 fortes

910 693 952 720 vel
981 693 1152 721 formidolosi
1179 694 1305 721 homines
1331 696 1489 730 gignuntur.
1519 695 1621 728 Aprum
1655 695 1698 722 hic

911 739 977 765 mihi
996 747 1057 766 cum
1075 747 1158 766 cerro
1175 740 1292 773 intuere,
1311 748 1427 774 quorum
1458 741 1503 767 ille
1532 745 1640 774 paratus
1653 745 1696 767 est

910 780 950 810 ad
961 791 1079 818 pugnam
1098 784 1132 811 ob
1149 784 1279 815 calorem,
1295 785 1339 811 hic
1354 792 1473 819 pugnam
1491 785 1651 812 reformidat
1669 789 1698 812 ct

912 829 980 864 fugit
995 830 1029 856 ob
1045 837 1104 856 eam
1127 838 1208 864 quam
1227 830 1307 857 habet
1329 837 1361 857 ex
1386 830 1486 863 [rigore
1514 831 1697 857 timiditatem.

911 875 1011 908 Quodsi
1026 875 1285 902 abundaveritsicci
1308 876 1349 903 vis
1372 875 1512 907 elementi,
1541 876 1623 903 homo
1647 884 1699 903 so-

911 921 987 948 brius
1005 926 1087 955 atque
1104 921 1166 956 vigil
1187 926 1361 956 procreatur.
1389 922 1425 947 De
1443 928 1497 955 quo
1512 921 1619 955 priscos
1635 921 1698 955 qui-

911 966 972 993 dam
1000 966 1180 1001 philosophus
1206 966 1358 994 Heraclitus
1383 967 1462 999 dixit.
1490 967 1620 998 animam,
1643 974 1699 1000 quo

911 1012 1011 1040 siccior
1017 1012 1104 1045 sit,eo
1113 1013 1307 1047 sapientiorem
1318 1013 1434 1047 ;quihus
1443 1013 1469 1039 in
1481 1013 1572 1039 verbis
1580 1012 1697 1039 animam

911 1063 990 1085 vocat
1003 1058 1149 1085 essentiam
1165 1059 1279 1086 cerebri.
1304 1059 1333 1086 Si
1360 1057 1478 1093 deniqu'e
1503 1058 1581 1092 copia
1608 1058 1697 1092 frigidi

912 1103 1038 1131 elementi
1047 1104 1227 1138 superaverit,
1236 1103 1353 1138 gignitur
1361 1104 1474 1138 ignavus
1484 1104 1592 1137 quidam
1605 1103 1699 1134 homo,

912 1150 1012 1184 quique
1026 1150 1170 1177 dillicultcr
1182 1150 1214 1176 ad
1233 1148 1366 1184 agendum
1383 1149 1542 1184 impellitur.
1557 1149 1616 1181 Quo
1630 1150 1658 1175 [it
1671 1153 1699 1175 ut

913 1196 1060 1222 naturalem
1076 1195 1323 1228 mansuetudinem,
1340 1196 1523 1230 prudentiam,
1545 1201 1700 1229 temperan-
1714 1218 1719 1223 ,

913 1241 978 1268 liam
994 1249 1047 1267 non
1063 1241 1194 1268 virtutum
1222 1236 1282 1268 loco
1294 1241 1380 1268 divini
1397 1241 1490 1268 Patres
1507 1241 1635 1270 habeant.
1653 1240 1701 1267 sed

913 1295 974 1315 esse
992 1287 1126 1314 naturalia
1139 1287 1262 1321 quaedam
1279 1287 1427 1319 beneficia,
1452 1287 1552 1321 quibus
1566 1286 1701 1312 excellant

913 1333 982 1360 alios
995 1334 1050 1366 alii,
1063 1337 1194 1362 statuant.
1215 1333 1330 1373 Basilius
1347 1333 1411 1368 quid
1436 1333 1520 1362 dicat.
1547 1331 1699 1360 advertito:

917 1378 1029 1406 «Multos
1058 1379 1122 1406 novi
1144 1379 1190 1414 qui
1221 1387 1235 1405 ο
1264 1384 1360 1406 natura
1390 1379 1546 1412 complexus
1566 1384 1702 1413 venereos
1729 1406 1731 1408 1

914 1424 1007 1452 odere.
1035 1423 1103 1450 Num
1124 1431 1172 1451 eos
1191 1429 1375 1459 temperantes
1401 1423 1578 1451 vocabimus?
1593 1421 1701 1456 Nequa-

915 1477 1014 1505 quam;
1031 1477 1095 1496 nam
1114 1470 1294 1504 temperantia
1309 1474 1352 1496 est
1370 1470 1540 1497 continentia
1563 1469 1701 1504 qnmdam,

916 1523 968 1550 qua
983 1515 1135 1550 voluptates
1153 1515 1296 1542 nobiscum
1315 1520 1468 1550 pugnantes
1484 1515 1644 1542 vincimus.)
1663 1514 1702 1541 Ac

879 1571 902 1601 α
916 1560 949 1587 de
961 1559 1004 1587 his
1016 1560 1123 1594 quidem
1139 1560 1191 1587 hoe
1205 1560 1286 1587 modo
1302 1559 1404 1587 dictum
1419 1564 1489 1587 esto.

1053 1607 1084 1633 In
1098 1606 1175 1638 illud,
1195 1615 1203 1631 ι
1211 1605 1357 1632 Faciamus
1367 1605 1498 1632 hominem
1508 1605 1559 1631 ⁸⁵.)

954 1653 1010 1680 Cur
1026 1657 1117 1679 autem
1139 1652 1209 1679 Deus
1222 1652 1362 1679 hominem
1386 1659 1484 1679 creans
1510 1658 1565 1678 non
1583 1650 1700 1684 glebam,

917 1699 965 1726 sed
983 1698 1133 1733 pulverem;
1150 1697 1196 1732 qui
1221 1702 1263 1724 est
1291 1697 1436 1724 admodum
1465 1696 1700 1731 tenue-quiddam,

918 1743 1055 1779 sumpsit?
1070 1742 1203 1770 Nimirum
1220 1743 1272 1770 hoc
1283 1742 1364 1770 modo
1381 1742 1468 1769 voluit
1479 1741 1560 1768 simul
1589 1746 1643 1768 tum
1661 1741 1703 1767 in-

918 1790 1055 1817 ﬂationem
1066 1794 1188 1817 nostram
1205 1789 1402 1824 comprimere,
1422 1793 1478 1815 tum
1496 1787 1704 1815 resurrectionis
1746 1808 1752 1813 .

919 1843 995 1871 spem
1008 1835 1108 1862 facere.
1122 1835 1189 1862 Nam
1203 1835 1266 1869 quia
1278 1839 1356 1861 norat
1371 1833 1472 1860 animal
1488 1833 1541 1860 hoc
1569 1832 1702 1860 emoritu-

919 1890 980 1910 rum
997 1887 1024 1909 et
1037 1882 1064 1908 in
1082 1882 1221 1916 pulverem
1233 1887 1418 1916 reversurum,
1440 1879 1504 1913 ipsa
1524 1880 1549 1905 in
1565 1878 1704 1905 creatione

919 1922 1181 1967 velut'antevertcns
1196 1934 1272 1962 spem
1292 1926 1372 1953 nobis
1397 1926 1430 1952 de
1449 1924 1648 1952 resurrectione
1667 1923 1705 1950 ia-

919 1982 982 2002 cere
995 1974 1091 2001 voluit.
1125 1973 1217 2007 Itaque
1243 1973 1383 2007 pulverem
1413 1972 1446 1998 de
1464 1971 1535 1997 terra
1562 1971 1655 2002 sumit,
1676 1974 1704 1996 ut

920 2028 981 2048 cum
999 2021 1137 2055 pulverem
1167 2020 1193 2046 in
1222 2018 1346 2053 sepulcro
1364 2017 1512 2052 conspicis,
1540 2016 1609 2043 scias
1640 2024 1702 2042 eum

54 2059 232 2094 ἐπιζητεῖς,
251 2060 365 2087 διπλοῦν
387 2061 499 2088 πλάττει
511 2062 556 2088 τὸν
571 2061 714 2097 ἄνθρωπον
724 2062 756 2089 ἐκ
772 2071 800 2090 τε
817 2063 869 2098 ψυ-

50 2106 110 2140 χῆς
128 2107 243 2140 νοερᾶς
257 2107 307 2133 καὶ
323 2106 464 2142 σώματος;
478 2108 559 2134 Ὥστε
576 2108 722 2142 σύνδεσμον
735 2107 805 2135 εἶναι
822 2109 868 2136 τοῦ

50 2161 82 2178 τε
103 2152 221 2187 νοητοῦ
246 2153 356 2187 κόσμου
371 2154 417 2180 καὶ
435 2154 482 2181 τοῦ
494 2154 635 2188 αίσθητοῦ.
656 2154 766 2191 Ἐπειδὴ
778 2155 831 2190 γὰρ
845 2164 859 2182 ο

922 2165 984 2184 nem
1005 2157 1152 2192 duplicem,
1171 2157 1262 2183 anima
1277 2156 1406 2182 nimirum
1429 2154 1614 2189 intelligentiae
1630 2161 1706 2179 men-

44 2197 98 2224 δύο
118 2199 238 2233 κόσμοι
253 2196 331 2225 οὗτοι
342 2201 374 2234 τῇ
396 2200 477 2235 οὐσίᾳ
494 2201 678 2236 διεστήκασιν,
697 2201 739 2227 ἴνα
757 2201 794 2236 μὴ
809 2201 862 2227 δια-

924 2203 1011 2237 tisque
1027 2201 1156 2237 participe
1173 2201 1315 2236 pmdilum
1326 2205 1352 2227 et
1366 2207 1490 2234 corpore.
1505 2199 1639 2226 Nimirum
1652 2205 1706 2232 quo

42 2244 166 2279 φόρους
192 2244 341 2280 εἰσαγάγῃ
361 2246 555 2281 δημιουργοὺς,
578 2235 687 2273 διπλοῦν
703 2246 772 2278 ζῶον
788 2235 818 2273 ἐν
831 2247 862 2281 τᾷ

922 2256 1010 2276 nexus
1023 2249 1132 2283 quidam
1149 2247 1218 2275 foret
1232 2247 1399 2274 intellectilis
1413 2253 1445 2273 ac
1471 2244 1579 2272 sensilia
1600 2243 1704 2270 mundi.

37 2291 158 2324 κόσμῳ
177 2290 235 2316 τὸν
254 2289 402 2326 ἄνθρωπον
419 2292 553 2324 τέθεικεν,
574 2292 612 2323 ὼς
625 2292 749 2319 ἐντεῦθεν
765 2293 812 2319 ἕνα
823 2293 855 2328 δη

923 2293 990 2321 Nam
1006 2301 1067 2321 cum
1085 2293 1111 2320 hi
1126 2293 1180 2321 duo
1195 2293 1289 2319 mundi
1300 2293 1418 2320 essentia
1433 2299 1482 2318 sua
1502 2290 1618 2324 separati
1640 2290 1706 2322 sint,

33 2337 204 2372 μιουργὸν
226 2337 290 2363 τῶν
304 2338 361 2364 ἄνω
376 2346 406 2364 τε
423 2339 470 2365 καὶ
485 2339 539 2365 τῶν
555 2340 629 2365 κάτω
641 2338 834 2375 κηρύττεσθαι.

924 2347 959 2367 ne
977 2338 1077 2367 diversi
1092 2339 1173 2366 etiam
1188 2338 1299 2373 opiﬁces
1327 2337 1559 2368 existimarentur,
1569 2336 1706 2362 hominem

28 2384 159 2411 aninlul
179 2384 301 2419 duplex
317 2385 342 2411 in
360 2387 461 2413 mundo
481 2386 634 2421 constituit,
662 2392 692 2414 ut
711 2387 776 2414 hinc
798 2395 871 2415 unus
889 2395 950 2415 esse
962 2391 1016 2414 tam
1032 2394 1192 2422 superarum
1207 2393 1239 2414 ae
1267 2385 1419 2413 caelestium
1444 2392 1525 2420 quam
1559 2383 1707 2411 inierat-mn

26 2439 144 2458 rerum
165 2435 301 2458 creator
315 2431 521 2466 intelligeretur.

70 2488 82 2503 ‹
113 2478 318 2512 Ποιήσωμεν
331 2478 474 2513 ἄνθρωπον
493 2478 556 2504 κατ’
575 2477 668 2504 εἰκόνα
689 2479 837 2514 ἡμετέραν.
859 2489 869 2505 ι

27 2526 83 2552 Διὰ
100 2525 137 2551 τί
165 2524 208 2550 τὸ
230 2526 271 2550 ἐκ
289 2522 417 2558 σώματος
437 2524 484 2550 καὶ
501 2524 589 2558 ψυχῆς
605 2524 730 2550 συντεῦὲν
745 2524 814 2556 ζῶον
826 2524 872 2551 ἂν-

27 2572 167 2604 )ρωπον
184 2570 352 2605 ὠνόμασεν
365 2571 382 2605 ἡ
391 2570 486 2604 Γραφή
498 2577 505 2601 ;
523 2570 553 2596 ’0
562 2569 703 2604 ἄνθρωπος
713 2570 874 2605 τῇἙΰραῒδι

34 2618 199 2652 ιαλέκτῳ
226 2616 294 2651 πῦρ
317 2616 438 2649 λέγεται.
461 2616 516 2642 Καὶ
538 2615 632 2651 ἐπειδὴ
649 2615 759 2651 προῄδει
781 2615 872 2647 ὀΘεὺς

29 2674 62 2691 τι
85 2665 166 2691 ἀπὸ
199 2664 279 2693 ἑνὸς
295 2663 439 2697 ἀνθρώπου
454 2662 630 2696 ἀνθρωπίνων
639 2662 780 2696 ¹σωμάτων
801 2662 872 2696 πλη-

30 2711 140 2738 οὖται
164 2710 242 2744 τῆς
269 2709 436 2744 οἰκουμένης
455 2709 490 2736 τὰ
506 2709 621 2744 πέρατα,
637 2705 791 2743 εἷςῖλύχνος
812 2708 873 2740 ἑξά-

34 2767 91 2784 τει
110 2756 301 2786 τοσαύτας
313 2755 468 2790 λαμπάδας,
483 2755 527 2790 διὰ
537 2754 616 2781 τοῦτο
630 2754 660 2781 τὸ
674 2755 793 2786 τοιοῦτον
805 2754 874 2786 ζῶον

34 2804 194 2831 ιὰλεσιν
226 2802 396 2837 ἄνθρωπον,
415 2801 538 2829 τουτέστι
556 2801 620 2836 πῦρ.
636 2801 696 2829 Τῶν
718 2801 771 2836 γὰρ
786 2800 874 2838 ἄλλων

52 2851 83 2866 ⁵⁵
106 2850 212 2878 Gen.
241 2854 267 2878 ιε
289 2848 336 2875 26.

920 2066 965 2100 qui
985 2065 1121 2092 hominem
1135 2064 1256 2092 formarit
1270 2064 1358 2099 ipsum
1371 2064 1452 2090 etiam
1463 2062 1703 2089 recuscitaturuin.

921 2111 1059 2139 Fortassis
1076 2111 1157 2137 etiam
1180 2118 1286 2145 quaeres
1306 2110 1482 2144 quamobrem
1500 2108 1599 2135 crearit
1615 2108 1705 2134 homi-

964 2480 1136 2512 cFaciamus,
1148 2478 1234 2514 inquit
1255 2478 1338 2510 Dens,
1353 2477 1493 2505 hominem
1509 2475 1542 2503 ad
1561 2476 1706 2511 imaginem

925 2533 1075 2554 nostram.»
1090 2525 1146 2552 Cur
1157 2532 1190 2551 ex
1203 2524 1293 2551 anima
1321 2530 1492 2558 corporeque
1506 2521 1558 2557 75
1570 2521 1708 2556 composi-

927 2578 983 2600 tum
999 2571 1099 2599 animal
1116 2571 1225 2598 Littera!
1240 2577 1325 2598 sacra:
1341 2569 1477 2596 hominem
1491 2567 1707 2603 appellaut?\'o~

924 2618 1050 2645 cabulum
1065 2617 1138 2652 quod
1158 2616 1296 2644 lmininem
1315 2615 1459 2649 signiﬁcat,
1495 2615 1583 2649 ignem
1612 2613 1638 2639 in
1655 2611 1707 2638 lle-

926 2664 998 2691 bnea
1017 2663 1244 2698 Iingua'denotat.
1275 2663 1308 2689 Et
1332 2663 1441 2696 quando
1456 2665 1534 2687 norat
1557 2660 1612 2694 jam
1645 2662 1708 2684 ante

928 2707 998 2735 Dens
1013 2716 1095 2734 unum
1112 2708 1249 2734 hominem
1267 2708 1427 2742 corporibus
1454 2704 1581 2732 humanis
1612 2710 1708 2730 omnes

927 2754 1003 2781 orbis
1020 2754 1088 2781 ﬁnes
1102 2754 1269 2788 repleturum
1289 2761 1425 2787 unamque
1438 2753 1574 2778 lucernam
1591 2754 1626 2776 tot
1641 2749 1709 2774 lam-

929 2800 1012 2835 padas
1027 2806 1215 2832 accensurum,
1250 2799 1350 2826 idcirco
1368 2796 1468 2824 aniiral
1493 2796 1543 2822 hoc
1564 2794 1708 2830 appellavit
