1957 3073
153 157 204 188 HJ

783 158 993 190 llilClIAELlS
1008 159 1146 191 (Πλακε-

1719 159 1769 191 1H

152 219 236 245 homo
253 218 310 251 uni,
331 218 460 245 animalia
491 218 593 252 reliqua
607 213 719 245 Tluohus
736 218 850 253 pedibus
872 219 934 246 insi-

989 220 1023 247 τὰ
1051 220 1110 252 ζῶα
1135 221 1179 247 διὰ
1204 219 1250 245 δύο
1275 219 1374 252 ποδῶν,
1397 219 1490 255 ⁴Ιῖριέμιιι
1515 218 1559 245 διὰ
1587 218 1642 245 τῶν
1668 219 1769 255 ἑτέρων

150 268 237 295 stunt,
256 262 365 289 interim
382 270 431 298 per
442 263 510 289 alios
520 262 647 296 paulatim
666 257 819 296 progressio
831 262 887 289 ﬁat.
904 263 932 289 In

151 308 286 335 nonnullis
315 308 489 341 animalibus,
509 308 608 336 dilecte
632 307 680 341 iili,
708 308 879 336 consuetudo
906 308 936 335 ﬁt

150 362 245 389 reapse
260 359 366 381 natura.

184 401 251 428 Nam
269 400 396 427 animalia
414 400 491 431 mihi,
505 408 607 435 qum-so.
625 401 724 436 Libyca
745 401 862 433 intuere,
875 409 935 436 quze

149 455 198 482 per
214 452 418 479 mstatem,cum
433 447 549 474 maxime
561 447 667 478 sitiunt,
679 455 694 474 a
707 452 770 482 potu
785 448 934 478 abstinent,

150 502 200 528 per
220 493 351 525 hiemem,
370 500 432 519 cum
463 493 559 519 silium
580 493 680 524 minus,
701 494 807 520 bibunt.
828 493 856 520 In
874 501 933 519 eam

147 539 183 566 ob
203 546 311 566 causam
329 538 441 565 omnino
468 539 577 569 accidit,
594 539 666 574 quod
689 539 771 574 Libya
796 547 843 573 per
858 544 936 566 aesta-

148 590 203 611 tem
220 592 298 618 aqua:
311 584 417 610 laboret
429 584 531 618 inopia.
548 584 719 619 Quapropter
735 584 850 611 hiberno
866 589 934 611 tem-

147 637 212 664 pore
238 637 335 664 aquam
362 630 501 663 hauriunt,
525 638 586 657 cum
611 630 670 664 ejus
695 631 799 664 copiam
824 630 934 657 habent.

148 677 273 710 Cumque
286 676 325 702 sic
340 675 412 702 iisin
428 675 496 703 locis
513 677 696 709 assueverint,
716 676 798 703 etiam
823 676 856 703 ad
869 676 936 703 alias

148 720 275 755 regiones
299 721 388 748 delata
403 729 506 749 morem
529 729 610 749 suum
627 722 756 749 retinent.
781 721 820 749 Ac
836 721 869 749 de
892 722 935 749 his

147 767 257 802 quidem
276 768 420 796 hactenus.

182 812 316 840 (la-terum
343 819 405 848 post
428 814 587 841 animalium
615 815 785 842 terrestrium
818 814 936 842 creatio-

148 866 210 886 nem
228 858 299 886 D'eus
319 859 457 886 hominem
473 861 551 895 tingit
565 863 604 888 'ac
628 860 655 887 in
671 860 795 895 paradiso
810 860 934 887 collocat.

149 903 274 936 Quojnm
291 903 318 930 in
342 904 403 931 loco
418 905 500 932 velim
513 905 635 932 animum
662 906 741 937 mihi,
756 905 856 932 dilecte
885 905 933 936 liii.

147 947 284 975 advertas.
303 949 434 982 Quamvis
450 950 524 977 enim
550 951 644 978 volunt
659 951 742 986 aliqui
768 951 852 978 Deum
874 955 936 985 post

147 992 293 1026 septimum
319 994 391 1021 diem
413 994 570 1029 paradisum
591 995 758 1028 condidisse,
775 995 935 1030 proﬁtentes

147 1045 176 1065 se
193 1037 318 1067 Mosaicae
333 1040 456 1067 historia:
480 1041 601 1076 vestigiis
624 1041 771 1075 inhaerere,
790 1041 935 1068 manifesto

147 1091 238 1111 tamen
255 1089 356 1118 errant,
371 1090 400 1112 ut
414 1086 460 1120 qui
476 1087 644 1120 transitorie,
668 1095 721 1114 non
735 1087 854 1114 adhibita
877 1094 936 1121 per-

147 1129 326 1164 vestigatione
337 1131 516 1160 conveniente
533 1132 651 1159 Litteras
675 1140 767 1160 sacras
781 1132 932 1167 perlegam.

146 1175 185 1203 Ac
203 1175 263 1203 vide
277 1176 342 1204 mihi
354 1178 419 1212 quid
434 1183 572 1212 spectator
590 1178 634 1206 ille
659 1178 704 1206 Dei
727 1178 815 1205 Moses
838 1179 910 1205 dicat
927 1187 934 1204 :

149 1231 162 1247 σ
177 1222 299 1250 Absolvit
318 1223 399 1256 Deus,
410 1225 509 1258 inquit,
527 1224 570 1252 die
584 1229 662 1252 sexto
675 1229 773 1252 cuncta
791 1232 850 1259 quae
863 1224 936 1251 fece-

149 1273 204 1302 rat;
232 1277 264 1296 ac
288 1269 334 1297 die
357 1270 475 1304 septimo
499 1271 534 1297 ab
560 1270 852 1304 omnibus‘operibus,
876 1277 936 1304 quas

147 1313 256 1341 elliccre
277 1319 410 1348 ceperat,
425 1315 570 1350 quievit".
587 1325 596 1341 ι
625 1315 718 1350 Itaque
740 1317 761 1343 si
787 1321 849 1350 post
864 1315 936 1342 diem

147 1359 292 1394 Septimum
307 1361 376 1387 nihil
391 1361 513 1393 omnino,
527 1362 599 1396 quod
611 1366 691 1389 antea
705 1370 758 1389 non
773 1362 934 1395 exstitissut,

147 1403 175 1430 in
189 1409 277 1431 ortum
293 1405 431 1439 produxit,
446 1406 492 1439 qui
506 1410 568 1440 post
593 1406 665 1433 diem
693 1406 838 1445 septimum
856 1414 937 1442 para-

146 1449 235 1477 disum
264 1451 401 1478 condidit?
426 1451 560 1479 Videntur
582 1453 692 1487 quidem
718 1452 828 1480 Litterae
852 1460 937 1480 sacrze

147 1495 199 1523 hoc
219 1496 300 1523 modo
316 1497 401 1530 loqui,
419 1505 450 1524 ac
477 1498 499 1525 si
520 1502 582 1533 post
598 1499 671 1526 diem
695 1499 840 1533 septimum
856 1506 936 1533 para-

147 1542 224 1569 disus
249 1543 376 1570 conditus
403 1543 484 1571 fuerit
512 1553 519 1571 :
548 1552 642 1571 verum
671 1545 739 1572 alius
769 1552 866 1580 scopus
894 1550 935 1572 est

148 1595 254 1617 earum.
284 1587 317 1615 de
347 1588 464 1622 plurium
491 1589 600 1623 quidem
635 1590 782 1617 sententia.
814 1590 933 1617 Joannes

148 1632 358 1667 Chrysostomus
381 1635 531 1662 audiendus
556 1641 598 1662 est
623 1635 681 1668 tibi,
699 1637 742 1669 qui
769 1637 794 1662 in
811 1636 934 1663 oratione

147 1679 181 1706 de
195 1687 242 1706 su
267 1678 373 1707 dierum
396 1682 524 1715 operibus
552 1690 590 1708 xu
615 1682 682 1709 dicit
710 1682 811 1709 Mosen]
839 1690 932 1709 eorum

147 1733 207 1760 qum
239 1731 316 1754 antea
350 1733 615 1760 commemorasset,
644 1737 779 1756 summam
807 1729 933 1757 brevibus

148 1773 247 1800 deinde
270 1774 508 1808 complectentem,
537 1775 932 1811 simplicioribusoccasionem

149 1820 298 1854 prmbuisse
314 1825 342 1846 nt
362 1820 518 1856 huiusmodi
544 1822 702 1856 opinionem
721 1822 880 1856 ’arriperent
895 1826 935 1849 at-

149 1873 202 1899 que
220 1865 382 1900 proferrent.
406 1867 472 1894 Nam
494 1868 653 1902 carteroqui,
676 1868 697 1894 si
713 1872 775 1903 post
791 1868 863 1895 diem
889 1875 934 1895 se-

148 1913 275 1947 ptimum,
303 1918 331 1940 ut
360 1913 412 1948 ipsi
436 1914 548 1946 volunt,_
572 1915 715 1949 paradisus
733 1919 774 1942 est
794 1904 933 1946 conditus,

150 1959 263 1986 omnino
277 1959 399 1986 dicamus
413 1967 526 1988 necesse
542 1965 583 1987 est
598 1960 681 1987 etiam
710 1960 807 1987 Adami
825 1960 859 1988 de
874 1960 935 1995 pul—

148 2013 213 2032 vere
235 2005 437 2037 l'ormationcm.
467 2007 589 2040 itemque
622 2011 786 2034 structuram
814 2007 875 2034 Eva:
900 2007 934 2034 de

147 2052 243 2079 Adami
260 2057 346 2084 costa,
377 2058 438 2086 post
457 2053 585 2080 eumdem
611 2054 757 2087 septimum
780 2053 853 2080 diem
879 2053 936 2088 pri-

149 2105 222 2124 mum
240 2097 348 2123 factam.
365 2097 548 2130 Quamobrem
572 2097 660 2125 istuc?
673 2098 742 2130 Quia
758 2098 847 2125 Moses
863 2098 934 2125 hanc

149 2150 257 2176 quoque
282 2143 430 2176 posterius,
458 2143 484 2171 id
513 2149 555 2171 est
583 2148 646 2179 post
671 2144 742 2171 diem
775 2145 933 2179 septimum,

149 2193 253 2220 narrat.
269 2188 387 2216 Proinde
401 2190 535 2224 reliquum
549 2195 590 2217 est
606 2191 760 2224 paradisum
785 2195 849 2218 ante
861 2191 933 2218 Ada-

987 266 1128 292 ποιοῦνται
1139 265 1189 301 τὴν
1203 265 1317 301 βάδισιν.

1024 400 1138 433 Ὄντως,
1152 397 1289 434 rixam-ri,
1307 399 1338 425 τὸ
1351 398 1412 431 ἔθος
1431 399 1513 433 φύσις
1529 397 1576 425 ἐπί
1587 405 1641 425 τισι
1653 398 1768 432 γίνεται.

987 447 1060 483 Ὅρα
1075 447 1128 482 γάρ
1144 447 1184 473 ὃτι
1209 445 1244 473 τὰ
1267 446 1373 473 Λιϐυκὰ
1393 446 1475 481 θηρία
1492 445 1539 472 τοῦ
1557 445 1608 480 μὲν
1631 445 1726 479 θέρους
1739 445 1770 469 οὐ

987 493 1070 526 πίνει,
1093 493 1145 520 ὅτε.
1166 493 1284 528 μάλιστα
1304 492 1368 526 δίψα
1390 492 1508 526 γίνεται,
1521 490 1655 526 χειμῶνος
1680 490 1708 516 δὲ
1724 489 1770 516 trt-

986 546 1089 570 νουσιν,
1108 539 1172 564 ὅταν
1195 535 1278 574 ἦττον
1294 537 1404 572 διψῶσι.
1419 537 1505 564 Τοῦτο
1525 537 1553 563 δὲ
1573 537 1679 570 γίνεται
1700 535 1770 562 πάν-

986 593 1039 616 τως
1058 584 1102 612 διὰ
1119 585 1157 612 τὸ·
1166 585 1203 620 μὴ
1220 585 1344 619 γίνεσθαι
1361 584 1446 611 ὕδατα
1461 584 1556 618 θέρους
1577 583 1607 609 ὲν
1620 583 1651 617 τῇ
1670 581 1769 616 Λιϐύῃ.

987 631 1040 657 Τοῦ
1068 631 1096 657 δὲ
1123 631 1256 665 χειμῶνος
1280 631 1323 657 διὰ
1342 630 1372 656 τὸ
1394 629 1518 663 γίνεσθαι
1545 628 1628 654 πίνει.
1653 627 1686 653 '0
1705 625 1771 660 γοῦν

986 677 1075 704 ἐκεῖσε
1091 676 1219 707 εἴθισται,
1235 676 1315 703 τοῦτο
1333 676 1382 702 καὶ
1397 676 1427 701 ὲν
1446 674 1537 705 ἄλλοις
1551 675 1645 704 τόποις
1664 673 1698 699 τὰ
1714 672 1772 704 ζῶα

985 723 1074 750 ταῦτα
1097 723 1312 758 παραγενόμενα
1329 722 1410 754 σώζει
1425 722 1456 748 τὸ
1477 721 1548 753 ἔθος,
1570 721 1624 747 Καὶ
1640 719 1703 754 περὶ
1722 718 1772 754 μὲν

986 770 1089 796 τοῦτων
1107 769 1202 800 οὕτως.
1738 771 1741 774 ’

1022 815 1102 842 Μετὰ
1121 815 1150 842 δὲ
1169 815 1266 848 ταῦτα,
1282 815 1366 850 ἤγουν
1389 814 1458 849 μετὰ
1479 815 1529 849 τὴν
1556 812 1610 840 τῶν
1630 812 1772 848 ¹χερσαίων

987 861 1168 897 παραγωγὴν,
1190 861 1304 888 πλάττει
1334 861 1379 887 τὸν
1409 860 1553 895 ἄνθρωπον
1579 860 1593 885 6
1619 859 1696 889 Θεὸς,
1724 858 1772 884 καὶ

986 908 1093 943 τίθησιν
1120 907 1203 934 αὑτὸν
1227 907 1257 934 ἐν
1282 906 1321 942 τῷ
1347 907 1515 942 παραδείσῳ.
1529 905 1610 932 Ἀλλὰ
1632 903 1772 931 κάνταῦθα

987 954 1134 988 πρόσσχες,
1151 953 1290 987 ὁγαπητέ.
1311 952 1341 978 El
1363 952 1417 986 γὰρ
1435 952 1483 979 καὶ
1507 951 1617 985 λέγουσι
1642 958 1714 981 τινες
1731 949 1773 976 δτι

988 997 1056 1032 μετά
1077 997 1126 1031 τὴν
1153 991 1273 1031 ἑϐδόμην
1302 996 1393 1022 ἔκτισε
1419 996 1465 1023 τὸν
1481 995 1649 1031 παράδεισον
1665 995 1680 1021 6
1694 994 1771 1024 Θεὸςν

986 1045 1019 1078 τῇ
1047 1044 1183 1078 Μωσαῖκῇ
1215 1043 1297 1078 δῆθεν
1328 1043 1436 1077 ἱστορίᾳ
1461 1042 1601 1076 ἑπόμενοι,
1627 1040 1694 1068 ἀλλὰ
1721 1047 1774 1066 πε-

987 1090 1138 1125 πλάνηνται
1152 1089 1299 1124 προφανῶς
1318 1089 1365 1117 ἅτε
1379 1089 1411 1123 δὴ
1429 1087 1635 1123 παροδευτικῶς
1659 1086 1774 1125 ἐπερχο-

988 1142 1064 1168 μενοι
1076 1134 1124 1160 καὶ
1138 1134 1188 1160 οὐκ
1201 1132 1387 1168 ἐρευνητικῶς
1406 1131 1456 1167 τὴν
1474 1132 1597 1168 Γραφήν.
1617 1131 1672 1157 Καὶ
1688 1130 1772 1157 ἄκουε

987 1179 1013 1206 τί
1032 1188 1116 1214 φησιν
1145 1180 1159 1206 ὁ
1186 1179 1302 1214 θεόπτης
1322 1178 1435 1213 Μωσῆς.
1463 1188 1474 1204 ι
1493 1178 1547 1205 Καὶ
1571 1176 1742 1204 συνετέλεσεν
1759 1176 1773 1202 6

987 1226 1053 1257 Θεὸς
1066 1226 1154 1253 πάντα
1166 1226 1216 1252 ὅσα
1234 1226 1362 1261 ἐποίησεν
1379 1227 1408 1251 ἐν
1422 1226 1454 1260 τῇ
1471 1225 1564 1259 ἡμέρᾳ
1580 1226 1613 1259 τῇ
1630 1225 1720 1259 ἕκτῃι·
1742 1223 1771 1249 ιν

987 1270 1014 1296 δὲ
1032 1272 1063 1305 τῇ
1079 1270 1179 1305 ἐϐδόμῃ
1198 1271 1374 1297 κατέπαυσεν
1402 1269 1587 1296 ὰπὸπάντων
1612 1269 1667 1295 τῶν
1683 1269 1772 1304 ἔργων

987 1316 1068 1342 αὑτοῦ
1087 1313 1128 1342 ὧν
1152 1315 1255 1351 ἦρξα-ιο
1284 1317 1381 1342 ποιεῖν.
1408 1325 1417 1342 ›
1444 1315 1549 1342 Οὐκοῦν
1579 1316 1603 1342 εί
1632 1315 1700 1349 μετὰ
1723 1313 1772 1349 τὴν

987 1362 1105 1396 ἑϐδόμην
1119 1362 1195 1388 οὐδὲν
1207 1362 1262 1388 ἀπὸ
1276 1361 1324 1388 τοῦ
1342 1361 1380 1397 μὴ
1395 1362 1472 1393 ὄντος
1485 1362 1526 1394 εἰς
1539 1362 1569 1388 τὸ
1595 1359 1665 1388 εἶναι
1683 1361 1772 1395 παρή-

987 1415 1067 1441 γαγε,
1088 1407 1145 1438 πῶς
1170 1407 1265 1433 λοιπὸν
1297 1407 1388 1433 ἔκτισε
1419 1407 1487 1441 μετὰ
1512 1406 1563 1440 τὴν
1585 1406 1702 1440 ἑϐδόμην
1725 1405 1774 1431 τὸν

988 1453 1171 1488 παράδεισονς
1189 1452 1281 1478 Ἐοικε
1306 1453 1356 1486 μὲν
1378 1452 1395 1486 ἡ
1421 1451 1517 1486 Γραφὴ
1537 1451 1628 1484 λέγειν
1644 1451 1686 1477 ὅτι
1704 1446 1784 1484 tta-:3?

987 1499 1036 1533 τὴν
1052 1499 1169 1533 ὲῦδόμην
1182 1498 1306 1525 ἔκτισται
1328 1499 1341 1525 ὁ
1370 1498 1536 1533 παράδεισος
1547 1505 1554 1513 ·
1570 1497 1629 1523 ἀλλ’
1648 1496 1698 1523 οὐκ
1716 1495 1772 1530 ἔχει

988 1545 1034 1571 καὶ
1061 1545 1095 1572 τὰ
1121 1545 1168 1571 τοῦ
1199 1544 1310 1577 σκοποῦ,
1334 1543 1424 1575 καθὼς
1459 1542 1643 1570 ὑποπτεύουσι
1668 1541 1771 1568 πολλοί.

987 1592 1042 1618 Καὶ
1058 1591 1150 1618 πείθου
1168 1591 1208 1626 τῷ
1226 1591 1430 1627 χρυσοῤῥήμονι
1447 1590 1557 1625 Ἰωάννῃ
1571 1589 1600 1615 ὲν
1619 1591 1653 1623 τῇ
1669 1589 1709 1620 είς
1724 1587 1773 1622 τὴν

993 1638 1160 1674 Ἐξαήμερον
1170 1637 1309 1673 δωδεκάτῃ
1334 1637 1418 1663 αὐτοῦ
1445 1637 1540 1672 ὁμιλίᾳ
1557 1636 1676 1670 λέγοντι,
1707 1635 1772 1661 (ὅτι

985 1684 1039 1710 τῶν
1054 1683 1125 1710 κατὰ
1144 1683 1292 1718 συντομίαν
1314 1682 1512 1716 ἱστορηθέντων
1533 1681 1690 1716 ἔμπροσθεν
1707 1681 1774 1706 ἀνα-

986 1728 1173 1762 κεφαλαίωσιν
1195 1728 1267 1753 ποιεῖ
1293 1727 1307 1753 ὁ
1329 1727 1431 1761 Μωσῆς
1448 1725 1572 1760 ὕστερον,
1588 1724 1703 1751 τοιαῦτα
1725 1723 1773 1749 καὶ

985 1775 1093 1809 φρονεῖν
1114 1775 1160 1800 καὶ
1181 1773 1272 1806 λέγειν
1292 1773 1354 1804 τοὺς
1379 1772 1582 1805 ἁπλουστέρους
1599 1771 1738 1803 ἐποίησεν.
1759 1778 1769 1795 ι

987 1820 1090 1850 Ἄλλως
1108 1827 1138 1845 τε
1151 1820 1174 1845 εί
1192 1820 1262 1853 μετᾷ
1277 1819 1327 1853 τὴν
1343 1818 1471 1853 ἑϐδόμην,
1484 1817 1521 1848 ὥς
1542 1826 1633 1851 φασιν,
1648 1816 1772 1842 ἔκτισται

985 1867 998 1892 6
1015 1865 1188 1900 παράδεισος,
1210 1865 1316 1898 ἀνάγκη
1337 1865 1411 1891 πᾶσα
1436 1865 1482 1890 καὶ
1506 1863 1555 1897 τὴν
1576 1863 1630 1889 ἀπὸ
1644 1863 1693 1888 τοῦ
1711 1862 1772 1897 χοὸς

985 1910 1085 1938 πλάσιν
1094 1909 1144 1936 τοῦ
1163 1909 1258 1943 Ἀδὰμ,
1278 1909 1373 1944 ὥσπερ
1397 1909 1429 1942 δὴ
1448 1908 1494 1935 καὶ
1516 1908 1564 1943 τὴν
1581 1908 1636 1934 ἀπὸ
1652 1907 1772 1941 πλευρᾶς

985 1957 1033 1989 τῆς
1052 1955 1122 1985 Εὔας
1147 1955 1304 1990 οἰκοδομὴν,
1321 1954 1390 1989 μετὰ
1417 1954 1465 1989 τὴν
1486 1953 1606 1989 ἑϐδόμην
1620 1954 1708 1980 εἰπεῖν
1725 1961 1772 1986 γε·

985 2000 1125 2034 γενῆσοαι.
1139 2001 1217 2031 Τίνος
1229 2000 1342 2032 ἓνεκενς
1362 2000 1424 2026 Ὀτι
1447 1999 1494 2026 καὶ
1509 1999 1613 2033 ταύτην
1630 1998 1744 2032 ὕστερον
1757 1996 1776 2023 6-

984 2046 1098 2080 Μωτῆς,
1128 2046 1212 2081 ῆγουν
1246 2046 1315 2080 μετὰ
1347 2046 1397 2081 τὴν
1422 2046 1560 2080 ὲῦδόμην,
1591 2043 1771 2079 διηγούμενος

986 2094 1112 2128 εὓρηται.
1129 2093 1186 2128 Πρὸ
1208 2093 1255 2119 τοῦ
1278 2093 1364 2125 ’Λδὰμ
1379 2093 1473 2119 λοιπὸν
1492 2093 1506 2118 ὁ
1523 2092 1698 2126 παράδεισος.
1716 2090 1772 2117 Καὶ

985 2140 1068 2167 ἄκουε
1085 2139 1112 2166 τί
1133 2148 1215 2175 φησιν
1234 2140 1248 2166 6
1268 2138 1452 2174 Δαμασκηνὸς
1472 2139 1599 2173 Ἰωάννης
1611 2139 1640 2165 ὲν
1656 2137 1694 2172 τῷ
1708 2137 1772 2172 περὶ

987 2186 1156 2221 παραδείσου
1171 2186 1312 2221 κεφαλαίῳ
1337 2185 1431 2212 αὑτοῦ.
1454 2195 1463 2211 ι
1488 2185 1566 2212 Ἐπεὶ
1587 2185 1615 2211 δὲ
1631 2183 1743 2218 ἔμελλεν
1758 2184 1772 2210 6

149 2241 222 2260 lllllm
243 2241 302 2260 esse
315 2234 468 2262 conditum.
478 2236 508 2262 Et
521 2236 583 2262 audi
598 2236 720 2268 obsecro,
737 2236 801 2271 quid
814 2237 933 2264 Joannes

987 2233 1052 2264 Θεὸς
1071 2232 1100 2265 ἐξ
1114 2233 1232 2268 ἀοράτου
1252 2241 1283 2258 τε
1300 2232 1348 2259 καὶ
1369 2232 1471 2266 ὁρατῆς
1494 2231 1604 2266 φύσεως
1618 2231 1772 2264 πλαστουρ-

150 2279 332 2306 Damascenus
355 2280 382 2306 in
395 2281 490 2316 capite
501 2282 574 2316 quod
589 2281 627 2310 De
649 2283 775 2316 paradiso
796 2283 935 2317 inscripsit

149 2325 234 2352 dicat.
253 2334 262 2350 ι
278 2324 345 2357 Quia
361 2326 442 2360 Deus,
455 2327 554 2362 inquit,
569 2328 706 2355 hominem
721 2336 753 2355 ex
767 2327 819 2364 67
837 2334 932 2356 natura

148 2370 248 2403 partim
271 2369 458 2404 innspeetabili
485 2373 582 2406 partim
610 2373 767 2408 aspectabili
791 2378 934 2400 creaturus

148 2415 183 2442 ad
203 2415 346 2451 imaginem
379 2417 641 2453 siniilitudincmque
670 2426 745 2446 suam
759 2423 829 2450 erat,
856 2418 933 2453 quasi

148 2461 294 2494 quemdam
321 2470 411 2496 regem
435 2468 514 2497 atque
532 2464 683 2499 principem
704 2464 787 2491 totius
808 2469 888 2491 terra:
902 2471 934 2490 ac
951 2459 963 2465 “

150 2515 243 2534 eorum
262 2515 322 2542 qua:
337 2513 408 2535 terra
422 2509 607 2543 continentur,
630 2510 786 2545 paradisum
810 2510 834 2536 ei
850 2510 934 2537 veluti

150 2553 252 2588 regiam
283 2555 427 2589 quamdam
445 2556 593 2590 prmstruit,
622 2561 650 2584 ut
673 2556 699 2583 in
721 2563 754 2583 eo
779 2557 885 2583 beatam
905 2563 936 2583 ac

148 2599 334 2627 felicissimam
355 2601 437 2628 vitam
455 2607 555 2637 ageret.
570 2612 578 2628 ι
608 2602 701 2638 Itaque
728 2602 790 2629 licet
813 2601 935 2629 animad-

148 2652 270 2678 vertere.
288 2647 360 2681 quod
377 2655 438 2675 cum
454 2654 517 2676 ante
533 2649 722 2676 formationem
747 2649 842 2675 Adami
856 2656 934 2682 para-

148 2692 238 2719 disum
264 2693 438 2726 exstruxerit,
462 2694 609 2722 manilesto
637 2701 766 2730 sequatur
797 2703 858 2722 cum
889 2696 933 2722 dic

149 2742 226 2764 sexto
243 2739 380 2766 consitum
393 2748 408 2766 a
424 2741 480 2768 Deo
495 2741 591 2773 fuisse,
609 2742 759 2776 praesertim
772 2749 833 2769 cum
847 2741 933 2768 multo

985 2281 1043 2314 γεῖν
1074 2281 1121 2307 τὸν
1146 2281 1291 2315 ἄνθρωπον
1325 2279 1386 2307 κατ’
1415 2279 1520 2306 οίκείαν
1550 2279 1642 2305 είκόνα
1665 2286 1695 2304 τε
1723 2277 1772 2304 καὶ

985 2327 1126 2362 ὁμοίωσιν,
1143 2327 1240 2361 ὥσπερ
1256 2326 1316 2354 τινὰ
1342 2326 1453 2360 βασιλέα
1473 2327 1592 2361 ἄρχοντα
1617 2325 1708 2358 πάσης
1723 2325 1772 2357 τῆς

985 2372 1037 2405 γῆς
1052 2371 1099 2397 καὶ
1123 2371 1178 2397 τῶν
1203 2372 1232 2397 ὲν
1243 2371 1324 2406 αὐτῇ.
1340 2370 1559 2405 προκαθίστησιν
1582 2370 1657 2404 αὐτῷ
1672 2368 1727 2396 οἷόν
1744 2377 1770 2395 τι

984 2416 1123 2452 βασίλειον
1149 2416 1195 2443 τὸν
1217 2416 1394 2451 παράδεισον,
1409 2416 1448 2448 ὡς
1468 2415 1593 2443 ἐντεῦθεν
1617 2416 1698 2442 αὺτὸν
1716 2424 1770 2449 μα-

985 2463 1087 2498 καρίαν
1103 2463 1159 2489 καὶ“
1171 2463 1321 2490 πανολείαν
1335 2463 1408 2498 ἔχειν
1425 2463 1509 2498 ζωήν.
1531 2471 1539 2488 ι
1564 2463 1685 2496 Πρόσεχε
1702 2459 1748 2488 03v
1762 2470 1769 2478 '

983 2509 1078 2545 ἐπειδὴ
1108 2510 1173 2545 γὰρ,
1190 2509 1227 2541 ὡς
1247 2509 1367 2544 εἴρηται,
1389 2509 1442 2545 πρὸ
1469 2509 1517 2536 τοῦ
1543 2509 1697 2542 πλασθῆναι
1723 2508 1772 2534 τὸν

993 2556 1078 2590 uisam
1105 2556 1268 2591 καθίστησιν
1292 2556 1366 2590 αὐτῷ
1392 2556 1439 2582 τὸν
1464 2555 1636 2590 παράδεισον,
1659 2554 1771 2589 εὔδηλον

986 2602 1095 2634 πάντως
1121 2603 1164 2628 δτι
1191 2603 1220 2629 ἐν
1244 2602 1276 2637 τῇ
1299 2602 1366 2638 ἕκτῃ
1392 2602 1483 2637 ἡμέρᾳ
1511 2602 1557 2628 καὶ
1582 2601 1677 2627 τοῦτον
1702 2601 1770 2637 ἐφύ-

985 2655 1083 2674 τευσεν
1107 2649 1121 2674 δ
1149 2647 1226 2681 Θεὸς,
1255 2648 1312 2681 εἴγε
1339 2648 1386 2674 καὶ
1410 2647 1510 2682 μᾶλλον
1531 2647 1597 2681 ἔστη
1626 2648 1695 2682 μετὰ
1720 2648 1771 2683 τὴν

986 2694 1103 2729 ὲὸδόμην
1122 2694 1170 2721 τοῦ
1187 2694 1374 2729 δημιουργεῖν,
1393 2693 1431 2724 ὡς
1445 2694 1458 2719 6
1477 2692 1595 2728 χρυσοῦς
1617 2693 1666 2729 τὴν
1681 2694 1768 2728 γλῶτ-

985 2742 1034 2767 τάν
1049 2750 1127 2776 φησι.

149 2784 235 2819 magis
251 2793 265 2812 τι
281 2787 399 2820 septimo
411 2787 465 2820 die,
491 2788 720 2823 quemadmodum
746 2788 819 2815 idem
838 2793 931 2814 orator
951 2795 1050 2814 aureus
1074 2788 1166 2819 tradit,
1184 2796 1277 2815 creare
1297 2788 1416 2815 desierit.

187 2864 204 2878 "
221 2864 287 2891 Casu.
304 2873 338 2894 tt.
349 2865 376 2891 "2.
