1957 3073
194 148 245 179 H7

193 206 274 232 etiam
300 205 457 241 proferebat
484 216 490 234 :

193 260 267 278 tuum
285 259 384 287 corpus
402 258 431 279 ut
448 253 660 282 instrumentum
683 255 807 288 fabricat.
825 258 923 285 deinde
941 258 977 286 illi

192 298 310 324 animam
328 298 466 326 conditam
482 300 564 327 indit.
579 299 634 328 Nec
647 302 719 329 enim
737 307 862 330 creatura
875 304 980 339 perllcit

191 344 321 376 animam,
348 352 383 372 ne
416 345 463 372 Dei
490 354 518 373 se
545 346 708 381 adjutricem
725 348 832 383 gloriari
854 350 975 384 possit.»

192 388 275 421 Igitur
289 390 410 417 animum
427 390 548 418 adverte.
565 391 721 426 lnspiravit,
737 394 835 429 inquit,
859 395 911 422 hoc
924 400 977 429 est,

194 441 294 468 torpus
311 434 376 462 illud
388 443 402 460 e
417 436 528 469 pulvere
552 436 653 464 factum
667 437 717 465 hoc
739 439 855 474 amplius
870 448 980 467 assecu-

191 484 314 509 tumest.
339 484 369 506 ut
389 480 442 507 vim
467 482 611 515 quamdam
640 483 747 510 vitalem
775 485 897 517 haberet,
918 493 978 521 qua:

191 525 231 549 νίς
252 525 314 550 huic
329 525 439 552 animali
459 526 529 553 facta
556 531 597 554 est
614 527 642 554 in
658 528 776 556 animam
802 530 901 564 vivam,
927 532 978 558 hoc

189 574 231 595 est
244 569 390 596 t‘lﬁcaeiter
403 575 529 605 agentem
549 580 579 598 ac
604 581 654 607 per
673 575 855 602 membrorum
875 581 977 603 motum

191 621 276 641 artem
291 623 368 642 suam
383 617 631 646 demoustrantcm.
645 621 732 654 Atque
746 621 804 648 haec
820 623 900 649 verba
915 630 978 657 pro-

191 660 318 687 feruntur
331 669 345 687 a
364 661 418 689 Deo
434 667 560 690 nostrum
577 664 611 691 ad
626 669 736 700 captum
761 674 790 694 se
805 667 976 702 demittente,

190 705 261 731 sicut
281 710 307 732 et
332 706 375 733 illa
394 715 400 733 :
422 716 431 732 ι
449 706 592 735 Faciamus
611 709 760 738 hominem.
782 721 791 737 ι
825 711 883 740 Non
905 713 976 741 enim

191 749 245 776 ulla
285 751 327 777 vel
361 751 560 781 deliberatione
586 755 629 782 vel
655 756 873 785 consideratione
907 758 978 786 Deus

192 796 294 829 indiget
316 798 386 824 :sed
411 799 460 825 hac
482 799 589 827 illorum
616 802 761 829 verborum
784 803 870 831 forma
900 805 978 832 nobis

193 842 315 870 indicare
340 845 399 871 vult
420 845 583 873 immensum
610 847 752 882 honorem,
771 858 826 885 quo
851 850 977 885 dignatur

192 886 268 914 illum
282 896 362 922 quem
378 889 522 918 formabat.
538 892 631 926 itaque
654 899 728 922 creat
753 895 902 928 hominem,
928 905 973 924 re-

192 937 289 966 spectu
312 934 437 969 imaginis
454 941 578 970 mortuae,
607 940 836 973 quemadmodum
856 941 974 977 Chryso-

191 981 296 1005 stomus
309 979 446 1014 loquitur;
468 990 566 1016 corpus
581 985 653 1011 enim
674 985 783 1019 jacebat
803 988 881 1021 quasi
898 996 975 1016 mor-

191 1028 278 1056 tuum.
304 1033 386 1060 egens
417 1033 535 1056 motore.
565 1029 669 1058 Deinde
697 1032 734 1059 ait
756 1036 773 1060 ':
803 1042 813 1059 ε
842 1033 974 1069 Spiritum

191 1070 298 1097 vitalem
322 1070 348 1097 itt
366 1071 462 1100 faciem
479 1074 538 1110 ejus
556 1075 708 1110 inspiravit.
731 1087 740 1104 I
767 1078 830 1107 Haec
846 1087 861 1107 a
884 1081 976 1108 divino

190 1114 251 1142 viro
267 1123 397 1151 perquam
416 1123 489 1147 recte
504 1119 656 1156 ordineque
679 1123 818 1156 dicuntur,
840 1125 976 1154 refutante

189 1163 320 1196 quosdam
337 1165 383 1198 qui
399 1173 462 1193 eum
485 1166 644 1202 Origenicas
657 1170 801 1204 opiniones
824 1173 924 1201 sectari
939 1174 977 1202 di-

189 1214 293 1236 cerent.
311 1208 377 1237 Nam
394 1211 485 1239 verbis
508 1212 637 1241 indicatis
651 1216 727 1250 quasi
744 1216 873 1246 radicitus
894 1227 977 1254 pecu—

190 1252 283 1281 liarem
302 1255 374 1282 illam
388 1257 542 1285 animarum
558 1260 746 1289 exsistentiam
763 1268 887 1292 evertere
895 1252 977 1294 ivide-

189 1303 245 1331 tur.
265 1308 346 1334 quant
364 1302 468 1330 delirus
482 1303 616 1340 Origenes
632 1308 766 1336 tradebat.

224 1345 358 1373 Caeterum
372 1347 400 1374 in
415 1348 489 1376 hisce
507 1350 600 1378 verbis
615 1360 623 1378 :
645 1361 654 1378 ι
673 1353 804 1388 Spiritum
821 1355 930 1384 vitalem
949 1357 978 1384 in

191 1389 289 1418 facient
306 1392 366 1426 ejus
387 1393 539 1428 inspiravit,
558 1405 567 1422 ι
584 1397 693 1431 quidam
712 1401 803 1428 audita
821 1401 977 1437 inspiratio-

190 1437 232 1464 nis
245 1445 321 1470 voce,
339 1447 389 1466 nec
405 1441 596 1470 vocabulorum
610 1451 731 1479 expensa
743 1448 878 1481 crassitie,
892 1451 978 1483 quod-

189 1491 243 1518 que
256 1485 316 1513 aliis
332 1486 382 1513 alia
389 1487 498 1515 Littera:
512 1496 595 1517 sacra:
609 1491 760 1526 significare
775 1495 976 1527 consueverint.

829 151 1039 182 MICHAELIS
1059 152 1187 183 GLYCxE

516 208 654 236 hominem
681 216 746 237 vero
775 209 975 246 formans,priv

1029 213 1076 240 καὶ
1093 213 1140 244 τὰς
1153 211 1245 247 ψυχὰς
1256 211 1416 247 παρήγαγε,
1428 210 1473 238 τὸν
1487 211 1514 238 δὲ
1529 210 1671 246 ἄνθρωπον
1687 209 1810 237 πλάττων

1758 150 1812 184 HS

1031 258 1139 294 πρῶτον
1152 258 1352 290 κατασκευάζει
1363 257 1392 284 τὸ
1402 257 1486 292 σῶμα.
1496 257 1532 289 ὡς
1545 257 1680 292 ὄργανον..
1689 257 1736 282 καὶ
1750 257 1814 283 τότε

1029 303 1079 339 τὴν
1100 303 1189 339 ψυχὴν
1205 304 1413 339 δημιουργήσας
1435 303 1543 339 ἔθηκεν·
1560 303 1590 329 οὐ
1606 302 1659 337 γὰρ
1678 302 1748 328 θέλει
1762 302 1812 337 τὴν

1029 349 1118 385 ψυχὴν
1139 350 1265 384 παρεῖναι
1290 350 1322 385 τῇ
1347 349 1520 384 δημιουργίᾳ,
1531 349 1573 376 ῐνα
1589 348 1626 384 μὴ
1640 348 1813 384 καυχήσηται

1029 395 1066 427 ὡς
1082 396 1213 430 συνεργὸς
1228 396 1274 422 τοῦ
1291 395 1372 422 Θεοῦ.
1390 405 1399 421 ι
1418 395 1540 431 Πρόσεχε
1565 394 1621 421 οὖν.
1646 393 1812 429 Ἐνεφύσησε

1029 442 1083 480 γάρ
1101 450 1179 477 φησι·
1197 442 1319 469 τουτέστι
1335 442 1365 468 τὸ
1384 441 1464 476 σῶμα
1478 440 1558 467 τοῦτο
1578 441 1609 467 τδ
1623 440 1677 467 ἀπὸ
1691 440 1736 466 τοῦ
1752 439 1813 474 χοὸς

1029 487 1167 522 ἠϐουλήθη
1189 488 1236 514 καὶ
1266 484 1418 521 προσέταξέ
1446 485 1566 520 ζωτικὴν
1591 484 1663 520 ἐχειν
1680 484 1810 518 δύναμιν,

1028 533 1090 567 ἣτις
1104 532 1213 566 ἐγένετο
1229 532 1260 558 τδ
1277 531 1347 564 ζῶον
1362 532 1401 563 είς
1413 531 1504 566 ψυχὴν
1515 530 1617 562 ζῶσαν,
1635 530 1721 565 ἠγουν
1737 530 1813 563 ἐνερ-

1028 577 1131 612 γοῦσαν
1147 579 1194 605 καὶ
1210 576 1261 612 τὴν
1275 577 1359 612 αὐτὴν
1371 577 1470 612 τέχνην
1487 576 1666 603 δεικνύουσαν
1692 575 1737 601 διὰ
1762 574 1814 608 τῆς

1029 622 1084 649 τῶν
1104 622 1194 657 μελῶν
1213 623 1357 657 κινήσεως.
1385 622 1500 652 Οὐκοῦν,
1522 621 1659 656 ἀγαπητὲ,
1676 628 1814 654 συγκατα-

1017 668 1137 700 ’6άσεως
1151 668 1238 695 ταῦτα
1254 669 1288 695 τὰ
1305 669 1426 704 ῥήματα,
1440 668 1535 703 ὥσπερ
1548 666 1595 695 οὖν
1610 667 1656 694 καὶ
1671 668 1701 694 τδ
1712 677 1721 693 ι
1738 667 1816 700 ποιή-

1030 722 1122 747 σωμεν
1140 713 1296 749 ἄνθρωπον.
1319 723 1328 740 ›
1347 714 1393 748 Μὴ
1409 714 1463 749 γὰρ
1480 713 1623 748 βουληθεὶς
1647 714 1661 740 ὁ
1677 712 1744 744 Θεὸς
1760 712 1814 739 δετ-

1028 767 1074 785 ται
1091 759 1139 785 καὶ
1160 760 1294 794 σκέψεως,
1310 759 1377 786 ἀλλὰ
1399 759 1438 794 τῷ
1458 761 1633 794 προσχήματι
1657 758 1704 785 τοῦ
1727 759 1816 793 ῥήμα-

1028 812 1076 835 τος
1095 804 1265 836 ἐνδείξασθαι
1290 804 1413 838 βούλεται
1431 804 1497 838 ἡμῖν
1522 803 1572 839 τὴν
1591 803 1813 838 ὑπερϐάλλουσαν

1028 849 1121 884 τιμὴν,
1136 848 1170 885 ἦς
1188 850 1309 883 ἀξιοῦται
1322 850 1387 884 παρ’
1403 849 1486 876 αὐτοῦ
1503 850 1516 876 ὁ
1528 848 1814 884 πλαστουργούμενος.

1030 891 1106 922 Ποίεῑ
1124 895 1212 921 τοίνυν
1224 895 1269 921 τὸν
1285 894 1427 929 ἄνθρωπον
1445 894 1515 921 κατὰ
1530 895 1580 929 τὴν
1594 895 1696 930 νεκρὰν
1712 895 1813 924 εἰκόνα,

1018 941 1063 973 ’ὡς
1087 942 1101 968 ὁ
1129 942 1329 977 χρυσορρήμων
1357 941 1451 976 φησίν.
1470 941 1580 968 Ἐκειτο
1598 941 1651 976 γὰρ
1677 941 1707 968 τὺ
1735 941 1816 975 σῶμα

1026 986 1176 1020 τηνικαῦτα
1193 986 1310 1022 νεκρὸν,
1339 986 1388 1013 τοῦ
1416 986 1556 1017 κινοῦντος
1584 986 1650 1013 αὐτὸ
1675 986 1813 1022 δεόμενον.

1028 1033 1145 1059 Ἐπειτά
1163 1041 1240 1068 φησι,
1261 1042 1270 1058 ι
1287 1032 1342 1059 Καὶ
1364 1032 1531 1066 ἐνεφύσησεν
1555 1032 1596 1063 είς
1620 1032 1650 1058 τὸ
1666 1032 1814 1067 πρόσωπον

1026 1077 1110 1104 αὐτοῦ
1136 1078 1221 1112 πνοὴν
1239 1077 1321 1109 ζωῆς.
1343 1087 1351 1104 ν
1373 1077 1466 1105 Ταῦτα
1494 1078 1544 1113 μὲν
1566 1077 1612 1104 οὖν
1640 1079 1654 1103 ὁ
1674 1077 1814 1109 θειότατος

1032 1123 1158 1159 Ἰωάννης
1172 1123 1249 1158 ἐλεγε
1262 1125 1310 1151 καὶ
1333 1124 1394 1150 λίαν
1410 1123 1576 1159 εύμεῦόδως,
1591 1123 1731 1158 ἐντρέπων
1749 1124 1814 1154 τοὺς

1027 1169 1158 1203 λέγοντας
1169 1170 1250 1196 αὐτὸν
1267 1169 1307 1196 ὅτι
1322 1169 1356 1196 τὰ
1378 1169 1533 1205 Ὡριγένους
1547 1171 1650 1204 φρονεῖ.
1678 1170 1745 1196 Ἀπὸ
1760 1169 1815 1204 γὰρ

1027 1215 1081 1241 τῶν
1101 1214 1302 1250 διαληφθέντων
1329 1215 1460 1250 ῥημάτων
1485 1215 1611 1251 ἀνασπᾷν
1637 1215 1709 1242 ἐοικε
1728 1215 1814 1250 πρόρ-

1029 1259 1104 1294 ριζον
1116 1259 1165 1294 τὴν
1177 1259 1348 1295 προΰπαρξιν
1363 1260 1417 1288 τῶν
1433 1260 1540 1296 ψυχῶν,
1558 1261 1590 1296 ἣν
1606 1261 1620 1287 ὁ
1638 1260 1813 1296 ματαιόφρων

1037 1305 1180 1340 Ὠριγένης
1193 1305 1313 1338 ἐδόξαζε.
1531 1330 1534 1333 .

1063 1350 1118 1376 Καὶ
1143 1351 1310 1384 ἐνεφύσησεν
1325 1351 1366 1383 είς
1386 1351 1417 1378 τὺ
1444 1352 1590 1387 πρόσωπον
1618 1352 1702 1379 αὑτοῦ
1727 1353 1814 1388 πνοὴν

1029 1395 1112 1431 ζωῆς.
1136 1396 1206 1423 Ἀλλ’
1222 1397 1340 1424 ἐνταῦθα
1363 1397 1394 1424 to
1421 1397 1573 1433 ἐνεφύσησέ
1598 1406 1669 1429 τινες
1682 1398 1817 1425 ἀκούσαν-

1030 1450 1087 1473 τες,
1103 1442 1152 1468 καὶ
1171 1442 1209 1477 μὴ
1229 1442 1407 1477 λογισάμενοι
1422 1444 1472 1477 τὴν
1487 1443 1542 1470 τῶν
1558 1444 1657 1477 λέξεων
1672 1443 1816 1478 παχύτητα

1029 1488 1076 1514 καὶ
1092 1488 1132 1514 ὅτι
1149 1488 1183 1516 δι’
1196 1489 1296 1524 ἑτέρων
1317 1489 1400 1525 ἕτερα
1415 1490 1581 1524 παρίστησιν
1596 1491 1613 1524 ἡ
1633 1490 1740 1526 Γραφὴ,
1757 1490 1815 1517 ἑνό-

189 1527 308 1558 animam
327 1537 388 1558 esse
401 1531 502 1559 divinae
517 1534 676 1569 participem
689 1539 816 1565 essentia;
834 1544 975 1574 putarunt.

1030 1541 1120 1566 μισαν
1139 1533 1194 1568 τὴν
1219 1534 1309 1569 ψυχὴν
1339 1534 1433 1566 οὐσίας
1462 1535 1587 1571 μετέχειν
1602 1536 1651 1571 τῆς
1677 1536 1762 1570 αὐτῆς
1777 1537 1816 1571 τῷ

190 1572 244 1600 Sed
261 1574 405 1608 plurituum
429 1585 443 1604 a
458 1585 541 1613 scopo
556 1580 694 1610 aberrant.
713 1582 779 1610 Nam
797 1572 860 1612 idsi
879 1586 975 1621 largia-

190 1626 263 1651 mur,
283 1621 354 1649 Deus
378 1621 457 1656 ignea
475 1625 651 1659 semetipsum
673 1628 794 1662 gehenna
811 1632 906 1665 punire
926 1633 974 1659 de-

188 1665 386 1700 prehendetur,
415 1676 476 1696 euttt
495 1670 529 1698 de
546 1673 681 1700 sententia
698 1681 835 1703 sacrarum
857 1677 973 1706 Littera-

189 1717 249 1736 rum
266 1711 385 1739 animam
398 1721 451 1740 una
467 1722 528 1742 cum
546 1723 661 1751 corpore
678 1722 818 1754 perpetuis
834 1722 896 1751 i5tic
909 1731 975 1759 sup-

189 1755 279 1790 pliciis
296 1757 462 1797 multandum
479 1760 576 1789 tradat.
599 1762 644 1790 Sic
664 1765 737 1792 enim
754 1767 792 1794 ait
811 1776 817 1794 :
836 1778 845 1793 ι
862 1768 900 1796 Ne
917 1755 974 1796 for-

189 1802 359 1832 ntidaveritis
393 1812 441 1832 eos
475 1806 522 1841 qui
559 1815 659 1842 corpus
689 1811 875 1846 interficiunt,
911 1822 973 1842 cum

189 1848 306 1875 animam
336 1850 392 1885 69
416 1856 534 1879 vestram
566 1852 722 1884 interﬁcere
746 1864 907 1892 nequeant:
926 1861 973 1888 sed

189 1900 250 1920 eum
266 1895 357 1929 potius
371 1895 526 1932 formidato,
549 1899 596 1934 qui
614 1905 641 1928 et
657 1903 774 1930 animam
790 1909 818 1931 et
833 1912 931 1940 corpus
946 1906 972 1933 in

188 1940 312 1974 gehenna
347 1942 460 1976 perdere
491 1949 582 1979 potest
596 1946 630 1972 ".
653 1957 663 1974 ι
687 1948 781 1983 Itaque
805 1951 974 1985 spiraculum

188 1988 253 2016 illud
270 1989 296 2016 in
309 1990 427 2018 animam
444 1999 499 2019 non
513 1999 709 2022 commutatum
727 1997 829 2023 ereavit
843 1998 972 2031 animant,

187 2034 259 2062 sicut
274 2039 300 2062 et
322 2043 420 2064 manus
435 2037 539 2065 litteras
567 2039 683 2073 scribit,
696 2049 763 2076 'cum
793 2043 974 2072 nihilominus

188 2088 286 2108 manus
300 2086 409 2109 maneat
423 2090 529 2117 manus,
542 2089 569 2111 et
581 2084 677 2113 litterm
691 2087 747 2113 sint
759 2087 867 2115 litterae.

224 2171 263 2198 Ac
282 2171 431 2206 prudenter
455 2173 498 2201 hic
517 2173 581 2201 mihi
595 2196 602 2207 ,
623 2183 682 2210 quae
701 2176 838 2210 dicantur,
857 2180 973 2214 reSpice.

190 2217 310 2246 Positum
327 2222 368 2245 est
382 2219 455 2246 enim
471 2219 527 2247 hoc
543 2220 568 2246 in
586 2220 645 2248 loco
667 2222 780 2249 verbum
802 2211 952 2259 inspira-udi
967 2246 975 2259 ,
993 2211 1014 2239 θ

187 2268 219 2291 ut
231 2271 293 2291 cum
306 2263 385 2291 Patre
395 2271 427 2291 ac
441 2264 512 2292 Filio
530 2265 650 2300 Spiritus
667 2267 748 2294 etiam
761 2273 872 2296 sanctus
887 2270 976 2298 homi-

189 2310 232 2338 nis
247 2310 337 2345 opifex
353 2317 413 2338 esse
439 2311 684 2340 demonstraretur.
704 2313 749 2341 Sic
767 2315 838 2342 enim
859 2317 978 2350 perscri-

190 2360 266 2391 ptum
279 2361 322 2383 est
342 2364 349 2382 :
368 2366 378 2383 t
397 2357 470 2384 Dixit
484 2356 566 2391 Deus,
584 2358 717 2387 faciamus
731 2360 868 2388 hominem
881 2371 888 2394 ;
903 2370 977 2390 sum-

189 2408 290 2439 ptoque
305 2404 339 2431 de
357 2408 429 2432 terra
446 2406 558 2440 pulvere
572 2405 643 2434 Deus
659 2407 794 2435 hominem
808 2409 943 2437 formavit.
964 2404 979 2437 ί

189 2449 257 2484 Quis
278 2454 318 2478 est
334 2450 379 2478 ille
395 2451 442 2486 qui
459 2451 550 2479 dixit?
565 2451 655 2480 Pater.
685 2453 719 2480 Et
747 2454 809 2488 quis
835 2455 975 2489 pulverem

189 2495 330 2530 sumpsit?
350 2495 445 2523 Filius.
462 2496 556 2530 Itaque
571 2505 606 2524 ne
618 2496 736 2532 Spiritus
753 2503 864 2525 sanctus
883 2499 917 2526 ab
930 2499 978 2526 ho-

190 2539 272 2568 minis
288 2540 427 2568 creatione
445 2545 634 2568 removeretur
644 2539 884 2575 et'excludcrctur,
896 2544 978 2571 verbo

191 2586 343 2622 inspirandi
358 2587 489 2622 prmclarc
507 2595 572 2615 usus
585 2592 628 2615 est
640 2609 647 2621 ,
663 2596 712 2624 per
732 2589 798 2616 illud
822 2589 922 2624 ipsum,
939 2590 977 2617 uti

192 2632 329 2665 diximus,
359 2632 491 2667 Spiritum
518 2638 642 2661 sanctum
660 2639 880 2661 commoustraus
896 2639 978 2670 atque

192 2678 339 2710 deuotans.
357 2678 483 2714 quodque
497 2679 591 2715 gratiae
604 2679 721 2715 Spiritus
737 2681 824 2709 sancti
841 2680 978 2716 particeps

193 2725 275 2753 homo
290 2730 346 2753 tum
361 2726 539 2759 conderetur,
555 2727 783 2762 quemadmodum
807 2727 924 2763 Cyrillus
936 2728 977 2755 lo-

192 2771 295 2805 quitur,
313 2773 421 2800 tametsi
441 2772 571 2809 deinceps
587 2773 705 2802 mandati
724 2773 809 2802 diviui
823 2780 976 2809 transgres-

227 2852 250 2868 "
273 2852 367 2881 Matth.
385 2861 412 2887 x,
429 2854 476 2881 28.

1029 1578 1098 1613 Θεῷ.
1125 1578 1194 1606 Ἀλλ’
1219 1580 1376 1614 ἐσφάλησαν
1402 1581 1449 1607 τοῦ
1476 1581 1588 1609 σκοποῦ.
1606 1582 1636 1608 El
1659 1582 1712 1617 γὰρ
1736 1582 1815 1608 τοῦτο

1027 1623 1169 1658 δὼσωμεν,
1190 1625 1314 1660 εὑρεθείη
1330 1625 1362 1652 ἂν
1386 1627 1400 1652 ὁ
1425 1626 1492 1658 Θεὸς
1519 1627 1601 1659 αὐτὸς
1624 1628 1720 1654 ἑαυτὸν
1737 1627 1765 1655 ὲν
1780 1629 1813 1662 τῇ

1027 1670 1129 1707 γεέννῃ
1149 1671 1271 1703 κολάζων
1292 1671 1340 1698 τοῦ
1368 1672 1465 1708 πυρὸς,
1497 1673 1524 1699 et
1549 1681 1582 1707 γε
1610 1673 1681 1700 κατὰ
1697 1673 1727 1699 τὺ
1743 1673 1816 1708 ἱερὸν

1030 1716 1151 1752 Γράμμα
1168 1717 1216 1744 σὺν
1237 1717 1277 1752 τῷ
1304 1717 1411 1752 σώματι
1425 1718 1475 1753 τὴν
1490 1718 1580 1753 ψυχὴν
1597 1719 1686 1745 ἐκεῖσε
1703 1719 1818 1754 παραδί-

1026 1762 1108 1788 δωσιν
1137 1762 1254 1794 αἰωνίως
1280 1762 1457 1795 κολάζεσθαιο
1477 1771 1487 1789 t
1503 1764 1548 1799 Μὴ
1574 1764 1711 1799 φοϐηθῆτε
1727 1773 1736 1790 ›
1750 1765 1815 1798 γὰρ,

1028 1807 1120 1841 φησὶν,
1136 1815 1145 1832 ι
1169 1801 1223 1833 ἀπᾝ
1250 1807 1304 1833 τῶν
1333 1807 1556 1835 ἀποκτεινόντων
1574 1809 1603 1835 τὸ
1620 1809 1709 1844 σῶμα,
1724 1809 1772 1841 τὴν
1788 1809 1817 1834 «τι

1027 1851 1116 1886 ψυχὴν
1133 1851 1210 1886 ὑμῶν
1230 1852 1267 1886 μὴ
1283 1852 1442 1886 δυναμένων
1457 1852 1631 1885 ἀποκτεῖναι,
1647 1853 1716 1879 ἀλλὰ
1730 1853 1817 1887 φοϐή-

1027 1899 1091 1933 ϐητε
1107 1898 1153 1924 τὸν
1177 1898 1328 1933 δυνάμενον
1350 1899 1398 1924 καὶ
1425 1899 1506 1934 σῶμα
1523 1899 1571 1926 καὶ
1588 1899 1676 1935 ψυχὴν
1694 1900 1721 1926 ἐν
1743 1899 1819 1932 γεέν-

1027 1953 1060 1980 νῃ
1076 1943 1218 1971 ἀπολέσαι.
1241 1953 1250 1969 ι
1265 1944 1302 1970 Τὸ
1324 1944 1374 1979 μὲν
1390 1942 1436 1971 οὖν
1455 1945 1608 1980 ἐμφύσημα
1628 1945 1665 1980 μὴ
1680 1945 1817 1979 μεταϐλη-

1028 1990 1072 2017 θέν
1101 1991 1139 2021 εἰς
1164 1989 1255 2024 ψυχὴν
1279 1989 1483 2026 ἐδημιούργησε
1511 1990 1622 2025 ψυχὴν,
1647 1990 1741 2024 ὥσπερ
1770 1989 1817 2016 οὖν

1028 2036 1075 2062 καὶ
1123 2036 1183 2070 χεὶρ
1198 2035 1299 2070 γράφει
1313 2036 1363 2070 μὲν
1377 2035 1508 2071 γράμμα,
1525 2036 1555 2061 οὐ
1577 2035 1775 2070 μεταίάλλεται
1789 2035 1817 2061 δὲ

1028 2083 1101 2117 ὅμως
1114 2082 1155 2113 εἰς
1174 2082 1340 2117 γράμματα,
1354 2082 1412 2109 ἀλλ’
1429 2083 1444 2118 ἠ
1463 2082 1512 2118 μὲν
1528 2083 1589 2117 χεὶρ
1607 2082 1681 2117 μένει
1697 2082 1769 2117 χεὶρ,
1785 2082 1818 2108 τὰ

1027 2128 1056 2155 δὲ
1078 2128 1229 2163 γράμματα
1244 2129 1407 2164 γράμματα.

1064 2174 1135 2208 Ὅρα
1163 2173 1256 2200 λοιπὸν
1283 2173 1429 2208 νουνεχῶς.
1447 2173 1484 2200 Τδ
1512 2173 1567 2208 γὰρ
1592 2173 1761 2209 ἐνεφύσησεν
1777 2176 1818 2200 ἐν·

1027 2219 1113 2247 ταῦοα
1125 2218 1213 2253 εἶπεν,
1230 2220 1273 2246 ἵνα
1282 2220 1331 2246 σὺν
1345 2220 1384 2254 τῷ
1401 2220 1488 2255 [Ιατρδ¹
1498 2220 1545 2247 καὶ
1561 2220 1601 2256 τῷ
1616 2220 1672 2255 Υίῷ
1687 2221 1819 2255 δημιουρ-

1027 2265 1075 2299 γὸν
1096 2265 1227 2302 ἀποδείξῃ
1256 2266 1302 2292 τοῦ
1337 2265 1486 2301 ἀνθρώπου
1514 2266 1563 2292 καὶ
1591 2267 1622 2292 τὸ
1647 2266 1759 2301 Πνεῦμα
1788 2267 1818 2292 τὺ

1026 2311 1112 2345 ἅγιον.
1135 2312 1204 2347 Φησὶ
1222 2312 1288 2347 γὰρ,
1317 2321 1326 2337 ι
1345 2312 1400 2339 Καὶ
1428 2310 1505 2338 εἶπεν
1533 2312 1547 2337 ὁ
1564 2312 1631 2343 Θεδς
1652 2313 1815 2346 ποιήσωμεν

1026 2356 1179 2391 ἄνθρωπον.
1203 2366 1212 2383 ι
1231 2357 1286 2384 Καὶ
1318 2357 1410 2384 λαϐὼν
1434 2357 1528 2392 όξΘεδς
1544 2357 1609 2392 χοῦν
1623 2357 1678 2384 ἀπὺ
1693 2358 1743 2391 τῆς
1764 2358 1818 2392 γῆς

1026 2402 1127 2428 ἔπλασε
1146 2403 1192 2428 τὸν
1220 2402 1376 2438 ἄνθρωπον.
1401 2403 1449 2434 Τις
1473 2403 1487 2429 ὁ
1512 2403 1620 2437 statim;
1648 2403 1680 2431 '0
1710 2404 1816 2438 Πατήρ.

1028 2450 1082 2476 Καὶ
1096 2449 1137 2481 τίς
1151 2450 1165 2476 ὁ
1177 2448 1285 2482 λαὸὡν;
1310 2450 1339 2476 '0
1356 2450 1430 2481 Υίός.
1450 2450 1510 2476 Ἵνα
1523 2449 1590 2484 γοῦν
1606 2450 1642 2484 μὴ
1655 2450 1685 2476 τὺ
1706 2450 1819 2484 Πνεῦμα

1027 2496 1058 2522 τὸ
1072 2495 1148 2530 ἅγιον
1167 2496 1308 2531 ἀλλότριον
1324 2496 1454 2531 φαίνηται
1468 2496 1518 2531 τῆς
1533 2495 1580 2522 τοῦ
1605 2495 1751 2531 ἀνθρώπου
1768 2497 1819 2531 δη·

1030 2542 1186 2577 μισ-ἀργίας,
1202 2543 1251 2576 τὴν
1281 2543 1433 2577 ἐνεφύσησε
1453 2542 1527 2574 λέξιν
1551 2543 1597 2569 καὶ
1618 2543 1689 2568 πάνυ
1713 2542 1818 2576 θαυμα-

1031 2585 1096 2620 σίωξ
1110 2588 1276 2624 παρείληφε,
1290 2588 1325 2614 δι’
1339 2589 1425 2622 αὐτῆς
1438 2588 1632 2621 ὑπεμφαίνων,
1646 2588 1684 2619 ὡς
1696 2588 1816 2623 εἴρηται,

1030 2634 1061 2660 τδδ
1078 2634 1189 2664 Πνεῦμα
1217 2635 1247 2660 τὺ
1267 2634 1363 2667 ἆγιον,
1391 2634 1440 2660 καὶ
1464 2634 1506 2660 ’ότι
1531 2634 1580 2668 τῆς
1606 2633 1652 2660 τοῦ
1682 2634 1816 2667 παναιτίου

1031 2679 1188 2715 Πνεύματος
1204 2681 1325 2715 χάριτος,
1342 2679 1379 2711 ὡς
1396 2681 1410 2706 ὁ
1430 2679 1570 2710 θειότατος
1583 2679 1650 2714 φησὶ
1670 2679 1815 2713 Κύριλλος,

1033 2726 1146 2764 μέτοχος
1175 2727 1188 2752 ὁ
1215 2726 1359 2761 ἄνθρωπος
1385 2725 1537 2761 τηνικαῦτα
1562 2725 1712 2760 παρήγετο,
1734 2725 1816 2759 nivi]

1032 2772 1188 2808 παράϐασις
1205 2772 1318 2808 ὕστερον
1336 2772 1384 2806 τὴν
1404 2771 1532 2806 τοιαύτην
1548 2771 1697 2807 ὴμσὺρωσε
1713 2770 1825 2806 δωρεὰ·..

1077 2904 1107 2929 _\
