1957 3073
145 156 198 184 H9
235 159 242 165 ‘

768 155 966 186 ANNALiUM
988 157 1083 187 PARS
1107 158 1128 188 ί.

1711 155 1763 187 tm

143 211 190 236 καὶ
210 211 346 246 συνέχεεν.
371 211 465 249 Ταύτῃ
482 221 523 239 τοι
546 212 593 239 κού¹
609 211 727 242 ἀναστὰς
747 213 762 239 6
779 212 880 247 Κύριος
897 213 921 238 ἐν

981 213 1021 240 sio
1047 213 1145 247 donum
1179 214 1230 242 hoc
1247 214 1403 242 obscuravit
1426 220 1507 250 atque
1531 214 1663 242 confudit.
1688 213 1762 241 lianc

142 257 250 289 νεκρῷ-μ
264 257 415 292 ἐνεφύσησε
429 259 486 289 τοῖς
502 257 637 292 μαθηταῖς
651 257 695 283 καὶ
711 254 770 283 εἷπε
781 264 788 272 ⁸
807 257 926 283 «Λάϐετε

142 302 256 336 Π-ἰεῦμα
271 302 359 337 ᾰγιον.
379 312 388 329 ι
402 303 469 330 Οὐδὲ
484 302 539 337 γὰρ
554 303 684 337 ἠνέσχετο
699 302 748 329 καὶ
761 301 839 334 αὖθις
853 302 927 337 ἡμᾶς

141 349 283 382 artasatis“
303 351 348 376 τοῦ
367 351 501 384 παναγίου
517 351 682 384 μετέχοντας
701 349 874 384 Πνεύματος.
892 351 925 376 '0

140 396 173 430 δὴ
200 397 246 422 καὶ
270 397 390 432 τήμερον
407 397 517 431 ὲμφυσᾷ
529 396 567 430 τῷ
583 395 776 430 βαπτιζομένῳ
796 397 810 422 6
823 395 924 430 ἱερεὺς,

141 441 284 476 ζωογονῶν
303 441 397 476 ὥσπερ
428 443 480 477 τὴν
499 442 581 469 αὐτοῦ
609 441 699 477 ψυχὴν
718 441 925 477 νενεκρωμένην

139 488 191 523 ήδη
207 488 247 524 τῷ
259 484 408 523 τοῠξἎδὰμ
425 488 641 524 παραπτώματι.

175 577 248 604 Ἀλλ’
267 578 313 605 ἐπὶ
327 578 376 612 τὴν
392 578 554 606 ἀκολουθίαν
581 578 630 606 τοῦ
657 579 737 613 λόγῡυ
771 580 819 606 καὶ
845 578 926 612 αὖθις

140 623 294 651 ὲπανιτίον.
318 624 502 660 Ἐνεφύσησεν
531 625 572 657 είς
602 625 634 653 τδ
665 625 812 661 πρόσωπον
842 626 924 652 αὑτοῦ

140 670 228 704 πνοὴν
250 669 333 704 ζωῆς.
352 669 385 696 Ἥ
400 670 449 705 μὲν
466 669 514 698 οὖν
534 671 657 706 ἡμετέρα
674 670 723 697 καὶ
743 670 925 706 ἀληθεστέρα

139 714 204 747 δόξα
234 715 298 750 περὶ
309 717 358 751 τῆς
387 716 427 748 είς
459 717 491 743 τὸ
520 717 600 751 σῶμα
624 716 674 750 τῆς
687 716 778 750 ψυχῆς
801 716 925 747 ὲνὼσεως

139 761 212 795 ἁπλῆ
230 761 272 792 τίς
298 761 356 788 ἐστι
378 762 425 788 καὶ
445 762 544 796 σαφής.
571 761 608 788 Τὸ
634 761 682 796 μιν
707 761 762 796 γὰρ
782 762 863 796 σῶμα
891 762 923 788 ἐκ

138 806 218 840 χοὸς,
235 807 252 841 ὴ
267 806 297 833 δὲ
309 807 382 842 ψυχὴ
397 807 509 842 ἀμέσως
525 808 557 833 ἐκ
583 807 653 834 Θεοῦ
670 808 839 842 παράγεται.
865 807 924 834 Κάν

137 851 237 878 τεῦθεν
251 852 297 878 καὶ
314 852 438 888 ἀλλήλων
451 853 667 887 συναπτομένων
689 853 760 885 ζῶον
782 853 812 879 ἓν
830 852 924 879 σύνθε‹

137 907 185 925 τον
202 899 318 932 γίνεται.
335 899 382 925 καὶ
400 898 478 925 τοῦτό
492 899 568 926 ἐστιν
584 900 600 933 ἠ
616 899 677 925 καθ’
693 899 842 925 ὑπόστασιν
858 898 925 925 ἕνω-

139 952 193 975 σις,
218 944 234 979 ὴ
258 944 460 979 άμφὸπαρκτος
489 945 544 971 τῶν
567 945 733 979 ἐτερουσιῶν
757 945 818 971 κατ’
841 945 924 971 αὐτὸν

138 988 288 1023 συνδρομή.
305 989 338 1015 ⁸0
350 989 382 1024 δὴ
396 990 443 1016 καὶ
458 989 608 1024 θαυμάζων
623 991 637 1016 6
654 989 703 1026 τὴν
720 990 844 1024 γλῶτταν
861 999 924 1025 χρυ·

138 1034 202 1066 σοῦς
220 1034 307 1068 ἔλεγε,
325 1044 335 1060 ι
350 1034 412 1068 [Ιῷς
438 1035 468 1061 ἐν
489 1035 582 1071 μήτρᾳ
595 1036 609 1062 6
635 1035 777 1070 ἄνθρωπος
792 1035 924 1062 διαπλάτ-

136 1088 233 1112 τεται;
262 1080 308 1107 καὶ
329 1080 388 1112 πῶς
402 1080 501 1115 ἀθρόον
516 1081 533 1116 ἡ
558 1081 711 1111 θεοείκελος
728 1080 802 1123 ψυχῇ
819 1081 858 1115 τῷ
873 1081 926 1107 σώσ

137 1135 205 1161 ματι
221 1127 501 1162 συμπαρυφίσταται;
525 1135 534 1152 ι
562 1128 594 1154 οι
616 1127 643 1154 δέ
665 1135 696 1161 γε
711 1127 794 1162 σοφίᾳ
808 1128 840 1162 τῇ
857 1127 924 1159 ἐξω-

136 1171 184 1198 θεν
199 1170 417 1206 ὲγκαυχώμενοι,
433 1171 527 1205 ἐπειδὴ
541 1171 587 1198 τὸν
609 1171 657 1198 τοῦ
682 1170 827 1206 ἀνθρώπου
854 1171 924 1198 πλά-

136 1224 206 1251 στην
230 1216 391 1250 ἠγνόησαν,
419 1215 466 1243 καὶ
488 1216 554 1251 περὶ
581 1216 630 1252 τὴν
661 1215 761 1242 πλάσιν
783 1216 870 1252 αὑτὴν
894 1216 925 1249 ἐξ

136 1261 263 1295 ἀνάγκης
276 1260 444 1294 ἐσφάλησαν.
460 1260 526 1290 Ἀπὸ
540 1260 592 1295 γῆς
610 1260 660 1294 μὲν
679 1257 737 1292 οὖν,
750 1260 788 1291 ὡς
803 1261 924 1296 εῐρηται,

134 1307 150 1332 6
165 1307 241 1342 χοῦς,
253 1306 285 1333 ἑκ
300 1305 369 1333 Θεοῦ
381 1306 409 1333 δὲ
429 1307 445 1341 ἡ
459 1306 543 1340 ψυχή.
557 1306 612 1332 Καὶ
625 1306 706 1333 τοῦτό
721 1307 796 1332 ἐστιν
810 1307 824 1333 δ
842 1315 924 1341 φησιν

135 1352 153 1387 ἠ
167 1350 276 1386 Γραφὴ,
296 1360 305 1376 ι
322 1351 377 1378 Καὶ
390 1350 560 1386 ἐνεφύσησεν
575 1352 614 1383 εἰς
628 1351 659 1377 τὸ
675 1351 821 1386 πρόσωπον
840 1350 924 1378 αὑτοῦ

135 1397 222 1432 πνοὴν
239 1396 322 1431 ζωῆς,
346 1397 394 1423 καὶ
419 1396 530 1431 ἐγένετο
561 1397 575 1423 6
599 1396 743 1431 ἄνθρωπος
772 1396 812 1428 είς
836 1395 924 1431 ψυχὴν

135 1443 237 1476 ζῶσαν.
266 1438 281 1468 ι’
298 1442 418 1478 Πρόσεχε
443 1441 501 1468 οὖν.
523 1441 641 1477 Εὔδηλον
658 1442 713 1477 γὰρ
738 1440 863 1469 ἐντεῦθεν
881 1442 922 1469 ὃτι

137 1488 188 1523 μία
202 1488 244 1519 τις
259 1488 333 1515 ἐστιν
350 1488 366 1524 ἡ
390 1487 463 1523 ψυχὴ
483 1487 615 1522 δυνάμεις
637 1487 739 1522 ἔχουσα
767 1488 921 1524 διαφόρους.

135 1534 221 1562 Ὅθεν
249 1535 296 1561 καὶ
323 1534 367 1562 διὰ
397 1535 497 1566 παντὸς
523 1535 573 1569 μὲν
600 1535 616 1570 ἡ
643 1535 706 1570 δίκη
722 1535 769 1562 τοῦ
786 1535 924 1570 σώματος,

135 1581 254 1607 ἑκάστου
281 1580 309 1607 δὲ
332 1580 428 1616 μορίου
445 1580 622 1615 καταλλήλως
635 1580 798 1614 ἐφάπτεται.
818 1579 926 1607 Αὐτίκα

135 1627 192 1662 γὰρ
212 1627 242 1652 τὺ
266 1627 315 1661 μὲν
338 1626 455 1661 θυμικὸν
477 1627 562 1661 αὐτῆς
585 1627 616 1652 ὲν
635 1627 669 1662 τῇ
692 1626 793 1661 καρδίᾳ
815 1625 925 1660 λέγουσι

136 1673 276 1699 ποιεῖσθαι
299 1672 348 1706 τὴν
377 1672 496 1707 οἴκησιν,
512 1671 542 1698 re
564 1672 593 1699 δὲ
609 1672 809 1707 ἐπιθυμητικὸν
825 1671 925 1707 ὁμοίως

137 1720 167 1746 ὲν
191 1718 230 1753 τῷ
257 1719 353 1753 ἥπατι.
376 1718 408 1744 Ἦ
430 1718 458 1744 δὲ
481 1717 577 1753 λογικὴ
601 1717 687 1753 αὐτῆς
711 1717 826 1752 δύναμις
841 1717 924 1744 αὑτοῦ

137 1763 335 1800 καθαπτομένη
352 1762 399 1790 τοῦ
415 1763 569 1798 ἐγκεφάλου
595 1762 630 1789 δι’
653 1762 736 1789 αὐτοῦ
760 1763 815 1794 τοῖς
839 1763 924 1790 πᾶσιν

137 1810 288 1845 ιταλάμπει
303 1810 348 1836 καὶ
363 1809 511 1836 δείκνυται.
527 1808 582 1835 Καί
595 1817 668 1839 τινες
683 1808 743 1843 μὲν,
757 1804 794 1834 ὧν
811 1805 850 1839 εἷς
865 1809 922 1834 ὲστι

135 1856 185 1882 καὶ
203 1854 409 1889 ’Δπολλινάριος
423 1855 438 1881 6
450 1854 500 1889 τῆς
516 1853 676 1886 Λαοδικείας
692 1854 859 1886 ἐπίσκοπος,
876 1854 923 1881 δύο

135 1901 296 1934 δοξάζουσιν
312 1901 359 1928 ἐπὶ
375 1901 423 1928 τοῦ
448 1901 592 1936 ἀνθρώπου
618 1900 717 1936 ψυχάς.
734 1900 802 1927 Καθ’
822 1901 922 1936 ἑαυτὴν

135 1947 194 1982 γὰρ
209 1945 279 1974 εἶναι
295 1947 406 1981 λέγουσι
419 1946 468 1981 τὴν
481 1946 604 1980 ἀλογίαν,
623 1946 689 1972 αὐτὸ
702 1945 804 1981 δηλαδὴ
817 1946 846 1972 τὸ
860 1946 922 1972 ἀλο-

135 1993 257 2028 γώτερον
274 1992 356 2028 μέρος
378 1991 427 2027 τῆς
452 1992 541 2027 ψυχῆς
557 1991 646 2026 ἡμῶν.
662 1991 699 2023 ὡς
719 1992 816 2025 ἄλογον
832 1991 921 2027 ψυχὴν

135 2039 219 2067 οὖσαν
233 2039 280 2066 καὶ
306 2038 337 2065 οὒ
361 2038 443 2074 μέρος
469 2038 518 2072 τῆς
541 2037 665 2073 λογικῆς,
684 2037 791 2072 πρῶτον
813 2038 862 2072 μὲν
878 2038 920 2064 ὅτι

136 2085 186 2112 καὶ
205 2084 268 2111 καθ’
291 2084 392 2119 ἑαυτὴν
415 2084 444 2110 ἑν
457 2084 514 2114 τοῖς
530 2082 638 2117 ἀλόγοις
654 2082 736 2115 ζώοις
749 2082 917 2118 εὑρίσκεται,

136 2130 167 2162 ἐξ
179 2126 210 2156 οὗ
224 2129 303 2163 δῆλον
315 2130 356 2156 δτι
372 2129 463 2156 τελεία
484 2128 525 2160 τίς
541 2130 598 2154 εστι
612 2128 660 2154 καὶ
675 2128 706 2154 οὺ
723 2127 805 2162 μέρος
822 2127 917 2161 ἄλλης,

136 2174 188 2203 εἷθ’
205 2175 247 2202 ὅτι
262 2175 316 2204 τῶν
339 2174 523 2201 ἀτοπωτάτων
546 2174 604 2199 ἐστὶ
631 2173 681 2207 τῆς
702 2173 815 2207 λογικῆς
828 2172 918 2207 ψυχῆς

136 2221 222 2257 μέρος
245 2218 314 2247 εἶναι
337 2220 366 2246 τὸ
396 2219 503 2253 ἄλογον.
526 2218 596 2244 Ἀλλ’
617 2215 689 2245 οὗτοι
707 2219 756 2254 μὲν
772 2218 857 2250 οὕτως
872 2218 919 2244 δύο

134 2265 294 2297 δοξάζουσιν
326 2264 372 2290 ἐπὶ
397 2263 444 2290 τοῦ
465 2263 611 2297 ἀνθρώπου
635 2263 735 2298 ψυχὰς,
759 2262 918 2298 ἐλέγχονται

133 2312 163 2338 δι
183 2312 216 2346 τῇ
231 2309 347 2345 λεγούσῃ
359 2309 418 2344 θείᾳ.
433 2310 539 2345 Γραφῇ·
558 2319 567 2335 ι
586 2310 640 2336 Καὶ
663 2310 770 2342 ἐγένετο
785 2310 798 2335 6
812 2309 917 2345 ἄνθρω-

118 2372 120 2374 -
134 2365 187 2388 πος
209 2357 250 2386 είς
273 2355 361 2390 ψυχὴν
377 2354 477 2387 ζῶσαν·
498 2365 507 2380 ι
524 2355 585 2381 οὐδὲ
601 2355 653 2389 γὰρ
672 2353 748 2381 εἶπεν
763 2355 801 2386 εἰς
818 2355 918 2389 ψυχὰς,

133 2401 192 2429 ἀλλ’
207 2401 248 2432 εἰς
268 2401 358 2435 ψυχὴν
374 2400 474 2432 ζῶσαν.
493 2400 572 2427 Ἀλλὰ
584 2402 630 2427 καὶ
647 2400 782 2432 Πλωτϊνος
796 2401 810 2427 6
825 2401 917 2435 σοφὸς,

132 2445 155 2483 ᾧ
167 2447 200 2483 δὴ
218 2447 265 2473 καὶ
285 2445 490 2481 Ἀπολλινάριος
515 2447 529 2472 6
551 2447 701 2477 Λαοδικεὺς
718 2447 916 2481 ἠκολούθησεν,

132 2494 166 2520 ὲκ
192 2491 277 2527 τριῶν
295 2491 370 2524 λέγει
394 2491 589 2526 συνεστηκέναι
604 2491 649 2518 τὸν
673 2491 827 2526 ἄνθρωπον,
844 2492 875 2518 ἐκ
887 2501 916 2518 τε

132 2538 192 2568 νοὸς
206 2537 255 2563 καὶ
278 2537 368 2571 ψυχῆς
388 2536 434 2562 καὶ
455 2531 593 2571 σώματος.
611 2537 691 2563 Ἀλλὰ
715 2537 853 2564 κάνταῦθα
868 2544 917 2564 πε-

133 2582 280 2616 πλάνηται·
297 2582 312 2608 6
331 2581 385 2616 γὰρ
397 2581 470 2614 νοῦς,
493 2582 565 2608 καθά
588 2590 671 2617 φησιν
694 2583 708 2609 ὁ
733 2582 818 2616 μέγας
837 2583 918 2608 Βασί-

132 2630 217 2660 λειος,
232 2625 388 2663 ταυτοῲυής
400 2629 456 2654 ἐστι
469 2629 502 2663 τῇ
517 2627 601 2664 ψυχῇ,
615 2629 662 2654 καὶ
677 2628 804 2662 καθάπερ
817 2629 918 2662 ὀφθαλ-

132 2674 182 2709 μὸς
206 2675 236 2699 ἐν
257 2673 375 2707 σώματι,
391 2673 461 2700 οὕτω
479 2674 527 2700 καὶ
543 2675 557 2700 6
572 2674 634 2706 νοῦς
654 2675 683 2701 ἐν
699 2675 768 2710 αὐτῇ
783 2675 816 2709 τῇ
831 2675 915 2710 ψυχῇ.

131 2721 167 2747 Th
181 2720 238 2755 γὰρ
250 2720 455 2754 καθαριὼτερεν
473 2721 519 2747 καὶ
533 2721 700 2756 κυριώτερον
726 2722 808 2756 μέρος
831 2723 916 2757 αὐτῆς

133 2765 192 2797 δοῦς
220 2765 444 2800 ἐπονομάζεται·
465 2766 532 2793 καθὸ
555 2767 589 2802 δὴ
605 2766 653 2793 καὶ
675 2767 757 2802 νοερὰ
772 2766 880 2801 λέγεται
898 2770 913 2804 ἡ

133 2811 176 2838 τοῦ
202 2811 351 2847 ἀνθρώπου
366 2811 501 2850 ψυχὴητῇ
521 2812 629 2847 μεθέξει
647 2813 756 2844 πάντως
772 2813 854 2841 αὑτοῦ
867 2814 914 2842 τοῦ

131 2865 197 2889 νοος.

978 261 1012 288 0b
1028 268 1136 288 causam
1153 261 1284 288 Dominus
1307 269 1369 289 cum
1402 269 1435 288 ex
1460 261 1574 288 mortuis
1599 261 1763 288 resurrcxis—

977 311 1028 340 Set,
1053 314 1161 334 rursum
1178 307 1324 342 discipulos
1336 306 1450 340 afflavit,
1469 312 1495 334 et
1513 306 1578 334 dixit
1593 316 1599 333 :
1618 316 1627 333 ι
1643 295 1763 340 Αέεὶρὶιο

978 351 1111 386 Spiritum
1136 357 1275 380 sanctum.
1294 347 1319 379 ι’
1335 352 1390 380 Nec
1415 353 1488 380 enim
1514 353 1584 380 ferre
1601 356 1708 388 potcrat
1733 355 1762 377 ut

977 405 1032 425 non
1048 398 1081 425 de
1094 399 1202 432 integro
1221 398 1308 426 sancti
1325 398 1443 433 Spiritus
1467 398 1614 433 participes
1629 405 1690 425 esse
1715 397 1763 424 de-

977 440 1157 476 ciararemur,
1185 451 1265 478 quem
1285 444 1366 471 etiam
1397 443 1478 470 hodie
1513 444 1640 471 sacerdos
1663 445 1686 471 ei
1714 443 1760 478 qui

976 489 1130 524 baptizatur
1143 489 1225 522 amat,
1240 490 1317 524 quasi
1332 489 1395 517 vita:
1407 489 1554 517 restituens
1569 489 1628 524 ejus
1643 490 1760 517 animam

976 543 1007 563 ex
1023 536 1118 563 Adami
1135 536 1354 571 transgressione
1372 541 1517 563 mortuam.

1012 580 1115 608 Verum
1131 582 1271 616 enimvero
1286 582 1319 608 ad
1345 581 1445 608 seriem
1462 581 1597 608 orationis
1612 581 1761 608 institutam

977 631 1155 654 revertamur.
1179 626 1285 658 Nostra,
1301 626 1426 661 inquam,
1455 633 1542 659 eaque
1563 627 1655 653 verior
1671 626 1762 660 opinio

975 671 1009 699 de
1024 672 1146 706 corporis
1164 679 1226 698 cum
1252 673 1342 699 anima
1366 671 1560 706 conjunctione
1584 671 1697 706 simplex
1722 676 1763 698 est

974 721 1057 750 atque
1076 716 1230 749 perspicua.
1255 715 1362 750 Corpus
1386 716 1459 743 enim
1483 723 1516 742 ex
1535 716 1657 749 pulvere.
1673 716 1762 741 anima

975 766 1066 788 autem
1085 763 1154 789 citra
1167 761 1285 788 medium
1299 761 1382 788 ullum
1399 769 1413 788 a
1433 761 1488 787 Deo
1504 761 1673 796 producitur.
1687 759 1763 786 idco-

976 813 1029 840 que
1047 805 1163 832 dicimus
1179 806 1221 833 his
1242 806 1314 833 inter
1331 814 1360 833 se
1377 806 1529 840 copulatis,
1552 806 1652 832 animal
1678 813 1760 831 unum

975 851 1103 886 idemque
1132 853 1311 886 compositum
1337 853 1492 884 exstitisse;
1512 859 1572 884 quae
1597 851 1705 885 quidem
1720 855 1762 877 est

977 898 1022 924 illa
1035 897 1188 931 personalis
1207 898 1305 930 unitio,
1322 898 1452 924 nimirum
1478 897 1616 924 cxsistcns
1632 896 1761 929 utrinque

977 947 1138 970 naturarum
1154 943 1324 970 diversarum
1343 943 1370 969 in
1395 950 1479 969 unum
1495 949 1653 968 concursus.
1674 940 1760 973 Quam

975 997 1032 1016 rem
1050 989 1258 1021 Chrysostomus
1281 988 1431 1019 admirans,
1451 997 1459 1013 ι
1476 987 1599 1020 Quonam
1612 1005 1619 1017 ,
1651 987 1737 1020 inquit
1752 1005 1760 1017 ,

975 1039 1055 1070 pacto
1073 1034 1099 1061 in
1116 1035 1176 1061 alvo
1191 1039 1319 1062 materna
1331 1033 1470 1061 formatur
1489 1033 1580 1064 homo,
1601 1032 1646 1066 qui
1669 1031 1761 1059 subito

976 1081 1067 1107 anima
1089 1080 1209 1107 divinam
1227 1079 1435 1108 similitudinem
1450 1077 1572 1105 referens
1586 1077 1691 1104 exsistit
1708 1084 1761 1103 una

976 1133 1037 1152 cum
1053 1123 1193 1159 corpore?
1212 1133 1221 1150 ›
1251 1124 1302 1156 Qui
1327 1123 1446 1151 extraria
1471 1126 1557 1150 semet
1582 1121 1700 1149 efferunt
1716 1129 1761 1148 sa-

975 1171 1079 1205 pientia
1096 1191 1103 1202 ,
1132 1177 1194 1197 cum
1222 1169 1397 1198 formatorem
1418 1168 1537 1195 hominis
1557 1161 1760 1202 ignoraverint,

977 1216 1060 1243 etiam
1077 1214 1233 1242 necessario
1259 1214 1286 1241 in
1307 1214 1366 1248 ipsa
1392 1213 1452 1248 ejus
1470 1211 1631 1239 formatione
1653 1211 1762 1237 aberra-

975 1265 1049 1288 runt.
1059 1259 1107 1287 Est
1121 1259 1202 1295 igitur
1216 1267 1231 1287 e
1246 1263 1315 1286 terra
1332 1258 1430 1294 pulvis,
1448 1265 1509 1285 cum
1524 1257 1613 1284 anima
1628 1256 1663 1283 sit
1679 1263 1694 1282 a
1707 1256 1761 1282 Deo

974 1308 1106 1344 profecta.
1123 1306 1200 1340 Quod
1219 1307 1330 1342 quidem
1345 1306 1465 1333 indicare
1486 1305 1577 1332 verbis
1593 1304 1636 1330 his
1652 1303 1761 1331 Littera;

975 1362 1058 1382 sacraz
1074 1354 1170 1380 volunt
1194 1363 1200 1380 :
1221 1362 1230 1378 ι
1258 1352 1390 1387 Spiritum
1411 1350 1519 1378 vitalem
1540 1350 1567 1377 in
1587 1349 1683 1376 faciem
1701 1348 1761 1386 elus

975 1399 1128 1435 inspiravit,
1148 1406 1181 1426 ex
1200 1406 1254 1434 quo
1275 1399 1401 1426 animans
1423 1396 1538 1424 eii'ectus
1553 1400 1605 1422 est.
1633 1404 1641 1420 ι
1657 1393 1761 1434 Quibus

974 1457 1006 1477 ex
1022 1448 1123 1482 verbis,
1139 1448 1161 1475 si
1176 1447 1297 1475 animum
1313 1447 1450 1477 advertas,
1466 1445 1612 1481 perspicue
1624 1443 1761 1479 colligitur

974 1503 1055 1522 unam
1071 1502 1131 1522 esse
1145 1494 1272 1526 animam,
1288 1493 1405 1520 diversis
1425 1491 1600 1519 facultatibus
1610 1489 1758 1524 pra-ditem.

937 1538 959 1570 C
976 1541 1036 1573 Quo
1057 1539 1087 1566 fit
1100 1543 1130 1566 ut
1147 1546 1196 1574 per
1212 1538 1370 1566 universum
1394 1545 1424 1565 se
1438 1544 1536 1571 corpus
1558 1535 1632 1563 didat
1644 1555 1652 1567 ,
1676 1539 1704 1561 ct
1718 1541 1761 1560 ra-

978 1585 1052 1612 tione
1075 1585 1211 1618 modoque
1227 1588 1409 1611 consentaneo
1428 1582 1558 1609 membris
1585 1579 1699 1614 singulis
1713 1586 1761 1613 ap-

975 1630 1103 1666 plicetur.
1131 1630 1171 1656 Ac
1198 1637 1260 1664 pars
1275 1628 1385 1663 quidem
1411 1629 1470 1662 ejus
1493 1627 1536 1654 illa
1553 1634 1612 1660 qua:
1627 1626 1681 1652 vim
1707 1626 1760 1652 ira-
1779 1618 1783 1621 ’

976 1675 1069 1703 scendi
1087 1674 1220 1706 continet,
1242 1675 1333 1701 sedem
1357 1681 1432 1700 suam
1448 1674 1474 1699 in
1488 1672 1570 1700 corde
1584 1672 1668 1698 fertur
1686 1671 1758 1697 obti-

975 1727 1052 1751 nere,
1069 1719 1154 1745 aitera
1175 1725 1240 1745 vero
1254 1725 1306 1752 qua
1326 1717 1558 1751 concupiscimus,
1576 1716 1602 1741 in
1615 1715 1737 1749 jecinore
1751 1733 1757 1744 .

975 1765 1029 1801 7o
1045 1765 1124 1792 tertia
1138 1783 1145 1795 ,
1176 1771 1236 1798 qum
1264 1763 1378 1791 rationis
1398 1762 1512 1790 facultas
1528 1765 1586 1791 est,
1603 1760 1629 1787 in
1645 1759 1758 1787 cerebro

975 1812 1026 1839 sita
1038 1819 1085 1846 per
1101 1810 1128 1838 id
1141 1810 1269 1838 omnibus
1285 1816 1346 1836 sese
1361 1809 1490 1843 declarat.
1509 1807 1578 1834 Sunt
1596 1806 1677 1832 etiam
1689 1812 1759 1832 non-

973 1858 1052 1885 nulli.
1069 1865 1185 1892 quorum
1203 1861 1246 1884 est
1269 1856 1296 1883 in
1313 1863 1427 1883 numero
1446 1852 1629 1889 Apollinarius
1644 1851 1757 1879 antistes

972 1903 1124 1935 Laodicea,
1137 1902 1182 1936 qui
1195 1901 1301 1928 animas
1310 1901 1336 1927 in
1352 1900 1462 1927 homine
1475 1899 1543 1926 duas
1559 1905 1619 1926 esse
1634 1896 1755 1924 tradunt.

972 1947 1074 1975 Volunt
1102 1942 1175 1975 enim
1199 1945 1375 1981 peculiariter
1390 1949 1418 1972 et
1430 1950 1551 1972 seorsum
1564 1941 1628 1970 'esse
1650 1945 1755 1977 partem

972 1994 1036 2022 vitae
1061 1997 1162 2021 nostrae
1177 1993 1287 2019 brutam
1310 1998 1342 2018 ac
1367 1989 1482 2017 rationis
1512 1993 1663 2023 expertem,
1682 1987 1758 2014 velut

971 2040 1089 2068 animam
1115 2038 1259 2074 quamdam
1277 2036 1390 2064 minime
1409 2034 1578 2065 rationalem,
1595 2040 1708 2068 qumque
1722 2039 1757 2059 ne

970 2093 1034 2121 pars
1048 2084 1157 2119 quidem
1177 2083 1213 2111 sit
1225 2081 1368 2117 rationalis
1379 2081 1486 2107 animae.
1501 2079 1529 2107 id
1545 2078 1663 2114 primum
1676 2085 1708 2106 ex
1723 2085 1757 2105 eo

970 2135 1095 2159 statuunt
1110 2149 1117 2161 ,
1150 2129 1222 2164 quod
1251 2129 1309 2155 haec
1334 2126 1508 2162 peculiariter
1533 2132 1565 2152 ac
1588 2131 1710 2158 seorsum
1729 2123 1757 2150 in

970 2175 1060 2203 brutis
1076 2174 1157 2201 etiam
1188 2173 1354 2208 reperiatur.
1381 2171 1418 2199 De
1437 2178 1490 2206 quo
1509 2166 1640 2204 consequi
1662 2169 1757 2196 volunt

971 2228 1033 2248 essu,
1046 2221 1134 2255 ipsam
1153 2218 1312 2254 perfectam,
1329 2225 1385 2244 non
1400 2217 1504 2252 partem
1520 2215 1640 2243 alterius.
1655 2214 1756 2241 Deinde

969 2270 1114 2301 propterea
1136 2263 1208 2298 quod
1227 2263 1344 2290 maxime
1355 2262 1391 2289 sit
1401 2261 1547 2289 absurdum
1561 2260 1658 2287 anima:
1673 2260 1758 2286 ratio-

968 2311 1037 2338 nalis
1055 2315 1160 2346 partem
1178 2317 1238 2337 esse
1252 2309 1278 2336 id
1295 2308 1367 2344 quod
1390 2306 1504 2334 rationis
1517 2313 1614 2340 expers
1627 2306 1662 2332 sit
1676 2309 1757 2340 atque

969 2357 1090 2385 brutum.
1106 2356 1151 2383 Sic
1164 2355 1191 2383 hi
1219 2355 1287 2383 duas
1315 2355 1342 2381 in
1371 2353 1483 2381 homine
1505 2353 1608 2379 animas
1619 2359 1666 2378 sua
1698 2351 1757 2386 qui-

968 2403 1029 2431 dem
1063 2402 1191 2437 opinione
1220 2400 1402 2428 constituunt.
1424 2398 1524 2426 Verum
1563 2405 1611 2432 per
1640 2397 1755 2424 Litteras

969 2456 1061 2476 sacras
1074 2448 1239 2479 refutantur,
1251 2453 1364 2481 quarum
1381 2445 1439 2473 hinc
1452 2444 1534 2472 verba
1547 2447 1628 2471 sunt:
1644 2451 1652 2469 ι
1669 2443 1755 2470 Homo

969 2495 1056 2521 factus
1069 2498 1111 2521 est
1125 2493 1152 2520 in
1180 2492 1297 2520 animam
1312 2491 1427 2518 vivam.)
1444 2489 1503 2517 Non
1518 2491 1591 2517 enim
1608 2490 1685 2517 aiunt
1699 2498 1705 2517 :
1722 2490 1752 2516 in
1789 2499 1793 2503 λ

969 2540 1084 2572 animas,
1106 2539 1164 2571 sed,
1187 2547 1196 2564 ι
1216 2538 1243 2565 in
1271 2537 1389 2564 animam
1417 2536 1517 2563 vivam.
1540 2545 1550 2562 ι
1579 2535 1755 2563 Doctissimus

969 2586 1052 2622 etiam
1070 2578 1268 2616 Plotinus‘ille,
1287 2590 1368 2617 quem
1385 2581 1560 2609 Laodicensis
1573 2580 1755 2615 Apollinarius

968 2636 1079 2660 secutus
1094 2634 1146 2661 est,
1171 2629 1310 2657 hominem
1337 2629 1370 2656 de
1383 2628 1470 2656 tribus
1484 2627 1560 2654 hisce
1577 2626 1659 2654 tradit
1681 2624 1754 2652 exsi-

967 2683 1052 2709 stere,
1077 2676 1207 2704 nimirum
1225 2680 1328 2709 mente,
1354 2674 1456 2706 anima,
1473 2680 1598 2708 corpore.
1622 2671 1679 2704 Qua
1694 2669 1752 2705 ipsa

968 2723 995 2750 in
1017 2723 1147 2758 opinione
1163 2721 1341 2750 consimiliter
1364 2721 1478 2748 fallitur.
1506 2719 1582 2746 Mens
1606 2718 1698 2748 cnim,
1725 2720 1754 2743 ut

968 2777 1082 2804 magnus
1097 2769 1142 2796 ille
1157 2768 1274 2796 Basilius
1287 2767 1386 2802 inquit,
1403 2766 1524 2802 ejusdem
1533 2768 1573 2792 est
1588 2771 1650 2791 cum
1662 2763 1752 2790 anima

968 2819 1071 2842 naturae
1085 2824 1090 2846 ;
1104 2815 1232 2850 quodque
1254 2812 1360 2848 corpori
1376 2812 1472 2840 oculus
1487 2814 1540 2844 cst,
1554 2810 1606 2838 hoc
1623 2817 1700 2837 mens
1711 2812 1753 2838 est

967 2861 1073 2889 anituu‘.
