1957 3073
191 154 238 188 151

812 156 1022 187 MICHAELIS
1042 157 1174 187 GLYCJI

1760 153 1818 184 132'

227 212 294 240 Nam
310 221 370 247 qua-
387 220 450 248 pars
467 213 565 240 anima:
584 213 678 248 purior
693 218 736 240 est
750 221 781 240 ae
796 214 984 248 principalior,

1077 215 1131 243 Kal.
1147 214 1256 248 ἐγένετο
1281 213 1296 240 ὁ
1318 213 1462 248 ἄνθρωπος
1477 212 1518 244 εις
1534 211 1624 248 ψυχὴν
1639 211 1740 244 ζῶσαν.
1760 209 1819 238 Ἐν-

190 267 221 287 ea
240 266 317 286 mens
329 259 492 293 appellatur,
513 259 583 286 sicut
600 259 719 286 hominis
736 260 827 286 anima
841 261 941 287 mentis
952 260 976 287 vi

190 305 303 342 prmdita
319 305 429 338 dicitur,
449 305 520 332 haud
538 305 620 332 dubie
646 309 789 340 propterea
810 305 883 340 quod
901 313 979 332 n:en-

191 351 226 377 tis
242 350 278 377 sit
293 350 440 385 particeps.
463 350 534 377 Hinc
548 357 664 377 exorsus
676 351 786 378 divinus
804 350 850 378 ille
865 351 980 378 Basilius

190 400 286 423 noster
299 396 356 423 hac
370 404 453 430 porro
467 396 500 423 de
516 396 606 423 anima
627 401 844 424 commemorat:
863 405 872 422 ι
886 396 980 432 Dupli-

191 450 250 469 eem
264 450 314 475 ego
331 442 487 469 facultatem
505 441 603 468 auium
619 446 720 475 statuo,
734 450 795 469 cum
809 442 866 476 ipsa
879 442 913 469 sit
927 449 981 468 una

194 493 218 514 el
234 489 340 514 eadem.
358 488 458 515 Harum
475 488 558 519 altera
581 489 706 522 ('OIpOris
720 493 772 518 est.
791 488 919 515 nimirum
939 488 982 515 vi-

191 532 262 563 talls,
292 532 375 558 altera
399 532 610 567 contetnplatrix
635 540 737 564 rerum,
758 540 838 567 quam
856 538 884 559 et
900 532 982 559 intel-

192 578 320 612 ligentem
349 585 490 604 vocamus.
521 577 655 610 Vitalem,
689 578 810 612 quandiu
836 579 983 613 conjuncta

192 623 300 657 corpori
322 628 364 650 est
379 623 468 650 anima
483 643 490 655 ,
522 629 635 658 propter
655 624 740 659 ipsam
769 629 982 659 temperaturam

192 669 292 695 horum
322 669 494 701 naturaliter,
515 677 571 696 non
599 677 631 697 ex
661 670 797 697 electione
817 670 982 704 suppeditat.

193 713 411 748 Contemplatrix
427 714 542 741 facultas
557 714 584 741 in
600 715 735 743 electione
753 715 921 749 consilioque
936 723 984 750 po-

192 759 274 786 situm
288 764 394 787 motum
411 760 502 787 habet.
519 770 528 787 ι
547 759 609 788 Haec
624 761 733 788 divinus
753 761 835 788 etiam
853 760 985 787 Maximus

193 805 240 832 ille
256 805 412 837 declarans,
429 805 500 833 illam
513 806 612 833 anima
621 811 736 841 partem,
751 815 811 841 qua:
827 807 920 842 purior
932 811 983 839 est,

193 850 367 878 all'ectionum
392 857 532 886 expertem
549 859 581 879 ac
610 852 802 880 indivisibilem
813 860 876 880 esse
896 853 982 885 dicit,

193 905 294 932 resque
314 897 415 924 mentis
429 885 608 932 intelligentia
625 901 732 925 tantum
749 898 983 933 comprehensiles
999 885 1020 913 Β

194 942 275 969 modo
291 943 375 969 menti
388 947 576 969 consenlaneo
588 942 812 977 percipere,cum
824 943 909 970 altera
921 950 983 977 pars

191 988 299 1020 auium,
315 987 504 1015 aﬂ‘ectionibus
519 988 635 1015 obnoxia
647 993 671 1016 et
689 988 846 1020 divisibilis,
863 996 924 1023 quae
942 987 984 1014 ni-

193 1035 294 1062 mirum
322 1035 349 1062 in
367 1042 464 1062 sensus
479 1034 618 1066 dividitur,
633 1035 742 1071 corpori
761 1035 865 1063 dolenti
880 1035 983 1062 condo-

193 1081 259 1114 leat,
272 1085 298 1108 et
310 1081 406 1109 eodem
425 1081 592 1116 voluptatem
611 1081 736 1117 capiente
748 1081 901 1116 voluptatis
911 1081 985 1115 ejus—

193 1127 256 1154 dem
273 1128 412 1162 particeps
433 1126 489 1155 liat.
512 1127 619 1155 Etenim
641 1127 744 1160 anima,
759 1127 831 1156 sicut
846 1131 874 1154 et
887 1126 986 1162 Nysse-

193 1181 247 1200 nus
265 1173 379 1200 antistes
393 1173 517 1208 scripsit.
535 1181 584 1208 per
600 1181 700 1201 sensus
714 1180 862 1208 corporeos
877 1181 940 1200 cum
953 1173 985 1201 iis

192 1227 254 1254 qua:
269 1219 295 1246 in
313 1219 456 1246 ltominum
477 1220 533 1246 vita
546 1219 666 1254 jucunda
686 1225 750 1246 sunt
763 1219 841 1254 quasi
857 1219 986 1247 coalescit

195 1271 222 1293 et
237 1266 426 1300 conjungitur.
440 1265 542 1292 Rerum
555 1270 708 1293 exterarum
725 1270 752 1293 et
767 1273 919 1293 crassarum
931 1266 987 1293 ele-

193 1311 285 1345 gantia
311 1319 360 1346 per
379 1312 471 1340 oculos
492 1312 654 1342 oblectatur.
673 1319 721 1347 per
740 1319 819 1340 aures
841 1312 867 1339 in
889 1311 986 1339 auditu

193 1357 316 1392 jucunda
334 1357 508 1392 propendet.
536 1358 686 1392 itidemque
713 1358 741 1384 in
765 1358 877 1392 reliquis
903 1366 985 1386 sensu

194 1403 318 1438 qullihet
331 1403 458 1430 allicitur.
478 1404 529 1438 71
550 1403 605 1431 Ilac
620 1404 654 1431 de
667 1411 750 1431 causa
764 1403 883 1432 Joannes
904 1404 985 1431 etiam

198 1449 384 1475 Damasceuus
402 1453 506 1483 partem
525 1449 622 1476 anima:
640 1449 753 1477 rationis
770 1454 910 1484 expertem
926 1457 985 1476 ma-

195 1493 321 1527 ximejue
333 1493 438 1520 brutam
456 1493 645 1522 affectionibus
660 1502 722 1521 esse
743 1494 825 1521 tradit
840 1494 985 1522 obnoxiam

197 1544 223 1566 ct
241 1539 454 1574 conenpiseendi
472 1540 526 1567 vim
552 1540 663 1567 habere.
687 1540 757 1568 Sunt
779 1540 901 1576 ejusdem
929 1541 1022 1585 hazc-C

197 1593 308 1620 quoque
323 1586 405 1613 verba
424 1594 431 1611 :
454 1595 463 1612 ι
481 1586 549 1613 Cum
567 1585 685 1614 allicitur
702 1586 791 1614 anima
814 1587 840 1614 in
861 1587 984 1615 sectione

198 1631 333 1666 corporis,
361 1631 418 1666 ipsa
438 1632 547 1667 quidem
567 1641 623 1663 non
639 1639 749 1661 secatur
764 1634 803 1661 uti
817 1641 926 1669 corpus,
941 1634 987 1662 sed

198 1677 378 1705 nihilominus
393 1677 418 1704 ei
435 1678 563 1706 condolet
576 1686 608 1706 ac
623 1687 684 1706 cum
709 1679 830 1714 patiente
845 1679 960 1714 patitttr.
975 1688 986 1705 ι

199 1723 265 1750 Inde
291 1723 320 1750 ﬁt
336 1728 366 1750 ut
388 1731 548 1752 communes
572 1725 628 1752 sint
649 1725 746 1752 anima:
761 1726 924 1761 corporique
939 1733 989 1753 vo-

199 1769 332 1804 luptates,
346 1776 407 1804 qua:
424 1770 457 1797 de
476 1771 664 1806 complexibus
678 1775 707 1799 et
723 1772 847 1800 ciborum
862 1772 991 1801 t‘ruitione

199 1815 401 1850 percipiuntur,
419 1815 490 1844 sicut
514 1817 587 1844 idem
614 1818 703 1853 inquit
717 1826 725 1845 ε
741 1823 770 1845 at
785 1826 844 1854 qua:
859 1818 894 1847 de
907 1819 991 1847 disci-

200 1861 287 1896 plinis
303 1861 462 1889 liberalibus
485 1863 684 1892 oblectationes
704 1865 877 1899 proveniunt,
892 1865 992 1894 anima:

201 1905 251 1932 soli
270 1905 422 1939 peculiares
447 1912 531 1940 sunt,
552 1916 614 1936 cum
639 1909 792 1944 voluptates
815 1911 924 1945 corpori
941 1910 992 1938 soli

200 1949 354 1984 peculiares
368 1951 450 1978 nulla:
464 1953 647 1987 reperiantur.
664 1953 732 1982 Esse
748 1960 839 1983 autem
857 1956 884 1983 in
901 1957 991 1984 anima

201 2000 306 2030 partem
325 1997 492 2031 quamdam,
525 2007 586 2034 quae
610 1998 678 2027 ειηῑεί
707 2001 818 2037 patique
837 2002 945 2036 possit,
965 2006 995 2029 et

201 2048 252 2076 per
276 2048 357 2076 quam
374 2044 483 2077 corpori
508 2044 623 2078 patienti
649 2045 689 2073 sic
711 2047 902 2080 compatiatur,
919 2051 949 2074 ut
967 2051 994 2074 et

201 2092 318 2122 angatur
333 2092 361 2115 et
377 2093 492 2116 maereat
514 2094 541 2116 et
556 2090 676 2125 reliquas
695 2092 853 2119 artlctiones
867 2093 993 2127 experia-

202 2135 257 2163 tur,
285 2131 387 2166 quibus
415 2132 535 2159 obnoxia
563 2138 626 2168 post
653 2134 757 2169 lapsum
773 2142 835 2162 esse
851 2135 944 2170 cmpit,
960 2136 994 2163 de

202 2177 290 2212 ipsius
301 2177 410 2205 Domini
428 2177 520 2206 verbis
537 2178 650 2212 intelligi
668 2184 757 2214 potest
773 2189 779 2206 :
798 2189 806 2206 ι
821 2180 919 2208 Anima
931 2189 991 2208 mea

1030 261 1125 289 τεῦθεν
1141 258 1188 288 οὖν
1203 258 1363 294 ὁρμώμενος
1379 259 1393 284 ό
1407 252 1566 292 διαληφθεὶς
1582 256 1654 288 οεῖος
1667 255 1738 291 ἀνὴρ
1756 255 1820 290 περὶ

1029 308 1119 343 ψυχῆς
1132 307 1180 333 καὶ
1195 305 1257 332 τάδε
1283 304 1397 338 διέξεισι.
1407 313 1415 320 ·
1435 314 1444 330 ι
1462 303 1561 338 Διττὴν
1578 303 1668 336 ἔγωγε
1679 299 1758 337 οἶμαι
1771 301 1820 336 τὴν

1030 353 1147 387 δύναμιν
1159 351 1208 384 τῆς
1222 349 1315 385 ψυχῆς
1329 350 1400 376 εἶναι
1419 349 1484 384 μιᾶς
1499 348 1548 376 καὶ
1564 349 1614 382 τῆς
1631 347 1715 382 αὐτῆς
1734 347 1821 381 ὑπαρ-

1031 399 1144 435 χούσης,
1159 398 1209 432 τὴν
1225 397 1274 432 μὲν
1289 396 1336 424 τοῦ
1354 396 1482 430 σώματος
1502 395 1632 430 ζωτικὴν,
1652 394 1702 429 τὴν
1717 394 1746 420 δὲ
1762 394 1821 421 ἑτέ-

1032 456 1083 482 ραν
1100 446 1155 473 τῶν
1182 445 1267 472 ὄντων
1286 444 1472 480 θεωρητικὴν.
1491 443 1525 479 ἣν
1545 443 1577 478 δὴ
1591 443 1638 470 καὶ
1651 441 1748 478 νοερὰν
1763 441 1822 468 dvo-

1034 493 1170 527 μάςομεν.
1202 489 1285 517 Ἀλλὰ
1309 490 1360 525 τὴν
1383 489 1432 524 μὲν
1459 489 1578 523 ζωτικὴν
1603 489 1738 524 δύναμιν,
1761 487 1823 514 ἐπεὶ

1034 537 1225 571 συγκέκραται
1240 536 1279 570 τῷ
1296 535 1416 569 σώματι,
1434 536 1450 569 ὴ
1467 535 1542 570 ψυχὴ
1567 534 1692 568 φυσικῶς
1711 533 1756 560 διὰ
1773 533 1823 568 τὴν

1034 581 1187 616 σύγκρασιν
1202 582 1251 608 οὐκ
1269 582 1301 607 ἐκ
1329 581 1517 615 προαιρέσεως
1540 581 1664 615 χορηγεῖ·
1682 580 1698 615 ἠ
1713 580 1741 606 δὲ
1757 579 1824 606 θεω-

1034 626 1134 660 ρητικὴ
1160 625 1275 659 δύναμις
1299 626 1328 651 ὲν
1349 625 1512 660 προαιρέσει
1527 625 1577 660 τὴν
1597 624 1704 659 κίνησιν
1719 624 1787 660 ἔχει.
1811 633 1821 649 ι

1034 670 1128 698 Ταῦτα
1147 670 1197 705 μὲν
1213 667 1260 696 οὖν
1276 669 1325 696 καὶ
1340 670 1354 695 ό
1367 669 1506 700 θειότατος
1527 669 1752 704 ὲπεξηγούμενος
1766 669 1826 695 Μα-

1035 715 1113 751 ξιμος
1137 716 1168 742 τὺ
1192 715 1243 750 μὲν
1262 717 1313 750 τῆς
1336 715 1437 750 ψυχῆς,
1456 715 1517 750 ὃδὴ
1542 715 1590 742 καὶ
1613 715 1820 749 καθαρώτερον,

1035 761 1141 793 ἀπαθές
1160 770 1228 797 φησι
1245 762 1292 787 καὶ
1308 761 1469 795 ἀμέριστον,
1484 761 1589 795 νοητῶς
1611 760 1645 787 τὰ
1661 761 1745 796 νοητὰ
1759 760 1822 787 δια-

1035 807 1191 843 νοούμενον,
1206 808 1236 833 τὺ
1253 807 1287 840 Δδὲ
1307 807 1357 842 τῆς
1373 806 1465 842 ψυχῆς
1481 807 1604 841 παθητὸν
1618 807 1667 833 καὶ
1685 806 1824 841 μεριστόν·

1035 855 1049 881 δ
1063 854 1094 888 δὴ
1110 854 1158 881 καὶ
1172 855 1232 885 ταῖς
1258 853 1408 888 αἰσθήσεσι
1434 853 1614 888 μεριζόμενον
1630 853 1760 886 συναλγεῖ
1776 852 1826 887 μὲν

1035 898 1212 933 ἀλγυνομένῳ
1231 896 1270 932 τῷ
1294 897 1414 932 σώματι,
1432 897 1590 933 ὴδυνομένῳ
1617 897 1640 924 δ’
1656 894 1688 923 αὖ
1715 897 1827 932 συνηδύ-

1034 951 1119 970 νεται·
1145 942 1305 978 συμφύεται
1331 943 1451 978 γὰρ.ὡς
1475 943 1626 978 εἴρηται,ἡ
1652 942 1737 977 ψυχὴ,
1755 943 1828 970 καθὰ.

1034 990 1066 1025 δὴ
1084 990 1133 1016 καὶ
1147 990 1161 1016 ό
1179 989 1291 1024 Νύσσης
1307 989 1386 1024 φησὶ,
1405 989 1451 1017 διὰ
1469 989 1525 1016 τῶν
1551 989 1717 1024 σωματικῶν
1733 989 1828 1024 αἰσθή-

1035 1044 1105 1062 σεων
1124 1036 1194 1071 πρὸς
1211 1036 1245 1062 τὰ
1268 1036 1334 1071 ἡδέα
1362 1035 1410 1063 τοῦ
1424 1035 1494 1071 βίου.
1510 1036 1549 1070 Τῇ
1569 1035 1625 1070 γὰρ
1649 1035 1763 1071 εὐχροιᾳ
1776 1037 1827 1070 τῆς

1037 1081 1104 1116 ὕλης
1122 1081 1168 1109 διὰ
1186 1081 1240 1109 τῶν
1267 1081 1418 1116 ὀφθαλμῶν
1434 1081 1626 1116 ἐπιτέρπεται,
1641 1081 1689 1108 καὶ
1705 1083 1739 1117 τῇ
1757 1082 1826 1117 ἀκοῇ

1035 1128 1105 1164 πρὸς
1125 1128 1160 1155 τὰ
1186 1127 1254 1163 ἡδέα
1275 1128 1331 1154 τῶν
1358 1127 1540 1162 ἀκουσμάτων
1562 1127 1613 1162 τὴν
1642 1127 1728 1163 ῥοπὴν
1756 1127 1826 1162 ἔχει,

1037 1175 1090 1201 κάν
1116 1175 1174 1204 τοῖς
1199 1174 1307 1205 λοιποῖς
1330 1173 1432 1208 ὁμοίως
1460 1173 1564 1210 ἑκάστῃ
1589 1173 1644 1201 τῶν
1674 1174 1829 1209 αἰσθήσεων

1036 1219 1254 1248 συνδιατίθεται.
1266 1219 1343 1246 Κατὰ
1354 1220 1435 1247 τοῦτο
1445 1220 1492 1247 καὶ
1505 1221 1519 1247 ό
1534 1221 1714 1255 Δαμασκηνὸς
1734 1221 1829 1248 Ἰωάν-

1036 1274 1086 1300 νης
1102 1265 1180 1299 ἔλεγε
1193 1265 1224 1292 τὸ
1241 1265 1414 1301 ἀλογώτερον
1439 1266 1522 1301 μέρος
1541 1266 1590 1300 τῆς
1604 1266 1691 1302 ψυχῆς
1707 1267 1829 1302 παθητὸν

1037 1309 1109 1339 εἶναι
1124 1312 1171 1339 καὶ
1182 1312 1334 1346 ὀρεκτικόν.
1351 1312 1408 1339 Καὶ
1423 1310 1502 1344 αὖθις
1519 1313 1536 1348 ἡ
1551 1313 1624 1348 ψυχὴ
1636 1313 1745 1348 παθητὴ
1761 1311 1829 1340 οὖσα

1036 1357 1084 1385 τοῦ
1111 1357 1238 1392 σώματος
1262 1358 1434 1393 τεμνομένου
1460 1359 1531 1394 αὑτὴ
1552 1359 1601 1393 μὲν
1629 1359 1659 1385 οὑ
1683 1359 1827 1393 τέμνεται,

1037 1403 1109 1431 καθὰ
1123 1403 1156 1439 δὴ
1173 1403 1273 1430 καὶιτδ
1298 1403 1389 1439 σῶμα,
1407 1404 1538 1437 συναλγεῖ
1558 1404 1587 1431 δὲ
1604 1405 1678 1438 ὅμως
1697 1405 1744 1431 καὶ
1759 1412 1830 1439 συμ-

1038 1450 1144 1484 πάσχει
1170 1448 1210 1484 τῷ
1238 1448 1382 1482 πάσχοντι.
1411 1449 1508 1476 Ἔνθεν
1536 1458 1578 1476 τοι
1599 1450 1646 1476 καὶ
1673 1450 1762 1476 κοιναὶ
1779 1449 1829 1484 μὲν

1038 1494 1134 1530 ἡδοναὶ
1151 1494 1241 1529 ψυχῆς
1263 1495 1310 1521 καὶ
1331 1493 1459 1529 σώματος
1483 1495 1512 1521 αι
1535 1495 1590 1522 ἀπὸ
1604 1495 1660 1521 τῶν
1675 1495 1830 1530 συναφειῶν

1038 1541 1085 1568 καὶ
1105 1539 1159 1567 τῶν
1180 1540 1321 1574 ἐδωδίμων
1343 1540 1497 1575 γινόμεναι,
1517 1540 1554 1573 ὡς
1579 1541 1592 1567 ὁ
1605 1541 1762 1576 διαληφθεὶς
1777 1541 1830 1576 ἔφη

1041 1585 1114 1617 θεῖος
1132 1586 1213 1620 ἀνήρ’
1231 1585 1260 1612 αι
1284 1585 1314 1612 δὲ
1335 1585 1389 1612 ἀπὺ
1404 1585 1458 1612 τῶν
1476 1585 1650 1621 μαθημάτων
1668 1587 1722 1621 ἰδίᾳ
1743 1587 1829 1621 μόνης

1039 1631 1093 1658 εἰσὶ
1108 1631 1158 1666 τῆς
1173 1631 1275 1667 ψυχῆς,
1296 1631 1379 1665 μόνου
1405 1631 1433 1658 δὲ
1464 1631 1589 1667 σώματος
1611 1632 1710 1666 ἡδονὰς
1734 1632 1785 1659 οὐκ
1797 1633 1831 1659 ἄν

1042 1686 1085 1709 τις
1100 1677 1169 1713 εὕρῃ
1184 1676 1260 1705 ποτέ.
1281 1677 1343 1704 Ὅτι
1358 1677 1386 1703 δὲ
1398 1677 1447 1704 καὶ
1459 1677 1582 1713 παθητὸν
1601 1678 1683 1713 μέρος
1697 1679 1831 1714 κέκτηται

1039 1725 1056 1759 ἡ
1085 1723 1170 1759 ψυχὴ,
1193 1723 1227 1750 δι’
1243 1720 1274 1750 οὗ
1296 1722 1461 1759 συμπάσχεί
1482 1724 1522 1759 τῷ
1545 1724 1653 1759 σώματι
1674 1725 1829 1760 πάσχοντι,

1040 1770 1190 1798 κάντεῦθεν
1217 1770 1395 1805 ἀδημονείται
1418 1771 1465 1797 καὶ
1491 1770 1618 1798 λυπεῖται
1633 1771 1682 1798 καὶ
1700 1772 1734 1798 τὰ
1749 1772 1832 1799 λοιπὰ

1040 1815 1116 1851 πάθη
1143 1815 1250 1850 δέχεται
1267 1813 1308 1847 οἷς
1335 1817 1405 1851 μετὰ
1430 1817 1480 1851 τὴν
1499 1817 1640 1852 ἁμαρτίαν
1665 1817 1828 1852 περιέπεσε,

1041 1861 1120 1896 δῆλον
1148 1861 1178 1893 ἐξ
1204 1858 1243 1888 ὦν
1263 1863 1277 1888 ό
1301 1861 1407 1896 Κύριος
1433 1861 1528 1896 ἔλεγε·
1547 1871 1556 1888 l
1576 1863 1633 1890 Νῦν
1656 1864 1672 1899 ὴ
1689 1863 1762 1898 ψυχή
1782 1873 1833 1898 μου

1042 1907 1224 1942 τετάρακται.
1252 1917 1261 1934 ι
1281 1907 1497 1943 Συγκεχὼρηται
1520 1908 1574 1944 γὰρ
1599 1910 1632 1944 τῇ
1660 1910 1725 1944 ἁγίᾳ
1749 1909 1832 1936 αὑτοῦ

1042 1953 1128 1988 ψυχῇ,
1149 1953 1221 1980 καθὰ
1243 1953 1276 1988 δὴ
1293 1953 1339 1980 καὶ
1357 1954 1396 1988 τῷ
1416 1953 1533 1989 σώματι,
1550 1954 1666 1989 πάσχειν
1695 1955 1770 1982 ἐστιν
1788 1955 1833 1982 ὅτε

1043 1999 1078 2026 τὰ
1099 1998 1163 2032 ἴδια,
1178 1999 1225 2026 καὶ
1240 1999 1292 2033 τῆς
1307 1998 1448 2030 κενώσεως
1464 1999 1565 2035 μέτρον
1578 2001 1730 2036 τετήρηκεν
1744 2002 1833 2028 ἁπαν-

1045 2044 1140 2080 ταχοῦ,
1156 2045 1193 2077 ὼς
1211 2047 1225 2071 ὁ
1242 2044 1380 2078 θειότατος
1404 2045 1489 2081 ῑφησε
1515 2047 1661 2082 Κύριλ).ος.
1692 2048 1733 2075 Τὰ
1759 2048 1838 2084 πάθη

1048 2092 1096 2116 καὶ
1111 2090 1165 2126 γὰρ
1186 2090 1284 2121 ταῦτα,
1307 2091 1392 2126 ἧγονν
1407 2093 1487 2128 ἡδονὴ
1503 2093 1550 2119 καὶ
1572 2093 1646 2129 λύπη
1660 2094 1709 2120 καὶ
1729 2094 1834 2128 ἀθυμία

1048 2136 1273 2171 προηγουμένως,
1288 2137 1421 2172 οὐμενοῦν
1444 2139 1477 2173 τῇ
1495 2139 1549 2165 τῶν
1569 2138 1723 2174 ἀνθρώπων
1753 2140 1834 2174 φύσει

1049 2181 1109 2207 κατ’
1139 2181 1227 2216 ἀρχὰς
1255 2183 1481 2219 συνεκτισθησαν,
1503 2184 1562 2211 ἀλλ’
1586 2185 1624 2217 ὼς
1652 2187 1666 2212 ό
1695 2185 1834 2217 θειότατός

203 2223 286 2251 modo
307 2223 466 2258 perturbata
488 2227 530 2252 est
545 2224 578 2250 ".
598 2234 607 2251 ι
624 2225 692 2253 Nam
707 2231 810 2254 sancta:
832 2226 920 2261 ipsius
938 2227 988 2254 ani-

1053 2235 1120 2262 φησι
1136 2226 1270 2262 Μάξιμος,
1300 2228 1414 2264 ὕστερον
1437 2230 1588 2266 ὲπεισήχθη
1606 2230 1694 2258 ταῦτα
1716 2232 1761 2259 διὰ
1785 2232 1835 2265 τὴν

203 2276 265 2302 mae,
283 2267 356 2296 sicut
377 2273 405 2296 ct
416 2269 535 2304 corpori,
551 2277 712 2298 concessum
730 2271 781 2299 hoc
797 2276 867 2304 erat.
887 2277 916 2299 ut
928 2280 998 2300 non-

204 2322 344 2349 nunquam
368 2322 399 2342 ea
428 2320 631 2351 perpeteretur,
659 2325 719 2352 qua:
751 2317 860 2352 utrique
888 2319 997 2353 propria

205 2365 282 2387 sunt.
297 2360 428 2396 Adeoque
443 2362 553 2389 modum
578 2363 739 2391 inanitionis
753 2363 854 2398 ubique
867 2365 996 2398 servavit,

204 2406 434 2442 quemadmodum
453 2408 495 2435 vir
511 2409 700 2436 divinissintus
724 2409 840 2444 Cyrillus
864 2410 997 2445 loquitur.

205 2451 262 2480 Nec
279 2457 372 2480 tamen
390 2453 550 2483 atl'ectiones
567 2455 627 2482 ista‘
640 2455 674 2482 ah
690 2455 770 2482 initio
782 2463 844 2482 eum
857 2456 996 2483 hominum

207 2502 304 2526 natura
321 2499 437 2527 conditae
454 2505 530 2533 sunt,
555 2501 603 2528 sed
630 2501 786 2536 posterius,
813 2507 842 2528 ut
862 2501 997 2530 Maximus

206 2545 337 2580 loquitur,
354 2546 536 2581 irrepserunt,
554 2556 586 2575 ne
607 2553 720 2583 propter
741 2548 916 2578 amissionem
933 2557 996 2584 per-

208 2591 335 2619 fectionis
363 2591 402 2619 illi
430 2597 536 2620 natura:
553 2593 622 2628 parti
651 2594 826 2621 adlurscrunt
843 2602 903 2628 qua:
920 2595 1000 2623 bruta

206 2643 248 2666 est
268 2645 299 2665 ac
326 2639 439 2666 rationis
454 2647 563 2674 expers.
581 2639 674 2666 Tradit
690 2639 731 2667 his
752 2645 936 2668 consentanea
951 2641 1000 2668 Ba-

207 2683 284 2712 silius
294 2693 413 2720 quoque,
424 2693 486 2713 cum
499 2685 538 2712 ait
554 2694 561 2712 :
581 2686 742 2714 «Considera
760 2686 896 2722 mihiqua:
906 2693 999 2714 mutua

208 2731 244 2758 sit
263 2730 374 2758 allec-tio
386 2731 419 2758 de
433 2737 516 2759 carne
525 2731 558 2759 ad
570 2732 689 2758 animant
705 2737 861 2766 penetrans,
876 2732 922 2767 qui
938 2740 1000 2760 eur-

209 2784 258 2811 pus
274 2777 308 2805 ab
331 2777 423 2805 anima
447 2778 531 2807 vitam
551 2778 690 2813 accipiat,
715 2783 742 2808 et
769 2779 889 2806 vicissim
907 2779 996 2807 anima

248 2873 271 2888 “
284 2873 362 2901 Joan.
381 2882 430 2905 xtl.
449 2874 488 2902 l7.

1052 2272 1221 2304 τελειότητος
1244 2273 1393 2307 ἔκπτωσιν,
1411 2274 1450 2308 τῷ
1473 2275 1637 2310 ἀλογωτέρῳ
1657 2277 1734 2310 μέρει
1749 2285 1834 2311 προσ-

1049 2319 1152 2353 φνέντα
1171 2319 1219 2353 τῆς
1235 2319 1483 2353 φύσεως.¹Τούτοις
1495 2321 1544 2355 μὲν
1559 2319 1606 2348 οὖν
1621 2322 1776 2354 ἀκολούθως
1789 2324 1835 2349 καὶ

1049 2366 1064 2391 ὁ
1085 2365 1171 2399 μέγας
1188 2364 1300 2397 διέξεισι
1317 2356 1469 2398 Βασίλειος,
1486 2367 1573 2400 λέγων
1585 2375 1591 2382 ·
1611 2376 1621 2398 ς
1640 2368 1740 2394 Σκόπει
1760 2370 1802 2399 τίς
1818 2369 1835 2404 ή

1049 2411 1106 2438 ἀπὸ
1123 2411 1222 2446 σαρκὸς
1241 2412 1308 2446 πρὸς
1323 2411 1412 2447 ψυχὴν
1426 2413 1576 2439 ἐπανιοῦσα
1591 2414 1759 2448 συμπάθεια,
1779 2415 1836 2446 πῶς

1048 2457 1156 2493 δέχεται
1173 2458 1222 2493 μὲν
1242 2458 1292 2493 τὴν
1306 2458 1378 2493 ζωὴν
1398 2459 1431 2484 ὲκ
1444 2458 1495 2492 τῆς
1509 2458 1598 2493 ψυχῆς
1613 2459 1644 2486 τὸ
1659 2460 1750 2494 σῶμα,
1763 2460 1838 2495 δέχε-

1047 2512 1094 2530 ται
1120 2503 1148 2530 δὲ
1170 2504 1320 2539 ἀλγηδόνας
1339 2504 1394 2530 ἀπὸ
1408 2503 1456 2530 τοῦ
1469 2503 1596 2539 σώματος
1615 2504 1731 2540 ήψυχή.
1752 2515 1762 2531 ›
1782 2506 1838 2533 Καὶ

1046 2544 1121 2574 οὗτοι
1137 2548 1188 2583 μὲν
1205 2547 1303 2580 οὕτως·
1331 2549 1345 2575 ό
1369 2547 1397 2574 δὲ
1427 2548 1620 2583 Ἀριστοτέλης
1650 2549 1837 2584 ἀνθρωπίνοις

1052 2593 1195 2629 λογισμοῖς
1205 2594 1377 2629 ἐρειδόμενος
1390 2595 1419 2620 ὲν
1430 2593 1499 2629 αὐτῇ
1512 2594 1708 2630 διισχυρίζεται
1723 2597 1755 2631 τῇ
1773 2604 1840 2632 καρο

1053 2639 1098 2675 δία
1127 2640 1172 2666 τὸν
1199 2640 1321 2675 ἡγεμόνα
1346 2639 1409 2667 νοῦν
1438 2640 1577 2667 ποιεῖσθαι
1595 2641 1644 2676 τὴν
1667 2641 1784 2677 οἴκησιν,
1800 2643 1839 2675 ὡς

1052 2685 1180 2712 ἐντεῦθεν
1199 2685 1249 2720 τὴν
1266 2685 1468 2722 προαιρετικὴν
1484 2685 1568 2712 αὐτοῦ
1584 2686 1701 2720 δύναμιν
1718 2687 1839 2719 εὐπετῶς

1052 2731 1184 2766 ἐφ’ἆπαν
1212 2732 1243 2758 τδ
1263 2734 1343 2768 σῶμα
1367 2732 1586 2768 διαμερίζεσθαι.
1615 2732 1726 2767 Ἐτεροι
1754 2733 1776 2760 δ’
1804 2734 1838 2761 αὖ

1053 2779 1148 2813 ὥσπερ
1176 2779 1325 2814 ἀκρόπολίν
1354 2787 1416 2806 τινα.
1447 2778 1496 2814 τὴν
1520 2778 1642 2814 κεφαλὴν
1670 2778 1837 2813 δεδοαῆσθαι
