1957 3073
99 134 153 163 ιω
718 129 924 171 ΑΝΝμιυΜ

102 188 178 223 παρὰ
194 188 245 223 τῆς
259 186 366 223 φύσεως
385 185 522 221 λέγουσιν,
539 186 577 218 ὡς
595 186 624 213 ἐν
639 186 707 222 αὐτῇ
725 187 769 214 τὸν
785 188 888 223 ἡγεμὸ-
901 190 927 218 Α

102 245 135 262 να
159 234 223 262 νοῦν
244 234 450 266 ἐνδιαιτᾶσθαι,
471 233 598 270 καθάπερ
618 233 680 261 τινὰ
703 234 816 268 βασιλέα
839 233 888 260 τοῦ

101 280 457 315 παντὸςιὺπερκαθήμενον
481 279 622 315 σώματος.
640 280 672 306 οι
694 279 724 307 δέ
739 287 772 314 γι
786 279 817 306 τὺ
838 279 889 314 τῆς

107 325 271 361 Ἐκκλησιας
287 325 488 361 πρεσϐεύοντες
515 323 657 360 ὀρθὸδοεον
683 324 813 359 φρόνημα
838 324 889 358 τὴν

100 373 162 400 κατ’
178 372 272 398 εἰκόνα
293 371 360 398 Θεοῦ
378 372 534 398 κτισθεῖσαν
548 373 647 406 νοερὰν
661 371 740 406 ὴμῶν
756 370 846 406 ψυχὴν
861 371 890 397 ἓν

100 425 154 444 τινι
171 417 247 452 τόπῳ
262 415 309 442 τοῦ
325 415 464 451 σώματος,
491 415 640 450 ἀσώματον
658 415 752 448 οὖσαν,
772 415 890 446 τοπικῶς

101 461 273 497 περιορῑζειν
286 462 336 488 οὐκ
353 462 455 488 ἴσασιν·
467 460 516 496 ὅλη
537 462 584 487 καὶ
597 461 652 496 γὰρ
667 461 701 487 δι’
720 461 781 488 ὅλου
801 462 889 495 διήκει

100 509 148 535 τοῦ
172 507 310 543 σώματος,
328 508 389 534 ὅλον
405 506 473 533 αὐτὸ
489 506 613 541 ψυχοῦσα
637 507 684 533 καὶ
704 507 764 533 ὅλον
780 507 829 541 ὅλη
843 515 892 533 κα-

102 552 308 586 ταφωτίζουσα.
329 552 383 578 Καὶ
396 551 522 586 καθάπερ
536 552 551 577 ὁ
563 551 630 583 Θεὸς
643 547 674 578 οὗ
687 552 734 578 καὶ
743 552 805 578 κατ’
820 552 892 578 εικό-

103 606 137 624 να
163 597 396 633 δεδημιούργηται
420 596 501 632 αὕτη,
527 597 557 623 οὐ
579 597 662 633 μέρος
679 598 708 623 ἑν
724 598 815 632 μέρει,
830 597 888 623 ἀλλ’

103 645 165 678 ὅλος
184 646 238 680 ὅλῳ
266 645 305 680 τῷ
335 645 431 680 κόσμῳ
455 645 516 672 κατ’
532 645 628 671 οὐσίαν
649 645 800 678 περίεστιν,
816 644 888 671 οὕτω

105 692 154 717 καὶ
178 692 195 725 ἡ
219 690 266 717 τοῦ
295 689 479 732 πρωτοτύπου
508 688 591 715 εἰκὼν
619 689 729 724 ἀμερὴς
751 687 819 714 οὖσα
844 687 893 714 καὶ

101 735 268 765 ἀδιάστατος
297 733 410 768 ἀμερῶς
440 735 488 761 καὶ
507 733 676 764 ἀδιαστάτως
706 733 755 768 ὅλη
771 733 825 768 ὅλῳ
851 732 891 767 τῷ

103 781 213 816 σώματι
230 783 378 814 πρόσεστι.
396 780 452 806 Καὶ
469 779 567 806 τούτου
594 780 675 815 χάριν
691 780 728 814 μὴ
753 779 891 814 θαύμαζε·

107 826 220 852 ἴστασαι
240 827 288 860 μὲν
302 825 356 859 γὰρ
373 824 442 860 αὕτη
466 825 510 858 ἐφ’
527 825 627 860 ἑαυτῆς
647 825 776 860 καθάπερ
791 825 891 860 ἡλιακή

101 879 145 901 τις
161 872 264 905 σφαῖρα
290 870 340 896 οὐκ
363 869 416 902 ἔξω
433 869 480 896 τοῦ
507 869 648 904 σώματος,
668 869 726 897 ἀλλ’
742 869 891 906 ὑπερφυῶς
909 864 929 891 Β

101 917 132 943 ὲν
146 916 232 951 αὐτῷ,
249 916 438 951 συμπλέκεται
466 916 494 941 δὲ
524 915 611 951 τούτῳ
643 916 704 945 ταῖς
728 916 774 950 ἀφ’
791 916 892 950 ἑαυτῆς

101 962 266 996 προϊούσαις
295 961 408 994 αὐγαῖς,
437 961 540 992 αἵτινες
567 962 615 988 καὶ
645 962 817 996 τεμνομένου
844 961 893 988 τοῦ

103 1007 232 1042 σώματος
256 1007 372 1039 ἀπαθεῖς
393 1008 440 1034 καὶ⁸
456 1008 621 1043 ἀδιάτμητοι
639 1009 778 1044 μένουσιν,
799 1008 894 1044 ὥσπερ

100 1054 134 1087 δὴ
151 1054 199 1080 καὶ
218 1051 266 1079 τοῦ
280 1053 361 1088 ἀέρος
375 1054 435 1084 ταῖς
449 1053 503 1079 τῶν
520 1053 629 1088 ἀνέμων
646 1055 741 1085 πνοαῖς
766 1054 895 1088 κινουμέ-

102 1107 150 1125 νου
164 1099 213 1124 καὶ
227 1099 446 1133 μεταπίπτοντος
470 1099 501 1126 τὸ
532 1099 642 1134 ἡλιακὸν
659 1100 716 1133 φῶς
729 1100 802 1131 ama
816 1100 891 1135 αὐτῷ

101 1143 264 1178 συμπλακὲν
280 1143 341 1170 οὒτε
356 1143 443 1179 τομὴν
457 1143 519 1170 οὔτε
540 1144 634 1180 ῥεῦσιν
646 1144 707 1171 οὔτε
723 1145 892 1180 μετάστασιν

99 1190 262 1224 ὑφίσταται.

941 129 1038 159 PARS
1058 129 1082 160 Ῑ.
1672 129 1724 161 15ἱ

940 188 1064 215 dolorum
1080 187 1203 222 corporis
1223 182 1359 223 particeps
1383 187 1440 215 ﬁat.
1460 197 1469 213 ›
1489 187 1523 215 Ει
1538 188 1595 215 haec
1616 188 1725 222 quidem

941 233 1034 260 abhis
1053 232 1151 259 tradita
1178 237 1253 259 sunt.
1279 233 1440 260 Aristoteles
1460 237 1549 259 autem
1576 231 1727 258 rationibus

940 278 1069 305 humanis
1085 278 1197 305 innixus
1216 282 1348 311 utentem,
1362 286 1422 312 qua:
1449 278 1477 305 in
1494 278 1603 304 homine
1625 279 1727 312 princi-

940 329 1033 359 patum
1047 323 1164 355 obtinet,
1178 324 1268 351 sedem
1294 323 1321 350 in
1341 323 1424 351 corde
1442 331 1518 350 suam
1542 323 1643 350 habere
1660 331 1727 350 eon-

941 369 1042 403 ﬁrmat,
1060 369 1134 397 unde
1148 369 1190 397 vis
1204 369 1264 402 ejus
1276 368 1310 396 ab
1323 369 1458 396 electione
1474 369 1644 403 consilioque
1659 376 1707 403 pen
1717 384 1726 388 -

941 417 1010 443 deus
1023 416 1181 443 universum
1204 415 1231 442 in
1245 423 1345 450 corpus
1367 415 1447 442 facile
1461 415 1651 442 distribuatur.
1674 415 1728 443 Alii

941 467 1022 496 caput
1038 461 1125 489 instar
1144 460 1283 495 cujusdam
1301 461 1373 488 arcis
1396 469 1410 487 a
1435 465 1532 487 natura
1561 461 1657 487 dicunt
1681 469 1729 486 ex-

941 511 1087 539 structum,
1105 511 1135 534 ut
1152 506 1278 540 princeps
1295 506 1321 532 in
1337 506 1446 533 homine
1467 513 1544 532 mens
1558 505 1637 540 degat
1652 505 1677 531 in
1697 513 1729 532 eo

941 553 1074 587 quasique
1093 559 1139 579 rex
1159 552 1250 580 sedem
1274 559 1356 586 supra
1376 559 1476 585 corpus
1489 551 1645 578 universum
1659 551 1731 585 posi-

944 604 998 625 tam
1025 598 1134 625 habeat.
1151 597 1252 625 Verum
1272 598 1319 633 qui
1343 597 1472 624 Ecclesia:
1501 598 1664 623 sententiam
1688 603 1731 623 se-

941 647 1075 677 quuntur,
1093 642 1212 668 animam
1228 649 1350 669 nostram
1378 641 1564 676 intelligentia:
1585 641 1609 666 vi
1632 641 1730 675 pracdi-

943 693 1009 721 tam,
1025 696 1085 722 qua:
1101 688 1133 715 ad
1152 687 1297 723 imaginem
1316 687 1364 714 Dei
1379 687 1488 714 condita
1505 691 1545 714 est
1563 691 1589 713 et
1607 687 1729 720 corporis

942 739 984 762 est
997 742 1104 769 expers.
1118 734 1145 760 in
1163 738 1238 761 certo
1255 733 1371 768 quodam
1387 734 1511 767 corporis
1530 732 1591 760 loco
1613 732 1730 758 circum-

943 780 1062 806 scribere
1077 779 1201 806 localiter
1219 779 1326 806 noluut.
1346 778 1413 805 Nam
1433 783 1486 805 tota
1504 786 1552 813 per
1571 783 1656 805 totum
1671 786 1731 804 cnr-

944 834 995 861 pus
1017 832 1078 852 sese
1111 825 1189 858 didit,
1207 829 1234 851 et
1257 825 1343 859 ipsum
1369 825 1489 856 animat,
1516 828 1658 856 telumque
1675 829 1731 850 tota

946 872 1098 898 collustrat.
1118 871 1151 898 Et
1162 870 1391 905 quemadmodum
1405 869 1487 902 Deus,
1501 869 1578 904 cujus
1593 869 1625 895 ad
1637 870 1732 903 imagi-

946 925 1006 944 nem
1022 917 1131 944 condita
1145 921 1187 944 est
1200 924 1255 943 non
1269 924 1334 951 pars
1351 917 1377 943 in
1396 921 1481 950 parte,
1496 916 1544 942 sed
1560 920 1632 942 tutus
1644 921 1730 942 totum

947 963 1077 990 mundum
1093 961 1284 996 complectitur
1300 961 1418 987 essentia
1432 968 1490 993 sua,
1507 960 1546 986 sic
1563 958 1644 986 etiam
1658 959 1732 993 prin-

946 1008 1016 1042 cipis
1032 1007 1105 1034 illius
1130 1006 1294 1041 exemplaris
1315 1006 1491 1033 simulacrum
1504 1024 1511 1037 ,
1528 1012 1590 1031 cum
1615 1005 1731 1038 partium

946 1054 982 1080 sit
1006 1061 1105 1087 expers
1128 1058 1155 1080 et
1174 1053 1346 1080 dimensione
1361 1057 1467 1085 careat,
1488 1052 1555 1079 citra
1570 1052 1732 1079 divisionem

947 1107 978 1125 ac
1011 1098 1208 1125 dimensionem
1242 1099 1295 1132 ’12
1325 1098 1407 1125 ullam
1441 1103 1527 1125 totum
1551 1098 1598 1125 toti
1624 1097 1733 1132 cct‘pori

945 1144 1033 1171 adt-st.
1049 1144 1135 1176 Quam
1149 1143 1260 1178 quidem
1273 1151 1329 1170 rem
1345 1136 1473 1171 admirari
1486 1143 1588 1170 desine.
1602 1143 1735 1170 Consistit

945 1191 1019 1217 enim
1034 1190 1210 1225 peculiariter
1225 1190 1316 1216 anima
1326 1189 1404 1224 quasi
1422 1189 1517 1224 globus
1532 1189 1641 1224 quidam
1665 1189 1734 1216 sola-

100 1237 146 1263 ris
162 1244 218 1263 non
233 1236 307 1264 Atra
322 1244 431 1272 corpus,
445 1237 492 1265 sed
515 1237 542 1264 in
552 1237 629 1272 ipso,
642 1236 724 1272 idque
737 1238 818 1265 modo
829 1237 945 1270 quodam
963 1238 1032 1264 ultra
1052 1236 1183 1264 naturali.
1217 1236 1305 1263 Simul
1334 1236 1443 1270 corpori
1479 1243 1603 1263 connexa
1622 1240 1665 1262 est
1687 1243 1735 1269 per
1776 1240 1782 1248 \

104 1282 248 1310 derivatos
266 1290 299 1310 ex
324 1283 382 1318 ipsa
406 1283 517 1316 radios,
537 1284 583 1317 qui
601 1283 623 1310 si
646 1291 747 1318 corpus
774 1284 894 1310 sectione
914 1283 1040 1317 lmdatur,
1056 1288 1148 1310 tamen
1165 1282 1235 1309 haud
1258 1281 1413 1309 aﬂiciuntur
1436 1286 1464 1309 et
1502 1283 1652 1310 sectionem
1673 1283 1736 1310 nul-

100 1328 158 1356 latn
172 1329 362 1364 experiuntur.
377 1328 494 1356 Prorsus
510 1333 538 1356 ut
560 1337 623 1356 aere
645 1337 695 1364 per
709 1330 788 1356 llatus
803 1335 947 1357 ventorum
966 1334 1040 1356 moto
1055 1333 1082 1356 et
1111 1329 1214 1363 agitato
1250 1327 1298 1355 lux
1321 1328 1419 1356 solaris
1457 1328 1483 1356 ei
1505 1329 1590 1356 semel
1613 1337 1734 1357 connexa

102 1383 198 1410 neque
212 1375 361 1403 sectionem
376 1367 467 1409 neque
484 1374 587 1402 ﬂuxum
608 1383 697 1410 neque
712 1376 891 1403 mutatiOnem
914 1375 1028 1410 patitur.

147 1421 204 1448 Καὶ
233 1422 248 1446 ὸ
273 1421 324 1455 μὲν
349 1421 410 1451 νοῦς
442 1420 588 1455 ἀσώματὼς
615 1421 689 1447 ἐστιν
716 1421 822 1456 ἀληθῶς
847 1422 893 1447 καὶ

102 1467 234 1503 ἀόρατος,
259 1467 317 1493 ἀλλ’
337 1467 411 1501 ὅμως
427 1466 464 1497 ὡς
488 1467 518 1492 ὲν
535 1467 643 1502 ὀργάνῳ
659 1467 698 1502 τῷ
715 1467 822 1502 σώματι
843 1467 893 1501 τὴν

103 1502 214 1540 οἰκείαν
230 1513 372 1548 ἐνέργειαν
387 1512 519 1539 δείκνυσι.
537 1513 593 1539 Καὶ
617 1502 697 1539 allatis
719 1513 769 1548 μὲν
797 1513 812 1540 ό
835 1513 896 1544 νοῦς
910 1513 931 1541 C

104 1560 236 1595 ἐνεργεῖν
262 1560 291 1585 ὲν
312 1555 354 1590 οἷς
370 1558 455 1592 ὑγιῶς
478 1558 508 1584 τδ
537 1558 616 1593 σῶμα
641 1555 786 1591 διάκειται,
803 1558 848 1585 ἐπὶ
864 1557 892 1584 δὲ

101 1606 162 1632 τῶν
185 1604 308 1635 ἀσθενῶς
325 1604 441 1640 ἐχόντων
460 1604 509 1638 τὴν
524 1604 653 1640 τεχνικὴν
676 1604 758 1631 αὑτοῦ
778 1604 893 1639 δύναμιν

103 1650 237 1683 δέξασθαι
252 1650 392 1684 ἄπρακτος
418 1649 512 1684 πάντη
539 1651 587 1676 καὶ
608 1649 787 1684 ἀνενέργητος
801 1649 895 1683 φαίνε-

102 1706 163 1724 ται.
190 1696 264 1731 Πλὴν
284 1696 314 1722 οὺ
335 1695 398 1722 καθ’
415 1695 511 1722 ἑαυτὸν
542 1695 624 1727 αὐτὸς
652 1695 894 1730 παραϐλάπτεται,

104 1743 239 1776 καθάπερ
267 1742 322 1768 τισὶ
341 1742 396 1768 τῶν
418 1739 518 1773 ἔξωθεν
534 1740 643 1773 ἔδοξεν·
661 1741 721 1767 οὐδὲ
739 1740 793 1775 γὰρ
809 1740 895 1775 ἁρμο-

101 1788 168 1819 νίας
184 1787 301 1822 ὀργάνου
314 1786 387 1818 τινὸς
405 1786 584 1822 ὁπωσδήποτε
599 1785 774 1820 διεφθορυίας
788 1785 895 1819 ἀνάγκη

98 1836 200 1862 πᾶσαν
224 1834 272 1859 καὶ
301 1833 386 1868 αὐτὴν
413 1831 461 1859 τοῦ
488 1832 612 1867 τεχνίτου
635 1831 685 1865 τὴν
711 1831 811 1867 τέχνην
836 1840 897 1858 συν-

97 1879 323 1915 διαφθείρεσοαι.
341 1879 395 1905 Καὶ
410 1878 451 1905 ὅτι
478 1878 528 1913 μὲν
548 1878 587 1912 τῷ
611 1877 718 1913 σώματι
734 1877 859 1904 σύνεστιν
877 1878 894 1912 ἡ

95 1924 270 1963 ψυχὴ,οἷὸα,
290 1924 321 1952 τὸ
337 1925 366 1951 δὲ
381 1924 439 1956 πῶς
453 1925 482 1951 ἐν
498 1925 603 1959 σώματι
625 1924 656 1950 τὸ
681 1923 825 1958 ἀσώματον
846 1924 897 1950 οὐκ

98 1971 175 2000 οἶδα·
192 1972 254 1998 οὐδὲ
273 1972 327 2007 γὰρ
344 1964 538 2006 αἰδεσθήσομαι
549 1970 598 2005 τὴν
606 1970 717 2004 ἄγνοιαν
732 1969 778 1995 ἐπὶ
791 1969 897 2000 τούτοις

95 2016 257 2053 ὁμολογῶν.
275 2016 307 2042 Et
326 2017 381 2051 γὰρ
404 2015 578 2050 ὲξηπλῶσθαι
594 2014 697 2049 ταύτην
712 2015 778 2049 εῐπῃ
790 2022 830 2044 τις
845 2013 898 2048 ὅλῳ

93 2065 141 2099 τῷ
154 2064 231 2098 ὕγκῳ
243 2062 290 2089 τοῦ
308 2062 443 2097 σώματος,
456 2061 580 2097 καθάπερ
593 2061 625 2096 δὴ
639 2062 687 2087 καὶ
707 2061 721 2087 ὸ
742 2060 899 2096 χρυσοῤῥή-

97 2119 163 2146 μων
175 2109 255 2144 φησὶ,
265 2108 311 2134 καὶ
323 2109 373 2134 οὐκ
383 2108 438 2142 ἔχει
451 2108 529 2140 λόγον
543 2107 572 2133 τὺ
586 2106 744 2142 λεγόμενονο
759 2107 838 2132 τοῦτο
852 2105 898 2132 καὶ

95 2155 158 2190 γὰρ
174 2155 242 2181 ἴδιον
258 2153 312 2179 τῶν
326 2153 459 2186 σωμάτων
469 2152 553 2178 ἐστίν.
566 2151 670 2182 Ἄλλως
683 2159 712 2177 τε
730 2151 754 2177 ει
764 2150 898 2185 ὲξηπλοῦ-

93 2209 134 2227 το
157 2200 198 2235 τῷ
222 2199 270 2225 τοῦ
288 2198 411 2233 σώματος
425 2198 508 2232 δγκῳ,
523 2197 570 2224 καὶ
585 2196 763 2232 συνετέμνετο
779 2197 823 2228 ἂν,
841 2195 895 2222 τῶν

93 2246 207 2282 χειρῶν
222 2244 353 2275 πολλάκις
369 2244 416 2270 καὶ
432 2243 486 2270 τῶν
508 2242 596 2269 ποδῶν
621 2242 802 2269 ἑκκοπέντων.
826 2241 894 2267 Ἀλλ’

91 2294 154 2319 οὐκ
172 2291 250 2317 ἔστιν
261 2291 289 2316 ὲν
302 2290 356 2324 ὅλῳ
369 2289 408 2324 τῷ
438 2289 559 2323 σώματι,
579 2288 607 2314 ἐν
627 2296 679 2314 τινι
705 2287 733 2314 δὲ
750 2289 831 2322 μέρει
845 2287 894 2313 αὐ-

88 2336 149 2364 τοῦ
179 2334 361 2362 συνείλεκται.
388 2333 492 2360 Οὐκοῦν
515 2333 622 2369 ἀνάγκη
653 2333 738 2366 νεκρὰ
763 2333 798 2359 τὰ
813 2333 896 2359 λοιπὰ

82 2382 228 2418 γίνεσθαι
262 2381 354 2415 μέρη·
381 2380 411 2406 τὸ
437 2379 491 2414 γὰρ
518 2378 622 2414 ἄψυχον
650 2379 759 2411 πάντως
785 2379 892 2414 νεκρόν.

94 2427 181 2456 ’Δλλ“
203 2427 266 2453 οὐδὲ
283 2426 362 2452 τοῦτο
378 2425 452 2451 ἐστιν
468 2425 567 2451 εἰπεῖν.
585 2425 646 2451 Ὀτι
665 2425 716 2460 μὲν
739 2425 794 2460 γὰρ
813 2426 842 2450 ὲν
855 2425 894 2459 τῷ

86 2473 215 2508 σώματι
239 2473 316 2498 ἐστιν
332 2471 422 2506 ἡμῶν,
440 2471 562 2506 οἴδαμεν,
579 2471 609 2497 τὸ
631 2471 658 2497 δὲ
681 2471 740 2502 πῶς
756 2471 806 2497 οὐκ
821 2471 894 2497 οῖδα-

84 2530 164 2557 μεν.
183 2519 240 2545 Καὶ
257 2509 363 2553 Est-ph
377 2518 457 2549 «ibid;
472 2519 532 2545 ἐστι
549 2519 596 2544 καὶ
618 2517 762 2552 ἀσώματος
776 2517 792 2552 ἡ
808 2517 892 2552 ψυχὴ,

80 2566 162 2594 οῖδα.
180 2565 301 2600 (ﬁmum
317 2564 394 2598 γὰρ),
414 2563 450 2596 si;
468 2563 496 2589 δὲ
522 2563 551 2589 τι
575 2561 644 2594 εἶδος
671 2562 755 2597 αὐτῆς
782 2563 830 2588 καὶ.
844 2570 893 2588 πο-

78 2611 179 2646 ταπὴ
203 2610 256 2646 τὴν
275 2609 381 2641 οὐσίαν,
402 2609 453 2635 οὐκ
477 2606 546 2641 οἴδα,
569 2608 610 2635 ὃτι
633 2608 679 2634 καὶ
693 2607 895 2642 ἁνερμήνευτον

75 2659 182 2686 τοῦτο
204 2655 361 2690 μεμένηκε.
391 2654 452 2686 Πῶς
477 2654 532 2689 γὰρ
556 2655 589 2681 ἂν
613 2654 661 2680 καὶ
690 2653 773 2687 εἰδείη
789 2661 831 2683 τις
846 2652 894 2687 τὴν

74 2705 157 2735 κατ’
186 2703 281 2729 εἰκόνα
312 2702 468 2728 κτισθεῖσαν
487 2701 533 2728 τοῦ
554 2701 736 2736 ὰπερινοήτου
755 2700 803 2725 καὶ
825 2700 895 2725 ἀκα-

74 2752 245 2785 ταλήπτου
253 2747 351 2781 .Θεοῦ;
374 2748 436 2774 Ἐὰν
459 2749 476 2782 ἡ
493 2748 544 2782 τῆς
558 2747 648 2783 ψυχῆς
664 2746 742 2773 οὐσία
755 2745 893 2779 κατελαμ-

75 2800 212 2828 ϐάνετο,
230 2793 454 2829 κατελαμϐάνετο
479 2794 512 2821 ᾶν
533 2795 580 2822 καὶ
597 2793 665 2820 αὐτὸ
679 2793 710 2819 τὸ
729 2792 776 2826 τῆς
792 2792 894 2823 εἰκόνος

77 2843 299 2875 ποωτότυπον·
328 2843 352 2868 εἰ
373 2841 401 2867 δὲ
427 2840 457 2868 τδ
485 2841 663 2871 πρωτότυπον
688 2839 891 2871 ἀκατάληπτον,

985 1422 1085 1456 Estque
1111 1429 1188 1449 mens
1210 1429 1306 1457 reapse
1326 1421 1436 1456 quidem
1450 1429 1550 1456 expers
1570 1422 1692 1456 corporis
1708 1427 1736 1449 et

947 1468 1169 1503 inaspectahilis,
1189 1476 1281 1495 verum
1300 1468 1480 1495 nihilominus
1502 1468 1527 1495 in
1543 1476 1655 1502 corpore
1674 1473 1734 1494 tan-

950 1523 1032 1549 quam
1049 1515 1234 1542 instrumento
1253 1522 1329 1541 suam
1344 1514 1530 1541 ellicacilatem
1545 1514 1673 1543 declarat.
1688 1515 1737 1541 Ea-

944 1561 1006 1587 dem
1027 1562 1053 1587 in
1068 1560 1102 1588 iis
1120 1568 1235 1595 quorum
1254 1568 1319 1597 sana
1337 1565 1465 1594 recteque
1480 1560 1576 1588 ail'ecta
1591 1565 1656 1588 sunt
1672 1568 1735 1587 cor-

944 1613 1011 1641 pora
1025 1605 1172 1633 elIit-aciter
1190 1606 1264 1641 agit,
1289 1613 1351 1633 cum
1370 1607 1397 1633 in
1426 1606 1505 1639 aliis,
1529 1607 1575 1641 qui
1601 1606 1736 1634 facultatis

945 1652 1006 1687 ejus
1019 1652 1172 1679 artiﬁciosa:
1183 1659 1236 1679 non
1257 1656 1322 1679 sunt
1333 1660 1458 1687 capaces,
1471 1653 1557 1680 otiosa
1575 1653 1610 1680 sit
1622 1661 1652 1680 ac
1666 1653 1735 1679 nihil

946 1697 1057 1724 omnino
1076 1695 1209 1731 perﬁciat.
1228 1696 1287 1723 Non
1305 1700 1394 1723 tamen
1412 1697 1469 1730 ipsa
1489 1701 1615 1730 respectu
1631 1696 1672 1722 sui
1688 1696 1735 1722 la:-

949 1742 1034 1774 ditur,
1053 1741 1280 1776 quemadmodum
1296 1741 1424 1768 extrariis
1435 1740 1595 1775 quibusdam
1615 1741 1734 1775 philoso-

946 1787 1009 1823 phis
1023 1788 1112 1815 visum
1137 1787 1198 1814 fuit.
1217 1786 1284 1814 Nam
1300 1787 1322 1813 si
1348 1787 1467 1815 maxime
1480 1788 1619 1821 cnjnsdam
1636 1787 1737 1814 instru-

948 1835 1031 1861 menti
1060 1834 1201 1861 harmonia
1218 1841 1328 1868 quoquo
1350 1834 1431 1860 modo
1459 1837 1660 1867 corrumpatur.
1682 1840 1736 1859 non

949 1886 1040 1908 tamen
1055 1880 1168 1907 omnino
1181 1879 1257 1914 sequi
1267 1887 1379 1906 necesse
1392 1884 1434 1906 est
1448 1884 1478 1906 ut
1493 1887 1538 1906 ars
1559 1879 1644 1913 ipsius
1656 1879 1737 1906 etiam

948 1926 1062 1954 artilicis
1076 1930 1221 1960 propterea
1238 1925 1351 1959 periisse
1361 1929 1508 1952 statuatur.
1518 1925 1618 1951 Adesse
1628 1925 1738 1959 quidem

950 1973 977 1999 in
995 1979 1109 2006 corpore
1122 1971 1242 1998 animam
1268 1971 1330 1998 novi
1350 1975 1398 1998 :at
1418 1970 1464 2006 qui
1486 1978 1530 1998 res
1554 1971 1678 2004 corporis
1692 1978 1738 1996 ex-

949 2025 1013 2052 pers
1033 2017 1060 2044 in
1075 2024 1191 2051 corpore
1209 2017 1254 2049 sit,
1277 2017 1383 2051 ignoro.
1401 2017 1457 2043 Non
1477 2017 1550 2044 enim
1577 2016 1737 2051 imperitiam

950 2063 1000 2091 hac
1014 2065 1039 2091 in
1055 2067 1131 2099 parte
1147 2071 1233 2090 meam
1251 2063 1327 2090 fateri
1344 2071 1386 2093 me
1405 2063 1498 2097 pudet.
1518 2063 1623 2097 Quippe
1638 2064 1660 2090 si
1677 2063 1739 2096 quis

950 2117 1009 2137 eam
1023 2110 1097 2136 diezit
1116 2117 1265 2143 expansum
1291 2116 1351 2136 esse
1368 2116 1415 2142 per
1433 2113 1517 2135 lotam
1542 2108 1662 2143 corporis
1679 2116 1739 2135 mn-

949 2155 1014 2186 lem,
1029 2154 1100 2181 sicut
1114 2154 1326 2189 Chrysostomtts
1334 2154 1382 2186 ait,
1397 2156 1423 2181 id
1439 2155 1526 2189 ipsunt
1540 2154 1644 2181 ratione
1654 2161 1738 2182 caret.

948 2202 1014 2229 Nam
1043 2201 1095 2228 tale
1115 2202 1245 2236 quiddam
1273 2201 1435 2236 corporibus
1456 2206 1497 2228 est
1526 2202 1681 2236 proprium;
1707 2210 1739 2228 ac

949 2246 1101 2282 przesertim
1129 2247 1152 2273 si
1170 2247 1280 2274 extendi
1297 2249 1359 2274 cum
1385 2247 1457 2274 mole
1477 2247 1599 2281 corporis
1622 2247 1738 2276 dicatur.

949 2293 1030 2319 etiam
1049 2297 1211 2327 sequeretur
1227 2300 1287 2319 eam
1304 2301 1355 2319 una
1377 2293 1505 2323 resecari.
1521 2294 1628 2327 quoties
1643 2301 1738 2320 manus

950 2343 1031 2373 atque
1048 2339 1132 2373 pedes
1146 2343 1334 2372 amputantur.
1359 2339 1394 2365 At
1418 2338 1490 2365 enim
1509 2343 1660 2365 statuamus
1677 2346 1738 2366 eam

948 2391 999 2418 per
1017 2391 1117 2419 σοι-ρας
1134 2384 1293 2411 universum
1317 2391 1369 2410 non
1396 2391 1456 2410 esse
1473 2391 1608 2416 sparserit,
1623 2385 1669 2410 sed
1685 2392 1737 2410 ιιιιίι

949 2429 1065 2464 quadam
1083 2429 1170 2464 ipsius
1186 2429 1214 2455 in
1240 2433 1316 2463 parte
1340 2429 1495 2456 collectam.
1514 2429 1553 2455 Ita
1573 2437 1636 2456 vero
1661 2430 1736 2464 sequi

948 2481 1062 2501 necesse
1087 2479 1129 2501 est
1153 2478 1182 2501 ιιι
1206 2474 1327 2500 membra
1346 2473 1450 2508 reliqua
1471 2473 1526 2499 sint
1540 2481 1655 2502 mortua.
1670 2473 1737 2500 Nam

949 2520 1020 2555 quod
1038 2527 1138 2554 expers
1153 2523 1195 2546 est
1210 2519 1322 2549 animae,
1342 2526 1453 2553 prorsus
1475 2525 1613 2546 mortuum
1630 2524 1688 2550 est;
1711 2518 1737 2545 id

948 2566 1020 2600 quod
1036 2565 1081 2592 hic
1104 2564 1156 2592 dici
1172 2565 1277 2599 nequit.
1293 2564 1476 2597 Quamobrem
1502 2572 1564 2592 esse
1579 2565 1687 2599 quidem
1701 2565 1738 2593 {il-

949 2613 1001 2639 lam
1030 2613 1055 2638 in
1081 2619 1195 2645 corpore
1213 2616 1307 2638 nostro
1333 2612 1452 2644 scimus,
1480 2616 1506 2638 at
1527 2602 1582 2646 quo
1598 2616 1678 2646 pacto
1703 2610 1739 2635 sit

949 2657 1118 2692 ignoramus.
1135 2656 1230 2684 itidem
1246 2656 1362 2683 animam
1380 2662 1520 2691 expertem
1537 2664 1599 2683 esse
1616 2654 1738 2682 «ωηεν-ἰώ

949 2711 1047 2730 crassa:
1061 2711 1092 2730 ac
1109 2703 1300 2737 incorpoream
1315 2702 1382 2735 scio,
1396 2703 1505 2736 quando
1520 2703 1554 2728 ita
1573 2709 1602 2728 se
1616 2709 1671 2728 rem
1688 2701 1738 2727 ha.

950 2748 1015 2775 here
1031 2748 1123 2782 accepi
1137 2756 1143 2774 ι
1159 2756 1252 2775 verum
1267 2755 1327 2782 quae
1343 2748 1379 2775 sit
1391 2748 1448 2782 ejus
1463 2748 1567 2782 species
1582 2747 1639 2773 sive
1651 2746 1738 2772 [arma

951 2794 993 2820 vel
1006 2793 1095 2827 qualis
1111 2795 1248 2827 essentia,
1265 2795 1335 2821 scire
1351 2802 1470 2828 nequeo.
1488 2793 1593 2828 Quippe
1614 2801 1667 2819 non
1691 2801 1740 2827 pu-

950 2843 1002 2866 test
1024 2839 1075 2865 hoc
1099 2839 1222 2867 oratione
1249 2840 1407 2869 cuiusuuzun
1431 2839 1571 2869 explicati.
1599 2839 1664 2866 Nam
1691 2840 1737 2867 nni
