1957 3073
216 151 267 182 155
533 156 549 167 ⁸

828 143 1037 175 MlCHAELlS
1054 142 1183 176 GLYCJE

1782 137 1830 171 156

211 213 327 234 cernere
341 205 403 240 quis
421 213 479 232 eam
506 205 604 240 possit,
619 211 680 239 qum.
701 203 809 230 condita
824 207 865 230 est
880 203 912 230 ad
931 202 1000 230 ima-

1061 201 1244 236 ικατάληπτυς
1269 199 1298 232 ἐξ
1313 192 1444 234 ’ἀνάγκης
1469 199 1518 226 καὶ
1546 199 1562 233 ἡ
1583 197 1631 224 τοῦ
1655 198 1833 233 πρωτοτύπυυ

213 254 305 289 ginem
320 252 377 284 Dei,
391 259 471 286 quem
488 258 539 278 nec
556 249 742 283 intelligentiae
763 250 788 275 vi
811 256 862 276 nec
874 249 928 276 ulla
940 256 1002 284 per-

213 299 340 334 ceptione
354 297 588 332 comprehendere
596 295 763 332 possumus?
778 294 885 330 Quippe
902 295 930 322 si
939 294 1000 322 ani-

213 351 265 372 mat
289 342 486 378 comprehendi
512 346 604 376 posset
632 341 769 373 essentia,
792 344 884 375 posset
908 340 1002 367 itidem

213 390 343 425 imaginis
360 395 471 423 quoque
495 388 620 422 princeps
638 388 776 421 exemplar
793 385 1001 420 comprehendi.

214 436 249 462 At
264 436 286 462 si
305 435 402 469 nequit
416 434 557 468 exemplar
569 432 636 459 illud
655 432 782 466 princeps
796 431 1004 465 comprehendi,

213 481 297 507 etiam
328 479 484 506 necessario
500 482 631 512 sequetur
646 478 787 511 imaginem
803 477 861 511 ejus
876 476 1006 503 consimi-

213 524 277 551 liter
300 523 496 558 comprehendi
519 530 573 549 non
589 529 679 556 posse.
698 522 755 554 Qua
774 521 808 548 de
832 528 915 549 causa
933 521 963 548 ﬁt
979 525 1007 547 ut

1055 248 1147 274 εἰκών.
1167 245 1264 272 Ἔνθεν
1289 253 1332 272 τοι
1347 246 1394 271 καὶ
1410 245 1495 272 πολλὰ
1512 243 1561 278 μὶν
1573 243 1757 278 ὲφιλοσοφήθη
1772 243 1834 279 περὶ

1056 293 1152 327 αὐτῆς,
1166 291 1253 323 οὐδεὶς
1280 290 1308 317 δὲ
1326 291 1376 326 τὴν
1391 290 1492 324 ταύτης
1506 289 1601 316 οὐσίαν
1615 289 1735 324 ἠδυνήθη
1751 297 1833 316 κατα-

1055 337 1186 365 λαῆἐσθαι
1214 337 1291 369 ποτὲ,
1314 337 1375 363 κατ’
1403 336 1506 368 εἰκόνα,
1522 336 1559 367 ὡς
1577 336 1697 370 εἴρηται,
1717 335 1833 361 κτισθεῖ-

1055 392 1107 410 σαν
1123 383 1170 409 τοῦ
1187 382 1379 417 ἀκαταλήπτου
1393 383 1440 408 χαὶ
1458 382 1638 416 ἁπερινοήτου
1657 381 1739 409 Θεοῦ.
1759 381 1835 408 Ἀλλὰ

1055 430 1102 456 καὶ
1129 428 1266 455 παιδεύων
1284 428 1358 462 ἡμᾶς
1384 428 1398 453 ὸ
1427 427 1494 459 Θεὸς
1517 426 1588 454 ὥστε
1616 427 1742 454 ταπεινὸν
1766 426 1835 461 ἔχειν

1057 474 1184 509 φρόνημα
1209 475 1257 500 καὶ
1276 475 1313 509 μὴ
1335 473 1369 499 τὰ
1385 473 1450 507 περὶ
1465 473 1539 507 ἡμᾶς
1561 472 1627 503 ὅλως
1644 471 1835 506 φαντάζεσθαι,

1057 522 1186 555 τοιαύτην
1203 520 1394 555 ἀκαταληψίαν
1411 520 1523 554 ἐνέθηκε
1545 520 1577 553 τῇ
1595 519 1679 554 ψυχῇ.

215 570 423 597 tametsi'multa
441 569 518 596 mulli
537 569 570 595 de
594 576 624 595 ea
658 568 833 595 commentati
854 568 928 599 sint.
961 574 1041 594 nemo
1061 571 1151 594 tamen
1165 567 1312 594 essentiam
1336 567 1422 602 ipsius
1435 572 1552 600 unquam
1566 565 1617 600 73
1634 565 1774 600 percipere
1791 572 1838 599 po-

216 617 311 648 tuerit,
327 616 475 646 conditam,
504 619 533 642 ut
549 614 650 641 dictum
670 618 731 645 est,
751 613 784 640 ad
799 613 945 647 imaginem
961 612 1009 639 Dei
1028 612 1150 640 neminis
1180 612 1345 647 cogitatione
1367 620 1399 639 ac
1438 612 1614 647 intelligentia
1635 611 1839 646 comprehensi-

216 662 292 690 bilis.
319 661 393 688 Deus
407 661 517 695 quidem
535 664 610 687 certe
642 667 693 686 nos
712 660 850 693 castigans
865 663 892 686 et
909 659 1045 690 erudiens,
1068 663 1097 686 ut
1112 659 1202 686 animo
1219 659 1337 686 demisso
1351 659 1435 686 simus
1459 666 1510 686 nec
1535 658 1774 694 imaginationibus
1794 666 1840 684 no-

217 708 282 735 stris
297 707 390 734 omnia
408 714 467 741 quze
483 707 510 734 in
533 706 612 733 nobis
635 711 699 733 sunt
715 705 858 740 complecti
882 704 1007 741 velimus,
1026 704 1180 740 huiusmodi
1198 705 1343 740 quamdam
1363 704 1555 733 obscuritatem
1585 703 1771 739 perceptiouis
1784 702 1840 730 aui-

218 762 268 781 tnaa
283 754 389 782 indidit.
563 773 565 777 .

253 799 303 827 llic
321 805 411 827 autem
425 799 544 829 animum
559 798 637 831 mihi,
662 799 760 827 dilecte
783 799 830 832 liii,
854 798 1002 826 advertite.

1092 798 1212 835 Πρόσεχε
1235 799 1274 831 δὲ,
1290 799 1429 834 ἀγαπητέ.
1447 796 1556 829 Φθάσας
1579 797 1630 832 μὲν
1652 797 1706 833 γὰρ
1721 798 1735 824 6
1764 797 1840 831 λόγος
1857 772 1862 780 Ἱ

219 846 328 874 Dictum
350 850 394 872 est
408 853 489 880 supra
506 845 533 872 in
551 845 612 872 alvo
632 851 754 872 materna
769 845 857 872 subito
874 846 1004 877 animam,

1061 847 1159 880 ἔδειξεν
1178 848 1219 874 ὅτι
1236 846 1335 882 ἀθρόον
1359 847 1389 873 ἐν
1414 847 1449 881 τῇ
1485 845 1605 881 μήτρᾳὴ
1625 844 1775 876 θεοείκελος
1803 843 1840 879 τῷ

218 901 279 928 ηοω
294 893 340 919 Dei
357 891 440 919 refert
455 891 611 927 imaginem,
630 899 684 919 una
710 899 772 919 cum
798 899 912 926 corpore
934 891 1005 918 exsi-

218 943 301 968 stere.
316 942 396 972 atque
415 937 468 964 hoc
486 941 566 972 pacto
580 937 681 964 animal
694 945 777 964 unum
799 937 879 972 idque
893 943 1005 972 compo-

219 984 302 1011 situm
317 983 433 1015 absolvi,
454 990 533 1018 quem
550 983 691 1011 hominem
707 983 836 1011 dicimus.
860 983 926 1011 Esse
940 983 1004 1011 item

219 1030 290 1056 hanc
307 1028 458 1055 unitionem
474 1027 659 1062 personalem,
674 1027 805 1055 nimirum
823 1027 1005 1055 exsistentem

219 1075 347 1109 utrinque
364 1079 523 1101 naturarum
539 1073 709 1101 diversarum
736 1075 762 1101 in
789 1081 873 1102 unum
892 1081 1006 1101 concur-

219 1120 334 1147 sionem.
349 1119 432 1154 lgitur
452 1127 504 1154 quo
519 1123 598 1154 pacto
615 1127 715 1154 corpus
731 1125 758 1147 et
768 1120 858 1147 anima
873 1120 964 1147 subito
976 1119 1005 1148 in

218 1166 279 1192 alvo
298 1170 419 1192 materna
431 1169 612 1196 concurrunt,
638 1164 734 1191 eodem
751 1172 860 1199 quoque
883 1172 976 1192 rursus
991 1173 1006 1192 a

219 1218 249 1237 se
261 1209 377 1236 invicem
390 1209 481 1236 subito
492 1209 588 1236 mortis
599 1215 720 1243 tempore
731 1209 905 1236 dirimuntur.
918 1209 1006 1242 Quare

219 1255 241 1282 si
258 1255 319 1288 quis
331 1254 469 1281 existimat
486 1253 603 1280 animam
630 1260 646 1280 e
661 1260 774 1288 corpore
790 1254 917 1288 paulatim
939 1259 1006 1281 tem-

220 1307 285 1334 pore
301 1300 398 1327 mortis
409 1299 541 1326 excedere
554 1303 708 1333 propterea,
733 1300 805 1333 quod
822 1299 1006 1326 membrorum

220 1350 350 1372 extremae
365 1349 456 1379 partes
471 1345 500 1371 in
515 1345 549 1371 iis
572 1344 618 1379 qui
647 1344 739 1372 subito
764 1352 818 1372 non
834 1345 1006 1373 emoriuntur-

221 1390 301 1425 plane
316 1390 436 1424 [rigeant
448 1397 480 1416 ac
505 1396 615 1416 sensum
643 1389 782 1421 atnittant,
808 1393 935 1423 tanquam
953 1390 975 1416 si
990 1397 1005 1416 a

224 1435 345 1470 corporis
357 1434 579 1463 extremitatibus
594 1434 727 1469 inciperet
753 1443 814 1462 sese
843 1435 1006 1463 contrahere

222 1482 409 1516 paulatimque
426 1481 508 1508 veluti
523 1481 694 1513 convolvere,
726 1485 755 1508 ut
782 1486 956 1516 posteaquam
972 1481 1005 1509 ad

1059 887 1166 929 σώματι
1182 884 1429 929 συμπαρυφίστατο
1454 892 1536 927 ψυχὴ,
1556 891 1704 918 κάντεῦθεν
1728 891 1757 917 ἒν
1774 891 1840 923 («Inv

1060 939 1186 967 σύνθετον
1211 939 1384 966 ἀποτελεῖται
1400 939 1414 965 6
1427 937 1581 973 ἄνθρωπος.
1604 937 1658 963 Καὶ
1678 936 1750 965 τοῦτ’
1767 936 1840 963 ἐστιν

1059 987 1076 1022 ή
1088 986 1150 1013 καθ’
1167 986 1316 1013 ὑπόστασιν
1331 985 1440 1017 ἓνωσις,
1466 984 1539 1010 τοῦτ’
1565 984 1638 1010 ἑστιν
1656 984 1672 1018 ἡ
1690 982 1841 1017 ἀμφύπαρ-

1059 1026 1123 1064 κτος
1136 1032 1191 1059 τῶν
1202 1031 1366 1067 ἑτερουσίων
1381 1031 1441 1057 κατ’
1456 1030 1536 1056 absim
1552 1029 1698 1064 συνδρομή.
1715 1028 1783 1055 Καθ’
1810 1029 1839 1055 ὃν

1059 1076 1150 1103 τοίνυν
1164 1075 1268 1110 τρόπον
1281 1074 1380 1109 ἁθρόον
1409 1074 1538 1108 ἀλλήλοις
1554 1074 1582 1100 ὲν
1599 1073 1632 1108 τῇ
1666 1073 1759 1108 μήτρᾳ
1780 1072 1841 1099 σύν-

1058 1122 1187 1157 τρέχουσι
1202 1121 1232 1147 τό
1246 1129 1277 1147 τε
1298 1120 1377 1155 σῶμα
1395 1120 1442 1146 καὶ
1455 1120 1472 1154 ὴ
1491 1119 1574 1154 ψυχὴ,
1603 1119 1674 1146 κατὰ
1700 1119 1745 1146 τὸν
1760 1119 1841 1146 αὑτὸν

1059 1168 1137 1199 αὖθις
1152 1167 1248 1202 ἀθρόον
1272 1166 1394 1200 ἀλλήλων
1408 1165 1557 1192 διίστανται
1575 1165 1645 1192 κατά
1670 1173 1702 1199 γε
1719 1165 1766 1191 τὸν
1793 1164 1840 1191 τοῦ

1061 1213 1175 1240 Θανάτου
1192 1211 1299 1246 καιρόν.
1318 1211 1348 1237 '0
1365 1209 1456 1236 τοίνυν
1469 1210 1593 1244 οἰόμενος
1607 1210 1657 1245 τὴν
1672 1209 1761 1254 ψυχὴν
1771 1209 1841 1236 κατὰ

1061 1258 1148 1294 βραχὺ
1166 1257 1213 1284 τοῦ
1238 1257 1363 1292 σώματος
1377 1255 1569 1290 ὑπαναχωρεϊν
1596 1257 1625 1282 ὲν
1643 1255 1681 1291 τῷ
1696 1256 1742 1282 τοῦ
1760 1255 1841 1282 θανά-

1059 1313 1107 1331 του
1126 1303 1214 1338 ιιαιρῷ
1229 1302 1273 1330 διὰ
1287 1302 1318 1329 τὸ
1341 1301 1512 1336 κατεψῦχθαι
1531 1310 1562 1328 τε
1589 1302 1637 1328 καὶ
1667 1301 1842 1328 παντάπασιν

1060 1350 1234 1385 ἀναισθητεῖν
1251 1349 1286 1375 τὰ
1300 1349 1371 1384 ἄκρα
1383 1348 1438 1375 τῶν
1457 1348 1494 1384 μὴ
1509 1348 1627 1382 ἐξάπινα
1641 1347 1839 1380 τελευτώντων,

1059 1397 1154 1432 ὥσπερ
1178 1395 1231 1422 ἀπὸ
1249 1394 1304 1421 τῶν
1319 1394 1448 1430 περάτων
1472 1394 1519 1421 τοῦ
1545 1394 1670 1428 σώματος
1687 1394 1842 1430 ἀρχομένης

1059 1443 1146 1478 αὐτῆς
1161 1442 1353 1469 συστέλλεσθαι
1369 1441 1416 1468 καὶ
1430 1442 1501 1468 κατά
1520 1441 1602 1476 μέρος
1620 1440 1783 1474 ἐλίττεσθαι,
1797 1441 1841 1467 ῐνα

1060 1487 1170 1515 ἐπειδὰν
1188 1487 1236 1522 ὕλη
1253 1486 1321 1523 πρὸς
1334 1486 1384 1521 τὴν
1416 1486 1534 1521 καρδίαν
1558 1486 1739 1522 συσπειραθῇ,
1758 1487 1772 1513 6
1785 1495 1841 1512 τοι·

222 1534 270 1553 cor
286 1531 339 1553 tota
351 1526 465 1554 collecta
484 1525 577 1558 fuerit,
604 1525 695 1553 subito
722 1526 785 1553 inde
800 1526 918 1559 emetur,
944 1534 1005 1554 om-

1061 1533 1135 1566 οὗτος
1149 1533 1307 1569 ὴπάτηται·
1331 1534 1362 1560 οὺ
1381 1533 1435 1568 γὰρ
1465 1532 1554 1564 οὕτως
1575 1532 1642 1567 εχει,
1664 1532 1721 1560 ἀλλ’
1747 1531 1841 1567 ὥσπερ

222 1571 289 1599 nino
305 1571 329 1599 is
345 1572 476 1606 opinione
497 1579 547 1599 sua
575 1572 691 1599 fallitur.
718 1571 825 1606 Quippe
853 1579 897 1599 res
919 1580 952 1599 eo
977 1579 1007 1600 se

222 1622 303 1652 pacto
315 1625 370 1644 non
388 1618 480 1650 habet,
495 1619 542 1645 sed
554 1618 783 1652 quemadmodum
794 1618 863 1645 citra
877 1618 1008 1653 temporis

222 1664 398 1691 intervallum
413 1664 503 1692 elucet
515 1664 607 1691 anima
626 1664 654 1691 in
679 1671 805 1698 corpore,
830 1663 896 1690 solis
920 1663 1008 1690 instar

223 1715 286 1735 aera
304 1708 395 1736 subito
408 1709 605 1741 collustrantis,
631 1708 727 1736 eodeni
753 1708 834 1736 modo
847 1709 928 1736 etiam
946 1709 1008 1736 inde

222 1753 322 1781 avolat.
337 1754 520 1787 Quamobrem
536 1762 587 1781 nec
600 1755 766 1785 extenditur,
785 1761 814 1781 ut
826 1754 954 1789 superius
965 1755 1008 1781 in-

223 1801 392 1834 dicabantus,
424 1808 475 1828 nec
489 1801 693 1828 dimensionem
722 1799 864 1827 admittit:
890 1800 938 1827 sed
954 1804 1009 1827 tota

225 1850 310 1873 totum
324 1853 425 1881 corpus
437 1846 564 1874 animans
577 1846 758 1874 nihilominus
784 1846 959 1881 peculiariter
975 1854 1009 1874 ex

224 1899 254 1918 sc
270 1892 406 1919 consistit.
427 1892 497 1924 Quid
515 1896 557 1919 est
570 1894 661 1919 autem
673 1892 744 1926 quod
759 1893 915 1919 extenditur
929 1892 1007 1919 simul

224 1945 285 1964 cum
301 1945 416 1970 corpore
431 1943 459 1965 et
477 1938 564 1973 ipsum
579 1938 706 1965 animat?
736 1939 839 1965 Natura
858 1943 885 1965 et
897 1938 952 1965 vita
970 1946 1010 1965 ra-

225 1983 308 2010 tionis
325 1991 432 2018 expers.
450 1983 543 2018 Neque
558 1983 672 2011 decebat
685 1984 711 2011 in
725 1991 818 2010 crasso
831 1983 932 2010 versari
948 1992 1009 2011 cor-

225 2036 290 2062 pore
317 2029 446 2062 anitnam,
475 2030 577 2063 alisque
608 2030 698 2056 medio
728 2029 846 2064 quodam
877 2031 1010 2058 extremis

227 2081 351 2111 cognato.
368 2076 426 2110 Ipsa
446 2075 554 2110 quidem
586 2081 649 2103 ante
676 2077 888 2111 exspirationem
904 2082 1011 2112 postre-

228 2130 299 2149 mam
316 2130 368 2148 una
395 2130 456 2148 cum
486 2123 704 2150 extremitatibus
734 2124 927 2158 exstinguitur,
955 2131 1010 2151 non

225 2168 288 2196 inde
301 2168 399 2203 migrat
414 2178 420 2195 :
435 2168 506 2194 foret
520 2168 592 2195 enim
613 2169 783 2202 immortalis,
795 2169 816 2196 si
831 2170 864 2197 ad
880 2177 908 2196 se
922 2170 1009 2204 ipsam

225 2213 412 2248 colligeretur.
428 2214 463 2240 At
476 2214 528 2240 h0c
545 2214 708 2241 intermedio
726 2215 834 2241 vinculo
862 2215 1006 2248 dissoluto,

227 2263 353 2293 tauquam
375 2259 401 2286 in
417 2259 508 2293 spatio
526 2259 655 2292 temporis
684 2259 845 2294 impartibili
872 2259 913 2287 vel
936 2259 1007 2287 oculi

226 2310 377 2336 momento,
406 2305 476 2332 sicut
489 2305 635 2340 Apostolus
663 2305 795 2339 loquitur,
808 2306 897 2333 anima
919 2313 934 2332 e
947 2313 1008 2333 cor-

226 2358 292 2385 pore
305 2350 431 2378 disccdt.
447 2350 477 2376 Et
493 2352 624 2378 hactenus
633 2351 741 2384 quidem
751 2351 785 2378 de
800 2351 890 2378 anima
904 2352 1008 2379 dictum

225 2402 295 2424 esto.

261 2441 354 2469 Fuerit
370 2446 462 2469 autem
479 2443 596 2474 pretium
627 2449 717 2477 opera:
748 2442 874 2470 nonnihil
901 2451 951 2471 nos
976 2443 1009 2471 iis

225 2487 308 2515 etiam
327 2488 464 2515 immorari
478 2496 539 2523 quae
552 2488 586 2516 de
599 2496 714 2523 corpore
728 2489 837 2524 quidam
863 2489 927 2516 olim
955 2489 1010 2517 dis-

227 2539 391 2566 ser-uerunt;
412 2534 492 2568 idque
508 2534 541 2561 de
566 2542 647 2562 causa
670 2535 841 2569 potissimum
866 2542 908 2568 ea,
938 2536 1009 2570 quod

225 2587 275 2614 pro
286 2579 463 2614 dispositione
476 2580 599 2614 corporis
613 2584 641 2606 et
653 2579 798 2607 affectione
824 2581 914 2606 anima
942 2588 1010 2614 quo-

224 2633 278 2660 que
302 2625 477 2652 consueverit
505 2633 597 2660 agere.
629 2624 696 2652 Nam
718 2625 946 2659 quemadmodum
970 2626 1010 2653 sol

226 2682 275 2708 pro
302 2673 375 2700 aeris
405 2673 463 2699 sive
496 2673 622 2700 crassitie
656 2671 715 2699 sive
744 2671 894 2698 subtilitate
920 2673 1010 2700 radios

225 2719 307 2746 etiam
321 2720 353 2745 ad
369 2727 420 2746 nos
434 2719 557 2746 diversos
574 2718 685 2751 emittit,
699 2718 739 2745 sic
753 2722 780 2744 et
795 2719 883 2744 anima
901 2718 926 2745 vi
942 2726 1010 2753 pne-

225 2762 282 2788 dtta
297 2762 486 2797 intelligentia
502 2769 551 2796 pro
577 2761 751 2795 instrumenti
768 2762 915 2790 alTet'tioue
932 2771 1009 2790 suam

226 2806 413 2834 ellicacitatem
431 2807 563 2835 declat-ut.
597 2807 667 2834 llirtc
680 2815 742 2842 quo.
753 2809 814 2833 dam
839 2815 899 2834 esse
921 2808 1009 2834 fatuos

228 2851 360 2883 vidi-mus,
373 2854 504 2886 quosdam
519 2862 571 2881 non
585 2854 647 2881 item
660 2862 667 2887 ;
693 2855 754 2881 hinc
772 2854 838 2880 alios
854 2854 1010 2881 somnolen-

1059 1579 1179 1614 ἀχρόνως
1195 1578 1345 1613 ἐπιλάμπει
1358 1578 1396 1611 τῷ
1418 1578 1523 1612 σώματι
1543 1578 1620 1614 δίκην
1634 1577 1711 1613 ἡλίου
1727 1577 1842 1610 ἐξάπινα.

1058 1625 1104 1652 τὸν
1114 1624 1185 1660 ἀέρα
1198 1624 1447 1659 καταφωτίζοντος,
1464 1623 1537 1651 κατὰ
1547 1623 1594 1650 τὸν
1611 1624 1694 1651 αὑτὸν
1708 1623 1785 1657 λόγον
1795 1624 1843 1651 καὶ

1059 1671 1165 1697 ἐκεῖθεν
1177 1671 1341 1705 ἀφίπταται.
1365 1670 1471 1697 Οὓκουν
1485 1670 1638 1697 ἐκτείνεται
1665 1671 1754 1702 τοῦτο,
1768 1671 1841 1697 καθὰ

1059 1716 1162 1744 ἀνωθεν
1177 1717 1302 1750 εἴπομεν,
1317 1715 1378 1743 οὐδὲ
1395 1715 1542 1748 διίσταται,
1560 1715 1628 1743 ἀλλὰ
1656 1717 1704 1743 καὶ
1722 1717 1783 1743 ὅλον
1805 1715 1842 1743 δι’

1058 1753 1119 1789 ὅλου
1132 1762 1255 1797 ψ’)χοῦσα
1270 1762 1347 1789 οὐδὲν
1361 1760 1443 1799 ἦττον
1459 1762 1503 1797 ἐφ’
1516 1762 1615 1798 ἑαυτῆς
1636 1762 1746 1797 ἕστηκε.
1762 1763 1795 1789 Τί
1810 1763 1839 1790 δι

1059 1808 1117 1833 ὲστι
1128 1807 1158 1833 τὺ
1174 1807 1406 1842 συνεκτεταμένον
1420 1806 1459 1841 τῷ
1472 1805 1578 1842 σώματι
1592 1807 1640 1834 καὶ
1653 1806 1739 1838 ζωοῦν
1754 1807 1819 1833 αὑτὸ
1831 1814 1840 1840 ς

1065 1851 1096 1878 ΊΙ
1114 1852 1195 1887 φύσις
1209 1852 1256 1878 καὶ
1270 1853 1287 1888 ή
1303 1852 1398 1886 ἄλογος
1414 1852 1482 1887 ζωή.
1498 1852 1565 1879 Οὐδὲ
1582 1853 1636 1887 γὰρ
1654 1850 1687 1887 ἦν
1705 1853 1844 1887 εὐπρεπὲς

1059 1897 1098 1933 τῷ
1111 1898 1194 1932 παχεῖ
1209 1897 1410 1932 προσομιλῆσαι
1428 1897 1536 1933 σώματι
1552 1898 1601 1932 τὴν
1618 1897 1707 1933 ψυχὴν
1721 1898 1786 1924 ἄνευ
1800 1907 1843 1924 τι-

1059 1944 1104 1976 νδς
1121 1943 1278 1979 προσφυοῦς
1307 1945 1361 1975 τοίς
1379 1943 1474 1979 ἄκροις
1499 1944 1658 1979 μεσότητος.
1685 1944 1739 1971 Καὶ
1770 1944 1842 1976 αῦτη

1061 1990 1112 2024 μὲν
1126 1991 1179 2025 πρὸ
1194 1989 1244 2025 τῆς
1262 1989 1409 2021 παντελοῦς
1438 1989 1635 2021 ἀποπνεὺσεως
1661 1991 1718 2022 τοῖς
1750 1991 1845 2026 ἀκρω-

1059 2036 1164 2070 τηρίοις
1182 2036 1442 2069 συναποσὸἐννυται,
1459 2036 1488 2062 οὐ
1507 2035 1561 2072 μὴν
1575 2036 1677 2062 ἐκεῖθεν
1695 2036 1843 2071 ὑποχωρεῖ.

1061 2079 1115 2108 Ἦν
1133 2083 1187 2118 γὰρ
1205 2082 1238 2109 ἂν
1255 2082 1388 2114 ἀθάνατος
1414 2083 1619 2117 ἑπανερχομένη
1639 2083 1708 2118 πρὸς
1732 2083 1845 2118 ἑαυτήν.

1069 2127 1100 2153 'H
1112 2127 1141 2153 δέ
1156 2136 1186 2161 γε
1201 2127 1341 2162 ψυχὴ⁸τοῦ
1359 2127 1442 2162 μέσου
1455 2128 1552 2154 τούτου
1579 2127 1680 2163 δεσμοῦ
1704 2128 1846 2155 διαλυθέν-

1061 2181 1117 2205 τος,
1137 2173 1231 2207 ὥσπερ
1244 2175 1272 2200 ἑν
1289 2173 1383 2209 ἀτόμῳ
1401 2174 1417 2209 ἢ
1443 2175 1510 2210 ῥιπῇ
1534 2173 1688 2208 ὀφθαλμοῦ,
1717 2176 1731 2201 ὅ
1761 2184 1848 2210 φησιν

1024 2207 1045 2234 D
1060 2217 1236 2250 ’Δπόστο).ος,
1270 2218 1317 2246 τοῦ
1342 2207 1473 2254 σωματος
1496 2207 1598 2252 ὶξειγσι.
1625 2207 1689 2246 γΚαὶ
1724 2207 1847 2247 scemata.

1060 2265 1110 2299 μὲν
1135 2265 1150 2291 6
1175 2265 1254 2299 λόγος
1279 2265 1331 2301 ἤδη
1359 2265 1480 2301 διείληφε
1512 2266 1576 2301 περὶ
1606 2266 1690 2302 αὐτῆς
1719 2266 1767 2301 τῆς
1790 2267 1847 2301 ψυ-

1058 2312 1119 2346 xii:-

1095 2443 1259 2476 Ἀναγκιῑον
1294 2441 1323 2468 δὲ
1347 2441 1555 2476 προσδιατριψαι
1581 2441 1680 2476 μικρὶν
1711 2443 1757 2469 καὶ
1788 2445 1848 2475 τοῖς

1060 2488 1177 2515 ἔκπαλαι
1204 2489 1269 2524 περὶ
1296 2488 1378 2514 αὐτοῦ
1396 2487 1617 2522 φυσιολογηθείσι
1634 2488 1681 2514 τοῦ
1705 2489 1848 2523 σώματος.

1060 2534 1138 2565 Τίνος
1156 2533 1250 2560 ἕνεκεν
1264 2543 1270 2567 ;
1289 2534 1350 2560 ’Ότι
1362 2534 1432 2561 κατὰ
1446 2534 1498 2568 τὴν
1514 2533 1596 2560 αὐτοῦ
1612 2533 1733 2561 διάθεσιν
1747 2535 1847 2560 εἴωθεν

1060 2581 1162 2615 ἡψυχὴ
1177 2581 1311 2616 ἐνεργεῖν.
1339 2579 1474 2614 Καθάπερ
1491 2580 1545 2614 γὰρ
1570 2580 1584 2605 6
1611 2579 1737 2614 λαμπρὺς
1763 2577 1847 2613 οὗτος

1060 2627 1135 2662 ἥλιος
1146 2626 1216 2653 κατὰ
1228 2626 1278 2661 τὴν
1294 2626 1340 2652 τοῦ
1365 2625 1444 2660 ἁέρο;
1465 2626 1529 2653 εἴτε.
1546 2625 1692 2660 παχύτητα
1718 2626 1772 2652 εῐτε
1800 2627 1848 2652 λε-

1063 2673 1182 2708 πτότητα
1200 2672 1266 2707 πρὸς
1284 2672 1360 2707 ἡμᾶς
1375 2671 1424 2702 τὰς
1441 2672 1553 2702 ἀκτῖνας
1568 2671 1693 2706 ἀφίησιν,
1709 2671 1780 2698 οὓτω
1795 2674 1847 2699 καὶ

1061 2719 1142 2752 νοερὰ
1153 2718 1225 2753 ψυχὴ
1242 2717 1312 2743 κατὰ
1325 2717 1375 2751 τὴν
1399 2716 1513 2751 ὀργάνου
1532 2716 1653 2743 διάθεσιν
1678 2717 1726 2752 τὴν
1741 2717 1847 2750 ἑαυτῆς

1061 2765 1201 2799 ἐνέργ.ιαν
1229 2763 1377 2789 δείκνυσιν.
1412 2761 1551 2788 Ἐντεῦθεν
1571 2764 1618 2790 καὶ
1644 2765 1735 2797 ptopr
1769 2763 1846 2790 ἐστιν

1062 2810 1125 2836 ἰδεῖν
1143 2809 1189 2835 καὶ
1210 2809 1247 2844 μὴ
1262 2807 1394 2840 τοιοῦτον,
1412 2806 1533 2842 omnm
1559 2807 1606 2833 καὶ
1624 2807 1769 2842 γρήγορον,
1794 2808 1846 2833 ου-

1064 2848 1138 2888 μώδη
1165 2854 1211 2879 καὶ
1237 2853 1335 2888 πρᾶον,
1373 2851 1494 2886 ἀνδρίον
1519 2851 1563 2877 καὶ
1592 2850 1689 2886 δεύὸ-ι,
1716 2853 1762 2879 καὶ
1792 2852 1847 2884 ὄςᾳ
