1957 3073
126 136 176 169 157

127 246 180 278 γὰρ
194 242 239 268 τδν
250 241 376 277 Σιναττην
388 240 458 267 θετον
477 241 653 266 ’Δναστάτιον
667 239 782 272 λέγοντα
801 238 839 272 μὴ
863 236 908 263 τὸν

127 289 193 315 Θεδιν
209 286 280 314 εἶναι
305 287 359 314 τῶν
374 287 501 314 τοιούτων
515 287 612 318 αἴτιον,
639 285 724 320 αὐτὴν
746 284 774 311 δὲ
808 284 908 319 μᾶλλον

127 335 176 369 τὴν
192 333 273 367 φύσιν
285 334 333 360 καὶ
348 333 397 368 τὴν
415 332 470 359 τῶν
485 332 628 366 τεσσάρων
645 331 786 365 στοιχείων
799 330 909 365 συνδρο-

128 380 183 415 μὴν
199 379 246 406 καὶ
258 379 428 406 συνέλευσιν.
445 379 495 405 “Av
511 379 567 413 γὰρ
582 377 682 413 εὑρεθῇ
699 376 853 411 πλημμύρα
863 375 909 402 τοῦ

123 425 229 460 ’Θερμοῦ
245 426 378 459 στοιχείου
392 425 421 451 ὲν
432 426 466 459 τῇ
483 424 543 459 ὥρᾳ
555 424 606 458 τῆς
632 423 679 450 τοῦ
707 422 824 458 βρέφους
846 422 909 448 συλ-

128 469 246 504 λήψεως,
262 469 366 504 θερμῆς
397 469 522 504 κράσεως
544 469 574 495 τὸ
599 469 760 503 τικτόμενον
785 468 908 502 γίνεται·

127 516 174 543 ἐὰν
187 516 214 542 δὲ
229 516 258 542 τὸ
273 515 378 550 ψυχρὸν
395 515 627 550 καθυπερτερήσῃ
647 515 790 549 στοιχεῖον,
806 514 910 548 ψυχρο-

127 561 209 594 τέρας
226 560 309 592 ἕξεως
331 559 490 594 εὑρίσκεται
521 560 552 586 rb
572 559 744 594 τικτόμενον.
769 558 910 585 Ἐντεῦθεν

126 605 221 640 λοιπὸν
234 606 248 631 ὃ
267 613 297 631 τε
314 604 443 639 θυμώδης
461 605 509 631 καὶ
526 606 539 631 ὁ
556 605 653 639 πρᾶοςζ
677 605 691 630 ὁ
714 604 837 638 ἀνδρεῖος
863 604 910 630 καὶ

126 651 222 681 δειλός.
238 651 292 678 Καὶ
304 651 355 684 ὅρα
375 650 421 677 τὺν
455 650 502 677 σῦν
522 651 569 677 καὶ
593 651 639 677 τὸν
664 650 774 684 ἐλαῳον,
791 650 838 676 τὸν
862 650 911 684 μὲν

128 697 197 731 πρὸς
213 696 332 731 πόλεμον
342 695 455 731 ἕτοιμον
469 696 513 722 διὰ
530 696 699 731 θερμότητα,
728 696 776 722 τὸν
802 695 830 721 δὲ
861 695 911 729 τὴν

128 742 219 776 μάχην
250 741 386 775 φεύγοντα
426 741 469 768 διὰ
498 741 548 776 τὴν
579 742 612 767 ὲκ
641 740 810 776 ψυχρότητος
835 739 911 774 αὐτῷ

127 786 284 820 προσοῦσαν
299 785 413 812 δειλίαν.
439 786 503 812 Ἐὰν
517 786 545 812 δὲ
574 786 604 812 τὺ
630 785 712 820 ξηρὸν
734 785 911 820 ὑπερτερήσῃ

127 833 274 866 στοιχεῖον,
295 832 429 867 νηφάλιον
442 841 504 859 τινα
531 832 579 859 καὶ
600 833 738 867 γρήγορον
769 831 910 858 ἀποτίκτει

126 858 279 910 ᾶνθρῖυπον.
408 877 455 903 καί
469 858 511 909 τις
522 858 653 911 decoqui;
661 858 747 912 όνομα
766 876 909 910 Ἡράκλει-
926 858 946 885 Β

125 929 181 952 τος,
201 921 286 955 ἔλεγε,
308 931 317 947 ι
331 922 404 957 ψυχὴ
420 922 552 958 ξηροτέρη
566 923 718 958 σοφωτὲρη,
738 932 748 949 ι
764 922 853 957 ψυχὴν
864 922 909 947 ὲν-

125 967 214 993 am.”th
231 967 280 1002 τὴν
297 967 345 994 τοῦ
363 968 516 1002 ἐγκεφάλου
540 968 658 1000 καλέσας
679 969 783 995 οὐσίαν.
803 968 866 994 Ἐὰν
882 967 911 994 δὲ

125 1011 157 1037 τὸ
176 1011 259 1046 ὑγρὸν
278 1012 414 1047 πλεονάσῃ
429 1013 570 1048 στοιχεῖον.
588 1013 691 1048 νωορόν
704 1021 765 1039 τινα
779 1013 850 1039 ποιεῖ
864 1012 912 1039 καὶ

126 1056 296 1091 δυσκίνητον.
319 1057 399 1084 Κατὰ
414 1057 499 1084 ταῦτα
522 1058 615 1085 λοιπον
625 1060 642 1093 ἡ
657 1059 689 1084 ὲκ
703 1059 812 1093 φύσεως
828 1057 913 1092 πραό-

125 1110 177 1136 της
203 1102 334 1137 φρόνησίς
353 1111 382 1129 τε
409 1104 455 1130 καὶ
477 1104 635 1139 σωφροσύνη
659 1104 708 1130 οὐκ
734 1104 829 1137 ἀρεταὶ
856 1104 912 1134 τοῖς

127 1147 212 1179 Θείοις
223 1148 344 1182 Πατράσι
355 1149 504 1184 κρίνονται,
519 1149 622 1183 φυσικὰ
636 1149 664 1175 δὲ
676 1149 911 1182 πλεονεκτήματα.

128 1194 184 1219 Καὶ
200 1194 335 1228 τρόσσχες
350 1194 426 1229 αὐτῷ
451 1195 489 1230 τῷ
512 1195 622 1230 μεγάλῳ
641 1195 772 1229 Βασιλείῳ
789 1194 910 1228 λέγοντιο

132 1249 142 1265 ι
162 1239 280 1269 Πολλοὺς
297 1239 383 1273 ἔγνων
400 1240 478 1274 φύσει
498 1240 645 1275 μισοῦντας
656 1240 684 1266 τὸ
702 1240 847 1274 μίγνυσθαι
862 1247 912 1273 γυ-

127 1285 215 1317 ναικί.
228 1283 291 1319 Ἆρ’
305 1283 352 1312 οὖν
375 1285 517 1321 σώφρονας
535 1286 632 1317 αὐτοὺς
651 1286 842 1320 ὀνομάσομενς
859 1285 912 1312 Οὐ-

127 1330 240 1364 δαμῶς’
262 1330 424 1366 σωφροσύνη
437 1331 491 1365 γάρ
504 1332 577 1357 ἐστιν
590 1331 658 1364 αὑτὴ
676 1331 691 1366 ἡ
707 1331 852 1365 ἐγκράτεια
867 1331 914 1357 καὶ

127 1377 159 1401 τὸ
176 1375 330 1411 μαχόμενον
344 1377 535 1411 περιγενέσθαι
550 1377 604 1403 τῶν
615 1377 725 1412 ἡδονῶν.
748 1386 756 1403 ι
779 1377 832 1404 Καὶ
849 1377 914 1412 περὶ

130 1422 181 1457 μὲν
192 1422 297 1450 τούτων
307 1422 404 1454 οὕτως.

220 1600 291 1634 Περὶ
307 1601 375 1628 τοῦ·
398 1610 407 1626 ι
434 1602 609 1639 Ποιήσωμεν
627 1604 794 1639 ἄνθρωπον.
815 1615 824 1631 ι

166 1645 217 1671 Διὰ
232 1644 257 1672 τι
272 1646 299 1672 δὲ
311 1647 436 1675 πλάττων
448 1649 462 1675 ὁ
476 1648 541 1681 Θεὸς
557 1650 602 1676 τὸν
616 1650 759 1686 ἄνθρωπον
772 1652 821 1678 οὐκ
836 1650 915 1677 ἔλαϐε

131 1692 230 1726 βῶλον,
247 1692 314 1720 ἀλλὰ
339 1694 403 1730 χοῦν
423 1695 453 1721 τὸ
464 1695 645 1729 λεπτότατον;
663 1697 730 1731 όμοῦ
753 1697 802 1732 μὲν
813 1698 844 1724 ἐκ
855 1697 916 1723 τοὺ-

129 1748 179 1765 ιοου
191 1740 240 1765 καὶ
257 1740 287 1766 τὸ
304 1739 418 1775 φύσημα
431 1741 622 1769 καταστέλλων
636 1742 725 1776 ἡμῶν,
740 1742 807 1777 όμοῦ
822 1743 848 1768 δὲ
870 1743 916 1768 καὶ

129 1785 219 1816 διδοὺς
247 1785 372 1811 ἐντεῦθεν
397 1785 491 1812 ὲλπιδα
522 1787 572 1822 τῆς
597 1788 783 1819 ἀναστάσεως.
809 1789 917 1823 Ἐπειδὴ

132 1830 247 1865 προῄδει
274 1831 315 1856 δτι
337 1830 429 1865 μέλλει
452 1832 582 1868 τελευτᾷν
606 1833 635 1859 τὸ
651 1833 721 1864 ζῶον
737 1833 784 1859 καὶ
799 1833 836 1864 εἰς
853 1835 917 1867 χοῦν

132 1876 282 1910 καταντᾷν,
302 1876 444 1911 προλαὸὼν
469 1877 497 1904 ἐν
519 1879 552 1912 τῇ
579 1878 746 1913 δημιουργίᾳ
758 1879 807 1913 τὴν
821 1879 918 1906 ἑλπίδι

129 1921 182 1952 τῆς
196 1921 371 1953 ἀναστάσεως
385 1922 486 1950 δίδωσι.
497 1924 638 1958 Λαμόάνει
653 1923 716 1959 χοῦν
729 1924 782 1950 ἀπὶ
795 1925 843 1959 τῆς
853 1925 917 1960 γῆς,

131 1966 166 1992 ἶν’
178 1967 246 1993 ὅταν
260 1966 318 2002 ῐδῃς
333 1967 361 1993 ἐν
375 1967 454 2002 τάφῳ
470 1968 544 2003 χοῦν,
562 1969 634 2004 γνῷς
652 1969 694 1996 ὅτι
706 1964 720 1995 ὃ
733 1971 837 1996 ἐκεῖνον
852 1969 918 1996 πλά-

131 2020 181 2044 σας
198 2012 245 2038 καὶ
261 2013 355 2039 τοῦτον
376 2013 528 2048 ἀνίστησιν.
550 2015 630 2041 Ἀλλὰ
656 2016 703 2042 καὶ
725 2015 798 2046 τίνος
814 2015 916 2050 ἕνεκεν,

132 2057 286 2092 ἐπιζητεῖς,
303 2058 414 2086 διπλοῦν
436 2060 548 2087 πλάττει
560 2061 605 2087 τὸν
620 2060 762 2096 ἄνθρωπον
774 2061 805 2088 ἐκ
821 2070 849 2089 τε
866 2062 918 2097 ψυ-

132 2104 183 2139 χῆς
199 2105 296 2139 νοερᾶς
308 2106 356 2132 καὶ
372 2105 512 2140 σώματος;
527 2107 608 2133 Ὥστε
625 2107 771 2142 σύνδεσμον
784 2106 854 2135 εἶναι
871 2108 917 2135 τοῦ

133 2159 163 2176 τε
179 2151 278 2186 νοητοῦ
299 2151 405 2186 κόσμου
419 2153 466 2179 καὶ
484 2153 531 2179 τοῦ
543 2153 684 2187 αἰσθητοῦ.
705 2153 815 2190 Ἐπειδὴ
827 2155 880 2190 γὰρ
894 2155 918 2182 οἱ

132 2195 178 2222 δύο
194 2197 292 2231 κόσμοι
306 2195 380 2224 οῦτοι
391 2199 423 2233 τῇ
445 2199 525 2234 οὐσίᾳ
543 2200 727 2235 διεστήκασιν,
746 2200 788 2226 ἵνα
806 2201 843 2236 μὴ
858 2201 918 2227 διει-

741 133 946 164 ANNALIUM
966 134 1063 162 PARS
1083 135 1106 163 l.

76 216 79 217 ν
125 196 250 223 τοιαῦτα.
273 194 329 222 Καὶ
346 194 383 230 μὴ
410 192 493 229 μῦθον
518 193 586 229 ἡγοῦ
605 193 639 219 τὰ
664 192 819 226 λεγόμενον
838 191 909 226 ἔχεις

967 195 1015 222 tes,
1030 189 1098 216 alios
1115 187 1277 223 vigilantes;
1291 189 1359 216 alios
1378 190 1535 220 iracundos.
1562 190 1630 217 alios
1645 190 1742 222 mites;

1692 137 1742 165 [ιὸ

958 235 1026 262 alios
1038 234 1132 265 fortes,
1142 234 1209 261 alios
1222 234 1331 262 timidos
1342 236 1456 270 :quibus
1470 236 1524 271 74
1533 235 1600 262 adde
1612 243 1671 269 qum
1681 242 1745 264 sunt

959 281 1143 315 ejuslgcneris
1159 281 1223 308 alia.
1237 279 1294 308 Nec
1308 288 1360 316 pro
1375 279 1475 309 fabulis
1490 283 1547 309 lttc‘c
1557 282 1605 309 tibi
1619 283 1744 309 ducenda

960 331 1033 353 sunt.
1049 326 1157 361 Quippe
1173 327 1214 353 vir
1231 327 1360 361 eximius,
1382 329 1542 356 Anastasius
1559 329 1689 362 Sinaites,
1708 329 1746 355 ait

961 373 1044 399 Deum
1057 380 1112 399 non
1127 380 1187 400 esse
1204 373 1298 400 talium
1316 377 1467 406 auctorem,
1487 375 1533 401 sed
1556 374 1640 408 ipsam
1655 375 1745 409 potius

959 423 1082 445 naturam
1098 423 1124 445 et
1141 419 1338 446 elementorum
1351 424 1470 454 quatuor
1485 427 1660 446 concursum.
1678 421 1743 447 Nam

960 465 983 491 si
1001 465 1128 491 elementi
1142 465 1222 491 calidi
1238 465 1403 492 abundantia
1421 470 1542 499 tempore
1556 466 1746 500 coneeptionis

961 510 1124 543 inveniatur,
1151 515 1394 545 temperamentum
1411 519 1520 546 quoque
1536 511 1652 538 calidum
1683 520 1747 539 con-

961 553 1084 590 sequitur
1099 556 1125 583 id
1142 557 1214 591 qttod
1229 561 1284 583 tum
1301 557 1430 592 gignitur.
1447 557 1494 584 Sin
1512 557 1640 584 elementi
1659 558 1746 591 frigidi

961 602 1002 629 vis
1024 603 1108 637 major
1135 602 1228 634 fuerit,
1245 603 1315 630 fetus
1332 603 1411 629 etiam
1440 603 1553 638 frigidus
1578 609 1746 638 procreatur.

963 647 1064 674 Eadem
1080 648 1113 674 de
1131 656 1212 675 causa
1228 649 1269 675 vel
1287 649 1410 675 iracundi
1428 649 1468 675 vel
1485 649 1576 682 mites,
1606 650 1647 676 vel
1666 650 1748 676 fortes

961 693 1003 720 vel
1033 693 1204 721 formidolosi
1231 695 1356 722 homines
1382 696 1540 730 gignuntur.
1571 696 1672 729 Aprum
1706 696 1749 722 lllL'

961 738 1028 764 mihi
1047 746 1108 765 cum
1126 747 1208 766 cerro
1226 740 1343 773 intuere,
1362 748 1477 774 quorum
1509 741 1554 767 ille
1583 746 1691 775 paratus
1704 745 1746 767 est

961 780 1001 810 ad
1012 790 1130 818 pugnam
1149 784 1183 810 ob
1200 784 1329 816 calorem,
1345 785 1390 811 hic
1405 793 1523 819 pugnam
1542 785 1702 812 reformidat
1720 790 1748 814 ct

962 829 1031 864 fugit
1046 829 1081 856 ob
1096 837 1155 855 eam
1178 837 1259 863 quam
1278 830 1357 857 habet
1380 837 1411 857 ex
1437 831 1536 863 frigore
1565 831 1748 858 timiditatem.

961 874 1062 907 Quodsi
1077 875 1335 903 abundaveritsicci
1359 876 1399 903 vis
1423 876 1562 907 elementi.
1591 876 1674 903 homo
1698 885 1750 904 so-

962 921 1038 947 brius
1055 926 1137 955 atque
1155 921 1217 955 vigil
1237 926 1411 955 procreatur.
1427 922 1475 947 .De
1494 929 1548 956 quo
1562 922 1669 956 priscus
1685 922 1749 956 qui-

962 966 1023 993 dam
1051 966 1231 1001 philosophus
1257 966 1408 994 Heraclitus
1434 967 1513 999 dixit,
1541 968 1671 998 animam,
1693 975 1749 1001 quo

961 1012 1061 1040 siccior
1068 1012 1155 1045 sit,eo
1163 1013 1357 1047 sapientiorem
1369 1021 1375 1045 ;
1383 1013 1484 1047 quibus
1494 1013 1520 1040 in
1531 1013 1622 1040 verbis
1631 1013 1747 1039 animant

962 1062 1040 1085 vocat
1054 1058 1199 1085 essentiam
1215 1059 1329 1086 cerebri.
1355 1059 1383 1086 Si
1411 1057 1528 1093 deniqu‘e
1553 1059 1631 1093 copia
1658 1059 1748 1093 frigidi

962 1103 1088 1131 elementi
1098 1104 1277 1138 superaverit,
1286 1103 1403 1138 gignitur
1412 1104 1524 1138 ignavus
1535 1104 1643 1138 quidam
1655 1103 1749 1134 homo,

962 1149 1063 1184 quique
1077 1149 1220 1176 difliculler
1232 1150 1265 1176 ad
1283 1148 1417 1184 agéndum
1433 1150 1592 1184 impellitur.
1608 1150 1666 1182 Quo
1680 1150 1708 1176 fit
1721 1153 1750 1176 ut

963 1195 1110 1222 naturalem
1127 1195 1373 1228 mansuetudinem,
1391 1196 1574 1229 prudentiam,
1595 1201 1769 1230 temperana

964 1241 1028 1267 tiam
1044 1248 1098 1267 nun
1113 1241 1244 1268 virtutum
1272 1237 1332 1268 loco
1345 1241 1430 1268 divini
1448 1241 1540 1268 Patres
1558 1241 1685 1270 habeant,
1703 1240 1751 1267 sed

963 1294 1024 1314 esse
1042 1287 1176 1314 naturalia
1190 1287 1312 1321 quazdam
1330 1287 1477 1320 beneficia,
1503 1287 1602 1321 quibus
1616 1286 1751 1313 excellant

963 1333 1032 1360 alios
1044 1333 1100 1365 alii,
1114 1337 1245 1362 statuant.
1265 1333 1381 1373 Basilius
1397 1334 1460 1368 quid
1486 1333 1570 1362 dicat.
1597 1332 1749 1361 advertite:

967 1378 1079 1406 «Multos
1108 1379 1172 1405 novi
1195 1379 1240 1413 qui
1271 1387 1285 1405 a
1314 1384 1410 1406 natura
1440 1379 1596 1412 complexus
1616 1384 1752 1413 venercos
1778 1401 1787 1410 ,,

964 1424 1057 1452 odere.
1085 1423 1153 1450 Num
1174 1431 1222 1451 eos
1241 1428 1425 1459 temperantes
1451 1424 1627 1451 vocabimus?
1643 1422 1751 1456 Nequa-

965 1477 1064 1504 quam;
1082 1477 1145 1496 nam
1164 1470 1344 1504 temperantia
1360 1474 1402 1497 est
1419 1470 1589 1497 continentia
1612 1469 1751 1504 qutudam,

965 1523 1018 1549 qua
1032 1515 1185 1550 voluptates
1203 1515 1346 1543 nobiscum
1365 1520 1518 1550 pugnantes
1533 1515 1694 1542 vincimus.)
1713 1515 1751 1542 Ac

928 1570 952 1601 η
966 1559 999 1586 de
1011 1559 1054 1586 bis
1066 1559 1173 1594 quidem
1189 1560 1241 1587 hoc
1255 1560 1336 1587 modo
1352 1559 1454 1587 dictum
1469 1564 1539 1587 esto.

1103 1607 1134 1632 In
1147 1605 1224 1637 illud,
1244 1604 1406 1632 «Faciamus
1417 1605 1548 1632 hominem
1558 1605 1608 1631 ⁸⁵.)

1004 1653 1059 1680 Cur
1075 1657 1166 1679 autem
1188 1651 1259 1679 Deus
1272 1652 1411 1678 hominem
1436 1659 1533 1679 creans
1559 1658 1614 1678 non
1632 1650 1749 1685 glebam.

967 1698 1014 1726 sed
1033 1697 1182 1732 pulverem;
1199 1697 1245 1731 qui
1270 1701 1312 1724 est
1341 1697 1485 1724 admodum
1515 1697 1749 1731 tenue-quiddam,

967 1743 1104 1778 sumpsit?
1119 1742 1253 1770 Nimirum
1269 1743 1321 1770 hoc
1333 1742 1414 1770 modo
1430 1742 1517 1769 voluit
1528 1742 1609 1768 simul
1638 1747 1693 1768 tum
1710 1742 1752 1768 in-

967 1789 1104 1817 flationem
1115 1794 1237 1817 nostram
1255 1789 1451 1824 comprimere,
1471 1793 1527 1815 tum
1545 1787 1753 1815 resurrectionis
1795 1809 1801 1814 .

968 1842 1045 1870 spem
1057 1834 1157 1862 facere.
1171 1835 1238 1862 Nam
1252 1835 1316 1869 quia
1327 1838 1406 1861 norat
1420 1833 1521 1860 animal
1537 1834 1590 1860 hoc
1617 1832 1751 1860 cmoritu-

969 1889 1029 1909 rum
1046 1881 1113 1909 etin
1131 1881 1270 1916 pulverem
1282 1887 1467 1915 reversurum,
1489 1879 1553 1914 ipsa
1572 1880 1598 1905 in
1614 1879 1752 1906 creatione

968 1928 1230 1967 velut‘antevertens
1245 1934 1320 1961 spem
1341 1926 1421 1953 nobis
1446 1926 1479 1952 de
1497 1924 1697 1952 resurrectione
1716 1923 1754 1951 fa-

969 1981 1031 2002 cere
1044 1973 1140 2000 voluit.
1174 1973 1266 2007 Itaque
1291 1972 1432 2007 pulverem
1461 1972 1495 1998 de
1513 1976 1583 1998 terra
1611 1971 1704 2002 sumit,
1724 1975 1753 1996 ut

969 2027 1030 2047 cum
1049 2020 1186 2055 pulverem
1216 2020 1242 2045 in
1271 2018 1394 2053 sepulcro
1413 2017 1560 2052 conspicis,
1588 2017 1657 2043 scias
1689 2024 1751 2043 euttt

969 2065 1014 2099 qui
1034 2065 1169 2091 hominem
1184 2064 1305 2091 formarit
1319 2064 1407 2098 ipsum
1420 2064 1500 2090 etiam
1511 2062 1752 2090 recnscitaturum.

970 2110 1107 2138 Fortassis
1125 2111 1206 2137 etiam
1228 2117 1335 2145 quaeres
1355 2110 1530 2144 quamobrem
1548 2108 1648 2135 crearit
1664 2108 1753 2134 immi-

970 2163 1033 2183 nem
1053 2156 1201 2191 duplicem,
1219 2156 1310 2183 anima
1326 2155 1454 2182 nimirum
1477 2154 1663 2189 intelligentize
1679 2161 1755 2179 men-

972 2202 1059 2236 tisque
1074 2201 1205 2237 participe
1221 2201 1363 2236 praeditum
1375 2204 1400 2227 et
1414 2207 1538 2234 corpore.
1554 2199 1687 2225 Nimirum
1700 2206 1755 2232 qtto

134 2242 235 2277 ςόρους
256 2243 390 2279 εἰσαγάγῃ
409 2244 604 2280 δημιουργοὺς,
627 2246 736 2272 διπλοῦν
752 2245 821 2278 ζῶον
838 2247 866 2272 ἐν
880 2246 913 2281 τᾷ

972 2235 1059 2275 uerus
1071 2235 1181 2282 quidam
1197 2235 1266 2274 foret
1280 2246 1447 2274 intellectilis
1462 2253 1494 2272 ac
1520 2244 1628 2272 sensilia
1649 2243 1753 2270 mundi.

133 2289 231 2323 κόσμῳ
245 2288 291 2315 τὸν
307 2289 451 2324 ἄνθρωπον
468 2291 602 2322 τέθεικεν,
623 2291 660 2322 ὡς
674 2291 799 2318 ἐντεῦθεν
813 2292 861 2318 ἕνα
873 2293 920 2327 δη-

135 2335 267 2370 μιουργὺν
285 2336 339 2362 τῶν
353 2337 410 2363 ἅνω
424 2345 454 2362 τε
472 2338 519 2364 καὶ
534 2337 588 2364 τῶν
604 2338 678 2364 κάτω
689 2337 884 2374 κηρύττεσθαι.

971 2292 1039 2320 Nam
1055 2301 1115 2320 cum
1133 2293 1159 2320 hi
1174 2293 1228 2320 duo
1244 2292 1338 2319 mundi
1349 2292 1467 2319 essentia
1482 2298 1531 2318 sua
1550 2290 1667 2324 separati
1689 2290 1754 2323 sint,

973 2347 1008 2366 ne
1026 2338 1126 2366 diversi
1141 2338 1222 2365 etiam
1236 2337 1347 2372 opifices
1375 2337 1608 2367 existimarentur,
1618 2336 1754 2362 hominem

133 2383 235 2409 animal
248 2382 350 2417 duplex
366 2384 391 2409 in
409 2385 509 2411 inundo
530 2385 684 2420 constituit,
711 2391 741 2413 ut
760 2386 825 2413 hinc
848 2393 919 2414 unus
938 2394 999 2414 esse
1011 2391 1065 2414 tam
1081 2393 1240 2421 snperarum
1255 2393 1287 2414 ac
1315 2385 1468 2413 caelestium
1493 2392 1574 2420 quam
1607 2383 1755 2411 interarum

134 2437 225 2456 rerum
241 2434 350 2456 creator
363 2429 569 2465 intelligeretur.

170 2486 179 2501 ι
203 2476 367 2510 Ποιήσωμεν
380 2476 522 2511 ἄνθρωπον
541 2477 605 2502 κατ’
625 2477 717 2503 εἰκόνα
738 2477 886 2513 ἡμετέραν.
908 2488 918 2504 ι

136 2524 183 2550 Διὰ
195 2523 223 2550 τί
243 2522 275 2548 τὸ
290 2524 322 2548 ὲκ
339 2521 466 2556 σώματος
485 2522 532 2548 καὶ
550 2522 638 2557 ψυχῆς
654 2523 780 2549 συντεῦὲν
794 2523 862 2554 ζῶον
875 2523 921 2550 ἄν·

137 2569 246 2603 θρωπον
257 2568 401 2604 ὠνόμασεν
414 2570 430 2603 ἡ
440 2568 534 2604 Γραφή
546 2576 554 2600 ;
572 2569 602 2594 '0
611 2567 752 2603 ἄνθρωπος
762 2570 793 2603 τῇ
801 2568 922 2604 Ἐϐραΐδι

136 2615 269 2650 διαλέκτῳ
288 2614 343 2649 πῦρ
365 2614 486 2647 λέγεται.
510 2615 564 2641 Καὶ
587 2614 680 2650 ἐπειδὴ
697 2614 808 2650 προῄδει
830 2614 921 2646 όΘεδς

137 2663 176 2689 Em
191 2663 248 2689 ἀπὸ
269 2661 329 2692 ἐνὸς
344 2661 487 2695 ἀνθρώπου
502 2661 679 2695 ἀνθρωπίνων
688 2661 829 2695 ’σωμάτων
849 2660 920 2695 πλη-

140 2709 232 2745 ροῦται
247 2708 300 2743 τῆς
319 2707 484 2742 οἰκουμένης
504 2708 538 2734 τὰ
554 2707 670 2742 πέρατα,
686 2704 726 2738 εἷς
738 2706 840 2741 ῖλύχνος
860 2707 921 2739 ἐξά-

140 2765 200 2782 mat
212 2755 349 2785 τοσαύτας
361 2753 517 2789 λαμπάδας,
531 2753 575 2789 διὰ
586 2753 664 2780 τοῦτο
679 2753 709 2780 τὸ
723 2753 842 2784 τοιοῦτον
853 2753 922 2784 ζῶον

141 2802 268 2829 ἐκάλεσεν
289 2801 444 2836 ἄνθρωπον,
463 2800 586 2827 τουτέστι
604 2799 669 2835 πῦρ.
684 2800 744 2827 Τῶν
766 2799 820 2834 γὰρ
835 2799 923 2827 ἄλλων

174 2849 195 2864 ⁵⁸
210 2848 280 2876 Gen.
299 2853 315 2878 ι,
336 2847 384 2874 26.

1012 2479 1184 2511 «Faciamus,
1197 2477 1283 2513 inquit
1304 2477 1386 2509 Deus,
1401 2477 1541 2504 hominem
1558 2476 1590 2503 ad
1609 2475 1754 2511 imaginem

974 2532 1123 2553 nostram.)
1139 2524 1194 2552 Cur
1206 2531 1239 2551 ex
1251 2523 1342 2551 anima
1369 2530 1541 2558 corporeque
1554 2521 1607 2557 75
1619 2522 1757 2556 composi-

976 2577 1031 2599 tum
1048 2571 1147 2598 animal
1164 2570 1274 2598 Litterae
1289 2577 1373 2597 sacra:
1389 2569 1526 2596 hominem
1539 2567 1694 2603 appellant?
1705 2567 1755 2592 νυ-

973 2617 1098 2644 cabulum
1113 2617 1186 2651 quod
1206 2616 1344 2643 hominem
1363 2615 1507 2648 significat,
1544 2615 1632 2649 ignem
1660 2613 1686 2639 in
1703 2611 1756 2638 Ile-

974 2663 1046 2690 braea
1065 2662 1292 2697 lingua'denotat.
1324 2662 1356 2688 lit
1380 2663 1489 2696 quando
1504 2665 1582 2687 norat
1605 2660 1660 2694 jam
1693 2661 1756 2684 ante

976 2706 1046 2734 Deus
1061 2715 1143 2734 unum
1161 2707 1298 2734 hominem
1315 2708 1475 2742 corporibus
1502 2704 1629 2732 humanis
1660 2710 1756 2729 omnes

975 2754 1052 2781 orbis
1068 2754 1136 2780 flues
1150 2753 1318 2788 repleturum
1337 2760 1474 2786 unamque
1486 2752 1621 2778 lucernam
1639 2754 1674 2776 tot
1688 2749 1757 2775 lum-

978 2799 1060 2835 padas
1075 2806 1263 2831 accensurum,
1298 2798 1398 2826 idcirco
1416 2796 1516 2824 anin‘al
1541 2796 1591 2822 hoc
1612 2794 1757 2830 appellavit
