1957 3073
193 135 242 167 167

834 131 1047 165 MICHAELIS
1066 135 1199 165 GLYCIE

1771 134 1820 167 168

192 193 284 222 l‘ersis
299 192 402 220 servire
418 192 489 227 cogit
503 196 531 219 ut
548 191 595 218 Dei
620 195 834 226 contemptores,
860 191 903 219 hic
918 199 971 219 ven

1036 192 1136 227 ἔπληξε
1153 193 1203 224 μὲν
1220 188 1436 227 ἁμαρτάἳιοντας,
1461 185 1709 228 ἑπιστρεῴομνένους
1725 191 1754 219 δὲ
1772 193 1823 219 οὐκ

190 247 226 267 ex
239 239 291 266 alia
309 242 386 272 parte
404 237 431 263 in
449 237 603 264 libertatem
622 237 754 270 vindieat,
773 244 806 264 ac
822 236 899 266 hisce
914 245 976 265 ver-

1032 238 1247 272 ἀποστρέφεται.
1270 248 1278 263 ι

191 286 234 315 bis
249 285 332 312 utitur
349 292 356 311 :
376 283 502 315 «Desine,
516 283 661 310 Persarum
676 291 797 318 praeses;
827 291 890 311 nam
915 289 1063 318 peccantes
1079 284 1191 319 quidem
1212 285 1262 312 hos
1283 284 1408 312 multavit
1430 284 1579 320 aﬁlixitque
1613 284 1696 318 Deus,
1727 292 1821 312 verum

188 334 221 361 ad
240 340 269 360 se
285 339 434 359 conversos
449 338 503 358 non
517 335 670 358 aversatur.
688 340 696 356 ι

221 379 281 406 Jam
311 378 425 414 singulis
454 378 537 405 etiam
571 377 692 404 ﬁdelium
720 377 816 408 adesse
846 377 976 405 custodiae

188 434 270 454 causa
291 425 416 453 divinum
430 424 567 459 angelum,
585 424 758 459 magnusille
770 424 887 452 Basilius
905 425 976 451 inter

187 474 256 501 alios
273 472 395 499 tradidit.
413 470 664 503 Quemadmodum,
685 470 785 504 inquit,
810 477 876 505 apes
892 469 976 505 abigit

186 520 278 546 fiiinus
291 536 298 549 ,
315 523 342 544 et
355 517 495 545 etlnmbas
510 516 720 550 depellitimtor,
738 516 777 543 sic
806 520 833 543 et
848 515 908 543 vita:
923 523 972 543 uo-

186 570 249 591 strie
263 563 404 590 custodem
421 562 546 597 angelum
566 561 658 589 multis
676 561 874 596 deplorandum
889 562 975 597 lacry-

186 612 238 638 mis
256 610 408 643 {ueterisque
421 613 567 645 peccatum
581 615 596 635 a
613 608 693 635 nobis
709 608 838 643 sejungit.
855 607 932 635 Idem
948 612 976 634 et

185 657 374 684 Tltcodoretus
391 656 502 683 indicat.
518 655 585 682 Nam
601 655 629 681 in
639 655 839 690 Tlicrapeutica
851 662 899 682 sua
915 662 975 681 ver-

185 703 228 729 bis
242 703 315 729 hisce
333 702 437 728 utitur:
458 701 565 728 «Elatus
586 701 715 736 superbia
743 701 869 728 diabolus
882 701 975 735 lapsus

185 755 245 775 esse
261 747 358 779 fertur,
378 754 410 774 ac
424 747 555 781 deinceps
574 747 707 774 adversus
723 746 849 774 homines
859 754 975 773 exorna-

186 799 227 820 tos
243 793 360 828 imagine
373 792 466 820 divina
498 793 589 819 furore
605 792 722 826 quodam
740 792 890 823 exarsisse,
918 793 974 819 bel-

185 841 295 874 lumque
305 839 436 866 adversus
452 838 525 872 ipsos
552 838 717 872 suscepisse.
748 837 802 865 llac
827 838 861 864 de
892 846 974 865 causa

185 894 273 913 rerum
291 884 417 919 opiﬁcem
436 892 486 919 per
500 884 659 918 angelorum
676 884 876 918 iuspectiouem
894 889 975 919 atque
993 895 1013 922 Β

186 931 297 958 tutelam
312 937 398 966 genus
414 930 565 956 humanum
582 929 735 961 custodire,
752 937 786 956 ne
803 937 851 964 per
865 930 919 956 vim
942 937 973 956 ac

185 975 356 1010 tyrannidem
383 973 636 1008 inadspcctabiliter
654 981 701 1001 eos
724 981 879 1009 aggressus,
904 981 973 1008 quos

183 1021 241 1047 υ.ιίι
256 1029 288 1047 ex
308 1020 422 1052 invidia,
443 1019 511 1046 citra
524 1019 687 1053 cujusquam
711 1024 814 1046 metum
830 1026 863 1046 ac
887 1019 973 1046 libere

185 1067 307 1103 perdat.»
324 1066 389 1099 Quae
405 1065 517 1100 quidem
532 1066 568 1093 ita
583 1073 655 1098 esse,
683 1072 714 1093 ac
735 1065 828 1093 ﬁdeles
852 1065 973 1101 singulos

185 1114 285 1140 habere
299 1112 440 1139 custodem
457 1111 596 1147 angelum,
612 1111 694 1138 etiam
708 1111 736 1138 in
748 1111 893 1146 Evangelio
902 1111 972 1137 Mat-

183 1160 247 1187 tlmi
264 1159 353 1186 verbis
369 1159 412 1186 his
425 1158 572 1193 exponitur
588 1165 595 1184 :
614 1156 725 1184 «Videte
739 1164 773 1184 ne
790 1157 830 1183 vel
846 1164 972 1184 unutnex

183 1207 275 1242 parvis
289 1206 364 1232 hisce
379 1204 561 1232 contemnatis
580 1213 585 1230 :
604 1211 667 1230 nam
691 1203 779 1237 angeli
795 1210 889 1230 corum
902 1209 970 1229 sem-

182 1261 230 1288 per
242 1252 338 1279 (acieni
359 1251 447 1277 Patris
463 1249 526 1282 mei,
543 1248 589 1283 qui
603 1249 659 1283 80
672 1248 699 1274 in
728 1248 804 1275 caelis
818 1253 871 1280 est,
900 1247 973 1282 aspi-

182 1299 314 1326 riunt".»
333 1298 371 1324 Ac
386 1296 419 1323 de
436 1296 478 1323 his
496 1295 610 1329 quidem
625 1295 684 1321 inec
700 1294 819 1321 indicata
834 1299 923 1322 sunto.

218 1388 352 1414 Prreterea
373 1385 517 1419 quaesitum
533 1391 548 1410 a
566 1383 705 1410 nonnullis
719 1387 762 1410 est
779 1391 844 1410 nuru
862 1384 904 1411 lite
920 1391 970 1419 po-

185 1438 297 1461 testates
313 1430 487 1459 intellectilcs
504 1435 567 1456 ante
579 1429 640 1456 cceli
656 1433 790 1464 terraeque
805 1430 972 1457 creationem

183 1479 299 1507 conditae
313 1477 426 1509 fuerint,
439 1484 473 1504 an
488 1481 631 1511 postquam
650 1475 694 1503 illa
711 1476 769 1511 jam
797 1476 866 1504 facta
883 1481 972 1504 erant.

183 1524 221 1550 Ac
235 1521 425 1549 Theodoretus
447 1520 557 1555 quidem
583 1527 647 1547 cum
671 1519 814 1548 Gennadio
839 1522 972 1549 mundum

1069 377 1127 405 Ὅτι
1146 378 1173 405 δὲ
1201 378 1272 410 θεῖος
1295 377 1411 412 ἄγγελος
1436 379 1476 405 ἐνὶ
1505 379 1614 414 ἑκάστῳ
1642 379 1820 414 προσεδρεύει

1030 423 1083 450 τῶν
1095 424 1198 451 πιστῶν
1216 424 1337 458 φυλακῆς
1352 424 1455 456 ἕνεκεν,
1471 424 1624 460 διείληπται
1651 425 1700 459 μὲν
1720 425 1767 451 καὶ
1780 425 1819 459 τῷ

1031 471 1142 505 μεγάλῳ
1158 470 1292 504 Βασιλείῳ
1305 470 1424 505 λέγοντι·
1442 480 1451 497 ι
1474 471 1510 502 Ως
1526 471 1575 503 τὰς
1590 470 1720 506 μελίσσας
1734 480 1822 505 φυγα-

1027 517 1099 543 δεύει
1115 517 1217 548 καπνὸς
1231 517 1277 543 καὶ
1292 517 1341 548 τὰς
1357 519 1522 552 περιστερὰς
1539 517 1675 550 ἐξελαύνει
1692 517 1821 556 δυσωδίαν

1025 561 1097 588 οὕτω
1112 562 1160 588 καὶ
1175 562 1221 588 τὸν
1240 562 1350 596 φύλακα
1364 562 1413 595 τῆς
1427 562 1500 597 ζωῆς
1516 563 1595 597 ἡμῶν
1611 563 1729 597 ᾶιγγελον
1744 563 1821 597 ἠπο-

1025 607 1160 642 meum
1171 606 1218 633 καὶ
1228 606 1349 641 δυσώδης
1365 606 1412 640 ἀφ’
1427 607 1505 642 ἡμῶν
1521 607 1654 642 διίστησιν
1668 607 1818 641 ἁμαρτία.»

1026 654 1080 688 Οὐχ
1096 650 1177 688 ἦττον
1193 652 1222 678 δὲ
1245 652 1278 678 τὰ
1299 654 1364 687 περὶ
1379 653 1475 679 τούτου
1496 652 1542 679 καὶ
1567 652 1642 687 αὐτῷ
1656 653 1695 682 τῷ
1718 652 1821 678 Θεοδω-

1028 700 1102 734 ρήτῳ
1127 699 1286 734 δεδήλωται.
1308 699 1351 724 Ἐν
1377 699 1432 734 γὰρ
1458 700 1491 733 τῇ
1519 698 1712 733 Θεραπευτικῇ
1738 698 1820 724 αὐτοῦ

1028 745 1091 772 τάδε
1114 745 1207 779 φησίν·
1227 753 1236 769 ι
1258 744 1404 779 Ἐπαρθεὶς
1419 745 1432 771 ό
1448 744 1572 776 διάϐολος
1584 743 1695 778 λέγεται
1710 747 1820 770 πεπτω-

1030 789 1117 821 κέναι,
1132 788 1191 818 εἶτα
1203 788 1272 821 κατᾲι
1288 788 1343 815 τῶν
1358 788 1510 824 ἀνθρώπων
1522 789 1560 820 ὼς
1575 789 1660 815 εἰκόνι
1672 788 1732 823 θείᾳ
1747 797 1820 815 τετι-

1030 835 1159 870 μημένων
1180 835 1325 869 λυττῆσαι,
1344 834 1453 861 καὶτὸν
1467 834 1538 862 κατὰ
1564 833 1668 861 τούτων
1690 833 1821 866 ἀναδέξα-

1030 883 1091 908 σθαι
1118 881 1247 915 πόλεμον.
1265 880 1360 908 Ἔνθεν
1381 889 1422 907 τοι
1438 881 1546 909 καὶτὸν
1573 880 1690 916 ποιητὴν
1715 881 1747 915 τῇ
1766 881 1820 906 τῶν

1027 925 1150 959 ἀγγέλων
1160 925 1307 961 ἐπιστασίᾳ
1320 925 1350 951 τδ
1364 924 1418 951 τῶν
1435 925 1587 960 ἀνθρώπων
1602 924 1757 960 φρουρῆσαι
1771 925 1820 958 γέ-

1027 981 1082 1004 νος,
1095 973 1168 1003 ὅπως
1189 971 1227 1006 μὴ
1242 972 1289 1006 βίᾳ
1308 971 1356 998 καὶ
1373 971 1510 1005 τυραννίδι
1526 971 1678 1006 χρώμενος,
1696 971 1820 1006 ἀοράτως

1027 1017 1123 1050 ὲπιὼν,
1139 1017 1187 1049 οὓς
1199 1018 1243 1044 διὰ
1261 1017 1358 1052 φθόνον
1378 1017 1519 1052 ἐμίσησεν,
1536 1017 1621 1049 ἀδεῶς
1636 1017 1791 1052 διαφθείρῃ.
1805 1026 1814 1042 ι

1027 1064 1089 1090 Ὀτι
1100 1064 1128 1090 δὲ
1139 1062 1224 1090 ταῦτα
1240 1063 1327 1094 οὕτως
1350 1062 1419 1098 ἔχει,
1433 1063 1481 1090 καὶ
1496 1063 1538 1089 ὅτι
1551 1062 1606 1089 τῶν
1635 1064 1740 1089 πιστῶν
1755 1063 1820 1089 ἕκα-

1027 1118 1089 1141 στος
1104 1109 1220 1144 ἄγγελον
1245 1109 1354 1143 φύλακα
1378 1109 1528 1144 κέκτηται,
1540 1109 1588 1136 καὶ
1607 1109 1645 1144 τῷ
1659 1109 1729 1136 κατὰ
1744 1110 1820 1136 Ματ-

1027 1155 1102 1182 θαϊον
1119 1155 1280 1189 Εὑαγγελίῳ
1294 1155 1458 1189 διείληπται.
1470 1155 1551 1189 Λέγει
1565 1156 1631 1191 γάρ’
1647 1164 1657 1181 ι
1668 1156 1763 1190 Ὁρᾶτε
1782 1155 1821 1190 μὴ

1028 1200 1254 1234 καταφρονήσητε
1282 1199 1341 1230 ὲνδς
1367 1199 1421 1225 τῶν
1454 1199 1562 1234 μικρῶν
1577 1199 1700 1226 τούτων’
1725 1201 1749 1226 οι
1764 1199 1820 1233 γὰρ

1027 1244 1137 1279 ἄγγελοι
1164 1245 1254 1271 αὐτῶν
1281 1245 1413 1280 διηνεκῶς
1439 1245 1523 1279 ὁρῶσι
1551 1245 1581 1271 τὸ
1603 1245 1750 1280 πρόσωπον
1773 1239 1833 1271 τοῦ’

1028 1290 1133 1325 Πατρός
1147 1299 1197 1325 μου
1210 1290 1257 1316 τοῦ
1271 1291 1300 1317 ὲν
1314 1291 1449 1326 οὐρανοῖς.
1462 1299 1472 1316 ι
1491 1291 1547 1317 Καὶ
1568 1291 1633 1326 περὶ
1648 1291 1697 1326 μὲν
1717 1290 1820 1318 τούτων

1026 1343 1113 1366 ουτως
1116 1355 1124 1362 .

1064 1382 1124 1409 Ἔτι
1139 1382 1167 1408 δὲ
1181 1377 1229 1409 κάι
1246 1382 1325 1409 τοῦτο
1340 1382 1416 1418 παρά
1433 1391 1508 1410 τισιν
1526 1384 1673 1419 ἠπόρηται,
1691 1383 1746 1410 εἴτε
1767 1384 1820 1418 πρὸ

1026 1429 1075 1464 τῆς
1088 1429 1257 1464 παραγωγῆς
1270 1428 1318 1455 τοῦ
1346 1429 1465 1464 οὐρανοῦ
1481 1429 1529 1456 καὶ
1543 1431 1593 1465 τῆς
1609 1429 1662 1465 γῆς
1677 1429 1732 1456 εἴτε
1749 1429 1819 1465 μετὰ

1027 1475 1075 1510 τὴν
1090 1475 1273 1510 δημιουργίαν
1288 1474 1378 1501 αὐτῶν
1392 1475 1420 1501 αἱ
1430 1475 1523 1511 νοεραὶ
1538 1475 1667 1510 δυνάμεις
1675 1475 1819 1510 παρήχθη-

1029 1530 1088 1548 σαν.
1114 1521 1143 1547 '0
1161 1521 1210 1556 μὲν
1225 1518 1271 1547 οὖν
1286 1520 1472 1556 Θεοδὼρητος,
1497 1521 1542 1548 ναὶ
1559 1521 1613 1556 μὴν
1628 1523 1676 1549 καὶ
1689 1523 1703 1548 ὀ
1718 1521 1819 1547 Γεννά-

183 1569 258 1596 hunc
276 1567 327 1595 sub
343 1567 439 1594 oculos
451 1567 596 1594 cadentem
615 1566 780 1601 productttm
795 1574 856 1594 esse
881 1568 909 1594 in
926 1575 971 1595 or-

1027 1568 1077 1599 διος
1095 1568 1147 1604 πρὸ
1174 1567 1229 1594 τῶν
1245 1567 1370 1602 ἀοράτων
1395 1567 1504 1601 φύσεων
1530 1567 1746 1602 διισχυρίζονται
1771 1567 1821 1594 τὸν

185 1622 240 1642 tum
261 1620 325 1643 ante
343 1619 455 1645 naturas
471 1614 530 1640 illas
545 1613 762 1647 inaspectabiles-
773 1614 884 1642 asserit.
903 1613 972 1641 Nam

184 1662 247 1696 quia
262 1661 344 1689 certis
360 1660 559 1694 circumscripti
573 1659 705 1687 limitibus
720 1660 895 1695 suntangeli,
908 1668 974 1688 con-

185 1707 316 1736 veniebat
333 1707 446 1734 omnino
462 1711 489 1735 ut
525 1705 602 1733 locus
626 1705 724 1740 aliquis
750 1707 894 1733 exsisteret
918 1714 974 1741 quo

182 1755 400 1782 continerentur.
418 1751 517 1780 Verum
549 1752 644 1787 reliqui
662 1752 758 1780 Patres
788 1752 839 1780 ltoc
867 1760 973 1786 nequa-

182 1808 264 1836 quam
278 1799 430 1827 admittere
445 1798 582 1826 videutur.
599 1797 668 1830 Quid
694 1805 808 1833 magnus
833 1797 878 1825 ille
894 1798 973 1826 Basi-

182 1847 243 1878 lius,
260 1846 287 1872 in
304 1845 375 1874 libro
391 1852 440 1872 suo
455 1844 493 1872 De
506 1844 652 1878 primorum
669 1851 715 1870 sea:
723 1844 826 1870 dierum
839 1844 971 1877 operibus,

185 1893 266 1924 dicat,
284 1891 347 1919 audi
367 1900 372 1917 :
392 1890 475 1918 (Erat
488 1890 628 1921 antiquior
642 1889 737 1917 mundi
764 1894 827 1916 ortu
851 1889 972 1916 conditio

183 1937 307 1973 quaedam
325 1941 352 1964 et
366 1942 465 1969 status,
484 1935 704 1964 ultramundanis
723 1935 776 1963 illis
790 1935 971 1970 potestatibus

181 1983 361 2011 conveniens.
379 1983 408 2010 lu
424 1989 456 2009 eo
473 1989 566 2010 rerum
586 1981 678 2016 Opifex
694 1981 818 2016 quaedam
837 1981 970 2013 condidit,

181 2031 310 2057 nimirum
323 2029 413 2056 lucem
427 2027 503 2055 illam
521 2026 719 2059 intellectilem,
747 2026 870 2054 beatitau'
888 2022 972 2060 auge-

181 2076 269 2102 lorunt
286 2074 431 2103 Dominum
448 2072 620 2108 diligentium
637 2071 878 2099 convenientem.»
901 2073 970 2100 Audi

182 2121 264 2148 etiam
284 2119 354 2154 quid
365 2118 515 2153 Gregorius
532 2118 577 2144 ille
601 2121 784 2152 cognomento
814 2117 971 2153 Tltcologus

181 2167 255 2193 dicat
272 2175 279 2192 :
308 2174 321 2189 ι
334 2166 455 2193 Primum
474 2164 544 2192 Deus
561 2165 699 2200 angelicas
716 2165 879 2200 divinasque
893 2170 970 2200 pote-

182 2216 267 2239 states
281 2215 372 2237 tuente
385 2209 514 2244 concipit.
529 2210 568 2237 Ea
584 2209 714 2245 cogitatio
727 2217 789 2237 mox
802 2217 871 2245 opus
880 2210 969 2244 ipsum

182 2262 252 2290 erat,
278 2263 406 2285 sermone
425 2256 594 2290 completum
621 2263 653 2282 ac
678 2255 777 2290 spiritu
805 2255 969 2291 perfectum.

183 2303 310 2332 Secundo
329 2302 461 2330 umndutn
476 2310 491 2329 e
502 2302 619 2329 materie
634 2309 727 2328 crassa
749 2307 922 2329 constantem
945 2307 974 2330 et

183 2348 379 2384 :uspectabilem
405 2348 533 2384 cogitat.»
558 2346 627 2374 lluie
652 2347 807 2375 consimilia
839 2348 920 2375 tradit
946 2353 974 2376 et

184 2397 268 2423 irater
284 2396 344 2430 ejus
357 2394 493 2422 Caesarius
510 2403 517 2421 :
537 2403 545 2419 ι
563 2395 675 2425 Omnes,
706 2394 805 2428 inquit,
820 2395 910 2421 carnis
925 2402 974 2421 cx-

184 2445 274 2476 pertcs
305 2439 343 2466 illi
377 2444 464 2467 caelus
482 2439 640 2474 angelorum
673 2439 747 2473 prius
774 2440 866 2472 etiam,
891 2447 972 2474 quam

185 2486 304 2514 mundus
328 2486 372 2512 ltic
395 2486 525 2518 oriretur,
554 2486 581 2511 in
597 2485 657 2512 lucc
685 2485 847 2520 degebant.)
874 2485 970 2512 itidem

183 2530 345 2559 Anastasius
363 2530 494 2562 Sinaites,
508 2529 549 2557 vir
562 2530 642 2564 plane
655 2529 775 2561 divinus.
808 2530 842 2556 de
857 2530 899 2557 his
917 2530 971 2558 dis-

183 2579 249 2606 serit
264 2587 270 2606 :
294 2577 381 2604 tDeus
399 2576 445 2604 ille
456 2581 560 2608 noster,
580 2576 629 2609 ait,
655 2575 701 2610 qui
717 2583 826 2610 semper
852 2577 969 2608 exsistit,

182 2629 247 2652 ante
260 2624 353 2652 omnia
367 2627 457 2650 creata
485 2623 587 2657 cogitat
611 2626 639 2649 et
656 2622 749 2649 condit
761 2622 896 2657 angelicas
915 2630 968 2649 ca:-

183 2671 317 2705 lestcsqne
334 2673 494 2705 potestates,
509 2669 738 2703 quemadmodum
757 2670 816 2704 ipse
829 2669 903 2696 solus
923 2676 972 2696 no—

185 2717 248 2744 ιιι.»
269 2717 371 2743 Praeter
387 2716 437 2742 hos
452 2720 479 2742 ct
490 2715 609 2742 Severus
626 2720 653 2742 ct
668 2714 803 2742 Diodorus
816 2721 843 2742 cl
859 2722 972 2749 magnus

182 2762 226 2789 ille
241 2761 449 2796 Amphilochius
465 2761 700 2796 iuaspcctabiliutn
713 2767 873 2789 naturarum
898 2769 972 2789 crea-

217 2839 239 2854 “
257 2837 351 2867 Matth.
369 2847 445 2872 ιιι-ιιι,
463 2840 507 2867 10.

1025 1613 1122 1648 ὁρατὸν
1137 1613 1245 1640 τουτονὶ
1260 1613 1363 1647 κόσμον
1381 1612 1573 1648 παραχθῆναι·
1589 1613 1683 1648 ἐπειδὴ
1701 1614 1754 1648 γὰρ
1768 1621 1818 1640 πε-

1027 1660 1171 1696 ρὶγραπτοί
1188 1661 1256 1686 εἰσιν
1272 1661 1296 1686 οἱ
1314 1659 1436 1693 ἄγγελοι,
1460 1659 1564 1694 ἔπρεπε
1580 1660 1688 1690 πάντως
1711 1662 1757 1685 καὶ
1774 1659 1819 1685 τό-

1025 1715 1075 1733 πον
1096 1704 1165 1733 εἷναί
1191 1714 1263 1739 τινα,
1281 1706 1320 1738 ὡς
1336 1704 1463 1732 ἐντεῦθεν
1477 1706 1578 1737 αὐτοὺς
1604 1706 1633 1740 ᾖν
1648 1706 1724 1741 αὐτῷ
1738 1714 1820 1740 περι-

1025 1751 1190 1787 γράφεσθαι.
1211 1751 1281 1778 ’Δ).λ“
1298 1752 1312 1778 ὸ
1335 1752 1427 1783 λοιπὸς
1440 1753 1495 1779 τῶν
1522 1752 1651 1787 Πατέρων
1668 1752 1819 1784 κατάλογος

1024 1798 1157 1833 οὐμενοῦν
1173 1798 1240 1824 αὐτὸ
1256 1798 1472 1833 καταδεχόμινος
1503 1797 1642 1832 φαίνεται.
1673 1799 1729 1824 Καὶ
1744 1807 1819 1832 τηνι-

1024 1844 1171 1872 xuii-tacet";
1181 1845 1299 1879 μεγάλου
1312 1845 1457 1871 Βασιλείου
1468 1845 1498 1871 ὲν
1507 1846 1540 1880 τῇ
1559 1845 1724 1880 Ἐξαημέρῳ
1734 1844 1816 1871 αὑτοῦ

1024 1893 1148 1926 λέγοντος
1159 1891 1253 1918 ἄκουε·
1266 1900 1275 1916 ι
1283 1889 1336 1918 Ἦν
1347 1900 1389 1923 τις
1398 1891 1574 1926 πρεσϐυτέρα
1584 1891 1634 1926 τῆς
1651 1891 1699 1917 τοῦ
1714 1891 1818 1925 κόσμου

1024 1938 1160 1972 γενέσεως
1180 1937 1360 1970 κατάστασις,
1388 1937 1447 1968 ταῖς
1466 1937 1663 1972 ὐπιρκοσμίοις
1687 1937 1820 1970 δυνάμεσι

1024 1985 1180 2020 πρέπουσα.
1197 1984 1434 2019 Δημιουργήματα
1459 1983 1488 2010 δὲ
1515 1984 1545 2010 ὲν
1559 1983 1627 2018 αὐτῇ
1653 1983 1667 2009 ὁ
1683 1983 1738 2009 τῶν
1750 1983 1819 2009 ὅλων

1023 2029 1192 2065 Δημιουργδς
1205 2029 1354 2055 ἀπετέλεσε
1369 2028 1427 2063 φῶς
1441 2028 1546 2062 νοητὸν,
1564 2028 1668 2062 πρέπον
1679 2029 1712 2062 τῇ
1731 2035 1820 2061 μακα-

1025 2075 1128 2109 ριότητι
1142 2074 1196 2100 τῶν
1209 2073 1358 2108 φιλούντων
1376 2073 1500 2108 ἀγγέλων
1517 2074 1564 2099 τὸν
1577 2073 1689 2107 Κύριον.
1703 2081 1714 2098 ι
1738 2072 1820 2098 Ἀλλὰ

1023 2120 1070 2146 καὶ
1085 2118 1133 2145 τοῦ
1156 2118 1283 2152 θεολόγου
1300 2118 1451 2152 Γρηγορίου
1466 2117 1591 2151 λέγοντος
1620 2117 1707 2148 οὕτως
1723 2117 1817 2143 ἄκουε·

1026 2175 1034 2191 ι
1054 2165 1110 2192 Καὶ
1125 2164 1232 2200 πρῶτον
1247 2163 1297 2198 μὲν
1324 2165 1410 2190 ὲννοεῖ
1425 2163 1474 2194 τὰς
1498 2163 1650 2197 ἁγγελικὰς
1674 2163 1817 2196 οὐρανίους

1021 2210 1162 2245 δυνάμεις,
1177 2210 1224 2236 καὶ
1240 2209 1270 2235 τὸ
1295 2208 1415 2243 ἐννόημα
1443 2208 1523 2243 ἔργον
1537 2206 1585 2244 ἢν,
1607 2208 1678 2242 λόγῳ
1694 2208 1816 2242 συμπλη-

985 2247 1012 2277 Ῑ)
1027 2256 1157 2291 ρούμενον
1183 2255 1230 2281 καὶ
1246 2254 1383 2289 πνεύματι
1410 2253 1618 2289 τελειούμενον·
1639 2253 1766 2287 δεύτερον
1789 2253 1817 2279 δὲ

1025 2304 1109 2329 tvver
1132 2302 1235 2336 κόσμον
1261 2301 1356 2328 ὑλικὸν
1384 2301 1432 2327 καὶ
1458 2299 1608 2335 ὁρώμενον.
1629 2309 1640 2325 ›
1672 2299 1774 2334 Ὅμοια
1789 2298 1817 2325 δὲ

1025 2349 1111 2384 τούτῳ
1127 2347 1239 2380 διέξεισι
1249 2348 1297 2373 καὶ
1311 2348 1325 2374 ὁ
1339 2347 1452 2382 ἀδελφὸς
1466 2346 1549 2373 αὑτοῦ
1561 2346 1721 2381 Καισάριος,
1734 2356 1742 2371 ι
1761 2346 1817 2372 [Ιᾶ-

1027 2403 1081 2427 σαι,
1091 2404 1099 2420 ι
1116 2394 1215 2427 λέγων,
1237 2403 1246 2419 ι
1258 2395 1287 2420 ὲν
1298 2395 1369 2428 φωτὶ
1386 2393 1481 2429 διῆγον
1495 2394 1523 2419 αἱ
1537 2393 1654 2428 ἄοαρκοι
1667 2393 1721 2419 τῶν
1735 2385 1819 2426 ἀγγέ-

1025 2441 1079 2467 λων
1092 2441 1196 2475 χορεῖαι
1206 2440 1255 2466 καὶ
1273 2440 1326 2474 πρὸ
1338 2439 1385 2466 τοῦ
1399 2439 1526 2474 γενέσθαι
1539 2440 1585 2465 τὴν
1600 2439 1713 2474 κόσμον.
1735 2448 1745 2464 ι
1763 2439 1818 2465 Καὶ

1026 2487 1191 2518 ὸθειότατος
1223 2487 1399 2518 Ἀναστάσιος
1424 2486 1438 2512 ὁ
1467 2486 1594 2522 Σιναῖτης
1623 2486 1687 2520 περὶ
1712 2486 1817 2511 τούτων

1025 2532 1096 2559 οὓτω
1115 2533 1192 2567 φησί·
1214 2533 1295 2564 «Θεὸς
1310 2532 1387 2567 ἡμῶν
1397 2533 1410 2559 ὁ
1421 2532 1465 2560 ἀεὶ
1478 2532 1515 2559 ὢν
1527 2533 1580 2567 πρὸ
1595 2533 1686 2566 πάσης
1701 2532 1816 2562 κτίσεως

1025 2580 1111 2605 ὲννοεῖ
1126 2579 1174 2605 καὶ
1191 2580 1264 2604 ποιεῖ
1289 2579 1337 2610 τὰς
1356 2579 1507 2612 ἁγγελικὰς
1537 2579 1584 2605 καὶ
1603 2578 1746 2614 οὐρανίους
1772 2578 1816 2604 δυ-

1026 2625 1134 2659 νάμεις,
1150 2625 1187 2655 ὡς
1205 2627 1284 2658 μόνος
1299 2625 1379 2656 αὐτὸς
1405 2622 1485 2651 οἶδεν.
1498 2634 1508 2650 ι
1535 2624 1614 2650 Ἀλλὰ
1638 2625 1685 2651 καὶ
1699 2624 1713 2650 ὀ
1730 2623 1818 2657 Σεὸῆι

1027 2679 1083 2705 ρος,
1097 2672 1141 2696 ναὶ
1159 2671 1211 2706 μὴν
1224 2671 1270 2696 καὶ
1284 2671 1297 2695 ὁ
1314 2671 1447 2705 Διόδωρος
1464 2670 1545 2701 αὐτός
1564 2678 1592 2696 τε
1609 2670 1623 2696 ὁ
1645 2670 1732 2705 μέγας
1751 2670 1819 2703 ’Δμ-

1027 2717 1147 2751 quid/uo;
1177 2716 1366 2751 πρεσὸυτέριν
1396 2716 1573 2742 ἀνῖοῖείκνυσι
1604 2716 1652 2742 τοῦ
1672 2715 1815 2750 ὁρωμένου

1028 2763 1123 2788 τούτου
1139 2762 1242 2796 κόσμου
1267 2763 1316 2787 καὶ
1332 2761 1462 2796 αἰσθητοῦ
1486 2762 1536 2797 τὴν
1556 2761 1610 2788 τῶν
1627 2762 1750 2796 ἀοράτων
1766 2760 1819 2796 φύ-
