1957 3073
179 119 233 153 175

800 123 1008 154 MICIIAELIS
1028 125 1170 156 GLYCE.

1749 120 1800 154 176

212 175 382 212 «augescite,
398 176 486 212 inquit
502 176 584 209 Deus,
598 177 832 212 multiplicamini,
855 180 959 215 replete

1049 191 1058 206 ι
1075 181 1228 214 Λὺξάνεσοε
1244 181 1291 207 καὶ
1307 178 1485 215 πληθύνεσθε,
1501 177 1549 204 καὶ
1562 176 1725 212 πληρώσατε
1750 175 1802 212 τὴν

173 225 302 253 terram.)
321 229 375 250 noa
393 229 451 249 eam
467 223 578 258 quidem
596 223 808 256 iubabitalione,
836 226 883 253 sed
906 226 959 253 im-

171 268 252 306 perio
263 271 365 300 vestro,
380 268 609 302 quemadmodum
642 269 700 296 haec
730 270 813 297 verba
845 278 960 306 magnus

173 312 219 339 ille
231 304 346 340 Basilius
364 313 573 349 interpretamur.
602 314 658 342 Nec
677 316 749 343 enim
767 304 961 344 hominesne-

173 365 250 386 cesse
266 357 367 386 habent
447 360 488 386 vel
504 364 642 394 perustam
659 359 733 388 illam
757 369 772 388 a
787 361 843 389 sole
857 365 958 389 terram

175 404 218 431 vel
231 404 320 432 cultus
330 405 418 433 omnis
430 409 568 440 expertem
578 405 621 433 vel
631 405 733 441 frigore
742 406 826 434 nimio
838 406 960 435 inutilem

172 450 213 477 vel
227 450 395 478 inaccessam
412 451 520 486 replere
540 460 547 478 :
566 451 614 479 sed
631 451 682 479 hac
706 459 775 479 voce
790 451 863 480 Deus
879 453 959 480 nobis

169 496 213 530 jus
230 495 369 530 replenda;
387 501 467 525 terra
482 498 632 526 concessit.
653 498 764 533 Nosque
783 499 853 527 adeo
869 499 959 534 reple-

171 551 233 571 mus
246 550 307 571 eam
323 551 357 571 ex
373 544 488 572 rationis
517 544 641 572 arbitrio.
671 545 852 581 Posteaquam
883 546 957 573 enim

169 589 362 624 perspeximus
378 593 510 625 quantum
529 590 648 625 spatium
665 594 736 618 terra
748 595 859 626 perusta
873 595 899 619 et
916 591 958 618 in-

171 634 329 662 habitabilis
344 640 471 671 occupet,
503 639 636 670 quantum
670 636 826 671 aquilonale
864 637 956 670 clima,

170 679 242 714 quod
259 680 334 707 nimii
351 680 460 716 frigoris
473 688 554 709 causa
570 681 665 716 nequit
690 682 776 709 excoli
803 686 830 710 et
858 687 901 710 est
918 683 958 709 in-

1015 227 1172 262 γῆν.ιΙ1λὴν
1180 227 1211 253 οὐ
1223 227 1256 261 τῇ
1268 225 1384 261 οίκήσει,
1394 225 1461 251 ἀλλὰ
1469 225 1502 259 τῇ
1514 222 1633 258 ἐξουσίᾳ,
1645 221 1682 254 ὡς
1691 223 1705 248 ὁ
1716 222 1802 256 μέγας

1014 274 1080 308 φησὶ
1098 273 1247 310 Βασίλειος.
1269 271 1308 298 Οὐ
1323 271 1377 306 γὰρ
1391 271 1477 305 δήπου
1495 270 1543 296 καὶ
1554 269 1603 305 τὴν
1616 268 1801 303 διακεκαυμέ-

1014 328 1062 354 νην
1089 319 1136 345 καὶ
1166 316 1345 353 ἀγεώργητον
1370 318 1418 344 καὶ⁴
1446 317 1496 351 τὴν
1525 314 1739 350 κατεψυγμένην
1754 314 1802 340 καὶ

1014 365 1114 392 ἄϐατον
1130 365 1189 392 κατ’
1203 365 1326 399 ἀνάγκην
1352 364 1376 390 οἱ
1392 363 1531 398 ἄνθρωποι
1547 360 1713 397 πληροῦσινο
1733 359 1806 386 ἀλλά

1014 411 1126 446 κυρίους
1137 410 1210 447 ἡμᾶς
1229 410 1341 446 ἐποίησε
1357 409 1489 446 πληροῦν.
1509 408 1564 435 Καὶ
1579 405 1740 443 πληροῦμεν
1754 406 1803 433 αὺο

1012 457 1062 492 τὴν
1076 457 1114 492 τῷ
1125 457 1349 491 λογισμῷ.”οταν
1361 455 1416 490 γὰρ
1433 455 1531 489 ἴδωμεν
1546 454 1628 480 πόσον
1643 452 1742 488 μέτρον
1752 452 1802 487 τῆς

1010 504 1228 538 διακεκαυμένης
1241 503 1288 530 καὶ
1303 503 1446 537 ἀοικήτου,
1460 501 1525 528 ὅταν
1549 500 1651 533 ἴδωμεν
1664 499 1746 525 πόσον
1768 497 1799 524 τὸ

1010 549 1095 584 κλίμα
1114 549 1144 576 τὸ
1167 549 1284 584 βόρειον,
1308 548 1323 575 ὃ
1342 548 1387 575 διὰ
1403 547 1453 583 τὴν
1469 545 1696 581 ὑπερϐάλλουσαν
1718 543 1800 578 ψύξιν

1010 590 1187 627 ἀγεώργητόν
1200 593 1259 619 ἐστι
1268 593 1315 619 καὶ
1325 592 1472 628 ἄχρηστον,
1485 591 1535 617 οὐκ
1543 588 1743 626 ὲπληρώσαμεν
1751 587 1801 623 τὴν

1010 638 1071 672 γῆν,
1089 637 1157 665 ἀλλά
1182 638 1212 665 τὸ
1227 638 1362 673 χρήσιμον
1385 637 1573 672 ἐκλεξάμενοι,
1594 636 1627 662 τὸ
1639 636 1704 662 ὅσον
1717 635 1803 673 ἄχρη-

1011 691 1073 710 στον
1085 684 1126 715 είς
1141 683 1270 719 ειαμονὴν
1283 682 1437 718 ἀνθρώποις
1453 681 1706 717 ἀπεπεμψάμεθα.”

171 726 248 760 utile,
269 734 360 753 annon
378 731 478 754 terram
514 728 646 763 reliquam
666 728 889 764 complevimus?
913 729 1012 758 Annon
1044 731 1146 758 delecta
1183 731 1244 765 ejus
1261 731 1320 758 utili
1355 735 1445 766 parte,
1475 729 1608 765 quidquid
1633 727 1799 757 habitationi

173 773 312 802 hominum
327 778 371 801 est
387 773 494 806 inutile,
514 774 718 810 relinquimus?

210 821 299 848 tDixit
312 821 379 848 item
394 820 467 848 Deus
481 828 488 846 :
507 821 546 847 En
564 828 614 857 ego
629 822 752 849 concessi
768 820 847 848 vobis
860 828 956 848 omnes

1047 830 1062 847 r
1077 822 1130 848 Καὶ
1143 806 1324 853 εἶπενλόθεός
1334 829 1341 837 '
1360 821 1425 848 Ἰδοὺ
1441 821 1546 848 δέδωκα
1564 821 1630 856 ὑμῖν
1649 821 1705 848 πᾶν
1724 820 1803 854 ξύλον

172 866 318 902 frugiferas
330 866 455 898 arbores,
472 867 571 901 quibus
583 867 618 894 ad
632 867 788 894 alimoniam
800 869 829 894 et
841 874 889 894 vos
899 871 959 894 uta-

172 913 239 940 mini
255 917 283 940 et
305 919 401 940 omnes
428 913 522 940 bestiae
551 916 694 940 terrestres
706 913 739 940 ⁸³.
760 913 810 941 Hic
838 913 958 940 animum

172 957 315 985 advertito.
333 957 404 985 Deus
417 957 526 992 quidem
548 957 663 992 piscium
677 962 705 985 et.
727 958 887 986 animalium
912 965 959 986 re—

172 1003 307 1040 liquorum
335 1003 475 1031 dominum
506 1003 570 1031 fecit
587 1003 736 1037 hominem,
763 1012 857 1032 verum
882 1008 911 1031 ut
926 1004 960 1031 iis

172 1055 332 1078 vesceretur
347 1057 401 1077 non
416 1050 552 1085 permisit.
571 1050 707 1079 Nimirum
725 1050 784 1078 haec
807 1050 894 1085 prima
916 1051 959 1078 lex

174 1100 280 1123 tantum
307 1095 413 1122 homini
435 1095 571 1122 fructuum
587 1104 666 1123 usum
689 1096 868 1127 concedebat.
896 1103 959 1122 cum

173 1142 263 1170 adhuc
274 1141 404 1176 paradiso
420 1141 520 1177 dignus
533 1145 617 1169 esset.
645 1142 741 1176 itaque
757 1145 812 1169 tam
835 1141 960 1171 homines

172 1195 254 1222 quam
270 1194 358 1215 aereae
372 1187 498 1215 volucres
513 1192 542 1214 et
557 1190 687 1214 terestres
708 1186 804 1214 bestiae
825 1186 960 1214 fructibus

173 1235 315 1267 arborum,
332 1233 436 1264 herbis,
454 1233 579 1268 gramine
594 1233 789 1260 vescebantur.
824 1232 858 1259 Et
872 1239 960 1267 quatt-

171 1287 252 1314 quam
267 1280 350 1307 hodie
363 1279 417 1311 leo,
431 1279 562 1314 pardalis,
576 1277 634 1306 alia!
647 1277 713 1306 feras
725 1277 847 1305 cruentis
859 1282 961 1305 macta:

173 1326 295 1353 tionibus
310 1325 434 1359 cibisque
449 1324 630 1354 delectentur.
660 1328 754 1350 tamen
778 1322 806 1350 id
827 1323 959 1358 temporis

172 1373 232 1399 haec
249 1371 331 1398 etiam
347 1370 476 1398 animalia
488 1370 540 1405 legi
554 1374 660 1397 natura;
689 1369 799 1397 subdita
824 1369 960 1398 fructibus

173 1421 279 1444 tantum
295 1406 452 1444 alebantur.
473 1416 512 1443 [se
531 1419 711 1450 posteaquam
727 1415 800 1443 Deus
818 1415 958 1442 hominem

169 1463 227 1498 jam
254 1462 354 1489 iactum
380 1461 652 1496 intemperantiorcm
682 1460 761 1493 vidit,
787 1461 871 1488 altera
899 1460 959 1495 lege

171 1513 233 1544 post
244 1507 377 1535 diluvium
392 1511 556 1542 potestatem
571 1506 595 1534 ei
606 1506 808 1534 facitomnibus
817 1506 957 1534 vescendi.
972 1498 995 1530 C

171 1553 276 1582 Cuncta
292 1553 381 1586 vobis,
396 1553 443 1585 ait,
460 1552 575 1588 perinde
586 1551 703 1580 fruenda
718 1552 840 1580 concedo
856 1558 884 1580 ut
895 1552 959 1580 her-

173 1600 270 1627 barum
285 1599 370 1625 olera.
395 1598 512 1633 Propter
527 1598 598 1626 hanc
613 1599 822 1626 concessionem
848 1599 954 1634 reliqua

172 1645 252 1672 etiam
268 1644 395 1671 animalia
412 1643 579 1679 quibuslibet
596 1645 669 1671 vesci
684 1648 838 1679 cmperunt.
864 1643 960 1680 Itaque

171 1692 215 1718 leo
229 1691 390 1719 carnivorus
422 1690 504 1718 abeo
531 1694 654 1725 tempore
681 1690 743 1724 init,
770 1695 797 1718 et
814 1691 959 1719 morticina

171 1737 296 1764 vultures
310 1738 469 1764 observant.
487 1735 544 1763 Nec
559 1736 632 1764 enim
648 1736 674 1763 id
688 1736 820 1771 eemporis
832 1745 887 1772 quo
899 1736 959 1772 pri-

171 1791 246 1811 mum
261 1783 422 1810 oriebantur
434 1782 575 1815 animalia,
591 1787 692 1810 terram
701 1783 824 1810 vultures
839 1783 960 1810 circulu-

172 1829 343 1862 spectabant,
354 1832 384 1855 ut
396 1828 428 1855 ad
445 1833 552 1863 pastum
568 1828 700 1856 cadavera
710 1834 958 1864 consequerentur,

173 1876 222 1902 sed
253 1875 279 1902 in
298 1874 384 1909 pratis
410 1874 567 1902 alimoniam
587 1875 756 1909 quarebant.
785 1875 916 1902 Videmus
932 1881 960 1903 et

173 1920 255 1948 hodie
270 1927 353 1948 canes
367 1920 558 1948 medicamenti
587 1928 670 1948 causa
685 1920 807 1956 gramine
835 1928 960 1955 saepenu-

173 1974 250 1994 mero
268 1966 352 2001 pasci,
366 1973 420 1993 non
437 1966 509 2001 quod
524 1966 578 1994 hoc
589 1967 757 1994 nutrimento
768 1966 843 1993 velut
862 1966 960 1994 idoneo

173 2017 330 2046 vescantur,
344 2013 392 2040 sed
406 2012 470 2052 quia
485 2011 609 2040 doctrina
628 2012 745 2046 quadam
775 2016 890 2042 naturzc,
917 2012 960 2039 di-

174 2059 277 2088 scendo
294 2067 349 2086 non
370 2063 510 2093 percepta,
538 2059 655 2086 tendunt
678 2058 711 2085 ad
731 2065 763 2085 ea
780 2058 894 2085 rationis
910 2066 960 2086 ex—

173 2111 264 2141 pertes
279 2105 374 2133 bestia:
389 2105 528 2140 quaeipsis
539 2105 617 2131 utilia
632 2109 706 2131 sunt.
722 2104 862 2140 Ejusmodi
875 2105 961 2133 fuisse

173 2157 239 2179 tunc
254 2151 380 2178 animalia
394 2151 538 2178 carnivora
566 2151 699 2189 cogitabis
713 2170 720 2183 ,
747 2158 808 2186 qua:
837 2152 960 2186 gramine
978 2172 999 2200 ο

174 2197 278 2225 scilicet
298 2197 371 2224 vesci
384 2196 595 2228 consueverint.
617 2204 673 2224 non
686 2196 737 2224 sibi
758 2197 876 2226 invicem
892 2197 960 2225 insi-

174 2243 252 2270 diari.
271 2242 352 2270 Fat-ta
368 2247 410 2269 est
424 2242 506 2277 igitur
518 2241 659 2270 iruitionis
693 2243 789 2270 horum
816 2244 960 2271 concessio

174 2293 234 2323 post
247 2288 394 2320 diluvium,
407 2287 479 2315 sicut
495 2288 643 2315 indicatum
653 2293 694 2315 est
712 2289 857 2316 hactenus.
872 2289 960 2316 Enim—

175 2341 241 2360 vero
255 2338 319 2361 sunt
336 2333 474 2368 hodieque
500 2332 638 2366 nonnulli,
662 2333 708 2367 qui
725 2334 806 2361 vitam
830 2341 906 2362 suam
927 2335 962 2362 ad

175 2379 359 2406 ‘nuitatiouciu
374 2378 437 2405 vitae
452 2378 584 2412 paradisi,
598 2383 730 2413 quantum
747 2379 808 2414 ejus
820 2380 877 2408 ﬁeri
899 2385 961 2415 pot-

174 2428 225 2454 est,
243 2423 418 2450 institoentes
434 2430 448 2450 a
466 2423 583 2450 nimium
598 2431 692 2452 crassa
704 2425 749 2451 illa
761 2425 882 2452 ciborum
896 2425 962 2452 frui-

175 2472 250 2495 tione
262 2468 407 2502 abhorent,
426 2476 457 2496 ac
474 2473 531 2496 tum
544 2469 676 2496 fructibus
694 2474 750 2497 tum
764 2470 918 2498 seminibus
933 2475 962 2498 et

175 2513 301 2540 omnibus
316 2513 349 2540 iis
369 2521 429 2548 quae
443 2514 476 2541 de
493 2514 637 2542 arboribus
652 2515 818 2550 proveniunt
830 2511 960 2544 utuntur.

174 2559 350 2593 Quaecunque
365 2559 468 2586 scilicet
484 2565 584 2594 praeter
607 2561 664 2588 haec
688 2569 858 2596 supermuea
884 2567 959 2595 sunt,

1012 867 1026 893 ὂ
1041 867 1097 902 ἔχει
1109 867 1216 902 καρπὸν
1231 868 1258 894 ὲν
1269 867 1368 902 ἑαυτῷ.
1388 866 1468 902 Ὑμῖν
1486 866 1562 893 ἔσται
1580 867 1621 897 εις
1635 866 1738 901 βρῶσιν
1753 865 1803 892 καὶ

1013 914 1081 940 πᾶσι
1095 914 1149 945 τοῖς
1167 913 1270 949 θηρίοις
1284 913 1335 948 τῆς
1346 913 1410 948 γῆς.
1431 922 1439 939 ι
1458 913 1581 947 Πρόσεχε
1595 911 1642 938 οὖν
1655 920 1662 927 ·
1682 912 1802 947 ἄρχοντα

1015 961 1064 995 μὲν
1079 961 1134 995 γὰρ
1155 959 1210 986 τῶν
1234 959 1334 994 ἰχθύων
1357 958 1405 985 καὶ
1429 958 1485 985 τῶν
1498 958 1602 985 λοιπῶν
1624 958 1738 992 ἐποίησε
1757 957 1804 984 τον

1012 1007 1155 1042 ἄνθρωπον
1168 1007 1182 1032 ὀ
1199 1005 1275 1037 θεὸς,
1294 1005 1324 1031 οὐ
1336 1005 1391 1040 μὴν
1406 1004 1435 1030 δὲ
1459 1003 1506 1030 καὶ
1517 1004 1566 1038 τὴν
1583 1004 1738 1030 ἀπόλαυσιν
1752 1004 1803 1030 αὺ-

1012 1052 1067 1079 τῶν
1081 1051 1157 1087 αὐτῷ
1170 1049 1393 1086 συγκεχώρηκεν.
1407 1050 1490 1076 ’Ὥστε
1503 1050 1520 1085 ὴ
1536 1048 1585 1083 μὲν
1601 1049 1698 1084 πρώτη
1722 1057 1804 1084 νομο-

1014 1100 1090 1127 θεσία
1104 1099 1219 1134 καρπῶν
1245 1098 1393 1133 ἀπολαύειν
1419 1097 1579 1125 ὲνδέδωκεν.
1599 1097 1659 1123 Ἔτι
1675 1098 1730 1132 γὰρ
1748 1098 1805 1124 ένο-

1016 1145 1153 1180 μιζόμεθα
1173 1144 1244 1176 άξισι
1267 1143 1315 1170 τοῦ
1333 1143 1500 1179 παραδείσου
1518 1139 1588 1169 εἶναι
1600 1150 1607 1158 '
1626 1143 1732 1178 καρπὸς
1745 1143 1803 1170 λοι-

1014 1191 1065 1217 πὺν
1082 1190 1130 1217 καὶ
1148 1190 1214 1225 χλόη
1228 1189 1276 1215 καὶ
1292 1188 1389 1223 χόρτος
1406 1189 1474 1223 ἡμῖν
1491 1188 1531 1219 είς
1545 1187 1659 1223 βρῶσιν,
1675 1188 1732 1220 τοῖς
1756 1197 1804 1215 πε-

1013 1237 1113 1268 τεινοῖς
1128 1244 1158 1263 τε
1173 1235 1221 1262 τοῦ
1247 1233 1364 1270 οὐρανοῦ
1391 1234 1438 1261 καὶ
1466 1234 1534 1260 πᾶσι
1553 1235 1610 1265 τοῖς
1629 1234 1735 1269 θηρίοις
1751 1234 1803 1268 τῆς

1013 1282 1074 1317 γῆς.
1096 1282 1127 1308 El
1145 1281 1200 1315 γὰρ
1221 1280 1268 1307 καὶ
1292 1280 1341 1306 νῦν
1358 1281 1457 1315 αἵμασι
1485 1279 1630 1315 χαίρουσιν
1655 1280 1669 1306 ὅ
1686 1288 1714 1306 τε
1735 1279 1804 1306 λέων

1014 1326 1060 1353 καὶ
1083 1327 1100 1361 ἡ
1116 1325 1259 1360 πάρδαλις,
1273 1324 1332 1351 ἀλλ’
1342 1325 1418 1359 ὅμως
1433 1325 1479 1350 καὶ
1495 1324 1581 1350 ταῦτα
1595 1323 1634 1359 τῷ
1657 1325 1732 1359 νόμῳ
1752 1324 1802 1358 τῆς

1014 1373 1121 1407 φύσεως
1139 1370 1348 1406 ὑποτεταγμένα
1367 1371 1485 1405 καρποῖς
1501 1369 1669 1405 διετρέφετο.
1691 1370 1801 1404 Ἐπειδὴ

1013 1418 1042 1446 δὲ
1056 1417 1148 1449 ὀΘεὸς
1170 1416 1396 1452 ὲκδεδιῃτημένον
1423 1414 1476 1442 εϊδε
1492 1416 1538 1442 τὸν
1563 1415 1719 1450 ἄνθρωπον,
1741 1416 1803 1442 δευ-

1014 1465 1085 1500 τέρῳ
1114 1465 1188 1499 νόμῳ
1207 1464 1278 1499 μετά
1300 1463 1347 1490 τὸν
1372 1462 1564 1498 κατακλυσμὸν
1591 1463 1700 1490 πάντων
1725 1462 1802 1497 αὐτῷ

1011 1511 1149 1546 συγχωρεῖ
1161 1509 1211 1545 τὴν
1228 1509 1390 1542 ἀπόλαυσιν,
1411 1518 1420 1535 ι
1437 1508 1531 1535 Ταῦτα
1544 1509 1632 1535 πάντα
1646 1509 1684 1540 ὡς
1696 1508 1802 1544 λάχανα

1010 1558 1107 1593 χόρτου
1116 1556 1238 1591 φάγεσθε
1259 1565 1269 1582 ι
1288 1555 1386 1582 εἰπών,
1401 1554 1494 1590 Ταύτῃ
1514 1555 1564 1589 μὲν
1583 1552 1630 1581 οὖν
1644 1556 1676 1589 τῇ
1694 1563 1802 1590 συγχω-

1011 1604 1089 1640 ρήσει
1102 1603 1149 1629 καὶ
1164 1602 1200 1629 τὰ
1216 1601 1297 1628 λοιπὰ
1319 1601 1378 1633 ζῶα
1393 1601 1440 1628 τοῦ
1454 1601 1554 1627 ἐσθίειν
1579 1601 1676 1628 ἑλαὸον
1692 1601 1800 1629 ἄδειαν.

1016 1647 1061 1679 Ἐξ
1073 1647 1176 1673 ἐκείνου
1191 1645 1220 1672 δὲ
1234 1644 1329 1672 λοιπὸν
1354 1644 1505 1678 αίμοϐόρος
1520 1645 1533 1670 ὀ
1549 1644 1629 1677 λέων,
1652 1643 1680 1676 ἐξ
1696 1644 1802 1671 ἐκείνου

1010 1693 1056 1718 καλ⁵
1069 1692 1155 1726 γῦπες
1169 1689 1335 1724 ἀναμένουσι
1350 1689 1509 1724 θνησιμαία.
1529 1688 1566 1715 Οὐ
1581 1689 1667 1723 δήπου
1685 1689 1739 1722 γὰρ
1753 1689 1802 1715 καὶ

1010 1738 1097 1772 γῦπες
1125 1737 1184 1771 ἅμα
1213 1735 1252 1771 τῷ
1267 1735 1432 1771 γεννηθῆναι
1451 1734 1509 1766 ζῶα
1532 1735 1733 1768 περιεσκόπουν
1751 1735 1801 1769 τὴν

1011 1784 1073 1818 γῆν,
1088 1783 1125 1814 ὡς
1142 1781 1246 1809 ἐκεῖθεν
1261 1779 1334 1809 οὗτοι
1348 1780 1492 1815 τραφῶσιν
1502 1788 1510 1797 ·
1530 1780 1597 1806 ἁλὶά
1613 1779 1699 1806 ταῦτα
1712 1781 1801 1807 πάντα

1011 1829 1073 1860 τοὺς
1084 1827 1222 1862 λειμῶνας
1233 1826 1425 1862 περιήρχοντο.
1443 1825 1498 1852 Καὶ
1508 1825 1556 1852 νῦν
1569 1825 1624 1860 γὰρ
1639 1826 1722 1857 κύνας
1733 1826 1804 1861 ὀρῶ-

1013 1883 1063 1909 μεν
1078 1873 1227 1908 θεραπείας
1247 1872 1342 1898 ἕνεκεν
1361 1870 1492 1901 πολλάκις
1515 1870 1654 1906 ἄγρωστιν
1677 1871 1803 1904 ἐπινεμο-

1013 1920 1120 1955 μένους,
1146 1919 1196 1945 οὐκ
1221 1917 1316 1953 ἐπειδὴ
1341 1917 1471 1952 συμφυής
1493 1917 1566 1943 ἐστιν
1591 1917 1608 1951 ἡ
1629 1917 1726 1952 τροφὴ,
1743 1917 1802 1944 ἀλλ’

1011 1965 1105 2000 ἐπειδὴ
1120 1965 1254 1999 causam,»
1263 1964 1316 1990 τινὶ
1332 1963 1440 1997 φύσεως
1456 1962 1616 1998 διδασκαλίᾳ
1632 1964 1677 1990 ἐπὶ
1689 1964 1719 1990 τὸ
1733 1973 1803 1999 συμ-

1012 2011 1094 2047 φέρον
1117 2011 1228 2045 ἔρχεται
1247 2010 1282 2037 τὰ
1298 2009 1396 2043 ἄλογα.
1409 2008 1532 2036 Τοιαῦτα
1543 2009 1651 2044 λόγισαι
1668 2008 1739 2037 εἶναι
1753 2011 1802 2039 καὶ

1011 2059 1073 2086 τότε
1088 2057 1122 2085 τὰ
1137 2058 1274 2094 αἱμοσόρα
1287 2057 1341 2084 τῶν
1350 2057 1428 2089 ζώων
1437 2076 1444 2088 ,
1460 2056 1557 2092 χόρτον
1568 2057 1674 2089 ἑαυτοῖς
1689 2059 1729 2089 είς
1740 2067 1802 2093 τρο-

1012 2105 1066 2140 φὴν
1080 2105 1208 2136 ἐπινοεῖν,
1219 2105 1250 2130 οὐ
1263 2103 1317 2139 μὴν
1328 2103 1453 2139 ἀλλήλοις
1465 2103 1684 2131 ἐπιϐουλεύοντα.
1700 2104 1803 2138 Συγκε-

1013 2151 1137 2186 χὼρηται
1152 2149 1209 2184 οὖν,
1223 2150 1260 2181 ὡς
1271 2149 1396 2185 εῑρηται,
1414 2149 1485 2184 μετὰ
1501 2149 1548 2176 τὸν
1562 2150 1757 2185 κατακλυσμὸν
1784 2151 1800 2186 ἡ

1015 2197 1175 2230 ἀπόλαυσις,
1192 2196 1262 2230 πλὴν
1276 2195 1344 2221 ἀλλὰ
1358 2195 1405 2222 καὶ
1420 2195 1468 2222 νῦν
1494 2196 1565 2223 κατά
1580 2196 1698 2232 μίμησιν
1712 2197 1762 2231 τῆς
1773 2198 1802 2223 ὲν

1014 2242 1054 2278 τῷ
1064 2241 1223 2277 παραδείσῳ
1244 2240 1317 2276 ζωῆς
1336 2241 1443 2272 ἑαυτοῖς
1457 2242 1535 2275 ἄγειν
1549 2241 1720 2276 βουλόμενοι,
1738 2243 1802 2277 φεύ-

1015 2296 1109 2322 γοντες
1122 2287 1225 2322 ταύτην
1239 2286 1289 2322 τὴν
1309 2286 1442 2313 πολύυλον
1457 2287 1607 2313 ἀπόλαυσιν
1620 2288 1675 2314 τῶν
1689 2288 1802 2323 βρωμά-

1015 2341 1080 2365 των,
1094 2332 1137 2358 ἐπ’
1153 2333 1255 2358 ἐκεῖνον
1279 2331 1325 2358 τὸν
1355 2331 1423 2366 βίον,
1452 2331 1543 2362 καθὼς
1575 2329 1633 2358 οἷόν
1657 2333 1687 2358 τέ
1716 2334 1801 2365 ἐστιν,

1014 2378 1128 2408 ἑαυτοὺς
1142 2377 1286 2412 ἀγόμενοι,
1313 2378 1432 2412 καρποῖς
1453 2378 1500 2404 καὶ
1517 2377 1658 2413 σπέρμασι
1683 2380 1731 2405 καὶ
1744 2379 1801 2410 τοῖς

1014 2424 1046 2450 ὲκ
1064 2423 1117 2450 τῶν
1131 2423 1292 2459 ἀκροδρύων
1314 2424 1353 2455 εις
1378 2423 1516 2458 διαγωγὴν
1538 2423 1692 2459 χρώμενοι·
1720 2424 1750 2450 τὸ
1772 2424 1801 2450 δὲ

1014 2469 1146 2505 περισσὸν
1157 2469 1261 2496 τούτων
1271 2469 1308 2500 ὡς
1318 2469 1369 2496 οὐκ
1388 2469 1538 2503 ἀναγκαῖον
1553 2470 1782 2505 ἀποστρεφόμεθα
1792 2479 1799 2485 ·

1013 2516 1043 2542 οὐ
1055 2515 1110 2550 γὰρ
1127 2515 1260 2550 βδελυκτὰ
1272 2515 1317 2542 διὰ
1331 2516 1378 2541 τὸν
1394 2516 1526 2543 κτίσαντα
1537 2536 1545 2550 ,
1568 2516 1628 2542 οὐδδ
1643 2516 1742 2550 αἱρετὰ
1757 2516 1800 2543 διὰ

1013 2561 1064 2597 τὴν
1077 2562 1127 2597 τῆς
1143 2561 1244 2596 σαρκὸς
1259 2561 1415 2589 εὐπάθειαν.

175 2612 303 2642 ωιιψιιιηι
317 2613 371 2633 non
387 2607 540 2634 necessaria
572 2614 742 2636 recusamus.
771 2609 877 2636 Etenim
909 2617 960 2637 nec
979 2608 1175 2637 abominabiiia
1189 2609 1282 2643 putari
1314 2609 1415 2637 debetis
1430 2613 1544 2645 propter
1573 2614 1738 2644 creatorem,
1751 2616 1804 2639 nec
1827 2615 1830 2617 '

174 2651 326 2686 expetenda
341 2658 508 2687 magnopere
519 2657 631 2687 propter
649 2654 743 2682 carnis
760 2654 853 2682 luxum
876 2660 904 2683 et
927 2655 959 2683 ad
981 2655 1093 2683 delicias
1113 2654 1338 2690 propensionem.

381 2699 418 2727 De
432 2701 551 2728 carnium
568 2703 750 2730 visceratione.

209 2746 264 2781 85
280 2746 346 2775 Novi
364 2753 399 2781 te,
421 2748 521 2777 dilecte
537 2750 585 2784 iiii,
605 2750 655 2777 hac
672 2751 753 2778 etiam
769 2751 795 2779 in
815 2756 890 2786 parte
901 2760 954 2779 non

209 2827 232 2842 "
246 2827 314 2854 ch.
328 2835 346 2860 ι,
359 2828 404 2856 29.

1267 2704 1337 2738 Περὶ
1349 2704 1557 2739 κρεωδαισίας.

1044 2748 1109 2779 Οἶδα
1137 2751 1176 2784 δὲ,
1195 2751 1333 2787 ἀγαπητὲ,
1350 2751 1391 2778 ὅτι
1421 2750 1469 2778 καὶ
1493 2752 1538 2778 ἐπὶ
1558 2751 1646 2786 τούτῳ
1658 2751 1802 2787 ὴπόρηκσς
