1957 3073
135 129 179 162 181

748 129 966 162 'ANNALIUM
989 132 1085 163 PARS
1108 133 1130 164 ῐ.

1705 131 1756 165 182’.

133 189 178 215 καὶ
194 187 238 214 τον
257 186 287 220 ἐξ
313 186 399 222 ἀρχῆς
417 187 565 220 γενόμενον
586 186 732 222 ἄνθρωπον
746 188 855 222 ἴδωμεν.
883 190 920 215 Οὐ

986 191 1018 216 nia
1036 200 1042 217 ι
1062 191 1109 218 sed
1124 190 1256 225 siquidem
1275 191 1344 219 scire
1359 192 1441 220 vultis
1466 192 1611 227 quaicnam
1631 192 1664 219 ab
1688 192 1765 219 initio

132 235 183 268 γὰρ
199 233 285 264 οὕτως
297 233 329 258 τὸ
352 233 431 267 σῶμα
445 233 530 258 ἐκεῖνο
542 232 661 266 φθαρτὸν
671 233 716 259 καὶ
730 234 862 268 ἐπίκηρον
875 232 918 269 ἦν,

132 279 198 307 ὀλλὰ
215 279 340 312 καθάπερ
351 286 392 309 τις
404 277 523 313 χρυσοῦς
537 277 648 312 ἀνδριὰς
666 278 720 304 ἀπὸ
736 278 920 312 xor/sumptae

134 324 271 360 προελθὼν
294 325 357 359 ἄρτι
385 324 433 350 καὶ
461 323 597 357 λαμπρῶς
623 323 807 355 ἀποστίλϐων,
833 323 921 354 οὕτως

134 371 222 406 πςῖση⁵
244 370 346 405 φθορὶς
358 369 389 396 τὸ
407 369 486 404 σῶμα
507 370 596 396 ἐκεῖνο
613 369 783 402 ἀπήλλακτο,
800 370 847 395 καὶ
861 369 922 396 οὔτε

134 416 213 446 πόνος
230 415 356 450 ἠνώχλει,
371 414 434 441 οὔτε
446 414 530 450 ἱδρὼς
547 414 721 449 ἐλυμαίνετο,
733 415 763 441 οὐ
783 414 924 450 φροντίδες

135 462 323 494 ἑπεόούλευον,
340 463 389 488 οὐκ
403 462 519 496 ἀθυμίαι
536 462 725 496 ἐπολιόρκουν,
738 462 768 487 οὑ
782 461 879 496 ῥύπος,
893 461 923 487 οὐ

135 510 262 543 δάκρυον,
284 509 340 535 οὐδ’
360 507 425 534 ἄλλο
444 516 470 534 τι
487 507 540 534 τῶν
558 508 690 534 τοιούτων
705 507 800 533 ἐλύπει
817 507 922 533 παθῶν.

142 553 211 580 Ἀλλ’
228 554 323 588 ἐπειδὴ
339 553 409 588 πρὸς
427 553 473 579 τὸν
487 553 638 588 εὐεργέτην
657 552 797 588 ὲξύὸρισε,
813 552 880 583 Θεύς
895 561 925 578 τε

136 600 262 633 γενέσθαι
275 600 385 634 ἤλπισε,
395 600 443 626 καὶ
456 598 545 633 μείζω
559 599 608 633 τῆς
623 599 726 630 οίκείας
738 599 816 630 ἀξίας
830 599 926 625 ἔλασεν

137 647 250 677 ἔννοιαν,
279 647 338 673 τότε
362 646 407 681 δὴ,
427 645 488 672 τότε
507 646 685 681 σωφρονίζων
712 646 794 672 αὐτὸν
820 647 834 672 6
862 646 926 678 Θεὸς

138 692 258 726 φθαρτδν
268 692 349 718 αὑτὸν
361 692 475 727 ἐποίησε
492 692 539 718 καὶ
552 691 661 727 θνητὸν,
680 692 727 718 καὶ
742 693 800 723 ταῖς
816 691 928 722 πολλαῖς

138 739 250 770 ταύταις
281 738 415 772 ἀνάγκαις
447 738 592 772 κατέδησε.
613 747 623 763 ι
658 737 750 764 Ταῦτα
775 737 826 771 μὲν
854 737 929 764 οὗνὸ

139 785 276 816 θειότατος
297 784 434 818 Ἰωάννης.
455 783 514 818 Ἐφ’
529 778 552 817 ᾦ
573 784 618 810 καὶ
639 783 779 818 ἄφθαρτον
796 784 885 809 ἐκεῖνο
900 782 930 809 τὸ

139 830 218 864 σῶμα
232 829 345 860 δικαίως
368 829 382 855 6
397 830 478 863 λόγος
494 829 608 856 ἐκάλεσε
619 837 627 844 ·
659 828 690 854 τὸ
705 828 758 862 γὰρ
773 828 816 862 οἶα
831 828 864 863 δή
876 836 930 855 τινι

139 876 227 911 φθορᾷ
257 875 296 911 μὴ
327 875 508 911 ὑποκείμενον
538 875 678 910 ἄφθαρτον
705 873 932 909 ὁμολογουμένως

139 922 226 950 ἐστίν.

973 244 1071 270 corpus
1088 236 1164 263 nobis
1186 236 1256 263 Deus
1277 237 1446 268 formaverit,
1477 237 1510 264 ad
1529 236 1682 272 paradisum
1704 244 1765 262 nos-

973 285 1028 308 met
1041 281 1217 310 conferamus
1233 286 1259 307 et
1285 282 1425 309 hominum
1453 282 1528 309 illum
1556 282 1706 317 principem
1726 281 1768 307 in-

977 329 1180 355 tueamur.Nec
1202 328 1275 355 enim
1292 337 1390 363 corpus
1420 329 1504 363 ipsius
1529 328 1652 356 interitui
1681 328 1767 354 obno-

974 374 1046 401 xium
1060 379 1087 402 et
1099 375 1232 402 caducum
1249 379 1317 408 erat,
1332 375 1380 402 sed
1395 376 1480 402 instar
1496 383 1586 402 aureae
1609 379 1705 401 statua:
1720 380 1763 400 re-

974 427 1040 447 cens
1056 420 1159 446 eductte
1180 420 1214 447 de
1232 420 1341 447 fornace
1359 419 1527 454 miriﬁceque
1550 418 1718 454 splendentis
1735 417 1769 444 ab

976 464 1050 490 omni
1068 471 1168 499 corpus
1183 464 1249 491 illud
1263 464 1372 491 interitu
1399 468 1459 492 erat
1480 465 1611 491 immune.
1643 463 1703 490 Non
1730 462 1769 489 illi

977 509 1108 536 molestus
1123 514 1183 536 erat
1199 510 1275 537 labor
1294 510 1375 542 ullus,
1391 518 1446 538 non
1458 517 1472 537 a
1484 511 1584 537 sudore
1608 509 1768 539 lmdebatur,

978 562 1031 581 non
1050 554 1251 582 insidiabantur
1277 556 1301 582 ei
1320 564 1403 588 curm,
1436 563 1489 582 non
1520 563 1652 582 mmrorcs
1680 555 1769 588 ipsum

978 601 1182 635 oppugnabant,
1200 609 1254 628 non
1273 602 1381 634 sordes,
1398 609 1452 628 non
1469 601 1609 636 lacrymaa.
1625 608 1678 627 non
1697 600 1770 625 aliud

978 646 1127 681 quidquam
1146 646 1280 680 ejusmodi
1311 645 1485 673 at'fectionum
1510 645 1637 672 vexabat.
1672 644 1772 671 Verum

980 697 1155 727 posteaquam
1168 692 1301 719 adversus
1316 693 1468 720 beneﬁcum
1483 699 1546 727 erga
1559 700 1587 720 se
1603 691 1687 718 Deum
1698 695 1770 725 petu-

981 736 1068 764 lanter
1085 738 1181 773 gessit,
1196 742 1224 765 et
1242 738 1326 765 Deum
1359 745 1388 765 se
1414 745 1559 765 evasurum
1588 738 1717 771 speravit,
1731 751 1734 752 ν
1748 740 1775 763 et

981 783 1084 817 majora
1099 791 1180 818 quam
1197 783 1283 818 ipsius
1297 783 1414 819 dignitas
1426 783 1511 810 ferret
1525 784 1617 810 animo
1636 783 1774 816 concepit.

985 831 1041 854 tum
1060 835 1124 855 vero
1142 829 1282 865 castigans
1307 837 1370 857 eum
1391 829 1464 856 Deus
1485 829 1611 856 interitui
1639 828 1776 862 mortique

986 874 1106 901 reddidit
1121 875 1286 908 obnoxium,
1303 884 1335 904 ac
1357 876 1443 903 variis
1466 875 1543 902 hisce
1563 874 1775 902 necessitatibus

985 920 1158 948 adstrinxith
1189 921 1252 949 llme
1268 922 1388 950 hominls
1412 922 1485 948 illius
1502 921 1587 949 divini
1602 920 1684 948 verba
1703 924 1777 950 sunt,

139 978 254 1005 quorum
271 970 436 998 auctoritate
453 970 476 998 si
493 977 594 1005 corpus
610 969 708 997 Adami
725 969 850 998 dicamus
863 969 994 998 interitus
1011 978 1109 1006 expers
1125 971 1220 1004 fuisse,
1239 976 1313 999 recte
1339 971 1367 999 id
1397 971 1508 1006 quidem
1539 969 1638 997 facturi
1666 976 1777 997 sumus:

140 1026 202 1046 nam
219 1019 292 1053 quod
310 1018 377 1045 nulli
390 1018 545 1053 subjectum
558 1017 747 1050 estinteritui,
765 1018 838 1045 haud
850 1017 935 1046 dubie
953 1017 1093 1046 latendum
1111 1023 1152 1046 est
1170 1019 1301 1046 interitus
1320 1026 1419 1054 expers
1434 1025 1505 1046 esse.

175 1068 206 1093 Εἰ
221 1067 249 1093 δὲ
264 1067 414 1101 ἄφθαρτον,
428 1066 487 1098 πῶς
499 1066 553 1102 ἄρα
567 1066 614 1092 καὶ
627 1065 689 1092 τίνα
702 1066 803 1100 τρόπον
815 1065 930 1100 ἔπασχε,

138 1110 218 1137 τοῦτο
234 1111 331 1145 μαθεῖν
354 1109 496 1144 ἀξιοῦμεν.
520 1109 619 1144 Ἡμεῖς
636 1109 691 1145 γὰρ
706 1110 753 1144 ἀφ’
769 1109 876 1136 ἑαυτῶν
889 1110 933 1136 ὲν-

139 1157 246 1192 νοῆσαι,
274 1156 334 1186 πττις
353 1156 493 1182 ὑπέπιπτε
522 1154 623 1182 πάθεσι
642 1155 722 1189 σῶμα
741 1155 832 1190 πάσης
847 1155 934 1190 ἀπηλ-

139 1203 275 1237 λαγμένον
293 1203 407 1237 ιξθορᾶς,
433 1202 483 1228 οὐκ
500 1202 583 1236 ἐσμὲν
611 1202 713 1234 ἱκανοὶ,
729 1198 777 1228 καὶ
794 1201 839 1228 διὰ
855 1202 933 1228 τοῦτο

139 1247 355 1284 παρακαλοῦμεν
373 1247 479 1282 μαθεῖν.
513 1247 577 1275 Ὅτι
594 1247 623 1274 δὲ
641 1247 780 1282 ἄφθαρτον
795 1247 884 1273 ἐκεῖνο
904 1247 935 1273 τὸ

141 1295 220 1333 σῶμα
247 1295 294 1321 καὶ
320 1294 455 1322 ἀθάνατον
477 1291 522 1327 ἦν,
551 1294 565 1319 ὁ
593 1293 731 1328 μακάριος
760 1292 844 1324 ἔδειξε
880 1293 935 1319 Κύ-

141 1341 230 1376 ριλλος
254 1342 282 1367 ὲν
303 1341 341 1376 τῷ
366 1342 406 1372 είς
421 1341 471 1372 τὴν
499 1339 684 1374 δημιουργίαν
708 1338 756 1365 τοῦ
788 1337 934 1373 ἀνθρώπου

139 1387 212 1425 λόγῳ
226 1385 320 1417 αὑτοῦ,
340 1386 410 1412 κατὰ
425 1385 497 1418 λέξιν
509 1384 597 1416 οὕτως
613 1384 700 1411 είπὼν
713 1393 719 1400 ·
742 1393 751 1410 α
771 1384 935 1419 Ἐπεποίητο

141 1434 191 1468 μὲν
205 1433 260 1459 ἀπὸ
274 1431 327 1466 γῆς
338 1432 368 1458 τὸ
381 1431 461 1466 σῶμα
472 1430 519 1457 τοῦ
536 1430 634 1465 Ἀδὰμ,
645 1430 759 1465 ἄμεινον
774 1429 803 1456 δὲ
819 1429 935 1456 θανάτου

139 1479 188 1513 καὶ
201 1478 305 1514 φθορᾶς
327 1476 362 1513 ἦν
374 1486 381 1493 ·
410 1477 576 1512 ὲνεφύτευσε
600 1476 655 1512 γὰρ
679 1475 754 1511 αὐτῷ
770 1476 819 1511 τὴν
832 1476 905 1510 ζωὴν
922 1476 936 1502 6

138 1525 190 1559 τῆς
215 1523 289 1556 ζωῆς
303 1523 430 1559 χορηγός.
450 1532 459 1548 ι
488 1522 569 1549 Ἀλλὰ
585 1523 632 1549 καὶ
646 1522 661 1548 6
687 1522 775 1557 μέγας
794 1522 934 1553 Βασίλειος

139 1571 207 1598 αὐτὸ
218 1570 298 1597 τοῦτο
310 1561 452 1604 παριστῶν
469 1568 546 1602 ἔλεγε
561 1577 568 1584 ·
580 1577 589 1594 ι
605 1567 716 1599 [nam
728 1568 773 1595 τὸν
790 1567 934 1603 ἄνθρωπον

140 1618 155 1644 6
171 1617 238 1648 Θεδς
256 1615 368 1643 αἰωνίου
382 1614 455 1649 ζωῆς
470 1613 623 1641 ἀπόλαυσιν
645 1613 721 1648 αὖτῷ
742 1612 903 1648 ἐχαρίσατο.
923 1622 932 1638 ι

141 1659 212 1697 Πρὸς
228 1661 257 1687 δὲ
272 1669 304 1695 γε
318 1661 375 1691 τοῖς
386 1660 543 1694 εἰρημένοις
557 1659 604 1686 καὶ
616 1660 630 1685 ὁ
644 1658 784 1690 θειότατος
802 1658 935 1693 Βαρλαὰμ

140 1708 212 1734 οὕτω
225 1707 295 1742 πρὸς
320 1705 438 1739 Ἰωάσαφ
455 1705 571 1740 εὓρηται
584 1704 672 1738 λέγων
682 1712 690 1721 ·
706 1714 715 1730 ι
727 1705 779 1731 Τὸν
788 1704 836 1731 ἀπ’
848 1703 935 1739 ἀρχῆς

139 1753 286 1791 ᾷνθρωπον
303 1752 316 1778 6
329 1751 395 1783 Θεὸς
407 1751 630 1786 αὑτεξουσιὸτητι
640 1751 688 1777 κα)¹
704 1750 843 1784 ἀθανασίᾳ
854 1750 936 1785 τιμή-

141 1804 193 1828 σας
220 1796 334 1832 βασιλέα
364 1796 474 1822 πάντων
493 1795 549 1822 τῶν
568 1795 699 1829 ἐπιγείων
722 1794 902 1829 κατέστησεν.
923 1803 933 1820 ι

146 1841 219 1869 xm‘
234 1842 295 1876 ὅρα.
328 1841 376 1867 καὶ
393 1840 431 1875 μὴ
449 1841 598 1876 παρέργως
615 1839 734 1874 ὲπέρχου
761 1839 796 1866 τὰ
823 1839 936 1865 τοιαῦτα

141 1887 203 1914 θεῖα
217 1887 297 1922 ῥητά.
315 1887 392 1919 Ἅμα
410 1886 459 1920 μὲν
482 1886 562 1920 γάρὸ
580 1885 640 1911 κατ’
658 1885 759 1911 τεὶκόνα
781 1885 934 1919 παρήγετο,

141 1934 189 1961 καὶ
205 1934 264 1966 ἅμα
279 1933 329 1968 τῆς
347 1932 592 1966 αὺτεξουσιὸτητος
621 1930 721 1966 ἠξίωτο
736 1930 783 1957 καὶ
801 1930 851 1964 τῆς
865 1929 934 1956 ἀθα-

140 1980 238 2012 νασίας
255 1979 308 2006 ὑπὸ
335 1978 416 2005 θεοῦ.
447 1978 503 2005 Καὶ
518 1977 576 2008 πῶς
593 1977 689 2003 λοιπὸν
705 1975 788 2002 αὑτὸν
812 1975 936 2008 εἴπωμεν

140 2023 294 2056 ἀθανασίας
310 2024 379 2051 εἶναι
395 2024 442 2051 καὶ
457 2023 622 2057 θνητότητος
648 2022 783 2057 μέτοχον;
809 2019 936 2047 Ἀσυλλό-

140 2080 247 2107 γιστον,
268 2072 306 2102 ὼς
334 2069 423 2104 οἴμαι,
439 2070 486 2096 καὶ
502 2068 582 2095 τοῦτο
596 2068 658 2094 λίαν
676 2067 763 2094 ἐστίν.
779 2067 809 2096 El
823 2066 877 2102 γὰρ
895 2067 937 2092 ἑν-

140 2119 236 2154 νοῆσαι
252 2118 364 2152 εἴχομεν
380 2117 420 2142 ὅτι
435 2114 549 2150 βασιλέα
570 2114 724 2149 κατέστησε
738 2113 792 2139 τῶν
806 2112 937 2146 ἐπιγείων

141 2161 234 2196 αὑτὸν,
258 2163 396 2201 ἀθανασίᾳ
413 2162 534 2196 τιμήσας
551 2160 631 2186 αὐτὸν
653 2159 799 2194 πρότερον,
828 2158 879 2184 οὐκ
903 2157 936 2185 ἂν

1020 1065 1123 1099 Quodsi
1146 1074 1247 1101 expers
1270 1067 1400 1094 interitus
1424 1066 1485 1099 l'uit,
1507 1073 1561 1101 quo
1573 1069 1652 1100 pacto
1670 1065 1778 1092 tandem

984 1113 1088 1148 aliquid
1106 1113 1162 1148 pati
1178 1114 1301 1148 potuerit
1317 1113 1388 1140 scire
1405 1113 1544 1148 cupimus.
1578 1112 1685 1139 Etenim
1707 1111 1781 1145 cogi-

985 1162 1042 1185 tare
1068 1167 1117 1193 per
1142 1166 1194 1186 nos
1224 1159 1309 1193 ipsos,
1334 1159 1380 1193 qui
1399 1155 1509 1192 corpus
1523 1157 1557 1184 ab
1574 1157 1648 1184 omni
1663 1157 1779 1183 liberum

985 1211 1017 1230 ac
1031 1203 1153 1230 immune
1169 1203 1282 1231 interitu
1298 1205 1349 1231 sub
1363 1203 1524 1231 adfectiones
1538 1204 1636 1230 cadere
1650 1202 1780 1237 potuerit,

986 1258 1038 1276 non
1056 1251 1122 1277 satis
1140 1258 1305 1284 possumus;
1334 1250 1450 1284 ideoque
1466 1257 1513 1283 per
1531 1249 1600 1276 alios
1621 1249 1674 1276 hoc
1690 1249 1779 1283 ipsum

986 1295 1142 1330 expetimus
1160 1304 1340 1331 cognosoere.
1372 1296 1479 1330 Corpus
1499 1295 1611 1330 quidem
1638 1295 1696 1330 88
1714 1295 1779 1321 illu.l

985 1347 1085 1374 expers
1099 1340 1227 1367 interitus
1243 1345 1270 1367 et
1285 1340 1440 1366 immortale
1460 1339 1557 1372 fuisse,
1579 1339 1676 1366 beatus
1698 1339 1781 1366 etiam

986 1385 1104 1421 Cyrillus
1122 1386 1255 1417 ostendit,
1271 1385 1297 1412 in
1315 1385 1439 1412 oratione
1454 1393 1501 1412 sua
1518 1385 1553 1412 de
1570 1385 1691 1412 hominis
1707 1392 1780 1411 crea-

989 1433 1063 1459 tione
1080 1432 1120 1459 sic
1134 1432 1166 1458 ad
1185 1432 1298 1458 verbum
1320 1431 1478 1458 disserens:
1513 1431 1566 1457 ille
1584 1436 1653 1457 terra
1669 1430 1779 1464 quidem

988 1478 1089 1505 factum
1107 1482 1166 1505 erat
1184 1478 1280 1505 Adami
1299 1484 1400 1512 corpus
1413 1497 1421 1510 ,
1445 1476 1494 1504 sed
1514 1476 1587 1503 idem
1606 1484 1688 1511 supra
1707 1484 1782 1503 mor-

988 1529 1041 1551 tcm
1068 1529 1096 1551 et
1125 1524 1265 1550 interitum
1294 1531 1403 1551 onmem
1433 1523 1553 1558 positum
1574 1527 1653 1550 erat:
1681 1523 1783 1558 quippe

948 1557 971 1587 ο
987 1571 1071 1597 vitam
1086 1570 1110 1597 ei
1134 1571 1196 1597 vitm
1217 1569 1409 1604 suppeditatur
1435 1557 1470 1596 et
1495 1572 1592 1596 auctor
1613 1569 1779 1596 inseverat.»

987 1617 1099 1643 ldemet
1116 1624 1130 1643 a
1148 1616 1247 1642 Basilio
1276 1623 1373 1650 magno
1405 1615 1497 1642 verbis
1523 1615 1565 1642 his
1593 1615 1782 1649 signiﬁcatur:

991 1664 1074 1690 «Cum
1106 1662 1253 1689 formassct
1285 1661 1428 1688 hominem
1458 1660 1552 1692 Deus,
1584 1665 1693 1686 :cte:nae
1721 1659 1783 1685 vita:

988 1708 1147 1736 frnitiouem
1163 1708 1187 1734 ei
1204 1707 1318 1742 largitus
1333 1711 1402 1733 est.)
1436 1705 1537 1732 Prwter
1550 1707 1601 1732 hos
1614 1705 1724 1731 divinus
1737 1705 1782 1731 ille

988 1755 1145 1782 Barlaamus
1162 1754 1194 1780 ad
1210 1752 1381 1787 Joasaphum
1398 1752 1425 1778 in
1441 1752 1511 1778 hanc
1525 1751 1691 1778 sententiam
1706 1752 1779 1776 srri—

989 1800 1062 1835 psit:
1081 1799 1228 1826 llominem
1252 1797 1328 1824 illum
1356 1796 1508 1832 principrm
1538 1795 1612 1822 Deus
1638 1795 1784 1821 voluntate

988 1846 1074 1873 libera
1092 1844 1233 1879 pmditum
1252 1847 1279 1869 et
1296 1845 1422 1869 ornatum
1440 1840 1645 1867 immortalitate
1659 1839 1775 1866 univcr-

988 1898 1078 1918 sarmn
1097 1897 1187 1916 rerum
1218 1888 1389 1916 terrestrium
1420 1894 1512 1921 regem
1532 1886 1684 1913 constituit.
1716 1885 1778 1920 Ipsa

988 1937 1105 1970 denique
1120 1943 1256 1962 sacrarum
1271 1934 1432 1961 Litterarum
1446 1933 1527 1960 verba
1543 1932 1610 1971 mihi
1623 1933 1722 1966 aspicit,
1734 1939 1784 1959 nec

989 1983 1078 2010 obiter
1097 1982 1214 2017 perlege.
1231 1980 1317 2008 Simul
1333 1980 1407 2007 enim
1426 1980 1510 2006 hamo
1526 1978 1559 2005 ad
1574 1978 1720 2012 imaginem
1737 1978 1782 2005 Dei

989 2028 1171 2058 condebatur,
1189 2031 1217 2053 et
1229 2031 1282 2052 tam
1301 2025 1416 2053 arbitrio
1432 2024 1581 2051 voluntatis
1597 2024 1685 2051 libero
1702 2032 1783 2058 quam

989 2072 1196 2100 immortalitate
1214 2071 1346 2098 divinitus
1359 2071 1521 2098 donabatur.
1541 2069 1600 2102 Quo
1612 2070 1695 2106 igitur
1706 2074 1785 2104 pacto

988 2119 1113 2146 dicemus
1125 2126 1186 2144 eum
1206 2118 1307 2150 iariter
1328 2116 1542 2144 immortalitatis
1559 2123 1591 2143 ac
1608 2115 1783 2143 mortalitatis

989 2164 1172 2199 participem?
1205 2163 1341 2191 Abhorret
1360 2163 1411 2190 hoc
1421 2163 1568 2190 scilicetab
1578 2161 1652 2189 omni
1665 2162 1782 2188 ratione.

141 2212 232 2237 ἐκεῖσε
248 2209 296 2235 καὶ
313 2207 466 2242 θνητὸτητα
478 2205 720 2241 παρεμιγνύομεν,
737 2204 788 2230 οὐκ
803 2204 835 2230 ἂν
849 2203 932 2229 ἀσυλ-

990 2211 1098 2245 Quippe
1114 2210 1138 2236 si
1150 2209 1292 2236 nobiseum
1303 2213 1375 2236 recte
1394 2215 1538 2243 possemus
1549 2207 1704 2242 expendere
1714 2206 1785 2241 quod

141 2255 254 2288 λ’Ξγιοτα
267 2253 303 2279 τὰ
318 2251 436 2278 τοιαῦτα
448 2250 626 2283 διενοούμεθα
639 2251 702 2285 περὶ
720 2249 764 2276 τοῦ
781 2249 935 2283 γεγενημέ-

141 2309 188 2327 νοο
217 2299 279 2326 κατ’
305 2299 399 2324 είκὸνα
431 2296 510 2323 Θεοῦ.
529 2297 611 2323 ’Λλλὰ
626 2297 674 2323 καὶ
691 2297 704 2322 6
731 2295 935 2331 χρυσορῤήμων

147 2347 276 2382 Ἰωάννης
289 2346 353 2372 αὐτὸ
370 2345 450 2371 τοῦτο
459 2344 622 2379 παρίστησι,
634 2343 742 2377 διεξιὼν
755 2343 855 2370 οὑτωσὶ
867 2342 937 2369 κατὰ

141 2394 215 2426 λέξιν
231 2394 259 2419 ἐν
274 2394 308 2427 τῇ
324 2393 363 2423 είς
379 2391 429 2426 τὴν
451 2391 620 2426 Ἐξαήμερον
648 2393 690 2417 κα¹
718 2389 813 2424 ὁμιλίᾳ
835 2388 918 2415 αὑτοῦ
929 2396 936 2403 ·

145 2449 154 2466 ε
173 2439 387 2476 Δημιουργήσας
417 2438 462 2464 τὸν
491 2437 664 2472 ἄνθρωπονὸ
693 2437 771 2470 Θεὸς,
796 2436 938 2471 ὴῦουλήθη

143 2487 255 2513 πάντων
278 2485 334 2511 τῶν
350 2483 499 2519 ὁρωμένων
523 2483 572 2519 τὴν
590 2483 677 2518 ἀρχὴν
694 2482 777 2508 αὑτὸν
788 2481 871 2517 ἔχειν,
893 2482 938 2508 Διὸ

144 2533 190 2558 καὶ
201 2531 253 2566 τὴν
269 2531 316 2565 τῆς
329 2530 420 2565 ψυχῆς
435 2527 529 2556 οὐσίαν
540 2529 615 2563 αὐτῷ
624 2527 782 2563 ἐχαρίσατο.
796 2527 939 2562 βουληθεὶς

144 2575 215 2603 εἶναι
232 2576 315 2602 αὐτὸν
342 2576 389 2601 καὶ
417 2575 553 2602 ἀθάνατον
580 2575 621 2605 εἰς
648 2574 678 2600 τὸ
699 2573 837 2608 διηνεκές.
868 2573 940 2599 Ἀλλ’

144 2624 238 2658 ἐπειδὴ
254 2623 299 2649 διὰ
313 2622 450 2657 ῥᾳθυμίαν
463 2620 562 2647 ὤλισθε
574 2621 620 2647 καὶ
631 2620 740 2655 παρέϐη
755 2619 803 2655 τὴν
815 2620 940 2646 δοθεῖσαν

145 2669 220 2704 αὖτῷ
236 2668 359 2702 ἐντολὴν,
373 2667 432 2693 οὐδὲ
447 2667 536 2698 οὕτως
551 2667 602 2693 ἀπε
609 2667 718 2700 στράφη
734 2666 828 2692 τέλεον
845 2666 939 2698 αὐτὸν,

145 2715 214 2741 ἀλλὰ
241 2715 294 2748 τῆς
323 2712 372 2748 μὲν
389 2711 538 2743 ἀθανασίας
574 2710 760 2746 ἀπεστέρησε,
789 2710 898 2745 θανάτῳ
914 2710 941 2736 δὲ

145 2759 338 2791 καταδικάσας
357 2758 404 2785 ἐπὶ
436 2758 487 2794 τῆς
518 2758 605 2793 αὐτῆς
631 2757 721 2793 ἀφῆκε
744 2756 845 2792 ’σχεδὸν
871 2754 941 2784 εἶναι

146 2806 243 2842 ἀρχῆς.
265 2815 274 2831 ι

990 2257 1126 2283 hominem
1138 2256 1208 2282 Deus
1217 2254 1389 2282 terrestrium
1407 2261 1498 2288 regem
1506 2252 1692 2284 constituerit,
1701 2259 1785 2278 orna-

990 2308 1046 2330 tum
1072 2301 1106 2328 ab
1118 2309 1147 2328 se
1160 2301 1236 2335 prius
1250 2299 1465 2330 immortalitate,
1487 2306 1542 2325 non
1554 2298 1598 2325 hic
1610 2297 1786 2324 mortalitatis

988 2349 1135 2383 quidquam
1144 2348 1368 2377 innniseeremus,
1381 2354 1434 2373 n0n
1443 2346 1476 2372 de
1483 2344 1594 2372 condito
1600 2343 1633 2371 ad
1641 2343 1786 2378 imaginem

989 2396 1035 2423 Dei
1048 2395 1195 2430 quidquam
1208 2393 1320 2421 absurdi
1333 2393 1530 2429 cogitaremus.
1548 2390 1622 2418 Facit
1634 2391 1688 2417 huc
1699 2389 1782 2417 Joan-

989 2443 1032 2469 nis
1043 2441 1234 2477 Cbrysostomi
1245 2441 1332 2473 locus,
1343 2440 1389 2474 qui
1401 2439 1428 2466 in
1442 2437 1566 2465 oratione
1577 2437 1608 2464 ΞΙ
1624 2437 1656 2464 de
1667 2444 1714 2464 sex
1727 2436 1785 2463 dic-

991 2497 1049 2515 rum
1080 2487 1209 2522 operibus
1240 2491 1346 2514 exstat:
1380 2484 1472 2512 «Cum
1500 2483 1652 2515 hominem,
1683 2482 1785 2516 inquit,

991 2538 1111 2561 creasset
1124 2532 1195 2560 Deus
1210 2532 1298 2560 voluit
1321 2539 1383 2558 cum
1400 2530 1427 2556 in
1444 2537 1487 2556 res
1502 2530 1644 2556 universas
1661 2533 1785 2562 aspecta-

992 2581 1059 2607 bilcs
1089 2579 1234 2613 imperium
1250 2579 1361 2605 habere.
1395 2576 1502 2603 Idcirco
1517 2575 1599 2602 etiam
1615 2574 1641 2601 ei
1659 2577 1784 2600 naturam

993 2632 1018 2654 et
1032 2625 1181 2653 essentiam
1198 2625 1296 2651 anima:
1317 2623 1430 2657 largitus
1445 2626 1496 2654 est,
1513 2620 1587 2655 quod
1610 2627 1671 2646 etim
1690 2625 1787 2652 perpe—

995 2677 1040 2700 tuo
1057 2671 1139 2698 vellet
1154 2670 1337 2697 immortalem
1352 2677 1424 2695 esse.
1451 2667 1490 2694 Ac
1506 2665 1612 2694 tametsi
1630 2672 1677 2699 per
1693 2671 1785 2690 secor-

993 2719 1064 2746 diam
1089 2718 1182 2752 lapsus
1207 2717 1242 2743 sit
1266 2716 1481 2748 mandatumque
1509 2712 1559 2738 sibi
1593 2708 1784 2744 prtescriptum

995 2771 1183 2798 transgressus
1195 2784 1202 2796 ,
1220 2771 1274 2790 non
1297 2766 1388 2788 tamen
1406 2760 1495 2793 ipsum
1515 2763 1626 2791 prorsus
1641 2759 1785 2781 aversatus

996 2817 1048 2844 est,
1077 2810 1124 2837 sed
1155 2809 1362 2836 immortalitate
1385 2805 1531 2840 spoliatum
1550 2810 1582 2830 ac
1599 2805 1687 2829 morte
1708 2801 1785 2828 dam-

997 2861 1091 2885 natum
1115 2855 1313 2892 propemodum
1338 2854 1365 2880 in
1381 2851 1478 2880 codem
1506 2848 1622 2884 imperio
1640 2847 1779 2882 reliquit»
