1957 3073
183 134 233 165 183

217 191 265 218 llic
274 197 363 219 autem
376 191 523 222 notandum
538 191 608 225 quod
623 199 674 218 nou
692 191 779 218 solum
794 192 862 219 Deus
876 194 963 227 ipsum
980 204 1006 228 Α

179 237 348 265 constituero
376 237 492 263 voluerit
526 237 730 270 aspectabilium
775 247 881 273 regem,
918 241 965 266 sed

179 283 261 321 etiam
281 283 331 309 hoc
350 281 494 317 imperium
515 282 539 309 ei
561 290 723 309 coucessum
741 283 864 322 absolute
883 285 966 312 fuisse

181 316 261 355 rebus
280 327 347 361 ips’s
361 327 518 354 declararit.
550 329 656 363 Quippe
672 329 705 355 ad
727 320 816 364 ipsum
836 331 966 357 animalia

179 380 277 402 euecta
293 375 415 406 deduxit,
434 376 542 402 tametsi
559 377 623 411 quid
642 381 800 404 secuturum
822 386 893 405 esset
912 386 966 404 non

180 421 330 453 ignoraret.
361 421 420 453 Quo
438 421 540 448 factum
560 426 588 447 ut
605 422 696 448 omnia
719 423 846 449 servilem
863 423 889 449 in
906 431 966 450 nm—

179 464 242 490 dum
268 464 319 498 ipsi
344 466 461 491 astantia
489 473 553 492 suas
584 474 632 500 per
662 466 751 501 ipsum
768 467 967 500 appellationes

178 504 344 543 acceperint.
390 511 427 538 lla
467 519 516 545 per
554 517 674 539 mentem
717 513 904 548 intelligentiae
942 514 965 540 vi

179 555 318 590 prmditam
353 556 422 583 Deus
465 557 604 584 hominem
649 558 731 585 etiam
762 559 967 586 immortalitate

178 599 297 626 ornavit.
334 599 495 634 Quanquam
539 601 613 628 enim
643 601 764 628 futuram
797 610 852 629 non
882 602 967 629 multo

178 648 240 679 post
264 645 488 672 exorbitationcm
512 653 566 673 non
592 647 721 679 nesciret,
741 652 830 674 tamen
850 656 911 675 cum
932 649 966 676 ob

178 692 265 719 solum
283 691 457 727 cogitationis
478 692 631 720 institutum
655 693 786 721 damnare
803 703 857 722 non
873 696 966 728 vellet,

178 740 364 763 consontanea
383 736 437 764 Deo
455 735 560 764 ratione
577 738 720 765 consilium
745 740 964 774 suum~perficit;

178 782 300 817 adeoque
317 783 417 810 mentis
433 783 604 818 participem,
618 789 647 811 ut
658 785 788 818 diximus,
807 786 924 813 animant
942 787 966 814 ei

153 857 156 859 λ
177 827 302 862 largitur,
315 834 344 856 ut
360 828 472 856 omnino
491 829 651 857 immortalis
663 836 746 858 esset.
759 831 905 859 Enimvero
918 840 967 859 cur

177 873 315 900 hominem
329 874 420 901 statim
435 875 469 902 ab
484 875 562 902 initio
577 883 669 911 regem
686 879 857 904 terrestrium
871 883 898 905 ct
913 879 965 905 im-

177 919 319 946 mortalem
342 921 484 948 condidit?
499 921 533 949 Ut
552 922 616 950 hinc
637 923 775 950 discamus
790 924 872 951 etiam
886 924 964 958 opifi-

176 973 234 992 cem
261 965 335 992 illum
357 967 443 994 nostri
463 967 546 994 Deum
571 967 679 995 cunctis
694 969 747 995 illis
767 969 892 1004 supernis
909 969 966 1004 89

173 1011 357 1045 potestatibus
371 1020 433 1039 cum
450 1013 563 1047 imperio
575 1021 702 1048 prmesse,
716 1022 821 1041 necnon
839 1016 964 1042 eunnlem

175 1063 237 1082 esse
248 1055 429 1084 immortalem
442 1058 585 1093 omnisque
595 1064 736 1094 expertem
747 1060 886 1088 interitus.
897 1061 964 1087 Natu

175 1109 209 1128 ea
233 1101 267 1129 de
286 1110 370 1130 causa
390 1104 500 1138 pulvere
524 1110 634 1139 sumpto
657 1105 746 1140 inquit
765 1115 771 1132 :
794 1115 804 1132 ‹
823 1105 966 1134 Faciamus

177 1147 315 1174 hominem
335 1148 368 1175 ad
393 1149 538 1183 imaginem
554 1155 687 1178 nostram.
710 1160 719 1177 ι
739 1151 817 1184 Quod
831 1159 893 1179 eum
914 1151 967 1179 So-

176 1193 250 1220 lomo
266 1201 319 1220 non
333 1194 482 1229 ignararet,
503 1205 511 1220 ι
534 1195 618 1228 Deus,
637 1196 685 1229 ait,
704 1203 820 1224 mortem
835 1205 888 1224 non
901 1205 967 1224 con-

175 1239 255 1272 didit,
272 1240 320 1267 sed
348 1240 375 1267 in
403 1245 478 1268 statu
497 1241 625 1269 interitus
642 1247 754 1277 experte
769 1243 802 1270 ad
821 1243 965 1278 imag'nem

175 1285 339 1311 teternitatis
356 1292 412 1312 sua:
429 1285 566 1313 hominem
595 1287 700 1315 creavit
713 1287 746 1314 ⁸⁸.
767 1296 775 1312 ι
793 1288 832 1315 Ac
858 1288 965 1316 tametsi

176 1330 307 1364 deinceps
321 1338 384 1357 eum
397 1331 431 1358 ad
445 1336 560 1359 mortem
577 1333 725 1367 damnavit,
742 1341 796 1360 non
813 1338 902 1360 tamen
920 1334 966 1361 diu

176 1375 376 1403 consolationis
389 1384 472 1412 egere
499 1378 636 1412 permisit.
654 1378 721 1405 Nam
745 1379 874 1407 transfert
899 1380 967 1407 Eno-

172 1423 271 1460 .chum,
287 1430 375 1457 eaque
396 1431 426 1451 re
448 1430 572 1452 naturam
588 1429 710 1452 nostram
733 1425 920 1453 condocefacit
938 1431 967 1453 ut

178 1469 411 1497 immortalitatem
428 1471 502 1498 illam
517 1476 665 1507 exspectet,
681 1480 735 1507 qua
747 1473 965 1508 propterinobe-

175 1514 308 1542 dientiam
333 1517 445 1544 excidit.
465 1517 533 1544 Audi
552 1518 619 1552 quid
643 1518 737 1545 hacin
761 1524 838 1553 parte
854 1527 967 1554 magnus

177 1560 222 1587 ille
252 1561 418 1589 Athanasius
441 1563 468 1589 in
491 1563 618 1591 oratione
641 1571 690 1591 sua
710 1564 744 1591 de
771 1564 966 1599 Assumptione
981 1576 1003 1606 ρ

177 1607 267 1633 tradat
281 1615 288 1633 :
306 1616 314 1632 (
333 1606 406 1634 Mers
422 1608 531 1642 quidem
548 1609 660 1636 intravit
673 1617 722 1644 per
737 1609 965 1644 inobedientiam,

177 1661 271 1680 verum
299 1653 477 1682 nihilominus
503 1662 559 1682 suae
588 1657 812 1684 comminationis
846 1657 967 1692 vigorem

178 1699 271 1725 laxans
284 1698 356 1726 Deus
368 1701 459 1727 statim
475 1701 596 1728 humano
614 1704 706 1737 generi
723 1710 799 1737 spem
824 1704 967 1730 immorta-

177 1745 262 1772 litatis
287 1745 352 1772 oriri
379 1745 453 1778 facit,
479 1747 543 1774 dum
573 1747 715 1775 Enochum
737 1755 753 1775 θ
775 1749 865 1776 medio
885 1750 966 1784 rapit,

177 1798 265 1825 eoque
281 1797 358 1825 pacto
376 1799 425 1818 nos
443 1792 523 1820 docet
540 1798 627 1820 metas
641 1794 855 1822 immortalitatis
870 1803 968 1830 exspe-

178 1838 292 1864 ctandas
325 1838 405 1865 nobis
435 1846 505 1866 esse.
528 1848 537 1864 ι
556 1839 727 1867 Confirmant
752 1840 809 1868 haec
826 1846 853 1868 et
865 1840 969 1870 Christi

178 1883 316 1917 discipuli,
335 1891 396 1911 cum
415 1884 509 1912 dicunt
523 1893 554 1912 ea
571 1893 631 1920 qua:
646 1885 758 1914 Enocho
773 1891 799 1914 et
814 1887 878 1914 Elia;
898 1887 969 1914 acci-

179 1930 280 1958 derint.
302 1936 499 1965 reprmsetttare
516 1933 595 1959 nobis
616 1933 762 1968 insigniter
779 1933 968 1960 liberationem

180 1977 265 2002 nostri
281 1976 314 2002 ah
332 1977 442 2004 interitu
463 1983 490 2005 et
507 1978 587 2005 vitam
603 1979 676 2006 illam
695 1984 866 2014 perpetuam.
882 1979 920 2006 Ac
935 1979 969 2006 de

181 2022 339 2057 hisquidem
350 2023 376 2050 in
386 2023 459 2050 hunc
470 2025 578 2050 modum
589 2024 627 2051 illi
636 2025 836 2052 disseruerunt.
850 2025 969 2052 Joannes

180 2074 270 2095 autem
287 2069 501 2104 Chrysostomus
526 2070 650 2104 exposuit
670 2071 751 2098 etiam
767 2072 898 2098 illustrius
923 2071 970 2098 lto-

181 2115 281 2140 minem
297 2115 414 2149 primum
429 2115 480 2142 hac
503 2115 536 2142 ab
551 2116 662 2143 interitu
676 2115 850 2143 immunitate
870 2116 970 2150 praedi-

156 2155 160 2159 ’
181 2165 237 2187 tum
266 2161 362 2193 fuisse,
379 2162 460 2196 idque
488 2170 536 2196 per
555 2163 611 2189 hate
636 2162 695 2197 ipsa
710 2163 791 2190 verba
810 2172 816 2190 :
837 2172 846 2188 ι
866 2163 971 2190 Placuit

180 2206 308 2234 Enochus
333 2207 396 2240 Deo,
414 2212 556 2242 propterea
579 2208 754 2236 transfertur.
773 2209 822 2235 llic
837 2208 969 2236 mibiDo-

819 134 1030 166 MlCllAELlS
1050 136 1182 166 GLYCtE

1754 132 1803 164 184

1059 193 1129 220 Ἀλλ’
1143 193 1260 221 ἐνταῦθα
1273 193 1418 229 προσέχειν
1427 192 1510 225 ἄξιον.
1524 191 1590 218 Οᾶδὲ
1602 190 1656 224 γὰρ
1668 190 1805 225 ἠϐουλήθη

1021 240 1100 274 μόνον
1128 241 1142 266 ὁ
1166 240 1233 271 Θεὸς
1254 240 1366 275 βασιλέα
1391 239 1562 273 καταστῆσαι
1586 238 1640 264 τῶν
1659 237 1806 271 ἐρωμένων

1019 285 1111 317 αὑτὸν,
1132 285 1200 312 ἀλλὰ
1213 286 1260 312 καὶ
1276 285 1366 321 ἔργοις
1383 286 1475 316 αὐτοῖς
1493 283 1705 320 ἀπηρτισμένην
1721 282 1805 313 ἔδειξε

1018 332 1066 366 τὴν
1082 333 1181 367 ἀρχὴν.
1211 333 1320 366 Ἦγαγε
1334 332 1389 367 γὰρ
1405 333 1439 359 τὰ
1466 332 1524 364 ζῶα
1543 331 1632 357 πάντα
1654 329 1805 364 τηνικαῦτα

1019 378 1087 412 πρὸς
1100 379 1193 411 αὐτὸν,
1214 379 1302 405 καίτοι
1320 386 1351 412 γε
1369 378 1399 404 τὸ
1430 377 1527 413 μέλλον
1543 377 1592 403 οὐκ
1615 376 1731 410 ἀγνοῶν,
1750 375 1805 401 Καὶ

1018 424 1090 452 οὕτω
1103 426 1136 452 τὰ
1149 426 1239 452 πάντα
1255 425 1372 459 δουλικῷ
1389 424 1581 460 παριστάμενα
1601 423 1722 457 σχήματι
1740 422 1804 456 παρ’

1018 472 1100 498 αὑτοῦ
1111 473 1161 503 τὰς
1173 473 1334 508 ἐπωνυμίας
1348 472 1480 507 ὲδέχοντο.
1491 471 1570 498 Οὕτω
1580 471 1630 506 μὲν
1642 470 1688 497 οὖν
1701 470 1803 504 ἔφθασε

1018 519 1062 545 διά
1078 527 1109 552 γε
1135 520 1185 554 τῆς
1211 520 1307 553 νοερᾶς
1325 518 1417 554 ψυχῆς
1444 519 1492 545 καὶ
1516 517 1652 552 ἀθανασίᾳ
1683 516 1805 550 τιμήσας

1019 564 1110 592 αὐτόν.
1125 564 1156 591 Ei
1171 565 1225 600 γὰρ
1246 565 1293 591 καὶ
1305 564 1353 599 τὴν
1377 563 1568 598 γενησομένην
1585 562 1667 588 αὑτοῦ
1686 561 1746 596 μετ’
1774 562 1803 588 οὺ

1019 609 1086 636 πολὺ
1103 610 1299 644 παρεκτροτύιν
1314 611 1365 636 οὐκ
1380 607 1414 645 ἦν
1423 609 1540 644 ἀγνοῶν,
1556 608 1615 636 ἀλλ’
1632 608 1727 642 ἐπειδὴ
1754 616 1805 634 κα-

1020 655 1174 687 ταδικάζειν
1188 656 1219 681 ὲκ
1237 655 1321 691 μόνης
1336 656 1366 682 οὐ
1382 655 1455 681 θέλει
1471 654 1669 690 προαιρέσεως,
1683 653 1732 687 τὴν
1743 654 1807 680 ἑαυ-

1018 701 1065 729 τοῦ
1083 702 1180 738 βουλὴν
1199 703 1243 729 ἐπ’
1255 702 1330 737 αὐτῷ
1345 702 1507 737 θεοπρεπῶς
1531 702 1675 736 ἐκπληροῖ,
1693 701 1740 727 καὶ
1754 700 1806 734 ψυ-

1018 749 1068 784 χῆς
1085 748 1171 782 αὐτῷ,
1199 748 1272 776 καθὰ
1299 749 1331 783 δὴ
1358 749 1406 776 καὶ
1432 748 1609 783 προείρηται,
1640 746 1806 781 μεταδίδωσι

1018 795 1125 830 νοερᾶς,
1142 794 1179 826 ὡς
1194 794 1320 822 ἐντεῦθεν
1339 795 1422 821 αὐτὸν
1445 792 1514 821 εἶναι
1542 795 1590 820 καὶ
1614 792 1747 820 ἀθάνατον
1765 792 1804 822 εἰς

1017 839 1047 866 τὸ
1060 839 1193 874 διηνεκές.
1220 839 1302 866 Ἀλλὰ
1326 839 1381 874 γὰρ
1407 839 1478 869 τίνος
1500 838 1594 864 ἕνεκεν
1614 837 1734 870 ἄρχοντα
1752 834 1806 860 τῶν

1018 884 1147 918 ἐπιγείων
1164 883 1276 918 ἐποίησε
1296 884 1344 910 καὶ
1369 883 1503 910 ἀθάνατον
1521 882 1618 908 αὐτίκα
1640 881 1686 907 τὸν
1702 879 1809 914 ἄνθρω-

1019 932 1087 960 πον;
1105 928 1164 954 Ἵνα
1179 928 1309 962 μάθωμεν
1325 927 1449 954 ἐντεῦθεν
1464 927 1505 954 ὃτι
1522 926 1569 952 καὶ
1580 925 1721 959 ὁποιήσας
1734 923 1808 958 ἡμᾶς

1018 973 1085 1005 Θεὸς
1104 973 1198 1000 πασῶν
1210 973 1292 1008 ἄρχει
1315 972 1369 999 τῶν
1383 973 1439 1000 ἄνω
1451 972 1606 1006 δυνάμεων,
1619 971 1667 997 καὶ
1681 971 1723 996 ὅτι
1740 969 1808 996 ἀθά-

1019 1018 1098 1049 νατός
1113 1017 1172 1043 ἐστι
1185 1017 1233 1043 καὶ
1249 1017 1386 1053 ἄφθαρτος
1402 1017 1450 1043 καὶ
1465 1015 1628 1050 ἀνώλεθρος.
1643 1013 1706 1041 Ἐπὶ
1720 1013 1808 1048 τούτῳ

1019 1062 1074 1098 γὰρ
1089 1063 1137 1090 καὶ
1150 1061 1296 1097 προλαϐὼν
1310 1062 1374 1097 χοῦν
1385 1062 1462 1096 ἔλεγε
1473 1069 1480 1076 ·
1498 1072 1508 1088 ‹
1521 1061 1588 1088 Κατ’
1601 1061 1703 1088 οἰκείαν
1716 1059 1809 1086 εἰκόνα

1020 1109 1180 1142 ποιήσωμεν
1197 1108 1242 1134 τὸν
1255 1108 1410 1143 ἄνθρωπον.
1431 1117 1440 1133 ›
1474 1109 1506 1134 ’Ὀ
1533 1107 1565 1142 δὴ
1584 1107 1631 1133 καὶ
1652 1106 1666 1132 ὸ
1683 1105 1810 1139 Σολομὼν

1019 1154 1098 1185 εἰδὼς
1111 1174 1118 1186 ,
1137 1163 1146 1179 ι
1166 1155 1196 1180 '0
1207 1154 1284 1186 Θεὸς,
1300 1154 1389 1188 ἔλεγε,
1403 1154 1517 1180 θάνατον
1531 1153 1580 1179 οὐκ
1597 1152 1736 1187 ὲποῖησεν,
1753 1151 1810 1177 ἀλλ’

1020 1198 1062 1224 ἐπ’
1078 1197 1218 1233 ἀφθαρσίᾳ
1232 1197 1278 1224 τὸν
1294 1197 1441 1231 ἄνθρωπον
1463 1197 1556 1224 ἔκτισε
1572 1196 1634 1223 κατ’
1652 1196 1744 1222 εἰκόνα
1759 1193 1808 1228 τῆς

1020 1241 1171 1276 ἀῖδιότητος
1186 1241 1279 1268 αὑτοῦ.
1295 1251 1304 1267 ι
1324 1241 1396 1276 Πλὴν
1413 1241 1437 1266 εἰ
1452 1241 1500 1267 κα)⁹
1522 1241 1633 1274 θανάτῳ
1649 1239 1810 1266 κατεδίκασε

1022 1287 1091 1321 μετὰ
1116 1287 1203 1313 ταῦτὰ
1228 1287 1274 1313 τὸν
1299 1287 1453 1321 ἄνθρωπον,
1469 1286 1527 1313 ἀλλ’
1542 1286 1592 1312 οὐχ
1603 1285 1710 1320 ἀφῆκεν
1727 1284 1811 1310 αὐτὸν

1019 1331 1239 1367 ἀπαραμύθητον
1257 1330 1327 1358 εἶναι
1342 1333 1423 1366 μέχρι
1439 1331 1549 1359 πολλοῦ,
1573 1331 1743 1365 Μετατίθησι
1756 1331 1810 1364 γὰρ

1019 1376 1064 1402 τὸν
1085 1376 1180 1411 Ἑνὼχ,
1193 1377 1240 1403 καὶ
1250 1377 1404 1411 τηνικαῦτα
1415 1377 1465 1411 τὴν
1480 1376 1580 1411 θνητὴν
1593 1376 1714 1403 ἐδίδασκε
1730 1375 1812 1408 φύσιν

1020 1423 1098 1458 ἡμῶν
1114 1422 1263 1450 ἀθανασίαν
1282 1423 1389 1458 ἐκείνην
1404 1423 1564 1457 ἐκδέχεσθαι
1587 1419 1620 1457 ἧς
1639 1422 1751 1455 ἐξέπεσε
1766 1421 1810 1447 διὰ

1020 1469 1069 1503 τὴν
1085 1468 1250 1503 παράϐασιν.
1279 1468 1334 1495 Καὶ
1352 1468 1434 1495 ἄκουε
1447 1468 1474 1494 τί
1491 1468 1671 1502 περὶτούτων
1687 1467 1770 1501 φησιν
1797 1466 1810 1491 ὁ

1022 1515 1109 1550 μέγας
1132 1514 1292 1546 Ἀθανάσιος
1308 1515 1337 1540 ἐν
1348 1514 1388 1548 τῷ
1407 1515 1446 1545 εἰς
1460 1513 1509 1549 τὴν
1524 1513 1658 1548 ἀνάληψιν
1674 1513 1746 1547 λόγῳ
1764 1513 1812 1538 αὑ-

1020 1561 1067 1587 τοῦ
1077 1568 1084 1575 ·
1102 1570 1110 1586 ι
1129 1559 1249 1591 Θάνατος
1267 1560 1317 1595 μὲν
1332 1559 1441 1594 εἰσῆλθε
1455 1559 1499 1586 διὰ
1515 1559 1564 1595 τὴν
1575 1559 1811 1594 παρακοὴν,λύων

1019 1607 1047 1633 δὲ
1058 1608 1133 1641 ὅμως
1147 1606 1196 1642 τὴν
1209 1606 1258 1640 τῆς
1276 1605 1393 1639 ἀπειλῆς
1411 1605 1504 1640 ἀκμὴν
1518 1605 1531 1630 ὁ
1545 1605 1611 1636 Θεὸς
1624 1604 1718 1630 ἐλπῐδα
1731 1604 1812 1635 εὐθὺς

1019 1652 1169 1683 ἀθανασίας
1185 1651 1306 1679 ἀνέτειλε
1327 1651 1366 1686 τῷ
1381 1652 1466 1685 γένει,
1487 1651 1534 1677 καὶ
1548 1651 1595 1677 τδν
1618 1650 1705 1686 Ἑνὼχ
1717 1651 1748 1677 ἐκ
1763 1652 1812 1685 μὲ-

1019 1706 1066 1725 σου
1085 1697 1216 1731 ἁρπάζει,
1233 1696 1382 1724 κάντεῦθεν
1399 1697 1448 1732 τὴν
1465 1696 1566 1732 θνητὴν
1586 1697 1708 1723 ἐδίδασκε
1732 1697 1813 1730 φύσιν

1016 1743 1097 1778 ὄρους
1116 1743 1268 1774 ἀθανασίας
1288 1743 1346 1778 ἅμα
1364 1743 1537 1778 ἐκδέχεσθαι.
1557 1752 1566 1769 ι
1591 1742 1684 1769 Ταῦτα
1704 1742 1753 1777 μὲν
1766 1740 1812 1769 οὖν

1019 1788 1209 1816 ἔπιϐεϐαιοῦσι
1234 1789 1283 1815 καὶ
1298 1790 1323 1815 οι
1340 1788 1463 1824 μαθηταὶ
1494 1787 1615 1823 Χριστοῦ
1630 1788 1754 1822 λέγοντες
1772 1789 1812 1814 ὅτι

1020 1837 1068 1870 τὴν
1099 1834 1307 1869 ἀπαφθάρτισιν
1336 1834 1418 1868 ἡμῶν
1443 1835 1491 1861 καὶ
1516 1834 1673 1866 πολυξωταν
1687 1835 1721 1860 τὰ
1741 1834 1813 1860 κατὰ

1020 1881 1065 1908 τὸν
1082 1881 1168 1916 Ἑνὼχ
1195 1881 1243 1908 καὶ
1276 1880 1370 1907 Ἠλίαν
1388 1880 1512 1914 ἐναργῶς
1531 1881 1662 1916 παριστᾷ.
1690 1881 1812 1916 Πρόσεχε

1020 1928 1066 1955 οὖν
1076 1936 1083 1944 “
1095 1927 1144 1962 τὴν
1156 1927 1210 1963 γὰρ
1236 1927 1442 1962 ἀπαφθὰρτισιν
1458 1927 1536 1963 ἡμῶν
1558 1928 1604 1954 καὶ
1616 1927 1815 1954 ἀπαθανάτισιν

1020 1972 1074 1999 ἀπὸ
1089 1971 1158 1998 Θεοῦ
1174 1971 1264 1998 λαεὼν
1280 1972 1294 1997 ὁ
1319 1971 1406 2007 Ἑνὼχ
1437 1972 1483 1998 διὰ
1506 1972 1557 2006 τῆς
1575 1972 1749 2006 μεταθέσεως
1765 1972 1814 2007 τὴν

1021 2018 1121 2053 θνητὴν
1143 2018 1266 2044 ἐδίδασκε
1298 2017 1378 2052 φύσιν
1395 2017 1485 2052 ἡμῶν,
1508 2017 1546 2049 ὡς
1562 2017 1612 2053 ἤδη
1637 2018 1815 2052 προείρηται,

1021 2066 1099 2100 ὅρους
1113 2065 1263 2096 ἀθανασίας
1279 2064 1448 2100 ἐκδέχεσθαι,
1475 2064 1529 2090 Καὶ
1558 2060 1631 2090 οὗτοι
1651 2064 1700 2099 μὲν
1715 2064 1812 2096 οὕτως·

1021 2111 1077 2138 ὁδὲ
1104 2111 1308 2147 χρυσόρρήμων
1330 2110 1458 2145 Ἰωάννης
1489 2110 1685 2145 ἀριδηλότερον
1712 2110 1814 2143 ἔδειξεν

1021 2159 1062 2185 ὅτι
1086 2158 1136 2194 τήν
1163 2157 1370 2192 ἀπαφθάρτισιν
1399 2156 1504 2191 ταύτην
1532 2157 1546 2182 ὁ
1577 2156 1686 2191 πρῶτος
1713 2158 1816 2188 ἐκεῖνος

1024 2202 1096 2239 εἶχεν
1119 2203 1274 2238 ἄνθρωπος,
1291 2202 1362 2229 οὕτω
1387 2203 1459 2229 κατὰ
1473 2203 1548 2235 λέξιν
1564 2203 1668 2240 εἰπών·
1685 2213 1694 2229 ι
1710 2202 1816 2238 Εὐτερέ-

180 2254 246 2281 mini
269 2255 417 2281 bonitatem
442 2255 558 2281 intuere.
573 2254 641 2282 Cum
658 2255 730 2281 enitn
756 2255 902 2290 rcperisset
918 2256 968 2283 ho-

1024 2259 1121 2286 στησεν
1155 2251 1241 2285 Ἑνὼχ
1274 2249 1313 2285 τῷ
1330 2250 1400 2284 Θεῷ,
1416 2249 1464 2276 καὶ
1486 2249 1671 2285 μετατίθεται.
1693 2250 1748 2277 Καὶ
1762 2251 1813 2285 ὅρα

180 2299 281 2326 minem
295 2299 402 2335 egregia
417 2300 516 2326 virtute
532 2299 689 2333 prmditum.
717 2307 770 2326 non
791 2308 822 2327 ea
838 2300 970 2336 dignitate

179 2344 279 2378 spoliat
293 2345 381 2379 ipsum
402 2353 482 2378 quam
506 2349 569 2371 ante
587 2344 707 2372 mandati
728 2345 901 2372 violationem
919 2346 969 2372 ho-

181 2390 248 2416 mini
264 2389 381 2424 primum
402 2389 519 2416 formato
535 2390 646 2424 largitus
662 2389 760 2417 fuerat.
779 2399 788 2415 ι
807 2390 910 2423 Quodsi
935 2390 971 2418 ita

183 2441 234 2468 est,
251 2435 317 2469 quid
348 2435 437 2462 verbis
464 2441 506 2462 est
530 2436 618 2471 opus?
641 2436 708 2462 Natu
726 2436 748 2464 si
772 2437 876 2471 primus
889 2436 971 2464 homo

183 2481 382 2520 iptntuniment
397 2481 469 2508 illam
485 2481 519 2508 ab
533 2481 644 2509 interitu
660 2483 766 2515 habuit,
781 2491 862 2517 quam
879 2488 908 2510 ut
924 2484 972 2512 ho-

180 2527 270 2553 mines
289 2531 448 2560 exspectent
463 2527 592 2554 Enochus
606 2528 753 2556 translatus
767 2528 871 2561 docuit,
882 2530 973 2556 omni-

180 2580 217 2600 no
234 2573 408 2608 perspicuum
438 2578 479 2600 est
507 2574 578 2606 quod
601 2581 616 2600 a
646 2573 700 2600 Deo
718 2574 779 2601 lulis
795 2575 923 2601 conditus
938 2574 972 2601 ab

182 2620 260 2647 initio
273 2619 365 2651 fuerit,
382 2619 490 2654 qualem
503 2627 534 2647 ex
547 2621 663 2647 mortuis
678 2624 898 2648 resurrecturum
909 2628 971 2647 ora-

181 2667 242 2695 cula
258 2667 349 2694 divina
367 2667 490 2694 tradunt.
519 2666 566 2694 llis
594 2672 620 2694 tu
641 2667 720 2694 fidem
747 2667 879 2702 derogare
905 2667 971 2694 noli.

182 2714 251 2741 Nam
263 2717 291 2741 ct
307 2713 469 2741 Anastasius
485 2713 529 2740 ille
545 2713 676 2744 Sinaitcs,
694 2713 721 2740 in
737 2713 861 2741 oratione
876 2722 924 2741 sua
940 2714 972 2740 de

185 2761 399 2793 resurrectione,
418 2760 510 2788 verbis
536 2760 579 2787 his
603 2760 698 2788 eadem
723 2760 893 2796 apertissime
920 2765 972 2788 tra-

219 2842 243 2859 "
257 2843 319 2878 Sap.
336 2853 352 2875 t,
374 2844 414 2871 15.

1024 2298 1158 2324 Δεσπότου
1173 2297 1341 2331 ἁγαθότητα.
1363 2295 1458 2331 Εὺρὼν
1474 2296 1530 2331 γὰρ
1543 2297 1629 2331 ἄνδρα
1643 2296 1693 2331 τὴν
1713 2296 1814 2332 ἀρετὴν

1025 2343 1226 2379 κατωρθωκότα
1251 2343 1301 2369 οὐκ
1324 2343 1505 2378 ἁπεστέρισεν
1530 2343 1612 2369 αὐτὸν
1622 2343 1671 2377 τῆς
1687 2343 1764 2375 ἀξίας
1782 2343 1816 2377 ἢν

1025 2391 1064 2425 τῷ
1076 2388 1284 2425 πρωτοπλὰστῳ
1311 2388 1459 2423 ἐχαρίσατο
1479 2388 1532 2423 πρὸ
1555 2388 1604 2422 τῆς
1629 2387 1815 2421 παραϐάσεως

1025 2437 1074 2471 τῆς
1090 2435 1211 2470 ἐντολῆς.
1233 2445 1242 2462 t
1270 2435 1301 2462 El
1320 2435 1349 2461 δὲ
1365 2434 1444 2461 τοῦτο
1459 2433 1544 2466 οὕτως
1562 2434 1630 2469 ἔχει,
1650 2435 1676 2460 τι
1696 2435 1749 2468 χρὴ
1766 2433 1815 2460 καὶ

1026 2482 1135 2516 λέγειν;
1166 2481 1196 2507 Εἰ
1221 2481 1277 2516 γὰρ
1304 2481 1318 2507 ὁ
1348 2479 1455 2515 πρῶτος
1473 2481 1577 2511 ἐκεῖνος
1605 2479 1751 2514 ἄνθρωπος
1765 2479 1814 2514 τὴν

1026 2527 1232 2562 ἀπαφθάρτισιν
1252 2525 1308 2562 εἶχε
1328 2526 1443 2561 ταύτην,
1459 2527 1492 2562 ἢν
1512 2526 1670 2561 ἐκδέχεσθαι
1685 2526 1735 2561 τὴν
1751 2526 1816 2561 θνη-

1026 2574 1075 2610 τὴν
1093 2574 1174 2608 φύσιν
1191 2574 1315 2600 ἐδίδασκε
1345 2573 1505 2608 μετατεοεὶς
1518 2574 1531 2599 ό
1568 2572 1664 2607 Ἑνὼχ,
1688 2573 1814 2612 φαίνεται

1026 2622 1134 2652 πάντως
1162 2621 1203 2647 ὅτι
1221 2619 1341 2651 τοιοῦτος
1357 2619 1409 2646 ὑπὸ
1423 2620 1490 2646 Θεοῦ
1506 2619 1636 2654 παρήχθη
1650 2619 1710 2645 κατ’
1728 2619 1814 2654 ἀρχὰς

1026 2669 1039 2694 ὁ
1053 2668 1197 2703 ἄνθρωπος
1226 2667 1318 2693 ὁποῖον
1336 2666 1420 2692 αὑτὸν
1437 2667 1468 2692 ἐκ
1483 2666 1589 2700 νεκρῶν
1615 2664 1763 2701 ἐγερθῆναι
1780 2667 1815 2692 τὰ

1027 2715 1087 2741 θεῖα
1101 2714 1236 2747 φάσκουσι
1251 2713 1339 2746 λόγια.
1362 2712 1407 2747 Μὴ
1431 2710 1477 2738 οὖν
1495 2712 1604 2738 ἀπίστει
1623 2714 1680 2743 τοῖς
1697 2712 1814 2746 λεγομέ-

1028 2767 1094 2790 νοις.
1107 2758 1180 2792 Ὅρα
1193 2758 1248 2793 γὰρ
1260 2758 1301 2785 ἔτι
1315 2757 1362 2783 καὶ
1374 2759 1388 2783 ὀ
1404 2757 1530 2790 limat-.11;
1548 2757 1618 2788 Osis;
1639 2758 1815 2788 ’Λναστάσιος
