1957 3073
132 142 180 172 185

775 139 978 174 ANNALIUM
995 139 1092 170 PARS
1112 140 1135 171 Ι.

1703 141 1752 173 186

130 201 158 225 ὲν
174 197 210 234 et}.
222 205 288 233 περι
301 197 476 236 dua-uasto;
490 197 562 232 λόγῳ
587 196 671 224 αὗτοῦ
685 196 730 223 τὸν
745 202 809 232 περι
820 192 914 223 renisu

970 202 1033 224 ctat.
1045 197 1111 225 Tale
1123 197 1283 226 suseitatum
1299 203 1340 225 est
1355 205 1385 225 ex
1403 197 1518 225 mortuis
1528 205 1636 233 corpus,
1650 199 1753 227 dudum

129 245 207 278 λόγον
221 244 412 279 ἀριδηλότερον
428 244 555 276 ποιεῖται,
572 243 620 270 καὶ
637 242 709 269 οὕτω
724 243 790 277 φησί
804 251 812 258 ·
828 252 836 268 ι
854 243 916 269 Τοι-

129 291 206 317 οῦτον
224 290 255 316 ὲκ
267 289 371 325 νεκρῶν
382 290 530 324 ἐγήγερται
542 290 572 315 τὺ
586 289 664 324 σῶμα
675 289 705 315 τὸ
720 288 813 320 πεσὸν,
825 289 916 314 ὁποῖον

128 334 164 371 ἦν
180 335 226 363 ἀπ’
244 336 343 371 ἀρχῆς,
356 335 562 370 ἁποῦαλόμενον
578 335 650 361 ἆπαν
666 334 735 370 ὅπερ
755 334 854 368 ἔφθασε
872 333 915 359 διὰ

131 384 181 417 τὴν
193 382 331 417 ἁμαρτίαν
343 381 528 416 ἐπισυμϐἦναι
544 380 626 415 αὐτῷ.
648 390 657 406 ι
677 381 797 414 Πρόσεχε
815 379 871 407 οὖν.
885 380 916 405 Et

132 430 183 464 γὰρ
197 429 317 454 τοιοῦτον
332 428 482 462 ἐγήγερται
508 427 600 453 ὁποῖον
611 424 645 462 ἦν
664 426 711 452 ἀπ’
726 426 823 460 ἀρχῆς,
841 425 871 451 τὸ
888 425 916 451 δὲ

132 474 307 510 ἐγειρόμενον
326 474 414 500 ἐκεῖνο
431 472 512 507 σῶμα
527 471 588 498 τότε
610 471 726 498 θανάτου
745 471 793 497 καὶ
813 470 917 505 φθορᾶς

132 522 244 556 ἄμεινον
253 519 398 555 ἐγερθῆναι
409 518 596 554 ὡμολόγηται,
609 519 654 544 καὶ
664 517 769 552 βεϐαιοῖ
782 517 826 543 τὸν
838 517 917 550 λόγον

131 568 145 594 6
161 567 311 601 πάμμεγας
327 564 431 596 Παῦλος
446 564 517 591 οὕτω
534 564 620 598 λέγων
634 572 640 580 ⁸
659 573 668 589 ι
687 564 733 589 Δεῖ
751 563 781 588 τὸ
799 561 917 596 φθαρτὸν

132 613 210 639 τοῦτο
236 611 399 638 ἐνδύσασθαι
424 610 592 645 ἀφθαρσίαν,
608 611 656 635 καὶ
679 609 709 635 τὺ
725 608 820 641 θνητὸν
839 607 917 633 τοῦτο
932 642 941 648 _

133 657 296 684 ἐνδύσασθαι
314 656 477 688 ἀθανασίαν,
498 665 506 681 I
522 655 633 690 εὔδηλον
649 656 757 685 πάντως
777 654 817 680 ὅτι
831 653 877 679 καὶ
887 651 917 678 τὺ

133 703 211 738 σῶμα
227 704 326 735 ἐκεῖνο,
337 702 410 735 λέγω
420 702 451 736 δὴ
467 703 497 728 τὸ
512 701 628 737 πρώτως
643 701 696 727 ὑπὸ
709 700 776 726 Θεοῦ
793 698 916 733 ποιηθὲν,

132 751 268 776 ἀθάνατον
290 748 399 783 ἀληθῶς
429 749 536 784 ὑπῆρχε
562 748 609 774 καὶ
634 738 784 782 ἄφθαρτον,
811 745 847 777 ὼς
867 744 917 779 ήδη

133 797 263 827 πολλάκις
274 796 437 830 είρήκαμεν.
453 794 524 821 Αὐτὸ
535 793 614 820 τοῦτο
627 792 777 827 παρίστησι
791 792 838 818 καὶ
849 791 918 817 Νυσ-

133 842 216 874 casia;
242 842 313 872 θεῖος
342 841 504 876 Γρηγὸριος,
521 840 601 875 ἡνίκα
619 840 665 866 καὶ
683 838 785 873 μᾶλλον
803 837 917 872 εὕρηται

131 889 162 914 τὸ
190 887 236 914 τοῦ
257 886 500 922 Ἐκκλησιαστικοῦ
529 885 610 921 ῥητὸν
639 884 859 918 ἐπεξηγούμενος
887 882 916 908 τὸ
934 878 956 908 Β

131 932 314 967 διαλαμὸάνον
327 932 414 962 οὕτως
429 933 458 958 ὲν
471 931 560 964 λέξεσι
572 940 579 946 ·
599 940 608 956 ι
622 931 654 957 Τί
664 931 694 956 τὸ
708 929 819 964 γεγονός
829 929 919 962 ;-αὺτδ

130 979 162 1005 τὸ
177 978 370 1012 γενησόμενον.
393 977 447 1004 Καὶ
468 977 496 1003 τί
525 976 558 1003 τὸ
575 976 778 1010 πεποιημένον;
807 974 874 1001 αὐτὸ
889 972 920 999 τὸ

132 1024 360 1058 ποιηθησόμενον.
381 1031 391 1048 ι
412 1023 492 1057 Λέγει
503 1022 558 1057 γὰρ
573 1022 614 1048 ὅτι
630 1022 702 1056 χειρὶ
717 1021 785 1047 Θεοῦ
805 1027 920 1054 πεποιη-

133 1070 214 1104 μένος
228 1069 371 1104 ἄνθρωπος
382 1068 432 1102 οὐχ
456 1068 469 1094 ὃ
485 1067 532 1094 νῦν
548 1068 607 1094 ἐστι
625 1067 669 1093 διὰ
695 1067 746 1101 τὴν
770 1065 919 1100 ἁμαρτίαν,

132 1112 219 1146 ἡγουν
235 1112 351 1147 τρεπτδς
380 1112 427 1139 καὶ
444 1111 576 1146 φθαρτὸς,
602 1111 680 1139 τοῦτο
703 1108 737 1144 ἦν
757 1110 804 1136 ἀπ’
819 1110 918 1144 ἀρχῆς,

132 1158 191 1184 ἀλλ’
208 1157 222 1183 ὃ
240 1156 420 1191 ποιηθήσεται
438 1156 564 1191 ὕστερον,
588 1157 723 1191 ἄτρεπτος
736 1155 858 1190 δηλονότι
873 1153 920 1180 καὶ

132 1202 284 1236 ἄφθαρτος.
300 1201 387 1236 Εἴπερ
408 1199 456 1227 οὖν
479 1202 493 1227 6
507 1201 574 1232 Θεὸς
591 1200 633 1227 ἐπ’
651 1200 790 1235 ἀφθαρσίᾳ
816 1199 860 1225 τὸν
873 1198 920 1225 ἄν·

133 1249 243 1282 θρωπον
254 1248 356 1279 ἔκτισε,
383 1248 445 1273 κατ’
456 1247 548 1274 εἰκόνα
566 1247 615 1281 τῆς
642 1246 793 1280 ἁῖδιότητος
823 1243 918 1276 αὑτοῦ,

132 1294 207 1321 καθά
220 1302 286 1327 φησι
302 1293 427 1328 Σολομῶν
438 1300 445 1307 ’
467 1293 547 1327 εἴπερ
564 1291 610 1319 οὖν
627 1292 711 1324 ἔδειξε
722 1292 751 1323 τὸ
764 1292 861 1319 οῑκεῖον
874 1300 919 1324 φι-

132 1339 244 1373 λότιμον
266 1337 400 1373 μεταδοὺς
415 1337 490 1372 σὺτῷ
504 1337 592 1372 ψυχῆς
608 1337 705 1371 νοερᾶς
726 1336 764 1368 ὡς
779 1333 850 1362 εἶναι
873 1337 921 1363 καὶ

132 1385 269 1413 ἀθάνατον
285 1385 312 1417 ἐς
323 1384 354 1409 τὸ
365 1383 499 1418 διηνεκὲς,
514 1383 552 1415 ὡς
568 1384 582 1409 6
598 1382 716 1418 χρυσοῦς
728 1383 777 1418 τὴν
797 1382 920 1416 γλῶττάν

132 1440 217 1466 φησιν
227 1439 234 1447 ·
246 1430 325 1465 εἴπερ
339 1429 385 1456 οὖν
395 1430 471 1464 ζωῆς
486 1430 596 1456 αίωνίου
609 1428 760 1457 ἀπόλαυσιν
774 1429 920 1465 ἐχαρίσατο

130 1477 173 1512 τῷ
187 1476 326 1512 ἀνθρώπῳ
343 1475 406 1504 κατ’
423 1476 511 1510 ἀρχὰς
529 1476 544 1501 6
563 1475 640 1508 Θεὸς,
660 1475 698 1506 ὠς
711 1476 725 1501 ὀ
747 1477 834 1510 μέγας
853 1476 919 1511 φησὶ

132 1523 274 1554 Βασίλειος
286 1529 292 1536 ⁵
321 1521 402 1556 εἴπερ
421 1519 469 1547 οὖν
488 1522 504 1556 ἡ
531 1520 629 1555 πρώτη
646 1521 754 1551 ποίησις
770 1520 815 1546 τοῦ
835 1520 920 1555 Ἀδὰμ

131 1567 272 1601 ἄφθαρτος
298 1564 342 1601 ἦν,
363 1566 399 1598 ὡς
419 1566 432 1591 6
452 1565 579 1599 Σιναῖτης
599 1565 667 1599 φησὶ
692 1564 763 1595 θεῖος
786 1565 919 1591 ’Λναστὰ-

132 1621 190 1644 σιος
203 1620 210 1628 ·
228 1611 310 1645 εἰπερ
329 1610 377 1638 οὖν
391 1610 499 1645 ἀξίωμα
523 1610 623 1637 δέδωκε
642 1610 681 1645 τῷ
700 1609 837 1644 ἀνθρώπῳ
860 1610 919 1636 κατ¹

80 1676 83 1677 ν
129 1659 220 1694 ἀρχὰς
239 1658 254 1684 6
284 1657 349 1689 Θεὸς
369 1657 398 1683 τὸ
425 1657 559 1683 ἀθάνατον
585 1656 631 1682 καὶ
657 1655 820 1691 ἀνώλεθρον,
841 1654 877 1686 ὡς
907 1655 920 1681 6

129 1706 202 1737 θεῖος
217 1697 357 1739 ⁴Ἀνδρέας
383 1703 498 1739 εὓρηται
520 1703 625 1737 λέγων·
645 1702 723 1738 εἴπερ
749 1693 919 1735 αὐτεξουσιό-

125 1760 193 1787 τητι
217 1751 265 1777 καὶ
290 1750 425 1784 ἀθανασίᾳ
440 1748 559 1783 τιμήσας
581 1748 628 1774 τὸν
646 1748 790 1783 ἄνθρωπον
813 1749 827 1774 6
854 1749 919 1779 Θεὸς

131 1798 247 1834 βασιλέα
259 1797 370 1823 πάντων
397 1796 451 1821 τῶν
467 1795 597 1828 ἐπιγείων
618 1795 779 1829 κατέστησε,
796 1794 920 1829 καθάπερ

129 1847 142 1872 6
156 1843 295 1879 μακάριός
306 1850 372 1876 φησι
384 1841 528 1876 Βαρλαὰμ,
542 1841 601 1872 πῶς
617 1840 710 1867 λοιπὸν
725 1840 822 1875 θνητὸν
839 1840 920 1868 αὑτὸν

128 1890 200 1925 ὁμοῦ
214 1890 263 1915 καὶ
281 1889 415 1915 ἀθάνατον
433 1886 484 1913 ὑπὸ
500 1886 568 1913 Θεοῦ
584 1886 760 1921 παραχθῆναι
781 1887 918 1921 είπωμεν;

129 1935 302 1967 ὰνέ·ιδεκτον,
316 1934 354 1964 ὡς
366 1931 454 1968 οἶμαι,
472 1933 552 1959 τοῦτο
568 1933 616 1959 καὶ
630 1932 691 1959 λίαν
706 1932 775 1960 ἐστί.
796 1933 850 1959 Καὶ
863 1933 919 1964 πῶς

128 1982 185 2017 γὰρ
209 1981 261 2007 οὐκ
280 1980 449 2011 ἀνένδεκτον,
470 1979 528 2013 εἴγε
554 1981 601 2006 καὶ
615 1980 629 2005 ὁ
643 1979 728 2010 πολὺς
748 1979 777 2005 ὲν
796 1978 920 2014 θεολογίᾳ

128 2026 283 2062 Γρηγόριος
293 2025 343 2051 οὐκ
360 2025 394 2060 ἐᾷ
408 2023 533 2059 περὶτοῦ
546 2023 656 2059 πρώτου
670 2024 816 2060 ἀνθρώπου
829 2026 920 2051 τοιαῦ-

125 2081 162 2098 τα
179 2070 383 2105 φαντάζεσθαη
412 2069 517 2101 Παντὸς
542 2070 597 2103 γὰρ
626 2070 854 2105 ὲπικαλύμματος
874 2073 920 2097 καὶ

127 2117 324 2152 προὸλήματος
340 2116 453 2143 ἀνενδεᾶ
472 2116 517 2143 τὸν
534 2117 582 2143 ἀπ’
600 2116 689 2151 ἀρχῆς
711 2117 814 2144 ἐκεῖνον
834 2117 919 2143 εἰπὼν

127 2164 211 2196 εἶναι,
228 2162 315 2195 ἔδειξε
328 2162 475 2197 προφανῶς
486 2162 528 2188 ὅτι
543 2162 640 2196 στολὴν
654 2162 805 2193 ἀθανασίας
816 2164 920 2198 ὴμφιε-

967 243 1128 278 eollapsum,
1144 244 1223 278 quale
1238 244 1272 271 ah
1299 244 1376 271 initio
1399 249 1467 276 erat,
1486 245 1594 279 rejectis
1609 250 1689 279 atque
1706 246 1754 272 de-

968 290 1064 325 positis
1081 290 1208 317 omnibus
1234 297 1295 324 quae
1313 291 1387 323 prius
1403 291 1426 317 ei
1448 299 1496 325 per
1518 295 1657 324 peccaturo
1681 291 1756 317 acci-

968 337 1044 363 dere.
1057 336 1146 375 'Vel'illl
1165 336 1206 363 his
1223 336 1287 363 mihi
1318 336 1408 364 \‘crbis
1434 338 1554 363 animum
1570 337 1706 364 advertas.
1724 337 1752 363 Si

969 383 1013 408 tali
1026 382 1187 409 suscitatum
1209 387 1251 409 est
1265 383 1344 416 quale
1356 382 1390 409 ab
1410 382 1487 408 initio
1501 387 1570 413 erat,
1591 383 1639 409 etsi
1654 390 1754 416 corpus

969 428 1046 460 illud,
1062 428 1133 462 quod
1149 427 1294 459 excitatur,
1309 427 1348 454 sic
1362 427 1487 454 suscitari
1504 433 1610 454 constat
1624 433 1652 454 ut
1671 436 1753 462 supra

970 479 1084 501 mortem
1100 474 1294 508 interitumque
1311 474 1428 508 posituri]
1446 473 1490 506 sit,
1506 475 1576 508 quod
1595 474 1681 508 ipsum
1699 482 1754 500 ma-

968 527 1036 554 gnus
1057 520 1100 547 ille
1123 520 1224 546 Paulus
1239 519 1382 546 conﬁrmat
1399 519 1474 545 hisee
1489 519 1579 546 verbis
1593 528 1600 544 :
1617 528 1625 543 ι
1643 518 1756 553 Oportet

970 565 1021 591 hoc
1037 564 1216 598 corruptibile
1231 563 1431 598 iucorruptibili
1450 568 1560 595 natura,
1576 568 1603 590 et
1618 563 1668 590 hoc
1683 571 1756 590 mor-

970 610 1023 637 tale
1039 609 1243 636 immortalitate
1258 609 1332 636 indui
1347 608 1379 641 δν,
1400 618 1408 634 ι
1420 609 1511 643 'plane
1525 609 1698 643 perspicuum
1716 613 1757 635 est

969 657 1050 684 etiam
1066 663 1165 690 corpus
1180 656 1256 687 illud,
1268 655 1339 690 quod
1360 659 1402 681 est
1414 655 1535 681 omnium
1551 655 1638 689 primo
1655 655 1755 681 factum

970 710 984 729 a
1001 702 1065 733 Deo,
1090 709 1184 728 revera
1206 701 1360 728 immortale
1378 708 1411 727 ac
1430 700 1557 727 interitus
1574 708 1671 735 expers
1689 701 1757 727 fuis-

969 756 997 775 se
1014 747 1080 783 (20),
1093 747 1171 775 sicuti
1185 748 1241 781 jam
1258 755 1328 781 sepe
1344 747 1474 774 diximus.
1490 746 1561 773 idem
1575 751 1600 773 et
1612 745 1758 780 Nyssensis

970 794 1015 821 ille
1031 793 1178 828 Gregorius
1199 793 1255 827 90
1275 793 1367 824 tradit,
1385 792 1431 819 ubi
1454 792 1556 818 dictum
1579 792 1644 818 illud
1661 792 1755 818 Eccle-

971 841 1061 867 siastse
1077 840 1207 870 declarat,
1226 838 1304 872 cujus
1320 839 1377 864 luce
1401 837 1482 864 verba
1497 841 1561 863 sunt
1576 845 1582 864 :
1605 846 1614 861 ι
1630 835 1700 868 Quid
1716 839 1758 862 est

970 885 1041 920 quod
1057 885 1125 912 fuit?
1139 885 1210 911 idem
1222 883 1286 910 illud
1302 883 1373 917 quod
1390 883 1452 909 erit.
1468 881 1537 914 Quid
1551 881 1668 908 factum?
1684 881 1755 907 idem

971 933 1036 960 illud
1050 932 1121 966 quod
1139 932 1183 959 fiet
1199 932 1232 957 το.
1251 941 1259 956 ι
1271 931 1364 964 lnquit
1377 930 1449 957 enim
1469 930 1520 957 hoc
1538 930 1697 965 locormanu
1711 929 1757 956 Dei

971 978 1072 1006 factum
1089 978 1240 1008 hominem,
1262 984 1317 1004 non
1341 976 1413 1010 quod
1437 983 1510 1002 nunc
1534 980 1643 1010 propter
1660 983 1757 1009 pecca-

972 1029 1028 1052 tum
1044 1029 1096 1056 est,
1118 1023 1247 1050 nimirum
1264 1022 1408 1049 mutationi
1425 1026 1452 1049 et
1469 1021 1590 1048 interitui
1613 1020 1756 1051 obnoxius,

971 1071 1004 1098 al)
1022 1070 1099 1098 initio
1126 1069 1221 1101 fuisse,
1240 1068 1286 1095 sed
1303 1067 1376 1102 quod
1398 1067 1529 1101 deinceps
1555 1066 1696 1096 eilicietur.
1712 1074 1758 1092 ex-

971 1124 1036 1151 pers
1054 1115 1158 1143 scilicet
1173 1114 1331 1142 mutationis
1344 1118 1372 1141 et
1390 1113 1528 1140 interitus.
1547 1112 1720 1147 Quapropter
1735 1112 1758 1138 si

972 1162 1044 1189 Deus
1062 1162 1089 1192 in
1103 1165 1175 1188 statu
1197 1159 1324 1187 interitus
1341 1163 1454 1193 experte
1469 1157 1593 1185 e0ndidit
1617 1157 1758 1184 hominem

972 1208 1005 1235 ad
1028 1207 1170 1242 imaginem
1188 1205 1349 1233 aeternitatis
1373 1212 1439 1236 sum,
1456 1203 1684 1239 quemadmodum
1710 1203 1760 1230 So-

971 1255 1043 1281 lomo
1057 1253 1198 1287 loquitur;
1226 1251 1248 1278 si
1281 1251 1412 1278 honorem
1440 1250 1466 1277 ei
1491 1248 1629 1284 proprium
1650 1248 1758 1278 detulit,

972 1298 1172 1326 communicata
1189 1305 1250 1324 cum
1265 1294 1324 1331 ipso
1337 1295 1427 1322 anima
1448 1293 1633 1329 intelligentiae
1651 1293 1676 1320 ri
1691 1300 1759 1327 prae-

972 1345 1039 1377 dita,
1048 1351 1102 1379 quo
1117 1351 1247 1378 perpetuo
1260 1341 1421 1370 immortalis
1433 1344 1515 1372 esset,
1526 1339 1759 1374 quemadmodum

971 1389 1184 1424 Chrysostomus
1203 1388 1259 1420 ait;
1285 1387 1307 1414 si
1328 1391 1438 1414 aeterna:
1450 1386 1511 1412 vita:
1534 1383 1690 1411 l'ruitionem
1704 1382 1759 1409 lar-

971 1438 1043 1472 gitus
1059 1440 1100 1462 est
1124 1434 1227 1462 homini
1245 1434 1278 1460 ah
1306 1433 1384 1460 initio
1409 1433 1490 1464 Deus,
1517 1436 1545 1458 ut
1571 1438 1684 1465 magnus
1715 1429 1760 1455 ille

973 1483 1088 1510 Basilius
1101 1481 1278 1515 loquitur;si
1293 1479 1388 1506 Adami
1407 1478 1495 1513 prima
1514 1477 1616 1504 creuliu
1633 1476 1762 1502 interitus

972 1533 1031 1556 erat
1048 1535 1157 1562 expers,
1177 1532 1206 1553 ut
1231 1525 1391 1553 Anastasius
1411 1523 1456 1551 ille
1475 1523 1595 1550 Sinaites
1614 1521 1717 1556 inquit;
1736 1523 1759 1547 si

971 1574 1131 1610 dignitatem
1161 1573 1232 1599 hanc
1257 1571 1291 1600 ah
1318 1570 1397 1598 initio
1422 1569 1495 1596 Deus
1515 1568 1621 1596 homini
1638 1567 1713 1594 dedit
1730 1572 1761 1593 ut

971 1615 1131 1648 immortalis
1156 1623 1183 1646 et
1198 1617 1416 1652 iueorruptibilis
1431 1620 1513 1647 esset,
1532 1619 1562 1641 ut
1581 1614 1622 1640 vir
1650 1613 1759 1639 divinus

970 1666 1094 1695 Andreas
1107 1665 1209 1692 dixisse
1224 1663 1374 1698 reperitur;
1391 1662 1413 1688 si
1436 1661 1575 1688 hominem
1591 1659 1662 1686 Deus
1674 1659 1760 1686 liber-

971 1718 1025 1740 tate
1038 1710 1188 1738 voluntatis
1208 1709 1338 1736 donatum
1353 1712 1382 1734 et
1408 1712 1570 1733 exornatum
1596 1704 1760 1731 immortali-

971 1764 1026 1786 tate
1041 1764 1132 1792 regem
1143 1756 1266 1783 omnium
1280 1753 1451 1781 terrestrium
1466 1751 1614 1783 constituit,
1629 1750 1762 1786 quemad-

971 1803 1082 1830 modum
1093 1801 1135 1828 vir
1146 1801 1243 1828 beatus
1257 1799 1414 1826 Barlaamus
1427 1797 1566 1832 prmdicat,
1581 1803 1635 1830 quo
1650 1795 1758 1823 tandem

970 1856 1018 1876 ore
1034 1848 1138 1883 pariter
1154 1854 1216 1874 eum
1233 1845 1376 1872 mortalem
1393 1851 1424 1871 ac
1453 1843 1635 1870 immortalem
1662 1850 1677 1868 ιι
1704 1842 1762 1869 Deo

971 1892 1111 1920 conditum
1139 1890 1280 1918 dicemus?
1302 1891 1397 1924 nequit
1421 1889 1473 1916 hoc
1502 1888 1558 1915 ullo
1586 1892 1663 1922 pacto
1688 1888 1761 1921 ﬂeri,

969 1938 1079 1974 quando
1103 1937 1284 1972 peritissimus
1302 1936 1346 1962 ille
1366 1943 1458 1962 rerum
1482 1934 1635 1962 divinarum
1660 1933 1762 1969 Grego—

970 1986 1027 2012 rius
1037 1984 1172 2022 ejusmodi
1189 1990 1239 2010 nos
1250 1983 1284 2010 de
1295 1982 1406 2009 humine-
1421 1982 1467 2009 illo
1483 1981 1606 2016 principe
1617 1980 1761 2014 imaginari

970 2039 1024 2058 non
1051 2031 1130 2058 sinit.
1146 2029 1213 2056 Cum
1238 2029 1312 2056 enim
1340 2028 1418 2055 illum
1448 2027 1523 2054 nullo
1542 2027 1585 2054 vel
1603 2032 1762 2061 legumento

970 2077 1012 2104 vel
1029 2075 1129 2103 vestitu
1144 2075 1295 2110 indiguisse
1322 2074 1415 2106 tradit,
1429 2073 1501 2100 clare
1520 2073 1691 2101 demonstrat
1712 2080 1761 2099 or-

970 2128 1036 2151 natu
1051 2121 1260 2149 immortalitatis
1285 2120 1415 2148 amictum
1433 2121 1527 2147 fuisse.
1551 2119 1696 2146 Enimvero
1717 2118 1762 2146 his

969 2167 1157 2196 contradicere
1173 2167 1243 2194 velle
1263 2167 1384 2202 iniquum
1408 2165 1501 2193 fuerit.
1516 2165 1583 2192 Nam
1604 2165 1645 2192 vel
1661 2172 1763 2199 corpus

128 2210 229 2244 σμένος
265 2203 299 2243 ἧν
313 2208 327 2234 6
354 2207 463 2243 πρῶτος
492 2206 544 2234 ὑπὸ
559 2207 855 2246 Θεοῦνδημιουργηθεὶς
875 2207 918 2234 ἄν-

974 2215 1041 2242 illud
1051 2213 1242 2243 all‘octiouihus
1254 2214 1329 2240 hisce
1342 2212 1513 2240 naturalibus
1525 2212 1676 2247 subjectum
1690 2216 1761 2243 erat,

128 2255 252 2289 Bpwnog.
272 2253 341 2280 Ἀλλ’
352 2254 398 2280 ἐπὶ
412 2253 518 2285 τούτοις
531 2254 683 2288 ἀντιλέγειν
702 2254 731 2280 οὺ
745 2254 865 2289 θεμιτόν.
882 2255 918 2280 Ἢ

127 2301 184 2335 γὰρ
203 2301 334 2327 ὑπέκειτο
358 2301 390 2326 τὸ
407 2299 488 2334 σῶμα
505 2301 594 2326 ἐκεῖνο
611 2300 711 2328 πάθεσι
729 2303 854 2334 φυσικοῖς
869 2301 918 2327 καὶ

127 2345 250 2380 φθαρτὸν
277 2345 502 2380 ὁμολογουμένως
528 2344 583 2381 ἦν,
613 2345 629 2381 ἢ
659 2345 753 2372 παθῶν
783 2346 914 2372 παντοίωι

127 2393 282 2428 ὑπέρτερον
307 2390 351 2427 ἦν,
378 2392 414 2423 ὡς
434 2391 535 2425 ὁλόγος
555 2392 605 2427 ἤδη
629 2392 761 2427 διείληφε.
780 2393 836 2419 Καὶ
854 2393 917 2427 περὶ

125 2438 286 2474 ἀφθαρσίας
296 2437 477 2473 ἀμφιϐάλλειν
488 2438 518 2464 οὺ
525 2439 589 2474 χρή·
603 2439 729 2473 φαίνεται
740 2439 792 2474 γὰρ
804 2441 844 2467 ὅτι
854 2440 917 2474 φθο-

126 2486 164 2520 ρᾷ
182 2484 332 2519 οἱανδήποτε
350 2485 389 2519 μὴ
406 2484 584 2520 ὑποκείμενον
601 2485 707 2520 ἀληθῶς
724 2486 862 2521 ἄφθαρτον
872 2484 916 2522 ἦν.

162 2533 243 2561 Οὕτω
259 2532 310 2568 μὲν
326 2530 384 2565 οὖν,
395 2533 531 2568 ἁγαπητὲ,
546 2533 592 2560 καὶ
606 2533 636 2559 τὸ
650 2534 729 2568 σῶμα
746 2534 792 2561 τοῦ
814 2535 915 2570 Κυρίου

123 2580 206 2615 ἡμῶν
227 2579 317 2614 Ἰησοῦ
336 2579 457 2614 Χριστοῦ
475 2581 521 2606 καὶ
541 2579 661 2616 φθαρτὸν
674 2580 847 2617 ὡμολόγηται
863 2582 916 2617 πρὸ

122 2625 172 2652 τοῦ
199 2625 316 2657 πάθους,
331 2625 426 2660 ἐπειδὴ
453 2625 552 2652 πάθεσι
568 2628 693 2661 φυσικοῖς
710 2628 847 2660 ὑπέκειτο,
868 2629 915 2655 καὶ

120 2671 265 2706 ἄφθαρτον
285 2669 363 2702 αὖθις
382 2672 450 2707 μετά
468 2672 499 2709 το
516 2673 601 2705 πάθος
613 2673 660 2700 καὶ
674 2675 724 2709 τὴν
747 2675 912 2702 ἀνάστασιν·

174 2741 196 2756 ’θ
212 2740 223 2767 l
238 2740 302 2768 Cor.
318 2749 363 2774 xv,
377 2741 425 2768 55.
462 2742 485 2758 ⁷ο
498 2742 590 2772 Eccle.
612 2752 630 2776 ι,
645 2744 671 2770 9.

157 2809 213 2843 (20)
227 2809 284 2851 illic
299 2814 326 2851 et
355 2809 425 2851 intra
448 2811 478 2851 _in
493 2813 577 2851 multa
593 2813 727 2851 disputat
754 2814 850 2850 Giycas
877 2817 910 2844 de

119 2845 332 2880 inmortalitate
347 2846 427 2879 primi
447 2846 568 2874 hominis
586 2845 693 2882 Aduuli,
717 2845 809 2884 qlne'a
834 2853 905 2878 veri-

972 2266 999 2288 et
1026 2268 1076 2295 pro
1098 2261 1227 2288 conlesso
1251 2263 1389 2286 statuetur
1415 2259 1562 2286 obnoxium
1590 2257 1759 2292 corruptioni

972 2307 1055 2335 fuisse
1067 2316 1074 2334 :
1087 2307 1130 2334 vel
1148 2314 1231 2341 supra
1246 2313 1342 2333 omnes
1359 2305 1517 2334 all'ectiones
1542 2309 1600 2331 erat
1629 2304 1760 2338 positum,

974 2353 1201 2388 quemadmodum
1217 2352 1340 2380 oratione
1365 2351 1500 2386 Superiori
1519 2355 1560 2378 est
1580 2351 1757 2378 declaratum.

973 2401 1068 2436 Itaque
1086 2401 1119 2428 de
1133 2399 1391 2434 incorruptiliilitate
1407 2399 1492 2432 ipsius
1505 2398 1616 2424 minime
1630 2399 1759 2424 dubitau-

971 2447 1035 2474 dum
1063 2452 1117 2478 est,
1135 2454 1195 2473 cum
1214 2446 1357 2473 manili-Sto
1377 2449 1468 2480 pateat
1487 2444 1609 2471 iuteritui
1627 2444 1694 2470 nulli
1719 2451 1760 2470 rc-

970 2499 1035 2527 apse
1051 2492 1204 2527 subjectum
1226 2492 1317 2519 fuisse.

1004 2538 1105 2566 Eodem
1123 2539 1215 2571 modo,
1234 2539 1332 2566 dilecte
1347 2538 1394 2570 ﬁli,
1416 2545 1515 2572 corpus
1545 2537 1627 2564 etiam
1650 2536 1757 2562 Domini

970 2586 1053 2612 nostri
1071 2585 1136 2612 .lesu
1152 2585 1255 2612 Chriin
1274 2585 1453 2619 eorruptibile
1467 2584 1552 2611 fuisse
1566 2583 1683 2610 fatentur
1693 2586 1757 2608 aute

969 2633 1134 2666 passionem,
1143 2639 1204 2659 cum
1218 2631 1409 2658 aﬂ‘ectiouihus
1420 2631 1590 2658 naturalitms
1604 2630 1755 2662 subjectum

969 2678 1060 2711 l‘ncril,
1075 2685 1107 2704 ac
1117 2684 1226 2704 rursum
1240 2683 1299 2712 pOst
1315 2678 1469 2713 passionem
1484 2681 1512 2704 et
1525 2680 1756 2703 resurrectionem

968 2818 1294 2853 latelungius:tlierrant,
1316 2824 1345 2846 ut
1368 2819 1491 2854 pluribus
1510 2818 1628 2854 theologi
1652 2819 1755 2847 niissu-

962 2859 1027 2880 runt
1046 2862 1076 2880 ac
1092 2862 1174 2880 sat-rw
1187 2855 1336 2888 Scriptura:
1352 2855 1528 2889 interpretes,
1546 2862 1615 2888 quos
1631 2859 1756 2884 consule.
