1957 3073
133 154 184 188 18)

131 212 161 237 τὸ
178 211 245 242 πῶς.

132 264 183 283 πον
196 257 210 282 ὁ
224 255 300 288 Θεὸς,
316 255 436 290 ἄρχοντα
446 254 501 280 τῶν
518 253 649 288 ἐπιγείων
662 254 773 280 πάντων
789 253 926 287 κατέστη-

133 310 173 334 σε,
191 301 304 336 διηνεκῆ
321 301 421 327 δέδωκε
442 300 492 335 τὴν
508 299 659 327 ἀθανασίαν
689 299 774 334 αὐτῷ,
801 299 929 336 καθάπερ

132 349 189 376 ἄνω
206 347 360 383 διείληπται
372 355 379 362 ·
397 347 444 373 καὶ
460 343 517 381 είχε
538 346 587 381 μὲν
602 346 642 377 εἰς
657 345 763 377 αἰῶνας
781 345 853 372 οὕτω
867 347 929 373 κατ’

132 395 223 427 αὑτὸν,
249 395 290 421 ὃτι
323 394 371 420 καὶ
397 393 596 429 ἀμεταμέλητα
628 393 662 419 τὰ
681 393 741 419 θεῖα
756 393 926 428 χαρίσματα.

139 441 209 467 Ἀλλ’
239 441 334 477 ἐπειδὴ
354 441 423 476 πρὶς
453 441 593 476 ἁμαρτίαν
613 439 694 466 αὑτὸν
721 439 794 474 ἑώρα
820 440 930 466 κατολι-

136 487 290 520 σθαίνοντα,
301 486 450 514 κάντεῦθεν
460 487 630 512 ἐκπίπτοντα
640 486 690 518 τῆς
703 485 809 520 ὑψηλῆς
822 485 929 520 ἐκείνης

135 537 183 560 καὶ
202 534 346 568 ίσαγγέλου
362 534 510 567 διαγωγῆς.
530 533 694 568 παραχωρεί
720 532 764 558 διὰ
789 532 869 558 τοῦτο
881 533 930 559 καὶ

135 579 268 614 λαμὸἀνει
296 579 369 612 κατ’,
386 578 469 606 αὑτοῦ
487 579 580 614 χώραν
611 578 625 603 ὁ
642 576 767 609 θάνατος,
792 577 832 603 ὅτι
860 577 928 611 μηδὲ

136 625 285 659 συνέφερεν
299 625 392 651 ἔκτοτε
408 625 520 659 διηνεκῆ
535 623 678 658 προσεῖναι
701 622 751 658 τὴν
777 623 928 649 ἀθανασίαν

135 670 222 705 αὐτῷ.
238 670 293 697 Καὶ
306 671 363 705 γὰρ
377 671 401 696 εί
424 670 461 705 μὴ
476 669 573 704 γέγονὲ
590 678 616 696 τι
629 669 761 700 τοιοῦτον,
774 668 798 694 εί
814 668 851 704 μὴ
862 677 930 702 συγ-

136 715 260 750 χώρησις
281 715 387 741 ἐκεῖθεν
415 715 515 741 ἐδίδοτο
539 713 749 749 φιλανθρωπίας
761 713 866 745 ἕνεκεν,
883 714 926 740 ἵνα

139 761 176 794 μὴ
192 760 326 786 ἀθάνατον
382 760 412 786 τὸ
428 759 525 792 κακὸν,
547 760 598 785 οὐκ
611 760 643 786 ἂν
656 759 754 793 ἐκείνῳ
772 759 810 793 τῷ
827 758 927 794 πρώτῳ

142 806 239 841 Ἀδὰμ,
260 807 299 841 τῷ
314 806 357 832 ἐπ’
371 806 512 841 ἀφθαρσίᾳ
528 806 667 832 κτισθέντι
684 805 744 832 κατ’
769 805 862 832 εἰκόνα
879 806 928 839 τῆς

135 852 285 887 ἀῑδιὸτητος
313 852 360 879 τοῦ
377 853 456 884 Θεοῦ,
479 853 651 887 προοήγγισε
677 852 812 882 θάνατος·
826 852 875 878 οὐκ
894 852 927 878 ἂν

787 149 960 181 ANNALIU
967 151 992 181 Μ
1014 151 1111 181 PARS
1130 152 1155 180 Ι.

265 210 386 236 Ἔπλοσε
398 208 449 244 μὲν
462 209 516 243 γὰρ
533 209 577 235 ἐπ’
592 208 733 243 ἀφθαρσίᾳ
758 208 803 233 τὸν
818 208 922 241 ἄνθρω-

979 208 1104 234 mortalis
1119 211 1177 234 erat
1196 207 1320 234 mortalis
1334 207 1420 235 factus
1437 209 1482 240 sit.
1496 210 1652 236 necessario
1669 209 1701 236 de
1717 210 1770 236 hoc

1713 154 1765 185 190

979 254 1061 281 etiam
1083 254 1265 285 dubitaverit,
1289 261 1341 281 nec
1365 255 1603 282 resuscitationetn
1629 255 1715 289 ipsius
1738 264 1771 282 (ιχ

979 299 1095 327 mortuis
1113 299 1193 326 facile
1218 299 1416 326 admittendam
1447 301 1651 328 existimaverit.
1671 301 1772 333 Quam-

979 345 1074 371 obrem
1106 345 1171 371 illud
1211 350 1287 372 tttnm
1303 365 1310 377 ,
1335 353 1390 380 quo
1416 351 1507 380 pacto,
1532 348 1644 374 missum
1677 348 1770 375 facito.

980 391 1031 418 Ubi
1053 391 1123 418 Deus
1136 411 1142 422 ,
1161 391 1196 417 ibi
1211 399 1266 426 quo
1286 397 1368 426 pacto
1389 392 1480 419 locum
1498 401 1552 420 non
1571 394 1663 421 habet.
1698 394 1771 421 Cott-

980 436 1050 463 didit
1067 436 1140 463 enim
1159 436 1229 464 Deus
1247 438 1386 464 hominem
1401 439 1435 464 ad
1453 443 1555 465 statum
1581 439 1710 467 interitus
1725 448 1772 466 ex-

979 485 1096 515 pertem,
1116 483 1238 509 omnium
1258 483 1428 510 terrestrium
1447 484 1598 518 principem
1618 486 1771 516 constituit,

980 531 1143 561 perpetuam
1162 528 1187 554 ei
1205 529 1318 562 largitus
1333 529 1387 563 92
1404 535 1446 556 est
1465 529 1709 562 immortalitatem,
1733 532 1772 558 uti

980 578 1062 605 supra
1078 572 1246 599 declaratum
1263 577 1314 605 est,
1332 574 1420 608 ipsum
1435 575 1552 609 denique
1571 576 1642 609 quod
1661 577 1771 608 attinet,

980 616 1124 644 habiturus
1150 618 1220 644 banc
1245 623 1304 645 erat
1327 618 1408 645 homo
1429 620 1536 647 seculis
1560 622 1684 652 aeternis,
1708 630 1771 648 cum

981 668 1095 688 munera
1112 662 1158 689 Dei
1182 663 1238 689 sint
1263 664 1470 697 irrevocabilia;
1499 666 1544 692 sed
1572 667 1635 700 quia
1664 666 1773 694 videbat

980 715 1043 734 eum
1061 707 1094 734 ad
1116 714 1260 743 peccatum
1279 709 1367 737 delabi
1385 718 1417 737 ae
1432 716 1579 746 propterea
1594 713 1703 740 sublimi
1726 714 1773 741 illo

980 754 1042 781 vita:
1057 761 1168 789 genere,
1184 756 1255 791 quod
1278 756 1437 791 angelorum
1460 758 1524 785 vitte
1539 766 1588 793 par
1602 764 1671 791 erat,
1696 761 1772 787 exci-

980 800 1056 832 dere,
1074 801 1135 835 ipso
1155 802 1324 829 concedente
1341 811 1415 830 tnors
1428 804 1560 831 adversus
1574 813 1636 831 eum
1652 807 1773 833 oet-asia-

980 855 1042 874 nem
1059 848 1166 882 arripit.
1195 848 1302 884 Quippe
1319 857 1354 876 ne
1371 851 1536 884 expediebat
1556 853 1666 886 quidem
1684 854 1771 880 homi—

136 897 259 924 ὑπέπεσε
279 898 369 934 φθορᾷ
387 898 417 925 τὺ
434 898 515 932 σῶμα
527 900 614 924 ἐκεῖνο
623 899 653 924 τὸ
671 898 774 932 φθορᾶς
790 898 837 923 καὶ
847 897 924 924 θανά-

980 901 1041 920 ucm
1058 900 1090 920 ex
1115 901 1148 920 eo
1167 898 1290 927 tempore
1318 895 1500 923 immortalem
1526 905 1597 924 esse.
1627 898 1694 924 Nam
1720 900 1771 927 nisi

135 952 182 981 ’φο
195 944 308 978 ἄμεινον
321 945 443 979 ὑπάρχον
457 945 487 970 τὸ
502 944 644 980 πρότερον.
659 945 689 970 Εἰ
702 944 730 970 δὲ
743 943 830 970 ταῦτα
839 943 926 975 οὕτως

134 991 203 1024 ἔχει,
231 991 291 1022 πῶς
318 992 453 1017 ἀθάνατον
483 990 565 1016 αὑτὸν
596 989 664 1024 ὁμοῦ
694 990 742 1016 καὶ
763 989 860 1025 θνητὸν
875 990 927 1016 ὑπὸ

134 1036 204 1063 Θεοῦ
221 1037 398 1072 παραχθῆναι
427 1038 568 1071 εῖπωμεν;
598 1037 628 1063 Εί
657 1037 712 1071 γὰρ
742 1037 789 1063 καὶ
818 1034 927 1071 θανάτῳ

134 1083 256 1109 ὑπέπεσε
273 1083 311 1118 μὴ
340 1083 462 1117 φυλάξας
482 1083 531 1118 τὴν
551 1083 676 1109 δοθεῖσαν
697 1083 772 1114 αὐτῷ
803 1083 926 1118 ἐντολὴν,

133 1128 193 1154 ἀλλ’
220 1128 335 1155 ὕστατον
359 1129 407 1163 τῆς
436 1130 604 1163 οἰκονομίας,
625 1129 667 1160 ,ὡς
683 1129 733 1164 ἤδη
750 1129 924 1164 προείρηται,

135 1173 217 1200 τοῦτο
227 1174 327 1205 πάντες
343 1174 509 1210 εὑρήσομεν,
527 1175 586 1208 εἴγε
610 1175 643 1209 τῇ
670 1174 818 1209 ἀκολουθίᾳ
844 1183 928 1208 προσ-

133 1220 209 1255 έχειν
226 1221 384 1256 αἱρούμεθα
415 1223 464 1256 τῆς
492 1222 573 1255 ἁγίας
592 1221 713 1256 Γραφῆς.
733 1221 799 1247 Οὐδὲ
813 1221 867 1255 γὰρ
882 1210 938 1247 ὅτεί

135 1267 246 1301 παρῆγε
274 1267 319 1293 τὸν
343 1267 489 1302 ἄνθρωπον
502 1268 516 1293 ὁ
531 1267 608 1301 Θεὸς,
636 1267 673 1298 ὡς
689 1267 744 1292 ἄνω
759 1266 926 1301 διείληπται,

132 1313 195 1338 vita
217 1312 286 1347 πρὸς
304 1313 386 1339 αὐτὸν
402 1313 498 1346 ἔλεγεν
509 1321 516 1328 “
535 1319 545 1338 ι
569 1309 608 1348 ’ᾙ
625 1312 647 1338 δ’
662 1313 695 1338 ἂν
712 1313 803 1347 ἡμέρα
818 1313 925 1347 φάγητε

132 1358 186 1384 ἀπὸ
201 1358 250 1384 τοῦ
267 1359 363 1393 φυτοῦ,
379 1359 486 1393 θανάτῳ
503 1358 697 1391 ἀποθανεῖσθε,
712 1368 720 1384 ι
746 1359 814 1385 ἀλλὰ
837 1359 926 1394 πολλῷ

134 1404 205 1438 μετὰ
217 1404 267 1440 τὴν
282 1406 366 1432 αὑτοῦ
380 1405 552 1441 παραγωγὴν
578 1405 704 1440 ὕστερον.
723 1407 800 1432 Μετὰ
827 1407 882 1441 γὰρ
897 1407 927 1433 τὸ

134 1450 248 1476 καθίσαι
266 1450 392 1484 βασιλέα,
410 1452 480 1486 μετὰ
502 1451 532 1478 τὸ
548 1451 699 1487 ἀναχθῆναι
727 1452 761 1478 τὰ
787 1452 845 1484 ζῶα
859 1452 926 1486 προς

133 1496 226 1527 αὑτὸν,
260 1497 332 1531 μετὰ
354 1498 385 1522 τὺ
406 1497 495 1531 πέρας
525 1498 568 1523 ἐπ’
586 1497 662 1531 αὐτῷ
684 1497 811 1529 δέξασθαι
829 1498 862 1523 τὰ
876 1497 924 1532 τῆς

133 1541 209 1574 θείας
221 1542 330 1578 βουλῆς,
347 1544 407 1570 τότε
424 1544 491 1578 πρὸς
506 1544 585 1570 αὑτὺι
597 1544 614 1577 ἡ
626 1543 739 1578 τοιαύτη
755 1544 852 1577 γέγονε
865 1543 926 1571 θεία
939 1556 962 1588 C

133 1588 222 1622 φωνὴ,
239 1589 298 1614 τότε
316 1588 359 1623 δὴ,
379 1589 440 1615 τότε
463 1589 510 1614 καὶ
525 1589 618 1623 χώραν
631 1590 644 1614 ὁ
656 1589 770 1620 θάνατος
787 1588 923 1623 ἐλάμϐανε

131 1633 194 1658 κατ’
209 1632 302 1659 αὑτοῦ.
325 1633 375 1658 Διὰ
390 1633 416 1659 τί
431 1633 459 1659 δὲ
478 1632 577 1665 ταῦτα,
595 1634 642 1659 καὶ
653 1633 725 1664 τίνος
741 1633 833 1659 ἕνεκεν
845 1642 852 1665 ;
864 1633 923 1659 Ἵνα

133 1677 178 1712 μὴ⁶
189 1678 326 1704 ἀθανάτου
345 1678 489 1713 μείναντος
508 1678 593 1705 αὐτοῦ
616 1679 685 1713 μετὰ
701 1679 750 1713 τὴν
765 1679 924 1713 παράϐασιν

134 1724 216 1759 μείνῃ
231 1724 280 1749 στιν
297 1724 429 1758 αὐτῷκαὶ
445 1724 473 1750 τὸ
489 1725 572 1750 κακὸν
585 1724 614 1757 ἐξ
634 1724 758 1759 ἀνάγκης
778 1724 922 1750 ἀθάνατον.

981 938 1034 965 tale
1050 939 1178 973 quiddam
1194 940 1353 973 accidisset,
1382 942 1434 968 nisi
1452 943 1617 970 condonatio
1642 944 1772 980 deinceps

980 984 1049 1012 facta
1066 984 1162 1012 fuisset
1174 994 1206 1012 ex
1224 986 1426 1020 benevolentia,
1440 996 1475 1015 ne
1490 989 1592 1016 malum
1610 995 1771 1024 perpetuum

980 1031 1061 1064 foret,
1080 1040 1253 1067 nequaquam
1271 1034 1441 1068 permisisset
1455 1034 1528 1062 Dens
1544 1041 1573 1062 ut
1590 1043 1663 1063 mors
1673 1038 1705 1063 ad
1723 1037 1772 1064 bo—

981 1075 1086 1104 minem
1107 1078 1226 1112 primum
1243 1078 1271 1105 in
1292 1083 1363 1105 statu
1390 1085 1504 1114 experte
1528 1080 1657 1109 interitus
1677 1083 1772 1110 condi-

981 1126 1038 1149 tum
1054 1123 1088 1150 ad
1114 1123 1260 1159 imaginem
1280 1126 1442 1152 mternitatis
1460 1126 1506 1153 Dei
1533 1128 1694 1161 accederet;
1719 1137 1770 1156 nec

979 1175 1079 1202 corpus
1108 1169 1174 1196 illud
1205 1178 1286 1204 supra
1314 1178 1428 1198 mortem
1452 1179 1479 1198 et
1501 1172 1640 1200 interitum
1662 1182 1771 1201 onlnem

980 1214 1055 1248 prius
1070 1215 1188 1248 positum
1201 1217 1370 1251 corruptioni
1387 1216 1487 1245 factum
1500 1218 1598 1246 fuisset
1610 1220 1770 1247 obnoxium.

979 1260 1045 1291 Quae
1061 1269 1122 1287 cum
1139 1261 1175 1288 ita
1191 1261 1256 1294 sint,
1272 1270 1327 1297 quo
1344 1263 1451 1290 tandem
1471 1269 1551 1298 pacto
1562 1265 1688 1293 dicemus
1707 1274 1771 1293 eum

979 1307 1122 1334 mortalem
1141 1308 1244 1342 pariter
1261 1313 1288 1335 et
1314 1310 1496 1336 immortalem
1521 1318 1582 1338 esse
1602 1312 1741 1339 conditum
1757 1322 1771 1340 ει

980 1351 1058 1378 Deo?
1085 1352 1248 1388 Quanquam
1269 1354 1342 1381 enim
1365 1363 1421 1381 non
1450 1361 1560 1383 servato
1575 1358 1705 1385 mandato
1720 1360 1772 1386 sibi

979 1398 1140 1432 prmscripto
1156 1399 1182 1425 in
1196 1403 1311 1426 mortem
1326 1400 1431 1432 incidit,
1450 1406 1540 1429 tatnen
1558 1404 1608 1430 hoc
1625 1405 1713 1438 ipsum
1729 1413 1772 1431 rc-

979 1444 1043 1470 t'crri
1063 1444 1163 1471 debere
1188 1445 1221 1472 ad
1245 1447 1424 1480 posteriorem
1458 1441 1530 1475 illam
1557 1449 1771 1478 administratio-

978 1498 1053 1523 nem,
1070 1491 1110 1518 uti
1137 1492 1266 1526 superius
1290 1493 1442 1521 indicatum
1467 1499 1519 1528 est,
1546 1497 1727 1530 reperiemus,
1748 1498 1771 1525 si

979 1538 1089 1571 quidem
1106 1538 1188 1565 seriei
1207 1545 1348 1566 sacrarum
1362 1539 1531 1568 Litterarum
1549 1543 1692 1570 advertere
1709 1545 1771 1571 ani-

981 1591 1055 1610 mum
1074 1584 1208 1611 volemus.
1236 1585 1295 1612 Non
1311 1586 1386 1613 cnim
1407 1592 1463 1613 tum
1484 1595 1545 1614 cum
1569 1589 1698 1617 conderet
1722 1591 1772 1617 lto-

980 1629 1081 1656 minem
1111 1630 1191 1662 Deus,
1220 1635 1249 1657 ut
1279 1636 1359 1658 antea
1377 1632 1545 1666 dicebamus,
1571 1635 1613 1661 bis
1631 1637 1663 1662 al
1683 1636 1770 1668 ipsum

979 1675 1070 1702 verbis
1089 1683 1156 1702 ttsus
1176 1681 1235 1703 est:
1263 1677 1449 1712 «Quacuuque
1473 1679 1517 1706 die
1547 1681 1693 1707 vescen:ini
1721 1683 1771 1709 hac

979 1722 1085 1754 arbore,
1099 1727 1186 1749 morte
1200 1723 1425 1757 multabimini",
1442 1734 1452 1750 ›
1479 1726 1525 1752 sed
1550 1726 1689 1761 aliquanto
1709 1734 1771 1762 post

131 1769 192 1802 ejus
213 1770 378 1797 creationem
406 1770 548 1806 interjecto
574 1774 708 1805 tempore.
735 1770 914 1805 Posteaquam
933 1770 1007 1797 enim
1033 1776 1123 1803 regem
1145 1769 1233 1804 ipsum
1258 1770 1453 1804 constituerat,
1464 1776 1630 1808 posteaquam
1641 1774 1768 1801 animalia

133 1822 231 1844 cuncta
247 1817 396 1844 deduxerat
412 1817 444 1844 ad
460 1824 533 1850 eum,
548 1822 723 1852 posteaquam
736 1817 858 1847 di\inum
873 1817 906 1844 de
921 1817 979 1851 ipso
990 1817 1134 1843 consilium
1147 1816 1179 1842 ad
1193 1816 1293 1843 exitum
1309 1818 1469 1851 perductum
1491 1825 1559 1852 erat,
1581 1825 1637 1848 tum
1658 1822 1768 1850 demum

134 1865 185 1890 hac
200 1872 262 1890 eum
282 1871 348 1890 voce
359 1863 526 1898 .compellat.
545 1863 633 1890 Simul
649 1863 780 1890 adversus
796 1864 884 1898 ipsum
902 1864 927 1890 id
943 1862 1160 1897 temporismors
1174 1862 1264 1889 locum
1279 1863 1392 1891 invenit.
1407 1864 1589 1898 Quamobrem
1608 1867 1728 1896 hoc?ch
1745 1870 1769 1897 si

134 1911 282 1937 mansisset
297 1910 459 1936 immortalis
473 1914 535 1944 post
549 1911 805 1944 transgressionem,
823 1910 979 1937 necessario
993 1913 1133 1945 peccatum
1149 1916 1257 1944 quoque
1273 1918 1334 1937 eum
1355 1911 1414 1945 ipso
1430 1913 1489 1939 sine
1506 1912 1559 1939 ﬁne
1580 1920 1713 1943 maneret.

168 1957 230 1983 Ὀτι
247 1956 275 1982 δὲ
295 1956 428 1986 ἀθάνατος
452 1955 549 1990 ἔμελλε
567 1957 657 1990 μεῖναι
678 1957 747 1990 μετὰ
763 1957 812 1991 τὴν
829 1957 922 1991 ἁμαρ-

131 2002 191 2027 τίαν
206 2002 220 2027 ὀ
240 2001 395 2035 ἄνθρωπος,
420 2001 445 2027 εί
461 2001 498 2035 μὴ
514 2002 610 2035 γέγονέ
640 2010 681 2030 τις
706 2002 847 2036 οἰκονομία
863 2002 924 2028 θεία

130 2048 200 2074 ὥστε
216 2048 254 2082 μὴ
270 2048 316 2073 καὶ
331 2048 405 2082 ἡμᾶς
420 2041 541 2073 ἀθάνατα
558 2048 674 2082 πάσχειν
685 2049 755 2074 κατὰ
766 2048 827 2079 τοὺς
843 2049 924 2074 ἐκπε-

133 2096 228 2125 σόντας
256 2093 401 2127 ἀγγέλους,
431 2094 444 2118 ὁ
472 2093 582 2128 Νύσοης
598 2092 667 2125 θεῖος
695 2093 845 2128 Γρηγόριος
866 2095 922 2125 τοῖς

131 2141 249 2176 ἀμαθέσι
265 2140 356 2165 δίδωσι
370 2139 440 2170 τέως
453 2140 519 2174 ἡμῖν
536 2140 649 2165 ὲννοεῖν.
675 2148 683 2164 t
703 2139 814 2174 Ἐπειδὴ
826 2140 881 2175 γὰρ
893 2141 922 2166 ἐν

131 2190 186 2220 τοῖς
206 2187 455 2223 ἁπηγορευμένοις,
470 2196 479 2213 3
498 2187 576 2221 φησὶ,
601 2196 609 2212 ‹
625 2187 769 2220 γεγόνασιν
781 2187 805 2212 οἱ
819 2187 922 2222 πρῶτοι

130 2235 271 2268 ἄνθρωποι
287 2235 334 2260 καὶ
351 2234 399 2268 τῆς
424 2234 624 2268 μακαριότητος
637 2233 745 2267 ἐκείνης
758 2233 923 2267 ἀπε-γυμνώ-

133 2280 231 2314 θησαν,
262 2279 378 2314 χιτῶνας
403 2279 594 2313 δερματίνους,
612 2278 696 2314 ῆγουν
719 2279 768 2314 τὴν
797 2279 851 2305 ἀπὸ
866 2280 921 2305 τῶν

1013 1957 1047 1983 Ει
1074 1964 1139 1984 vero
1167 1956 1347 1984 immortalem
1372 1957 1495 1985 futurum
1520 1959 1606 1988 fuisse
1631 1961 1768 1989 hominem

977 2001 1059 2028 etiam
1086 2006 1146 2036 post
1162 2007 1316 2036 peccatum,
1336 2003 1392 2030 nisi
1406 2003 1572 2038 dispensatio
1592 2005 1682 2033 divina
1697 2015 1771 2041 quie—

977 2047 1039 2074 dam
1060 2047 1242 2078 accessisset,
1272 2055 1306 2074 ne
1324 2048 1372 2082 ipsi
1391 2056 1500 2083 quoque
1517 2052 1658 2085 perpetuis
1681 2054 1770 2086 ptenis

976 2093 1188 2128 subjiceremur,
1204 2097 1233 2120 ut
1250 2093 1356 2128 angelis
1371 2094 1454 2129 lapsis
1475 2095 1583 2127 accidit,
1601 2097 1710 2125 divinus
1725 2099 1770 2125 ille

975 2140 1026 2170 vir,
1043 2139 1190 2174 Gregorius
1205 2139 1321 2166 antistes
1337 2139 1476 2175 Nyssenus
1496 2142 1627 2169 ostendit.
1658 2143 1769 2170 Postea-

977 2193 1071 2219 quam,
1087 2186 1135 2218 ait,
1152 2185 1278 2212 bomtnes
1295 2186 1332 2213 illi
1353 2187 1491 2221 principes
1516 2190 1599 2215 vetita
1623 2193 1769 2219 commi~ea

977 2237 1042 2258 runt
1057 2238 1089 2258 ac
1108 2231 1236 2258 beatitate
1253 2239 1300 2259 sua
1317 2233 1411 2259 nudati
1430 2238 1505 2266 sunt,
1522 2235 1642 2269 pelliceis
1659 2238 1768 2270 tunicis,

977 2277 1029 2305 hoc
1048 2281 1090 2304 est
1105 2278 1263 2304 animalium
1278 2279 1454 2311 mortalitate,
1471 2285 1546 2307 certe
1566 2283 1682 2316 quodam
1701 2291 1767 2310 eou-

131 2325 208 2357 ζὼων
233 2325 395 2359 νεκρότητα,
419 2324 601 2359 οἰκονομικῶς
617 2324 732 2360 ἐνέθηκε
751 2325 784 2360 τῇ
799 2326 838 2356 εἰς
855 2324 922 2351 ἀθα-

978 2323 1037 2351 silio
1055 2328 1081 2350 et
1098 2324 1303 2358 dispensatione
1320 2325 1392 2351 Deus
1409 2332 1535 2353 naturam
1552 2328 1585 2355 ad
1607 2329 1769 2357 imtntntati-

133 2372 230 2397 ’κασίαν
258 2370 402 2405 κτισθείσῃ
418 2369 510 2403 φύσει,
529 2369 572 2395 ἵνα
588 2369 625 2404 μὴ
639 2369 670 2395 τὸ
683 2370 766 2396 κακὸν
784 2370 919 2397 ἀθάνατον

132 2413 159 2450 ᾗ.
176 2425 184 2441 ι
208 2414 308 2445 Καλῶς
332 2414 360 2440 δὲ
389 2412 464 2440 εἷπεν
492 2413 673 2448 οἰκονομικῶς
704 2415 717 2439 ὁ
742 2414 813 2446 θεῖος
843 2411 920 2446 οὗτος

132 2462 216 2496 ἀνὴρ·
229 2459 382 2494 κηδόμενος
397 2459 450 2493 γὰρ
467 2459 546 2493 ἡμῶν
559 2461 573 2485 ὁ
592 2459 668 2490 Θεὸς,
683 2458 754 2485 ὥστε
776 2460 813 2495 μὴ
827 2461 919 2495 ἁμαρ-

131 2508 223 2533 τάνειν
249 2505 372 2534 ἀθάνατα
395 2506 443 2531 καὶ
473 2504 543 2531 ὥστε
566 2505 604 2540 μὴ
623 2506 856 2540 συμπαραμένειν
880 2507 920 2538 εἰς

131 2553 232 2584 αἰῶνας
250 2553 283 2586 τῇ
300 2551 429 2586 ὲπωδύνῳ
442 2551 529 2586 ταύτῃ
541 2553 590 2578 καὶ
607 2552 731 2588 μοχθηρᾷ
745 2551 834 2587 βιοτῇ,
847 2552 919 2579 καθὰ

130 2598 160 2631 δὴ
175 2598 224 2624 καὶ
239 2599 252 2623 ὁ
270 2596 389 2631 χρυσοῦς
402 2597 452 2631 τὴν
467 2597 592 2630 γλῶττάν
607 2606 685 2632 φησι,
705 2599 867 2632 παραχωρεῖ
879 2598 918 2633 τῷ

131 2645 240 2679 θανάτῳ
264 2644 335 2670 κατὰ
357 2643 404 2669 τοῦ
430 2643 568 2670 ἀθανάτου
594 2643 730 2678 χωρῆσαι,
748 2643 796 2669 καὶ
815 2644 919 2677 γίνεται

131 2690 218 2724 τούτῳ
251 2690 291 2724 τῷ
318 2689 412 2723 τρόπῳ
441 2688 538 2722 θνητὸς
563 2691 575 2715 τι
602 2689 734 2721 ἀθάνατος
756 2690 802 2715 καὶ
832 2690 921 2725 φθαρ-

131 2738 174 2768 τὸς
205 2737 309 2772 ὁμοίως
334 2737 348 2762 ὁ
373 2735 522 2770 ἄφθαρτος.
553 2736 608 2762 Καὶ
638 2736 755 2762 πειθέτω
776 2737 849 2770 ἡμᾶς
874 2737 920 2763 ἐπὶ

130 2784 208 2810 πλέον
222 2785 235 2810 ὁ
252 2783 341 2818 μέγας
367 2782 506 2814 Βασίλειος
531 2782 602 2810 οὕτω
618 2784 681 2818 περὶ
707 2783 802 2809 τούτου
819 2782 917 2816 λέγων’

164 2866 184 2881 ⁷³
201 2866 270 2894 Gen.
291 2873 321 2898 ιι,
341 2865 383 2892 ΓΙ.

977 2370 1210 2405 tatem_conditam
1228 2370 1328 2403 induit,
1345 2379 1380 2398 ne
1403 2371 1504 2399 tnalutn
1529 2380 1661 2409 perpetuo
1684 2378 1768 2404 dura-

977 2420 1029 2442 ret.
1068 2410 1174 2447 Quibus
1201 2415 1228 2442 in
1253 2417 1344 2443 verbis
1370 2418 1500 2452 prmclare
1532 2420 1635 2448 dictum
1668 2423 1767 2451 fecisse

976 2460 1062 2487 Deum
1082 2461 1135 2487 hoc
1150 2466 1227 2488 certo
1243 2463 1360 2496 quodam
1376 2464 1490 2491 consilio
1503 2471 1530 2492 et
1550 2467 1766 2501 dispensatione.

976 2507 1044 2534 Nam
1065 2507 1201 2534 sollicitus
1216 2507 1251 2535 de
1272 2509 1362 2541 nobis,
1380 2517 1415 2536 ne
1437 2509 1507 2538 forte
1524 2519 1655 2547 perpetuo
1671 2523 1766 2549 pecea-

977 2561 1071 2580 remus
1088 2561 1140 2580 neu
1161 2554 1247 2582 tristis
1269 2553 1326 2582 haec
1351 2560 1378 2582 et
1400 2563 1554 2592 terumaosa
1575 2561 1766 2589 vita‘duraret

973 2603 1117 2631 aeternum,
1135 2600 1172 2626 uti
1190 2598 1310 2627 Joannes
1327 2601 1408 2627 etiam
1426 2601 1639 2638 Cbrysostomus
1664 2605 1763 2639 inquit,

973 2644 1054 2670 morti
1066 2647 1229 2678 potestatem
1242 2643 1308 2671 facit
1317 2644 1499 2673 immortalem
1511 2648 1668 2681 invadendi,
1682 2655 1765 2684 atque

974 2689 1024 2716 hoc
1035 2691 1118 2717 modo
1129 2690 1251 2718 nortalis
1264 2692 1348 2726 litqtti
1361 2692 1524 2721 immortalis
1555 2700 1622 2723 erat.
1635 2703 1765 2723 υιιυιϊυη

972 2736 1079 2771 ptibilis
1100 2737 1145 2771 qui
1164 2737 1228 2763 nulli
1244 2744 1302 2764 erat
1319 2738 1439 2765 interitni
1459 2740 1668 2777 obnoxius.93
1690 2743 1762 2771 Idem

972 2782 1049 2810 nobis
1068 2782 1149 2810 etiam
1176 2782 1292 2810 Basilius
1311 2792 1407 2818 persua
1421 2785 1484 2818 leat,
1504 2786 1582 2821 cujus
1601 2789 1656 2815 lta-c
1679 2791 1762 2818 verba
