1957 3073
149 118 194 150 193

778 114 950 146 ANNALIU
956 113 979 142 Μ
1003 112 1101 142 PARS
1123 112 1144 142 ῐ.

1720 105 1772 137 194

145 174 250 208 ἀλόγοις
275 172 396 208 ἐγένετο,
420 172 476 200 ἀλλ’
504 169 616 208 ὕστερον
641 172 771 203 ἐπετίθει,
803 172 925 203 κολάζων

996 178 1038 195 -uu
1057 168 1177 202 pellicem,
1205 167 1304 209 tunica:
1319 166 1421 193 amictu
1439 164 1514 193 dicit.
1542 163 1647 192 Etenim
1664 163 1708 190 illa
1720 171 1772 190 na-

146 221 246 246 ἐκεῖνον
259 219 306 246 τὸν
328 220 358 245 ὲν
378 220 444 254 τιμῇ
460 219 511 254 μὲν
527 220 591 245 ὅντα
608 219 646 253 μὴ
669 220 793 245 συνιέντα
811 217 852 249 δὲ,
869 217 933 243 κάν-

146 265 238 292 τεῠθεν
256 266 295 296 είς
317 265 472 300 ὑπόμνησιν
490 265 564 299 ἄγων
589 261 626 293 ὧν
651 264 781 297 ἐξέπεσεν
811 263 931 297 ἀγαθῶν.

151 310 231 337 ’Λλλὰ
246 311 292 336 καὶ
308 311 322 336 ὁ
337 310 456 345 χρυσοῦς
477 310 527 344 τὴν
551 309 674 344 γλῶτταν
691 310 818 344 Ἰωάννης
834 309 864 335 τὺ
885 307 932 334 τοῦ

146 356 253 392 πρώτου
274 356 415 390 παριστῶν
438 355 542 387 ἀπαθὲς
571 356 664 390 ἔλεγεν
685 364 695 380 ι
716 354 858 389 Ἐννόησὸν
888 362 933 388 μοι

147 403 352 438 μακαριότητος
379 402 393 428 ὕ
399 410 430 428 πε
435 402 533 437 ρῦολὴν
538 422 546 434 ,
570 402 629 433 πῶς
659 401 714 428 ἁνώ
719 410 744 428 τε
748 410 791 436 ροι
824 401 933 427 πάντων

146 448 197 474 τῶν
214 447 381 482 σωματικῶν
402 447 427 473 οἱ
444 446 655 481 πρωτόπλαστοι
670 444 753 480 ἦσαν,
771 446 829 476 πῶς
849 445 933 471 καθά-

146 503 197 530 περ
210 494 256 520 τῖιν
279 494 393 529 οὐρανὸν
410 492 482 520 οὕτω
506 493 556 528 τὴν
586 493 638 528 γῆν
651 492 752 528 ᾤκουν,
767 492 815 518 καὶ
830 493 860 518 ὲν
883 491 934 517 σώ-

147 548 210 575 ματι
224 540 405 575 τυγχάνοντες
415 539 451 566 τὰ
464 539 518 565 τῶν
532 539 667 574 σωμάτων
679 539 728 574 οὐχ
744 538 906 573 ὑπέμειναν,
922 546 931 562 ι

146 587 213 613 Οὔτε
230 586 283 620 γὰρ
302 586 402 621 στέγης
428 584 490 612 οὔτε
513 585 614 620 ὀρόφου
638 584 700 611 οὔτε
726 583 844 619 ίματίων
872 582 934 610 οὕτε

145 631 223 659 ἄλλου
247 631 354 663 οὐδενὸς
373 630 431 658 τῶν
458 631 590 657 τοιούτων
615 630 732 657 ἐδέοντο.
758 629 841 656 ’Δλλά
858 629 934 655 κοιὶὸ

146 678 270 712 θεολόγος
281 677 444 713 Γρηγόριος,
461 676 690 711 ἑπικαλύμματος
707 676 754 702 καὶ
767 675 933 711 προϐλήμα-

144 716 201 755 τοί
208 724 244 759 μὴ
263 723 369 750 δέεσθαι
384 723 474 758 λέγων
489 723 535 749 τὸν
552 723 600 749 ἀπ’
621 722 710 758 ἀρχῆς
726 716 884 758 ἄνθρωπον,
899 722 935 748 τὰ

146 770 214 796 αὐτὰ
228 770 268 805 τῷ
284 769 497 805 Χρυσορῤήμονι
518 769 626 800 πάντως
639 769 764 803 ἐνέφηνε,
778 768 862 802 Σῶμα
880 768 934 803 γὰρ

148 816 217 851 μήτε
242 816 361 850 κρυμοῖς
376 815 531 841 ὺποπίπτον
557 815 627 850 μήτε
655 814 795 849 θάλψεσιν.
821 814 852 840 Εἰ
878 814 933 849 γὰρ

146 859 239 886 ἐλύπει
260 858 382 885 τοιοῦτον
396 867 423 886 τι
438 859 523 889 πάθος
535 858 614 891 αὐτὸ,
627 858 675 885 καὶ
690 858 888 893 σκεπάσματος
899 858 933 885 ἂν

146 905 175 938 ἐξ
192 904 316 939 ἀνάγκης
343 904 391 931 καὶ
408 904 603 940 προϐλήματος
615 903 733 937 ίὲπιδεὲς
758 901 805 939 ἧν.
829 903 887 930 οὐκ
902 902 935 930 ἂν

146 949 227 977 αὺτὸν
241 951 358 985 πάσχειν
381 949 459 985 ᾠήθη
482 949 553 977 κατά
578 958 605 976 τι
619 950 633 976 ό
649 949 721 981 θεῖος
739 945 817 980 οὗτος
844 949 928 984 ἀνὴρ,

146 993 202 1027 είγε
218 994 265 1020 καὶ
286 993 388 1028 μᾶλλον
402 993 452 1028 τὴν
469 992 629 1028 παχυτέραν
649 993 740 1028 σάρκα
762 993 810 1019 καὶ
823 992 934 1028 θνητὴν,

147 1040 194 1074 ἀφ’
207 1036 242 1075 ἧς
255 1040 309 1075 ἄρα
324 1040 373 1067 καὶ
386 1040 417 1067 τὺ
437 1040 551 1075 πάσχειν
567 1041 648 1075 ἡμῖν,
672 1040 702 1066 ὲν
713 1040 746 1075 τῇ
764 1039 812 1066 τοῦ
833 1039 937 1074 δερμα-

147 1085 221 1112 τίνου
238 1087 353 1121 χιτῶνος
370 1085 503 1121 περιὸολῇ
518 1085 564 1112 τὸν
587 1085 675 1121 ’Δδὰμ
698 1085 866 1112 ’ἐνδύσασθαι
880 1085 937 1112 ἐλε-

148 1137 207 1164 γεν.
226 1126 332 1161 Ἐδειξε
357 1128 413 1164 γὰρ
442 1128 568 1155 ἐντεῦθεν
594 1128 636 1155 ὅτι
666 1129 719 1164 πρὸ
737 1129 788 1164 τῆς
807 1129 938 1162 τοιαύτης

149 1174 297 1210 περιϐολῆς
325 1174 438 1210 ἀπαθὴς
466 1175 482 1201 ὸ
499 1175 646 1211 ἅνθρωπος
669 1173 704 1210 ἦν
729 1175 776 1202 ἅτε
796 1174 829 1209 δὴ
847 1173 938 1209 σάρκα

148 1221 317 1256 λεπτοτέραν
333 1221 521 1256 ἐνδεδυμένος,
541 1221 677 1248 ἀθάνατόν
693 1229 724 1247 τε
753 1221 801 1247 καὶ
827 1220 938 1254 ἀφθαρ-

149 1276 205 1295 τον.
227 1267 298 1293 Ἀλλ’
314 1267 361 1294 ἐπὶ
375 1266 490 1299 ταύταις
516 1267 578 1296 ταῖς
606 1266 695 1299 λέξεσι
716 1267 891 1302 χαλεπαίνειν
906 1268 938 1293 οὐ

148 1313 213 1347 χρή.
238 1310 317 1337 Κατὰ
329 1311 384 1346 γὰρ
400 1310 447 1338 τὸν
461 1311 681 1347 Χρυωρρήμονα
703 1311 830 1346 Ἰωάννην
848 1311 938 1346 πάσης

148 1355 311 1391 ἀπήλλακτο
326 1356 357 1382 τὺ
370 1355 451 1391 σῶμα
469 1357 559 1383 ἐκεῖνο
575 1356 689 1392 φθορᾶς.
710 1355 769 1390 Ἐφ’
783 1352 805 1390 ᾧ
823 1356 871 1383 καὶ
887 1356 939 1391 ἀφ-

150 1404 250 1438 θαρτον
275 1403 342 1430 αὐτὸ
369 1401 483 1434 δικαίως
498 1403 511 1429 ὁ
527 1402 607 1436 λόγος
629 1402 771 1430 ἐκάλεσεν.
791 1402 822 1428 El
841 1402 870 1429 δὲ
885 1402 940 1437 ἀφ-

150 1450 259 1485 θαρτον,
279 1448 392 1484 εῠδηλον
409 1450 451 1476 ὅτι
476 1450 525 1476 καὶ
551 1449 685 1476 ἀθάνατον
697 1446 742 1485 ἦν.
758 1449 790 1476 Εἰ
803 1449 858 1485 γὰρ
872 1448 941 1475 ἃπά-

985 220 1052 242 turaa
1066 213 1178 240 rationis
1198 212 1332 247 participi,
1348 217 1477 247 tanquam
1494 211 1582 238 brutis
1598 209 1771 240 animalibus,

986 260 1145 286 naturaliter
1169 267 1223 286 non
1241 259 1408 290 adhtcrelmt,
1430 258 1477 285 scd
1493 257 1622 292 deinceps
1646 256 1772 298 accessit,

985 310 1015 332 ut
1030 306 1053 332 ci
1068 313 1156 340 poma:
1181 305 1242 332 loco
1261 304 1343 336 foret,
1371 305 1417 339 qui
1441 311 1503 331 cum
1521 309 1593 331 esset
1613 303 1639 330 in
1656 302 1772 333 honore.

986 352 1106 378 animum
1118 357 1208 379 tamen
1232 359 1286 378 non
1305 351 1440 382 advertit;
1461 358 1516 385 quo
1537 358 1585 384 per
1600 350 1686 385 ipsam
1702 347 1774 375 scili—

985 401 1027 424 cet
1043 397 1238 424 admoneretur
1256 396 1355 431 quibus
1372 397 1450 423 bonis
1465 387 1624 423 excidisset.
1653 394 1773 422 Joannes

986 443 1050 469 item
1072 441 1283 477 Chrysostomus
1309 442 1457 469 ostendens
1487 441 1624 468 hominem
1655 440 1773 476 primunt

985 492 1126 522 expertem
1142 487 1319 515 atl‘ectionum
1340 487 1433 518 fuisse,
1455 486 1546 513 verbis
1575 486 1650 513 hisce
1667 486 1774 512 utitur:

988 532 1153 560 «Considera
1168 532 1236 560 mihi
1252 532 1391 560 beatitatis
1406 531 1612 562 abundantiam,
1627 538 1681 565 quo
1696 534 1775 565 pacto

985 585 1067 613 supra
1085 585 1130 605 res
1147 585 1294 613 corp0reas
1309 585 1406 605 omnes
1427 577 1508 612 positi
1535 576 1635 604 fuerint
1649 577 1776 603 homines

986 624 1024 651 illi
1037 624 1163 659 principe
1178 623 1238 651 loco
1256 623 1363 651 I'ormati
1379 631 1395 650 a
1416 623 1489 656 Deo;
1505 630 1560 657 quo
1576 625 1656 657 pacto
1672 627 1774 649 terram

985 668 1025 694 sic
1039 667 1206 695 incoluerint
1220 675 1253 695 ac
1269 668 1291 695 si
1309 668 1408 696 ccelum
1427 667 1589 699 incolerent,
1617 674 1672 702 quo
1697 672 1776 701 pacto

985 712 1013 739 in
1032 713 1195 748 corporibus
1218 713 1396 747 exsistentes,
1422 721 1482 748 qum
1504 712 1614 748 propria
1631 720 1776 747 corporqu

985 764 1050 787 sunt
1064 767 1118 787 non
1135 759 1308 794 pertulerint.
1328 759 1385 787 Nec
1396 760 1468 787 enim
1484 760 1527 787 vel
1540 763 1611 787 tecto
1626 760 1666 787 vel
1685 759 1779 794 laque-

985 807 1025 832 ari
1043 805 1087 832 vel
1104 805 1273 834 indumentis
1291 806 1332 834 vel
1347 806 1399 833 alia
1417 806 1544 840 quapiam
1564 806 1608 833 tali
1623 814 1653 833 re
1670 805 1778 841 indige-

951 843 971 871 Β
983 850 1076 878 bant.)
1096 849 1287 879 Consimiliter
1299 850 1447 886 Gregorius
1465 851 1511 878 ille
1528 851 1672 886 theologus
1687 850 1777 878 homi-

984 904 1047 924 nem
1060 897 1178 932 primum
1199 904 1251 924 nec
1266 901 1425 933 tegumento
1446 905 1497 925 nec
1513 898 1613 925 vestitu
1629 897 1778 932 indiguisse
1806 897 1810 900 '

985 940 1062 969 dicit.
1088 942 1210 970 Habebat
1236 942 1310 970 enim
1336 949 1448 977 corpus,
1470 942 1542 977 quod
1567 949 1656 976 neque
1682 942 1777 978 frigori

985 993 1037 1014 nec
1064 987 1143 1014 aestui
1173 987 1244 1014 t'oret
1270 987 1434 1015 obnoxium.
1467 988 1574 1023 Quippe
1599 988 1622 1015 si
1642 987 1777 1023 ejusmodi

986 1032 1119 1066 quzepiam
1134 1033 1243 1061 atlectio
1260 1033 1374 1061 laesisset
1391 1033 1492 1069 ipsum,
1518 1034 1599 1061 etiam
1622 1036 1779 1062 necessario

988 1083 1041 1106 tam
1064 1083 1221 1114 legumento
1247 1087 1328 1115 quam
1347 1079 1452 1114 vestitu
1470 1080 1641 1115 indiguisset.
1671 1081 1708 1107 De
1723 1087 1779 1115 quo

986 1125 1123 1161 colligitur
1141 1127 1265 1154 divinum
1291 1127 1365 1154 bttnc
1394 1127 1482 1154 virum
1506 1127 1679 1154 existimasse
1706 1127 1778 1154 nihil

987 1172 1101 1199 omnino
1113 1172 1164 1199 tale
1191 1172 1245 1200 ullo
1260 1178 1339 1207 pacto
1358 1181 1458 1208 corpus
1476 1173 1541 1200 illud
1564 1167 1682 1200 hominis
1696 1172 1778 1208 primi

988 1224 1148 1253 perpessum
1164 1226 1235 1246 esse.
1267 1219 1323 1246 Imo
1339 1219 1420 1246 tradit
1431 1219 1501 1246 idem
1517 1218 1651 1246 Adamum
1667 1227 1777 1246 carnem

989 1263 1060 1291 hanc
1085 1264 1251 1292 crassiorem
1277 1269 1305 1291 et
1334 1265 1414 1292 morti
1438 1265 1596 1297 obnoxiam,
1619 1273 1633 1291 a
1651 1272 1703 1299 qua
1719 1265 1778 1300 ipsa

989 1309 1203 1345 proﬁciscuntur
1233 1311 1390 1346 huiusmodi
1421 1311 1604 1345 aﬂcetiones,
1633 1319 1686 1338 una
1715 1319 1778 1339 cum

990 1356 1091 1384 amictu
1102 1356 1224 1391 pellicem
1239 1357 1338 1384 tunicae
1354 1356 1489 1385 induisse.
1521 1358 1582 1391 Quo
1594 1358 1714 1385 indicare
1729 1366 1780 1386 vo-

990 1402 1042 1430 luit
1057 1407 1120 1430 ante
1139 1403 1269 1430 amictum
1286 1404 1420 1438 ejusmodi
1439 1404 1524 1431 fuisse
1546 1404 1686 1431 horninem
1712 1404 1779 1431 atie-

991 1448 1113 1476 ctionum
1126 1453 1277 1484 expertem,
1301 1454 1332 1477 ut
1341 1450 1388 1485 qui
1402 1456 1485 1478 carne
1504 1450 1646 1478 subtiliore
1670 1451 1782 1478 immor-

149 1496 247 1530 γεσθαι
264 1494 379 1522 είώθασι
396 1496 444 1522 καὶ
461 1496 535 1522 νόσοι
551 1495 599 1522 καὶ
613 1495 723 1523 θάνατοι
740 1494 771 1521 ἐκ
785 1503 814 1522 τε
828 1495 939 1522 πλεονε-

995 1494 1043 1522 tali
1071 1499 1098 1522 et
1125 1495 1328 1534 incorruptibili
1359 1496 1437 1531 prius
1465 1496 1578 1524 indutus
1603 1501 1686 1524 esset.
1714 1497 1782 1530 Qua:

150 1542 211 1576 ξίας
224 1543 272 1569 καὶ
295 1541 441 1577 ἐλλείψεως
455 1542 509 1568 τῶν
525 1542 668 1577 τεσσάρων
694 1542 803 1577 χυμῶν,
818 1541 890 1568 καθὰ
905 1540 938 1577 δὴ

151 1590 189 1624 τῷ
205 1589 416 1624 Χρυσορῤήμονι
441 1588 525 1622 δοκεῖ,
541 1589 571 1615 τὸ
597 1588 626 1616 δέ
641 1596 673 1623 γε
689 1588 768 1623 σῶμα
784 1587 831 1615 τοῦ
852 1587 940 1623 ’Δδάμ

152 1628 182 1662 ἓν
201 1634 321 1670 ἀπαθείᾳ
335 1634 411 1670 διῆγε
427 1634 476 1662 καὶ
491 1634 625 1666 ὡσαύτως
640 1632 714 1670 εἶχεν
729 1634 772 1662 ἀεὶ
798 1634 870 1671 (οὐδὲ
885 1633 940 1669 γὰρ

152 1682 297 1709 ἀλλοίωσιν
315 1681 423 1717 ἐδέχετό
450 1689 513 1708 τινα
529 1681 732 1716 παραπλησίως
755 1681 832 1716 ἡμῖν,
850 1681 897 1708 ἅτε
908 1680 941 1716 δὴ

154 1728 250 1756 παθῶν
270 1727 404 1754 παντοίων
432 1727 585 1762 ὑπέρτερον
596 1725 650 1760 ὃν),
672 1726 800 1761 φαίνεται
830 1727 941 1759 πάντως

155 1776 196 1801 ὅτι
215 1773 264 1801 καὶ
283 1773 433 1804 ἀθανασίας
448 1772 558 1808 ὑπῆρχε
576 1774 702 1808 μέτοχοι,
720 1773 757 1803 ὡς
768 1774 782 1800 ό
793 1773 871 1808 λόγος
890 1773 941 1809 ἤδη

155 1820 263 1853 φθάσας
283 1819 431 1853 ἐδήλωσεν.
450 1817 513 1845 Ὅτι
533 1818 562 1844 δὲ
584 1818 709 1852 φυσικῶν
733 1818 829 1845 παθῶν
844 1818 945 1845 ἀνώτε-

156 1874 203 1900 ρος
215 1866 229 1892 ὁ
246 1864 390 1900 ἄνθρωπος
402 1863 437 1901 ἦν
453 1867 481 1890 ὲν
489 1864 586 1898 ἐκείνῳ
598 1865 638 1898 τῷ
653 1864 753 1900 καιρῷ,
769 1865 817 1890 καὶ
832 1865 846 1890 ὁ
857 1863 943 1899 μέγας

155 1911 239 1944 iouia
252 1909 392 1943 Βασίλειος
404 1911 433 1937 ἐν
445 1912 501 1942 τοῖς
513 1911 675 1945 ἀπητικοῖς
688 1910 770 1937 αὑτοῦ
782 1910 855 1937 κατὰ
868 1910 944 1946 ρῆμα

153 1957 263 1990 διεξιὼν
304 1956 420 1984 οὑτωσί·
450 1956 584 1992 «Ὥσπερ
612 1956 636 1982 εί
662 1954 734 1992 ἧμιν
764 1957 793 1983 ἑν
821 1956 861 1992 τῷ
890 1965 945 1983 πα-

156 2002 273 2038 ραδείσῳ
285 2002 335 2037 τῆς
352 2001 470 2036 τρυφῆς,
489 2000 539 2027 οὐκ
558 2000 592 2027 ἂν
622 2000 747 2032 ἐπινοίας
772 2001 818 2027 καὶ
842 2002 944 2037 μόχθου

154 2046 309 2083 γεωργικοῦ
338 2046 576 2083 προσεδεήθημεν,
593 2046 682 2078 οὕτως
698 2046 729 2074 εί
739 2044 813 2082 ἦμεν
828 2047 857 2073 ὲν
871 2047 946 2074 ἀπει-

154 2094 216 2130 θείᾳ
241 2094 313 2121 κατά
326 2101 358 2128 γε
377 2093 409 2119 τὸ
425 2093 480 2128 πρὸ
498 2093 546 2120 τοῦ
563 2093 792 2127 παραπτώματος
807 2093 836 2119 ἰν
852 2095 886 2128 τῇ
898 2094 948 2129 δη-

157 2139 290 2175 μιουργίᾳ.
301 2139 436 2174 χάρισμα,
454 2138 562 2169 οὐδενὸς
578 2137 612 2165 ἂν
627 2138 682 2164 τῶν
695 2138 724 2170 ἐξ
740 2139 865 2174 ίατρικῆς
877 2139 947 2174 πρὸς

991 1548 1072 1569 voces
1085 1540 1214 1569 exhibere
1231 1542 1279 1570 tibi
1300 1542 1431 1570 molestite
1448 1543 1518 1570 nihil
1540 1543 1649 1571 debent.
1665 1543 1730 1571 Nam
1745 1544 1781 1572 de

990 1582 1179 1622 Chrysostomi
1195 1589 1336 1616 sententia
1351 1597 1452 1624 corpus
1464 1589 1529 1616 illud
1543 1590 1577 1617 ab
1591 1589 1706 1617 interitu
1722 1595 1782 1617 erat

992 1634 1135 1667 immune;
1160 1643 1240 1671 quant
1267 1636 1301 1663 ob
1328 1643 1439 1662 causam
1456 1636 1555 1663 merito
1571 1636 1781 1671 incorruptibile

992 1680 1102 1709 dicitur.
1119 1682 1222 1715 Quodsi
1231 1686 1289 1709 erat
1298 1681 1512 1716 incorruptibile,
1522 1682 1632 1716 planum
1646 1688 1687 1709 est
1699 1682 1780 1709 etiam

993 1727 1147 1756 immortale
1163 1729 1256 1756 fuitne.
1286 1728 1354 1755 Nam
1380 1735 1443 1755 cum
1466 1728 1552 1754 morbi
1573 1731 1656 1763 atque
1679 1733 1783 1755 mortes

994 1778 1050 1801 tam
1075 1782 1109 1802 ex
1124 1773 1292 1802 abundantia
1308 1781 1389 1808 quam
1413 1771 1522 1800 delectu
1542 1777 1660 1809 quatuor
1687 1773 1784 1800 humo-

995 1828 1055 1847 rum
1086 1820 1152 1848 oriri
1177 1820 1382 1852 consueverint,
1400 1820 1568 1847 assentiente
1583 1819 1664 1846 nobis
1685 1819 1712 1846 itt
1729 1819 1784 1847 hoc

996 1866 1055 1901 ipso
1080 1866 1164 1894 etiam
1189 1867 1385 1901 (lbrysostomo
1400 1886 1407 1900 ,
1422 1870 1450 1893 et
1474 1873 1539 1893 vero
1559 1873 1658 1900 corpus
1685 1865 1785 1894 Λάδηιὶ

994 1919 1094 1947 expers
1118 1912 1294 1940 atl‘ectionum
1320 1911 1423 1944 fuerit,
1448 1911 1543 1940 eodem
1572 1911 1653 1939 modo
1677 1911 1784 1940 scilicet

996 1957 1125 1986 allectum
1151 1964 1284 1993 perpetuo
1315 1958 1382 1992 (non
1415 1958 1490 1985 eniut
1530 1958 1712 1986 mutationem
1736 1957 1786 1991 γυι-

996 2003 1050 2031 lant
1071 2004 1253 2036 admittebat,
1284 2003 1356 2039 quod
1391 2003 1419 2030 in
1447 2003 1528 2031 nobis
1555 2005 1702 2032 usuvenire
1726 2012 1786 2032 cer-

997 2050 1099 2082 nimus,
1128 2054 1255 2084 tanquatu
1289 2057 1371 2084 supra
1399 2056 1495 2077 omnes
1525 2049 1683 2078 all’ectioues
1709 2051 1785 2085 posi-

999 2095 1090 2130 tum),
1119 2096 1296 2131 pérspicuum
1325 2103 1440 2130 prorsus
1474 2100 1516 2123 est
1537 2096 1619 2123 etiam
1647 2096 1787 2132 particeps

1000 2141 1213 2169 immortalitatis
1249 2142 1353 2175 fuisse,
1384 2142 1613 2177 quemadmodum
1631 2142 1686 2178 jam
1716 2142 1787 2170 ntul-

156 2186 336 2222 παραμυθίαν
353 2185 518 2221 ἐχρῄζομεν.
530 2193 540 2211 ι
556 2185 645 2220 Εἴπερ
662 2184 708 2211 οὖν
722 2185 751 2211 ἐν
766 2186 800 2220 τῇ
813 2185 940 2220 δημιουρ-

1002 2187 1082 2214 toties
1102 2192 1144 2214 est
1164 2187 1333 2220 indicatum;
1354 2188 1381 2214 et
1403 2187 1489 2215 fuisse
1511 2187 1648 2215 hominem
1677 2188 1702 2215 id
1720 2193 1789 2217 tem-

156 2233 206 2269 γίᾳ
221 2229 346 2268 χάρισμα
357 2230 414 2267 κίχε
429 2231 484 2267 πρὸ
498 2231 546 2258 τοῦ
560 2230 788 2266 παραπτώματος
811 2230 949 2263 ἀπαθείας

157 2281 172 2306 ὁ
185 2279 340 2314 ἄνθρωπος,
355 2278 414 2310 πῶς
440 2277 565 2311 εἴπωμεν
582 2278 634 2312 οἴῳ
649 2277 680 2312 δή
696 2286 750 2304 τινι
766 2277 875 2312 φυσικῷ
891 2277 947 2306 πά-

158 2327 200 2353 θει
222 2325 402 2362 περιπίπτειν
422 2325 505 2353 αὑτδν
518 2326 546 2350 ὲν
561 2324 600 2360 τῷ
615 2324 666 2358 τῆς
684 2324 822 2356 ἀπαθείας
837 2323 927 2359 καιρῷ
941 2333 948 2356 ;

164 2373 248 2400 ’Δλλά
264 2373 313 2399 καὶ
331 2373 345 2399 ὁ
361 2371 449 2407 μέγας
465 2370 593 2405 Μάξιμος
602 2371 637 2397 τὰ
653 2369 728 2404 πάθη
742 2370 843 2402 ταῦτα,
858 2369 949 2405 λύπην

158 2420 257 2454 ἡδονὴν
280 2418 430 2453 ἐπιθυμίαν
456 2417 506 2445 καὶ
533 2416 585 2443 ὅσα
609 2416 678 2443 ἄλλα
692 2415 815 2449 τοιαῦτα,
828 2416 889 2451 ἃτῇ
904 2416 950 2442 ἀν-

159 2466 288 2502 θρωπίνῃ
304 2465 384 2499 φύσει
402 2465 536 2500 πρόσεστι
553 2465 687 2499 τήμερον,
706 2465 738 2489 ἐκ
757 2463 807 2498 τῆς
821 2463 876 2489 τῶν
888 2462 951 2489 ὰλό-

159 2521 218 2546 γων
241 2512 319 2545 ἔλεγε
336 2511 434 2546 μοίρας
461 2510 507 2536 ἐπὶ
531 2509 577 2536 τὸν
603 2509 749 2544 ἄνθρωπον
773 2509 948 2544 είσδραμείϋ·

161 2557 257 2592 ἐπειδὴ
275 2556 331 2591 γὰρ
348 2554 519 2590 ὁμοιωθῆναι
543 2553 730 2589 κατεδικάσθη
755 2555 813 2585 τοῖς
825 2555 952 2588 ἀνοήτοις

161 2605 276 2639 κτήνεσι
300 2603 372 2630 κατὰ
385 2602 504 2636 γένεσιν,
522 2600 630 2628 ἐκεῖθεν
649 2600 681 2633 ἐξ
703 2600 828 2635 ἀνάγκης
845 2602 894 2628 καὶ
918 2601 952 2627 τὰ

163 2653 239 2687 πάθη
257 2650 345 2677 ταῦτα
373 2648 441 2684 πρὸς
471 2648 568 2675 ἑαυτὸν
594 2647 782 2674 ἐπεσπάσατο.
813 2647 880 2673 Οὐδὲ
897 2648 952 2682 γὰρ

163 2697 381 2734 προηγουμένως
400 2693 562 2730 συνεκτίσθη
578 2693 667 2720 ταῦτα
682 2693 721 2728 τῷ
731 2692 881 2728 ἀνθρώπῳ,
903 2702 954 2721 κα-

163 2745 242 2775 θὼςὸ
252 2743 325 2774 θεῖός
340 2737 418 2772 οὗτος
433 2740 503 2776 ἀνὴρ
518 2740 548 2766 ὲν
567 2740 624 2770 τοῖς
636 2738 707 2773 πρὸς
726 2738 882 2765 Θαλάσσιον
896 2738 954 2764 ἔλε-

163 2800 225 2825 γεν,
240 2790 286 2818 διὰ
297 2789 326 2816 δὲ
338 2789 388 2823 τὴν
406 2788 455 2822 τῆς
469 2785 642 2820 τελειότητος
651 2784 791 2812 ἔκπτωσιν
804 2785 953 2818 ὑπεισῆλθε

165 2837 206 2871 τῷ
225 2835 392 2868 ἀλογωτέρῳ
418 2831 498 2868 μέρει
525 2830 702 2867 προσφυέντα
718 2830 771 2868 τῆς
784 2829 905 2864 φύσεως.
921 2831 952 2858 Et

330 2881 466 2911 Ριτκυι,
490 2880 547 2910 GR.
570 2878 698 2911 CLVIII.

1000 2233 1076 2268 poris
1099 2241 1182 2268 supra
1207 2240 1304 2261 omnes
1331 2233 1493 2261 affectiones
1519 2234 1649 2269 positum,
1673 2243 1788 2270 magnus

1000 2278 1046 2306 ille
1057 2278 1172 2306 Basilius
1187 2279 1213 2306 in
1229 2279 1360 2305 Asreticis
1375 2279 1431 2306 suis
1445 2279 1563 2306 ostendit
1576 2279 1620 2308 ubi
1632 2279 1665 2307 ad
1675 2280 1787 2308 verbum

1001 2324 1059 2352 haec
1067 2328 1194 2352 exstant:
1209 2324 1459 2358 «Quemadmodum
1471 2324 1526 2360 95
1539 2324 1560 2351 si
1571 2333 1694 2353 essemus
1703 2325 1729 2352 in
1739 2333 1789 2360 pa-

1001 2370 1092 2397 radiso
1107 2370 1276 2403 deliciarum,
1293 2378 1347 2397 non
1365 2370 1407 2398 vel
1430 2371 1653 2397 consideratione
1678 2371 1721 2398 vel
1747 2371 1788 2398 la-

1002 2417 1067 2444 bore
1088 2416 1275 2452 agricultionis
1299 2408 1494 2452 ltidigercmus,
1510 2416 1547 2443 ita
1569 2416 1591 2443 si
1617 2424 1742 2444 essemus
1761 2417 1790 2444 in

1002 2467 1075 2490 statu
1090 2463 1267 2489 atlectionum
1282 2466 1405 2496 experte,
1422 2461 1571 2489 secundum
1585 2461 1659 2489 illam
1675 2462 1789 2497 gratiam

1002 2516 1063 2543 qua:
1078 2508 1158 2536 nobis
1172 2513 1232 2536 erat
1248 2513 1312 2535 ante
1329 2508 1435 2542 lapsum
1450 2507 1476 2535 in
1492 2508 1630 2542 creatione
1645 2515 1789 2540 concessa.

1003 2553 1071 2581 nihil
1089 2559 1148 2581 arte
1172 2554 1275 2581 medica
1304 2559 1431 2581 nostrutn
1458 2553 1492 2581 ad
1517 2561 1596 2580 usum
1618 2560 1788 2589 egeremus.»

1004 2600 1106 2633 Quodsi
1128 2608 1194 2636 ergo
1209 2602 1324 2636 gratiam
1353 2599 1424 2626 hanc
1445 2604 1509 2626 ante
1534 2599 1639 2634 lap5um
1661 2599 1687 2626 in
1716 2606 1793 2626 crea-

1005 2648 1078 2675 tione
1111 2646 1207 2674 habuit
1234 2646 1337 2678 ltomo,
1362 2654 1416 2681 quo
1441 2646 1549 2674 tandem
1589 2653 1636 2672 ore
1668 2645 1792 2672 dicemus

1004 2700 1067 2720 eum
1084 2692 1131 2720 ulli
1147 2692 1285 2720 aﬂ'ectioni
1304 2691 1421 2719 naturali
1437 2691 1587 2718 obnoxium
1610 2692 1635 2717 id
1663 2691 1794 2726 temporis

1005 2739 1101 2772 fuisse,
1130 2745 1193 2765 cum
1229 2745 1343 2773 prorsus
1371 2745 1471 2771 expers
1496 2736 1672 2763 atlectiouuxn
1702 2737 1794 2765 foret?

1004 2785 1070 2819 quin
1084 2785 1165 2811 etiam
1182 2791 1296 2819 magnus
1313 2783 1358 2810 ille
1375 2783 1507 2810 Maximus
1526 2782 1686 2810 atl‘ectiones
1698 2783 1793 2818 hasce,

1006 2832 1176 2867 mmstitiam,
1198 2831 1376 2867 voluptatem,
1392 2830 1541 2866 appetitum
1569 2830 1690 2865 aliasque
1717 2831 1795 2867 tales,

1609 2880 1624 2909 7
