1957 3073
164 175 217 207 207

801 174 1014 206 MICIIAELIS
1033 176 1165 207 GLYti/E

1729 175 1787 207 208

164 237 278 268 cnpant,
311 239 364 258 non
394 231 496 259 idcirco
512 230 657 258 dicendum
676 230 754 257 nobis
774 234 815 258 est
829 231 910 257 talem
924 230 948 258 ei

1006 231 1068 258 ιῦτὸ
1104 232 1255 266 κεκτῆσθαι
1287 231 1401 266 δύναμιν
1431 231 1565 266 εἴπωμεν.
1597 229 1668 258 Ἀλλ’
1693 230 1788 266 ἐπειδὴ

165 278 220 304 vim
237 277 348 304 affuisse
369 284 376 303 :
395 277 441 303 sed
454 276 517 310 quia
532 275 654 302 mandati
674 275 853 310 transgressio
871 276 897 302 in
914 283 947 303 eo

166 322 236 349 facta
260 326 321 353 est,
346 321 381 348 de
407 328 462 356 quo
490 326 638 347 consecuta
662 327 743 355 porro
777 324 820 348 est
843 321 947 355 peccati

166 366 270 400 agnitio
283 371 365 400 atque
390 365 490 401 pudor,
513 365 616 392 idcirco
631 372 729 393 nomen
761 365 813 392 hoc
837 366 947 393 meruit.

164 411 374 440 Consuevernnt
385 411 457 439 enim
472 411 581 438 Littera
596 418 680 439 sacrae
693 411 726 439 de
743 419 834 439 rerum
843 412 949 439 eventis

165 458 277 485 nomina
292 459 373 486 etiam
390 458 495 484 indere.
513 457 580 484 Audi
591 457 658 491 quid
667 458 717 485 hac
733 457 760 484 in
775 462 851 492 parte
861 457 949 492 Chry-

166 509 303 532 sostomm
328 503 412 530 dii-at.
436 503 513 531 Unus
537 503 646 538 quidam
669 503 696 530 in
723 502 871 530 solitudine
888 502 950 530 fons

166 549 363 578 adversationis
391 557 461 584 aqua
492 553 534 576 est
564 553 719 583 nuncupata
746 548 782 580 ⁸⁸,
796 556 850 575 non
876 549 948 582 quod

166 595 300 629 ejusmodi
319 600 445 622 naturam
467 595 583 622 haberet
602 599 632 622 ut
649 602 681 622 ex
708 602 737 622 se
752 594 909 622 haurientes
921 594 948 621 in

168 641 276 668 mutua‘s
301 640 510 668 adversationes
537 640 690 672 excitaret;
716 648 778 667 nam
802 640 823 667 si
845 647 888 667 res
913 640 948 667 ita

168 690 323 720 comparata
343 686 450 718 fuisset.
467 686 547 713 etiam
562 686 619 720 ipse
641 686 730 713 Moses
746 687 841 713 hausta
867 686 950 713 fontis

169 731 250 764 hujus
274 739 345 766 aqua
381 731 435 758 Deo
463 731 685 759 contradiiisset.
715 731 949 764 Quemadmodum

167 785 232 813 ergo
249 777 309 805 fons
325 777 371 805 ille
384 785 438 805 non
451 785 499 805 sua
515 781 625 809 natura,
642 777 690 804 sed
706 782 816 812 propter
828 777 950 805 diﬂiden-

169 824 234 850 tiam
254 823 358 858 populi,
375 831 455 858 quam
482 831 546 858 erga
571 823 654 851 Deum
684 823 880 863 declaraverat,
901 824 951 850 ad-

170 869 332 896 versationis
358 877 427 903 aqua
449 874 624 902 nuncupatus
639 874 693 902 est,
711 868 750 896 sic
766 874 793 896 et
809 870 891 896 arbor
907 869 950 896 illa

1002 278 1069 312 περὶ
1084 278 1149 304 αὐτὸ
1174 278 1270 312 γέγονε
1284 277 1334 312 τῆς
1353 276 1463 310 ἐντολῆς
1483 277 1500 311 ἡ
1516 275 1684 310 παράϐασις,
1697 275 1746 302 καὶ
1758 275 1788 307 ιε

1002 323 1108 351 ἐκείνου
1134 323 1228 354 λοιπὸν
1246 322 1391 358 ἐπεισῆλθε
1413 322 1463 356 τῆς
1485 321 1625 357 ἁμαρτίας
1648 321 1667 356 ὴ
1686 320 1788 354 γνῶσις

1002 369 1051 395 καὶ
1076 369 1203 404 αἰσχύνη.
1233 369 1277 395 διὰ
1311 367 1390 395 τοῦτο
1427 367 1478 401 τὴν
1501 366 1661 401 ἐπωνυμίαν
1685 365 1788 400 ταύτην

1002 414 1123 448 ἐδέξατο.
1139 414 1221 446 Ἔθος
1238 414 1293 450 γὰρ
1306 415 1340 449 τῇ
1357 414 1422 448 ἁγίᾳ
1439 413 1536 448 Γραφῇ
1551 413 1584 439 ὲκ
1597 411 1653 439 τῶν
1673 411 1788 447 συμϐαι-

1002 460 1103 487 νόντων
1121 459 1293 494 πραγμάτων
1305 458 1457 485 ιπιτιθέναι
1478 457 1526 485 καὶ
1542 457 1576 484 τὰ
1587 457 1720 491 ὀνόματα.
1733 455 1788 482 Καὶ

1002 506 1086 533 ἄκουε
1106 505 1134 532 τί
1158 513 1240 540 φησιν
1256 505 1303 532 ἐπὶ
1326 504 1433 536 τούτοις
1447 505 1461 530 ό
1475 503 1678 538 χρυσορῤήμων
1697 501 1790 528 Ἰωάν-

1003 560 1062 585 νης.
1097 560 1107 577 ι
1142 551 1186 578 Ἐν
1210 551 1308 586 ἐρήμῳ
1338 550 1387 585 μία
1418 550 1493 585 πηγὴ
1534 548 1606 583 ὕδωρ
1636 546 1791 582 ἀντιλογίας

1003 595 1118 631 ἀκλήθη,
1135 595 1185 631 οὺχ
1203 596 1243 622 ὅτι
1255 595 1382 631 τοιαύτην
1404 593 1461 630 εἶχε
1474 595 1558 629 φύσιν
1572 615 1580 626 ,
1596 593 1667 620 ὥστε
1684 593 1747 624 τοὺς
1761 593 1791 626 ἐξ

1003 642 1088 677 αὐτῆς
1117 641 1284 677 ἀρυομίνους
1306 642 1346 673 εἰς
1370 641 1525 675 ἀντιλογίας
1549 640 1631 671 εὐθὺς
1658 639 1792 673 μετατρέ-

1006 686 1121 713 πεσθαι’
1144 686 1170 712 εἰ
1192 685 1248 720 γὰρ
1277 685 1357 712 τοῦτο
1381 683 1426 720 ἦν,
1448 685 1497 712 καὶ
1523 684 1605 716 αὐτὸς
1634 683 1738 718 Μωσῆς
1762 683 1791 716 ἐξ

1004 732 1112 767 ἐκείνης
1131 733 1201 759 πιὼν
1216 733 1344 759 ἀντεῖπεν
1367 732 1401 759 ἂν
1423 731 1462 767 τῷ
1476 731 1545 766 Θεῷ.
1564 730 1697 765 Καθάπερ
1712 729 1760 757 οὗν
1772 730 1790 764 ἡ

1005 777 1082 813 πηγὴ
1099 777 1192 813 ἐκείνη
1217 778 1247 805 οὑ
1271 777 1347 813 παρὰ
1365 778 1416 814 τὴν
1437 777 1542 804 οἰκείαν
1557 776 1649 811 φύσιν,
1672 775 1747 810 παρά
1762 775 1791 802 δὲ

1005 825 1056 858 τὴν
1080 824 1126 851 ἐπ’
1146 824 1214 859 αὗτῇ
1239 824 1390 858 γενομένην
1408 823 1552 851 ἀπείῦειαν
1575 822 1622 849 τοῦ
1638 822 1703 849 λαοῦ
1719 822 1790 855 ὕδωρ

1006 869 1162 904 ἀντιλογίας
1186 869 1384 905 ἑκλήΘηωῦτω
1407 871 1454 896 καὶ
1483 870 1514 896 τὸ
1545 869 1630 903 φυτόν
1653 868 1791 905 ἐκεῖνοέτλ

168 914 333 950 cognitionis
358 914 421 941 mali
455 920 535 949 atque
557 915 621 942 boni
652 920 774 946 vocatur.
804 923 857 942 non
884 915 952 949 quod

1007 903 1128 951 γνωστόν
1150 916 1233 943 καλοῦ
1245 903 1299 943 ⁷καὶ
1317 916 1437 950 πονηροῦ
1453 916 1483 942 οὐ
1506 915 1610 950 γνῶσιν
1632 912 1716 949 εἶχεν.
1731 903 1789 941 ἀλλ’

167 960 226 995 ipsa
246 960 388 988 scientiam
406 960 543 993 habuerit,
560 960 606 988 sed
628 961 690 996 quia
712 961 869 996 quicunque
889 967 952 996 pec-

172 1010 227 1038 cat,
243 1006 426 1041 cognitionem
443 1006 599 1041 assequitur
615 1006 797 1042 intelligendi,
813 1006 885 1041 quod
901 1007 951 1033 ob-

169 1058 322 1086 temperare
340 1052 393 1079 Deo
407 1052 507 1080 bonum
526 1053 572 1085 sit,
588 1052 748 1088 delinquere
767 1052 950 1080 malumJlinc

168 1096 377 1131 appellationem
397 1099 468 1125 hanc
494 1098 599 1130 habuit,
628 1098 663 1126 ab
691 1102 791 1126 eventu
818 1098 949 1126 nimirum

169 1145 332 1178 poni-rium.

202 1189 339 1218 C:eterum
365 1197 541 1227 posteaquam
564 1191 684 1219 Adamus
711 1195 772 1226 post
798 1196 950 1227 transgres-

168 1236 276 1265 sionem
302 1237 358 1272 jam
384 1238 505 1266 interitni
528 1246 561 1266 ac
586 1238 745 1266 mortalitati
775 1238 862 1265 factus
894 1242 950 1264 erat

167 1284 311 1316 obnoxius.
342 1285 381 1312 ait
418 1285 488 1312 Deus
511 1293 519 1311 :
539 1293 549 1310 ‹
573 1285 615 1311 En
645 1284 732 1321 factus
760 1289 804 1311 est
831 1284 952 1311 Adamus

168 1330 245 1365 quasi
270 1338 340 1357 unus
363 1329 397 1357 de
414 1330 504 1357 nobis.
527 1339 538 1357 ›
555 1330 607 1357 Hic
624 1330 757 1362 animum,
778 1329 878 1357 dilecte
903 1329 951 1362 iili,

168 1376 312 1403 advertito.
325 1375 454 1403 Nonnulli
471 1375 585 1403 tradunt
600 1376 686 1403 Deum
701 1375 759 1403 hac
773 1383 822 1410 per
836 1375 951 1403 ironiam

169 1422 315 1457 protulisse
340 1430 348 1450 ε
373 1422 474 1457 quippe
497 1421 652 1449 divinitatis
678 1421 815 1449 desiderio
835 1421 952 1458 ﬂagrans

169 1467 290 1495 Adamus
311 1467 394 1494 etiam
418 1467 452 1494 iis
475 1467 554 1494 bonis
583 1474 700 1502 quorum
721 1471 781 1494 erat
803 1467 951 1502 particeps.

169 1514 271 1541 misere
300 1513 447 1545 exciderat,
472 1519 500 1540 et
531 1513 692 1540 immortalis
721 1518 799 1540 antea
830 1512 952 1540 mortalis

167 1560 224 1594 jam
253 1559 339 1586 factus
355 1564 424 1587 erat.
442 1559 495 1586 Alii
519 1559 621 1586 dictum
645 1559 761 1594 intelligi
785 1559 879 1586 volunt
904 1565 953 1592 per

170 1592 381 1645 praeceptionem
412 1605 554 1639 temporis,
579 1612 640 1640 quzo
663 1592 749 1633 sacris
776 1604 888 1632 Litteris
910 1610 953 1632 est
968 1592 991 1624 ο

169 1650 323 1678 familiaris.
345 1650 383 1677 En
412 1650 501 1678 factus
520 1655 563 1678 est
586 1651 706 1678 Adamus
730 1651 807 1685 quasi
829 1659 900 1678 unus
920 1651 954 1678 de

170 1697 262 1728 nobis,
281 1697 332 1724 hoc
355 1702 406 1728 est,
421 1697 529 1724 tandem
554 1696 702 1732 aliquando
726 1697 759 1725 de
779 1697 860 1725 nobis
885 1704 956 1725 unus

170 1744 252 1770 homo
283 1743 345 1775 (iet,
374 1743 478 1770 Adamo
508 1743 616 1771 similis.
644 1743 855 1772 Consueverunt
882 1743 954 1771 enim

169 1789 279 1817 Litterae
302 1797 385 1816 sacrm
407 1789 536 1824 peculiari
552 1789 669 1823 quodam
685 1789 766 1817 modo
783 1797 814 1818 ea
833 1797 894 1825 qua
912 1790 956 1818 fu-

171 1841 231 1862 tura
244 1839 307 1862 sunt
321 1836 361 1862 sic
374 1834 483 1864 eﬂ'erre.
498 1835 576 1870 quasi
595 1835 617 1862 si
636 1835 781 1870 prmentia
799 1835 889 1863 forent
908 1840 956 1863 aut

167 1882 224 1915 jam
248 1881 422 1909 accidissent.
446 1881 596 1908 Consimile
621 1881 750 1916 quiddam
779 1881 895 1917 proferri
922 1883 956 1910 de

171 1932 257 1954 matre
271 1927 415 1954 hominum
440 1927 485 1954 illa
503 1927 633 1962 primaeva
652 1926 775 1954 videmus
790 1936 797 1954 :
815 1935 878 1954 nam
893 1935 956 1955 cum

170 1973 229 2008 ipsa
257 1974 374 2001 necdum
399 1978 489 2001 creata
515 1973 597 2005 foret,
627 1973 684 2000 haec
710 1973 887 2000 nihilominus
913 1973 956 2000 di-

169 2025 272 2047 cuntur
286 2029 293 2047 :
312 2030 321 2046 l
339 2019 415 2047 Fecit
427 2020 567 2047 hominem
584 2021 662 2053 deus,
677 2020 830 2055 etquidem
852 2027 955 2047 marem

170 2074 203 2094 ae
216 2066 345 2093 feminam
363 2073 411 2094 eos
427 2066 502 2093 fecit.
524 2075 534 2092 ι
549 2066 664 2094 Divinus
678 2071 769 2094 autem
784 2066 827 2093 vir
839 2065 956 2093 Anasta-

171 2111 230 2139 sius
249 2111 351 2138 dictum
373 2111 425 2138 hoc
441 2112 496 2139 alio
514 2119 623 2146 quoque
643 2119 724 2139 sensu
742 2111 826 2147 cepit.
843 2111 912 2139 Nam
929 2111 956 2138 in

170 2157 295 2184 oratione
315 2157 348 2184 de
365 2156 577 2184 Reaurrectione
595 2158 677 2184 verba
696 2157 783 2192 ipsius
799 2158 857 2185 haec
875 2165 955 2192 repe-

171 2203 305 2229 riuntur:
326 2211 336 2228 ί
360 2201 463 2236 Duplex
484 2206 526 2228 est
552 2207 655 2230 naturze
685 2206 783 2230 nostra:
806 2207 953 2234 structura,

1004 963 1045 990 ὅτι
1059 963 1113 994 πᾶς
1134 962 1303 998 ἁμαρτάνων
1319 963 1360 994 είς
1375 962 1477 996 γνῶσιν
1501 961 1610 997 ἔρχεται
1624 960 1672 987 τοῦ
1689 960 1790 987 εἰδέναι

1003 1009 1044 1036 ὅτι
1060 1009 1143 1036 καλὸν
1157 1008 1206 1043 μιν
1216 1008 1247 1035 τδ
1257 1008 1416 1040 ὑπακούειν,
1426 1008 1510 1035 κακίιν
1521 1007 1548 1034 δὲ
1562 1007 1592 1034 τὸ
1607 1006 1788 1042 παραὸαίνδιν

1004 1054 1088 1081 ἐστίν.
1108 1053 1191 1081 Ὅθεν
1214 1054 1261 1081 καὶ
1281 1053 1411 1088 τοιαύτην
1434 1053 1603 1088 ὲπωνρυμίαν,
1619 1048 1790 1087 ὡς’ἐφημεν,

1004 1101 1036 1127 ἐκ
1049 1100 1103 1127 τῶν
1116 1101 1145 1127 ὲν
1160 1099 1235 1136 αὐτῷ
1247 1099 1461 1135 συμϐεϐηκότων
1478 1099 1595 1134 ἔσχηκεν
1611 1098 1735 1134 ὕστερον.

1039 1190 1092 1217 Τοῦ
1102 1180 1196 1226 Ἃδὰμ
1212 1189 1240 1217 δὲ
1255 1189 1344 1225 φθορᾷ
1362 1189 1407 1216 καὶ
1423 1188 1567 1224 θνητότητι
1592 1187 1790 1222 περιπεσόντος

1005 1238 1075 1272 μετὰ
1097 1237 1145 1270 τὴν
1159 1236 1326 1270 παράϐασιν,
1342 1233 1418 1269 εἶπεν
1442 1236 1456 1261 ὀ
1477 1234 1543 1267 Θεὸς
1560 1243 1569 1260 1
1593 1233 1660 1260 Ἰδοὺ
1677 1232 1791 1267 γέγονεν

1011 1284 1097 1318 Ἀδὰμ
1119 1283 1157 1314 ὡς
1181 1281 1222 1314 εἷς
1239 1281 1270 1314 ἐξ
1292 1281 1381 1317 ἡμῶν.
1407 1291 1416 1307 ι
1442 1281 1564 1316 Πρόσεχε
1586 1280 1627 1312 δὲ,
1650 1279 1788 1313 ἀγαπητὲ-

1005 1329 1099 1356 ’Δλλοι
1126 1329 1176 1363 μὲν
1201 1327 1352 1361 εἰρωνικῶς
1381 1326 1617 1363 ἓφασανντουτονὶ
1643 1325 1690 1352 τόν
1712 1325 1792 1358 λόγον

1004 1376 1092 1403 εἰπεῖν
1105 1375 1150 1402 τὸν
1164 1374 1230 1401 Θεόν
1243 1382 1250 1390 '
1262 1373 1387 1405 θεὼσεως
1400 1373 1455 1408 γὰρ
1466 1373 1555 1408 ἔρωτα
1573 1371 1645 1407 σχὼν
1655 1373 1669 1398 ό
1686 1371 1785 1406 Ἀδὰμ,

1004 1423 1052 1450 καὶ
1081 1419 1118 1450 ὧν
1142 1421 1252 1455 ἀγαθῶν
1278 1421 1392 1456 μέτοχος
1418 1418 1452 1455 ἦν
1481 1419 1581 1451 ἀθλίως
1601 1419 1715 1451 ἐξέπεσε
1743 1418 1791 1444 καὶ

1005 1467 1101 1502 emt;
1115 1468 1129 1494 ὁ
1142 1466 1277 1497 ἀθάνατος
1291 1465 1413 1500 γέγονεν.
1426 1465 1536 1500 Ἕτεροι
1550 1464 1578 1491 δὲ
1594 1462 1790 1498 προληπτικῶς

1004 1514 1034 1541 τδ
1046 1513 1166 1541 τοιοῦτον
1187 1513 1269 1548 ῥητὸν
1291 1511 1363 1539 κατὰ
1377 1512 1407 1537 τὸ
1423 1511 1520 1546 ἰδίωμα
1535 1512 1584 1545 τῆς
1599 1509 1711 1545 Γραφῆς
1732 1509 1791 1541 ἐξέ-

1005 1561 1099 1593 λασον,
1124 1559 1251 1593 λέγοντες
1269 1567 1278 1584 t
1298 1559 1364 1586 Ἰδοὺ
1394 1558 1506 1593 γέγονεν
1528 1556 1614 1591 ’Δδὰμ
1636 1555 1673 1588 ὡς
1697 1554 1738 1587 εἷς
1761 1555 1792 1588 ἐξ

1006 1607 1096 1643 ἡμῶν,
1115 1615 1125 1633 ι
1143 1606 1282 1633 τουτέστιν
1295 1604 1344 1639 ὀψέ
1361 1613 1425 1631 ποτε
1445 1604 1590 1639 γενήσεται
1607 1601 1647 1634 εἷς
1664 1602 1693 1635 ἐξ
1712 1601 1793 1637 ἡμῶν

1007 1653 1149 1689 ἄνθρωπος
1173 1652 1266 1686 ὅμοιος
1290 1650 1329 1686 τῷ
1349 1650 1445 1684 Ἀδάμ.
1471 1649 1557 1675 Τοῦτο
1583 1647 1791 1684 προληπτικῶς,

1005 1698 1044 1730 ὡς
1065 1698 1182 1732 ἔφημεν,
1201 1696 1307 1732 εἴρηται
1329 1695 1400 1722 κατά
1422 1694 1451 1721 τὸ
1477 1694 1575 1728 ἰδῖωμα
1594 1695 1643 1729 τῆς
1668 1692 1791 1728 Γραφῆς,

1005 1744 1066 1780 ἥτις
1076 1743 1156 1770 εῐωθε
1176 1743 1210 1769 τὰ
1226 1742 1359 1777 μέλλοντα
1373 1741 1502 1775 γενέσθαι
1516 1740 1553 1772 ὠς
1570 1740 1620 1775 ἢδη
1635 1733 1758 1775 παρόντα
1774 1739 1791 1774 ἦ

1006 1790 1054 1817 καὶ
1076 1788 1206 1824 γεγονότα
1229 1787 1412 1823 διαγορεύειν,
1433 1786 1505 1813 καοά
1527 1786 1575 1812 καὶ
1590 1785 1637 1812 ἐπὶ
1656 1784 1704 1819 τῆς
1725 1792 1793 1819 προ-

1007 1837 1125 1872 μήτορος
1141 1835 1285 1871 εἰρημένον
1304 1834 1479 1868 εὑρίσκομεν.
1498 1833 1590 1868 Mirm»
1606 1831 1655 1858 καὶ
1669 1831 1725 1866 γάρ
1739 1829 1791 1858 αὖ·

1006 1883 1056 1918 τῆς
1077 1881 1264 1918 παραχθείσης
1281 1880 1354 1914 λέγει
1371 1881 1412 1907 ὃτι
1428 1880 1539 1915 ἐποίησε
1562 1878 1608 1904 τὸν
1627 1878 1770 1912 ἄνθρωπον
1783 1884 1790 1891 ·

1007 1929 1091 1964 ἀρσεν
1109 1929 1157 1956 καὶ
1176 1927 1243 1963 Θῆλυ
1268 1928 1398 1962 ἐποίησεν
1418 1926 1529 1957 αὐτοὺς,
1548 1926 1573 1952 εἰ
1595 1926 1643 1952 καὶ
1659 1924 1721 1952 καθ’
1735 1924 1794 1951 ἔτι·

1008 1983 1054 2011 ρον
1088 1975 1151 2002 νοῦν
1186 1975 1199 2001 ό
1237 1974 1374 2006 θειότατος
1403 1972 1579 2004 Ἀναστάσιος
1613 1972 1643 1998 τὸ
1671 1971 1794 1998 τοιοῦτον

1007 2021 1101 2051 ἐνόησε
1122 2020 1193 2046 θεῖον
1214 2020 1305 2054 ῥητόν.
1328 2019 1371 2047 Ἐν
1397 2019 1453 2054 γὰρ
1470 2018 1510 2053 τῷ
1535 2017 1600 2053 περὶ
1616 2017 1793 2048 ἀναστάσεως

1007 2066 1078 2102 λόγῳ
1098 2065 1181 2092 αὑτοῦ
1197 2066 1243 2092 καὶ
1266 2065 1328 2092 τάδε
1349 2065 1528 2100 περὶτούτων
1545 2063 1632 2097 λέγων
1655 2063 1770 2098 εὓρηται
1783 2069 1792 2078 ·

1010 2121 1020 2138 ‹
1037 2112 1123 2146 Διπλῆ
1143 2112 1184 2142 τίς
1209 2113 1284 2138 ἐστιν
1300 2113 1316 2147 ἡ
1336 2112 1386 2146 τῆς
1407 2111 1514 2145 φύσεως
1529 2110 1608 2145 ήμῶν
1621 2109 1793 2143 κατασκευὴ,

1006 2157 1023 2192 ἥ
1035 2165 1065 2182 τε
1082 2156 1149 2191 πρὸς
1164 2155 1195 2181 τὸ
1209 2155 1279 2182 θεῖον
1295 2155 1461 2190 ὡμοιωμένη
1483 2154 1530 2180 καὶ
1543 2155 1560 2189 ἡ
1579 2153 1648 2187 πρὸς
1669 2153 1719 2188 τὴν
1736 2152 1794 2179 δια-

1008 2202 1094 2237 φορὰν
1114 2201 1218 2236 ταύτην
1234 2201 1287 2228 τῶν
1305 2201 1454 2236 σχημάτων
1470 2198 1623 2236 διῃρημένη
1640 2198 1794 2225 τελευταῖον

171 2247 247 2282 prior
269 2247 303 2274 ad
330 2245 455 2274 Numinis
481 2247 689 2275 similitudinem
713 2248 899 2279 conformata.
929 2253 952 2276 et

1009 2247 1276 2275 κατασκευασθεῖσα.
1292 2256 1301 2272 ι
1321 2247 1374 2273 Καὶ
1398 2246 1430 2273 οὐ
1448 2246 1535 2272 ταῦτα
1554 2245 1646 2280 μόνον,
1661 2244 1729 2271 ἀλλὰ
1745 2245 1794 2272 καὶ

171 2293 256 2321 altera
279 2301 392 2320 sexuum
419 2293 576 2321 discriminc
600 2294 737 2327 distincta,
760 2302 820 2329 qua:
846 2295 956 2329 quidem

171 2338 280 2372 opilicio
295 2342 390 2365 nostro
405 2343 572 2373 postremum
595 2340 722 2366 accessit.
741 2349 750 2365 ι
772 2340 850 2375 103
863 2339 957 2374 Neque

173 2388 278 2410 tantum
303 2384 360 2411 lucc
375 2383 538 2412 Anastasius
554 2384 670 2418 profert,
690 2385 738 2413 sed
753 2385 835 2412 etiam
851 2385 958 2412 litteras

173 2435 264 2455 sacras
280 2427 387 2463 allegat,
401 2435 454 2463 quo
474 2428 627 2456 doctrinam
650 2429 720 2456 hanc
736 2429 879 2456 clariorem
897 2429 956 2456 elﬁ—

168 2474 237 2511 _eiat.
253 2474 298 2501 Sic
311 2474 385 2501 enim
400 2474 458 2502 ait:
474 2473 550 2502 Fecit
563 2474 701 2502 hominem
713 2475 793 2507 Deus,
806 2475 956 2510 etquidem

136 2511 140 2518 ’
173 2526 236 2546 cum
255 2519 288 2546 ad
305 2519 449 2555 imaginem
472 2520 518 2548 Dei
535 2520 608 2548 fecit.
627 2519 688 2548 llazc
705 2521 791 2554 prima
810 2521 893 2548 nostri
913 2525 957 2550 est

173 2565 291 2596 creatio.
314 2565 448 2600 simplex.
482 2565 644 2596 uniformis.
675 2574 772 2600 expers
800 2566 956 2599 societatis,

173 2613 320 2640 discrimen
339 2613 444 2640 nullum
460 2612 583 2644 habens;
596 2613 697 2646 quippe
711 2613 743 2639 ad
755 2612 900 2646 imaginem
911 2613 955 2641 Dei

173 2659 238 2686 fecit
252 2667 323 2686 eum.
337 2658 467 2686 Succedit
482 2658 566 2685 altera
582 2657 708 2685 formatio
727 2667 734 2684 :
756 2657 856 2685 Marem
868 2666 901 2685 ac
916 2659 957 2686 fe—

174 2703 275 2731 minam
299 2703 363 2731 fecit
384 2711 442 2731 eos.
462 2703 527 2736 Quae
542 2702 653 2738 quidem
671 2702 707 2730 ita
732 2711 762 2730 se
778 2703 892 2731 omnino
908 2706 956 2731 lia-

153 2749 238 2787 ibere
252 2750 285 2776 de
303 2749 393 2777 verbis
412 2749 477 2783 ipsis
491 2753 533 2776 est
549 2749 724 2783 perspicuum
739 2756 746 2775 :
761 2756 822 2776 nam
843 2749 904 2776 istic
919 2749 957 2776 ait

156 2788 158 2793 ’
174 2803 289 2822 numero
305 2795 437 2823 unitatis:
457 2804 466 2822 ι
485 2796 524 2824 Ad
544 2795 688 2831 imaginem
706 2794 754 2822 Dei
772 2796 833 2823 fecit
849 2804 921 2828 enin.
945 2805 954 2821 ι

209 2874 231 2891 ⁸³
249 2874 327 2902 Num.
344 2883 387 2908 xx,
409 2876 449 2904 I5.

1007 2293 1055 2328 τὴν
1077 2293 1158 2326 ἁγίαν
1184 2292 1311 2327 ὶπιφὲρει
1341 2291 1451 2327 Γραφὴν
1475 2291 1490 2317 ὀ
1519 2290 1590 2321 θεῖος
1611 2286 1688 2321 οὗτος
1710 2289 1792 2324 ἀνὴρ,

1007 2338 1077 2365 ὥστε
1100 2339 1130 2365 τὸ
1151 2338 1239 2372 δόγμα
1260 2337 1340 2364 τοῦτο
1365 2336 1492 2371 γενέσθαι
1514 2336 1694 2371 σαφέστερον,
1711 2335 1793 2368 Λέγει

1007 2385 1061 2420 γὰρ
1083 2393 1092 2410 σ
1111 2384 1158 2410 καὶ
1173 2383 1285 2418 ἐποίησε
1303 2383 1347 2409 τὸν
1358 2382 1502 2417 ἄνθρωπον
1514 2390 1522 2398 ’
1539 2381 1598 2408 κατ’
1616 2381 1711 2407 εἰκόνα
1724 2380 1792 2407 Θεοῦ

1007 2431 1136 2465 ἐποίησεν
1153 2430 1247 2458 αὑτόν.
1267 2430 1366 2464 Πρώτη
1390 2432 1500 2464 ποίησις
1519 2428 1599 2461 αὕτη,
1616 2427 1700 2462 ἁπλῆ,
1715 2426 1792 2461 μονό-

1007 2485 1116 2511 τροπος,
1129 2476 1241 2510 ἄζυγος.
1264 2476 1302 2511 μὴ
1318 2475 1418 2511 ἔχουσά
1434 2484 1495 2502 τινα
1511 2475 1653 2510 διαφοράν.
1666 2475 1720 2501 Καὶ
1732 2481 1793 2501 κατ’

1007 2522 1100 2548 εἰκόνα
1137 2522 1191 2557 γὰρ
1223 2521 1292 2548 Θεοῦ
1321 2521 1448 2556 ἐποίησεν
1488 2521 1582 2548 αὐτόν.
1610 2521 1730 2556 Δευτέρα
1762 2520 1792 2547 δὲ

1006 2568 1124 2603 ποίησις,
1140 2569 1226 2603 ἄρσεν
1237 2568 1285 2595 καὶ
1298 2568 1365 2603 θῆλυ
1379 2568 1509 2603 ἑποεησεν
1523 2567 1633 2598 αὐτούς.
1653 2576 1662 2593 ι
1684 2567 1746 2594 Ὅτι
1763 2567 1793 2594 δὲ

1005 2613 1092 2640 ταῦτα
1116 2613 1204 2645 οὕτως
1229 2613 1296 2649 ἔχει,
1315 2614 1396 2648 δῆλον
1412 2614 1444 2640 ἐκ
1463 2614 1517 2640 τῶν
1533 2613 1673 2648 ῥημάτων,
1687 2612 1791 2640 αὐτῶν.

1013 2659 1087 2686 Ἐκεῖ
1111 2652 1161 2694 μὲν
1179 2657 1258 2686 εἶπεν
1278 2659 1443 2690 αὐτὸν.κατ“
1463 2659 1557 2686 εἰκόνα
1575 2658 1643 2685 Θεοῦ
1662 2660 1792 2694 ἐποίησεν

1009 2706 1108 2732 αὐτόν·
1126 2706 1244 2732 ἐνταῦθα
1269 2705 1298 2732 δὲ
1318 2703 1396 2732 εἷπεν
1413 2705 1524 2737 αὐτοὺς,
1545 2706 1630 2740 ἄρσεν
1654 2706 1701 2731 καὶ.
1725 2705 1793 2735 Θῆλυ

1010 2752 1140 2785 ἐποίησεν
1164 2751 1273 2782 αὐτούς.
1303 2751 1422 2786 ιίρόσεχε
1453 2751 1492 2778 δέ.
1533 2752 1642 2787 Ἐπειδὴ
1674 2752 1690 2786 ὴ
1727 2751 1793 2784 ἀγία

1010 2798 1106 2837 Γραφὴ
1121 2797 1293 2832 προλαεοῦτα
1309 2796 1367 2824 εἷπε
1380 2807 1388 2823 ι
1401 2797 1461 2825 κατ’
1476 2799 1567 2824 εἰκόνα
1581 2799 1649 2825 Θεοῦ
1666 2799 1793 2834 ἰποίησιν
