1957 3073
121 143 172 180 225

760 139 962 186 ANNA'Ltpu
987 140 1086 172 PARS
1107 138 1130 173 ῐ.

1698 134 1750 170 236

121 203 236 239 νικήσας
256 202 327 238 ὑπὲρ
343 202 424 237 φύσιν
439 201 548 236 ἐγένετο
559 209 567 216 ·
587 201 601 227 ὸ
618 200 646 227 δὲ
666 198 745 226 τοῦτο
761 200 908 234 γενόμενος

969 198 1079 232 ςροιιᾶθῑ
1103 197 1188 231 ipsius
1219 196 1301 223 etiam
1327 196 1429 231 prmmii
1456 196 1622 231 magnitudo,
1641 203 1750 224 sanctus

123 248 212 285 βραχύ
240 258 265 276 τι
295 249 359 282 παρ’
387 249 519 282 ἀγγέλους
534 248 698 283 ἠλάττωται,
717 247 760 273 ἵνα
787 247 823 281 μὴ
840 246 914 278 λέγω

125 294 221 328 μηδέν.
243 303 252 320 ι
278 294 399 329 Πρόσεχε
416 293 445 319 δὲ
471 293 510 319 ὅτι
536 292 584 318 καὶ
602 291 705 327 σφόδρα
728 288 913 325 βαρυα).γοῦσι

122 341 170 368 καὶ
184 341 311 374 ἄχθονται
326 340 353 366 οἱ
375 339 496 370 θέλοντες
518 339 568 373 μὲν
588 338 748 372 σωφρονεῖν,
762 336 869 370 ἔχοντες
885 334 914 361 δὲ

122 387 153 412 τὸ
174 386 374 420 ἐπιθυμητικὸν
392 385 501 420 ἰσχυρὴν
526 383 688 417 πολυπληθῆ
706 391 733 408 τε
755 382 804 416 τὴν
819 381 913 414 γονὴν,

124 433 194 467 πρὸς
212 432 301 464 ἔξοδον
316 431 360 457 ἀεὶ
372 430 553 465 ἐπειγομένου
565 429 611 455 τοῦ
628 428 798 463 ἐνοχλοῦντος
810 428 913 457 αὐτοῖς·

124 480 171 506 καὶ
187 479 224 514 μὴ
246 479 317 505 κατά
338 486 363 504 τι
378 470 541 512 ἀμφίϐαλλε.
559 478 589 503 El
607 477 660 510 γὰρ
674 476 687 502 6
705 476 833 509 Διογένης
846 474 916 500 €st-

123 534 168 556 νος
187 525 201 551 ὁ
214 525 343 556 Κυνικὸς,
359 524 390 550 τὸ
404 524 452 557 τῆς
481 524 588 556 φὺσεως
612 523 694 557 βάρος
714 523 763 548 οὐκ
783 520 913 553 ἐνεγκὼν,

123 572 171 597 καὶ
184 570 272 597 ταῦτα
287 570 412 596 τοσοῦτον
428 569 649 600 ἀσκητικώτατος
667 567 716 599 ὣν,
731 568 846 601 γυναῖκα
864 567 914 601 ζη-

123 616 204 651 τῆσαι
226 616 333 650 λέγεται
348 615 419 643 ὥστε
448 614 478 641 τὸ
499 614 615 650 βαρῦνον
643 613 794 640 ἀπιλοέσθαι
815 613 862 639 καὶ
884 613 914 638 τὸ

123 660 221 687 ἑαυτοῦ
238 660 317 694 σῶμα
332 659 473 694 κουφίσαι,
494 659 520 685 τί
540 658 592 694 χρὴ
608 659 656 684 καὶ
671 658 761 692 λέγειν
773 659 834 684 ὅσον
848 657 914 683 ὑπο-

126 704 238 740 μένουσι
253 704 376 739 κάματον
390 704 414 730 οί
429 704 544 738 σφοξρὸν
559 704 619 738 μὲν,
633 703 669 735 ὡς
684 703 804 738 εἴρηται,
815 703 914 737 λαχόν-

123 759 169 782 τες
182 750 213 776 τὸ
233 750 477 785 ὲπιθυμητικὺν,ἐν
491 750 586 785 ἁγνείᾳ
599 749 626 775 δὲ
642 748 788 784 φυλάσσειν
802 749 914 780 ἑαυτοὺς

123 795 366 832 προθυμούμενοι;
390 795 548 827 Ἐντεῦθεν,
578 795 720 830 ἀγαπητὲ.
749 794 804 821 τῶν
833 794 914 820 ὁσίων

123 841 209 872 τινες,
235 840 277 867 ἵνα
293 841 342 876 τὴν
362 841 480 876 φυσικὴν
508 841 682 867 ἀποσϐέσωσι
707 837 841 874 πύρωσιν,
867 839 911 865 καὶ

966 243 1011 269 ille
1033 242 1072 268 \ir
1085 242 1205 269 Joannes
1222 246 1318 268 auctor
1329 243 1408 268 scala:
1423 242 1496 269 hisee
1508 242 1598 269 verbis
1612 243 1749 269 declarat:

969 288 1034 321 «Qui
1065 296 1165 323 corpus
1190 288 1265 318 vicit.
1291 293 1416 314 naturam
1440 288 1525 321 vicit;
1552 289 1597 323 qui
1626 292 1750 316 naturam

966 333 1043 366 vicit,
1058 342 1139 368 supra
1163 338 1288 360 naturam
1312 339 1400 360 semet
1417 334 1533 367 extulit;
1550 335 1601 361 hoc
1620 335 1666 367 qui
1685 341 1751 361 con;

968 385 1082 406 secutus
1108 385 1159 412 est,
1175 380 1285 415 paulum
1304 380 1408 415 angelis
1423 385 1464 407 est
1479 379 1604 413 inferior,
1626 389 1659 407 ne
1685 377 1752 408 nihil

967 425 1002 452 ab
1023 426 1055 452 iis
1067 426 1176 452 dilicrrc
1192 426 1291 453 dicam.
1306 436 1314 451 ι
1334 427 1467 454 Nimirum
1482 430 1550 455 scito
1562 429 1688 463 gravibus
1706 437 1752 456 eos

967 471 1098 497 molestiis
1118 477 1204 506 premi
1221 472 1266 506 qui
1288 472 1355 498 casti
1393 480 1454 499 esse
1477 473 1634 500 (It-siderant
1649 495 1655 505 ,
1688 480 1750 500 eum

965 517 1115 551 appetitum
1135 517 1160 543 in
1194 525 1223 543 se
1246 517 1343 545 fortem
1371 519 1547 552 experiantur
1572 526 1595 546 et
1620 521 1753 553 genitwa‘,

966 570 1090 597 magnam
1105 563 1223 597 copiam,
1240 571 1298 598 quze
1320 565 1421 599 negotii
1439 566 1587 599 plurimum
1606 567 1646 593 eis
1662 567 1750 594 l'nrcs-

965 608 1001 634 sit
1024 616 1056 634 ac
1082 616 1221 642 nunquam
1247 617 1315 641 non,
1339 614 1369 636 ut
1393 613 1543 642 emittatur,
1568 616 1656 647 urget.
1681 605 1752 639 Nihil

966 652 1000 679 de
1016 651 1066 678 hoc
1081 653 1286 686 ambigendum.
1316 655 1423 689 Quippe
1438 655 1459 682 si
1485 655 1619 692 Diogenes
1639 657 1683 684 ille
1700 657 1753 692 Cy-'

966 697 1057 728 uirus,
1086 706 1147 725 rum
1175 707 1244 726 onus
1267 700 1330 726 illud
1359 705 1464 728 natura:
1487 703 1614 736 nequiret
1635 704 1753 737 amplius

967 743 1050 777 ferre,
1066 744 1146 771 homo
1163 745 1304 780 perpetuis
1317 751 1344 773 et
1367 748 1493 774 maximis
1512 749 1753 776 exercitationibus

966 790 998 817 ad
1009 791 1202 818 abstinentiam
1214 793 1437 825 condocefaetus,
1453 795 1593 821 mulierem
1607 794 1754 830 aliquando

965 835 1095 870 quaesisse
1109 836 1280 870 perhibetur,
1295 846 1349 872 quo
1367 847 1422 866 rem
1440 840 1579 867 molestam
1595 841 1646 867 sibi
1667 841 1754 876 ἀοι)οά

124 887 224 922 γυμνοὶ
237 886 267 913 τὺ
284 887 362 921 σῶμα
377 887 459 921 μέσον
475 886 580 913 ὑδάτων
594 886 804 920 διημερεύοντες
820 882 914 918 ὤφθη-

969 886 1041 908 ncrct
1057 885 1084 908 et
1099 889 1198 916 corpus
1211 890 1294 910 onere
1312 884 1384 911 velut
1400 892 1516 912 excusso
1532 886 1646 918 levaret,
1665 896 1752 922 quan-

125 941 188 959 σαν.
202 932 304 967 Μηδεὶς
325 932 418 958 λοιπὸν
438 931 482 958 ἐπὶ
499 931 584 966 μέσου
604 930 783 965 προσφερέτω
801 930 850 964 τὴν
867 929 914 962 γέ-

125 987 212 1012 νεσιν,
236 978 330 1013 μηδεὶς
343 978 392 1004 οὐκ
415 976 534 1012 ἀγαθοὺς
556 977 680 1012 ἀστέρων
700 975 913 1011 προφασιζέσοω

126 1023 347 1058 σχηματισμούς.
370 1023 505 1058 ’Δστέρων
529 1022 578 1056 μὲν
598 1022 653 1056 γὰρ
671 1022 805 1055 κινήσεις,
819 1021 913 1046 ἀνατο-

125 1067 174 1100 λὰς
198 1069 246 1095 καὶ
274 1068 367 1099 δύσεις
395 1067 495 1098 αὐτῶν,
516 1067 572 1098 τοῖς
593 1067 766 1102 προσήκουσι
791 1064 914 1098 γίνεσθαι

126 1116 232 1149 καιροῖς
251 1114 428 1149 ᾤκονόμησεν
448 1114 461 1140 ὁ
480 1113 569 1147 σοφῶς
588 1111 623 1138 τὰ
645 1112 734 1138 πάντα
755 1110 913 1142 δεευθετῶν,

125 1160 163 1192 ὡς
178 1160 302 1187 ὲντεῦοεν
316 1160 396 1194 ἀέρος
415 1158 658 1194 μετατρεπομένου
683 1158 729 1184 καὶ
742 1157 852 1192 ὄμϐρων
865 1164 915 1181 κα-

125 1206 360 1242 ταρῤηγνυμένων
380 1204 516 1239 εὐκαίρως
544 1203 674 1236 abieci)“
698 1203 732 1229 τὰ
762 1202 844 1236 φυτά.
862 1201 916 1228 Καὶ

125 1253 182 1286 γὰρ
196 1252 250 1277 τῶν
266 1251 374 1286 τροφῶν
390 1250 427 1281 ὡς
450 1251 478 1276 ὲν
493 1249 584 1282 κύκλῳ
598 1248 728 1283 διηνεκῶς
746 1247 917 1282 χορηγουμέ-

127 1306 184 1324 νων
200 1296 346 1330 ἀνελλιπὴς
358 1295 405 1322 καὶ
422 1297 438 1330 ἠ
458 1294 513 1322 τῶν
528 1294 760 1329 προσφερομένων
773 1293 834 1323 τοὺς
847 1301 917 1328 καρ-

129 1344 201 1374 ποὺς
221 1342 344 1377 διαμένει
358 1342 448 1376 φύσις,
463 1341 499 1372 ὡς
515 1339 688 1374 εὑρίσκεσθαι
705 1339 755 1374 μὲν
773 1339 863 1364 ἐκεῖνα
874 1338 918 1365 διὰ

125 1390 189 1419 τοὺς
201 1388 335 1422 καρποὺς,
345 1389 406 1418 τοὺς
414 1388 442 1412 δὲ
451 1386 573 1422 καρποὺς
582 1386 626 1413 διὰ
636 1385 670 1411 τὰ
683 1384 740 1417 ζῶα
751 1386 798 1412 καὶ
812 1385 856 1411 τὸν
871 1385 918 1412 ἇν-

133 1432 296 1469 Θρωπον.οὺ
309 1432 418 1468 γνώμας
427 1432 522 1458 λοιπὸν
533 1432 556 1458 οἰ
568 1432 682 1465 ἀστέρες
693 1431 918 1466 μετατρέπουσιν,

132 1477 194 1504 οὐδὲ
207 1478 333 1512 καθάπερ
345 1486 370 1503 τι
380 1477 549 1511 ἀνδράποδον
561 1476 605 1503 τὸν
616 1476 676 1502 κατ’
688 1476 778 1503 εἰκόνα
790 1475 858 1502 Θεοῦ
874 1484 921 1501 ττεά

128 1525 269 1559 ριάγουσιν
278 1522 499 1560 ἄνθρωπον.υὺδὲ
509 1524 561 1558 γὰρ
568 1523 607 1553 είς
613 1522 737 1549 τοσοῦτον
744 1523 776 1549 ἂν
786 1521 920 1558 εὑρεθεῖεν

127 1570 227 1602 ἄδικοι,
243 1570 305 1601 τοὺς
323 1569 371 1604 μὲν
390 1570 501 1603 μοιχοὺς
529 1568 678 1601 ποιοῦντες,
692 1568 754 1600 τοὺς
770 1568 798 1595 δὲ
820 1568 916 1602 φονέας

127 1616 176 1642 καὶ
184 1616 325 1650 ἅρπαγας.
344 1614 425 1640 Ἀλλά
436 1615 481 1640 καὶ
495 1613 547 1649 πρ),
560 1614 612 1640 τῶν
627 1614 747 1648 ἀστέρων
762 1614 775 1639 ὁ
786 1613 916 1648 δημιουρ-

128 1661 177 1696 γὸς
192 1660 281 1688 αὐτῶν
293 1660 341 1695 τὴν
352 1661 441 1687 αίτίαν
452 1660 630 1694 ἀποφέρεται,
641 1659 719 1693 εἴπερ
730 1658 840 1685 τοιαῦτα
851 1666 917 1684 κατ-

128 1707 280 1734 εσκεύασεν
289 1706 307 1733 ἆ
317 1706 365 1740 τὴν
377 1706 508 1740 ἐπιφορὰν
518 1706 584 1740 ἡμῖν
593 1705 621 1737 ἐξ
630 1705 750 1739 ἀνάγκης
762 1704 816 1730 τῶν
824 1703 916 1730 κακῶν

130 1742 280 1788 ἐπιτίθησι,
289 1752 359 1778 καθὰ
368 1752 398 1787 δὴ
408 1751 530 1786 καὶπρὸς
538 1751 657 1777 Φαῦστον
668 1751 680 1776 ὁ
690 1751 833 1784 κορυφαῖος
842 1749 917 1783 ἔλεγε

133 1798 246 1832 Πέτρος,
264 1798 371 1832 γενέσει
386 1797 434 1823 καὶ
448 1797 602 1833 είμιιρμένῃ
620 1797 650 1822 τὸ
665 1797 717 1823 πᾶν
729 1796 915 1831 ἐπιτρέποντα.

968 931 1026 953 tum
1045 927 1105 954 illos
1124 928 1261 956 sustinere
1276 929 1377 956 laboris
1393 935 1474 965 atque
1490 931 1675 960 molestiarum
1694 934 1752 960 exi-

965 972 1134 1000 stimandum
1146 978 1199 1006 est,
1217 974 1244 1001 itl
1262 975 1363 1009 quibus
1387 984 1403 1002 a
1423 981 1518 1003 natura
1541 978 1689 1005 vehemens
1712 982 1754 1006 est

965 1017 1099 1051 appetitus
1114 1017 1242 1052 impetus.
1256 1026 1318 1046 cum
1336 1019 1512 1048 nihilominus
1531 1027 1638 1049 serrare
1650 1024 1754 1058 seipsos
1779 1047 1782 1049 .

967 1063 994 1089 in
1009 1063 1178 1090 continentia
1197 1064 1303 1092 veIint'l
1335 1067 1424 1100 Atque
1440 1067 1510 1094 hanc
1521 1068 1555 1094 ob
1574 1076 1695 1102 causam,
1711 1071 1753 1096 di-

966 1107 1037 1136 lecte
1052 1108 1100 1142 ﬁli,
1128 1109 1239 1143 quidam
1265 1110 1317 1137 viri
1343 1111 1464 1146 religiosi
1489 1113 1568 1140 IllllIIS
1587 1114 1753 1148 corporibus

968 1159 1039 1182 totos
1052 1154 1111 1182 dies
1126 1156 1152 1182 in
1166 1156 1271 1183 medias
1286 1165 1373 1191 aquas
1388 1165 1476 1184 semet
1491 1159 1625 1194 abjecisse
1643 1161 1754 1188 ιτιιὼιιιε

969 1205 1024 1232 tur,
1036 1208 1090 1235 quo
1103 1201 1344 1230 inﬂammationem
1359 1208 1387 1230 et
1403 1209 1499 1231 testum
1518 1205 1593 1231 illum
1612 1205 1689 1240 113
1705 1215 1755 1233 na-

969 1247 1084 1273 turalem
1104 1247 1318 1283 restinguerent.
1341 1248 1435 1284 Itaque
1453 1257 1533 1276 nemo
1549 1251 1663 1284 posthac
1687 1253 1753 1278 nati-

970 1293 1082 1320 vitatem
1098 1300 1175 1320 suam
1193 1294 1220 1320 in
1241 1295 1361 1322 medium
1379 1295 1512 1330 proterat,
1536 1304 1617 1323 nemo
1632 1297 1755 1332 Innuspi-

969 1343 1045 1365 catos
1062 1338 1186 1366 siderum
1208 1340 1316 1374 positus
1337 1344 1365 1367 et
1385 1341 1456 1368 inter
1478 1349 1507 1369 se
1524 1342 1756 1370 conformationes

969 1390 1110 1411 censetur.
1127 1384 1193 1412 Nam
1206 1386 1316 1421 sapiens
1333 1386 1378 1414 ille
1394 1387 1547 1415 Moderator
1566 1389 1755 1418 universmnnt

971 1430 1102 1464 pra-claro
1119 1431 1234 1458 consilio
1247 1431 1377 1466 instituit,
1393 1438 1422 1460 ut
1435 1434 1491 1460 suis
1504 1435 1674 1470 temporibus
1687 1437 1754 1464 ("erll

971 1475 1091 1502 siderum
1108 1480 1209 1509 motus,
1224 1480 1311 1510 ortus,
1329 1485 1442 1505 occasus
1460 1480 1597 1513 eveniant,
1616 1490 1669 1515 quo
1679 1489 1756 1510 com—

972 1526 1079 1548 mutato
1093 1529 1142 1555 per
1153 1521 1202 1548 has
1216 1529 1312 1549 causas
1326 1530 1390 1550 aere
1404 1523 1556 1559 pluviisque
1569 1526 1755 1554 delabenttlius

971 1567 1070 1601 planta:
1084 1567 1287 1594 incrementum
1301 1569 1444 1596 commode
1462 1577 1581 1599 sumant.
1598 1571 1665 1599 Cum
1683 1574 1754 1602 enim

968 1611 1096 1638 alimenta
1113 1612 1231 1646 quodam
1243 1612 1316 1639 velut
1326 1613 1430 1640 ambitu
1441 1619 1573 1648 perpetuo
1583 1617 1755 1650 suppeditata

970 1665 1024 1684 non
1047 1657 1248 1690 desiderantur,
1274 1657 1356 1685 etiam
1373 1657 1481 1686 illorum
1506 1665 1612 1691 natura,
1637 1663 1681 1696 qui
1700 1662 1755 1689 trn-

970 1707 1031 1730 ctus
1047 1702 1121 1737 ipsos
1133 1703 1298 1737 percipiunt,
1314 1704 1358 1731 vel
1373 1712 1453 1740 egere
1467 1706 1505 1732 vel
1517 1707 1633 1734 deiicere
1649 1711 1754 1743 nequit.

973 1749 1008 1775 De
1023 1756 1077 1784 quo
1099 1748 1276 1784 intelligimus
1299 1749 1389 1777 sidera
1415 1750 1523 1785 quidem
1552 1747 1612 1779 c'um
1636 1755 1756 1782 motibus

972 1794 1029 1822 suis
1045 1794 1196 1828 fructuum,
1213 1794 1320 1822 fructus
1335 1799 1422 1822 autem
1439 1796 1595 1824 animalium
1620 1802 1647 1825 et
1663 1799 1753 1826 homiv'

132 1845 174 1872 nis
190 1851 251 1871 esse
268 1851 349 1871 causa
368 1843 466 1871 factos.
497 1843 669 1878 Quapropter
703 1843 857 1869 animorum
880 1841 1037 1869 voluntates
1069 1845 1151 1876 atque
1183 1841 1336 1868 sententias
1356 1841 1445 1869 sidera
1461 1851 1514 1870 non
1548 1848 1673 1877 mutant,
1702 1851 1756 1873 nec

130 1891 271 1918 hominem
287 1892 320 1923 ad
335 1891 479 1926 imaginem
495 1891 542 1918 Dei
556 1890 659 1918 factum
685 1889 968 1924 inamipiicujusdam
995 1888 1057 1916 vilis
1087 1888 1174 1915 instar
1200 1887 1253 1914 hac
1282 1887 1344 1915 illac
1374 1888 1487 1916 ducunt.
1520 1889 1579 1917 Non
1604 1895 1657 1917 tam
1681 1891 1754 1918 enim

131 1946 190 1974 ipsa
202 1938 477 1973 deprehenderentur
493 1937 592 1972 iniusta
606 1945 676 1971 esse,
712 1937 842 1972 quosdam
876 1936 1015 1964 adulteros
1043 1934 1199 1968 efﬁcientia,
1216 1935 1347 1969 qnosdam
1382 1936 1531 1964 homicidas
1547 1945 1578 1964 ac
1601 1939 1754 1973 praedones,-

131 1993 214 2020 quam
230 1992 326 2012 eorum
342 1984 443 2020 opifex,
472 1986 518 2020 qui
543 1992 709 2020 prrectpuam
727 1985 754 2012 in
772 1985 823 2012 hac
841 1989 917 2019 parte
936 1984 1044 2019 culpam
1074 1988 1241 2015 mereretur,
1263 1983 1298 2010 ob
1317 1990 1361 2009 res
1395 1983 1529 2017 ejusmodi
1548 1986 1672 2013 conditas
1695 1993 1756 2021 qua!

130 2032 290 2060 necessario
302 2039 353 2059 nos
366 2031 399 2059 ad
414 2031 483 2058 mala
495 2031 626 2065 proclives
636 2031 792 2058 redderent.
824 2030 930 2058 Idcirco
949 2038 1002 2057 non
1019 2029 1068 2057 abs
1084 2037 1114 2057 re
1128 2029 1238 2064 scripsit
1252 2030 1369 2058 eximius
1383 2030 1428 2057 ille
1456 2030 1552 2058 Petrus
1565 2033 1597 2058 ad
1613 2032 1754 2068 Faustum,-

130 2080 263 2114 quosdam
280 2079 346 2106 falso
372 2079 529 2106 universum
556 2079 606 2105 hoc
631 2078 762 2105 natalitiis
775 2077 911 2105 sideribus
931 2081 958 2105 et
973 2077 1027 2105 fato
1041 2077 1223 2105 committere.

168 2126 242 2160 Ὅρα
269 2125 362 2151 λοιπον
390 2124 533 2160 νουνεχῶς,
559 2125 606 2151 καὶ
634 2124 671 2159 μὴ
697 2124 743 2150 ἐπὶ
763 2124 843 2150 πλέον
860 2124 917 2154 τοῖς

130 2171 222 2205 λόγοις
242 2170 334 2197 αὐτῶν
354 2170 480 2205 οορυϐοῦ.
503 2170 534 2196 Εί
554 2170 608 2205 γὰρ
631 2172 677 2197 καὶ
697 2170 822 2203 λέγουσιν
841 2169 881 2195 ὅτι
897 2169 914 2204 ὴ

1005 2124 1158 2151 Prudenter
1181 2125 1263 2160 igitur
1282 2123 1340 2152 hinc
1365 2123 1558 2156 considerato,
1582 2131 1634 2152 nec
1650 2117 1755 2153 'borum

967 2170 1058 2198 verbis
1075 2170 1133 2205 plus
1147 2179 1226 2206 aequo
1249 2169 1401 2206 perturbari
1426 2177 1452 2199 te
1478 2170 1572 2197 sinito.
1591 2171 1658 2198 Cum
1681 2174 1756 2199 enim

115 2217 195 2268 1t'i'ipa
215 2216 278 2244 καθ’
297 2216 330 2252 ἣν
345 2217 362 2251 ὴ
382 2216 511 2251 σύλληψις
524 2216 571 2242 τοῦ
595 2216 853 2251 συλλαμόανομένου
873 2214 915 2248 γὶέ

970 2215 1063 2243 dicunt
1075 2224 1136 2243 eam
1154 2217 1249 2244 horam
1265 2226 1317 2253 qua
1334 2219 1407 2246 fetus
1430 2217 1575 2253 conceptio
1596 2217 1652 2251 iiat,
1670 2217 1756 2245 Ictum

132 2272 221 2295 νεται,
238 2263 330 2298 ἐκείνη
349 2262 438 2289 καὶτὸ
458 2262 741 2298 πλαστουργούμενον,
763 2261 818 2288 εἴτε
834 2262 918 2297 ἄρρεν

117 2310 186 2336 .ιῐτε
206 2308 284 2344 Βῆλυ,
299 2309 474 2336 διαπλάττειν
499 2309 597 2343 ἄριστα
621 2308 727 2340 εἴωθεν,
740 2307 797 2334 ἀλλ’
815 2309 918 2340 εὐθέως

131 2352 336 2387 ἁνθυποφέρειν
351 2352 422 2387 ἔχεις
436 2353 482 2378 καὶ
499 2352 542 2384 ei),
556 2352 604 2379 καὶ
618 2352 690 2379 οὕτω
705 2353 795 2386 λέγειν
814 2353 916 2385 αὐτοῖς,

131 2400 169 2430 ὡς
186 2398 267 2433 εἴπερ
295 2399 323 2424 έν
356 2399 406 2432 μιᾲ
436 2398 495 2433 ὥρᾳ
515 2399 562 2424 καὶ
580 2399 612 2434 τῇ
628 2400 696 2433 αὐτῇ
710 2399 846 2434 καταϐολῇ
863 2399 918 2425 τῶν

131 2442 252 2475 διδύμων
271 2440 286 2475 ἡ
306 2440 438 2474 σύλληψις
453 2440 568 2472 γίνεται,
595 2440 696 2474 ἔπρεπε
714 2442 820 2472 πάντως
835 2440 872 2476 μὴ
888 2441 918 2466 τὸ

132 2489 182 2522 μὲν
210 2488 302 2514 αὐτῶν
320 2488 416 2524 ἄρρεν,
428 2488 456 2513 τὸ
467 2487 495 2514 δὲ
503 2487 581 2523 Θῆλυ,
593 2487 651 2514 ἀλλ’
669 2487 771 2523 ἄρρενα
779 2489 824 2514 καὶ
835 2487 918 2522 ἄμφω

132 2534 204 2560 κατὰ
228 2533 278 2568 τὴν
294 2533 499 2567 ἐπικρατοῦσαν
522 2533 596 2568 ὥραν
621 2533 637 2569 ἢ
658 2533 743 2568 Θήλεα
762 2534 840 2559 ταυτὶ
863 2533 919 2560 δια-

132 2579 312 2606 πλάττεσθαι.
326 2577 405 2605 Οΰτω
422 2579 471 2613 μὲν
482 2577 528 2605 οὖν
540 2579 594 2605 ἔδει
609 2579 647 2614 μὴ
661 2580 690 2605 τὸ
706 2580 754 2614 μὲν
767 2579 857 2605 αὐτῶν
872 2579 919 2605 τάά

132 2634 190 2661 χιον
215 2625 357 2660 τελευτᾷν,
372 2625 404 2650 τὸ
420 2624 448 2650 δὲ
468 2625 588 2661 βράδιον,
605 2624 662 2652 ἀλλ’
681 2624 748 2659 ὁμοῦ
765 2625 811 2651 καὶ
835 2624 918 2659 ἄμφω

131 2671 185 2696 τῶν
198 2666 250 2696 ὦδε
271 2669 470 2702 μεϐίστασθαι·
488 2671 558 2696 κατὰ
579 2670 631 2704 γὰρ
645 2670 766 2700 ἐκείνους
786 2670 882 2702 εἰπεῖν,
903 2670 918 2695 6

132 2716 214 2748 αὐτὸς
241 2715 330 2750 ἀστὴρ
350 2715 469 2750 κάκείνῳ
491 2717 538 2743 καὶ
559 2716 647 2751 τούτῳ
666 2716 714 2751 τὴν
734 2715 806 2750 ζωὴν
825 2716 918 2750 ἐχαρί-

134 2770 209 2789 σατο.
232 2762 316 2789 Ἀλλὰ
330 2763 378 2788 καὶ
405 2762 450 2788 ὲτεί
466 2771 521 2788 τισι
536 2762 680 2797 παοήμασι
707 2763 752 2788 καὶ
770 2762 919 2796 σινώμασιν

133 2807 178 2843 ὑφ’
195 2805 234 2834 ὧν
255 2807 414 2834 ἁλίσκονται
435 2808 563 2840 πολλάκις
584 2808 617 2834 τά
633 2809 703 2835 κατὰ
724 2808 830 2843 μήτραν
846 2817 918 2843 πηγ-

134 2853 236 2890 νὶμενα
261 2853 307 2887 (τά
320 2861 349 2878 τε
376 2853 430 2888 γὰρ
449 2853 533 2888 Θήλεα
563 2854 656 2888 σχῆμα
672 2854 800 2885 πολλάκις
815 2853 918 2890 ἀνδρῶν

236 2904 378 2932 I’nuoL-
394 2903 452 2932 (in.
473 2903 606 2934 CLVIII.

971 2261 1072 2296 ipsum,
1089 2266 1142 2288 tam
1166 2270 1268 2290 marem
1286 2272 1366 2298 quam
1391 2265 1549 2297 femineum,
1571 2266 1673 2300 optime
1697 2267 1752 2293 Iov-

970 2315 1055 2340 mare,
1073 2315 1136 2335 mox
1150 2308 1190 2335 eis
1206 2309 1327 2344 objieere
1342 2310 1461 2337 vicissim
1477 2316 1554 2345 potes
1566 2312 1639 2346 quod
1656 2312 1677 2339 si
1692 2313 1753 2347 qui—

969 2353 1031 2380 dem
1055 2361 1109 2380 una
1137 2359 1164 2381 et
1181 2355 1274 2382 eadem
1304 2356 1381 2388 hora,
1398 2365 1451 2383 una
1476 2362 1503 2384 et
1529 2358 1621 2385 eadem
1643 2360 1755 2386 seminis

969 2399 1124 2433 dejectione
1137 2401 1315 2435 gemeliorum
1333 2403 1476 2436 conceptio
1499 2405 1555 2436 tiat,
1572 2404 1684 2432 omnino
1703 2413 1753 2432 ue-

970 2451 1047 2472 cessc
1064 2445 1099 2473 sit
1113 2446 1230 2473 alterum
1243 2455 1338 2474 eorum
1360 2455 1414 2474 non
1430 2456 1491 2475 esse
1511 2457 1625 2482 marem,
1638 2452 1755 2478 alterum

970 2490 1110 2523 feminam,
1121 2491 1169 2518 sed
1181 2492 1222 2519 vel
1239 2493 1334 2520 ambos
1345 2501 1435 2521 mares
1447 2494 1488 2521 vel
1500 2494 1615 2522 feminas
1628 2496 1751 2523 formari.

969 2536 1157 2564 Consimiliter
1185 2538 1280 2565 eadem
1310 2540 1415 2566 ratione
1449 2546 1608 2575 sequeretur
1637 2542 1753 2569 alterunt

968 2590 1064 2610 eorum
1076 2591 1130 2610 non
1143 2583 1244 2611 debere
1255 2585 1335 2612 citius
1347 2586 1493 2621 exstingui,
1509 2587 1613 2615 tardius
1624 2589 1751 2618 alterum,

970 2628 1017 2655 sed
1036 2633 1182 2664 utrumque
1198 2630 1277 2658 rebus
1302 2631 1428 2659 humanis
1448 2633 1548 2667 pariter
1566 2635 1658 2661 eximi.
1674 2634 1753 2667 Nam,-

971 2679 1000 2701 ut
1016 2675 1065 2709 ipsi
1083 2675 1241 2709 loquuntur,
1267 2676 1338 2703 idem
1362 2677 1437 2705 sidus
1454 2683 1508 2705 tant
1532 2679 1593 2706 huic
1616 2687 1696 2713 quam
1713 2681 1753 2707 illi

970 2720 1053 2747 vitam
1074 2721 1201 2755 praebuit.
1229 2721 1301 2754 Quin
1327 2724 1407 2750 etiam
1430 2731 1466 2754 ,ευ
1482 2725 1701 2759 progrediuntur,
1724 2729 1755 2754 ut

971 2765 1080 2792 morbos
1095 2765 1225 2799 quosdam
1249 2772 1276 2793 et
1303 2767 1403 2794 formas
1428 2776 1486 2801 qua:
1513 2766 1613 2795 fetibus
1638 2770 1663 2795 in
1694 2772 1752 2806 ipsa

972 2810 1086 2838 matrice
1104 2818 1299 2845 nonnunquam
1317 2812 1443 2839 accidunt
1466 2813 1564 2846 (solent
1581 2815 1652 2841 enim
1668 2815 1751 2842 inter.

972 2855 1034 2882 dum
1047 2855 1161 2883 femellas
1177 2857 1304 2883 verendis
1323 2856 1348 2882 in
1373 2857 1496 2891 partibus
1522 2858 1628 2886 virilem
1650 2861 1754 2890 habch

1554 2908 1575 2939 8
