1957 3073
151 110 158 121 Ι
188 137 239 169 227

829 129 947 159 ιιιοιιΛ
955 128 1040 157 ELIS
1060 126 1189 157 (ΠΧΩ,ιέ

1757 123 1810 156 2ῗ8

188 191 316 225 Speciem,
344 196 376 216 ac
402 188 461 215 vice
487 194 566 214 versa
589 192 679 213 mares
709 183 867 218 femineam)
892 183 971 210 astris

1038 183 1088 217 rapi
1107 190 1160 208 που
1176 183 1210 208 τὰ
1229 180 1376 215 γεννητικὰ
1393 180 1505 215 φέρουσι
1526 178 1620 214 μόρια,
1636 180 1684 206 καὶ
1698 177 1808 205 τούναν-

189 238 347 266 auctoribus
372 236 504 264 tribuant.
535 235 638 261 Vocant
668 232 800 268 ejusmodi
828 231 910 262 fetus.
938 231 972 258 de

189 285 288 320 quibus
315 283 396 310 modo
427 281 617 316 loquebamur,
643 278 891 313 hermaphroditos.
905 277 972 304 Nam

189 329 309 365 perbelle
332 328 438 362 ﬁngunt
463 326 628 354 Mercurium
655 324 713 360 (qui
734 323 835 351 Graecis
860 323 974 350 Hermes

190 375 242 410 est)
260 381 288 402 et
300 373 434 401 Venerem
455 373 525 406 (quae
542 370 703 406 Aphrodite)
722 370 750 396 in
767 369 862 396 iisdem
874 369 975 396 centris

190 421 363 455 conjunctos,
379 416 499 446 Saturno
512 417 593 445 etiam
608 416 756 444 accedente
769 420 897 449 certaque
908 422 974 441 con-

190 466 356 494 formatione
371 465 454 495 aeris,
479 463 551 490 fetus
574 461 707 496 quosdam
729 465 828 496 praeter
849 464 974 486 naturam

191 512 303 540 aﬂ'ectos
321 510 482 545 producere.
498 508 551 536 Sed
572 508 644 535 enim
670 506 721 533 hoc
743 506 856 532 minime
879 512 974 533 verum

192 562 245 585 est.
263 557 330 583 Nam
347 556 404 590 ipsa
429 555 501 582 fetus
526 553 667 581 fcrmatrix
685 551 765 586 114
786 555 885 578 natura
905 556 976 576 non-

192 610 332 638 nunquam
371 601 505 635 ejusmodi
536 599 639 630 elﬁcit,
672 596 903 632 quemadmodum
935 599 977 622 est

193 657 275 684 supra
292 649 518 676 demonstratum.
545 645 658 671 Hermes
682 643 792 678 quidem
817 642 861 669 ille
888 641 978 676 philo-

193 694 307 729 sophus,
324 701 404 727 quem
420 692 506 719 Graeci
524 696 598 717 tanto
613 689 715 716 habent
740 689 768 715 in
782 688 893 719 honore,
908 687 976 714 scri-

199 740 253 775 ptis
268 739 302 766 ad
315 739 463 773 sapientem
479 737 639 762 Ammonem
656 734 765 766 litteris,
779 733 934 759 morborum
951 732 978 758 in

196 786 230 812 iis
250 792 346 811 causas
373 783 418 818 qui
443 783 533 809 I‘urore
555 780 739 815 corripiuntur
757 783 781 806 et
804 782 895 805 tuente
914 782 979 805 sunt

195 830 316 862 alienati,
336 829 369 856 ad
383 829 471 856 sidera
492 827 585 854 refert.
599 826 666 853 Cum
681 825 766 856 enim,
785 824 884 858 inquit,
901 823 977 851 sidus

194 877 260 903 illud
272 876 299 902 in
313 875 390 909 cujus
404 878 537 908 potestate
556 872 698 899 cerebrum
724 875 776 903 est,
796 869 880 896 fetum
907 869 978 896 bono

193 922 311 957 quodam
338 926 449 955 aspectu
477 920 615 951 intuetur,
641 919 755 952 ejusque
780 916 922 944 cerebrum
949 915 977 942 in

195 970 253 1002 ipsa
267 966 430 995 formatione
445 965 528 992 radiis
543 964 676 998 ejusmodi
698 962 848 994 collustrat,
865 961 977 988 omnino

194 1016 223 1041 lit
238 1020 267 1041 ut
282 1013 425 1040 facultates
447 1011 529 1038 animi
548 1010 685 1045 principes
709 1009 736 1035 in
761 1008 806 1034 tali
825 1007 881 1034 fetu
906 1014 978 1041 pra:-

175 1071 179 1076 ’
194 1061 267 1088 clare
285 1063 449 1094 comparatw
462 1059 526 1085 sint.
549 1057 583 1084 At
597 1056 618 1083 si
639 1054 888 1090 quomodocunque
904 1053 979 1080 sidus

193 1107 285 1142 ipsum
301 1105 371 1132 male
385 1104 528 1135 alliciatur,
551 1102 634 1129 etiam
659 1101 766 1128 diversa
787 1100 841 1127 erit
864 1105 892 1126 et
914 1106 980 1126 eon-

195 1151 280 1179 traria
293 1150 378 1187 priori
394 1150 453 1184 ejus
470 1147 590 1174 eﬂ'eetio.
606 1145 682 1173 lluue
696 1145 724 1172 in
746 1144 856 1171 modum
870 1147 980 1178 speeta-

197 1203 270 1224 tores
302 1196 340 1223 illi
369 1193 527 1222 subliminm
555 1191 678 1219 sentiunt
712 1196 794 1224 atque
821 1189 981 1223 loquuntur.

196 1242 298 1269 Eorum
315 1246 344 1268 tu
360 1239 517 1274 opinionem
535 1237 650 1271 rejicito,
665 1243 697 1263 ac
714 1235 806 1270 pravis
819 1233 982 1269 quibusdam

196 1287 360 1315 humoribus
376 1284 519 1312 cerebrum
541 1283 600 1316 eius
619 1281 751 1315 repletum
781 1285 841 1306 esse
866 1277 983 1309 credito,

196 1341 279 1368 quem
293 1333 385 1359 animo
399 1330 547 1357 alienatum
561 1326 745 1360 conspexeris.
759 1323 825 1350 Nam
841 1322 984 1350 cerebrum

198 1366 300 1406 mentis
316 1378 363 1406 est':
385 1376 608 1404 instrumentum,
629 1371 743 1405 ideoque
767 1376 815 1404 pro
839 1368 924 1403 ipsius
942 1366 986 1393 in-

199 1422 344 1451 strumenti
366 1420 510 1447 affectione
541 1425 618 1444 mens
643 1417 746 1446 etiam,
773 1414 846 1441 velut
871 1411 985 1445 artifex,

198 1477 278 1504 agere
296 1467 449 1496 consuevit.
476 1466 623 1499 Propterea
650 1462 720 1489 Deus
742 1461 839 1488 herbas
855 1459 986 1494 quasdam

199 1503 323 1543 condidit
351 1513 452 1548 quibus
480 1510 562 1538 variis
594 1507 734 1536 doloribus
769 1511 852 1541 atque
882 1503 985 1532 morbis

200 1562 378 1593 medeamur,
407 1563 436 1586 et
466 1556 624 1585 hominibus
658 1553 792 1581 medicam
825 1550 986 1586 sapientiam

201 1608 310 1636 abunde
326 1607 440 1642 largitus
454 1609 505 1632 est.
523 1603 591 1630 Hine
615 1607 642 1629 et
667 1600 808 1628 cerebrum
826 1597 933 1634 purgari
947 1597 988 1624 vi-

202 1656 310 1687 demus,
327 1659 355 1680 et
367 1653 479 1679 morbos
495 1650 573 1682 alios,
592 1649 636 1684 qui
649 1647 818 1674 curationem
835 1645 988 1679 requirunt,

202 1701 426 1732 convenientium
452 1699 714 1726 medicamentorum
750 1693 919 1722 adhibitione
944 1699 990 1719 sa-

202 1749 273 1777 nari.
289 1747 348 1775 Non
364 1747 444 1781 igitur
459 1751 554 1772 eorum
576 1742 669 1770 verbis
684 1740 774 1776 decipi
787 1744 813 1766 te
827 1739 936 1774 patitor.
951 1737 991 1764 Ac

203 1804 238 1823 ne
253 1795 307 1822 lato
325 1793 446 1828 quidem,
460 1799 510 1818 ceu
525 1790 628 1817 dictum
646 1792 699 1820 est,
716 1787 744 1814 hi
767 1785 856 1813 morbi
873 1784 990 1812 homini-

204 1845 255 1871 bus
269 1841 408 1869 accidunt.
424 1839 494 1872 Quid
507 1838 580 1865 enim
599 1836 674 1863 aliud
695 1835 747 1863 sibi
768 1833 816 1862 fati
839 1833 896 1860 vult
909 1839 992 1860 voca-

204 1890 311 1920 bulum,
345 1888 379 1914 de
407 1887 529 1921 ipsorum
560 1884 717 1914 sententia,
744 1888 827 1917 qualn
858 1880 930 1915 quod
956 1881 991 1906 sit

205 1941 321 1964 eventus
331 1934 439 1970 quidam
453 1931 627 1962 inevitabilis,
642 1935 717 1957 ortus
732 1936 765 1956 ex
775 1927 845 1956 serie
860 1932 992 1961 perpetua

206 1987 296 2010 motus
329 1979 481 2007 caelestium
512 1975 676 2011 corporum?
704 1973 780 2007 Quod
808 1973 895 2008 ipsum
921 1976 993 1999 totus

207 2029 250 2055 ille
266 2031 424 2054 sanctorum
451 2024 571 2050 virorum
598 2026 686 2049 cintus
711 2019 869 2055 longissime
893 2017 991 2052 rejicit.

206 2074 390 2108 Quamobrem
408 2070 496 2098 istuc?
519 2069 587 2102 Quia
605 2068 720 2095 multum
739 2065 865 2093 amentiae
886 2063 992 2091 stolidi-

160 2152 162 2155 .
208 2121 324 2154 tatisque
339 2119 473 2147 continet,
496 2116 558 2151 plus
585 2113 744 2149 impietatis.
768 2117 796 2140 ut
814 2119 928 2147 magnus
948 2110 994 2136 ille

188 2199 191 2203 ι
210 2166 324 2193 Basilius
342 2163 472 2199 loquitur.

1022 232 1079 257 τίον
1098 229 1174 261 αὖθις
1194 229 1228 255 τὰ
1246 227 1371 263 ἄρρενα),
1383 227 1446 258 τοὺς
1462 225 1581 260 ἀστέρας
1600 224 1704 254 αἰτίους
1722 225 1809 260 ἥγην-

1023 285 1079 302 ται.
1096 275 1187 310 Ταύτῃ
1222 282 1263 300 τοι
1280 273 1327 299 καὶ
1346 271 1563 307 ἐρμαφροδίτους
1587 271 1651 302 τοὺς
1672 270 1809 302 τοιούτους

1026 321 1237 355 ἐπονομάζουσι.
1258 318 1449 353 Κομψεύονται
1464 318 1529 352 γὰρ,
1544 316 1655 343 ἐπειδᾶν
1669 317 1684 343 ὁ
1699 316 1811 351 Ἐρμῆς

1025 367 1072 393 καὶ
1082 368 1098 401 ὴ
1123 365 1265 401 Ἀφροδίτη
1286 364 1424 399 εὑρεθεῖεν
1434 363 1604 398 ὁμόκεντροι,
1623 362 1747 394 συνόντος
1759 363 1810 389 αὺ-

1024 413 1081 442 τοῖς
1097 411 1143 438 τοῦ
1169 411 1284 446 Κρόνου,
1308 410 1375 443 πρὸς
1391 409 1419 435 δὲ
1436 408 1484 434 καὶ
1508 409 1748 443 σχηματιζομένου
1763 409 1810 435 τοῦ

1028 458 1136 492 Ἀρεος,
1151 456 1232 482 αἴτιοι
1244 455 1394 488 τηνικαῦτα
1408 454 1454 481 καὶ
1466 454 1521 480 τῶν
1535 453 1611 488 παρὰ
1625 453 1705 487 φύσιν
1716 453 1811 480 παθῶν

1026 505 1081 534 τοῖς
1093 503 1262 537 τικτομένοις
1279 502 1469 529 καθίστανται.
1489 500 1559 527 ¹Δλλ¹
1575 501 1625 526 οὐκ
1648 500 1706 526 ἔστι
1721 499 1811 531 τοῦτο,

1027 553 1077 578 οὐκ
1094 551 1184 577 ἐστιν·
1214 550 1230 584 ἡ
1250 549 1304 584 γὰρ
1328 548 1530 575 διαπλάττουσα
1540 546 1571 573 τὸ
1593 545 1712 581 ἔμϐρυον
1730 545 1812 580 φύσις

1027 598 1101 624 αἰτία
1129 596 1259 626 πολλάκις
1288 595 1343 622 τῶν
1367 594 1495 621 τοιούτων
1523 593 1691 628 εὑρίσκεται,
1720 591 1813 624 καθὼς

1028 645 1132 672 ἀνωθεν
1143 643 1261 678 εἴρηται.
1280 641 1362 668 Ἀλλὰ
1372 642 1419 668 καὶ
1433 642 1447 667 ὁ
1458 640 1523 675 παρ’
1533 640 1624 670 αὐτοῖς
1639 640 1695 670 τοῖς
1713 638 1814 674 Ἐλλη-

1029 700 1054 717 σι
1072 690 1226 725 τιμώμενος
1247 688 1349 722 Ἐρμῆς
1364 688 1494 722 Ἀμμωνι
1505 684 1543 720 τῷ
1557 685 1631 720 σοφῷ
1647 684 1812 711 ἐπιστέλλων

1029 739 1127 768 αὐτοὺς
1146 737 1266 763 αἰτιᾶται
1280 735 1344 765 τοὺς
1363 734 1479 768 ἀστέρας
1499 733 1545 758 ἐπί
1558 741 1587 758 τε
1604 733 1661 763 τοῖς
1681 731 1813 767 μαινομέ-

1030 793 1084 816 νοις
1101 784 1147 810 xui.
1161 782 1190 809 τὺ
1209 782 1335 816 φρόνημα
1351 779 1529 814 κεκτημένοις
1548 779 1709 813 παράφορον
1721 778 1759 808 ὼς
1772 778 1815 803 ati-

1030 831 1103 861 τίους
1121 828 1201 863 δῆθεν
1215 827 1344 853 τοιούτων
1356 826 1459 853 παθῶν.
1476 825 1543 857 Φησὶ
1559 825 1604 851 καὶ
1622 823 1677 858 γὰρ
1690 823 1727 854 ὡς
1740 824 1816 849 ἐπει-

1031 876 1079 902 δὰν
1095 875 1124 906 ἐξ
1140 873 1240 908 ἀγαθοῦ
1256 873 1393 907 σχήματος
1412 872 1426 898 ὁ
1444 870 1492 897 τοῦ
1513 869 1663 904 ἐγκεφάλου
1677 867 1815 903 κυριεύων

1032 921 1120 956 ἀστὴρ
1140 918 1304 958 uagam-aiat
1321 916 1352 943 τδ
1374 915 1658 950 πλαστουργούμενον,
1680 913 1810 940 κάκεῖθεν

1033 968 1131 993 ἀκτῖνα
1149 964 1239 1000 βάλλει
1253 963 1290 998 τῷ
1303 961 1445 997 ἐγκεφάλῳ
1461 961 1507 988 τοῦ
1525 960 1713 995 πηγνυμένου,
1724 959 1814 990 καλῶς

1034 1013 1138 1054 ἕξουσιν
1171 1013 1199 1039 αἲ
1228 1011 1391 1046 ἡγεμονικαὶ
1417 1010 1546 1045 δυνάμεις
1569 1008 1608 1043 τῷ
1637 1008 1817 1042 πλαττομένῳ

1033 1058 1183 1093 τηνικαῦτα
1199 1056 1329 1092 ἐμερὺῳ·
1352 1057 1376 1083 εί
1399 1056 1427 1082 δὲ
1445 1055 1615 1089 κακούμενος
1638 1054 1817 1087 ὁπωσδήποτε

1035 1103 1104 1139 τύχῃ
1123 1104 1135 1130 ὁ
1156 1102 1277 1133 τοιοῦτος
1304 1100 1403 1135 ἀστὴρ,
1423 1099 1476 1126 τῶν
1505 1099 1635 1126 ἐναντίων
1655 1097 1730 1124 ἔσται
1749 1098 1819 1123 πάν-

1036 1158 1088 1181 τως
1110 1148 1261 1184 ποιητικός.
1288 1147 1343 1173 Καὶ
1364 1146 1436 1173 οὕτω
1459 1146 1509 1181 μὲν
1535 1145 1560 1172 οἱ
1587 1146 1643 1177 τοτς
1670 1144 1825 1179 μετεώροις,

1039 1195 1219 1231 προσέχοντες
1242 1194 1289 1219 καὶ
1309 1193 1437 1228 φρονοῦσι
1452 1191 1518 1227 περὶ
1544 1191 1647 1218 τούτων
1665 1190 1714 1216 καὶ
1724 1189 1820 1224 λέγου-

1038 1251 1081 1269 σιν
1099 1242 1166 1277 (24).
1184 1241 1219 1267 Σὺ
1235 1241 1274 1273 δὲ,
1293 1238 1427 1274 ἀγαπητὲ,
1459 1239 1497 1272 μὴ
1513 1237 1610 1270 οὕτως,
1633 1236 1701 1263 ἀλλὰ
1717 1236 1821 1271 μοχθη-

1041 1289 1097 1323 ροῖς
1117 1295 1172 1313 τισι
1205 1287 1302 1321 χυμοῖς
1335 1283 1567 1319 κατακρατεῖσθαι
1600 1282 1646 1309 τὸν
1669 1281 1821 1316 ἐγκέφαλον

1040 1335 1162 1366 πίστευε,
1190 1333 1268 1366 ἡνίκα
1298 1331 1326 1358 δὲ
1345 1331 1429 1365 θεάσῃ
1455 1330 1516 1356 τινὰ
1545 1329 1692 1364 παρακοπῇ
1713 1328 1821 1362 φρενῶν

1041 1379 1230 1414 συνεχόμενον·
1261 1379 1274 1404 ὁ
1297 1377 1351 1411 γὰρ
1370 1375 1521 1410 ἐγκέφαλος
1545 1374 1661 1409 δργανόν
1688 1375 1747 1400 ἐστι
1773 1371 1821 1400 τοῦ

1040 1426 1117 1457 νοός·
1130 1425 1226 1460 ταύτῃ·
1242 1432 1282 1450 τοι
1302 1422 1348 1449 καὶ
1379 1422 1449 1450 κατὰ
1480 1421 1529 1457 τὴν
1552 1420 1669 1456 ὀργάνου
1701 1418 1822 1446 διάθεσιν

1042 1471 1089 1498 καὶ
1105 1472 1118 1497 ὁ
1134 1470 1257 1505 τεχνίτης
1267 1469 1347 1495 εἴωθε
1365 1468 1426 1500 νοῦς
1441 1467 1573 1502 ἐνεργεῖν.
1595 1466 1656 1493 Ἐπὶ
1670 1465 1724 1501 γὰρ
1735 1465 1822 1499 τούτῳ

1000 1521 1022 1550 c
1038 1517 1086 1544 καὶ
1107 1516 1221 1552 βοτάνας
1237 1515 1425 1545 ἀκεσωδὺνους
1441 1513 1607 1548 παρήγαγεν
1632 1513 1645 1538 ὁ
1679 1511 1754 1544 Θεὸς,
1775 1511 1823 1537 καὶ

1042 1564 1136 1598 σοφίας
1157 1563 1282 1597 ἰατρικῆς
1313 1562 1377 1593 τοὺς
1402 1559 1566 1595 ἀνθρώπους
1592 1558 1742 1593 ὲνέπὶησεν
1756 1566 1763 1572 ·
1778 1558 1824 1584 ὲν-

1040 1610 1136 1637 τεῦθεν
1151 1609 1206 1644 γὰρ
1220 1609 1267 1636 καὶ¹
1282 1607 1404 1642 κεφαλὴν
1420 1605 1625 1641 καθαιρομένην
1646 1605 1689 1640 ἴδῃ
1704 1613 1758 1635 τις,
1776 1603 1824 1630 καὶ

1041 1655 1116 1690 πάθη
1134 1654 1203 1682 ἄλλα
1223 1652 1285 1680 τινὰ
1310 1651 1458 1686 θεραπείας
1486 1650 1636 1684 ἀξιούμενα
1667 1649 1824 1684 φαρμάκων

1041 1700 1220 1736 καταλλήλων
1239 1698 1408 1733 ἐπαγωγαῖς.
1430 1697 1476 1731 Μὴ
1504 1694 1551 1723 οὖν
1569 1694 1742 1730 συναρπάζου
1769 1695 1825 1725 τοῖς

1041 1747 1131 1782 λόγοις
1157 1745 1258 1777 αὐτῶν,
1275 1745 1316 1772 ὅτι
1333 1745 1400 1779 μηδὲ
1416 1742 1477 1770 καθ’
1496 1741 1679 1778 εἱμαρμένην,
1696 1741 1733 1772 ὡς
1747 1740 1825 1775 ειρη-

1042 1803 1098 1826 ται,
1113 1793 1147 1820 τὰ
1163 1792 1238 1826 πάθη
1264 1793 1322 1822 τοῖς
1340 1789 1496 1825 ἀνθρώποις
1523 1788 1717 1824 ἐμπίπτουσιν.
1742 1786 1775 1812 Τί
1797 1785 1826 1812 δὲ

1043 1840 1073 1866 τὺ
1087 1839 1136 1872 τῆς
1150 1836 1320 1873 εἱμαρμένης
1336 1835 1395 1861 ἐστὶ
1413 1835 1615 1870 σημαινόμενον
1630 1842 1637 1865 ;
1656 1832 1700 1862 '0;
1724 1832 1826 1858 ἐκεῖνοι

1044 1886 1136 1920 φασὶν,
1153 1885 1169 1919 ἡ
1188 1883 1241 1910 ἀπὸ
1269 1883 1318 1916 τῆς
1336 1881 1397 1908 καθ’
1414 1881 1512 1916 είρμὺν
1545 1879 1599 1906 τῶν
1626 1877 1759 1914 οὐρανίων
1777 1885 1828 1902 σω-

1046 1931 1140 1966 μάτων
1160 1929 1292 1963 κινήσεως
1306 1927 1483 1962 ἀπαράϐατος
1509 1926 1638 1957 ιὲκσασις,
1668 1925 1701 1960 ἢν
1717 1924 1749 1960 δὴ
1780 1924 1828 1950 καὶ

1045 1977 1154 2005 πάντων
1169 1976 1182 2002 ὁ
1194 1975 1247 2001 τῶν
1264 1974 1350 2008 ἁγίων
1373 1973 1454 2008 χορὸς
1471 1972 1567 2007 πόρρω
1592 1980 1644 1998 που
1662 1972 1753 2006 ῥίπτει
1781 1970 1829 1996 καὶ

1045 2023 1250 2058 ἀποπέμπεται.
1265 2021 1343 2051 Τίνος
1359 2020 1469 2052 ἕνεκενς
1486 2019 1548 2045 ’Ὁτι
1561 2018 1628 2044 πολὺ
1642 2018 1692 2053 μὲν
1701 2017 1731 2044 τὸ
1745 2017 1828 2051 ἀνόη-

1044 2078 1090 2096 τον
1110 2069 1255 2103 κέκτηται,
1275 2065 1478 2093 πολλαπλάσιον
1498 2064 1525 2091 δὲ
1540 2064 1570 2091 τδ
1583 2063 1692 2095 ἀσεσὲς,
1706 2063 1742 2094 ὡς
1758 2063 1771 2089 ὁ
1782 2064 1828 2098 μέη

1045 2122 1095 2150 γας
1111 2112 1177 2148 φησὶ
1194 2111 1290 2139 Βασίλε
1296 2119 1344 2142 ιος.

245 2216 409 2244 Naturaliter
424 2214 544 2248 quidem.
562 2220 612 2240 ceu
629 2212 757 2243 diximus,
783 2209 925 2246 gubernari
949 2216 986 2236 re-

1081 2203 1206 2235 Φυσικῶς
1219 2203 1268 2238 μὲν
1286 2200 1343 2234 οὖν,
1357 2200 1394 2231 ὠς
1406 2200 1579 2235 προείρηται,
1602 2197 1649 2224 καὶ
1671 2196 1831 2224 διοικεῖσθαι

209 2265 288 2300 gique
301 2269 401 2297 corpus
418 2265 542 2288 nostrum
563 2259 619 2293 ipse
636 2265 726 2284 rerum
745 2257 876 2284 Dominus
892 2254 992 2286 voluit;

210 2312 313 2345 abSque
329 2315 382 2343 quo
396 2307 476 2338 foret,
492 2313 542 2332 nec
559 2312 621 2332 aere
637 2310 705 2338 puro
720 2311 772 2329 nec
797 2301 891 2337 aequis
905 2301 992 2336 pellu-

209 2357 278 2385 cidis
296 2363 346 2382 nec
358 2354 419 2381 loco
438 2352 539 2380 salubri
558 2358 607 2378 nec
628 2350 744 2384 sumptis
767 2356 814 2383 per
828 2348 903 2374 vices
916 2355 995 2374 escu-

210 2403 290 2430 lentis
305 2409 336 2428 ac
352 2398 506 2435 poculentis
532 2398 587 2424 vita
614 2401 708 2424 nostra
737 2395 879 2429 indigeret.
897 2393 992 2419 Enim-

210 2457 285 2482 vero,
302 2449 383 2475 chare
411 2445 460 2478 ﬁli,
482 2445 522 2471 fac
535 2444 654 2471 divinam
679 2441 745 2469 mihi
768 2440 928 2475 sapientiam
951 2439 994 2465 iu-

209 2501 314 2525 tueare,
329 2490 463 2526 siquidem
477 2487 603 2515 nonnihil
627 2487 661 2513 de
683 2493 772 2512 rerum
794 2488 889 2510 natura
916 2483 995 2509 nobis

207 2547 250 2569 est
266 2536 517 2568 commentandnm.
532 2533 639 2562 Etenim
652 2539 686 2559 ne
702 2531 817 2558 maxime
832 2529 995 2564 principales

210 2585 429 2618 necessariwque
445 2581 566 2617 corporis
589 2578 674 2606 nostri
697 2581 790 2612 partes
804 2576 946 2610 quibusvis
961 2574 996 2602 de

210 2629 481 2661 cansislmdercntur,
498 2630 722 2661 capntnostrum,
732 2623 767 2650 Uti
781 2622 1000 2657 quodcerebrum

211 2678 397 2711 continetquo
406 2674 458 2701 vita
470 2676 561 2699 nostra
578 2675 631 2697 tota
644 2669 816 2699 uititur,tum
830 2666 936 2702 capzllis
946 2671 1000 2692 tum

212 2725 322 2753 ossibus
338 2727 436 2758 praeter
454 2719 514 2746 illos
524 2716 620 2745 solidis
633 2715 762 2749 durisque
775 2713 903 2741 munivit.
918 2713 1001 2739 Cere-

213 2771 294 2799 brum
310 2770 399 2805 ipsum
416 2772 514 2795 natura
539 2769 662 2792 tenerum
686 2762 760 2795 fecit,
779 2759 999 2796 quandoquidem

1046 2252 1077 2278 τὸ
1090 2251 1224 2286 ἡμέτερον
1246 2248 1325 2283 σῶμα
1355 2247 1401 2273 καὶ
1420 2245 1593 2280 διεξάγεσθαι
1623 2243 1832 2279 συγκεχώρηται

1047 2299 1157 2328 πάντως
1172 2296 1238 2331 παρ’
1254 2294 1336 2322 αὑτοῦ
1351 2293 1397 2320 τοῦ
1416 2293 1552 2319 Δεσπότου
1583 2292 1631 2326 τῆς
1651 2291 1770 2325 φύσεως.
1801 2288 1831 2314 Εἰ

1050 2345 1087 2380 μὴ
1099 2345 1153 2379 γὰρ
1171 2341 1251 2368 τοῦτο
1270 2339 1315 2376 ἢν,
1332 2341 1382 2366 οὐκ
1397 2339 1430 2366 ἂν
1444 2339 1460 2374 ἡ
1477 2339 1525 2373 τῆς
1539 2337 1612 2372 ζωῆς
1634 2336 1714 2371 ὴμῶν
1731 2334 1831 2361 σύστα-

1050 2400 1091 2421 σις
1112 2390 1159 2416 καὶ
1179 2390 1261 2423 ἀέρος
1273 2387 1374 2422 ἔχρῃζε
1391 2384 1515 2420 καθαροῦ
1536 2383 1583 2410 καὶ
1605 2382 1709 2409 ὑδάτων
1725 2379 1832 2407 διειδῶι

1047 2437 1131 2463 τόπου
1152 2444 1181 2462 τε
1194 2433 1314 2469 ὑγιεινοῦ
1346 2432 1393 2459 καὶ
1411 2430 1588 2465 καταλλήλων
1603 2429 1734 2458 ὡσαύτως
1763 2426 1835 2460 βρωη

1049 2482 1102 2508 τῶν
1121 2482 1167 2507 καὶ
1201 2480 1300 2506 ποτῶν.
1324 2476 1393 2504 Ἀλλ’
1410 2478 1462 2512 ὅρα
1478 2476 1528 2510 τὴν
1546 2474 1594 2502 τοῦ
1624 2473 1692 2500 Θεοῦ
1724 2472 1832 2505 σοφίαν,

1049 2528 1186 2563 ἀγαπητὲ,
1205 2527 1274 2560 εἴγε
1300 2526 1346 2551 καὶ
1376 2524 1553 2558 φυσιολογίας
1581 2521 1678 2557 μικρὸν
1699 2518 1833 2554 ἅψασθαι.

1051 2576 1108 2602 Ἶνα
1124 2575 1178 2610 γὰρ
1199 2573 1237 2608 μὴ
1266 2573 1301 2599 τὰ
1336 2569 1508 2606 καιριώτατα
1531 2569 1578 2594 τοῦ
1610 2567 1735 2602 σώματος
1755 2565 1835 2600 ἡμῶν

1051 2623 1133 2656 μόρια
1161 2620 1208 2647 καὶ
1236 2620 1296 2650 ταῖς
1331 2617 1479 2652 τυχούσαις
1510 2614 1662 2650 προφάσεσι
1699 2611 1834 2639 καταὸλά-

1051 2676 1185 2698 πτωνται,
1206 2664 1396 2698 πολυτρόπως,
1417 2664 1453 2694 ὡς
1471 2661 1651 2697 προείπομεν,
1669 2659 1716 2686 καὶ
1731 2658 1837 2685 πολυει-

1049 2714 1100 2744 δῶς
1120 2712 1301 2747 ἠσφαλίσατο.
1323 2710 1426 2736 Αὐτίκα
1444 2709 1498 2743 γὰρ
1519 2708 1569 2743 τὴν
1597 2706 1720 2747 κεφαλὴν
1743 2704 1835 2740 ἡμῶν,

1119 2742 1151 2794 6i:
1164 2742 1212 2785 τον
1229 2754 1381 2790 ἐγκέφαλον
1395 2742 1487 2781 αὑτὸν
1504 2742 1687 2788 περιέχουσαν
1707 2751 1736 2778 ὲν
1801 2748 1836 2776 τὰ

262 2857 318 2890 (Ἡ)
355 2856 422 2883 Ἐπί
455 2862 506 2882 τε.
527 2874 532 2880 .
553 2872 583 2879 ..
603 2872 609 2878 .
642 2849 796 2884 λέγουσιν.
834 2847 871 2874 Ex
904 2847 934 2873 V.
965 2850 992 2872 et
1019 2846 1065 2887 ιτ..
