1957 3073
154 136 209 168 229

773 130 974 162 ANNALIUM
996 130 1092 162 PARS
1114 132 1137 164 Ι.

1719 128 1772 160 2ὶο

153 195 204 229 τῆς
227 193 302 228 ζωῆς
323 191 403 227 ἡμῶν
419 189 623 227 περιείληπται,
649 188 695 216 καὶ
713 189 785 224 θριξὶ
815 187 940 222 κατὰ)χὺ-

1003 188 1100 216 :unctis
1127 188 1251 217 sensibus
1289 196 1354 217 suos
1372 187 1461 224 'quasi
1491 187 1580 214 fontes
1610 187 1773 222 suppeditat.

155 246 226 273 ρωσε
244 238 293 265 καὶ
314 237 418 267 ὀστέοις
445 236 499 272 πρδ
528 235 631 262 τούτων
654 235 790 270 στερροῖς.
822 233 939 260 Ἀπαλδν

154 284 182 310 δὶ
197 284 214 319 ή
233 283 314 317 φύσις
329 282 423 309 τοῦτον
443 281 585 317 εποίησεν,
607 279 702 314 ἐπειδὴ
711 280 771 310 ταῖς
794 278 938 312 αἰσθήσεσι

155 330 257 361 πᾶσαις
273 329 354 360 αὐτὸς
377 328 494 363 χορηγεῖ
522 326 574 357 τὰς
598 326 702 360 πηγάς.
717 325 777 351 Ἵνα
792 323 821 350 δὲ
851 323 889 358 μὴ
905 323 939 357 τῇ

157 375 319 410 στερρότητι
352 372 407 400 τῶν
433 372 521 400 ὀστῶν
560 370 771 406 συντριϐόμενος
797 369 861 404 περὶ
891 369 941 402 τὴν

157 421 262 447 οἰκείαν
289 419 445 455 βλάπτηται
477 418 570 452 φύσιν,
595 417 696 447 ἁπαλὸς
717 416 765 442 καὶ
789 416 853 449 γὰρ,
880 413 941 440 δυσὶ

159 465 286 500 μήνιῖξιν
304 464 386 491 αὑτὸν
408 463 567 498 περιέλαϐε,
586 463 634 489 καὶ
645 461 756 491 ταύταις
776 461 826 495 οὑχ
836 459 939 490 ἁπλῶς,

159 511 217 538 ἀλλ’
229 511 321 546 ἁπαλῇ
344 510 393 545 μὲν
405 509 472 544 οὔσῃ
485 511 517 544 τῇ
534 508 636 535 ἔσωθεν
649 508 694 535 διά
714 516 745 541 γε
763 507 813 542 τὴν
829 506 875 532 τοῦ
897 506 943 538 εγ-

158 558 278 591 κεφάλου
305 557 471 588 ἀνάπαυσιν,
488 555 656 591 στεῤῥοτέρᾳ
683 553 712 579 δὲ
731 553 813 579 πάλιν
824 553 856 586 τῇ
874 551 942 583 ἔξω·

160 603 217 635 θεν,
246 602 283 633 ὠς
299 602 426 628 ἐντεῦθεν
449 601 534 636 ἄμφω
559 599 764 634 φυλάττεσθαι·
796 597 866 624 οὕτω
895 596 944 631 μὲν

160 648 207 677 οὖν
219 650 266 675 καὶ
279 648 326 674 ἐπὶ
338 649 388 683 τῆς
417 647 535 682 καρδίας
561 646 687 680 εποίησε,
717 644 789 671 καθὰ
808 643 840 678 δὴ
867 643 915 669 καὶ
929 643 943 668 ό

161 695 363 730 χρυσορῤήμων
386 694 514 728 Ἰωάννης
541 693 635 727 φησὶν,
668 691 773 721 ὀστέοις
800 690 849 724 μὲν
864 697 943 723 περι-

161 740 317 772 κυκλὼσας,
355 740 491 774 παραθεὶς
522 738 549 765 δὲ
589 738 657 772 αὐτῇ
690 735 818 770 καθάπερ
841 734 945 761 ἁπαλὸν

164 786 278 821 στρὼμα
296 786 343 812 τὸν
361 785 512 820 πνεύμονα,
537 784 582 810 ἵνα
605 783 642 818 μὴ
659 784 692 818 τῇ
709 781 867 817 datum-quiq.
898 781 945 807 καὶ

163 831 233 865 αῦτη
248 832 306 861 τοῖς
329 831 435 860 ὀστέοις
467 829 654 864 συντρίῦηται,
681 827 762 855 Ἀλλὰ
780 825 961 860 πολλαχόθεν.

996 233 1111 261 Rursum
1130 243 1165 262 ne
1182 238 1234 262 tant
1253 238 1345 262 tenera
1364 233 1516 262 substantia
1537 238 1646 268 propter
1671 233 1774 261 ossium

996 279 1125 307 duritiem
1140 281 1232 308 collisa
1246 281 1319 307 velut
1333 284 1496 307 attereretur
1525 287 1557 306 ac
1581 279 1775 306 detrimentunt

994 330 1114 360 caperet,
1132 327 1238 353 duabus
1263 334 1324 354 eam
1350 326 1516 353 membranis
1536 325 1614 360 115
1636 329 1676 352 est
1704 332 1778 351 com-

994 371 1084 406 plexa,
1098 371 1184 405 iisque
1198 379 1250 398 non
1268 372 1348 399 unius
1360 372 1481 406 generis,
1508 371 1553 398 sed
1571 371 1701 398 interiore
1715 372 1778 405 qui-

995 416 1057 443 dem
1089 417 1162 443 molli
1191 417 1225 444 ob
1253 417 1356 443 cerebri
1384 417 1521 450 quietem,
1556 418 1688 445 exteriore
1715 418 1784 447 rem

995 461 1130 492 solidiori.
1146 469 1200 496 quo
1216 470 1263 497 per
1279 462 1351 488 illam
1367 462 1509 496 utriusque
1527 462 1606 492 saluti
1622 463 1779 490 consulere-

997 513 1052 534 tur.
1069 502 1143 534 ldem
1170 507 1196 534 in
1212 508 1294 534 corde
1319 507 1434 539 factum,
1459 508 1563 535 Joatme
1587 508 1780 544 Chrysostmno

998 555 1075 583 teste,
1090 552 1159 586 quod
1173 551 1280 578 ossibus
1288 551 1396 586 quidem
1407 552 1490 578 cinxit
1507 550 1577 577 Deus
1590 558 1597 582 ;
1612 551 1658 576 sed
1679 551 1781 576 nihilo~

997 597 1089 623 minus
1119 597 1226 630 eidem,
1253 597 1330 631 quasi
1357 601 1477 625 teneram
1503 597 1647 630 quamdam
1678 601 1780 625 vestem

997 643 1155 677 stragulam,
1169 643 1323 676 pulmonem
1339 643 1471 676 adjunxit,
1488 650 1520 668 ne
1534 647 1559 668 et
1574 643 1660 676 ipsum
1678 641 1709 667 ad
1722 648 1782 670 OiSa

998 691 1111 721 propter
1145 688 1354 722 perpetuitatem
1384 691 1473 715 motus
1503 687 1673 713 allideretnr.
1712 685 1782 718 Quill

1001 732 1066 759 illud
1083 733 1175 765 etiam,
1198 733 1270 767 quod
1294 741 1348 759 non
1366 732 1527 759 continuum
1550 737 1576 759 et
1599 740 1681 758 unum
1696 732 1730 758 sit
1751 740 1783 759 os

999 786 1053 812 quo
1072 779 1214 806 cerebrum
1230 779 1340 814 tegitur,
1368 779 1414 805 sed
1430 779 1503 805 omni
1530 787 1562 805 ex
1585 786 1659 813 parte
1675 784 1783 806 suturas

1000 824 1110 857 habeat,
1130 832 1209 859 quam
1228 825 1357 860 praeclare
1372 826 1525 852 consultttm
1550 826 1660 851 sanitati
1683 832 1783 853 nostra:

165 877 237 912 ἔχειν
255 877 345 913 ῥαφὰς
361 876 462 910 πολλῆς
484 875 635 909 ἀσφαλείας
661 874 812 904 ὑπόθεσις·
837 870 948 905 ἐξατμί-

1003 872 1044 901 sit,
1063 875 1223 906 argumento
1251 875 1303 899 est.
1332 871 1399 898 Nam
1427 879 1476 907 per
1501 879 1548 898 eas
1572 879 1686 906 vapores
1717 879 1784 899 suos

165 923 241 954 ζεται
256 921 310 955 γὰρ
340 920 443 946 ἐκεῖθεν
473 918 566 952 αὐτὸς,
592 917 662 944 ὥστε
680 917 717 951 μὴ
746 915 947 950 συμπνίγεσθαι

165 967 217 992 ὑπὸ
232 966 286 992 τῶν
308 963 521 999 ἀναφερομένων
549 962 655 998 ἀτμῶν.
685 961 780 996 Πληγή
810 969 841 987 τε
864 960 891 985 εῐ
905 967 948 990 τις

165 1010 326 1046 ἐπενεχθείη
349 1011 425 1042 ποτε,
452 1010 502 1044 οὐχ
522 1006 678 1043 ὁλοσχερῶς
692 1008 709 1042 ἠ
725 1006 812 1042 βλάὸη
832 1006 947 1039 γίνεται·

165 1058 315 1091 ιιμὲνγὶιρ
332 1056 361 1082 ἓν
378 1056 424 1082 καὶ
443 1053 556 1088 συνεχὲς
582 1052 617 1088 ἦν
639 1053 670 1080 τδ
696 1052 803 1083 ὀστοῦν,
825 1051 873 1077 καὶ
901 1050 949 1084 μία

167 1103 361 1136 κατενεχθεῖσα
375 1100 467 1136 πληγὴ
482 1100 513 1126 τὸ
539 1101 594 1126 πᾶν
609 1098 774 1132 ἐλυμήνατο,
796 1097 836 1128 εἰς
864 1096 950 1122 πολλὰ

166 1148 195 1174 δὲ
207 1147 266 1174 νυνὶ
284 1147 480 1182 διαιρουμένου
500 1144 631 1180 γενέσθαι
647 1144 728 1170 τοῦτο
744 1143 854 1174 πάντως
877 1142 950 1176 ἀμὴ-

166 1202 256 1229 χανον.
281 1194 309 1220 Et
324 1195 378 1227 γὰρ
404 1194 452 1219 καὶ
476 1191 599 1226 συμϐαίη
625 1190 764 1225 τρωθῆναι
794 1188 876 1223 μέρος
909 1187 948 1219 ἓν,

168 1241 275 1275 ἀνάγκη
293 1240 371 1266 πᾶσα
397 1238 427 1265 τὸ
452 1237 515 1264 κατ’
547 1238 636 1264 ἐκεῖνο
663 1236 694 1262 τὸ
722 1236 802 1270 μέρος
825 1235 951 1269 κείμενον

168 1286 266 1314 ὀστοῦν
285 1284 542 1321 παραὸλάπτεσθαι,
561 1282 642 1318 ἀσινῆ
661 1283 690 1309 δὲ
707 1282 740 1308 τὰ
754 1281 835 1308 λοιπὰ
861 1281 952 1307 πάντα

168 1331 406 1367 διαφυλάττεσθαι,
421 1329 467 1357 τοῦ
488 1329 619 1365 συνεχοῦς
648 1328 698 1362 τῆς
718 1327 827 1363 πληγῆς
862 1327 953 1354 διακο-

173 1378 310 1413 πτομένου
325 1379 358 1412 τῇ
373 1377 427 1404 τῶν
444 1376 530 1403 ὀστῶν
549 1375 692 1411 διαιρέσει.
712 1374 780 1409 Περὶ
792 1373 821 1401 δὲ
834 1373 888 1399 τῶν
902 1373 952 1408 τῆς

169 1424 292 1459 κεφαλῆς
309 1423 525 1459 περιττωμάτων
558 1422 584 1448 τί
602 1422 655 1457 χρὴ
672 1421 720 1448 καὶ
740 1420 840 1454 λέγειν,
867 1419 895 1446 ετ
919 1427 953 1453 γε

170 1470 218 1500 τὰς
230 1469 369 1504 ἐκκρίσεις
387 1468 488 1500 αὐτῶν,
505 1467 542 1499 ὡς
569 1467 649 1503 ὁρᾷς,
675 1467 691 1501 ἡ
708 1465 843 1500 δσφρησις
873 1464 954 1491 πεπί-

171 1523 305 1547 στευται;
332 1513 441 1548 Ἐπειδὴ
473 1513 527 1548 γὰρ
554 1513 617 1544 τοὺς
631 1512 755 1539 κάτωθεν
792 1512 953 1546 ἀναπεμπο-

171 1559 268 1594 μινους
279 1558 383 1591 ἀτμοὺς
397 1557 435 1587 ὡς
454 1557 640 1592 ὑπερκειμένη
657 1556 727 1590 αὕτη
755 1555 802 1582 τοῦ
823 1555 950 1590 σώματος

170 1603 351 1639 ὑποδέχεσθαι
372 1602 480 1634 εἴωθεν,
507 1602 567 1637 ἡδὲ
581 1602 685 1629 τούτων
709 1601 865 1636 πλημμύρα
890 1605 953 1626 πολ-

168 1648 219 1684 λὴν
234 1648 268 1675 ἂν
281 1648 429 1685 εἰργάσατο
445 1646 482 1683 τῷ
496 1647 639 1682 ἐγκεφάλῳ
658 1646 707 1682 τὴν
716 1645 816 1681 λώϐην,
825 1645 885 1672 οὐδὲ
894 1645 954 1671 τού-

169 1701 218 1722 του
247 1694 439 1729 κατημέλησεν
454 1694 469 1720 ό
490 1694 544 1720 τῶν
575 1693 703 1720 ἁπάντων
729 1692 856 1727 ποιητὴς,
884 1692 953 1718 ἀλλὰ

170 1741 273 1776 πόρους
289 1739 366 1771 τινὰς
380 1741 409 1766 ὲν
423 1740 480 1770 τοῖς
498 1739 603 1769 ὀστέοις
629 1739 818 1774 ἐργασάμενος
833 1737 868 1764 τὰ
882 1737 954 1772 ὑγρὰ

158 1786 218 1812 εκαὶ
236 1786 326 1821 παχέα
349 1785 404 1811 τῶν
424 1785 642 1819 περιττωμάτων
671 1784 719 1810 ἐπὶ
751 1784 800 1819 τὴν
824 1783 953 1819 ὑπερῴαν

170 1830 218 1856 καὶ
234 1829 298 1859 τοὺς
313 1829 456 1864 μυκτῆρας
471 1828 608 1863 ὡδήγησε,
639 1829 688 1855 καὶ
705 1827 752 1854 δύο
779 1827 886 1859 τούτοις
909 1828 955 1854 εκ-

172 1875 292 1910 κρίσεων
307 1875 439 1909 ἀπένειμε
461 1875 555 1909 μόρια,
571 1874 617 1901 ἴνα
633 1874 774 1908 συντόμως
806 1873 836 1900 τὺ
856 1873 954 1909 βλαϐε-

174 1921 220 1956 ρὸν
236 1920 400 1956 ὲκφορῆται.
418 1920 454 1946 Τὸ
467 1920 496 1947 δέ
518 1928 550 1954 γε
580 1920 705 1955 ἀτμῶδες
724 1919 887 1954 περίττωμα.
910 1919 954 1947 διὰ

170 1967 225 1993 τῶν
247 1967 295 1993 τοῦ
329 1966 442 2000 κρανίου
463 1966 556 2001 ῥοφῶν
589 1965 693 1993 ἄνωθεν
732 1966 884 1997 ἐξωθεῖται.
907 1966 959 2000 Μὴ”

173 2012 300 2047 θαύμαζε
319 2013 346 2039 εῐ
365 2021 398 2046 γε
423 2012 527 2048 ψυχρός
554 2013 629 2039 ἔστιν
652 2013 666 2039 ό
685 2011 835 2047 ἐγκέφαλος
861 2011 953 2046 φύσει,

171 2060 219 2088 καὶ
234 2060 278 2086 ὅτι
305 2059 419 2094 μείζονα
432 2059 528 2086 τοῦτον
556 2059 571 2086 ὸ
599 2059 744 2095 ἄνθρωπος
774 2059 790 2094 ἢ
813 2059 848 2086 τὰ
873 2058 955 2085 λοιπὰ

173 2106 231 2137 ζῶα
247 2105 394 2140 κέκτηται.
415 2105 471 2141 Τὴν
485 2106 540 2141 γὰρ
569 2107 598 2133 ἐν
623 2107 657 2142 τῇ
675 2106 774 2142 καρδίᾳ
801 2105 956 2141 θερμότητά

173 2159 202 2178 τε
221 2151 269 2178 καὶ
283 2150 358 2182 ζέσιν
386 2152 485 2186 χωρεῖν
509 2151 555 2176 ἐπὶ
578 2150 609 2177 τδ
635 2149 770 2185 εῠκρατον
791 2150 914 2177 ἐντεῦθεν
941 2151 955 2176 ὀ

1000 916 1120 948 emittit,
1151 923 1186 942 ne
1225 924 1273 951 per
1311 916 1411 943 halitus
1445 924 1554 943 sursum
1587 919 1784 946 contendentes

1000 961 1167 993 suﬂocetur;
1184 967 1211 988 et
1227 962 1324 988 cadent
1339 962 1444 990 ratione
1461 963 1651 996 consequimur
1668 968 1693 989 ut
1711 963 1784 991 illata
1836 980 1841 985 ι

1000 1005 1072 1033 forte
1088 1007 1201 1033 cerebro
1220 1007 1297 1042 plaga
1317 1015 1369 1033 non
1384 1012 1467 1034 tottnn
1489 1008 1579 1035 la2dat.
1593 1009 1698 1046 Quippe
1715 1010 1737 1035 si
1753 1017 1784 1037 os

1001 1051 1160 1078 continuum
1180 1057 1306 1078 eLunnm
1324 1052 1405 1085 foret,
1431 1053 1465 1080 ab
1483 1061 1538 1080 uno
1561 1054 1672 1080 vulnere
1698 1058 1784 1082 totum

1000 1095 1157 1124 laederetur.
1175 1096 1253 1124 Nunc
1270 1105 1330 1124 cutn
1356 1098 1382 1124 in
1410 1106 1472 1125 ossa
1499 1099 1576 1134 plura
1604 1099 1721 1126 divisum
1737 1100 1784 1132 sit,

1002 1139 1060 1168 ﬁeri
1088 1141 1142 1168 hoe
1162 1142 1275 1168 omnino
1306 1143 1410 1178 nequit.
1437 1142 1503 1170 Nam
1531 1144 1553 1170 si
1582 1145 1698 1170 maxime
1723 1152 1785 1179 pars

1003 1194 1056 1213 una
1077 1187 1245 1220 vulneretur,
1273 1196 1385 1215 necesse
1412 1193 1455 1216 est
1485 1189 1549 1216 illud
1574 1198 1604 1216 os
1629 1190 1688 1217 laudi
1713 1190 1786 1225 quod

1003 1231 1047 1258 illa
1064 1237 1104 1259 est
1119 1233 1145 1259 in
1159 1237 1235 1267 parte
1251 1233 1345 1267 situm,
1357 1241 1418 1260 cum
1435 1234 1518 1262 illaesa
1533 1239 1628 1262 extera
1646 1240 1785 1268 maneant,

1003 1279 1125 1306 vulneris
1151 1279 1333 1306 continuitate
1344 1287 1392 1314 per
1406 1281 1508 1308 ossium
1522 1280 1681 1308 divisionem
1705 1282 1787 1308 inter-

1004 1328 1092 1358 rupta.
1108 1324 1177 1356 Quid
1194 1324 1227 1351 de
1243 1325 1340 1359 capitis
1356 1326 1538 1353 excrementis
1548 1327 1656 1354 dicam?
1672 1335 1786 1362 quorum

1006 1369 1139 1404 egestioni
1150 1377 1230 1397 nares
1239 1375 1312 1403 sunt,
1322 1371 1360 1397 uti
1375 1371 1462 1402 vides,
1475 1371 1628 1400 destinatae.
1638 1372 1703 1400 Cum
1714 1371 1786 1401 enim

1004 1419 1086 1449 caput
1097 1418 1223 1449 tanquam
1240 1423 1399 1450 supremum
1417 1416 1443 1443 in
1458 1424 1572 1452 corpore
1592 1418 1678 1444 locum
1693 1426 1788 1446 conse.

1005 1466 1098 1487 cutum
1108 1467 1222 1495 vapores
1230 1461 1357 1489 deorsum
1368 1464 1547 1490 ascendentes
1556 1463 1681 1498 excipere
1691 1464 1785 1498 soleat,

1005 1513 1122 1541 quorum
1139 1506 1320 1534 redundantia
1334 1508 1447 1535 cerebro
1464 1509 1610 1543 plurimum
1629 1508 1786 1539 detrimenti

1004 1553 1119 1580 allatura
1136 1559 1204 1587 erat,
1220 1562 1254 1582 ne
1273 1555 1297 1581 id
1314 1555 1424 1591 quidem
1440 1556 1531 1588 opifex
1547 1556 1592 1584 ille
1603 1565 1692 1583 rerum
1703 1557 1788 1593 negli-

1003 1606 1067 1633 gere
1077 1599 1171 1632 voluit,
1188 1599 1235 1627 sed
1252 1600 1414 1634 quibusdam
1425 1601 1560 1628 meatibus
1569 1601 1672 1628 eil‘ectis
1683 1603 1709 1629 in
1721 1603 1788 1637 ipsis

1002 1646 1111 1673 ossibus
1120 1651 1292 1673 excrementa
1304 1646 1414 1673 humida
1429 1650 1456 1673 et
1467 1654 1558 1674 crassa
1580 1647 1607 1674 in
1629 1648 1787 1682 palatumac

1004 1699 1084 1720 nares
1105 1692 1229 1723 deduxit,
1247 1699 1315 1726 quas
1334 1692 1406 1726 ipsas
1429 1700 1537 1727 qunque
1559 1693 1625 1722 duas
1641 1694 1668 1720 in
1695 1699 1787 1729 partes

1003 1737 1107 1770 divisit,
1116 1737 1214 1772 quibus
1220 1745 1251 1765 ex
1257 1737 1340 1766 cretio
1349 1737 1403 1770 ﬁat,
1412 1743 1441 1766 ut
1448 1739 1649 1775 compendiaria
1660 1740 1735 1774 quasi
1744 1740 1788 1770 via

1003 1784 1177 1819 breviterque
1187 1785 1268 1811 noxia
1281 1789 1428 1820 egerantur
1443 1790 1471 1813 et
1486 1791 1658 1813 excrementa
1677 1794 1787 1816 sursum

1005 1830 1159 1858 exhalantia
1176 1838 1225 1865 per
1241 1831 1326 1859 cranii
1342 1836 1451 1859 suturas
1477 1839 1585 1858 sursum
1603 1832 1786 1867 expelluntur.

1003 1875 1098 1910 Neque
1119 1876 1223 1903 cerebri
1250 1881 1373 1903 naturam
1397 1884 1458 1904 esse
1483 1877 1608 1912 frigidam
1627 1877 1789 1912 miraberis,

1005 1927 1058 1947 nec
1076 1920 1149 1955 quod
1176 1921 1204 1948 in
1221 1921 1332 1949 homine
1358 1922 1500 1949 cerebrum
1520 1922 1556 1948 sit
1574 1922 1691 1956 amplius
1706 1929 1789 1956 quam

1006 1966 1033 1993 in
1050 1966 1215 1994 animalibus
1230 1967 1349 1994 caeteris.
1365 1967 1433 1994 Nam
1454 1968 1516 1994 hinc
1534 1968 1616 1994 tradit
1629 1969 1789 1996 Aristoteles

1005 2012 1124 2039 calorem
1138 2012 1381 2046 ebullitionemque
1396 2012 1486 2039 cordis
1511 2013 1729 2047 temperatiorem
1752 2013 1791 2040 ef-

1007 2057 1061 2090 ﬁci,
1076 2062 1103 2085 et
1127 2058 1215 2093 ipsum
1240 2058 1384 2087 cerebrum
1404 2063 1516 2093 propter
1538 2059 1657 2086 calorem
1681 2067 1789 2086 sursum

1009 2104 1168 2132 tendentem
1196 2112 1251 2132 non
1278 2104 1394 2132 nimium
1414 2104 1606 2132 effervescere.
1633 2104 1709 2137 Quod
1724 2113 1791 2132 sane

1008 2151 1030 2178 si
1047 2150 1135 2183 ﬁeret,
1149 2158 1204 2178 non
1222 2158 1318 2185 parum
1335 2150 1493 2178 etl‘ectiones
1508 2151 1568 2186 ejus
1584 2151 1790 2186 itnpedirentur.

178 2197 370 2233 Ἀριστοτέλης
392 2197 487 2231 φησιν,
518 2196 599 2223 αὐτὸν
615 2196 644 2222 δὲ
674 2195 706 2223 αὖ
724 2197 768 2223 τὸν
805 2197 950 2230 ἐγκέφαλοι

1009 2195 1098 2231 Atque
1111 2196 1164 2224 hoc
1181 2196 1241 2223 loco
1253 2200 1372 2223 mentem
1386 2196 1453 2222 mihi
1471 2197 1550 2223 velim
1566 2197 1705 2226 adhibeas.
1722 2197 1791 2230 Quia

175 2243 213 2278 μὴ
229 2242 504 2278 ὑπερθερμαίνεσθαι
518 2243 551 2277 τῇ
572 2243 767 2277 ἀναφερομένη
794 2242 952 2278 θερμότητι.

174 2289 246 2323 Ὅρα
263 2289 290 2315 δὲ
304 2289 437 2324 νουνεχῶς
452 2297 459 2304 ·
479 2289 573 2323 ἐπειδὴ
593 2289 646 2323 γὰρ
662 2290 678 2323 ἡ
689 2290 800 2324 τοιαύτη
819 2289 956 2323 θερμότης

175 2334 277 2369 μείζων
292 2335 360 2366 ἐστὶ,
376 2334 477 2368 μείζων
500 2334 553 2368 ἄρα
578 2334 624 2361 καὶ
643 2335 702 2369 ήὲξ
728 2334 878 2368 ἐγκεφάλου
905 2335 956 2368 ψυ-

173 2380 276 2416 χρότης
295 2388 324 2406 τε
353 2380 420 2414 ὁμοῦ
441 2382 485 2406 καὶ
510 2380 626 2415 ὑγρότης
644 2380 807 2413 ἀντίκειται,
822 2378 856 2415 ἧς
873 2380 955 2415 ὑγρό-

173 2435 254 2461 τητος
267 2426 349 2453 ἕνεκα
366 2426 414 2452 καὶ
433 2425 579 2460 ὀψιαίτατα
605 2426 743 2460 πήγνυται
772 2426 802 2452 τὸ
817 2428 881 2460 περὶ
905 2427 954 2459 τὴν

173 2472 296 2508 κεφαλὴν
308 2473 418 2506 ὀστοῦν,
432 2472 446 2500 ὂ
473 2473 505 2508 δὴ
530 2473 578 2499 καὶ
609 2472 716 2507 βρέγμα
736 2471 849 2499 καλοῦσί
869 2481 952 2503 τινες.

173 2518 254 2545 Ἀλλὰ
270 2519 317 2546 καὶ
333 2519 423 2554 ῥαφὰς
438 2519 549 2550 πλείους
564 2519 578 2544 ό
592 2519 735 2553 ἅνθρωπος
749 2518 892 2553 κέκτηται,
909 2518 955 2545 καὶ

175 2564 277 2597 μᾶλλον
293 2564 306 2590 ὀ
322 2564 402 2599 ἀνήρ.
420 2564 497 2595 Τίνος
515 2565 629 2596 ἓνεκεν;
659 2564 720 2590 ’Ότι
751 2565 798 2590 καὶ
822 2565 922 2592 πλείων

174 2610 325 2643 ἐγκέφαλος
354 2610 428 2644 αὐτῷ
448 2611 606 2644 πρόσεστιψ
624 2610 666 2636 ἵνα
699 2611 764 2644 γοῦν
798 2611 917 2645 ἔμπνους
942 2612 955 2638 ὀ

175 2655 257 2686 τόπος
272 2653 301 2691 ᾗ,
318 2655 452 2681 πλειόνων
468 2656 481 2680 ὁ
497 2656 566 2689 ἀνὴρ
582 2654 678 2689 ἐδεήθη
703 2655 807 2690 ραφῶν.
826 2656 880 2681 Κα)⁸
909 2655 956 2690 ξη-

175 2701 220 2734 ρὸς
237 2701 312 2734 μὲνό
334 2699 455 2731 τοιοῦτος
470 2701 516 2726 καὶ
532 2701 678 2736 ἀπέριττος
701 2700 738 2727 ὢν
760 2702 871 2728 συνετόν
895 2710 956 2728 τινα

173 2747 246 2772 ποιεί
260 2746 308 2772 καὶ
324 2746 466 2779 νηφάλιον,
484 2745 620 2780 κάθυγρος
636 2746 664 2772 δὲ
680 2746 717 2773 ὢν
729 2747 857 2773 τάναντία
871 2749 957 2780 ποιεῖς

173 2791 277 2826 νωθρὸν
289 2790 410 2826 δηλονότι
421 2792 467 2817 καὶ
476 2792 583 2827 ὑπνώδη
601 2793 647 2818 καὶ
663 2793 795 2829 ῥᾴθυμον.
812 2794 866 2821 Καὶ
876 2795 957 2828 πρόσ-

174 2843 246 2870 σχες,
257 2836 282 2860 εἰ
296 2834 397 2870 βούλει,
407 2835 446 2870 τῷ
463 2835 727 2871 σοφῳἮρακλείτῳν
741 2836 873 2873 ξηροτὲρη
885 2838 956 2874 ψυχὴ

1010 2250 1125 2277 magnus
1147 2246 1187 2269 est
1210 2242 1303 2269 cordis
1319 2242 1404 2274 calor,
1435 2242 1537 2270 idcirco
1551 2244 1631 2271 etiam
1648 2244 1733 2278 major
1752 2244 1789 2271 illi

1010 2288 1145 2322 frigiditas
1169 2289 1274 2315 cerebri
1293 2289 1496 2316 etbumiditas
1524 2290 1688 2324 opponitur;
1714 2290 1791 2326 cujus

1010 2333 1181 2360 hnmiditatis
1198 2341 1281 2361 causa
1296 2341 1426 2369 perquam
1448 2341 1511 2361 sero
1535 2334 1632 2368 capitis
1645 2342 1676 2361 os
1692 2342 1790 2362 conso-

1011 2379 1123 2412 lidatur,
1145 2380 1217 2414 quod
1236 2381 1346 2415 hregma
1367 2380 1490 2407 nonnulli
1513 2386 1622 2408 vocant.
1636 2381 1669 2408 Et
1684 2387 1791 2408 suturas

1010 2427 1118 2460 capitis,
1148 2434 1197 2453 ceu
1213 2427 1344 2459 diximus,
1360 2427 1442 2453 homo
1460 2427 1550 2461 plures
1571 2426 1663 2460 habet,
1680 2435 1792 2460 praeser-

1011 2473 1114 2507 titnque
1130 2473 1180 2499 vir.
1202 2473 1384 2505 Quamobrem
1405 2473 1497 2500 istuc?
1518 2472 1587 2505 Quia
1604 2473 1746 2500 cerebrum
1763 2474 1789 2501 in

1010 2526 1043 2546 eo
1065 2526 1172 2554 quoque
1196 2519 1285 2554 majus
1303 2523 1355 2548 est.
1374 2518 1408 2546 Ut
1429 2519 1512 2554 igitur
1533 2519 1578 2546 hic
1605 2519 1680 2546 locus
1698 2519 1792 2547 {eloris

1011 2572 1108 2599 expers
1125 2570 1197 2592 esset
1223 2566 1349 2597 maxime,
1365 2565 1405 2591 vir
1427 2565 1551 2600 pluribus
1575 2565 1678 2599 suturis
1696 2565 1793 2599 egebat

1012 2617 1061 2644 pro
1091 2610 1177 2644 ipsius
1205 2610 1334 2636 nimirum
1364 2610 1469 2637 cerebri
1495 2610 1686 2645 amplitudine.
1714 2610 1793 2644 116

1010 2655 1111 2688 Quodsi
1125 2655 1268 2684 cerebrum
1286 2656 1347 2690 quis
1359 2656 1459 2683 siccum
1476 2656 1640 2690 minimeque
1653 2660 1791 2690 gravatum

1010 2701 1044 2727 ab
1063 2701 1245 2728 excrementis
1273 2701 1388 2735 habeat,
1418 2701 1539 2736 prudens
1573 2706 1654 2735 atque
1684 2702 1792 2727 sobrius

1010 2747 1109 2780 evadit,
1129 2755 1190 2773 cum
1206 2748 1328 2782 ejusdem
1356 2748 1504 2775 humiditas
1527 2747 1694 2775 contrarium
1716 2748 1793 2782 quid-

1010 2794 1071 2821 dam
1087 2794 1194 2826 eiliciat,
1223 2795 1360 2822 hominem
1384 2796 1510 2823 videlicet
1530 2795 1664 2828 desidem,
1680 2802 1790 2821 somno-

1010 2839 1126 2872 lentum,
1143 2839 1279 2876 ignavum.
1296 2840 1372 2869 Licet
1389 2841 1441 2868 hoc
1455 2841 1487 2868 de
1508 2841 1638 2876 sapientis
1661 2840 1790 2870 Heracliti
