1957 3073
193 121 246 157 231

825 125 1033 157 MICHAELIS
1053 126 1184 157 (ΗλΥωί

1755 126 1809 158 232

191 181 284 210 verbis
301 182 450 218 intelligas,
471 182 516 216 qui
547 182 663 210 animam
678 183 819 210 sicciorem
834 183 903 212 dixit
914 191 971 212 esse

1028 185 1181 220 σοφωτέρη.
1211 184 1273 212 Ἐπὶ
1298 184 1350 221 γὰρ
1371 184 1424 211 τῶν
1451 182 1542 220 ὑγρῶν
1569 182 1807 217 κατακλυζόμενον

192 228 395 263 sapientiorem.
423 226 490 255 Nam
518 229 544 255 in
567 229 686 256 cerebris
714 229 832 256 humidis
861 229 975 264 spiritus

191 274 318 301 animalis
336 274 420 301 veluti
443 274 613 306 submersus,
627 279 657 302 ut
670 279 697 302 ct
710 276 738 303 in
761 275 869 302 feminis
884 269 924 303 est
935 276 976 303 vi-

191 320 265 352 dere,
282 320 488 354 praeclarissime
515 328 579 347 suas
596 320 755 348 eﬂ’ectioues
768 321 908 348 absolvere
926 329 973 348 ne-

190 365 261 399 quit.
276 365 379 392 Idcirco
392 366 500 392 divinus
517 364 560 392 ille
585 366 702 401 Cyrillus
719 374 812 393 sexum
828 366 973 393 femineum

193 410 303 449 dimidia
320 417 397 445 parte
419 411 541 438 virorum
567 411 649 438 indoli
673 412 770 439 cedere
793 411 870 439 dixit.
887 413 975 446 Atque

192 456 249 483 luce
268 456 302 482 de
325 461 396 484 statu
418 456 627 491 eonditioneque
649 456 755 484 cerebri
770 457 883 484 naturali
903 457 974 485 dicta

190 506 281 528 sunto.
298 501 365 528 Cum
380 506 469 528 autem
491 502 550 535 plus
563 509 641 536 aequo
657 502 797 534 siccescit,
809 510 920 529 necesse
932 508 975 530 est

191 547 331 574 hominem
349 546 409 573 lzedi
425 553 452 573 et
469 546 561 582 amigi.
577 547 643 574 Nam
658 548 834 574 vehementes
849 547 973 582 quaedam

192 594 400 626 temperamenti
415 592 479 627 justi
492 593 710 628 perturbationes
726 593 841 628 partium
853 594 972 628 ipsarum

191 637 349 665 cffcctioncs
375 638 451 672 quasi
479 638 624 666 retundere
647 644 860 667 consueverunt.
880 639 973 674 Itaque

190 684 251 712 fieri
265 683 426 718 plerumque
440 683 521 715 solet,
538 690 566 710 ut
581 684 623 711 vel
638 684 741 719 jejunia
757 685 800 712 vel
811 685 907 720 vigiliae.
925 693 975 712 na-

190 729 305 756 turalem
338 729 442 756 cerebri
469 729 616 756 siccitatem
641 731 703 764 plus
734 738 812 765 aequo
844 736 973 766 augentes

190 775 346 810 hujusmodi
362 775 472 802 morbos
502 775 622 810 gignant.
647 776 748 810 Estque
764 781 904 811 propterea
927 784 974 804 ne-

186 821 339 848 cessarium
360 824 389 847 ut
406 819 531 848 homines
553 820 581 847 in
595 821 667 847 hunc
687 821 797 848 modttm
816 821 905 848 aﬂ‘ecti
920 821 973 849 'vi~

1025 231 1109 258 οἱονεὶ
1123 231 1152 258 τὸ
1163 231 1278 266 ψυχικὸν
1293 230 1411 265 πνεῦμα,
1429 229 1556 264 καθάπερ
1570 228 1618 255 καὶ
1629 228 1675 255 ὲπὶ
1692 227 1746 255 τῶν
1759 236 1807 262 γυ-

1025 277 1126 304 ναικῶν
1151 277 1224 303 ἔστιν
1248 276 1323 308 ἰδεῖν,
1345 276 1466 310 ἐνεργεῖν
1484 275 1604 310 άρίστως
1626 274 1655 300 οὐ
1681 274 1805 301 δύναται.

1025 323 1103 350 Κατὰ
1123 322 1176 357 γὰρ
1191 322 1271 349 τοῦτο
1282 322 1329 348 καὶ
1341 322 1390 357 τῆς
1399 321 1453 348 τῶν
1466 316 1571 356 ἀνδρῶν
1589 320 1704 354 εὐφυΐας
1718 320 1765 346 καὶ
1778 319 1807 352 ὲξ

1024 368 1151 404 ἡμισείας
1176 361 1370 394 ἀπολείπεσθαι
1389 367 1419 393 τὸ
1443 366 1509 402 θῆλύ
1532 374 1614 400 φησιν
1632 366 1645 391 ὁ
1671 365 1806 397 θειότατος

1025 415 1170 450 Κύριλλος.
1188 415 1240 440 Καὶ
1254 414 1324 440 οὕτω
1336 413 1384 448 μὲν
1400 413 1413 439 ὁ
1429 413 1508 446 λόγος
1523 413 1587 447 περὶ
1601 412 1655 438 τῶν
1670 411 1741 438 κατὰ
1755 411 1806 446 φύ-

1026 469 1068 487 σιν
1086 460 1203 494 ὲχόντων
1223 460 1360 492 διέξεισιν.
1378 458 1476 485 Ἦνίκα
1496 458 1524 484 δὲ
1545 457 1688 492 ξηρότερος
1709 456 1806 483 ἑαυτοῦ

1025 507 1071 534 καὶ
1083 507 1163 532 πλέον
1181 505 1229 532 τοῦ
1247 505 1352 536 δέοντος
1370 504 1551 539 ὀγὲγκέφαλος
1568 503 1693 538 γένηται,
1716 511 1806 536 παρα-

1024 553 1115 579 παίειν
1134 552 1163 584 ἐξ
1180 553 1302 586 ἀνάγκης
1318 551 1391 577 ποιεῖ
1406 550 1452 577 τὸν
1471 550 1624 585 ἄνθρωπον.
1639 550 1671 587 Δί
1688 548 1806 583 μεγάλιι

1023 599 1078 634 γὰρ
1096 597 1257 633 δυσκρασίαι
1282 597 1331 629 τὰς
1351 598 1492 633 ἐνεργείας
1506 596 1561 623 τῶν
1584 595 1687 632 μορίων
1703 595 1808 630 69.61.6-

1023 653 1079 672 νειν
1093 643 1317 671 εἰώθασιν.”06εν
1329 644 1346 678 ὴ
1359 635 1452 670 ἀσιτία
1468 642 1610 673 πολλάκις,
1628 642 1670 668 ναὶ
1691 643 1746 676 μὴν
1758 641 1806 667 καὶ

1023 691 1040 724 ὴ
1058 689 1209 724 ἀγρυπνία,
1225 690 1274 724 τὴν
1295 689 1366 715 κατὰ
1382 688 1463 723 φύσιν
1478 687 1673 714 ὲπεκτείνουσα
1690 688 1736 713 τοῦ
1759 687 1805 720 ἑγ-

1024 735 1144 769 κεφάλου
1172 734 1319 769 ξηρότητα,
1339 735 1425 760 ποιεῖν
1441 733 1519 760 εἴωθε
1546 732 1658 760 τοιαῦτα
1678 732 1802 767 συμπτώ-

1025 790 1110 817 ματα.
1124 782 1204 808 Κατὰ
1218 781 1272 816 γὰρ
1285 780 1365 807 τοῦτο
1379 780 1426 806 καὶ
1442 779 1579 814 ὑγροτέρᾳ
1594 778 1684 815 διαίτῃ
1704 778 1805 812 κεχρῆ-

1025 826 1088 854 σθαι
1105 826 1168 857 τοὺς
1181 824 1251 852 οὕτω
1265 824 1440 855 διατεθέντας
1451 824 1608 858 ἐπάναγκες
1618 831 1625 840 ·
1645 823 1678 850 τὰ
1691 823 1745 858 γὰρ
1761 823 1804 849 διὰ

189 871 250 893 etus
268 866 373 893 ratione
384 865 523 900 aliquanto
540 865 696 893 burnidiore
707 870 828 899 utantur;
841 873 904 894 nam
918 867 970 894 orti

1024 855 1245 907 ξηρότητα-πάοη
1257 872 1291 906 τῇ
1307 870 1435 905 ὑγρότητι
1449 855 1644 904 θεραπεύονται
1655 855 1736 903 (‘25.).-
1747 868 1806 894 Ψυ-

188 914 223 940 de
238 913 360 940 siccitate
375 913 462 940 marbi
476 920 525 948 per
540 913 730 941 huiniditatem
746 918 886 941 curantur.
903 913 973 941 Rur-

188 967 249 988 sum
261 960 283 986 si
299 967 330 987 er
343 959 437 987 morbo
449 959 564 994 quodam
578 959 638 994 plus
646 967 723 994 aequo
735 959 769 987 sit
778 960 917 987 humidum
928 967 973 987 ee-

185 1007 307 1038 rebrum,
321 1005 452 1040 subsequi
471 1013 562 1032 rerum
581 1005 683 1032 oblivio
698 1010 724 1032 et
738 1005 881 1032 infatuatio
899 1013 973 1040 qua:-

185 1053 247 1080 dam
265 1052 345 1085 solet,
361 1059 449 1087 eaque
467 1055 539 1078 tanta
554 1056 584 1078 ut
597 1058 784 1086 saepenumero
799 1056 851 1078 tam
870 1053 973 1079 artium

185 1105 267 1132 quam
283 1097 436 1124 litterarum
453 1097 550 1131 suique
567 1097 634 1124 adeo
652 1097 771 1124 nominis
792 1097 873 1124 homo
891 1105 971 1132 pror-

183 1150 231 1170 sus
247 1141 432 1169 obliviscatur.
450 1141 550 1169 Tribus
567 1141 696 1168 nimirum
712 1141 879 1169 mcmbranis
894 1149 972 1179 cere—

183 1188 263 1216 brum
278 1187 464 1223 distinguitur,
485 1195 516 1214 ac
534 1187 702 1215 ventriculus
718 1187 826 1222 quidem
848 1187 906 1221 ejus
919 1195 969 1215 an-

183 1234 267 1262 terior
299 1233 436 1261 facultatis
467 1232 642 1261 informantis
675 1237 703 1261 et
730 1233 904 1269 imaginaulis
929 1239 972 1262 est

183 1280 394 1307 instrumentum
412 1299 420 1312 ,
450 1279 556 1306 medius
580 1286 644 1306 vero
661 1279 820 1314 cogitantis,
848 1279 972 1314 posticus

183 1324 304 1359 denique
331 1323 511 1350 recordantis.
528 1322 633 1350 Etenim
655 1323 744 1358 primo
768 1331 824 1351 rem
840 1323 909 1351 hanc
923 1329 973 1353 aut

183 1368 257 1396 illam
271 1368 464 1396 informatione
481 1369 596 1403 quadam
608 1369 797 1403 concipimus;
819 1369 918 1396 deinde
935 1370 970 1398 de

184 1415 333 1442 informato
355 1415 536 1448 rationemur,
553 1414 618 1449 quid
636 1418 664 1442 et
674 1415 822 1449 quotuplex
838 1422 854 1442 a
872 1420 972 1443 natura

181 1460 227 1493 sit,
240 1465 322 1495 atque
336 1460 372 1487 ita
388 1460 415 1487 in
436 1460 595 1488 memoriam
610 1461 717 1488 tandem
728 1461 914 1489 recondimus.
933 1461 970 1489 Et

183 1506 242 1533 haec
257 1506 368 1541 quidem
384 1506 543 1541 accipienda
559 1506 592 1534 de
606 1506 639 1534 iis
650 1511 714 1534 sunt
728 1507 773 1541 qui
793 1513 868 1535 recte
879 1507 968 1535 allecti

181 1556 247 1580 sunt
265 1557 347 1587 atque
363 1552 434 1580 sani.
449 1551 550 1585 Quodsi
566 1552 608 1580 vel
633 1559 716 1580 unum
742 1552 842 1587 aliquid
868 1553 967 1580 horum

181 1597 279 1624 morbo
308 1597 423 1632 quodam
453 1605 617 1634 quocunque
643 1603 723 1633 pacto
742 1599 884 1632 aﬂiciatur,
902 1604 966 1627 tunc

181 1641 242 1675 ejus
255 1643 340 1678 partis
355 1643 462 1671 ratione
483 1643 574 1671 anima
596 1652 664 1679 pure
681 1645 776 1679 nequit
787 1646 879 1672 eLiicax
894 1653 964 1673 esse.

179 1687 242 1715 Haec
259 1687 316 1721 tibi,
334 1688 431 1716 dilecte
445 1688 492 1721 liii,
509 1689 646 1716 monendo
656 1689 782 1724 subjicio,
797 1697 831 1716 ne
845 1690 964 1717 siderum

179 1733 252 1760 inter
261 1740 291 1761 se
306 1733 538 1762 conformationes
556 1739 584 1762 et
605 1741 734 1770 aspectus
754 1735 884 1770 causeris,
899 1744 962 1764 cum

178 1779 346 1808 naturalibus
365 1780 519 1816 hujusmodi
533 1781 656 1816 quaedam
676 1781 828 1810 rationibus
846 1782 956 1810 evenire

179 1826 382 1854 consueverint.

1023 919 1153 955 χρότερος
1167 918 1195 944 δὲ
1209 916 1289 944 πάλιν
1311 916 1408 942 ἑαυτοῦ
1424 915 1467 942 διά
1482 924 1543 942 τινα
1557 917 1633 942 νόσον
1659 915 1776 948 γεγονὼς,
1790 914 1805 940 ὁ

1021 965 1171 1000 ιικέφαλος
1196 963 1245 990 καὶ
1263 963 1349 999 λήθην
1371 962 1470 996 ἐπάγει
1497 962 1545 989 καὶ
1570 961 1710 997 μώρωσιν,
1734 960 1803 987 κατὰ

1020 1010 1146 1038 τοσοῦτον
1173 1009 1201 1036 δὲ
1221 1008 1291 1036 ὥστε
1317 1009 1365 1035 καὶ
1380 1008 1482 1043 τεχνῶν
1506 1009 1552 1035 καὶ
1568 1007 1740 1042 γραμμάτων
1756 1006 1804 1032 καὶ

1020 1056 1068 1083 τοῦ
1085 1055 1217 1089 ὀνόματος
1231 1053 1364 1085 πολλάκις
1380 1051 1464 1080 αὑτοῦ
1482 1052 1550 1087 μετὰ
1566 1052 1615 1086 τὴν
1631 1051 1724 1084 ὑγείαν
1745 1051 1804 1076 ἑπι-

1019 1100 1148 1135 λελῆσθαι
1166 1099 1211 1125 τὸν
1229 1098 1384 1133 ἄνθρωπον.
1400 1097 1479 1132 Τρισὶ
1499 1095 1547 1123 καὶ
1568 1096 1622 1131 γὰρ
1645 1095 1726 1130 ὑμέσι
1746 1093 1804 1130 διῄ-

1022 1153 1102 1180 ρηται
1117 1145 1131 1170 ὁ
1146 1143 1308 1178 ἐγκέφαλος.
1332 1142 1388 1170 Καὶ
1408 1143 1425 1178 ἡ
1441 1142 1490 1177 μὲν
1503 1142 1520 1177 ἡ
1535 1141 1703 1176 ἑμπρόσθιος
1720 1139 1803 1166 αὑτοῦ

1020 1189 1108 1216 κοιλία
1132 1188 1247 1223 ὖργανόν
1272 1189 1330 1215 ἑστι
1353 1187 1402 1215 τοῦ
1429 1186 1624 1222 φανταστικοῦ,
1642 1187 1659 1220 ἡ
1681 1185 1708 1211 δὲ
1733 1185 1803 1220 μέση

1020 1233 1111 1261 κοιλία
1121 1234 1236 1268 ὄργανόν
1246 1232 1361 1260 ὲστιτοῦ
1373 1232 1552 1267 διανοητικοῦ,
1571 1232 1616 1258 καὶ
1627 1232 1643 1266 ἡ
1657 1231 1739 1266 ἑτέρα
1753 1230 1804 1256 πά-

1020 1280 1062 1307 λιν
1079 1280 1126 1307 τοῦ
1145 1279 1374 1315 μνημονευτικοῦ.
1385 1279 1520 1314 Πρότερον
1536 1279 1586 1313 μὲν
1603 1278 1656 1312 γὰρ
1668 1276 1804 1312 φανταζὸ-

1021 1326 1092 1361 μεοα
1117 1326 1175 1352 τόδε
1195 1326 1225 1352 τὺ
1241 1326 1375 1361 πρᾶγμα·
1397 1324 1466 1360 μετὰ
1492 1325 1580 1350 ταῦτα
1594 1322 1805 1358 διαλογιζόμεθα

1019 1372 1049 1398 τὺ
1076 1371 1238 1406 φαντασοὲν,
1256 1372 1283 1396 τί
1307 1379 1337 1397 τε
1364 1371 1411 1397 καὶ
1427 1370 1550 1396 ποταπὸν
1569 1369 1635 1396 αὐτὸ
1655 1369 1703 1404 τὴν
1721 1368 1803 1403 φύσιν

1019 1417 1093 1444 ἐστίν
1103 1426 1110 1433 ·
1125 1414 1177 1443 εἷθ’
1195 1416 1281 1447 οὕτως
1295 1417 1328 1451 τῇ
1347 1416 1440 1451 μνήμῃ
1455 1415 1485 1442 τὸ
1507 1414 1629 1442 τοιοῦτον
1645 1414 1802 1441 ἐναποτίθε-

1023 1472 1082 1499 μεν.
1097 1464 1152 1490 Καὶ
1161 1463 1246 1489 ταῦτα
1262 1462 1311 1497 μὲν
1330 1463 1446 1489 ἐπὶτῶν
1464 1463 1580 1498 ἐχόντων
1602 1461 1693 1492 καλῶς
1709 1469 1738 1487 τε
1754 1461 1802 1487 καὶ

1021 1509 1104 1544 ὑγιῶς
1116 1517 1124 1525 ·
1139 1507 1195 1536 ἀλλ’
1211 1510 1320 1536 ἐπειδὰν
1337 1509 1366 1535 ἓν
1385 1508 1414 1540 ἐξ
1427 1508 1516 1534 αὐτῶν
1531 1507 1613 1534 πάθει
1626 1507 1679 1534 τινὶ
1689 1507 1805 1541 ὁπωσδή

1020 1563 1086 1582 ποτε
1111 1555 1257 1592 περιπέσῃ,
1273 1556 1333 1582 τότε
1348 1555 1409 1582 κατ’
1425 1556 1513 1581 ἐκεῖνο
1536 1554 1566 1581 τὸ
1593 1555 1675 1590 μέρος
1694 1555 1710 1588 ὴ
1728 1554 1801 1590 ψυχὴ

1021 1600 1147 1634 καῦαρῶς
1166 1601 1286 1635 ἐνεργεῖν
1313 1600 1342 1626 οὺ
1367 1600 1491 1626 δύναται.
1513 1598 1606 1626 Ταῦτα
1629 1599 1667 1631 δὲ,
1694 1599 1800 1631 τέκνον,

1021 1644 1168 1679 ὑποτίῦημί
1184 1653 1236 1677 σοι,
1255 1645 1330 1676 ὅπως
1349 1644 1387 1679 μὴ
1400 1645 1464 1676 τοὺς
1486 1644 1540 1671 τῶν
1556 1645 1680 1678 ἀστέρων
1695 1651 1803 1678 σχημα-

1019 1690 1132 1725 τισμοὺς
1146 1689 1262 1716 αἰτιάσει
1283 1689 1503 1725 καθυποόάλλῃς,
1520 1689 1547 1716 εί
1560 1698 1589 1724 γε
1608 1690 1732 1724 φυσικοῖς
1745 1696 1804 1715 τισι

1019 1737 1109 1771 λόγοις
1123 1736 1157 1763 τὰ
1176 1734 1289 1763 τοιαῦτα
1300 1735 1424 1770 γίνεσθαι
1440 1736 1530 1764 εἴωθε.

216 1885 271 1921 (9.5)
287 1885 340 1913 Καὶ
366 1886 444 1914 οὕτω
460 1887 583 1923 μένω..
603 1887 833 1922 θεραπεύονται.
854 1887 894 1916 Ex
909 1886 932 1915 ν
950 1890 978 1916 et
992 1887 1025 1916 F.

187 1985 1785 1999 Μ

569 2068 880 2139 ΤΜΗΜΑ
929 2061 1410 2136 ΔΕΥΤΕΡΟΝἎ

844 2239 1022 2297 PARS
1064 2240 1139 2296 ll.

557 2352 611 2382 ΑΒ
630 2350 773 2383 ADAMO
795 2349 923 2387 USOUE
948 2351 995 2381 AD
1018 2349 1192 2381 CAESARIS
1216 2347 1427 2380 lMPER-lUM.

215 2501 254 2529 Ac
263 2507 358 2528 sumus
372 2498 480 2535 quidem
496 2499 631 2526 hactenus
646 2496 816 2531 longioribus
832 2495 860 2523 in
877 2502 962 2530 expo-

1053 2494 1146 2521 Ταῦτα.
1162 2495 1210 2529 μὲν
1227 2492 1274 2521 οὖν
1289 2495 1313 2520 εί
1327 2495 1377 2521 καὶ
1390 2494 1667 2530 παρεκὸατικώτερον
1682 2496 1799 2531 εἴρηται,

178 2548 277 2576 sitione
306 2547 357 2574 hac
383 2545 596 2582 digressionibus
622 2544 675 2575 usi,
703 2550 799 2570 verum
828 2542 854 2569 id
881 2549 963 2568 omne

178 2594 269 2622 studio
295 2592 416 2621 discendi
442 2596 500 2625 tuo,
527 2599 580 2626 quo
605 2597 671 2618 sane
694 2588 823 2624 singulari
854 2587 962 2622 flagras,

178 2641 310 2668 tributum
335 2644 389 2667 est.
406 2638 514 2673 Quippe
540 2637 605 2664 dum
629 2634 780 2671 cupiditati.
799 2642 847 2662 ceu
874 2635 962 2668 vides,

177 2693 229 2714 ιιιε
251 2685 443 2722 gratificamur,
463 2690 561 2720 magno
587 2683 644 2710 haec
669 2681 761 2709 labore
782 2686 866 2716 atque
883 2681 964 2708 indu-

1015 2541 1083 2569 ἀλλὰ
1105 2540 1285 2575 φιλομαθείας
1308 2541 1389 2568 ἕνεκα
1414 2542 1523 2574 πάντως
1544 2542 1593 2577 τῆς
1616 2543 1676 2577 σῆς.
1693 2542 1799 2576 Ἐφέσει

1016 2589 1138 2623 καὶγὰρ,
1154 2587 1190 2619 ὡς
1205 2588 1281 2623 ὁρᾷς,
1295 2589 1330 2623 τῇ
1344 2589 1376 2623 σῇ
1388 2588 1578 2623 χαριζόμενος,
1592 2591 1637 2615 καὶ
1650 2589 1799 2622 φιλοπόνως

1016 2634 1101 2661 ταῦτα
1130 2634 1259 2666 συνέλεξα
1280 2634 1329 2660 καὶ
1350 2633 1500 2668 φιλοτίμως
1519 2634 1588 2669 τῴδε
1611 2634 1735 2669 διείληφα
1760 2633 1799 2670 τῷ

1015 2680 1193 2713 συντάγματι.

175 2735 242 2762 stria
266 2735 423 2770 collegimus
452 2739 480 2761 et
503 2733 530 2760 iu
549 2733 621 2759 hunc
646 2731 874 2758 commentarium
901 2728 1023 2757 studiose
1038 2729 1210 2764 digessimus.

211 2805 220 2814 ‘
234 2803 262 2829 ln
279 2811 329 2830 ms.
347 2804 375 2831 F.
390 2805 484 2830 titulus
497 2807 610 2837 apparet
623 2802 763 2837 augustior
795 2800 890 2829 ΑΡΧΗ
923 2801 969 2828 TH

1021 2800 1283 2834 (PONOI‘PAMAE,
1312 2801 1410 2829 deinde
1434 2801 1504 2828 alter
1529 2800 1629 2835 minor,
1648 2800 1717 2835 Περὶ
1742 2800 1798 2836 τῆς

175 2840 373 2872 φυσιολογίας
387 2840 439 2866 τοῦ
459 2838 627 2872 ἀνθρώπου.
