1957 3073
130 167 186 200 933

755 175 957 206 ANNALIUM
983 178 1079 208 PARS
1100 178 1142 208 Ῑῐ.

1703 175 1757 208 εδι

167 225 254 262 Γεννᾷ
279 226 371 254 τοίνυν
394 227 408 254 6
429 227 514 264 Ἀδὰμ
530 229 577 257 τὸν
602 230 685 262 Κάῖν,
709 230 753 257 τὸν
764 230 858 264 Ἀδελ,
873 231 920 258 τὸν

972 233 1051 268 117
1079 233 1236 261 Secundum
1265 234 1321 260 haec
1352 232 1472 260 A-lamus
1501 231 1626 264 Cainnm,
1644 232 1757 260 Ahelum

132 271 198 306 Σὴθ,
217 272 372 308 θυγατέρας
389 273 417 300 δὲ
441 275 499 308 δύο,
516 275 589 302 καθά
609 284 676 312 φησι
698 276 848 312 Γεὼργιος,
870 277 920 312 τὴν

136 318 280 353 Ἀζούραν,
296 320 330 354 ἢν
343 320 357 346 6
371 320 442 347 Κάῖν
458 321 556 349 ἔλαϐεν
574 323 615 354 είς
639 323 770 356 γυναῖκα,
798 324 845 350 καὶ
869 324 920 358 τὴν

137 364 271 399 meo-np,
289 366 322 400 ἢν
332 365 430 392 ἔλασεν
445 368 458 394 6
481 367 535 403 Σήθ
546 377 554 385 ·
571 369 586 395 ὀ
606 369 661 405 γὰρ
679 369 764 396 ’Λὸελ
779 369 920 404 φονευθεὶς

132 410 208 444 παρά
219 410 265 436 τοῦ
277 411 347 438 Κάῖν
359 411 403 438 διὰ
413 411 510 446 φθόνον
522 414 628 449 ἀπῆλθε
641 415 785 450 παρθένος.
794 415 921 449 Ἐφθόνει

131 455 161 482 δὲ
175 457 214 491 τῷ
227 457 311 484 Ἀὃελ
325 458 340 484 6
365 459 444 491 Κάῖν,
463 459 504 486 δτι
519 461 657 496 προσέσχε
681 462 742 492 ταῖς
765 461 848 488 αὺτοῦ
871 460 920 488 θυ-

132 503 206 536 σίαις
220 504 234 531 6
244 505 311 537 Θεὸς
332 506 434 540 μᾶλλον
447 507 463 543 ἢ
476 508 537 539 ταῖς
556 508 604 535 τοῦ
619 509 699 536 Κάῖν.
715 508 918 543 Ἀπεστρέφετο

129 549 160 576 δὲ
179 551 256 586 παρὰ
277 552 325 579 τοῦ
339 553 411 580 Κάῖν
425 554 460 580 τὰ
480 555 676 590 προσαγόμενα
697 554 747 590 οὐχ
762 555 804 582 ὅτι
816 554 920 590 καρποὶ

128 593 200 630 ἦσαν
217 597 271 623 ἀπὸ
288 599 337 633 τῆς
362 598 426 634 γῆς,
451 600 523 627 καθά
548 609 632 636 φησιν
650 602 663 628 6
681 601 835 636 παράφρων
854 601 920 627 ἰου-

129 641 232 674 λιανδῖ,
253 644 303 678 τὴν
315 644 468 676 ζωοθυσίαν
483 646 638 680 εὐμεθόδως
659 647 786 681 εἰσάγων,
806 646 864 674 ἀλλ’
877 646 919 673 ὅτι

129 687 256 722 ἀχρηστα
268 687 348 724 ἦσαν.
363 691 504 727 Προσέσχε
516 692 609 719 λοιπὸν
618 693 675 724 τοῖς
687 693 736 719 τοῦ
753 692 837 720 Ἅϐελ
846 700 854 707 ·
867 692 921 718 ἀπὸ

129 733 185 759 τῶν
199 737 390 768 πρωτοτοκίων
402 738 449 764 καὶ
460 738 514 773 γὰρ
530 739 627 771 ταῦτα,
640 739 765 766 τουτέστι
777 738 830 765 τῶν
844 738 920 770 ἐξαι-

132 778 229 813 Ρέτων»
248 780 286 812 ὡς
312 783 326 808 6
360 784 565 820 χρυσορῤήμων
588 785 665 819 φησι.
689 784 744 820 Τὴν
760 783 920 819 προαίρεσιν

130 824 224 853 λοιπὸν
239 827 284 853 καὶ
303 828 463 864 ἀποδέχεται
478 830 526 857 καὶ
548 830 583 858 αὖ
594 831 806 866 ἀποστρέφεται,
822 829 919 864 οὐμεν-

128 871 177 897 οῦν
189 872 258 900 αὑτά
272 873 305 900 τὰ
322 876 526 910 προσαγόμενα.

973 279 1144 313 Scthumque
1169 279 1274 314 genuit,
1299 283 1328 306 et
1359 279 1427 305 ﬁlias
1449 278 1528 310 duas,
1555 278 1593 305 uti
1623 278 1758 314 Gecrgius

971 323 1111 352 metnori:e
1137 324 1267 359 prodidit,
1296 325 1413 351 Azuram
1440 323 1578 355 videlicet,
1606 331 1666 357 qua:
1694 331 1758 350 cum

970 370 1057 398 Caino
1070 375 1155 405 nupta
1172 370 1233 402 fuit,
1249 375 1275 397 et
1293 370 1406 402 Asnam,
1420 377 1501 404 quam
1524 370 1626 396 Sethus
1645 377 1758 396 uxorem

971 417 1078 451 accepit
1096 425 1104 444 :
1119 416 1220 444 etenim
1240 415 1344 443 Abelus
1358 423 1406 450 per
1427 415 1556 442 invidiam
1577 423 1593 442 a
1608 414 1693 442 Caino
1709 422 1760 442 ne-

970 468 1048 491 catus
1076 470 1171 490 exsors
1200 461 1321 498 coniugii
1347 469 1378 488 ac
1402 462 1478 496 virgo
1503 461 1632 489 decessit.
1657 461 1759 494 Causa,

970 509 1150 544 quamobrem
1177 509 1262 536 Abelo
1290 508 1393 536 Cainus
1419 508 1570 541 invideret,
1603 508 1662 536 hate
1687 511 1758 539 erat.

970 555 1043 590 quod
1069 554 1213 582 sacriﬁciis
1234 555 1294 589 ejus
1320 555 1406 590 magis
1427 553 1499 581 Deus
1525 557 1599 581 esset
1624 554 1761 589 propitius

970 608 1052 636 quam
1078 600 1215 634 Cainicis,
1252 608 1313 635 quze
1341 600 1455 627 omnino
1482 599 1675 633 aversabatur,
1704 607 1760 627 non

969 646 1033 680 quia
1059 650 1140 672 terra:
1165 645 1272 673 {ructus
1301 645 1347 673 ille
1378 645 1500 678 oilerret,
1530 644 1760 680 quemadmodum

969 699 1088 719 vesanus
1113 692 1157 719 ille
1182 691 1307 718 Julianus
1331 691 1452 726 scripsit,
1469 691 1630 718 animalium
1658 695 1763 718 macta-

970 740 1059 766 tiones
1090 738 1143 766 hoc
1175 742 1336 773 argumento
1364 737 1545 772 comprobare
1575 737 1682 768 volens,
1712 736 1762 763 sed

968 783 1042 818 quod
1067 783 1172 810 inutilia
1188 790 1302 818 prorsus
1326 787 1432 810 essent.
1459 782 1554 816 lla'tue
1581 782 1654 809 Deus
1680 781 1760 809 Abeli

969 827 1103 856 sacriﬁcia
1120 827 1295 862 respiciebat,
1307 833 1367 862 qua:
1378 826 1423 854 ille
1437 826 1472 854 de
1489 833 1617 861 pecorum
1636 833 1761 862 suorum,

969 877 998 900 et
1024 872 1135 906 quidem
1161 872 1338 902 eximiorum,
1352 870 1514 905 prinligenis
1537 869 1668 897 oﬁ‘erebat
1686 878 1692 896 :
1708 868 1762 895 hoc

129 921 184 949 est,
201 921 230 944 ut
253 917 440 954 Chrysostomi
460 922 548 950 verbis
575 928 647 957 utar,
677 923 836 951 institutum
869 919 954 948 animi
973 919 1015 946 vel
1036 918 1133 953 probat
1152 918 1194 945 vel
1221 917 1367 952 improbat,
1382 924 1437 944 non
1463 924 1507 944 res
1531 917 1605 951 ipsas
1621 923 1681 950 qua:
1696 914 1764 942 olle-

129 969 239 991 runtur.

145 1033 152 1035 ς
172 1013 253 1041 Ἀλλὰ
270 1015 352 1043 πόθεν
367 1017 381 1043 6
397 1016 467 1044 Κάῖν
492 1019 533 1049 είς
560 1018 690 1054 τοιαύτην
704 1016 786 1055 ἦλθεν
805 1019 920 1049 ἔννοιαν,

1012 1011 1092 1048 118
1110 1010 1164 1039 Sed
1181 1011 1254 1039 enim
1274 1010 1345 1038 unde
1371 1009 1457 1038 Caino
1474 1009 1507 1037 ad
1523 1009 1644 1037 animum
1663 1008 1762 1036 accidit

128 1059 201 1086 ὥστε
214 1061 310 1088 θυσίαν
322 1065 518 1098 προσενεγκεῖν
530 1064 569 1100 τῷ
582 1065 659 1101 Θεῷ;
671 1066 688 1100 ἢ
700 1066 811 1098 πάντως
824 1067 856 1093 ἐκ
868 1067 918 1101 τῆς

129 1107 160 1132 ιν
175 1107 213 1143 τῷ
227 1109 357 1136 συνειδότι
369 1111 450 1139 αὑτοῦ
461 1111 600 1146 γνώσεως,
611 1113 625 1139 6
640 1112 759 1148 χρυσοῦς
773 1113 821 1149 τὴν
831 1113 919 1148 γλῶτ-

129 1162 181 1180 ταν
195 1155 270 1188 φησί.
286 1155 341 1182 Καὶ
354 1156 436 1183 πόθεν
449 1157 463 1183 6
480 1158 549 1185 Κάῖν
565 1159 672 1193 ἐπέγνω
683 1159 724 1186 ὅτι
737 1159 767 1186 οὐ
784 1160 919 1195 προσέπχε

130 1201 187 1232 τοῖς
204 1200 287 1228 αὐτοῦ
302 1201 399 1237 δώροις
413 1204 427 1230 6
441 1203 524 1238 Θεός;
543 1204 608 1232 Ἀπδ
621 1205 667 1232 τοῦ
685 1205 722 1241 μὴ
734 1206 875 1233 κατελθεῖν
889 1206 921 1233 ἇ-

130 1247 218 1274 νωθεν
231 1248 288 1283 πῦρ
303 1248 348 1275 ἐπὶ
359 1250 419 1281 ταῖς
435 1250 542 1283 θυσίαις
558 1251 652 1284 αὐτοῦ,
666 1252 791 1289 καθάπερ
804 1253 849 1279 επὶ
859 1254 920 1286 ταῖς

130 1293 180 1320 τοῦ
197 1291 282 1322 Ἀὂελ
295 1295 409 1330 γέγονεν
420 1305 428 1313 ο
446 1298 493 1324 ἐπὶ
517 1298 572 1333 γὰρ
590 1298 705 1331 ταύταις
730 1300 848 1335 κατῆλθε
863 1301 920 1336 πῦρ

132 1341 181 1368 καὶ
205 1341 344 1375 ἡνάλωσεν
369 1343 466 1377 αὐτὰς,
486 1343 535 1380 τὴν
558 1345 693 1381 ἀποδοχὴν
721 1346 848 1374 ἐντεῦθεν
872 1346 919 1374 τοῦ

131 1386 200 1413 Θεοῦ
217 1388 366 1427 παριστῶν.
383 1389 463 1416 Ἀλλὰ
482 1391 529 1417 καὶ
547 1391 626 1418 τοῦτο
643 1391 770 1427 ζητοῦσιν
789 1393 920 1427 ἐνταῦθα,

131 1431 176 1459 δὶὰ
192 1432 218 1459 τί
238 1434 299 1460 κατ’
327 1434 416 1470 ἀρχὰς
442 1435 498 1472 πῦρ
524 1435 573 1471 μὲν
590 1436 623 1470 ἐξ
637 1437 752 1472 οὐρανοῦ
768 1439 920 1474 κατήρχετο

131 1478 181 1504 καὶ
199 1478 249 1510 τὰς
273 1481 483 1517 προσαγομένας
501 1484 540 1519 τῷ
555 1484 615 1519 Θεῷ
632 1484 727 1516 θυσίας
741 1486 919 1521 ἐπεϐόσκετο,

131 1526 194 1552 νυνὶ
208 1525 236 1553 δὲ
255 1527 334 1554 τοῦτο
345 1528 375 1555 οὐ
392 1530 508 1561 γίνεται.
523 1531 569 1566 Μὴ
581 1533 640 1564 ταῖς
650 1532 704 1559 τῶν
722 1532 799 1565 ζώων
813 1533 920 1566 θυσίαις

132 1574 146 1599 6
164 1572 230 1605 Θεὸς
252 1574 378 1610 ἐχαιρεν;
389 1575 475 1611 Οὐχίθ
491 1577 562 1605 κατά
581 1578 634 1612 γὰρ
649 1578 696 1606 τὸν
710 1579 848 1607 θειότατον
865 1581 921 1606 Κύ-

133 1619 227 1654 ριλλυν
254 1620 338 1652 τύπος
361 1619 394 1656 ἢν
421 1623 509 1650 ὲκεϊνο
530 1625 561 1650 τὸ
577 1624 633 1659 πῦρ
651 1625 699 1652 καὶ
721 1625 922 1661 προεικόνισμὰ

132 1666 180 1693 τοῦ
199 1668 330 1700 παναγίου
347 1668 505 1703 [Ινεύματος
519 1669 565 1696 τοῦ
580 1672 719 1703 κατιόντος
735 1672 784 1706 μὲν
796 1672 919 1707 ἀοράτως
934 1683 955 1710 c

133 1713 181 1740 καὶ
200 1713 250 1744 τὰς
271 1715 458 1748 πνευματικὰς
476 1715 554 1750 ἡμῶν
570 1715 664 1749 θυσίας
689 1717 919 1753 προσδεχομένου,

133 1759 207 1786 καθὰ
222 1760 254 1795 δὴ
269 1761 314 1786 καὶ
331 1761 378 1786 ἐπὶ
393 1761 438 1787 τὸν
454 1761 572 1797 Χριστὸν
590 1763 672 1789 αὑτὸν
689 1763 785 1799 κατῄει
805 1765 833 1790 ὲν
856 1765 921 1800 Ἰορ-

132 1805 199 1839 δάνῃ
213 1804 242 1830 τι
260 1804 372 1840 Πνεῦμα
382 1806 414 1832 τὸ
429 1805 516 1840 ἆγιον,
532 1806 582 1842 οὐχ
597 1807 635 1838 ὡς
656 1807 782 1842 δεόμενον
798 1809 922 1844 Πνεῦμα-

133 1859 191 1882 τος,
203 1851 261 1878 ἀλλ’
277 1852 320 1878 ἵνα
339 1852 470 1886 μάθωμεν
485 1853 527 1880 ὅτι
541 1853 589 1880 καὶ
613 1854 661 1880 ἐπὶ
688 1856 772 1883 παντὶ
790 1855 922 1890 βαπτιζο-

134 1898 209 1932 μένῳ
223 1899 345 1934 ἀοράτως
360 1899 389 1926 τὸ
406 1899 519 1935 Πνεῦμα
535 1900 650 1928 κάτεισι·
671 1901 719 1928 καὶ
743 1901 852 1936 ἁγιάζει
870 1903 920 1931 αὺ-

130 1944 188 1970 τόν.
209 1944 240 1970 Et
253 1944 281 1970 δὲ
296 1946 344 1971 καὶ
359 1943 417 1977 νῦν,
447 1945 584 1982 ἀγαπητὲ,
610 1949 713 1981 σημεῖα
731 1948 844 1975 τοιαῦτα
871 1949 920 1985 οὐχ

130 1989 209 2024 ὁρᾷς,
227 1989 265 2023 μὴ
277 1989 407 2016 ἀπίστει·
429 1990 454 2015 ει
478 1990 532 2026 γὰρ
549 1990 595 2017 καὶ
619 1990 695 2026 Wst;
712 1992 835 2026 ὲγένοντο
860 1992 921 2019 κατ’

131 2035 220 2070 ἀρχὰς
238 2034 370 2070 αἰσθηταὶ
391 2035 435 2063 6ιά
448 2044 479 2069 γε
497 2036 560 2068 τοὺς
574 2038 761 2072 ἀνοητοτέρως
777 2038 921 2072 ἐπικειμέ-

130 2090 205 2113 voc,
217 2081 254 2111 Lb;
270 2083 283 2108 6
296 2083 501 2117 χρυσορῥὴμων
528 2083 658 2118 Ἰωάννης
673 2085 751 2119 φησὶ,
771 2086 819 2112 καὶ
837 2085 934 2120 97766--

133 2127 199 2160 μίαν
214 2126 319 2153 ἔννοιαν
333 2128 481 2161 ἀσωμάτου
499 2128 608 2162 φύσεως
621 2129 793 2164 δυναμένους
813 2130 919 2162 λαϐεῖν,

132 2172 190 2199 ἀλλ’
206 2174 271 2208 ἡμῖν
298 2174 435 2209 αἰσθητῶν
457 2175 544 2210 ὄψεων
558 2176 608 2202 οὐκ
635 2175 694 2203 ἐστι
719 2177 798 2212 χρεία
814 2177 919 2210 λοιπὸν,

131 2219 194 2244 ἀντὶ
221 2219 331 2245 πάντων
359 2219 497 2255 ἀρκούσης
519 2222 569 2254 τῆς
587 2221 708 2253 πίστεως
723 2229 729 2236 ·
745 2222 780 2248 τὰ
802 2223 856 2256 γὰρ
873 2230 922 2256 ση-

133 2267 210 2300 μεῖα.
225 2266 303 2300 φησὶ,
319 2266 375 2297 τοῖς
396 2266 535 2300 ἀπίστοις,
550 2266 581 2293 οὗ
605 2267 660 2302 μὴν
683 2268 776 2298 αὐτοῖς
799 2268 855 2300 τοῖς
874 2275 922 2295 πι-

134 2319 179 2337 στε
185 2319 272 2338 υουσι.

172 2436 228 2462 Καὶ
246 2436 261 2462 6
285 2437 334 2470 μὲν
358 2435 438 2468 Κὰῖν,
462 2437 600 2472 ἀγαπητι,
638 2437 732 2472 μεῖξον
756 2438 882 2474 ἥμαρτεν
903 2437 920 2475 ἢ

134 2485 149 2509 6
176 2483 274 2517 Ἀδάμ.
306 2483 361 2509 Καὶ
387 2483 467 2517 δῆλον
486 2483 519 2510 ὲκ
533 2484 583 2518 τῆς
608 2484 754 2519 γεγονυίας
776 2486 845 2520 πρὸς
871 2486 921 2512 αὑ-

134 2529 199 2559 τνιῦς
216 2527 340 2563 κατάρας
360 2527 407 2554 τοῦ
423 2528 504 2556 Θεοῦ.
535 2528 597 2555 Ἐπὶ
616 2529 666 2564 μὲν
682 2530 737 2564 γὰρ
754 2529 802 2556 τοῦ
821 2530 920 2565 Ἀδὰμ,

138 2584 147 2599 ‹
167 2574 388 2609 Ἐπικατάρατος
408 2576 424 2609 ἡ
440 2576 475 2609 γῆ
500 2575 528 2601 ὲν
553 2576 609 2606 τοῖς
631 2575 722 2609 ἔργοις
749 2583 814 2602 σου·
841 2585 850 2602 ι
875 2576 922 2603 ἐπὶ

134 2621 165 2648 δὲ
187 2621 235 2648 τοῦ
270 2621 358 2654 Κάῖν,
381 2621 504 2656 ὀλεθρίου
537 2622 613 2653 ὄντος
642 2621 689 2648 τοῦ
717 2622 922 2658 πλημμελήμα-

135 2677 196 2700 τος,
211 2668 292 2698 αὐτὸς
309 2668 323 2693 6
337 2668 408 2694 Κάῖν
427 2667 476 2702 τὴν
491 2668 617 2702 κατάραν
641 2667 762 2700 ἐδέξατο.
780 2668 834 2695 Καὶ
860 2669 922 2695 τού-

136 2723 184 2740 του
200 2714 279 2749 χάριν
295 2714 357 2740 οὐδὲ
384 2714 488 2749 ταχέως
511 2714 643 2748 ἐπάγεται
663 2715 751 2750 τούτῳ
764 2716 778 2742 6
798 2715 924 2750 θάνατος,

137 2762 181 2787 tv;
200 2761 247 2787 καὶ
262 2759 318 2790 τοῖς
333 2759 436 2792 λοιποῖς
450 2760 609 2793 διδάσκαλος
628 2761 742 2798 γένηται

175 2899 197 2914 ⁵⁷
215 2898 224 2926 Ι
239 2898 304 2925 Cor.
323 2904 379 2930 xw,
395 2897 405 2924 ’,

970 1063 1000 1086 ut
1012 1058 1067 1086 Deo
1081 1058 1245 1086 sacriﬁcium
1262 1057 1434 1084 oil'erendutn
1453 1064 1513 1084 esse
1527 1056 1677 1084 slatucret?
1695 1063 1761 1082 num

969 1112 1003 1132 ex
1026 1105 1202 1132 conscientiae
1227 1103 1324 1131 notitia
1346 1103 1475 1138 quadam,
1492 1107 1522 1129 ut
1549 1102 1761 1138 Chrysostomui

970 1151 1027 1178 ait?
1042 1151 1075 1178 Et
1090 1150 1163 1177 unde
1185 1150 1294 1177 tandem
1305 1149 1408 1177 Cainus
1434 1149 1505 1176 idem
1521 1149 1658 1175 intellexit
1674 1148 1760 1174 Deum

970 1203 1085 1224 munera
1102 1203 1150 1223 sua
1166 1203 1220 1222 non
1235 1194 1393 1230 respicere?
1415 1193 1551 1221 Nimirum
1573 1201 1607 1221 ex
1632 1201 1665 1220 eo
1687 1194 1761 1228 quod

970 1241 998 1269 in
1026 1242 1087 1277 ejus
1118 1241 1223 1269 hosﬁas
1245 1241 1316 1276 ignis
1347 1248 1362 1267 e
1387 1241 1457 1268 cmlo
1488 1248 1542 1267 non
1574 1240 1761 1272 delaberetur,

970 1289 1200 1323 quemadmodum
1228 1289 1255 1315 in
1279 1287 1353 1315 Abeli
1375 1287 1515 1315 sacriﬁciis
1534 1287 1591 1314 ﬁeri
1610 1294 1763 1314 consueve-

971 1340 1024 1363 rat.
1039 1335 1108 1362 Nam
1135 1335 1194 1369 ejus
1222 1335 1326 1362 hostias
1347 1335 1419 1370 ignis
1437 1342 1556 1368 superne
1581 1335 1690 1361 delatus
1710 1334 1760 1361 ab-

971 1381 1106 1412 sumebat.
1119 1389 1172 1416 quo
1188 1381 1247 1416 ipso
1260 1380 1453 1408 declarabatur
1469 1379 1555 1407 Deum
1572 1372 1619 1407 eas
1634 1384 1762 1414 acceptas

971 1432 998 1455 et
1014 1433 1103 1463 gratas
1118 1427 1229 1454 habere.
1246 1426 1323 1454 Solet
1338 1425 1406 1453 illud
1422 1426 1504 1453 etiam
1523 1427 1573 1453 hoc
1589 1426 1649 1453 loco
1663 1426 1760 1461 quani,

972 1474 1148 1508 quamobrem
1165 1473 1245 1500 initio
1269 1473 1303 1500 de
1327 1473 1396 1500 etnio
1413 1472 1541 1507 delapsus
1562 1472 1633 1507 ignis
1655 1471 1762 1499 oblatas

973 1521 1077 1548 hostias
1095 1520 1149 1548 Deo
1171 1520 1380 1555 depasccbatur,
1398 1528 1460 1547 cum
1477 1519 1504 1548 id
1522 1520 1603 1547 modo
1626 1527 1681 1547 non
1699 1520 1761 1548 ﬁat?

972 1567 1042 1594 Nutu
1067 1567 1186 1595 victimis
1207 1566 1366 1593 animalium
1393 1566 1464 1594 Deus
1485 1566 1692 1594 oblectabatur?
1706 1567 1761 1594 Ne-

972 1621 1118 1648 quaquam,
1134 1613 1181 1640 sed
1197 1613 1234 1639 uti
1252 1611 1369 1647 Cyrillus
1384 1612 1483 1647 inquit,
1497 1613 1568 1648 ignis
1580 1613 1624 1639 ille
1639 1618 1719 1648 typus
1734 1617 1763 1640 et

974 1658 1061 1693 imago
1083 1658 1171 1685 sancti
1196 1657 1317 1692 Spiritus
1339 1662 1409 1689 erat,
1425 1658 1472 1692 qui
1490 1658 1634 1686 descendit
1652 1659 1762 1693 inaspe‘

973 1704 1108 1732 stabiliter
1128 1708 1156 1730 et
1170 1704 1328 1739 spiritualcs
1343 1704 1468 1731 victimas
1493 1708 1602 1732 nostras
1618 1709 1760 1739 acceptat;

971 1749 1201 1785 quemadmodum
1234 1750 1261 1776 in
1296 1750 1384 1784 ipsum
1419 1757 1531 1784 quoque
1565 1750 1704 1777 Christum
1733 1750 1760 1776 in

970 1796 1089 1825 Jordane
1105 1795 1300 1829 descendebat,
1316 1803 1371 1822 non
1386 1796 1459 1830 quod
1484 1795 1529 1822 illc
1554 1796 1674 1830 Spiritus
1695 1803 1760 1831 ege-

971 1847 1024 1876 ret,
1039 1842 1087 1870 sed
1103 1842 1142 1869 uti
1161 1849 1212 1869 nos
1234 1840 1404 1869 disceremus
1425 1840 1556 1876 Spiritum
1585 1841 1611 1868 itt
1634 1841 1760 1876 quemvis

973 1888 1123 1921 hominem,
1145 1888 1191 1923 qui
1205 1887 1369 1922 baptizatur,
1391 1887 1626 1922 inaspectztbiiiler
1643 1887 1760 1914 descen-

970 1934 1035 1962 dere
1049 1941 1082 1961 ae
1100 1941 1162 1961 eum
1175 1933 1356 1961 sanctiﬁcare.
1371 1932 1506 1960 Caeterum
1521 1941 1694 1968 nequaquam
1711 1933 1759 1960 tibi

970 1989 1045 2010 nunc
1075 1981 1228 2017 abiicienda
1258 1985 1300 2009 est
1329 1980 1397 2008 ﬁdes
1413 1986 1568 2015 propterea,
1591 1981 1664 2016 quod
1697 1980 1760 2008 talia

971 2028 1092 2063 prodigia
1107 2027 1188 2055 modo
1204 2027 1278 2055 nulla
1292 2027 1397 2055 videas.
1411 2027 1541 2060 Quamvis
1561 2027 1634 2054 enim
1653 2032 1761 2061 specta.

972 2074 1033 2101 cula
1057 2076 1181 2109 qu:rdam
1213 2074 1324 2102 sensilia
1351 2078 1417 2101 tunc
1443 2073 1530 2101 oculis
1559 2072 1762 2101 exhibebantur

971 2128 1067 2148 eorum
1091 2128 1172 2148 causa
1189 2119 1236 2155 qui
1261 2120 1344 2156 paulo
1362 2120 1489 2147 rudiores
1504 2119 1602 2147 animis
1627 2124 1716 2150 erant,
1733 2124 1763 2147 ιιι

971 2166 1158 2201 (ihrysostomi
1175 2165 1268 2193 verbis
1293 2171 1364 2196 utar.
1387 2173 1439 2192 nec
1462 2165 1654 2200 ineorpoream
1681 2170 1761 2191 natu-

970 2219 1030 2238 ram
1055 2210 1222 2246 cogitatione
1251 2201 1396 2246 cetttplecti
1424 2215 1563 2246 poterant,
1589 2218 1642 2238 non
1672 2216 1760 2238 tamen

972 2255 1075 2283 idcirco
1089 2263 1203 2283 necesse
1225 2260 1268 2283 est
1294 2257 1374 2283 nobis
1400 2255 1492 2283 oﬂ‘erri
1508 2256 1657 2291 spectanda
1670 2257 1761 2283 consi-

972 2302 1057 2333 milia,
1073 2311 1134 2330 cum
1151 2302 1259 2329 illorum
1285 2302 1408 2330 omnium
1427 2303 1488 2330 loco
1503 2303 1568 2330 ﬁdes
1592 2302 1671 2329 nobis
1690 2302 1762 2330 suili-

939 2359 960 2387 ι)
975 2348 1038 2376 ciat.
1052 2347 1119 2375 Nam
1138 2347 1273 2382 prodigia.
1290 2351 1321 2375 ut
1346 2347 1393 2375 illo.
1419 2348 1459 2375 ait
1473 2347 1511 2381 "',
1532 2347 1688 2375 inﬁdelibus
1704 2355 1763 2376 ser—

976 2393 1066 2423 viunt.
1084 2401 1137 2420 non
1155 2392 1234 2420 ﬁdem
1249 2393 1424 2421 habentibus.

1011 2439 1067 2466 Nec
1094 2439 1212 2473 ignores,
1228 2439 1327 2467 dilecte
1355 2439 1404 2470 ﬁli.
1424 2439 1533 2475 gravius
1555 2439 1670 2468 Cainum
1697 2440 1764 2468 deli-

975 2484 1068 2519 quisse
1094 2491 1175 2518 quam
1194 2484 1345 2518 Adamum;
1368 2484 1395 2512 id
1411 2484 1482 2519 quod
1501 2492 1534 2512 ex
1551 2485 1696 2519 utriusque
1715 2492 1762 2518 po~

976 2534 1031 2558 test
1058 2530 1173 2566 Intelligi
1203 2531 1405 2563 exsecratione,
1419 2531 1463 2558 cui
1489 2531 1619 2558 divinitus
1646 2531 1762 2566 subjecti

978 2580 1053 2603 sunt.
1081 2575 1149 2602 Nam
1177 2575 1211 2603 de
1242 2575 1348 2603 Adamo
1375 2575 1475 2603 dicitur
1500 2584 1507 2603 :
1533 2586 1542 2603 ι
1571 2576 1762 2603 Exsecratione

977 2621 1068 2648 infelix
1086 2621 1138 2648 erit
1155 2621 1255 2648 humus
1275 2625 1386 2656 propter
1401 2629 1431 2649 ea
1446 2629 1506 2657 qute
1521 2620 1687 2657 designasti;
1707 2630 1716 2646 ι
1734 2624 1763 2647 at

976 2675 1042 2695 vero
1059 2668 1122 2702 quia
1149 2666 1228 2696 Caini
1246 2668 1374 2697 delictum
1402 2674 1461 2696 erat
1483 2668 1602 2699 exitiale,
1617 2672 1762 2701 propterea

977 2712 1079 2741 Cainus
1102 2713 1214 2748 ipsemet
1237 2714 1452 2742 exsecrationem
1479 2711 1652 2740 commeruit.
1682 2711 1762 2738 Eam-

976 2758 1038 2786 dem
1067 2757 1102 2785 ob
1129 2766 1238 2786 causam
1270 2766 1321 2786 nec
1347 2758 1474 2787 celeriter
1504 2757 1629 2787 moritur.
1645 2763 1699 2788 quo
1718 2756 1762 2784 ni-

977 2803 1077 2830 mirum
1099 2808 1125 2830 et
1150 2804 1219 2832 alios
1240 2804 1365 2838 exemplo
1388 2811 1436 2830 suo
1461 2800 1709 2830 continent-faceret
1730 2809 1762 2831 ac

977 2848 1108 2876 erudiret.
