1957 3073
194 138 247 173 235

826 125 1034 174 incussus
1054 138 1182 174 ot.ch

1762 142 1814 176 236

231 207 241 223 ‹
262 196 388 232 Quisquis
417 203 460 224 me
491 198 634 230 repererit,
662 196 777 229 occidet.
798 207 807 223 ι
833 198 919 233 inquit
946 199 977 226 (lc

1070 211 1079 227 ‹
1106 202 1183 232 Πᾶςὸ
1200 201 1336 236 εὑρίσκων
1349 210 1382 236 με
1399 201 1547 229 ἀποκτενεῖ
1568 210 1611 236 με.
1638 210 1648 227 ι
1677 200 1763 228 Τοῦτο
1784 201 1812 228 δὲ

150 236 155 238 ί
193 244 342 278 semetipso
356 242 467 275 Cainus,
481 247 508 270 et
522 243 631 277 quidem
656 243 688 269 ad
709 244 892 270 membrorum
912 252 977 271 suo-

192 295 251 316 rum
265 289 430 316 luxationem
448 289 608 323 respiciens.
623 289 722 316 Verum
737 290 809 317 Deus
821 298 835 316 e
847 290 955 317 diverso
967 311 976 323 ,

195 342 204 359 α
224 334 262 361 Ne
280 335 327 362 tibi
344 333 542 366 formidaveris,
563 343 571 360 ι
590 334 649 361 ait:
670 343 679 360 ‹
699 343 761 361 nam
779 335 826 369 qui
849 340 875 363 te
896 343 978 363 neca-

191 380 270 412 verit,
289 380 406 415 septupli
423 379 571 407 vindictam
601 379 746 407 sustinebit
760 380 794 412 ".
815 390 824 406 ι
858 381 909 408 hoc
934 385 977 407 est

191 431 293 459 scptenr
323 427 410 460 pcenis
435 427 554 459 seipsum
575 426 723 453 obnoxium
740 425 832 454 faciet.
848 427 877 453 In
904 427 976 453 hunc

191 472 302 498 modum
327 472 384 498 lucc
402 470 552 505 perscripta
580 471 705 507 legimus.
722 472 856 506 Georgius
884 477 974 499 autem

192 517 329 544 memorie
362 518 453 552 prodit
489 514 603 544 Cainum
624 518 780 545 miserabili
808 522 894 544 morte
928 524 976 551 per

173 593 177 606 Ι
192 563 391 598 ignorationem
419 563 504 590 fuisse
520 563 707 598 [peremptunt,
726 564 763 590 uti
784 571 863 598 quem
879 559 975 590 Lame-

192 609 260 637 chus
282 609 315 636 ah
330 609 416 636 oculis
440 609 585 636 destitutus
610 609 755 642 occiderit;
770 607 842 644 quod
862 617 927 636 sane
945 608 977 636 li-

192 654 252 682 dem
287 652 366 689 119
395 655 494 682 mereri
526 655 630 690 nequit.
663 654 727 681 Nam
753 656 825 689 quis.
850 656 974 688 ohsecrru,

193 701 263 728 Scire
283 702 372 736 potest
392 707 457 727 num
475 700 574 728 Cainus
591 702 681 728 adhuc
696 698 825 727 Lamechi
845 699 975 734 tempori-

191 746 242 774 bus
253 752 392 782 superstes
408 747 505 774 fuerit?
521 747 593 774 Certi
619 747 685 773 nihil
704 747 786 773 statui
804 746 837 773 de
856 747 908 773 hoc
927 754 976 781 po-

191 794 254 824 test,
270 799 331 818 cum
354 799 441 818 annos
463 797 635 826 posterorum
662 792 739 818 Caini
764 791 851 818 Mosos
868 792 904 818 ita
920 799 976 819 me-

191 838 284 865 moriae
298 846 350 864 non
363 838 524 873 prodiderit,
542 842 570 865 ut
589 838 767 865 oriundorum
783 846 797 865 ο
817 838 901 865 Setbo
919 847 926 865 :
940 845 975 865 ne

191 881 280 910 dicam
295 883 377 910 Deum
393 883 480 911 Caino
492 884 637 918 quamdam
652 884 811 919 apposuisse
827 888 930 916 notam,
943 891 975 911 ne

192 937 205 957 tt
222 935 357 966 qrtoquam
387 934 540 959 necaretur.
556 929 608 959 Per
629 931 698 959 hanc
724 938 788 958 vero
809 934 903 958 notam
932 931 975 958 vel

1030 248 1123 280 ἔλεγεν
1139 248 1179 278 εἰς
1193 247 1279 283 αὐτὴν
1296 247 1408 283 ἀφορῶν
1432 248 1483 282 τὴν
1500 249 1616 281 πάρεσιν
1633 247 1688 273 τῶν
1711 247 1810 282 μελῶν,

1035 293 1116 320 Ἀλλά
1136 293 1172 328 μὴ
1192 294 1286 325 δέδιθι,
1302 294 1353 329 ἔφη
1368 294 1382 320 6
1400 293 1501 329 Κύριος
1513 302 1519 308 ·
1532 295 1547 320 6
1574 293 1629 329 γὰρ
1650 293 1812 326 ἀποκτείνας

1030 348 1057 365 σε
1077 340 1147 366 ἑπτὰ
1168 339 1349 375 ὲκδικούμενα
1375 340 1539 375 παραλύσει,
1573 340 1712 367 τουτέστιν
1741 341 1810 366 ἑπτὰ

1027 386 1176 420 τιμωρίαις
1184 386 1282 413 ἑαυτὸν
1298 386 1450 413 ὑπεύθυνον
1468 387 1645 421 καταστήσει.
1674 386 1729 412 Καὶ
1748 385 1812 421 περὶ¹

1029 431 1079 465 μὲν
1093 431 1196 458 τούτων
1216 432 1320 463 οὕτως·
1347 433 1362 459 6
1374 433 1403 460 δὲ
1426 432 1563 467 Γεώργιος
1581 432 1684 467 οίκτρῷ
1704 431 1811 466 θανάτῳ

1027 476 1187 512 τελευτῆσαι
1210 478 1256 504 τὸν
1281 478 1352 504 Κάῑν
1377 478 1471 513 φησίν.
1492 477 1523 504 '0
1539 478 1566 504 δὲ
1592 477 1664 511 ίερδς
1679 477 1812 508 Μεθόδιος

1028 523 1162 558 Πατάρων
1182 524 1276 558 φησὶν,
1302 524 1343 550 ὄτι
1363 525 1377 550 ὁ
1394 524 1491 559 Λάμεχ
1516 523 1650 558 φονεύσας
1672 523 1718 550 τὸν
1740 523 1811 550 Κάῖν

1026 569 1089 595 κατ’
1101 569 1212 602 ἄγνοιαν
1229 569 1340 604 (τυφλὸς
1354 569 1408 604 γὰρ
1438 567 1483 604 ἦν)
1503 569 1613 603 θανάτῳ
1636 569 1808 603 παρέδωκεν.

1029 611 1118 647 Ὅπερ
1131 614 1280 647 ἀπίθανον·
1300 615 1342 646 τίς
1353 615 1407 650 γὰρ
1425 614 1498 642 εἶδεν
1510 616 1552 642 ὅτι
1566 616 1580 641 6
1607 615 1678 641 Ka’t'iv
1695 614 1811 641 διετέλει

1026 659 1082 692 ζῶν
1094 660 1164 687 κατὰ
1177 660 1240 691 τοὺς
1255 661 1367 695 χρόνους
1382 661 1429 687 τοῦ
1452 661 1546 696 Λάμεχ
1562 669 1569 691 ;
1590 660 1706 694 ’Ἄδηλον
1731 659 1811 686 τοῦτο

1025 701 1070 741 ἦν,
1088 706 1198 732 ὅτιτῶν
1211 707 1325 733 ἀπὸτοῦ
1349 707 1419 733 Κάῗν
1446 706 1495 733 οὐκ
1524 706 1679 741 ἀναγράφει
1707 705 1811 739 Μωσῆς

1026 751 1121 786 ὥσπερ
1136 751 1167 787 δὴ
1181 753 1235 778 τῶν
1254 752 1307 779 ἀπὸ
1318 752 1365 779 τοῦ
1381 752 1445 788 Σήθ.
1467 752 1573 783 Ἀλλως
1588 761 1618 778 τε
1634 753 1680 778 καὶ
1697 753 1811 787 σημεῖον

1025 797 1073 823 τοῦ
1088 797 1156 824 Θεοῦ
1177 797 1268 829 δόντος
1283 798 1321 830 τῷ
1335 798 1406 824 Κάῖν
1428 798 1477 825 τοῦ
1497 798 1534 833 μὴ
1554 797 1733 832 ἀναιρεθῆναι
1750 797 1810 831 (ση-

1028 843 1103 877 μεῖον
1126 842 1154 869 δὲ
1175 844 1286 878 νοητέον
1316 843 1332 878 ἢ
1357 843 1403 870 τὸν
1429 844 1493 878 ὅρον
1523 843 1604 870 αὑτὸν
1624 842 1671 869 τοῦ
1694 841 1762 869 Θεοῦ
1792 841 1809 876 ἢ

1027 887 1072 914 τὸν
1086 888 1141 915 τῶν
1160 888 1250 924 μελῶν
1269 888 1352 915 αὑτοῦ
1383 888 1501 924 κλόνον),
1523 888 1580 920 πῶς
1608 887 1729 924 ἀνῃρέθη
1753 886 1810 913 λοι-

1029 929 1079 959 πόν
1091 941 1099 965 ;

191 974 250 1011 ipsa
268 976 314 1003 Dei
345 977 378 1004 de
401 976 486 1004 Caino
515 977 650 1004 sententia
679 977 762 1004 debet
791 976 905 1012 intelligi
932 977 974 1004 vel
994 978 1180 1006 membrorum
1203 979 1262 1015 ejus
1297 978 1454 1016 trepidatio.
1488 978 1613 1013 Quonam
1633 978 1717 1015 igitur
1732 980 1813 1013 pacto

191 1020 244 1050 dici
261 1026 349 1057 potest
364 1030 424 1051 esse
440 1020 640 1058 interemptus?

225 1065 284 1095 Jam
302 1068 325 1096 si
343 1076 450 1104 qureras
474 1068 649 1103 quamobrem
666 1066 756 1096 Moses
781 1066 858 1096 Caini
884 1072 977 1103 poste-

191 1119 282 1141 rorum
312 1122 399 1142 annos
429 1122 484 1142 non
509 1114 689 1147 recensuerit,
714 1121 830 1150 magnus
855 1113 900 1141 ille
926 1113 974 1141 tibi

191 1160 307 1195 Cyr-ilius
323 1161 348 1187 in
365 1161 510 1196 Glaphyris
523 1161 580 1188 sive
596 1160 774 1188 varietatibus
789 1160 845 1188 suis
863 1168 976 1195 respon-

191 1207 275 1234 debit.
292 1207 348 1234 Non
369 1208 420 1235 hoc
446 1208 546 1236 factum
565 1213 618 1238 est,
633 1207 731 1241 inquit,
747 1214 781 1233 ex
802 1205 974 1240 ignoratione

192 1253 307 1287 quadam
324 1254 382 1286 Dei,
403 1255 450 1281 sed
466 1254 530 1288 quia
544 1257 716 1288 peccatorum
730 1259 817 1278 annos
838 1255 975 1286 totamque

192 1300 261 1326 adeo
285 1298 366 1326 vitam
387 1298 457 1327 libro
480 1300 630 1326 viventium
657 1298 792 1325 contineri
808 1298 886 1325 nolit.
901 1297 974 1325 ldern

191 1344 308 1381 Cyrillus
331 1345 414 1373 refert
435 1346 547 1372 Cainum
575 1349 602 1372 et
622 1345 736 1372 Abelum
754 1343 839 1371 fuisse
862 1342 974 1378 ﬁguram

194 1392 335 1427 primigeni
361 1391 451 1426 populi
477 1390 582 1418 Judaici
598 1396 625 1418 et
638 1390 740 1418 Christi
762 1389 926 1424 Christoque
942 1390 975 1417 li-

193 1439 327 1466 dcntiurn.
342 1437 577 1472 Quemadmodum
594 1437 667 1464 enirn
689 1436 789 1464 Cainus
811 1435 912 1464 invidia
925 1435 976 1463 ﬂa-

194 1493 275 1521 grans
298 1485 412 1520 profuso
441 1484 534 1511 fratris
556 1483 687 1518 sanguine
710 1490 763 1510 non
791 1482 880 1509 solum
899 1490 913 1509 a
930 1481 978 1509 Dei

195 1537 344 1567 conspectu
381 1531 517 1565 profugit,
544 1537 637 1556 verum
675 1529 756 1556 etiam
785 1529 813 1555 in
840 1526 978 1563 ejusmodi

1064 1068 1095 1096 Et
1111 1070 1139 1097 δὲ
1164 1070 1267 1105 ζητεῖς,
1282 1071 1341 1102 πῶς
1357 1071 1392 1098 τὰ
1412 1071 1459 1106 ἔτη
1471 1070 1526 1098 τῶν
1543 1070 1597 1098 άπδ
1612 1069 1658 1097 τοῦ
1677 1070 1749 1097 Κάῖν
1762 1069 1813 1097 οὒκ

1027 1116 1181 1152 ἀναγράφει
1195 1116 1311 1151 Μωσῆς,
1327 1117 1341 1142 6
1355 1116 1441 1152 μέγας
1457 1116 1590 1152 Κύριλλος
1617 1117 1646 1142 ὲν
1661 1116 1719 1147 τοῖς
1741 1115 1812 1142 Γλα-

1028 1163 1123 1198 φυροῖς
1143 1162 1225 1190 αὐτοῦ
1241 1162 1339 1196 διδάξει
1355 1170 1384 1189 σε
1394 1161 1482 1196 λέγων
1499 1162 1539 1196 ὅτι
1558 1162 1589 1189 οὐ
1614 1161 1675 1189 κατ’
1699 1161 1813 1195 ἄγνοιαν

1026 1208 1073 1235 τοῦ
1091 1208 1170 1240 Θεοῦ,
1181 1208 1239 1235 ἀλλ’
1252 1209 1353 1234 ὅτιτῶν
1364 1208 1536 1244 ἁμαρτωλῶν
1549 1208 1583 1234 τὰ
1596 1208 1644 1242 ἔτη
1656 1207 1706 1234 καὶ
1716 1206 1812 1238 ἁπλῶς

1028 1256 1076 1282 καὶ
1090 1255 1140 1290 τὴν
1154 1255 1227 1290 ζωὴν
1244 1255 1334 1281 αὐτῶν
1361 1255 1389 1282 ὲν
1409 1255 1493 1290 βίὸλῳ
1516 1254 1627 1286 ζώντων
1651 1252 1814 1289 γεγραμμέ-

1029 1310 1078 1336 νην
1095 1302 1166 1336 ἔχειν
1181 1302 1211 1327 οὑ
1226 1301 1307 1329 ϐέλει.
1331 1300 1410 1328 Καθὰ
1424 1301 1452 1327 δὲ
1469 1300 1508 1336 τῷ
1534 1300 1711 1338 ῥιαληφθέντι
1723 1298 1812 1334 “arpi.

1029 1346 1114 1378 τύπος
1126 1344 1159 1382 ἦν
1175 1347 1188 1372 ὁ
1203 1345 1271 1372 Κάῖν
1283 1345 1331 1373 καὶ
1345 1347 1359 1373 6
1384 1346 1467 1372 Ἀσελ
1481 1345 1528 1372 τοῦ
1543 1344 1718 1381 πρωτοτόκου
1743 1340 1811 1370 λαοῦ

1029 1393 1076 1420 τοῦ
1087 1392 1205 1428 Χριστοῦ
1223 1401 1253 1419 τε
1267 1393 1314 1418 καὶ
1335 1393 1390 1419 τῶν
1416 1393 1456 1424 είς
1481 1392 1564 1420 αὑτὸν
1594 1390 1811 1418 πιστευσάντων.

1030 1438 1136 1473 ’Ὠσπερ
1148 1438 1201 1473 γὰρ
1217 1439 1231 1464 ὁ
1245 1438 1316 1465 Κάῖν
1332 1437 1376 1465 διὰ
1390 1438 1489 1472 φθόνον
1510 1438 1558 1464 καὶ
1578 1437 1609 1463 τὸ
1625 1435 1673 1463 τοῦ
1693 1434 1812 1470 ἀδελφοῦ

1029 1481 1100 1519 αἷμα
1115 1484 1193 1518 ἐξέϐη
1206 1483 1260 1511 ἀπὸ
1280 1484 1428 1519 προσώπου
1444 1484 1524 1516 Θεοῦ,
1540 1484 1584 1510 ναὶ
1602 1483 1656 1519 μὴν
1667 1486 1715 1510 καὶ
1729 1491 1814 1517 κατη-

1030 1530 1102 1565 ράθη
1118 1529 1222 1556 στένειν
1240 1530 1288 1556 καὶ
1298 1529 1411 1564 τρέμειν
1427 1530 1472 1556 ἐπὶ
1497 1530 1546 1565 τῆς
1569 1531 1620 1564 γῆς
1639 1529 1812 1564 περιπατῶν,

195 1576 411 1604 exsecrationem
436 1575 531 1602 incidit
547 1580 575 1601 ut
599 1574 776 1609 vagahundus
789 1573 817 1600 in
839 1571 919 1599 terris
933 1578 977 1607 ge.-

1032 1573 1115 1604 οΰτως
1132 1573 1188 1608 ἄρα
1202 1574 1250 1600 καὶ
1274 1575 1288 1600 6
1308 1574 1454 1605 Ἰουόαἲκὸς
1470 1574 1514 1601 διὰ
1529 1574 1628 1608 φθόνον
1649 1575 1697 1600 καὶ
1720 1573 1751 1600 τὸ
1765 1572 1812 1600 τοῦ

195 1627 282 1650 meret
308 1627 388 1657 atque
421 1625 560 1652 tremeret,
586 1620 625 1647 sic
656 1619 737 1646 etiam
762 1618 874 1646 Judaica
902 1617 977 1645 natio

196 1676 308 1705 propter
323 1669 452 1696 invidiam
469 1676 521 1702 qua
543 1667 674 1702 ﬂagravit.
689 1671 716 1693 et
737 1665 877 1700 promsum
892 1663 978 1699 ipsius

193 1719 296 1747 Christi
314 1718 485 1753 sanguini-tn,
501 1725 516 1744 e
535 1713 583 1744 Dei
606 1719 754 1751 conspectu
770 1713 897 1744 excessit.
910 1714 979 1749 jam-

194 1773 247 1799 que
261 1765 328 1792 adeo
345 1767 464 1790 tremens
476 1767 502 1789 et
519 1769 630 1797 gemens
643 1758 802 1795 obvagatur.

231 1810 287 1838 Hoc
314 1809 393 1836 modo
414 1815 505 1836 notam
531 1807 617 1835 Caino
642 1805 870 1841 Deus-apposuit,
886 1810 921 1832 ne
945 1803 978 1832 ab

195 1857 285 1892 aliquo
300 1856 490 1891 perirneretur,
509 1854 536 1881 id
561 1854 632 1888 quod
650 1853 771 1880 futurum
799 1852 977 1879 existimarat.

195 1904 302 1930 Etenim
318 1904 375 1938 ipse
388 1902 494 1928 dixerat
510 1909 517 1928 :
535 1909 544 1926 ι
564 1900 677 1927 Accidet
694 1904 723 1926 ut
741 1898 787 1933 qui
812 1906 855 1925 me
870 1905 979 1932 cunque

195 1949 327 1985 repererit
346 1948 462 1976 occidat.
485 1956 495 1973 ι
517 1946 653 1981 Iosephus
669 1945 751 1973 tradit
771 1943 885 1971 Cainum
898 1943 979 1970 obse-

195 2004 286 2024 crassc
302 1995 399 2025 Deum,
414 2002 448 2021 ne
466 1994 493 2020 in
514 1993 694 2028 obvagatione
719 1999 769 2019 sua
786 1991 855 2019 forte
876 1990 902 2017 in
923 1990 980 2018 bel‘

196 2044 255 2072 luas
285 2042 433 2074 incideret;
463 2046 551 2074 eoque
579 2044 659 2073 pacto
694 2038 809 2073 periisse
839 2038 979 2065 hominem

195 2089 289 2117 refert.
307 2085 409 2120 Quodsi
427 2086 508 2113 etiam
532 2085 602 2112 scire
613 2084 764 2117 desideras,
785 2084 857 2111 unde
880 2083 980 2111 Cainus

198 2135 306 2163 modum
331 2131 473 2160 occidendi
498 2131 588 2158 fratris
609 2130 756 2165 acceperit,
775 2130 821 2164 qui
841 2129 980 2156 neminem

196 2181 280 2208 sciret
295 2179 384 2205 adhuc
404 2185 420 2204 a
437 2184 575 2212 quoquam
593 2176 778 2208 interfectum,
796 2174 860 2202 licet
877 2175 928 2201 hoc
947 2174 981 2201 de

197 2233 296 2261 magno
310 2223 356 2252 illo
376 2224 526 2252 Athanasio
542 2228 700 2256 cognoscas,
721 2221 767 2255 qui
786 2219 924 2248 diabolum
944 2221 983 2248 ait

1028 1619 1148 1654 Χριστοῦ
1164 1617 1233 1655 αἷμα
1251 1619 1330 1655 ὲξέὸη
1352 1620 1406 1646 ἀπὸ
1435 1618 1583 1654 προσώπου
1603 1620 1651 1646 τοῦ
1671 1619 1739 1646 Θεοῦ
1764 1617 1814 1646 καὶ

1028 1667 1175 1702 περιπατεῖ
1191 1666 1291 1693 στένων
1307 1665 1354 1692 καὶ
1365 1665 1486 1701 τρέμων.

1064 1797 1181 1833 Σημεῖον
1196 1798 1244 1826 οὖν
1260 1797 1359 1826 δέδωκε
1384 1796 1423 1833 τῷ
1442 1799 1514 1826 Κάῖν
1539 1800 1553 1826 ό
1570 1799 1646 1838 Θεὸς,
1677 1797 1748 1826 ὥστε
1776 1797 1813 1835 μὴ

1030 1847 1147 1881 φονευθῇ
1175 1845 1251 1881 παρά
1272 1855 1355 1878 τινος,
1372 1846 1410 1878 ὡς
1432 1847 1533 1877 ἐκεῖνος
1553 1846 1700 1872 ὑπώπτευε
1715 1854 1722 1861 ·
1752 1847 1812 1878 καὶ,

1032 1901 1043 1918 ‹
1068 1893 1176 1925 Ἔσται,
1196 1901 1206 1918 ι
1225 1892 1278 1927 γάρ
1298 1888 1375 1926 φησι,
1396 1901 1405 1918 ι
1429 1893 1507 1924 πᾶςό
1521 1891 1657 1927 εὑρίσκων
1686 1900 1719 1927 με
1746 1892 1814 1918 ἀπο·

1030 1939 1119 1965 κτενεί
1140 1947 1185 1973 με.
1205 1947 1215 1964 ι
1238 1937 1268 1966 Ὀ
1279 1938 1307 1964 δὲ
1326 1938 1456 1973 Ἰώσηπός
1489 1946 1571 1973 φησιν
1586 1939 1627 1965 ὅτι
1642 1939 1687 1964 τδν
1715 1937 1782 1964 θεὸν
1801 1938 1814 1964 6

1031 1985 1101 2011 Κάῖν
1117 1985 1232 2017 ἱκέτευε,
1264 1984 1368 2020 μήποτε
1385 1984 1489 2019 θηρίοις
1514 1984 1655 2018 ἀλώμενος
1678 1984 1814 2018 περιπέσῃ

1030 2032 1077 2057 καὶ
1100 2030 1206 2057 τουτονὶ
1231 2031 1277 2057 τὸν
1311 2031 1411 2064 τρόπον
1434 2030 1580 2065 ἀπόληται.
1610 2029 1641 2056 Ει
1668 2029 1696 2056 δὲ
1723 2029 1816 2063 ζητεῖς

1031 2077 1113 2104 πόθεν
1143 2076 1246 2111 ἔγνωκε
1277 2077 1377 2112 τρόπον
1401 2077 1415 2103 6
1449 2077 1519 2103 Κάῖν
1554 2075 1588 2102 δι’
1612 2072 1643 2102 οὗ
1666 2075 1716 2110 τῆς
1742 2074 1816 2108 ζωῆς

1031 2122 1135 2157 ταύτης
1160 2123 1324 2159 ὑπεξαγάγῃ
1361 2123 1408 2149 τὸν
1436 2122 1531 2154 Ἀδελ,
1560 2122 1676 2156 ἐπείπερ
1703 2121 1755 2147 οὐκ
1779 2118 1818 2146 εἶ-

1031 2168 1076 2195 δεν
1099 2168 1192 2204 ἕτερόν
1216 2177 1277 2196 τινα
1297 2169 1372 2202 παρὰ
1401 2176 1474 2199 τινος
1497 2167 1706 2202 ἀναιρούμενον,
1733 2167 1746 2193 6
1769 2165 1817 2200 μέ-

1032 2223 1083 2249 γας
1106 2214 1265 2246 Ἀθανάσιος
1291 2213 1392 2246 διδάξει
1414 2221 1444 2240 σε
1473 2214 1573 2248 λέγων.
1597 2213 1638 2240 ὅτι
1661 2213 1724 2239 κατ’
1748 2213 1816 2248 ὄναρ

197 2256 282 2301 (2³ὶῖιο
302 2279 351 2307 per
367 2270 486 2306 quietem
506 2268 622 2296 necandi
636 2264 728 2295 fratris
744 2266 878 2294 rationem
892 2271 977 2295 osten-

1033 2259 1173 2293 ὑπέδειξεν
1192 2260 1206 2286 ό
1220 2259 1342 2291 διάϐολος
1366 2258 1440 2294 αὺτῷ
1464 2259 1510 2286 τὸν
1541 2259 1642 2293 τρόπον
1662 2258 1711 2293 τῆς
1738 2258 1816 2284 ἀναι-

197 2319 278 2348 disse.

234 2362 337 2392 Invidia
370 2360 480 2398 quidem
510 2365 595 2393 certe,
619 2365 668 2387 ceu
694 2357 824 2392 diximus,
846 2358 874 2386 in
903 2356 981 2386 Caini

198 2411 280 2439 corde
303 2409 420 2445 quodam
449 2408 526 2443 quasi
554 2406 691 2435 domicilio
717 2404 879 2437 constituto,
903 2404 982 2433 Abeli

197 2458 298 2486 caedem
321 2455 437 2491 peperit.
451 2450 517 2481 Nam
544 2450 676 2489 ejusmodi
702 2450 892 2478 atfectionibus
907 2458 982 2478 mor-

197 2503 293 2530 talium
308 2500 390 2528 aninri
403 2498 466 2527 facti
480 2503 544 2526 sunt
556 2496 678 2527 obnoxii.
691 2500 867 2530 posmaquam
879 2502 894 2522 e
910 2498 983 2522 statu

199 2544 432 2584 perturbationum
454 2548 565 2578 experte
589 2543 701 2577 ipsaque
725 2538 792 2568 adeo
814 2540 982 2575 perfectione

199 2595 370 2623 exciderunt.
384 2588 569 2618 Nihilominus
591 2586 675 2615 animi
697 2587 806 2622 quidam
824 2585 983 2613 affectiones

200 2641 447 2674 hasce_supetnnt,
463 2644 524 2663 cum
551 2641 567 2662 ο
596 2633 706 2661 diverso
732 2631 778 2660 alii
808 2630 934 2658 nolentes
949 2630 982 2658 iis

198 2692 286 2716 seruet
312 2690 451 2721 opponere
479 2677 646 2718 quibuslibet
669 2675 870 2710 occasionibus,
898 2676 981 2704 etiam

199 2732 357 2764 levissimis.
372 2729 449 2766 quasi
467 2727 596 2765 prostrati
614 2725 813 2757 succumbant;
828 2721 981 2758 cuiusmodi

198 2778 328 2813 quiddam
345 2778 372 2806 in
390 2777 457 2813 ipsls
473 2776 556 2804 etiam
568 2773 731 2810 corporibus
747 2777 788 2800 est
803 2771 903 2800 videre.
915 2770 981 2798 Nam

239 2857 262 2876 "
277 2860 332 2887 Cen
366 2864 402 2890 ιγ,
419 2857 459 2886 Η.

1035 2306 1149 2341 ρέσεως.

1067 2352 1164 2383 Φθόνος
1194 2351 1243 2386 μὲν
1260 2349 1318 2384 οὖν,
1334 2350 1371 2382 ὡς
1384 2351 1503 2386 εἴρηται,
1519 2352 1552 2386 τῇ
1570 2349 1618 2377 τοῦ
1639 2351 1709 2378 Κάῖν
1733 2351 1817 2384 ὲγκα-

1033 2398 1162 2433 θιδρύσας
1182 2397 1256 2433 ψυχῇ
1270 2397 1315 2424 τὸν
1330 2397 1378 2424 τοῦ
1392 2397 1475 2424 ’Δδελ
1494 2397 1575 2430 φόνον
1590 2397 1738 2423 ἀπέτεκεν.
1753 2397 1816 2423 Τοι-

1032 2443 1121 2475 ούτοις
1136 2444 1191 2479 γὰρ
1213 2443 1328 2470 πάθεσιν
1341 2444 1371 2470 αι
1393 2443 1447 2470 τῶν
1466 2442 1620 2477 ἀνθρώπων
1638 2442 1721 2478 ψυχαὶ
1733 2441 1818 2477 γεγό-
1838 2473 1840 2476 ν

1034 2499 1098 2517 νασι
1115 2490 1226 2525 κάτοχοι
1253 2489 1324 2524 μετὰ
1349 2489 1400 2525 τὴν
1424 2490 1475 2524 τῆς
1496 2489 1631 2521 ἀπαθείας
1643 2489 1753 2523 intqu
1770 2489 1819 2515 καὶ

1033 2537 1202 2571 τελειότητος
1221 2537 1368 2563 ἔκπτωσιν.
1401 2536 1472 2562 Ἀλλ’
1491 2535 1561 2562 ινιαι
1591 2535 1639 2571 μιν
1655 2535 1709 2562 τῶν
1723 2534 1818 2570 ψυχῶν

1034 2583 1176 2619 κρείττους
1198 2582 1372 2618 εὑρίσκονται
1387 2582 1444 2610 τῶν
1460 2581 1589 2609 τοιούτων
1611 2581 1724 2612 παθῶν,
1748 2580 1819 2607 ἔνιαι

1035 2625 1064 2656 δὲ
1078 2629 1159 2656 πάλιν
1173 2628 1337 2656 ἀντιϐαίνειν
1349 2627 1388 2664 μὴ
1403 2627 1528 2654 θέλουσαι
1539 2629 1588 2655 καὶ
1598 2628 1658 2659 ταῖς
1674 2626 1821 2662 τυχούσαις

1035 2677 1173 2712 ἀφορμαῖς
1187 2675 1414 2708 καταδέὸλτμται.
1429 2675 1484 2701 Καὶ
1498 2673 1624 2708 καθάπερ
1636 2673 1681 2700 ὲπὶ
1700 2672 1755 2699 τῶν
1769 2680 1823 2698 σω-

1038 2723 1131 2758 μάτων
1148 2723 1221 2750 ἐστιν
1239 2722 1303 2749 ἰδεῖν
1318 2722 1389 2757 (ἔνια
1409 2721 1459 2756 μὲν
1473 2721 1528 2756 γὰρ
1550 2720 1640 2747 αὐτῶν
1657 2719 1764 2752 εὐεξίας
1784 2718 1821 2746 δι’

1035 2770 1098 2797 ὅλου
1113 2769 1283 2805 μετέχουσιν,
1297 2770 1326 2796 ὲν
1340 2768 1428 2795 οὐδενὶ
1445 2767 1499 2795 τῶν
1514 2767 1706 2803 ἐμπιπτόντων
1719 2764 1821 2799 ἔξωθεν

1012 2906 1033 2913 ,4
