1957 3073
159 136 214 170 237
344 161 347 163 -
401 154 409 158 -
784 138 986 169 ANNALIUM
1003 137 1100 168 PARS
1121 138 1160 169 ll.
1728 140 1781 171 23S

160 194 395 230 περιτρεπόμενα,
411 195 468 222 ἔνια
483 195 511 222 δὲ
532 195 660 222 τοσοῦτόν
677 196 745 222 εἰσιν
761 196 946 231 ἀρρώστημα-

1001 195 1121 230 τιυεάῢηῖ
1135 202 1229 222 eorum
1243 196 1347 230 optime
1368 203 1480 231 prorsus
1500 195 1596 223 all'ecta
1610 199 1683 225 sunt.
1701 203 1752 222 nec
1768 204 1782 222 τι

159 241 224 269 τικὰ
241 241 301 273 ταῖς
328 242 361 268 εκ
384 243 496 278 γενετῆς
521 243 706 274 κατασκευαῖς
722 241 792 268 ὥστε
819 241 856 277 μὴ
878 241 946 277 πρὸς

1001 243 1079 270 rebus
1093 242 1262 269 extrinsecus
1277 242 1463 269 accidentibus
1477 243 1532 270 ullo
1545 242 1624 269 modo
1636 242 1781 272 laeduntur,

160 287 238 314 οὐδὲν
257 288 450 323 ἀντιπράττειν
476 287 532 314 τῶν
557 287 657 320 ἔξωθεν
682 288 786 318 atrium,
810 288 878 315 ἀλλὰ
896 288 946 315 χᾶν

1001 295 1061 315 cum
1083 287 1135 315 alia
1161 292 1301 322 tantopere
1329 287 1460 314 debilitati
1482 295 1512 314 ac
1534 288 1637 314 morbis
1661 287 1781 314 obnoxia

162 332 266 368 θαλφθῇ
284 333 383 369 βραχὺ,
409 333 461 360 κᾶν
488 334 598 369 ψυχθῇ,
625 333 677 360 κᾶν
699 334 876 370 ἀγρυπνήσῃ,
893 334 945 360 κᾶν

1001 333 1053 361 sint
1079 341 1112 361 ex
1140 333 1336 361 constitutione
1361 334 1476 368 quadam
1492 333 1620 365 naturali,
1636 337 1665 360 ut
1693 333 1783 360 causis

163 379 284 414 κοιμηθῇ
303 379 384 406 πλέον
401 379 448 406 τοῦ
462 379 578 411 δέοντος.
593 380 694 411 εὐθέως
707 380 802 413 νοσεῖ),
815 379 886 406 οὕτω
898 380 945 406 καὶ

1001 380 1169 407 extrinsecus
1191 380 1379 407 accidentibus
1410 381 1538 407 resistere
1570 380 1610 406 vel
1645 379 1781 406 tantillum

163 424 208 450 ἐπὶ
226 424 280 451 τῶν
301 424 396 460 ψυχῶν
418 425 508 452 αὐτῶν
527 425 689 452 διανοεῖσθαί
705 434 735 452 σε
753 425 840 458 ἄξιον.

998 430 1144 462 nequeant.
1161 425 1295 453 Nimirum
1319 425 1341 453 si
1364 425 1445 460 paulo
1469 425 1530 460 plus
1546 433 1624 460 aequo
1646 425 1689 452 vel
1706 426 1782 451 inca-

163 469 277 502 lescant,
293 469 335 496 vel
352 468 479 504 Frigeant,
494 469 537 496 vel
555 469 677 505 vigilem,
702 470 743 498 vel
757 470 905 504 dormiant,
927 471 1057 498 continuo
1079 470 1189 498 morbus
1226 470 1411 505 subsequitur.
1430 469 1502 496 Idem
1534 471 1561 496 in
1584 470 1682 497 animis
1702 471 1783 496 etiam

163 515 310 542 usuvenire
324 515 468 550 cogitabis.

198 560 275 599 Μετὰ
291 561 319 587 δὲ
335 560 421 587 ταῦτα
437 560 683 596 παραμυθούμενος
694 562 741 588 τὸν
757 561 844 596 Ἀδὰμ
858 563 872 589 6
882 562 948 594 Θεὸς

163 608 196 642 τῇ
221 607 273 634 ἀπὸ
294 607 341 633 τοῦ
370 607 537 641 παραδείσου
554 616 582 634 τε
606 607 793 642 ἀδημονοῦντα
810 608 947 635 ἑκπτώσει

163 654 211 680 καὶ
226 653 266 688 τῷ
281 653 327 679 τοῦ
344 653 428 680 Ἀὁελ
443 653 561 689 θανάτῳ,
581 654 682 681 ἔδωκεν
702 654 777 690 αὐτῷ
792 655 840 681 τδν
852 655 947 690 ἐνάρε-

161 707 208 726 τον
221 699 286 734 Σήθ.
297 699 373 726 Κατὰ
384 699 438 734 γὰρ
452 700 531 726 τοῦτο
549 699 597 727 καὶ
608 700 624 735 ή
639 700 694 727 Εὕα
706 700 798 734 ἔλεγεν
810 710 817 717 ι
833 710 842 727 ι
854 701 946 734 Ἐξαν-

163 743 260 779 έστησέ
285 753 331 779 μοι
357 746 372 771 6
394 744 460 776 Θεὸς
484 745 594 780 σπέρμα
610 745 704 781 ἕτερον
722 747 782 773 ἀντὶ
797 746 844 773 τοῦ
863 747 946 774 ’Δὸελ

161 789 193 815 δν
210 789 353 816 ἀπέκτεινε
364 790 452 817 ’Κάῖν.
469 799 479 816 ι

199 835 319 861 Γίνωσκε
337 834 366 861 δὲ
393 835 433 862 ὅτι
464 836 534 871 πρὸς
559 837 619 868 ταῖς
643 836 737 869 ἄλλαις
757 837 880 873 αἱρέσεσι
897 837 946 866 καὶ

1039 562 1119 597 120
1136 561 1289 590 Secundum
1307 562 1365 589 haec
1379 566 1406 589 ut
1424 561 1556 589 Adatnum
1574 562 1644 589 Deus
1659 563 1785 590 consola-

1002 613 1087 642 retur,
1105 609 1150 643 qui
1181 614 1237 636 tum
1265 613 1376 644 propter
1398 609 1571 636 amissionem
1589 609 1707 644 paradisi
1727 614 1784 636 tutn

1002 655 1077 682 Abeli
1094 656 1193 682 cmdem
1217 663 1381 690 magnopere
1409 655 1593 686 alllictaretur,
1609 656 1784 690 praestantem

1000 701 1026 727 ei
1057 700 1157 728 virtute
1184 701 1268 728 (ilium
1290 701 1403 728 Sethum
1435 701 1519 728 dedit.
1537 701 1719 734 Quamobrem
1743 702 1785 729 his
1818 720 1819 723 η

1001 744 1055 772 Eva
1073 746 1162 773 verbis
1180 751 1222 773 est
1239 754 1287 773 usa
1308 754 1316 774 :
1337 756 1346 772 ι
1366 746 1436 773 Dens
1455 747 1522 774 mihi
1535 748 1654 775 sobolem
1669 748 1784 775 alteram

999 791 1026 818 in
1042 792 1130 819 locum
1144 792 1219 819 Abeli
1233 801 1247 820 a
1260 792 1345 820 Caino
1360 796 1493 828 perempti
1508 794 1630 828 reposuit
1644 794 1677 821 ".
1696 803 1705 819 ι

1033 836 1109 864 Scire
1125 836 1209 864 debes
1237 844 1365 871 magnum
1394 837 1469 863 illum
1499 836 1681 872 Epiphanium
1713 837 1785 864 inter

161 878 213 914 τὴν
235 879 386 915 λεγομένην
417 881 472 908 τῶν
502 882 660 910 Καῖανιτῶν
685 883 792 918 αἵρεσιν
817 884 831 910 6
860 883 946 918 μέγας

1001 887 1110 909 caeteras
1123 881 1306 910 Caianitarum
1315 889 1421 917 quoque
1435 886 1537 909 Sectam
1556 889 1782 909 commemorare.

167 924 326 958 Ἐπιφάνιυς
351 925 480 961 ἔγραφεν.
501 924 582 954 Οὗτοι
608 928 659 963 μὲν
682 926 728 955 οὖν
755 929 825 956 Κάῖν
842 929 945 963 ἐτίμων

162 969 200 1001 ὡς
226 969 342 1006 δύναμίν
365 980 445 1004 τινα,
473 971 566 1007 ἔλεγον
581 973 609 1000 δὲ
628 974 670 1001 ὅτι
697 974 729 1001 τὸ
754 974 838 1001 καλὸν
856 975 946 1002 καὶτὸ

161 1015 246 1042 κακὸν
258 1017 296 1051 μὴ
312 1017 383 1044 κατὰ
396 1017 510 1053 γνώμην
524 1017 593 1046 εῖναι
612 1019 778 1054 ἀνθρώποις,
794 1020 863 1047 ἀλλὰ
875 1020 947 1047 κατὰ

162 1061 256 1095 φύσιν.
273 1062 381 1097 Τιμῶσι
395 1063 423 1090 δὲ
436 1065 483 1091 καὶ
501 1064 548 1091 τὸν
564 1065 675 1092 Ὶούδανυ
689 1065 734 1093 διὰ
746 1066 800 1101 γὰρ
815 1066 862 1093 τοῦ
878 1075 948 1102 προ-

161 1107 253 1134 δοῦναι
279 1109 325 1136 τὸν
348 1109 451 1145 Κύριον
478 1110 558 1146 ἔργον
576 1112 670 1144 καλὸν,
694 1111 778 1148 ἤγουν
800 1112 850 1148 τὴν
868 1113 948 1148 ἡμῶν

162 1153 303 1189 σωτηρίαν
331 1155 490 1190 εἰργάσατο.
512 1157 567 1184 Καὶ
594 1157 698 1192 βιϐλίον
721 1158 749 1184 δὲ
775 1159 841 1194 παρ’
857 1159 948 1191 αὐτοῖς

169 1201 367 1230 Ἀναὸατιανδν
382 1203 542 1239 λεγόμενον,
558 1205 687 1241 περιέχον
699 1205 717 1233 ἃ.
732 1204 802 1234 εἶδεν
813 1206 827 1233 6
840 1207 948 1239 Παῦλος

162 1247 224 1274 καθ’
248 1247 278 1275 ὃν
297 1249 379 1284 ἀνέϐη
408 1251 502 1285 καιρὸν
532 1251 572 1283 είς
589 1252 682 1286 τρίτον
698 1252 823 1287 οὐρανόν.
840 1252 948 1280 Βιϐλίον

163 1292 193 1319 δὲ
215 1293 246 1319 τὸ
261 1294 384 1321 τοιοῦτόν
400 1296 457 1322 ἐστι
480 1297 547 1331 παρ’
566 1297 669 1330 αὐτοῖς,
691 1298 732 1324 ὅτι
752 1298 782 1324 οὺ
798 1298 948 1334 προσέσχον

163 1338 203 1373 τῷ
219 1340 329 1375 μεγάλῳ
354 1341 468 1376 Παύλῳ,
488 1342 598 1378 ῥήματα
632 1343 682 1378 μὲν
709 1343 824 1371 ἀκοῦσαι
840 1344 948 1378 λέγοντι

166 1385 228 1411 κατ’
244 1387 332 1413 ἐκεῖνο
349 1388 457 1422 καιροῦ,
482 1389 518 1423 μὴ
539 1389 638 1421 ἐξεῖναι
660 1389 688 1416 δὲ
708 1398 794 1416 ταυτα
811 1389 948 1424 γλώσσαις

165 1430 318 1465 ἀνθρώπων
332 1432 456 1468 λαλῆσαι.
470 1433 531 1460 Ὅτι
547 1434 575 1460 δὲ
600 1434 634 1462 τὰ
651 1435 762 1470 ῥήματα
779 1436 871 1462 ἐκεῖνα
885 1435 948 1463 οῦτε

164 1475 333 1511 ἐλαλήθησαν
351 1477 412 1504 οὔτε
433 1480 487 1505 τινὶ
515 1479 600 1515 μέχρι
622 1481 668 1507 τοῦ
694 1480 743 1507 νῦν
759 1481 946 1516 ἐγνώσθησαν,

995 928 1129 956 Colehant
1160 928 1198 955 illi
1219 929 1335 956 Cainum
1366 935 1416 956 ceu
1435 927 1580 963 quamdam
1608 933 1783 963 potestatem,

997 975 1159 1009 aiebantque
1177 975 1276 1002 bonum
1297 980 1325 1001 et
1346 974 1445 1001 malum
1472 974 1499 1001 in
1517 973 1673 1001 hominibus
1706 981 1720 1000 a
1739 981 1785 1000 vo-

997 1019 1102 1048 luntate
1119 1028 1173 1047 non
1184 1020 1305 1055 pendere
1324 1027 1354 1047 ac
1380 1019 1527 1054 proﬁcisci,
1555 1019 1602 1046 sed
1630 1027 1644 1045 a
1674 1024 1782 1046 natura.

996 1065 1080 1094 lidem
1097 1070 1124 1093 et
1140 1066 1236 1093 ludam
1253 1066 1357 1093 honore
1374 1070 1587 1100 prosequuntur,
1604 1068 1633 1091 ut
1649 1065 1694 1099 qui
1718 1065 1782 1092 Ser—

997 1117 1119 1140 vatorem
1135 1112 1276 1148 prodendo
1303 1112 1427 1147 prmelari
1457 1112 1559 1146 operis,
1579 1116 1680 1139 nostra:
1702 1111 1784 1138 nimi-

998 1167 1058 1187 rum
1075 1159 1181 1191 salutis,
1199 1163 1295 1186 auctor
1309 1157 1455 1185 exstiterit.
1485 1157 1684 1185 Circumfertur
1712 1157 1783 1192 apud

997 1205 1109 1232 eosdem
1124 1205 1193 1232 liber
1207 1212 1288 1239 quem
1306 1203 1506 1230 Anabatianum
1522 1203 1567 1237 (ab
1586 1203 1715 1237 ascensu)
1735 1212 1782 1230 vo-

998 1253 1070 1276 cant.
1087 1247 1270 1276 Continentur
1287 1248 1338 1275 hoc
1352 1247 1383 1275 ea
1399 1255 1458 1282 quzc
1485 1247 1585 1274 Paulus
1611 1247 1636 1274 id
1653 1249 1784 1286 temporis

998 1294 1169 1329 conspexerit
1189 1294 1283 1330 quoin
1302 1294 1399 1322 caelum
1419 1293 1527 1320 tertium
1550 1294 1683 1324 ascendit.
1710 1297 1785 1325 lteri-

998 1347 1064 1369 nent
1078 1342 1150 1369 hunc
1167 1341 1205 1368 illi
1217 1341 1326 1372 librum,
1340 1348 1393 1367 non
1410 1340 1658 1371 animadvertentes
1670 1343 1782 1371 Paulum

997 1387 1119 1422 proﬁteri
1134 1394 1164 1415 se
1177 1391 1232 1415 tum
1247 1387 1328 1415 verba
1342 1387 1463 1423 quaedam
1477 1390 1584 1416 audisse
1600 1398 1660 1424 qua:
1685 1391 1784 1426 linguis

998 1434 1126 1462 humanis
1140 1433 1231 1461 efferri
1258 1434 1294 1461 sit
1318 1434 1406 1462 nefas.
1435 1435 1523 1470 Atque
1538 1436 1581 1462 illa
1607 1441 1680 1464 certe
1703 1439 1783 1465 verba

998 1488 1048 1508 nec
1059 1481 1160 1516 prolata
1176 1481 1257 1508 fuisse
1275 1489 1406 1516 unquam,
1424 1489 1474 1509 nec
1494 1490 1508 1509 a
1538 1483 1693 1510 mortalium
1716 1491 1784 1518 quo-

163 1522 212 1549 καὶ
229 1523 243 1549 6
259 1523 384 1558 θεολόγος
410 1525 561 1561 Γρηγόριος
592 1527 621 1553 ὲν
648 1527 694 1562 τῷν
715 1527 779 1562 περὶ
807 1527 946 1561 θεολογίας

1001 1534 1078 1561 quam
1096 1526 1214 1561 cognita,
1231 1526 1377 1561 Gregorius
1391 1526 1473 1554 etiam
1505 1526 1657 1563 Theologus
1679 1528 1705 1555 in
1722 1535 1785 1556 ora-

163 1568 238 1604 λόγῳ
260 1570 343 1597 αὑτοῦ
367 1571 503 1598 δείκνυσιν
527 1571 613 1603 οὕτως
627 1572 732 1600 εἰπών’
752 1582 762 1600 ι
781 1573 812 1600 El
838 1574 887 1609 μὲν
899 1573 946 1600 οὖν

164 1615 268 1651 ἔκφορα
283 1616 396 1651 γέγονεν
423 1617 442 1644 ἃ
467 1618 506 1651 τῷ
534 1619 633 1654 Παύλῳ
656 1619 794 1654 παρέσχεν
820 1620 834 1646 6
856 1620 947 1653 τρίτος

164 1661 278 1696 οὐρανὸς
294 1666 341 1690 καὶ
354 1664 371 1698 ή
385 1664 464 1699 μέχρι
487 1665 591 1691 ἐκείνου
604 1665 728 1700 πρόοδος,
744 1666 815 1700 τάχα
835 1666 868 1692 ἂν
883 1666 947 1702 περὶ

163 1706 234 1733 Θεοῦ
254 1707 335 1735 πλέον
359 1709 491 1744 ἔγνωμεν.
511 1720 520 1736 ι
548 1711 628 1738 Ἀλλὰ
647 1711 694 1737 καὶ
717 1712 732 1738 6
748 1712 948 1747 χρυσοῤῥήμων

171 1752 298 1789 Ἰωάννης
314 1755 343 1781 ιν
356 1757 417 1786 ταῖς
431 1757 471 1787 εὶς
484 1757 534 1792 τὴν
552 1757 720 1793 Ἐξαήμερον
735 1758 819 1785 αὑτοῦ
831 1758 950 1792 ὁμιλίαις

163 1798 235 1826 οὕτω
255 1800 338 1835 φησίν
352 1808 359 1816 ·
379 1810 388 1826 ι
409 1802 439 1828 Et
453 1802 466 1828 6
481 1803 569 1836 μέγας
596 1802 700 1835 Παῦλος
716 1804 730 1830 6
747 1803 802 1830 τῶν
821 1803 950 1838 ἀρρήτων

164 1844 278 1871 ἐκείνων
304 1846 436 1881 ῥημάτων
462 1847 579 1874 ἀκοῦσαι
605 1848 795 1882 καταξιωθεὶς,
811 1846 849 1876 ὢν
866 1849 947 1884 μέχρι

165 1890 215 1924 τῆς
241 1891 362 1928 σήμερον
379 1893 466 1926 οὐδεὶς
489 1894 568 1926 ἄλλος
584 1895 698 1930 ἤκουσε,
712 1896 828 1930 γράφων
842 1896 945 1930 ἔλεγεν,

172 1935 342 1970 ’Υπωπιάξω
356 1947 406 1974 μου
427 1940 457 1966 τὺ
473 1940 552 1975 σῶμα
567 1941 613 1967 καὶ
629 1941 801 1976 δουλαγωγῶ,
819 1941 845 1968 τί
863 1941 896 1968 ἂν
910 1940 948 1967 εί-

165 1991 265 2018 ποιμεν
277 1985 376 2020 ήμεῖς;
397 1996 407 2012 ι
426 1987 481 2013 Καὶ
497 1987 562 2021 περὶ
577 1987 680 2014 τούτων
695 1988 793 2020 οὕτως.

1000 1573 1073 1600 tione
1090 1580 1149 1606 quae
1168 1576 1210 1600 est
1235 1573 1269 1600 de
1286 1577 1358 1599 recta
1373 1572 1523 1600 disserendi
1549 1573 1583 1600 de
1597 1574 1652 1600 Deo
1667 1574 1783 1607 ratione,

999 1619 1089 1646 verbis
1105 1619 1180 1646 hisce
1199 1619 1386 1646 demonstrat:
1409 1628 1418 1645 ι
1435 1619 1535 1652 Quodsi
1558 1619 1641 1647 Paulo
1663 1620 1784 1648 licuisset

1000 1663 1077 1690 etIari
1097 1671 1128 1690 ea
1147 1671 1262 1698 quorum
1289 1664 1339 1698 ipsi
1353 1664 1535 1699 cognitionem
1551 1665 1648 1692 coelum
1675 1668 1782 1693 tertiqu

1000 1713 1028 1735 et
1042 1716 1127 1742 usque
1141 1708 1174 1735 ad
1190 1709 1253 1735 illud
1271 1709 1424 1744 progressio
1451 1710 1644 1744 suppeditavit,
1667 1711 1784 1738 fortasse

1000 1754 1034 1782 de
1054 1755 1109 1782 Deo
1125 1754 1203 1782 nobis
1218 1754 1318 1788 aliquid
1344 1755 1459 1789 amplius
1475 1759 1623 1783 constaret.
1643 1765 1652 1782 ι
1686 1757 1783 1784 Consi-

1001 1800 1101 1827 militer
1122 1799 1241 1827 Joannes
1265 1800 1310 1828 ille
1324 1800 1534 1836 Chrysostomus
1561 1802 1588 1828 in
1614 1802 1784 1830 orationibus

999 1847 1053 1874 illis
1064 1847 1162 1882 quibus
1182 1854 1263 1880 opera
1283 1854 1330 1874 sex
1342 1847 1446 1874 dierum
1462 1848 1610 1880 enarravit,
1637 1848 1679 1875 his
1694 1849 1784 1876 verbis

1001 1893 1086 1920 utitur
1101 1900 1108 1918 :
1125 1901 1134 1918 ι
1156 1892 1184 1919 Si
1205 1900 1318 1928 magnus
1336 1892 1381 1920 ille
1406 1893 1515 1926 Paulus,
1531 1902 1611 1928 quem
1640 1903 1672 1922 eo
1688 1897 1784 1930 digna-

1001 1942 1045 1966 tus
1059 1943 1101 1965 est
1123 1939 1226 1966 honore
1248 1939 1320 1965 Deus
1344 1942 1373 1965 ut
1393 1939 1500 1967 audiret
1524 1940 1669 1968 inetlahilia
1701 1942 1782 1969 verba

1002 1985 1066 2012 nulli
1082 1985 1115 2012 ad
1133 1985 1205 2012 lntnc
1227 1991 1313 2019 usque
1330 1985 1401 2012 diem
1429 1985 1474 2012 alii
1501 1987 1655 2014 mortalium
1680 1989 1782 2019 audita,

165 2031 258 2060 dicere
270 2041 323 2060 non
335 2034 482 2062 dubitavit‘
499 2043 528 2063 se
542 2043 640 2070 corpus
649 2043 728 2063 suutn
742 2035 912 2063 contundere
942 2041 974 2061 ac
993 2033 1126 2068 subigere,
1155 2032 1220 2067 quid
1240 2039 1289 2059 nos
1319 2032 1428 2060 tandem
1457 2033 1490 2060 de
1516 2035 1597 2062 nobis
1620 2035 1710 2064 dicere
1735 2045 1784 2072 par

161 2079 225 2106 est?
243 2089 252 2106 ι
271 2079 308 2107 Ac
326 2081 359 2108 de
373 2081 413 2108 his
427 2082 535 2117 quidem
549 2083 691 2111 hactenus.

204 2126 234 2152 Ὀ
249 2126 277 2152 δὲ
300 2127 385 2162 Ἀδὰμ
400 2129 469 2162 μετὰ
482 2130 512 2155 τὸ
525 2128 693 2164 ὲκϐληῧῆναι
706 2128 754 2156 τοῦ
775 2129 945 2165 παραδείσου

163 2172 327 2206 (τηνικαῦτα
360 2173 414 2208 γὰρ
440 2174 552 2209 ἄρχεται
583 2174 600 2209 ή
634 2174 842 2209 χρονογραφῖα),
860 2174 947 2208 ζήσας

163 2218 310 2245 ἐννακόσια
341 2219 388 2254 ἔτη
417 2220 484 2254 πρὸς
512 2221 569 2251 τοῖς
601 2222 749 2256 τριάκοντα
772 2220 889 2255 τελευτᾷ
917 2211 985 2247 ἐνί)

168 2264 294 2299 Ἰουδαίᾳ,
312 2266 396 2292 κάκεῖ
412 2266 557 2292 τέθαπται.
575 2266 630 2293 Καὶ
657 2266 716 2298 πῶς
730 2267 822 2294 ἄκουε.
845 2266 873 2292 '0
899 2266 946 2300 μέ-

162 2319 213 2345 γας
238 2310 397 2344 Ἐπιφάνιος
423 2313 453 2338 ὲν
483 2313 540 2343 τοῖς
557 2312 728 2346 Παναρίοις,
753 2311 883 2342 ὡσαύτως
900 2311 946 2337 καὶ

161 2357 175 2383 6
190 2357 278 2390 μέγας
291 2357 430 2389 Βασίλειος
448 2357 478 2384 ὲν
497 2350 529 2392 τῇ
544 2357 583 2389 εις
598 2357 643 2384 τὸν
660 2357 806 2393 προφήτην
829 2357 946 2384 Ἡσαΐαν

161 2403 298 2438 ἑρμηνείᾳ
322 2403 396 2436 λέγει
418 2404 544 2438 ἄγραφον
569 2403 718 2439 παράδοσιν
743 2402 945 2438 περισώζεσοαι

160 2449 194 2483 τῇ
217 2447 369 2483 Ἐκκλησία
385 2448 452 2483 περὶ
481 2448 529 2475 τοῦ
554 2449 662 2484 ’Δδὰμ,·
676 2449 714 2480 ὡς
736 2449 818 2479 εὐθὺς
833 2449 902 2484 μετὰ
917 2449 947 2476 τὸ

161 2493 330 2529 ἐκϐληθῆναι
346 2494 393 2521 τοῦ
409 2495 574 2529 παραδείσου
591 2496 632 2527 εἰς
647 2495 697 2531 τὴν
716 2495 845 2522 Ἰουδαίαν
859 2495 947 2522 ἐλθεῖν

160 2539 244 2575 χάριν
265 2541 441 2576 παρηγορίας
457 2537 495 2567 ὧν
510 2541 661 2568 ἀπώλεσεν·
688 2540 758 2576 αὕτη
777 2541 824 2568 καὶ
839 2541 894 2576 γὰρ
911 2541 947 2576 γῆ

162 2585 234 2612 πίων
253 2585 387 2613 καλεῖται.
411 2587 515 2613 Ἐκεῖσε
541 2586 635 2613 λοιπὸν
661 2578 835 2621 ἐνδιατρίϐει,
854 2587 944 2613 ἐκεῖσε

162 2632 209 2658 καὶ
229 2631 374 2659 τέθαπται.
399 2631 496 2666 Θαῦμα
524 2632 574 2667 μὲν
597 2631 644 2659 οὖν
671 2631 760 2659 ἐδόκει
774 2632 832 2663 τοῖς
845 2631 945 2666 ὁρῶσιν

160 2676 178 2711 ὴ
194 2676 298 2703 ἐκείνου
314 2678 421 2713 κεφαλὴ
436 2677 486 2712 τῆς
507 2677 608 2712 σαρκὸς
627 2677 813 2713 διαρρυείσης,
832 2677 874 2703 ὅτι
893 2678 941 2704 καὶ

160 2723 271 2757 πρῶτον
287 2723 391 2750 ἐκεῖνον
414 2723 533 2750 Ἰουδαία
551 2724 647 2758 νεκρὸν
669 2723 790 2756 ἐδέξατο.
809 2723 854 2750 Ἐν
865 2723 942 2758 τόπῳ

161 2767 255 2796 λοιπόν
270 2777 324 2796 τινι
336 2769 519 2805 καταθέμενοι
536 2770 568 2797 τὸ
580 2770 702 2797 τοιοῦτον
716 2768 841 2806 κρανίον,
857 2768 942 2796 τόπον

197 2857 220 2874 ”
237 2856 306 2885 Gen.
320 2865 358 2889 IV,
371 2857 417 2886 23.
455 2859 463 2874 ¹
481 2858 490 2886 l
505 2858 568 2888 Cor.
584 2867 622 2892 ιχ,
637 2858 683 2886 27.

1036 2127 1155 2154 Adamus
1171 2131 1262 2154 autem
1284 2127 1389 2162 ejectus
1418 2135 1433 2155 e
1460 2129 1587 2163 paradiso
1612 2129 1689 2164 (hinc
1711 2131 1782 2158 enim

1002 2177 1155 2207 temporum
1166 2173 1305 2200 adnotatio
1315 2172 1482 2207 inchoatur),
1499 2181 1561 2201 cum
1576 2181 1663 2201 annos
1677 2175 1728 2202 930
1744 2177 1784 2202 vi-

1000 2219 1088 2246 vendo
1102 2219 1251 2253 explesset,
1267 2219 1293 2246 in
1311 2218 1402 2246 Judzea
1415 2225 1540 2247 mortuus
1555 2225 1608 2252 est,
1625 2221 1781 2257 ibidemque

999 2264 1134 2299 sepultus".
1161 2263 1238 2292 Unde
1262 2265 1288 2292 id
1313 2269 1431 2299 constet,
1456 2266 1529 2292 audi.
1559 2266 1727 2301 Epiphanius
1753 2269 1781 2295 in

997 2308 1122 2336 Panariia
1138 2313 1166 2336 et
1181 2309 1296 2337 Basilius
1311 2310 1338 2336 in
1357 2310 1432 2338 Isaia:
1448 2311 1515 2338 vatis
1532 2314 1707 2340 enarratione
1729 2318 1783 2340 tra-

998 2354 1067 2382 dunt
1083 2355 1258 2382 traditionem
1274 2355 1417 2390 quamdam
1429 2364 1485 2383 non
1499 2357 1627 2392 scriptam
1645 2358 1671 2385 in
1687 2359 1783 2387 Eccle-

998 2400 1038 2429 sia
1063 2401 1193 2434 retineri,
1211 2401 1344 2428 Adamum
1370 2402 1404 2429 de
1427 2402 1554 2437 paradiso
1579 2403 1694 2436 eiectum
1720 2413 1782 2432 mox

997 2447 1024 2474 in
1041 2447 1160 2475 Iudaeam
1178 2448 1352 2483 pervenisse,
1369 2455 1424 2483 quo
1445 2448 1537 2476 damni
1562 2449 1626 2477 facti
1651 2451 1779 2478 solatium

997 2493 1105 2528 aliquod
1134 2493 1262 2521 haberet.
1287 2493 1355 2521 Nam
1381 2494 1440 2528 ejus
1463 2499 1542 2522 terrae
1572 2495 1659 2522 solum
1680 2496 1781 2531 pingue

998 2539 1083 2566 sacris
1102 2539 1129 2566 in
1146 2539 1258 2567 Litteris
1273 2539 1436 2574 appellatur,
1461 2540 1487 2566 in
1505 2547 1559 2575 qua
1574 2541 1703 2576 deinceps
1717 2549 1780 2569 cum

1000 2587 1112 2614 vixisset
1136 2586 1237 2614 ibidem
1266 2586 1391 2620 sepultus
1416 2586 1478 2614 fuit.
1500 2587 1533 2614 Et
1557 2587 1699 2615 videbatur
1720 2589 1780 2622 ejus

997 2636 1089 2666 caput,
1112 2632 1157 2660 ubi
1174 2632 1229 2667 jam
1257 2639 1354 2659 carnes
1372 2632 1561 2665 deduxissent.
1579 2635 1675 2661 mirum
1691 2634 1779 2668 quod-

995 2678 1058 2705 dam
1077 2678 1248 2705 intuentibus
1264 2685 1325 2705 csse
1341 2679 1540 2713 spectaculum,
1555 2671 1703 2714 praesertim
1716 2687 1777 2706 cum

997 2723 1074 2758 121
1093 2722 1184 2750 Iudaea
1200 2724 1316 2758 primum
1331 2724 1454 2751 omnium
1469 2724 1585 2751 cadaver
1600 2724 1685 2758 ipsius
1701 2732 1780 2752 exce-

994 2769 1091 2804 pisset.
1101 2769 1192 2804 Itaque
1210 2765 1271 2796 loco
1283 2769 1399 2804 quodam
1415 2769 1465 2797 hae
1487 2769 1573 2804 ipsius
1585 2769 1701 2797 caharia
1713 2777 1778 2799 con-
