1957 3073
199 149 254 183 243

822 150 1033 182 MlCHAELlS
1052 148 1183 181 θυιεῶ

1764 140 1820 174 244

201 206 376 241 nequiverit?
395 206 477 241 Atqui
492 211 567 235 vates
579 207 617 235 ait
630 216 638 235 :
651 217 659 233 ι
676 207 841 243 iniquitates
856 212 917 235 tuas
929 208 983 234 Do-
998 233 999 236 η

1053 208 1086 242 ᾗς
1104 217 1114 233 ι
1140 205 1220 233 Ἀλλὰ
1235 205 1280 232 διὰ
1298 204 1376 231 τοῦτο
1388 201 1552 238 κατεκρίθη,
1566 201 1606 228 δτι
1621 200 1672 227 οὐκ
1686 197 1765 227 εἶπεν
1779 198 1819 243 ὥς

203 252 279 280 mino
302 253 378 287 prior
403 253 546 287 exponito,
571 259 600 281 ut
621 253 790 289 justiﬁceris.
815 263 823 280 ι
851 253 983 280 Nimirum

203 302 347 333 propterea
367 298 511 326 damnatus
526 303 578 332 est,
598 299 670 333 quod
694 299 734 327 sic
753 299 883 326 delictum
904 306 984 326 suum

203 345 293 372 fassus
316 353 370 372 non
394 345 477 372 fuerit
497 345 726 380 quemadmodum
749 350 827 373 vates
850 345 985 380 praecipit.

204 389 260 417 Hoc
277 390 349 418 enim
373 391 524 425 requiritur
539 398 593 417 non
609 396 638 418 ut
653 391 815 425 simpliciter
829 391 987 426 profitearc,

203 436 250 463 sed
262 441 289 463 ut
304 437 376 470 prior
390 437 441 463 hoc
456 437 550 469 facias,
564 444 613 464 nec
624 442 815 471 coarguentem
832 441 984 469 exspectes.

203 484 238 511 At
266 491 329 510 vero
349 482 450 510 Cainus
469 484 543 518 prior
563 491 616 511 non
630 484 769 518 exposuit,
784 482 831 510 sed
853 483 988 518 tantisper

204 530 382 564 exspectavit,
399 530 488 557 donec
506 538 519 556 a
537 529 591 557 Deo
607 535 822 565 coargueretur;
840 537 895 564 quo
911 530 984 556 facto

1036 254 1050 280 ὁ
1074 254 1221 289 Προφήτης
1241 250 1378 278 ἐκέλευσε.
1397 248 1434 276 Τδ
1462 248 1516 283 γὰρ
1547 245 1712 281 ζητούμενον
1741 242 1819 289 ταῦτά

1037 300 1124 330 ἐστιν,
1139 298 1169 324 οὐ
1187 297 1217 324 τὸ
1231 296 1318 322 είπεῖν
1331 294 1436 326 ἁπλῶς,
1451 292 1521 320 ἀλλὰ
1544 292 1575 318 τὸ
1596 290 1704 326 πρῶτος
1723 289 1820 319 εἰπεῖν,

1038 344 1068 370 τὸ
1084 343 1123 378 μὴ
1143 342 1286 375 ἀναμεῖναι
1302 340 1350 366 τὸν
1373 339 1530 374 ἐλέγχοντα.
1549 333 1636 367 Οὗτος
1647 335 1676 361 δὲ
1693 335 1743 360 οὐκ
1761 331 1822 359 εἷπε

1040 390 1160 424 πρῶτος,
1179 387 1237 414 ἀλλ’
1252 386 1398 421 ἀνέμεινεν
1410 384 1573 418 ἐλεγχθῆναι
1589 381 1664 416 παρὰ
1679 380 1726 407 τοῦ
1742 379 1820 410 Θεοῦ,

1040 436 1087 462 καὶ
1111 434 1198 465 οὕτως
1215 431 1276 459 εἷπε
1304 431 1354 466 τὴν
1380 429 1529 465 ἁμαρτίαν.
1557 428 1646 462 Ὅπερ
1671 426 1720 453 οὐκ
1750 424 1824 462 ἐστιν

1039 480 1244 516 ὲξομρλόγησις.
1258 478 1295 504 Τδ
1308 477 1363 512 γὰρ
1377 476 1485 511 πρῶτος
1498 475 1596 508 εἰπεῖν,
1614 474 1703 500 ἐκεῖνο
1717 471 1826 502 πάντως

1040 528 1089 555 καὶ
1105 526 1214 554 δικαιοῖ.
1232 534 1242 551 ι

204 577 333 605 delictum
350 584 430 604 suum
445 576 615 611 exposuit,id
628 563 699 612 quod
720 584 781 604 esse
794 563 930 603 confessio
948 575 1051 610 nequit.
1074 573 1139 600 Nam
1154 572 1272 607 priorem
1287 577 1348 598 esse
1366 569 1394 596 in
1408 567 1529 599 fatendo.
1539 566 1566 594 id
1578 573 1641 593 vere
1655 563 1803 600 justilirat.»
1814 570 1824 588 ι

241 623 401 657 llujusmodi
421 622 636 658 Cltrysostomus
655 624 748 651 verbis
769 623 812 651 his
837 623 991 650 indicarit:

209 679 219 695 ι
238 670 374 697 Cteterum
401 668 568 696 Matliusalas
589 668 730 696 Enocltunt
750 673 792 696 est
812 668 990 700 subsecutus,

208 714 386 742 Mathusalam
402 713 566 745 Lamachus,
583 721 598 740 a
612 721 666 748 quo
683 713 740 741 Noa
755 719 915 748 procreatus
930 713 990 746 fuit,

208 759 252 786 cui
281 764 337 786 tres
357 759 433 787 fuere
459 759 520 791 ﬁlii,
545 759 660 790 Semus,
682 758 823 790 Chamus,
846 758 989 793 Japhetus.

209 805 314 834 Accidit
328 811 420 833 autem
435 805 533 840 ntjam
552 805 693 832 hominum
714 804 861 832 multitudo
878 812 926 839 per
943 810 990 830 or-

1082 619 1138 647 Kai.
1160 619 1195 645 τὰ
1212 618 1261 653 μὲν
1287 615 1334 643 τοῦ
1358 615 1553 651 Χρυσοστόμου
1570 611 1682 640 τοιαῦτα
1694 618 1702 626 ⁸
1723 619 1732 636 ι
1751 608 1828 637 Μετὰ

1039 666 1085 693 τδν
1106 664 1191 700 Ἑνὼχ
1215 665 1229 691 6
1252 662 1428 694 Μαθουσάλα,
1444 660 1513 695 μετὰ
1530 659 1558 686 δὲ
1574 658 1668 685 τοῦτον
1683 657 1697 682 6
1716 656 1827 690 Λάμεχ.

1040 714 1072 740 ἐκ
1089 713 1116 740 δὲ
1131 712 1225 739 τούτου
1236 712 1251 738 6
1265 710 1338 738 Νῶε.
1355 707 1440 740 Οὗτος
1455 707 1538 742 γεννᾷ
1554 707 1629 742 τρεῖς
1646 705 1721 735 υίοὺς
1735 724 1743 736 ,
1757 703 1828 738 Σὴμ,

1040 759 1116 792 Χὰμ,
1136 756 1236 791 ¹1άφεθ.
1251 756 1306 782 Καὶ
1326 755 1433 789 ἐγένετο
1451 752 1533 787 ἡνίκα
1548 751 1666 787 ἧρξαντο
1683 750 1708 777 ot
1723 748 1830 783 ἄνθρω-

1040 815 1087 832 ποι
1102 803 1194 831 πολλοὶ
1212 802 1342 837 γενέσθαι
1355 801 1401 827 ἐπὶ
1409 801 1458 835 τῆς
1474 799 1536 834 γῆς,
1553 797 1705 837 θυγατέρες
1719 794 1830 829 ἐγεννή-

209 851 270 879 bem
289 859 414 879 crescere
438 852 582 887 inciperet,
608 851 708 886 quibus
728 859 788 879 cum
819 850 878 877 lilia:
896 858 992 877 nasce-

1053 851 1133 885 )ησαν
1154 835 1256 880 αὑτοῗς.
1282 847 1391 877 ’ἰδόντες
1407 846 1436 873 δὲ
1453 845 1478 872 οἱ
1497 843 1550 871 υἱοὶ
1563 843 1610 870 τοῦ
1627 835 1696 869 θεοῦ
1713 841 1762 872 τὰς
1782 840 1833 867 θυ-

209 901 315 931 rentur,
343 897 389 925 ﬁlii
406 897 452 926 Dei
470 898 662 926 animadverso
685 897 754 924 ﬁlias
770 897 910 924 hominum
944 904 992 924 ve-

210 949 306 971 nustas
317 950 390 976 esse,
400 943 434 971 de
447 943 522 971 omni
536 950 652 970 numero
666 942 802 978 eligebant
819 949 887 978 quas
895 949 994 970 uxores

210 988 353 1016 ducerent.
371 988 440 1016 Tum
475 987 606 1016 Dominus
621 987 710 1015 dixit:
732 997 741 1013 ι
769 986 826 1014 Νοη
850 994 996 1022 permane-

210 1034 250 1061 bit
265 1033 386 1069 Spiritus
407 1042 486 1063 meus
510 1035 538 1062 in
558 1035 633 1063 hisce
653 1035 824 1067 mertalibus,
842 1042 905 1062 cum
932 1041 996 1062 caro

209 1080 274 1108 sint.
290 1081 385 1115 Itaque
400 1081 519 1116 reliquos
535 1081 575 1109 eis
591 1080 687 1109 faciam
698 1081 749 1108 l‘20
759 1087 847 1108 annos
855 1079 876 1107 ⁸.
889 1090 897 1106 ι
910 1079 997 1108 Erant

210 1135 244 1155 ea
254 1132 417 1163 tempestate
428 1129 455 1155 in
467 1127 548 1155 terris
558 1127 692 1163 gigantes,
701 1135 753 1162 qua
765 1126 875 1161 quidem
887 1131 915 1154 et
927 1126 998 1153 dilu-

211 1174 284 1201 vium
296 1173 368 1201 Deus
380 1174 504 1204 immisit,
513 1174 593 1208 cujus
607 1177 670 1200 nota
681 1178 721 1200 est
731 1173 875 1200 admodum
886 1180 994 1200 causa.»

211 1219 280 1252 Quid
290 1224 388 1254 praeter
399 1219 466 1246 alios
478 1218 610 1253 Joseplins
622 1217 856 1249 tradiderit.audi.
870 1227 878 1242 ι
887 1217 997 1252 Septem

211 1265 338 1292 aetatibus
355 1265 382 1292 in
402 1272 435 1292 eo
451 1268 523 1292 statu
536 1265 682 1299 perstitere
702 1264 843 1296 mortales,
860 1269 890 1290 ut
914 1263 999 1290 Deum

214 1319 263 1345 pro
281 1318 373 1338 rerum
389 1310 506 1338 Domino
519 1314 700 1345 agnoscerent
716 1309 857 1344 solamque
871 1308 999 1336 virtutem

216 1355 245 1383 in
260 1356 388 1383 omnibus
412 1355 588 1390 respicerent.
610 1354 651 1382 Ab
669 1362 702 1381 eo
727 1355 857 1389 deinteps
881 1359 1001 1388 tempore

219 1401 315 1428 mutati
331 1405 395 1428 sunt
410 1401 437 1428 in
456 1400 543 1435 pejus.
561 1398 629 1427 Nam
645 1400 799 1435 complures
818 1408 851 1427 ex
875 1399 922 1427 Dei
939 1400 1002 1427 ﬁliis

216 1455 278 1475 cum
291 1447 451 1475 mulieribus
464 1452 688 1478 consuescentes,
707 1446 807 1474 liberos
824 1454 862 1473 ex.
879 1446 911 1473 iis
934 1454 1002 1473 con-

216 1498 338 1522 tumaces
355 1498 383 1521 et
406 1493 496 1520 omnis
527 1493 633 1520 honesti
659 1498 863 1527 contemptores
890 1496 1002 1527 propter

1044 896 1165 931 γατέρας
1191 894 1247 921 τῶν
1273 892 1425 928 ἀνθρώπων
1453 891 1494 917 ὅτι
1515 889 1597 916 καλαί
1622 889 1703 919 εἰσιν,
1734 886 1832 913 ἔλαϐον

1046 944 1152 973 ἑαυτοῖς
1170 941 1304 976 γυναῖκας
1333 940 1387 966 ἀπδ
1415 937 1511 964 πασῶν
1535 933 1572 963 ὧν
1589 934 1759 968 ἐξελέξαντο,
1775 932 1831 960 Καὶ

1046 989 1106 1017 εἷπε
1123 988 1223 1023 Κύριος
1238 987 1252 1013 6
1266 986 1349 1017 Θεός·
1370 994 1380 1011 ι
1402 984 1439 1011 0-5
1461 983 1499 1019 μὴ
1512 980 1667 1017 καταμείνῃ
1677 980 1708 1007 τὺ
1721 978 1834 1014 Πνεῦμά

1048 1044 1098 1072 μου
1118 1036 1145 1062 ὲν
1163 1035 1218 1066 τοῖς
1232 1032 1388 1068 ἀνθρώποις
1402 1030 1510 1059 τούτοις
1533 1028 1577 1055 διὰ
1597 1026 1628 1054 τὺ
1642 1024 1714 1053 εἶναι
1733 1024 1832 1056 αὐτοὺς

1048 1071 1163 1118 σάρκας.
1182 1081 1311 1107 Ἔσονται
1323 1078 1352 1104 δὲ
1366 1077 1394 1104 αι
1413 1076 1516 1111 ἡμέραι
1530 1073 1618 1106 αιᾌτῶν
1636 1071 1734 1099 ἑκατὸν
1747 1071 1834 1097 εῐκοσι

1049 1116 1107 1162 ἔτή.
1127 1136 1136 1153 ι
1157 1127 1189 1153 Οί
1218 1125 1247 1152 δὲ
1279 1123 1408 1158 γίγαντες
1432 1119 1504 1156 ἦσαν
1520 1121 1569 1147 ἐπὶ
1581 1119 1631 1154 τῆς
1651 1118 1703 1153 γῆς
1720 1117 1748 1162 ὲν
1775 1116 1835 1162 ut;

1050 1161 1172 1208 ὴμγέραις
1186 1170 1315 1201 ἐκείναις.
1337 1166 1496 1202 Τηνικαῦτα
1515 1165 1561 1193 καὶ
1582 1165 1629 1192 τὸν
1644 1161 1836 1196 κατακλυσμὸν

1050 1207 1146 1252 ἐπάγει
1161 1217 1175 1244 6
1190 1216 1267 1248 Θεός.
1288 1225 1297 1241 ι
1323 1214 1357 1241 Ἦ
1376 1214 1404 1240 δὲ
1424 1213 1497 1240 αἰτία
1511 1211 1559 1239 καὶ
1575 1210 1646 1238 πάνυ
1663 1209 1764 1243 σαφής.
1779 1207 1836 1234 Καὶ

1052 1264 1134 1291 ἄκουε
1148 1263 1200 1299 πρδ
1213 1261 1268 1289 τῶν
1282 1260 1370 1288 ἄλλων
1385 1258 1468 1286 αὑτοῦ
1480 1257 1527 1285 τοῦ
1548 1256 1681 1291 Ἰωσήπου
1697 1254 1835 1288 λέγοντος

1054 1319 1064 1336 ι
1091 1309 1177 1337 Ἑπτὰ
1192 1308 1300 1343 γενεαῖς
1319 1307 1343 1333 οἱ
1355 1305 1494 1341 ἄνθρωποι
1510 1303 1649 1337 διέμειναν
1669 1301 1735 1328 Θεὸν
1755 1299 1838 1335 ἡγού-

1054 1365 1129 1391 μενοι
1143 1355 1281 1388 Δεσπότην
1304 1353 1351 1380 καὶ
1374 1351 1462 1379 πάντα
1480 1350 1547 1385 πρδς
1568 1347 1668 1385 ἀρετὴν
1679 1347 1836 1383 βλέποντες.

1053 1403 1131 1431 Μετὰ.
1162 1401 1190 1429 δὲ
1220 1399 1307 1428 ταῦτα
1335 1396 1548 1434 μεταϐάλλονται
1580 1395 1650 1429 πρὸς
1677 1393 1708 1420 τδ
1734 1394 1836 1428 χεῖρον.

1054 1450 1150 1477 Πολλοὶ
1165 1449 1218 1484 γὰρ
1231 1448 1341 1482 ἄγγελοι
1353 1445 1422 1472 Θεοῦ
1436 1444 1545 1480 γυναιξὶ
1560 1442 1744 1477 συμμιγέντες
1759 1440 1839 1475 ὑδρι-

1056 1496 1122 1526 erit;
1140 1495 1290 1528 ἐγέννησαν
1313 1491 1412 1522 παῖδας
1432 1489 1479 1517 καὶ
1497 1488 1596 1519 παντὸς
1619 1486 1775 1522 ὑπερόπτας
1791 1494 1842 1511 κα-

218 1539 344 1574 potoutia:
369 1538 494 1566 ﬁduciam
519 1546 699 1573 progenuere.
727 1537 897 1573 Quapropter
914 1537 999 1564 visunt

1055 1540 1103 1568 λοῦ
1121 1540 1166 1567 διὰ
1185 1539 1234 1574 τὴν
1252 1537 1298 1564 ἐπὶ
1316 1538 1349 1572 τῇ
1366 1536 1482 1570 δυνάμει
1497 1533 1671 1568 πεποίθησιν.
1685 1532 1767 1558 Ὅθεν
1786 1531 1843 1557 δια.

217 1589 260 1612 est
282 1585 338 1611 Deo
365 1591 427 1612 cum
445 1584 478 1612 iis
502 1584 659 1612 universam
676 1585 814 1611 nationem
843 1583 1001 1613 mortalium

215 1630 386 1663 exscindere,
401 1638 541 1666 genusque
551 1638 648 1665 purum
661 1631 695 1658 ab
703 1629 889 1666 omni~ﬁagitio
904 1629 1002 1661 facere,

218 1677 329 1704 resectis
342 1677 408 1712 ipsis
420 1678 502 1705 etiam
518 1677 598 1705 annis
612 1677 675 1705 vitae
688 1677 817 1712 longaeva:
830 1683 911 1711 quam
928 1675 1003 1711 prius

217 1723 360 1759 degebant.
373 1734 381 1750 ι
394 1724 576 1751 Consimiliter
586 1724 739 1751 eteximius
755 1723 799 1750 ille
817 1722 934 1758 Cyrillus
947 1722 1003 1749 dis-

218 1771 294 1798 serit.
313 1769 393 1806 124
410 1769 468 1796 Filii
484 1768 542 1802 Dei,
554 1769 601 1802 aitI
615 1770 665 1797 hoc
681 1774 722 1796 est
736 1777 751 1796 a
768 1768 853 1796 Sctlto
877 1767 1003 1803 prognati

217 1817 290 1850 (nam
315 1817 389 1843 illum
416 1815 522 1843 virtutis
535 1823 614 1843 causa
638 1816 679 1843 sui
704 1815 784 1843 deum
809 1814 1004 1850 appellavere),

217 1862 408 1889 animadverso
435 1861 503 1889 ﬁlias
529 1861 682 1893 hominum,
702 1861 727 1888 id
754 1866 796 1888 est
818 1865 894 1888 ortas
907 1868 939 1887 ex
957 1868 1004 1894 po-

218 1908 340 1934 steritate
359 1907 449 1940 Cnini,
477 1906 560 1933 forma
583 1911 714 1933 venustas
734 1913 804 1939 esse,
831 1905 1005 1933 matrimonio

219 1954 270 1981 sibi
286 1954 498 1987 easjunxerunt,
518 1953 627 1988 natique
638 1958 701 1980 sunt
715 1961 747 1980 ex
763 1955 803 1980 eis
813 1953 945 1988 gigantes,
958 1953 1006 1979 bo-

219 2001 307 2027 mines
323 2000 453 2027 informes
471 2006 635 2033 omnemque
656 1999 817 2033 pravitatem
834 1997 984 2025 referentes
997 2017 1005 2028 ,

220 2047 331 2073 iu.lente
347 2051 454 2079 turpem
474 2045 516 2080 eis
533 2044 602 2071 hanc
615 2044 734 2078 speciem
749 2043 803 2070 Deo
828 2048 938 2078 propter
959 2049 1007 2068 ne-

221 2093 329 2119 fandum
350 2096 378 2118 et
391 2091 587 2118 exsecrabilem
609 2090 717 2125 generis
730 2089 870 2123 utriusque
894 2089 1007 2116 commi-

222 2138 348 2165 stiouem.
366 2137 478 2164 Easdem
500 2136 536 2163 ob
558 2143 655 2163 causas
671 2135 774 2162 diluvio
788 2139 851 2161 sunt
867 2133 1007 2162 exstincti.

219 2185 387 2218 Signiﬁcavit
403 2183 473 2211 idem
487 2191 600 2218 magnus
614 2182 695 2209 etiam
712 2181 819 2214 Petrus,
846 2181 873 2208 in
898 2181 1007 2216 Episto-

220 2231 307 2259 larum
318 2237 428 2257 suarum
441 2229 636 2256 catholicarum
650 2227 733 2263 altera
754 2227 844 2254 verbis
860 2227 933 2254 hisce
948 2227 1006 2254 dis-

219 2285 329 2305 Serens:
345 2286 354 2302 ι
366 2276 514 2311 lmpiorutn
526 2274 619 2310 generi
635 2274 766 2301 diluvium
786 2272 889 2300 invexit
901 2274 937 2300 ’.ι
949 2272 1006 2300 Cur

221 2323 265 2350 hic
279 2327 357 2350 vocat
372 2321 478 2355 impios,
492 2321 537 2356 qui
553 2327 636 2347 unum
653 2318 738 2346 Deum
754 2319 880 2354 religiose
891 2318 1007 2346 colendo

218 2367 440 2396 venerabantur?
460 2367 529 2400 Quia
544 2371 686 2401 tantopere
700 2366 725 2392 in
740 2365 880 2393 libidinem
897 2371 1008 2392 exarse-

219 2419 282 2442 runt
300 2419 328 2441 ut
340 2413 433 2449 viginti
460 2413 507 2440 viri
524 2419 576 2439 una
591 2420 652 2440 cum
670 2411 769 2439 femina
784 2409 1007 2439 consuescerem.

220 2459 277 2487 lloc
297 2459 369 2486 enitn
387 2463 465 2494 pacto
482 2457 526 2485 Dei
545 2465 654 2493 quoque
672 2457 729 2489 lilii,
742 2457 872 2484 nimirum
890 2465 903 2482 a
923 2455 1008 2483 Setlto

220 2506 355 2542 prognati,
366 2506 398 2533 ad
409 2505 571 2533 concubitus
584 2512 666 2540 vagos
676 2503 782 2531 invitati
792 2509 872 2536 sunt;
885 2502 936 2538 qui
946 2503 1009 2537 qni-

220 2553 281 2581 dent
299 2553 406 2580 virtutis
428 2551 509 2579 etiam
530 2551 643 2578 nomine
658 2550 706 2585 Dei
731 2554 796 2577 sunt
808 2549 933 2584 appellati
949 2548 1008 2581 ﬁlii,

221 2599 445 2635 quemadmodum
456 2598 572 2626 lsraelus
581 2602 691 2625 vocatur
707 2597 778 2624 ﬁlius
790 2595 1009 2631 primogenitus'.

222 2646 318 2674 Tradit
328 2646 386 2673 haec
397 2645 505 2673 divinus
517 2645 562 2672 ille
574 2644 613 2672 vir
622 2643 801 2679 Ephraemus.
809 2642 842 2669 Et
851 2641 1012 2676 Clu-ysosto-

224 2701 285 2721 mus
303 2692 418 2720 aﬁirmat
442 2691 494 2718 alia
522 2690 597 2718 nulla
618 2690 652 2717 de
669 2694 750 2716 causa
778 2695 860 2722 quam
876 2687 912 2714 ob
941 2686 1012 2714 hanc

224 2741 368 2775 utriusque
392 2738 500 2775 generis
514 2736 730 2765 commistionem
757 2735 818 2763 caeli
844 2739 950 2762 meatus
967 2741 1012 2760 re-

224 2786 314 2815 clusos
330 2787 425 2814 fuisse.
443 2785 538 2813 Itidem
551 2792 606 2812 non
620 2782 769 2818 impietatis
788 2781 872 2809 Deum
885 2779 1012 2815 negantis

268 2878 277 2894 ‘
293 2879 359 2907 Gen.
377 2889 414 2914 Vl,
431 2881 457 2907 ὖ.
497 2880 506 2895 '
519 2878 539 2907 Il
559 2878 630 2906 l‘ctr.
649 2885 677 2911 tt,
759 2876 768 2892 ⁸
783 2874 856 2902 Exod
891 2881 928 2906 Iv,
950 2873 993 2900 '22.

1054 1588 1156 1614 νοεῖται
1172 1587 1186 1614 6
1204 1585 1272 1617 Θεὸς
1298 1585 1346 1612 καὶ
1372 1584 1426 1610 πᾶν
1443 1583 1505 1610 ὅσον
1529 1580 1563 1617 ἦν
1588 1579 1759 1614 ἀνθρώπινον
1782 1577 1842 1605 6m-

1054 1633 1166 1668 φθεῖραι
1183 1632 1231 1658 σὺν
1256 1631 1360 1662 αὐτοῖς,
1381 1629 1428 1656 καὶ
1452 1628 1564 1663 ποιῆσαι
1579 1627 1655 1660 γένος
1671 1626 1764 1660 ἕτερον
1790 1634 1841 1650 πο-

1056 1680 1154 1714 νηρίας
1178 1677 1312 1712 καθαρὸν,
1339 1675 1551 1710 ὲπιτεμνόμενος
1579 1673 1626 1700 καὶ
1652 1672 1722 1699 αὑτὰ
1743 1670 1779 1698 τὰ
1792 1670 1840 1705 ἔτη

1057 1725 1128 1758 ἆπερ
1143 1724 1277 1759 πρότερον
1294 1723 1372 1755 ἔζων.
1392 1730 1402 1747 ι
1427 1720 1507 1747 Ἀλλὰ
1529 1719 1578 1746 καὶ
1601 1721 1615 1746 6
1634 1719 1721 1753 μέγας
1742 1716 1844 1752 Κύριλ-

1057 1771 1101 1802 λος
1117 1769 1192 1804 λέγει
1213 1770 1255 1796 ὅτι
1277 1768 1377 1799 ἰδόντες
1400 1767 1425 1794 οῑ
1438 1767 1491 1794 υἱοὶ
1505 1766 1552 1793 τοῦ
1565 1765 1644 1798 Θεοῦ,
1661 1763 1801 1791 τουτέστιν
1818 1762 1844 1789 οι

1057 1817 1111 1844 ἀπὸ
1125 1816 1172 1843 τοῦ
1184 1816 1238 1850 Σὴθ
1250 1814 1437 1848 καταγόμενοι
1453 1814 1569 1848 (ἐκεῖνον
1582 1811 1636 1847 γὰρ
1655 1811 1698 1838 διὰ
1709 1810 1758 1845 τὴν
1775 1810 1842 1844 ἀρε-

1056 1862 1105 1897 τὴν
1128 1861 1210 1888 αὑτοῦ
1238 1860 1301 1887 θεὸν
1326 1859 1442 1893 ἔλεγον),
1467 1858 1515 1888 τὰς
1541 1856 1693 1891 θυγατέρας
1713 1855 1768 1881 τῶν
1794 1853 1843 1881 ἀν-

1059 1907 1189 1942 θρώπων,
1208 1907 1293 1942 ἡγουν
1314 1905 1364 1937 τὰς
1380 1905 1435 1931 ἀπὸ
1462 1903 1509 1930 τοῦ
1537 1904 1617 1934 Κάῖν,
1635 1902 1676 1929 ὅτι
1703 1901 1784 1928 καλαὶ
1806 1900 1846 1935 τῷ

1059 1954 1124 1980 εῖδει
1148 1953 1229 1984 εἰσὶν,
1259 1952 1354 1978 ἔλαϐον
1381 1950 1466 1981 αὐτὰς
1485 1949 1524 1980 είς
1542 1947 1771 1983 γυναῖκας.”Οθεν
1797 1947 1847 1973 καὶ

1059 1999 1206 2034 ὲγεννῶντο
1232 1998 1257 2024 οἱ
1275 1998 1413 2032 γίγαντες,
1436 1996 1532 2030 ἄνδρες
1560 1995 1692 2026 δυσειδιίς
1721 1994 1770 2021 καὶ
1791 1994 1846 2019 πᾶν

1060 2045 1087 2071 εί
1107 2054 1133 2071 τι
1157 2044 1288 2070 κάκιστον
1315 2042 1401 2074 ὄντες,
1430 2041 1478 2068 τοῦ
1509 2040 1577 2067 Θεοῦ
1596 2039 1846 2075 παραχαράξαντος

1059 2091 1158 2121 αὐτοὺς
1186 2089 1231 2116 διὰ
1259 2088 1310 2123 τὴν
1338 2087 1465 2124 μυσαρὰν
1486 2086 1578 2114 αὐτῶν
1594 2087 1681 2122 μίξιν.
1701 2086 1783 2112 Ὅθεν
1798 2087 1847 2113 καὶ
1878 2105 1882 2108 ι

1059 2136 1227 2168 κατακλύζει
1243 2136 1352 2166 αὐτοὺς.
1369 2134 1460 2165 καθὼς
1472 2134 1520 2160 καὶ
1536 2133 1549 2158 6
1566 2133 1715 2168 κορυφαῖος
1731 2133 1846 2167 ἐνέφηνε

1060 2183 1162 2217 Πέτρος
1191 2183 1219 2208 ὲν
1240 2183 1271 2217 τῇ
1297 2181 1428 2216 καΟολικῇ
1459 2180 1541 2207 αὑτοῦ
1558 2179 1676 2215 δευτέρᾳ
1699 2178 1846 2214 Ἐπιστολῇ

1059 2229 1147 2261 οὕτως
1167 2228 1252 2255 εἰπών
1263 2237 1270 2244 ·
1290 2238 1300 2254 ι
1322 2227 1525 2261 Κατακλυσμὸν
1542 2226 1637 2261 κόσμῳ
1653 2225 1760 2252 ἀσεϐῶν
1773 2224 1842 2250 ἑπά-

1060 2276 1118 2309 ξας.
1140 2284 1149 2301 ι
1170 2275 1220 2301 Διὰ
1234 2275 1262 2301 τί
1278 2274 1306 2301 δὲ
1325 2275 1386 2305 τοὺς
1399 2274 1448 2300 ἕνα
1461 2273 1528 2300 Θεὸν
1543 2271 1765 2307 προσκυνοῦντας
1779 2271 1847 2296 ἀσε-

1061 2321 1118 2352 ϐεῖς
1130 2321 1261 2353 ἐκάλεσε;
1275 2321 1347 2346 Διότι
1361 2320 1487 2346 τοσοῦτον
1503 2319 1676 2353 ἐξεμάνησαν
1691 2317 1731 2348 εἰς
1747 2325 1845 2343 συνου-

1062 2367 1123 2398 σίας
1146 2367 1184 2398 ὼς
1211 2367 1256 2393 ἐπὶ
1275 2366 1365 2393 εἴκοσι
1390 2365 1506 2400 ἀνδράσι
1533 2364 1582 2400 τὴν
1600 2363 1719 2398 γυναῖκα
1735 2361 1852 2397 περιφέ-

1063 2413 1170 2449 ρεσθαι.
1191 2412 1239 2438 Ἐκ
1259 2411 1356 2438 τούτου
1386 2411 1441 2446 γὰρ
1465 2410 1512 2437 καὶ
1528 2410 1592 2442 τοὺς
1609 2409 1685 2440 υἱοὺς
1699 2408 1748 2435 τοῦ
1766 2407 1848 2440 Θίοῦ,

1061 2460 1124 2490 τοὺς
1148 2460 1179 2486 ἐκ
1204 2457 1271 2484 Θεοῦ
1292 2457 1345 2492 Σὴθ
1361 2457 1478 2492 δηλαδὴ,
1509 2457 1578 2490 πρδς
1607 2455 1682 2491 μίξιν
1707 2454 1850 2482 εἵλκυσαν.

1063 2505 1123 2532 Υἱοὶ
1144 2505 1173 2531 δὲ
1197 2503 1244 2531 τοῦ
1262 2503 1330 2530 Θεοῦ
1345 2503 1470 2537 λέγονται
1486 2502 1533 2529 καὶ
1556 2501 1600 2528 διὰ
1613 2503 1663 2537 τὴν
1680 2499 1781 2536 ἀρετὴν
1798 2500 1851 2526 αὒ-

1062 2553 1117 2578 ιεῶν
1145 2551 1240 2586 ὥσπερ
1266 2551 1324 2581 υἱὸς
1351 2549 1525 2584 πρωτότοκος
1556 2548 1571 2575 6
1593 2547 1712 2582 Ἰσραὴλ,
1729 2545 1852 2578 κιθὼςό

1064 2597 1136 2628 θεῖος
1155 2597 1208 2633 ἔφη
1227 2596 1361 2631 Ἐφραῖμ.
1377 2594 1434 2622 Καὶ
1449 2596 1463 2622 6
1479 2593 1597 2630 χρυσοῦς
1615 2593 1644 2620 δὲ
1663 2593 1712 2627 τὴν
1728 2591 1853 2626 γλῶτταν

1064 2644 1114 2671 οὐκ
1133 2642 1213 2670 ἄλλον
1226 2642 1297 2673 τινὸς
1310 2641 1405 2673 ἕνεκα,
1421 2640 1470 2674 τῆς
1488 2639 1518 2666 δὲ
1535 2639 1589 2666 τῶν
1605 2639 1694 2673 γενῶν
1709 2636 1854 2672 ἐπιμιξίας

1066 2687 1223 2723 ἀίοιχθῆναι
1234 2686 1310 2721 λέγει
1327 2685 1390 2716 τοὺς
1402 2683 1580 2718 καταράκτας
1594 2682 1642 2709 τοῦ
1657 2680 1854 2717 οὐρανοῦ.¹οτι

1065 2733 1094 2760 δὲ
1114 2732 1158 2760 διὰ
1183 2727 1351 2767 φιληδονίαν’
1362 2730 1413 2756 καὶ
1428 2728 1478 2764 τὴν
1497 2728 1626 2763 μυσαρὰν
1641 2726 1749 2761 ἐκείνην
1766 2724 1853 2761 μίξιν,

1065 2775 1103 2806 ὧν
1128 2779 1223 2806 ἕνεκεν
1247 2776 1355 2808 duram;
1375 2774 1466 2803 ἐκάλει
1496 2775 1561 2806 τοὺς
1581 2774 1713 2810 γίγαντας
1733 2773 1748 2800 6
1772 2779 1855 2808 κορυ-
