1957 3073
117 162 171 194 245

691 166 698 170 ’
735 164 939 198 ANNALIUM
961 166 1058 197 PARS
1079 166 1120 198 ll.

1686 163 1741 196 946

118 219 199 253 quia;
233 218 344 253 Πέτρος,
362 218 486 252 ὲπῆγαγε
512 218 558 244 τὸν
584 219 777 255 κατακλυσμὸν
794 222 807 246 6
822 221 900 253 Θεδς,

970 229 992 248 et
1009 223 1060 249 alia
1077 221 1207 256 quapiam
1233 229 1317 249 causa
1334 221 1465 249 diluvium
1491 219 1575 248 fuisse
1595 220 1745 247 invectum.

118 264 168 290 καὶ
186 263 217 290 οὗ
229 263 264 290 δι’
281 263 375 290 ἀθεΐαν
391 264 407 299 ἦ
422 264 505 298 ἄλλην
520 264 622 291 κακίαν
637 265 709 297 τινὰ,
735 267 749 292 ὸ
767 265 906 297 θειότατος

120 309 254 344 Κύριλλος
283 310 310 336 ἐν
325 311 357 345 τῇ
386 311 457 336 κατὰ
476 309 624 337 Ἰουλιανοῦ
652 310 737 345 βίϐλῳ
753 312 905 345 παρίστησι

118 354 199 380 τοῦτο
218 354 374 388 σαφέστατα
401 355 500 388 λέγων·
518 365 527 381 ‹
545 355 576 383 0!
597 355 627 387 ὲξ
647 355 734 390 Ἀδᾶμ
755 355 804 381 καὶ
826 354 906 389 μέχρι

119 401 169 427 τοῦ
184 401 244 428 Νῶε
256 402 400 436 γεγονότες
415 402 462 429 ἄνθ
469 410 557 436 ρωποι
571 402 638 429 Θεὸν
656 401 704 428 ἕνα
720 402 766 428 τὸν
779 401 906 435 ἀληθινὸν

121 447 301 481 τετιμήκασι.
320 447 389 481 μετὰ
406 445 435 474 δὲ
461 448 510 483 τὴν
532 448 579 474 τοῦ
602 448 708 481 πύργου
735 446 907 481 κατασκευὴν

123 492 173 519 καὶ
191 492 240 526 τὴν
254 492 309 519 τῶν
324 492 456 526 γλωσσῶν
470 493 614 527 διαφορὰν,
626 493 675 518 ἁσύ
682 493 785 527 μὸατον
799 492 846 519 καὶ
861 491 909 518 αὑ-

122 538 173 573 τὴν
195 538 328 573 ἐσχήκασι
346 539 396 574 τὴν
413 539 478 573 περὶ
499 539 566 565 Θεοῦ
591 539 680 570 δόξαν
698 537 835 572 πανταχοῦ
852 537 908 572 γὰρ

123 583 368 616 διασκεδασθέντες
393 585 440 610 καὶ
459 584 509 617 τὴν
524 584 654 610 πολύθεον
671 584 776 618 πλάνην
793 584 911 618 ἐσχήκα-

123 637 179 655 σιν.
199 638 209 655 ι
229 629 292 655 Ὀτι
309 629 337 656 δὲ
363 629 396 656 δι’
411 629 531 656 ἀσωτίαν
555 629 720 664 ἀμφοτέρων
739 629 794 655 τῶν
819 628 910 664 μερῶν

123 676 138 702 6
165 675 338 710 παγκόσμιος
356 676 462 706 ἐκεῖνος
483 675 580 710 γέγονε
603 675 807 709 κατακλυσμῦς,
828 673 910 705 αὐτὸς

124 722 138 748 ὁ
158 720 224 752 Θεδς
238 721 373 755 ἐδήλωσεν
389 721 475 752 οὕτως
498 721 595 747 εἰπών’
613 729 622 746 ί
644 721 681 747 Οὐ
702 721 739 755 μὴ
755 719 911 755 καταμείνῃ

124 767 155 793 τὺ
183 766 297 801 Πνεῦμά
319 775 369 801 μου
397 767 426 792 ὲν
441 768 496 798 τοῖς
514 765 668 801 ἀνθρώποις
682 767 794 797 τούτοις
817 766 862 792 διὰ
877 766 910 792 τὸ

125 811 197 839 εῖναι
220 812 319 843 αὐτοὺς
341 812 460 851 σάρκας,
481 821 490 838 ι
509 813 594 847 ἦγουν
621 812 666 839 διὰ
689 812 721 838 τδ
741 812 791 846 ζῇν
807 812 911 842 αὐτοὺς

126 856 259 893 ἐμπαθῶς
275 865 304 884 τε
331 858 380 884 καὶ
405 857 554 892 σαρκιχῶς.
571 857 651 884 Οὕτω
667 857 716 891 μὲν
731 855 778 884 οὖν
795 857 809 883 ὁ
824 856 911 890 μέγας

127 903 237 935 Παῦλος
253 904 316 935 τοὺς
331 904 471 938 ἐγκρατῶς
487 903 592 936 ζῶντας
607 904 744 938 ἀσάρκους
759 903 849 934 καλεῖ,
868 902 913 928 λέ-

127 957 206 983 γων·
227 959 236 976 ι
263 950 359 985 Ὑμεῖς
385 950 414 977 δὲ
432 950 483 977 οὐκ
510 949 571 977 ἐστὲ
595 950 623 977 ὲν
651 949 743 986 σαρκί.
768 958 778 975 ι
803 949 914 988 Σάρκας

129 996 180 1030 μὲν
208 993 267 1026 οὖν.
294 995 388 1032 ὥσπερ
407 996 439 1031 δὴ
466 996 514 1023 καὶ
538 996 659 1029 ἁσεΰεῐς,
675 995 755 1022 είωθε
785 996 879 1022 καλεῖν
895 996 912 1030 ή

128 1040 226 1076 recte?)
251 1042 313 1074 τοὺς
330 1041 389 1077 βίον
409 1041 521 1076 ἔχοντας
547 1042 663 1069 ἄσωτον·
687 1041 799 1068 ἀσέϐεια
814 1043 869 1076 γὰρ
883 1041 913 1067 οὐ

131 1087 212 1122 μόνον
226 1089 243 1123 ἠ
263 1088 318 1114 τῶν
335 1087 454 1115 εἰδώλων
470 1087 668 1123 προσκύνησις,
686 1088 754 1114 ἀλλὰ
768 1088 815 1114 καὶ
832 1087 915 1118 αὐτὸς

128 1135 143 1161 6
168 1133 288 1168 ἀσελγὴς
312 1134 370 1169 βίος
397 1133 445 1160 καὶ
474 1134 589 1165 ἄσωτος.
619 1134 676 1160 Καὶ
703 1132 784 1160 τοῦτο
813 1133 916 1168 δηλοῖὸ

132 1180 269 1215 μακάριος
285 1180 367 1206 Δαὸὶδ
391 1180 479 1214 λέγων
492 1187 500 1194 θ
521 1188 531 1205 ‹
552 1179 623 1214 Ἐγὼ
641 1178 916 1214 εἷπα,Ἐξαγορεύσω

130 1226 192 1252 κατ’
205 1226 273 1259 ὲμοῦ
287 1225 336 1261 τὴν
347 1226 459 1260 ἀνομίαν
474 1234 524 1260 μου
536 1225 574 1260 τῷ
585 1225 689 1260 Κυρίω,
704 1225 750 1251 καὶ⁵
759 1225 791 1250 σὺ
806 1224 916 1259 ἀφῆκας

132 1271 182 1306 τὴν
197 1271 323 1298 ἀσέϐειαν
333 1271 382 1305 τῆς
400 1271 514 1306 καρδίας
531 1279 609 1305 μου.»
628 1270 674 1305 Μὴ
689 1270 744 1305 γὰρ
756 1270 917 1302 ἀλλόπιστος

129 1315 165 1353 ἦν
182 1318 196 1344 6
211 1316 292 1343 Δασίδ
304 1325 312 1349 ;
326 1316 372 1352 Μὴ
383 1317 428 1343 τὸν
442 1316 509 1343 Θεὸν
523 1316 680 1350 ἐξωμόσατο
695 1316 805 1347 πάντως
816 1324 823 1348 ;
836 1316 916 1351 Οὐχὶ,

132 1363 201 1390 ἀλλὰ
214 1363 264 1398 τὴν
279 1362 429 1396 ἐπιθυμίαν
449 1363 510 1398 ἥτις
530 1362 608 1389 ἔτεκε
622 1362 673 1397 τὴν
698 1362 834 1398 μοιχείαν,
850 1363 918 1389 ἀσέ-

132 1408 210 1437 ϐειαν
225 1410 331 1441 ἐκεῖνος
351 1409 475 1436 ἐκάλεσε.
500 1408 678 1443 Παγκόσμιον
704 1407 733 1434 δὲ
761 1408 807 1435 τὸν
834 1417 920 1435 κατα-

133 1456 257 1490 κλυσμὸν
277 1456 380 1482 ἐκεῖνον
401 1456 554 1490 ἐπήνεγκεν
566 1456 580 1481 6
599 1454 678 1486 Θεὸς,
697 1455 737 1481 ὅτι
753 1455 801 1481 καὶ
817 1455 924 1487 πάντες,

135 1503 235 1529 ἐκεῖνοι
252 1501 414 1537 καθάρσεως
432 1502 560 1537 ἔχρῃζον.
581 1502 636 1527 Καὶ
660 1500 738 1528 τοῦτο
754 1501 922 1536 παρίστησιν

134 1549 151 1583 ἡ
170 1548 264 1583 Γραφὴ
290 1548 429 1582 λέγουσαο
449 1557 459 1574 ‹
478 1548 533 1574 Καὶ
557 1544 611 1573 εἶδε
634 1546 737 1581 Κύριος
762 1546 777 1572 ὁ
791 1546 857 1578 Θεὸς
871 1547 921 1582 τὴν

132 1595 197 1630 γῆν,
220 1595 267 1621 καὶ
294 1593 328 1630 ἦν
347 1594 571 1629 κατεφθαρμένη.
592 1593 633 1620 ὅτι
658 1592 824 1628 κατέφθειρε
842 1594 917 1620 πᾶσα

134 1641 204 1676 σὰρξ
227 1641 278 1673 τὴν
296 1640 355 1667 ὁδὸν
377 1640 463 1675 αὐτῆς
483 1641 530 1666 ἐπὶ
545 1640 594 1675 τῆς
614 1640 677 1674 γῆς·
695 1648 704 1664 ³

134 1733 256 1759 omnium
269 1732 422 1760 mortalium
438 1739 527 1760 mores
541 1733 700 1766 depravatos
713 1734 735 1761 ’.
751 1742 761 1760 ι

170 1778 291 1814 Πρόσεχε
303 1778 341 1810 δὲ,
357 1779 492 1814 ἀγαπητέ.
510 1779 541 1806 El
563 1779 619 1814 γὰρ
645 1779 696 1806 οὐκ
709 1780 838 1814 ἐφείσατο
855 1779 918 1806 τότε

131 1825 207 1856 τινὺς
222 1827 236 1852 6
253 1825 330 1856 Θεὸς,
343 1825 412 1851 ἀλλὰ
425 1825 528 1856 πάντας
553 1824 638 1860 ἄρδην
656 1825 820 1858 κατέκλυσε,
836 1825 920 1859 μηδὲν

133 1870 326 1906 ὠφεληθέντας
342 1871 371 1897 ὲκ
390 1870 435 1897 τοῦ
449 1870 522 1905 λόγῳ
539 1871 612 1906 μόνῳ
636 1871 765 1898 σέϐεσθαι
781 1871 827 1897 τὸν
841 1871 920 1902 Θεὸν,

132 1916 246 1951 εὔδηλον
261 1917 369 1947 πάντως
380 1915 417 1947 ὡς
430 1916 490 1943 οὐδὲ
502 1916 581 1952 ἡμῶν
596 1917 626 1942 ἐν
641 1917 733 1953 ἐκείνῃ
747 1917 873 1951 φείσεται
887 1918 920 1952 τῇ

132 1965 237 1999 ἡμέρᾳ,
254 1964 278 1989 ει
290 1963 337 1989 καὶ
350 1962 380 1989 τὸ
397 1962 451 1989 τῶν
466 1963 638 1997 Χριστιανῶν
653 1963 844 1997 ὲπιφερᾶμεθα
864 1961 923 1989 δνο-

135 2018 185 2044 μα.
208 2009 281 2042 Ἐρεῖ
295 2008 349 2042 γὰρ
366 2007 473 2043 ἀληθῶς
492 2009 505 2034 6
521 2009 662 2044 Δεσπότης
679 2009 788 2035 πάντων
803 2009 922 2044 Χριστὸς

131 2055 181 2082 καὶ
193 2055 270 2090 ἡμῖν,
287 2054 356 2088 ὅπερ
370 2051 430 2080 εῑπε
442 2054 498 2084 τοῖ;
516 2053 665 2086 Ἰουδαίοις,
681 2053 762 2089 ἡνίκα
778 2053 924 2088 καυχώμε-

133 2110 174 2128 νοι
204 2100 313 2134 ἔλεγον·
343 2109 353 2125 ι
383 2099 480 2134 Ἡμεῖς
507 2100 539 2126 ἐκ
562 2099 610 2126 τοῦ
638 2100 742 2135 πατρὸς
771 2100 850 2136 ἡμῶν
874 2100 921 2126 τοῦ

139 2149 269 2184 ’Δσραάμ
287 2148 379 2182 ἐσμεν.
399 2156 409 2174 ι
434 2147 566 2182 Καθάπερ
590 2150 646 2184 γὰρ
675 2149 790 2180 ἑκεῖνοις
808 2149 919 2183 ἔλεγεν·

136 2205 146 2221 ι
166 2196 241 2222 Ειὲκ
253 2194 300 2221 τοῦ
320 2193 447 2229 Ἀδραὰμ
461 2191 522 2229 ἦτε,
542 2195 576 2221 τὰ
594 2194 662 2228 ἔργα
678 2194 712 2221 ἂν
741 2195 858 2221 ἐποιεῖτε
875 2193 921 2220 τοῦ

957 272 1033 296 extra
1049 268 1134 295 solant
1149 268 1219 295 hanc
1233 268 1393 302 voluptarim
1404 268 1465 294 vita:
1479 267 1620 294 libidinem
1635 269 1663 292 et
1673 271 1749 293 com-

957 314 1115 341 mistionem
1135 313 1344 346 exsecrandam,
1360 321 1415 348 quo
1431 313 1543 340 nomine
1559 312 1681 348 gigantes
1695 311 1747 338 im-

959 361 1017 394 pios
1033 368 1156 387 summus
1172 360 1216 387 ille
1229 359 1329 388 Petrus
1345 359 1501 395 appellavit.
1521 358 1750 393 praeclarissimas

960 407 1004 434 ille
1028 407 1144 442 Cyrillus
1173 407 1198 433 in
1230 407 1333 441 scripto
1357 406 1488 433 adversus
1514 405 1652 432 Iulianum
1678 403 1750 430 libro

960 453 1104 488 perspicue
1120 452 1210 480 verbis
1226 452 1302 479 ltisce
1331 451 1519 478 demonstrat:
1544 460 1552 476 ‹
1572 449 1702 477 Homines
1717 448 1752 475 ab

959 499 1063 525 Adamn
1088 499 1121 525 ad
1139 498 1222 525 Noam
1249 505 1336 531 usque
1357 497 1482 531 prognati
1503 496 1587 523 Dettm
1617 503 1699 522 unum
1725 499 1752 521 (-t

964 552 1056 572 verum
1072 544 1192 571 coluere.
1206 543 1267 570 Post
1277 542 1490 570 exstructionem
1504 549 1569 568 vero
1586 540 1668 566 turris
1679 539 1753 566 illius

962 591 1172 625 linguarumque
1197 589 1359 616 divisionem
1387 591 1531 622 coeperunt
1548 587 1629 614 etiam
1646 585 1753 620 opinio-

961 637 1043 664 nibus
1063 636 1097 663 de
1124 636 1178 663 Deo
1203 636 1335 663 dissidere
1350 634 1492 661 mortales.
1508 632 1576 659 Nam
1604 632 1630 658 in
1659 637 1754 658 omnes

961 683 1078 717 dispersi
1092 687 1183 716 partes
1203 682 1283 708 deum
1299 688 1408 716 quoque
1432 678 1618 707 multitudinis
1631 683 1754 704 errorem

963 728 1132 755 imbuerunt.
1151 736 1160 752 ι
1183 726 1307 761 Denique
1321 730 1430 761 propter
1444 725 1588 758 utriusque
1606 722 1691 758 partis
1713 721 1756 749 lu-

961 775 1069 801 xuriam
1087 774 1221 801 diluvium
1242 773 1310 800 illud
1336 774 1430 800 orbem
1447 772 1604 798 universum
1621 768 1756 796 invasisse

962 820 1036 847 Deus
1061 820 1121 854 ipse
1144 819 1278 850 denotat,
1303 826 1365 846 cum
1380 817 1444 850 :ait:
1463 826 1472 842 ι
1504 815 1563 843 Non
1585 814 1757 850 permanebit

965 865 1084 900 Spiritus
1096 872 1172 892 meus
1185 865 1211 891 in
1231 864 1306 892 hisee
1322 863 1492 894 mortalibus,
1505 869 1568 889 cum
1581 868 1644 888 caro
1661 860 1728 891 sint,
1744 867 1753 884 ι

966 911 1018 938 hoc
1034 915 1077 938 est
1090 918 1140 945 pro
1155 910 1329 938 aﬂeetionum
1357 913 1385 937 et
1408 908 1500 936 carnis
1518 907 1635 934 libidine
1652 905 1756 932 vivant.

967 956 1014 984 Sic
1030 957 1103 984 enim
1129 961 1157 984 et
1170 956 1271 984 Paulus
1287 956 1411 983 homines
1429 959 1616 990 temperanter
1632 952 1756 979 viventes

966 1001 1059 1029 carnis
1074 1006 1200 1035 expertes
1216 1001 1243 1028 in
1257 1000 1299 1028 his
1311 1000 1402 1028 verbis
1417 1004 1513 1028 vocat:
1535 1007 1544 1024 ‹
1560 998 1614 1026 Vos
1634 997 1660 1024 in
1672 1004 1756 1024 carne

966 1055 1022 1075 non
1043 1047 1109 1075 estis
1127 1048 1149 1074 ⁷.
1164 1057 1174 1073 ι
1193 1047 1325 1074 Nimirum
1345 1046 1455 1073 Littera:
1479 1052 1565 1074 saera;
1588 1050 1701 1072 carnem
1726 1046 1756 1069 et

968 1093 1067 1127 impios
1092 1092 1230 1127 appellere
1253 1095 1456 1119 consueverunt
1481 1098 1530 1118 eos
1556 1097 1672 1125 quorum
1699 1088 1757 1116 vita

969 1139 1083 1166 luxurite
1095 1139 1187 1166 dedita
1201 1143 1253 1166 est.
1268 1139 1334 1166 Nam
1350 1138 1476 1172 impietas
1505 1145 1557 1164 non
1585 1137 1756 1164 deastrorutn

969 1185 1050 1212 modo
1065 1185 1154 1212 cultus
1170 1190 1220 1214 est.
1253 1185 1301 1212 sed
1317 1184 1453 1219 signiﬁcat
1478 1184 1560 1211 etiam
1584 1182 1702 1210 lasciviae
1718 1181 1760 1208 lu-

968 1230 1109 1264 xuriaeqne
1123 1231 1205 1257 vitam
1222 1230 1380 1257 obnoxiam.
1400 1229 1479 1257 Patet
1494 1229 1547 1256 hoc
1563 1236 1595 1255 ex
1609 1227 1681 1255 beati
1706 1226 1758 1254 viri

969 1276 1081 1304 Davidis
1094 1277 1144 1304 hac
1155 1277 1295 1304 oratione:
1323 1285 1332 1302 α
1349 1275 1407 1302 Dixi
1435 1274 1506 1309 apud
1525 1281 1580 1306 me,
1595 1272 1759 1307 improbita-

970 1326 1024 1350 tem
1036 1329 1124 1349 nteam
1138 1321 1271 1349 adversus
1289 1328 1333 1348 me
1347 1321 1436 1355 ipsum
1452 1319 1567 1347 Domino
1588 1319 1711 1350 fatebor;
1731 1321 1760 1345 et

971 1372 1000 1395 tu
1026 1369 1079 1395 mei
1108 1368 1199 1395 cordis
1226 1367 1393 1402 impietatem
1419 1366 1485 1392 mihi
1513 1363 1700 1393 rondonasti‘
1719 1383 1726 1390 .
1747 1371 1757 1388 ι

971 1415 1068 1448 ρηωεο
1083 1419 1120 1446 te.
1137 1422 1201 1441 num
1216 1413 1295 1441 (idem
1310 1413 1629 1448 quamdam‘extraneam
1643 1409 1761 1437 Davidea

972 1459 1145 1487 sectabatur?
1173 1459 1241 1486 Num
1255 1459 1339 1485 Deum
1361 1458 1554 1492 abjurarerat?
1582 1455 1767 1490 Nequaquam

973 1510 1057 1532 certe.
1070 1505 1205 1532 Nimirum
1219 1504 1366 1539 impietatis
1382 1504 1514 1531 vocabulo
1530 1503 1609 1538 125
1625 1501 1762 1536 cupidita-

933 1563 956 1594 ρ
974 1556 1027 1578 tem
1051 1551 1136 1583 illam,
1161 1559 1221 1586 quo:
1239 1551 1402 1578 adulterium
1422 1553 1576 1584 pepererat.
1605 1548 1704 1575 innuit.
1727 1547 1763 1576 Ει

973 1597 1124 1624 universale
1147 1597 1280 1624 diluvium
1303 1596 1408 1623 invexit
1425 1601 1570 1631 propterea
1589 1595 1672 1625 Deus.
1685 1593 1759 1629 quod

973 1649 1070 1670 omnes
1085 1642 1122 1669 illi
1143 1643 1266 1670 homines
1286 1642 1488 1678 repurgationis
1512 1644 1633 1676 egerent.
1651 1639 1762 1676 Signifi-

76 1713 82 1718 ί
132 1691 211 1713 catur
227 1686 277 1713 hoe
294 1686 380 1714 sacris
395 1686 422 1712 in
439 1685 549 1713 Litteris
568 1694 617 1721 per
648 1686 705 1714 htee
731 1685 814 1713 verba
838 1694 875 1714 ει
892 1685 966 1713 Vidit
995 1687 1067 1715 Deus
1094 1688 1188 1716 orbem
1217 1693 1352 1716 terrarum
1381 1695 1444 1715 esse
1465 1687 1702 1722 corruptissimum
1733 1690 1762 1713 et

1006 1779 1055 1806 Hic
1070 1778 1191 1806 animum
1210 1778 1288 1809 mihi,
1302 1778 1401 1805 dilecte
1418 1778 1465 1810 liti,
1488 1777 1634 1804 advrrtito.
1659 1774 1726 1803 Nam
1738 1777 1762 1803 si

970 1824 1044 1852 Deus
1057 1824 1083 1851 id
1101 1824 1231 1858 temporis
1246 1824 1348 1851 nemini
1365 1824 1499 1859 pepercit.
1516 1822 1563 1850 sed
1574 1822 1677 1849 diluvio
1697 1821 1764 1848 inn-

970 1871 1043 1898 ditus
1054 1878 1148 1898 omnes
1159 1869 1263 1903 obruit‘,
1280 1871 1347 1898 nihil
1363 1871 1472 1904 adiutos
1485 1877 1518 1897 ex
1534 1877 1568 1897 eo
1582 1869 1654 1904 quod
1672 1868 1763 1895 verbis

973 1917 1056 1945 Deum
1085 1917 1211 1952 religiose
1238 1921 1445 1949 venerarenlur,
1470 1916 1580 1951 intelligi
1617 1915 1762 1950 perspicue

972 1969 1061 2000 potest
1070 1963 1201 1994 futurum.
1214 1966 1244 1989 nt
1254 1971 1288 1990 ne
1300 1963 1377 1990 nobis
1386 1962 1496 1997 quidem
1507 1963 1533 1988 in
1545 1962 1592 1989 illo
1602 1961 1645 1988 die
1657 1965 1761 1996 parcat,

976 2011 1082 2038 tametsi
1109 2018 1207 2036 nomen
1234 2009 1453 2036 Christianorum
1472 2009 1633 2036 habeamus.
1656 2007 1762 2035 Revera

976 2055 1049 2082 enim
1063 2054 1190 2081 Christus
1203 2054 1248 2081 ille
1262 2054 1396 2081 Dominus
1412 2053 1536 2080 omnium
1551 2053 1636 2080 verbo
1655 2060 1704 2080 nos
1717 2052 1763 2079 illo

975 2100 1159 2135 compellubit.
1175 2108 1229 2134 quo
1242 2100 1349 2127 Iudaeos
1360 2099 1459 2126 allatus
1468 2104 1520 2131 est,
1533 2107 1594 2127 eum
1605 2097 1762 2134 jaelahundi

976 2145 1099 2173 dicerent
1120 2154 1126 2171 :
1144 2155 1152 2170 ι
1173 2145 1228 2173 Nos
1243 2153 1276 2172 ex
1293 2146 1454 2172 Abrahamo
1469 2150 1546 2180 patre
1562 2149 1656 2172 nostro
1668 2152 1764 2172 sumus

977 2189 1030 2217 orti
1044 2190 1076 2217 ³ο.
1097 2199 1106 2215 ι
1130 2190 1264 2216 Nimirum
1285 2195 1315 2217 ut
1337 2190 1391 2217 illis
1421 2189 1580 2224 respondit:
1599 2199 1608 2216 ε
1625 2189 1651 2216 Si
1676 2189 1763 2217 Abra—

139 2240 278 2275 ⁹Δ6ραὰμ,
295 2248 305 2265 ι
322 2238 409 2270 οὕτως
422 2240 481 2274 ἐρεῖ
493 2240 541 2266 καὶ
561 2239 628 2275 ἡμῖν
639 2248 646 2256 ·
673 2249 683 2265 ι
697 2240 728 2266 El
741 2240 916 2274 Χριστιανοὺς

977 2235 1050 2263 hami
1063 2236 1121 2262 nati
1135 2236 1243 2267 essetis.
1263 2236 1420 2263 Abrahamo
1435 2236 1516 2271 digna
1534 2236 1682 2268 faceretis;
1699 2245 1708 2262 ι
1725 2237 1763 2263 ita

133 2286 251 2317 ἑαυτοὺς
265 2286 365 2320 εἴχετε,
379 2285 413 2312 τὰ
427 2286 497 2320 ἔργα
521 2285 554 2312 ἂν
570 2286 688 2312 ἐποιεῖτε
713 2286 748 2312 τὰ
771 2286 828 2316 τοῖς
856 2285 924 2319 Χρι-

134 2333 255 2364 πιανοίς
264 2331 430 2366 ἁρμόζοντα.
444 2341 453 2357 ι
465 2331 509 2366 Μὴ
523 2328 571 2358 οὗν
582 2331 629 2358 ἐπὶ
640 2331 746 2363 τούτοις
756 2330 922 2366 ἀμφίϐαλλε·

133 2381 180 2407 διὰ
192 2380 248 2413 γὰρ
264 2378 312 2405 τοῦ
339 2379 514 2412 παγκοσμίου
532 2377 637 2405 ἐκείνου
660 2377 860 2413 κατακλυσμοῦ
877 2378 924 2404 καὶ

134 2426 183 2453 τοῦ
201 2427 230 2452 ἔν
247 2425 373 2459 Σοδόμοις
398 2424 563 2459 ἐμπρησμοῦ
591 2424 684 2458 σαφῶς
698 2423 801 2456 ἔδειξεν
815 2424 829 2450 6
844 2424 922 2456 Θεδς,

135 2475 229 2501 ὁποῖον
249 2472 357 2506 ἀπαντᾷ
381 2471 457 2501 τέλος
479 2471 534 2502 τοῖς
549 2471 578 2497 ὲν
589 2470 694 2505 ἀσωτία
705 2471 749 2496 τὶν
766 2470 824 2506 βίον
840 2478 926 2496 καταμ-

135 2518 260 2545 λύουσιν.

175 2605 208 2632 '0
225 2605 316 2638 μέντοι
342 2605 404 2631 NII):
417 2604 604 2631 πεντακοσίων
625 2604 692 2631 ὲτῶν
705 2603 824 2638 γεγονὼς
842 2605 924 2640 γεννᾷ

132 2651 181 2679 τὸν
193 2652 264 2685 Σὶμ.
280 2651 324 2677 τὸν
336 2651 412 2685 Χὰμ,
425 2651 470 2676 τὸν
488 2650 591 2684 ’1άφεθ.
610 2650 667 2684 Ἐφ’
678 2646 701 2684 ᾧ
713 2651 761 2677 καὶ
774 2649 847 2682 ἄξιος
860 2649 924 2676 θαυ-

136 2697 282 2733 μσμῶνό
300 2697 379 2732 ἀνὴρ.
401 2697 442 2723 ὃτι
456 2697 583 2726 τοσοῦτος
613 2696 790 2730 παρίππευσε
815 2696 921 2731 χρόνο-,

134 2745 181 2771 καὶ
197 2743 287 2779 μίξεσι
302 2742 427 2777 νομίμοις
442 2741 611 2768 ὁποκύπτειν
624 2742 673 2768 οὑκ
688 2741 779 2776 ἤθελε.
796 2741 849 2767 Καὶ
856 2740 893 2772 ὡς
908 2741 922 2767 6

134 2788 346 2825 Χρυσορρήμων
368 2796 405 2822 φη
413 2788 461 2818 τὶν,
478 2787 503 2813 εί
529 2786 567 2822 μὴ
583 2787 642 2814 θεία
659 2794 703 2818 τις
721 2783 755 2822 ἦν
769 2785 921 2820 οἰκονομία,

171 2877 182 2892 '
200 2875 281 2903 Rom.
303 2883 362 2910 vttt,
379 2876 406 2904 9.
444 2876 454 2892 '
469 2875 538 2903 Psal.
555 2883 630 2910 xxxt,
645 2876 671 2903 5.
724 2878 734 2893 ⁹
747 2876 815 2905 Gen.
835 2885 871 2910 γι,
889 2877 931 2905 12.

975 2282 1053 2310 nobis
1067 2281 1150 2309 etiam
1173 2282 1299 2310 dicturus
1316 2287 1358 2310 est
1374 2290 1381 2309 :
1401 2291 1410 2308 ι
1429 2281 1456 2309 Si
1474 2290 1522 2317 pro
1537 2282 1702 2309 Christianis
1713 2290 1764 2310 vos

974 2337 1070 2364 gerere
1099 2329 1243 2358 volebatis.
1273 2336 1305 2355 ea
1329 2334 1459 2364 praestare
1485 2328 1669 2356 conveniebat
1703 2336 1764 2364 quia

974 2375 1144 2403 Christianos
1156 2375 1269 2403 omnino
1285 2377 1423 2402 deeerent.
1441 2385 1451 2401 ι
1477 2376 1566 2409 Atque
1585 2375 1672 2402 hacin
1684 2380 1764 2410 parte
1781 2366 1786 2375 ’

976 2422 1089 2449 minime
1107 2422 1153 2448 tibi
1166 2426 1208 2448 est
1222 2422 1424 2458 ambigendum.
1443 2421 1510 2448 Nam
1533 2429 1582 2457 per
1606 2421 1680 2449 orbis
1701 2421 1765 2448 uni-

977 2468 1047 2494 versi
1080 2467 1212 2495 diluvium
1245 2472 1272 2495 et
1304 2467 1484 2495 Sodomorum
1509 2468 1665 2496 incendium
1693 2469 1764 2496 Deus

978 2512 1124 2540 manifesto
1138 2513 1295 2545 declaravit,
1309 2513 1396 2547 qualis
1411 2513 1553 2542 immineat
1567 2515 1600 2541 iis
1616 2514 1707 2542 exitus
1716 2514 1763 2550 qui

978 2557 1060 2585 vitam
1071 2558 1099 2585 in
1115 2558 1220 2585 luxuria
1251 2559 1407 2594 prodigum.

1011 2603 1080 2630 Cum
1098 2603 1154 2630 Noe
1165 2604 1328 2638 quingentos
1341 2609 1413 2632 esset
1426 2611 1513 2631 annos
1529 2608 1619 2636 natus.
1648 2604 1760 2631 Samum

977 2649 1081 2684 genuit,
1097 2649 1214 2683 indeque
1231 2649 1365 2676 Chaunum
1377 2655 1406 2677 et
1419 2648 1608 2685 Japlietum“.
1643 2648 1763 2676 Meretur

977 2694 1005 2722 in
1018 2694 1065 2722 illo
1075 2694 1135 2722 viro
1150 2702 1275 2730 magnam
1288 2695 1340 2723 hoc
1355 2696 1577 2726 admirationem.
1609 2695 1681 2731 quod
1697 2703 1760 2723 cum

979 2745 1019 2768 tot
1036 2748 1124 2768 annos
1135 2741 1253 2768 vivendo
1278 2742 1425 2776 explesset,
1447 2749 1482 2769 ne
1501 2741 1636 2776 legitimos
1650 2741 1762 2776 quidem

977 2785 1119 2821 amplexus
1132 2787 1340 2815 desideraverit.
1355 2787 1566 2821 Clirysostomus
1582 2793 1657 2815 certe
1673 2787 1722 2822 ait,
1733 2788 1763 2817 ui

985 2878 1004 2893 ¹⁰
1019 2877 1098 2907 Joan.
1117 2886 1176 2911 rut,
1191 2878 1237 2906 53.
1279 2880 1298 2896 ¹¹
1315 2879 1382 2908 Gen.
1402 2887 1428 2912 ι’,
1443 2879 1488 2907 3|.
