1957 3073
106 170 246 206 Κύριλλος,
261 169 304 197 ἴνα
321 170 360 205 μὴ
375 168 458 196 πάλιν
472 169 521 204 μία
534 169 606 196 κατὰ
624 168 734 195 πάντων
749 167 895 195 ἐλεύσεται

104 216 199 250 ψῆφος,
216 215 334 250 δευτέρῳ
361 215 549 250 κατακλυσμῷ
566 215 598 241 τὸ
611 215 783 250 ἀνθρώπιιον
799 216 894 242 ὑποτι-

106 261 177 288 θείσα
195 262 285 295 γένος.
307 261 365 295 Ἐφ’
389 257 410 295 ᾧ
425 261 473 288 καὶ
495 259 557 287 εἷπε
584 261 652 296 πρὸς
669 260 753 288 αὑτὸν
768 262 782 288 ὁ
806 261 872 293 Θεός
885 269 892 276 ’

107 307 287 342 (Διανοηθεῖς
313 307 404 334 οὐκέτι
434 307 584 342 προσθήσω
607 307 655 333 τοῦ
682 308 894 342 καταράσασθαι

105 353 151 388 τὴν
161 354 213 389 γῆν
232 353 276 379 διὰ
291 353 325 379 τὰ
342 352 412 387 ἔργα
429 352 484 379 τῶν
501 352 667 388 ἀνθρώπων,
680 352 722 378 ὅτι
739 352 862 385 ἔγκειται
875 352 892 386 ή

107 399 207 425 διάνοια
228 398 275 425 τοῦ
304 398 452 433 ἀνθρώπου
471 398 518 424 ἐπὶ
550 398 656 432 πονηρὰ
676 398 708 423 ὲκ
723 398 859 432 νεότητος.
881 406 890 423 ›

107 445 203 471 Τούτου
218 445 308 480 χάριν,
320 444 357 476 ὡς
373 443 492 479 εἴρηται,
510 443 607 470 ουσίαν
620 444 752 479 ἀνήνεγκε
766 443 805 478 τῷ
821 443 892 478 Θεῷ.

106 490 180 517 Κατὰ
195 490 249 524 γὰρ
266 490 346 516 τοῦτο
357 491 402 516 καὶ
415 489 486 516 ἑπτὰ
496 489 565 516 ἑπτὰ
574 489 715 515 ἐκέλευσεν
730 490 743 515 ό
756 488 822 520 Θεὸς
837 489 893 515 ἀπὸ

103 537 154 563 τῶν
171 536 302 571 καθαρῶν
314 536 478 571 διωχθῆναι
501 537 530 562 ὲν
545 537 578 571 τῇ
594 535 716 570 κιϐωτῷ,
734 535 781 562 δύο
797 535 843 562 δύο
863 534 892 561 δὲ

104 583 153 610 ἀπὸ
167 583 221 610 τῶν
236 583 412 619 ἀκαθάρτων.
429 582 538 618 Ἐπειδὴ
551 583 606 618 γὰρ
621 582 717 618 ἔμελλε
739 583 892 617 συγχωρεῖν

103 630 155 662 τοῖς
173 629 329 665 ἀνθρώποις
348 629 514 664 μεταλαϐεῖν
531 630 632 665 κρεῶν,
662 629 776 664 ἔμελλον
802 629 892 656 δὲκαὶ

104 675 196 707 θυσίας
213 676 382 711 προσφέρειν
401 675 475 711 αὺτῷ
491 675 541 710 τῆς
552 675 695 706 εὐσεϐείας
708 676 732 702 οἰ
750 675 890 710 τρόφιμοι,

105 723 214 749 πλείονα
228 722 263 749 τὰ
281 722 389 758 καθαρὰ
405 722 580 758 φυλαχθῆναι
593 722 760 758 προσέταξε,
778 721 826 753 τὰς
842 721 891 755 μὲν

102 770 174 804 τρεῖς
188 768 321 804 συζυγίας
348 770 388 800 εἰς
415 769 465 804 τὴν
492 769 608 805 αὔξησιν
634 768 681 796 τοῦ
696 769 803 802 γένους,
818 768 848 794 τὸ
863 768 891 794 δὲ

102 814 227 850 περιττὸν
242 815 272 841 ἓν
287 815 326 847 εἰς
341 814 447 843 θυσίαν.
478 815 511 842 '0
531 815 563 850 δὴ
586 816 634 842 καὶ
655 815 792 850 πεποίηκε
820 814 891 849 μετά

101 861 145 887 τὸν
163 861 368 896 κατακλυσμὸν,
385 861 439 887 ἀπὸ
453 860 564 888 πάντων
585 861 640 888 τῶν
659 859 791 895 καθαρῶν
805 867 890 895 προσ-

101 907 215 942 αγαγὼν
230 907 268 942 τῷ
286 907 356 942 Θεῷ,
373 907 411 940 ὠς
425 905 495 934 εἶναι
509 906 589 942 δῆλον
600 907 639 934 ὅτι
654 915 685 941 γε
700 906 798 933 τούτου
811 906 892 941 χάριν

101 955 150 981 ἀνά
161 954 234 981 ἑπτὰ
244 953 410 990 προσέταξεν
423 954 453 988 ἐξ
463 954 583 981 ἑκάστου
591 954 685 988 γένους
695 954 751 980 τῶν
762 953 892 989 καθαρῶν

100 1002 128 1027 ὲν
143 1002 175 1036 τῇ
192 1000 301 1036 κιϐωτῷ
316 1001 488 1036 είσαχθῆναι,
506 1001 550 1028 ῖνα
559 1000 588 1026 τὸ
600 1000 629 1027 ἓν
645 999 714 1032 ζῶον
729 1000 759 1032 ἐξ
774 999 891 1026 ἑκάστου

101 1047 195 1079 γένους
213 1047 226 1073 ὁ
244 1046 303 1073 Νῶε
334 1047 498 1082 προσφέρων
528 1047 565 1082 μὴ
575 1045 722 1082 διαφθείρῃ
747 1046 795 1078 τὰς
811 1045 893 1077 συζυ-

101 1093 172 1127 γίας.
190 1091 324 1119 Τοσοῦτον
341 1092 370 1119 δὲ
394 1092 444 1128 τὴν
469 1092 516 1119 τοῦ
532 1092 594 1119 Νῶε
612 1092 773 1127 προαίρεσιν
792 1091 839 1117 ἐπὶ
858 1093 891 1127 τῇ

101 1141 268 1174 προσαγωγῇ
278 1139 327 1174 τῆς
340 1139 436 1171 θυσίας
449 1139 599 1171 ἀπεδέξατο
610 1139 625 1165 ό
642 1139 719 1171 Θεὸς,
731 1138 768 1170 ὡς
779 1139 827 1165 καὶ
843 1137 892 1173 τὴν

99 1185 210 1220 Γραφὴν
220 1185 307 1216 οὕτως
321 1186 409 1212 εἰπεῖν
419 1193 427 1202 ·
441 1194 450 1211 t
460 1185 515 1212 Καὶ
529 1184 681 1220 ὡσφρὰνθη
694 1184 793 1220 Κύριος
803 1184 891 1219 ὀσμὴν

100 1231 224 1262 εὐωδίας.
249 1240 259 1257 ι
273 1231 352 1257 Μετὰ
367 1230 480 1266 γνώμης
496 1230 589 1257 λοιπὸν
605 1230 699 1265 ὑγιοῦς
715 1230 763 1257 καὶ
775 1231 851 1265 ἡμᾶς
861 1229 892 1256 τὸ

100 1277 157 1303 πᾶν
172 1276 335 1311 ἐργάζεσθαι
350 1277 414 1312 χρή.
430 1277 460 1303 Εἰ
475 1277 504 1303 δὲ
515 1276 565 1312 μὴ,
582 1277 633 1304 κᾶν
645 1276 734 1303 ὁτιοῦν
750 1276 892 1311 προσάξω-

101 1332 162 1358 μεν,
180 1323 424 1359 ἀποστραφήσεται
435 1322 502 1349 αὐτὸ
511 1323 526 1348 ό
537 1323 615 1354 Θεός.
634 1322 706 1357 Ὅρα
722 1322 776 1357 γὰρ
788 1323 830 1350 ὅτι
844 1323 892 1349 καὶ

98 1369 220 1397 ἐνταῦθα
245 1370 262 1404 ὴ
278 1369 327 1396 τοῦ
347 1369 454 1397 δικαίου
483 1369 571 1404 ἀρετὴ
586 1371 633 1396 τὸν
651 1369 755 1396 καπνὸν
775 1369 821 1395 καὶ
842 1369 891 1403 τὴν

99 1417 214 1443 κνίσσαν
245 1416 334 1451 ὀσμὴν
362 1415 477 1447 εὐωδίας
496 1416 656 1450 εἰργάσατο.
679 1414 752 1442 Ἀλλ’
777 1414 892 1441 ἐπὶτῶν

105 1462 242 1489 Ἰουδαίων
259 1464 275 1496 ἡ
291 1462 345 1489 τῶν
365 1461 561 1497 προσαγόντων
577 1461 696 1496 πονηρία
711 1461 742 1488 τὺ
765 1461 894 1496 θυμίαμα

98 1509 130 1537 τὺ
148 1509 247 1542 εὐῶδες
262 1509 403 1545 βδέλυγμα
416 1509 535 1544 ὀφθῆναι
549 1508 768 1544 παρεσκεύασεν.

139 1642 170 1669 Ὀ
189 1641 239 1677 μὲν
265 1642 312 1670 οὖν
347 1643 478 1678 Ἰώσηπος
494 1641 543 1670 καὶ
562 1642 623 1669 κατ’
637 1642 717 1669 αὑτὸν
729 1641 775 1669 τὸν
787 1641 893 1677 κόρακα

97 1689 144 1716 τὸν
158 1689 331 1716 ἀπολυθέντα
344 1690 420 1725 παρὰ
434 1689 482 1716 τοῦ
496 1688 557 1715 Νῶε
572 1688 619 1716 τοῦ
648 1689 714 1715 [δεῖν
736 1689 760 1715 εί
774 1689 804 1714 τὸ
820 1688 892 1724 ὕδωρ

97 1737 248 1769 ἐκόπασεν,
268 1736 477 1772 ἐναντιούμενος
499 1737 625 1771 φαίνεται
653 1737 687 1771 τῇ
706 1735 754 1762 τοῦ
769 1736 892 1767 Μωσέως

98 1782 219 1818 ἱστορίᾳ.
240 1782 426 1818 Ὑποστρέψω
451 1783 498 1810 καὶ
523 1782 578 1818 γὰρ
606 1782 676 1818 πρὸς
698 1781 748 1817 τὴν
777 1781 893 1808 κιὸωτδν

96 1828 174 1863 λέγει
188 1828 235 1854 τὸν
247 1829 368 1864 κόρακα,
381 1829 418 1859 ὡς
431 1828 478 1855 ἐπὶ
491 1828 565 1863 πάσῃ
577 1829 610 1863 τῇ
632 1830 667 1863 γῇ
677 1827 725 1854 τοῦ
741 1827 837 1860 ὓδατος
852 1829 892 1855 ἑτι

95 1874 289 1910 λιμνάζοντος.
311 1875 340 1901 '0
353 1874 380 1901 δὲ
395 1875 498 1910 Μωσῆς
515 1875 693 1910 περὶτούτων
703 1874 776 1901 οὕτω
790 1876 874 1910 φησίν
883 1881 891 1890 ⁸

100 1929 110 1946 ι
129 1921 187 1947 Καὶ
210 1921 260 1955 οὺχ
288 1920 458 1955 ὑπέστρεψεν
483 1921 497 1947 ὁ
516 1920 602 1956 κόραξ
614 1920 666 1952 ἕως
679 1918 711 1947 οὗ
723 1920 861 1956 ἐξηράνθη
876 1921 893 1956 ἡ

95 1967 146 2002 γῆ.
165 1976 174 1992 ι
188 1967 265 1993 Κατὰ
283 1966 338 2002 γὰρ
364 1967 444 1993 τοῦτο
472 1966 519 1993 καὶ
545 1967 713 2001 περιστερὰν
730 1965 892 1993 ἀπέστειλεν

96 2013 225 2048 ὕστερον,
240 2011 288 2039 an
303 2013 335 2047 δὴ
353 2012 550 2047 παλινοστῆσαι
566 2013 612 2039 τοῦ
629 2013 746 2048 κόρακος
761 2012 829 2048 πρὸς
844 2013 894 2040 αὺ-

93 2059 142 2084 τὸν
161 2058 199 2092 μὴ
221 2057 396 2093 θελήσαντος.
431 2057 511 2084 Ἀλλὰ
535 2059 583 2084 καὶ
604 2058 759 2092 ἱστορικοὺς
788 2057 893 2091 εἰσάγει

93 2105 174 2136 τινὰς
193 2106 207 2131 ό
228 2104 370 2139 Ἰώσηπος,
383 2104 446 2139 περί
459 2113 485 2130 τι
501 2104 630 2139 λέγοντας
645 2104 708 2140 ὅρος
724 2105 774 2140 τῆς
792 2106 892 2141 Ἀρμε-

93 2153 156 2184 νίας
174 2151 345 2186 ὑψηλότατον
359 2152 388 2178 ἐν
400 2151 438 2186 τῷ
450 2151 497 2177 τοῦ
511 2151 706 2186 κατακλυσμοῦ
725 2154 892 2187 πεφευγέναι

93 2198 187 2233 καιρῷ
200 2197 254 2224 τῶν
269 2197 421 2232 ἀνθρώπων
434 2198 520 2230 τινὰς,
541 2198 653 2225 κάκεῖσε
677 2199 816 2234 σωτηρίας
846 2199 891 2226 διὰ

91 2245 125 2271 τὸ
156 2243 224 2279 ὕψος
246 2245 352 2279 τυχεῖν.
378 2244 449 2271 Ἀλλ’
468 2244 521 2276 ἔξω
547 2244 690 2279 βάλλουσιν
715 2246 814 2272 ἐκεῖνοι
843 2246 889 2272 τοῦ

93 2291 213 2321 σκοποῦ,
239 2293 290 2317 καὶ
313 2290 363 2326 τῆς
386 2290 493 2322 εὐθείας
522 2291 618 2326 πόρρω
634 2299 685 2318 που
703 2292 842 2327 φέρονται.
860 2293 890 2319 Εἰ

91 2338 152 2372 γὰρ
168 2336 264 2372 ὑψώθη
292 2337 353 2363 τότε
377 2337 407 2363 τὸ
428 2336 500 2372 ὓδωρ
524 2337 619 2364 ἐπάνω
642 2338 696 2364 τῶν
714 2338 890 2374 ὑψηλοτάτων

90 2386 184 2420 ὀρέων
197 2385 243 2411 ἐπὶ
253 2385 353 2420 πήχεσι
365 2386 574 2419 πεντεκαίδεκα,
584 2387 658 2413 καθὰ
670 2386 766 2422 Μωσῆς
778 2388 891 2422 ἱστορεῖ,

91 2433 146 2459 οὐκ
163 2433 198 2459 ἂν
208 2431 300 2458 ὁτιοῦν
315 2432 466 2467 ὑπελείφθη
489 2432 640 2467 τηνικαῦτα.
654 2433 726 2468 δρος,
746 2433 783 2465 ὡς
800 2432 891 2469 οἶμαι,

90 2480 160 2510 τοις
175 2479 206 2504 ἐν
218 2477 295 2512 αὑτῷ
307 2479 479 2512 πεφευγότας
504 2477 596 2513 ἰσχύον
615 2479 743 2510 ἀϐλαϐεῖς
758 2479 892 2507 διασώσα⁴

90 2524 171 2551 σθαι.
407 2531 416 2534 ‘

133 2571 170 2598 Ἦ
187 2572 281 2608 μέντοι
310 2573 426 2605 κιὸωτδς
452 2574 617 2609 τριακοσέων
648 2575 699 2609 μὲν
720 2574 832 2610 πηχέων
858 2575 889 2601 τὺ

88 2621 184 2656 μῆχος
199 2618 246 2656 ἦν,
266 2621 434 2655 πεντήκοντα
454 2622 482 2647 δὲ
498 2622 528 2648 τὸ
557 2621 668 2655 πλάτος,
679 2623 710 2649 τὸ
730 2622 797 2657 ὕψος
811 2623 888 2658 τριά-

87 2675 187 2694 κοντα.
210 2667 304 2701 ιιῆχυν
333 2667 362 2694 δὲ
384 2668 491 2695 ἁκούων
509 2668 546 2704 μὴ
567 2670 694 2705 τοιαύτην
707 2667 778 2696 εἶναι
792 2670 888 2705 νόμιζε

87 2714 174 2741 omnia
192 2714 234 2746 τίς
264 2715 322 2740 εστι
344 2715 409 2749 παρ’
440 2715 516 2750 ἡμῖν.
545 2715 613 2743 ἀλλὰ
629 2717 833 2751 γεωμετρικήν.
857 2717 887 2744 ’0

88 2762 146 2796 γὰρ
163 2761 282 2795 Μωσῆς,
295 2762 457 2797 γεωμέτρης
481 2762 510 2796 ἐξ
527 2763 664 2798 Αἰγύπτου
680 2763 729 2798 ὢν,
756 2763 886 2799 τοιαύτην

126 2853 150 2869 ⁸⁸
168 2853 239 2881 Gen.
258 2861 319 2887 vni,
333 2853 378 2882 21.
418 2853 440 2870 "
453 2855 520 2885 ibid.

725 112 931 143 ANNALIUM
952 113 1048 142 PARS
1071 112 1110 142 Il.

910 170 933 198 Α
947 174 1056 194 rursum
1073 166 1221 202 aliquando
1238 174 1310 194 unus
1326 167 1459 194 adversus
1489 175 1587 196 omnes
1616 168 1735 197 ferretur

945 213 1077 246 calculus,
1093 221 1147 248 quo
1164 220 1252 247 genus
1271 213 1426 241 mortalium
1444 214 1522 241 alteri
1541 214 1647 253 diluvio
1665 217 1733 244 sub-

941 259 1085 295 jiceretur.
1103 259 1209 288 ldcireo
1223 259 1296 288 Deus
1311 260 1353 287 his
1372 268 1434 287 eum
1454 262 1545 289 verbis
1562 263 1710 297 compellat
1726 273 1733 291 :

947 316 957 332 ‹
977 307 1066 334 Statui
1086 314 1147 334 cum
1167 306 1259 333 animo
1281 315 1342 334 meo
1367 315 1508 342 nunquam
1536 309 1666 343 deinceps
1682 314 1736 336 ter-

944 361 1002 380 ram
1019 357 1094 380 tanta
1111 353 1222 380 diritate
1242 353 1366 388 prosequi
1383 359 1494 388 propter
1514 355 1655 382 hominum
1669 355 1736 382 laci-

945 407 1024 432 nora,
1048 407 1163 434 quorum
1182 400 1363 434 cogitationes
1378 405 1404 426 et
1420 400 1511 427 studia
1530 401 1592 428 inde
1609 409 1697 436 usque
1717 408 1732 428 a
1747 405 1750 409 '

944 446 1037 480 pueris
1052 447 1085 474 ad
1095 454 1176 481 prava
1190 455 1303 481 quaeque
1315 446 1445 481 proclivia
1461 453 1524 474 sunt
1536 446 1583 473 “.i
1594 440 1735 482 'Hancigi-

945 496 988 519 tur
998 492 1033 519 ob
1042 500 1153 519 causam
1165 493 1328 519 sacriﬁcium
1341 492 1409 519 illud
1421 493 1531 523 obtulit.
1550 493 1628 528 cujus
1650 493 1732 521 etiam

944 543 1071 573 respectu
1082 539 1259 566 mandaverat
1270 539 1341 566 Deus
1352 544 1382 566 ut
1395 547 1427 566 ex
1442 540 1554 566 mundis
1567 540 1734 567 animalibus

944 584 970 611 in
987 592 1079 612 arcam
1099 589 1225 619 septena,
1243 592 1276 611 ex
1291 585 1441 612 immundis
1456 585 1520 612 bina
1535 585 1733 620 reciperentur.

943 629 1009 657 Nam
1019 630 1064 664 qui
1087 638 1102 657 τι
1118 631 1246 658 carnibus
1257 631 1382 658 vescendi
1400 635 1560 666 potestatem
1576 631 1736 658 mortalibus

944 676 1066 704 facturus
1082 682 1151 708 erat,
1167 682 1248 712 atque
1267 677 1350 704 etiam
1366 677 1491 705 litaturos
1516 677 1568 704 sibi
1593 677 1736 712 religiosos

945 723 1023 757 127
1034 723 1160 756 homines
1168 724 1282 756 sciebat,
1290 723 1394 751 idcirco
1405 724 1568 751 mundorum
1576 723 1734 751 animalium

943 769 1031 803 major
1055 776 1188 796 numerus
1215 773 1341 796 servatus
1363 773 1416 801 est,
1437 776 1554 804 quorum
1579 769 1628 795 tria
1658 769 1737 803 paria.

945 815 1055 849 generis
1070 814 1250 846 incremento,
1267 814 1403 849 reliquum
1418 815 1552 842 sacriﬁcio
1567 814 1736 842 destinatum

943 865 1033 893 esset;
1051 860 1076 887 id
1092 861 1164 895 quod
1177 869 1192 888 a
1209 861 1313 888 diluvio
1329 859 1385 888 Noe
1400 868 1456 888 non
1473 861 1648 896 neglexit,de
1660 861 1734 887 onmi

942 906 1107 934 mundorum
1126 914 1255 941 pecorum
1273 914 1373 942 genere
1388 907 1444 934 Deo
1462 907 1589 934 victimas
1605 906 1734 933 oilerens.

942 953 981 981 Ex
1001 961 1055 988 quo
1076 953 1222 988 perspicue
1235 953 1299 981 licet
1316 953 1470 989 intelligere
1486 958 1631 988 propterea
1650 952 1736 980 fuisse

942 1003 1122 1034 pra-ceptum,
1133 1004 1282 1034 utseptena
1297 999 1324 1026 in
1341 1007 1433 1027 arcam
1448 999 1575 1026 animalia
1593 1006 1736 1026 sumeren-

942 1050 997 1079 tnr,
1019 1054 1053 1073 ne
1071 1045 1128 1074 Noe
1154 1054 1239 1073 unum
1256 1046 1358 1073 animal
1382 1053 1416 1073 ex
1431 1047 1533 1081 quovis
1553 1054 1653 1082 genere
1679 1046 1736 1074 Deo

941 1095 1066 1117 mactans
1081 1090 1138 1125 ipsa
1159 1091 1233 1125 paria
1254 1091 1420 1118 distraheret
1435 1095 1517 1126 atque
1533 1098 1735 1126 corrumperet.

941 1136 1077 1164 Caeterum
1091 1135 1176 1172 usque
1187 1137 1256 1164 adeo
1271 1137 1342 1165 Deus
1357 1137 1384 1164 in
1400 1137 1539 1165 oblatione
1554 1138 1634 1171 hujus
1647 1139 1736 1166 sacri-

942 1182 995 1210 ﬁcii
1021 1182 1085 1210 Note
1101 1183 1223 1210 studiutu
1238 1191 1271 1210 ae
1293 1183 1461 1211 voluntatem
1487 1184 1624 1219 probavit,
1646 1189 1676 1212 ut
1694 1185 1737 1212 his

943 1229 980 1256 uti
994 1228 1084 1256 verbis
1100 1229 1209 1256 Littera:
1220 1237 1306 1256 sacrae
1327 1237 1381 1256 non
1406 1229 1608 1257 dubilavcl‘iltl:
1630 1239 1639 1255 ι
1657 1230 1737 1257 Dele-

942 1280 1031 1303 ctatus
1042 1280 1085 1303 est
1096 1275 1168 1302 Deus
1182 1276 1274 1302 odoris
1291 1276 1364 1302 illius
1380 1276 1516 1303 suavitate
1529 1277 1559 1303 "’.
1581 1285 1590 1302 ι
1610 1276 1736 1311 Quapro-

942 1327 1004 1357 pter
1018 1329 1068 1349 nos
1084 1329 1193 1356 quoque
1210 1322 1278 1349 nihil
1295 1329 1350 1349 non
1372 1322 1466 1349 animo
1481 1330 1549 1349 sano
1562 1328 1589 1350 et
1609 1331 1678 1357 puro
1696 1323 1736 1350 fa-

942 1370 1059 1401 ciamus,
1069 1368 1175 1403 absque
1185 1375 1239 1403 quo
1248 1368 1344 1400 fuerit,
1355 1368 1469 1395 omnino
1481 1368 1555 1396 Deus
1566 1369 1737 1397 aversabitur

943 1415 1126 1449 quodcunque
1143 1415 1251 1442 tandem
1273 1422 1288 1441 a
1310 1415 1391 1442 nobis
1413 1414 1555 1442 oil‘eratur.
1572 1414 1640 1442 Nam
1660 1415 1737 1443 vides

944 1460 989 1488 hic
1006 1460 1135 1488 virtutem
1152 1460 1218 1494 justi
1239 1460 1360 1488 hominis
1375 1460 1410 1488 de
1425 1461 1485 1495 ipsa
1502 1461 1577 1488 fumo
1594 1468 1627 1488 ac
1639 1461 1737 1489 nidore

944 1506 1137 1535 suavissimum
1151 1506 1264 1534 odorem
1287 1506 1423 1538 etl'ecisse,
1441 1515 1503 1534 cum
1527 1507 1599 1542 apud
1626 1508 1735 1535 Judaeos

944 1555 1064 1590 pravitas
1082 1554 1255 1583 oﬂerentium
1276 1554 1381 1582 faceret
1399 1559 1429 1582 ut
1451 1555 1558 1582 suﬂitus
1573 1555 1655 1583 etiam
1680 1555 1738 1583 ira-

943 1600 1136 1636 grantissimus
1151 1608 1165 1627 a
1185 1601 1241 1628 Deo
1257 1600 1358 1635 piaculi
1376 1601 1437 1628 loco
1456 1601 1613 1647 du\eeretnr.

979 1645 1115 1673 Caeterum
1133 1646 1160 1672 in
1177 1646 1335 1672 narratione
1357 1645 1391 1673 de
1404 1645 1499 1678 corvo;
1514 1647 1560 1680 qui
1577 1654 1591 1672 a
1620 1646 1676 1673 Noa
1692 1646 1736 1673 (ii-

943 1691 1046 1720 missus
1059 1691 1111 1719 fuit
1122 1695 1152 1719 ut
1167 1691 1324 1726 exploraret
1337 1699 1372 1718 an
1395 1699 1466 1726 aqua
1481 1692 1639 1724 deiecisset,
1656 1692 1736 1720 Jose-

944 1738 1016 1773 pbus
1025 1737 1147 1765 historiae
1158 1737 1240 1765 Mosis
1248 1742 1343 1772 aperte
1354 1737 1517 1773 refragatur.
1529 1738 1737 1766 Commemorat

944 1784 1018 1811 enim
1033 1791 1145 1811 corvum
1156 1783 1233 1810 illum
1247 1783 1280 1811 ad
1295 1791 1386 1810 arcam
1401 1783 1558 1816 revertisse,
1576 1785 1655 1819 quasi
1667 1792 1736 1818 aqua

944 1838 994 1866 per
1010 1838 1120 1858 omnem
1139 1835 1275 1858 terrarum
1289 1830 1384 1857 orbem
1401 1830 1490 1857 adhuc
1507 1836 1688 1865 restaguaret.
1702 1833 1737 1858 At

945 1876 1033 1904 Moses
1051 1876 1108 1903 bare
1124 1877 1150 1903 in
1172 1877 1246 1904 hunc
1262 1876 1374 1903 modum
1389 1881 1502 1903 narrat:
1519 1886 1528 1902 ι
1549 1875 1608 1904 Non
1624 1878 1738 1905 revertit

944 1929 1054 1955 corvus,
1084 1922 1173 1949 donec
1194 1922 1228 1949 ab
1257 1923 1336 1957 aquis
1363 1922 1498 1950 exsiccata
1523 1927 1596 1950 terra
1623 1923 1703 1951 foret.
1722 1932 1733 1949 ι

943 1966 1011 1993 Nam
1026 1966 1071 1993 illa
1090 1967 1148 2001 ipsa
1167 1966 1201 1994 de
1211 1974 1293 1994 causa
1310 1967 1466 1994 columbam
1486 1968 1616 2003 deinceps
1633 1969 1739 2003 emisit,

944 2012 1018 2047 quod
1041 2020 1141 2039 corvus
1156 2013 1247 2040 redire
1263 2013 1407 2041 noluisset.
1426 2014 1498 2041 Idem
1519 2014 1655 2049 Josephus
1670 2023 1736 2051 p-ro-

944 2059 991 2086 bat
1019 2059 1185 2087 auctoritate
1217 2061 1400 2095 quorumdam
1430 2055 1641 2096 historicorum,
1667 2072 1739 2098 quos

944 2105 1023 2137 citat,
1045 2105 1141 2132 diluvii
1164 2109 1289 2139 tempore
1309 2104 1443 2139 quosdam
1456 2105 1583 2134 homines
1595 2107 1626 2134 in-
1636 2107 1740 2134 altissi-

944 2158 1018 2178 mum
1033 2150 1171 2178 Armeniae
1190 2156 1311 2178 montem
1323 2151 1491 2187 confugisse,
1506 2158 1591 2188 atque
1605 2153 1641 2181 ibi
1657 2155 1741 2182 saluti

909 2193 929 2221 Ι)
945 2206 1000 2226 suae
1018 2205 1068 2232 per
1090 2197 1176 2232 ipsius
1201 2197 1304 2225 montis
1329 2198 1525 2226 sublimitatem
1551 2201 1738 2228 consuluiSse.

946 2245 1046 2273 Verum
1064 2238 1134 2271 hi'a
1150 2251 1244 2279 scopo,
1271 2245 1343 2279 quod
1362 2245 1472 2278 dicitur,
1487 2246 1650 2274 aberrarunt
1666 2251 1693 2274 et
1721 2255 1738 2275 a

945 2291 1041 2318 semita
1071 2295 1146 2317 recta
1172 2291 1253 2326 longe
1280 2290 1462 2318 deﬂexerunt.
1478 2291 1545 2318 Nam
1561 2292 1582 2320 si
1611 2301 1681 2328 aqua
1709 2293 1737 2321 id

946 2338 1076 2372 temporis
1101 2344 1184 2372 supra
1199 2341 1307 2364 montes
1324 2345 1448 2373 quosque
1470 2338 1683 2368 sublimissimo:
1702 2341 1738 2367 ad

946 2385 978 2412 15
997 2391 1084 2420 usque
1110 2384 1219 2412 cubitos
1246 2384 1379 2416 excrevit,
1402 2385 1632 2419 quemadmodum
1649 2386 1739 2414 Moses

943 2431 1084 2458 memoriae
1117 2430 1250 2464 prodidit,
1271 2430 1364 2458 nullus
1380 2438 1439 2458 mea
1466 2432 1575 2466 quidem
1602 2434 1738 2461 sententia

942 2484 1022 2504 mons
1046 2477 1168 2511 reliquus
1184 2484 1244 2504 esse
1266 2477 1365 2510 potuit.
1381 2477 1457 2512 quia
1478 2478 1600 2512 periculo
1615 2484 1736 2507 servaret
1763 2500 1766 2502 η

942 2523 1077 2551 immunes
1089 2528 1223 2558 quotquot
1241 2524 1267 2550 in
1285 2532 1347 2552 eum
1368 2524 1569 2559 confugissent.

974 2571 1053 2598 Area:
1072 2571 1160 2606 ipsius
1175 2571 1316 2606 longitudo
1331 2571 1384 2599 500
1403 2572 1512 2599 cubitos
1530 2572 1659 2606 habebat,
1672 2572 1735 2599 1.ιιὶ-

941 2619 1009 2645 tudo
1024 2617 1069 2648 50.
1085 2617 1202 2645 altitudo
1217 2618 1262 2645 50.
1276 2618 1344 2645 Cum
1358 2623 1448 2646 autem
1464 2619 1548 2646 cubili
1572 2620 1735 2647 venabulum

940 2664 1030 2698 audis,
1046 2672 1102 2691 non
1127 2664 1208 2691 talem
1225 2664 1338 2700 intelligi
1353 2669 1461 2700 putato,
1484 2666 1576 2700 qualis
1591 2665 1662 2700 apud
1687 2674 1736 2693 ruis

939 2715 981 2738 est
997 2710 1024 2737 in
1037 2718 1099 2743 usu,
1114 2710 1161 2737 sed
1176 2710 1386 2746 geometricum.
1400 2709 1490 2738 Moses
1503 2711 1589 2743 enim,
1603 2712 1648 2746 qui
1662 2712 1735 2746 apud

939 2756 1083 2793 A-Sgyptios
1100 2763 1189 2785 artem
1218 2757 1376 2793 geometria:
1402 2757 1556 2791 didicisset,
1573 2757 1600 2784 in
1629 2758 1681 2786 hac
1701 2759 1736 2787 de

908 844 929 872 Β
