1957 3073
139 147 198 180 253

765 151 965 182 ANNALIUM
986 152 1082 182 PARS
1101 152 1139 184 ΙῘ.

1708 160 1761 191 25.4

139 203 210 240 πρὸς
226 204 325 237 αὐτοὺς
341 204 527 240 χληροδοσίαν,
544 206 591 233 καὶ
603 206 737 241 κρείττων
757 207 806 242 τῆς
827 208 918 234 ἑαυτοῐ

978 216 1030 243 que
1047 211 1198 244 meliorem,
1219 217 1282 247 post
1303 213 1464 242 divisionem
1489 215 1561 243 inter
1577 215 1640 245 Noae
1662 217 1763 247 liberos

139 250 204 284 γῆς,
217 251 386 285 τυραννικῶς
398 252 574 287 καθήρπαξεν
585 253 680 288 αὐτὴν,
697 254 743 279 καὶ
755 254 820 285 τοὺς
836 247 927 282 siccet";

139 294 200 331 Σὴμ
214 295 400 331 κληρονόμους
414 297 519 323 ἐκεῖθεν
533 297 660 333 ἐξήλασε.
671 298 722 325 Καὶ
737 299 808 325 οὕτω
824 300 925 334 πᾶσαή

139 341 176 375 γῆ
191 342 241 376 τῆς
254 342 421 375 ιπαγγελίας
436 343 483 369 τοῦ
496 343 607 370 Χαναὰν
619 344 840 380 προσηγορεύθη.
874 345 927 371 Καὶ

144 386 276 422 Ἰώσηπος
289 387 317 414 δέ
329 396 413 422 φησιν
428 388 471 415 ὅτε
483 389 595 415 Χαναὰν
609 390 740 424 τέταρτος
753 389 790 416 ὢν
804 390 851 416 τοῦ
862 390 926 425 Χὰμ

136 433 215 465 πατς,
234 433 283 468 τὴν
320 434 452 461 Ἰουδαίαν
476 435 650 470 καλουμένην
670 435 785 470 οεκήσας
814 436 926 463 Χαναὰν

135 479 184 514 ἀφ’
205 479 302 505 ἑαυτοῦ
320 488 406 515 προση
412 480 550 514 γύρευσεν.

177 525 207 551 '0
223 526 251 552 δὲ
275 526 335 560 Σὴμ
353 529 435 561 γεννᾷ
452 528 498 553 τὸν
522 527 658 562 Ἀρφαξᾶ,
688 527 811 563 ’Δρφαξᾶ
831 528 859 554 δὲ
879 529 926 555 τὸν

135 572 250 598 Καῖνᾶν.
281 568 366 605 Οὗτος
393 573 422 599 δὲ
440 574 454 599 ό
474 574 588 608 Καϊνᾶς,
618 575 656 607 ὥς
684 584 751 610 φησι
777 575 923 610 Γεώργιος,

134 618 328 653 συνεγράψατο
343 620 393 654 τὴν
419 621 613 656 ἀστρονομίαν,
635 621 760 657 εὑρηκὼς
777 622 827 658 τὴν
848 623 924 658 παρὰ

132 663 181 689 τοῦ
197 664 250 699 Σὴθ
266 665 312 691 καὶ
328 664 383 690 τῶν
394 665 477 692 αὐτοῦ
489 666 592 693 τέκνων
604 666 763 693 ἐκτεθεῖσαν
776 668 924 700 ὀνομασίαν

133 708 189 735 τῶν
217 710 342 745 ἀστέρων
370 712 399 737 ὲν
420 711 506 738 πλακὶ
535 712 624 748 λιθίνῃ
654 714 862 749 γεγραμμένην.
892 715 924 741 Οἱ

133 754 189 790 γὰρ
208 756 254 782 τοῦ
266 756 319 791 Σὴο
332 756 439 790 ἔγγονοι
454 759 661 793 προμυηθέντες
677 759 780 786 ἄνωθεν
797 760 847 794 τὴν
862 760 925 795 μέλ-

133 801 234 828 λουσαν
250 802 378 836 γενέσθαι
392 803 497 839 φθορὰν
511 804 566 830 τῶν
588 805 741 840 ἀνθρώπων
760 806 805 832 διά
821 815 851 832 τε
869 814 923 832 πυ-

135 846 182 881 ρὸς
203 847 252 873 καὶ
276 846 385 879 ὓδατος,
404 849 452 876 καὶ
479 850 644 885 ποιήσαντες
667 851 714 877 δύο
728 851 840 887 στήλας,
858 852 923 887 μίαν

135 892 188 927 μὲν
204 893 320 928 λιθίνην,
334 894 431 929 ἑτέραν
441 895 469 921 δὲ
482 895 632 931 πλινθίνην,
644 897 768 931 ἔγραψαν
783 898 817 924 τὰ
833 898 866 925 ὲκ
877 898 923 925 τοῦ

132 939 246 966 πάππου
262 939 352 967 αὐτῶν
367 941 420 975 Σὴο
438 941 585 968 ἐκτεθέντα
609 943 723 977 οὐράνια
735 943 834 977 πάντα,
850 945 924 979 λογι-

133 983 248 1018 σάμενοι
277 984 319 1011 ὅτι
344 985 369 1010 εἰ
391 985 441 1020 μὲν
463 985 498 1012 δι’
513 986 612 1018 ὕδατος
629 988 643 1013 ὀ
670 988 774 1022 κόσμος
788 989 922 1025 φθαρῇ,ή

130 1029 219 1066 λιθίνη
251 1031 335 1066 στήλη
359 1033 436 1066 μενεί
458 1033 506 1059 καὶ
531 1033 565 1059 τὰ
591 1033 620 1060 έν
647 1034 717 1069 αὐτῇ
737 1037 922 1070 γεγραμμένα

132 1077 210 1112 (ἣτις
224 1077 309 1112 στήλη
326 1077 397 1112 μετὰ
419 1079 464 1105 τὸν
479 1079 673 1115 κατακλυσμὸν
699 1082 740 1111 εἰς
766 1082 796 1107 τὸ
817 1082 922 1117 Σίδιρον

130 1122 195 1158 ὅρος
204 1123 307 1158 ἔμεινε,
316 1124 365 1150 καὶ
376 1123 450 1150 ἐστιν
463 1124 515 1155 ἕως
527 1124 600 1160 ἄρτι,
611 1124 648 1156 ὥς
665 1133 748 1160 φησιν
767 1125 920 1163 Ἰώσηπος),

130 1170 156 1196 si
171 1169 200 1196 δὲ
216 1170 261 1197 διὰ
271 1169 358 1206 πυρὸς
373 1171 486 1206 γένηται
505 1172 521 1206 ή
545 1171 645 1206 φθορὰ,
665 1173 744 1207 μενεί
765 1172 798 1199 ἂν
813 1173 830 1208 ὴ
844 1173 922 1201 πλιν-

129 1217 203 1253 Θίνη.

171 1266 306 1302 ’Δνιφάνη
326 1267 355 1294 δὲ
370 1268 402 1294 ἐκ
418 1267 468 1302 τῆς
478 1268 526 1294 τοῦ
539 1267 598 1303 Σὴμ
610 1267 698 1303 φυλῆς
711 1269 806 1305 ἕτερος
826 1278 921 1304 γιγαν-

128 1312 245 1348 τογενὴς
270 1312 389 1348 τοῦνομα
415 1314 530 1349 Κρόνος.
557 1312 642 1345 Οὗτος
673 1315 745 1341 πάνυ
772 1315 919 1350 γενόμενος

129 1357 242 1390 δυνατὸς
256 1360 303 1385 καὶ
319 1358 435 1391 πολλοὺς
450 1359 597 1392 ὑποτάξας,
612 1361 720 1395 πρῶτος
739 1357 877 1394 κατέδειξε
890 1363 919 1389 τὸ

129 1400 285 1437 βασιλεύειν
302 1403 349 1429 καὶ
365 1403 418 1430 τῶν
433 1403 521 1430 ἄλλων
548 1405 671 1439 κρατεῖν,
687 1406 734 1431 καὶ
755 1404 919 1440 βασιλεύσας

128 1449 237 1485 πρῶτος
254 1449 406 1485 ’Δτσυρίων
420 1451 467 1485 ἔτη
482 1448 526 1482 νς¹
548 1451 667 1484 ὑπέταξε
686 1452 776 1478 πᾶσαν
796 1452 848 1487 τὴν
865 1454 918 1488 γῆν

129 1495 272 1531 Περσίδος.
283 1496 362 1522 Μετὰ
375 1495 403 1522 δὲ
416 1495 520 1530 Κρόνον
531 1495 693 1523 Masilam;
707 1496 788 1528 Νῖνος
804 1496 852 1531 ἐτη
867 1495 917 1531 νβ’,

979 255 1077 283 iactant
1101 265 1149 292 per
1166 259 1220 285 vim
1247 260 1316 288 hanc
1332 261 1416 295 ipsam
1437 263 1570 297 rapuisse,
1591 271 1622 291 ac
1640 270 1765 299 pestcros

979 307 1011 327 ex
1025 308 1058 328 ea
1073 302 1145 330 Semi
1165 303 1286 337 eiecisse.
1305 305 1365 338 Quo
1384 306 1483 334 factum
1501 313 1531 334 ut
1546 308 1673 337 universa
1693 315 1764 338 terra

978 345 1023 372 illa
1037 347 1226 381 promissionis
1243 349 1397 379 Chanaauis
1421 353 1496 388 regio
1513 359 1666 382 vocaretur.
1682 354 1763 382 Jose-

978 392 1049 425 phus
1061 400 1171 428 quoque
1182 402 1379 424 commemorat
1392 405 1407 425 a
1424 398 1571 427 Chauaane
1581 399 1763 429 Cbanantcam

977 435 1063 464 fuisse
1077 439 1254 473 appellatam.

1013 526 1110 553 Semus
1127 532 1217 555 autem
1249 529 1405 564 Arphaxam
1428 532 1593 565 procreavit,
1623 534 1763 568 Arphaxas

976 572 1137 606 Cainanem,
1153 575 1200 609 qui
1216 581 1327 603 auctore
1343 576 1460 612 Georgio
1473 577 1552 605 libris
1566 581 1761 608 astronomiam

975 619 1136 653 complexus
1157 625 1207 653 est,
1221 629 1282 648 cum
1310 622 1509 657 appellationes
1539 625 1658 652 siderum
1675 634 1689 653 a
1716 627 1763 655 Se-

975 665 1024 691 tho
1038 665 1153 700 ejusque
1173 666 1291 700 posteris
1305 666 1438 695 iudicatas
1449 672 1477 695 et
1492 668 1598 704 lapidea
1615 670 1642 697 in
1671 672 1762 699 tabula

976 710 1141 744 perscriptas
1175 712 1332 746 reperisset.
1365 712 1433 742 Nam
1463 721 1526 741 cum
1548 715 1567 742 ii
1591 715 1677 743 multo
1700 721 1763 745 ante

974 755 1090 782 fuissent
1103 756 1193 783 edocti
1210 757 1331 784 futurum
1350 763 1378 785 ut
1393 759 1518 787 homines
1538 765 1591 788 tam
1609 770 1658 797 per
1673 764 1762 797 ignem

975 809 1055 837 quam
1074 810 1172 837 aquam
1189 803 1347 836 interirent,
1364 806 1464 833 erectis
1481 806 1589 835 duabus
1615 809 1761 842 columnis,

978 856 1093 883 quarutn
1117 857 1170 876 una
1187 850 1294 885 lapidea
1311 851 1392 884 foret,
1420 852 1504 880 altera
1524 853 1656 888 latericia,
1679 856 1762 884 cwle-

976 894 1059 920 stium
1089 901 1181 921 rerum
1209 896 1411 930 descriptiones
1424 897 1458 924 ab
1485 906 1536 925 avo
1567 900 1703 933 expositas
1729 901 1762 928 iis

975 939 1041 973 ipsis
1058 940 1270 975 insculpseraut,
1286 950 1348 968 cum
1369 950 1462 969 secum
1494 944 1613 972 rationes
1639 945 1688 973 has
1711 947 1762 973 ini~

972 984 1086 1016 vissent,
1100 985 1234 1020 siquidem
1253 988 1412 1021 psuvenirct
1428 992 1458 1016 ut
1471 996 1521 1024 per
1533 997 1630 1023 aquam
1641 991 1761 1019 mundus

973 1029 1109 1062 interiret,
1123 1031 1258 1065 lapideam
1279 1033 1434 1061 columnam
1447 1041 1510 1062 cum
1531 1035 1669 1070 inscriptis
1685 1036 1759 1064 litte-

973 1077 1010 1102 ris
1029 1077 1244 1112 superluturant,
1257 1087 1317 1114 quae
1328 1087 1393 1107 Sane
1410 1081 1613 1114 postdilttvium
1625 1082 1653 1109 in
1667 1087 1760 1111 monte

973 1122 1064 1150 Sidiro
1079 1123 1154 1151 salva
1174 1129 1282 1159 reperta
1302 1129 1342 1153 est
1365 1126 1501 1160 hodieque
1518 1131 1612 1160 restat,
1638 1127 1761 1163 Josepho

973 1171 1043 1195 teste
1058 1177 1065 1200 ;
1083 1168 1126 1196 sin
1139 1176 1188 1203 per
1203 1169 1294 1205 ignem
1309 1172 1429 1198 mundus
1450 1178 1685 1207 corrumperetur,
1702 1181 1759 1201 om-

972 1213 1039 1242 nino
1055 1220 1248 1249 superaturam
1262 1216 1420 1244 columnam
1436 1217 1600 1245 latericiam.

1008 1259 1142 1286 Caeterum
1162 1268 1194 1287 ex
1225 1260 1310 1296 stirpe
1331 1260 1404 1289 Semi
1429 1262 1539 1297 quidam
1574 1264 1688 1298 exstitit,
1718 1264 1758 1299 gl-

971 1309 1083 1340 gantum
1096 1305 1201 1341 origine
1217 1311 1304 1340 satus,
1318 1307 1362 1334 cui
1373 1315 1474 1336 nomen
1490 1314 1565 1337 esset
1581 1309 1698 1338 Cronus.
1708 1310 1759 1340 Hic

970 1359 1032 1378 cum
1047 1358 1172 1387 magnam
1200 1352 1234 1380 ad
1269 1354 1417 1387 potentiam
1440 1359 1514 1382 esset
1541 1361 1653 1383 evectus
1671 1357 1758 1391 impe-

970 1398 1066 1432 rioque
1089 1406 1139 1426 suo
1168 1399 1269 1438 multos
1297 1400 1428 1428 mortales
1450 1401 1623 1436 subjecisset,
1652 1403 1759 1437 primus

969 1444 1099 1480 regnandi
1111 1445 1221 1472 modum
1233 1450 1261 1473 et
1275 1446 1346 1474 aliOs
1358 1447 1409 1474 sub
1419 1447 1512 1482 jugum
1529 1448 1654 1476 mittendi
1665 1453 1757 1477 osten-

969 1490 1028 1523 dit;
1062 1498 1179 1524 cumque
1212 1491 1340 1526 princeps
1373 1493 1546 1528 Assyriorum
1581 1501 1666 1528 regno
1686 1498 1757 1523 totos

126 1541 156 1572 ὃς
174 1549 206 1575 γε
225 1541 274 1576 τὴν
288 1541 392 1567 οίκεὶαν
406 1541 514 1577 μητέρα
535 1541 690 1576 Σεμίραμιν
705 1541 796 1568 λαϐὼν
809 1543 848 1573 είς
868 1550 917 1576 γυ-

971 1535 1003 1561 56
1018 1543 1105 1563 annos
1122 1535 1268 1569 potiretur,
1283 1537 1439 1564 universam
1461 1538 1512 1565 sibi
1533 1538 1670 1566 Persidem
1683 1539 1757 1567 dicto

126 1587 220 1619 ναῐκα,
231 1587 312 1621 νόμος
324 1586 434 1620 ἐγένετο
445 1587 566 1622 Πέρσαις
582 1587 733 1621 λαμϐάνειν
747 1588 797 1620 τὰς
812 1588 916 1615 ἑαυτῶν

127 1634 251 1670 μητέρας
270 1634 317 1660 καὶ
347 1633 474 1668 ἀδελφάς.
509 1633 554 1665 Ἐξ
568 1630 599 1660 οὗ
623 1634 719 1667 γένους
747 1634 855 1668 ἐγένετο
870 1635 917 1661 καὶ

126 1680 307 1715 Ζωρόαστρος
321 1681 336 1706 ὁ
355 1679 520 1715 περιϐόητος
548 1680 663 1715 Περσῶν
691 1680 869 1715 ἀστρονόμος,
888 1680 916 1712 ὃς

126 1723 189 1753 εἷπε
218 1727 273 1756 τοῖς
302 1725 434 1759 Πέρσαις,
466 1733 475 1750 ι
502 1724 566 1751 Ἐὰν
583 1724 674 1761 καύσῃ
690 1733 723 1760 με
739 1725 770 1752 τὸ
790 1725 916 1760 οὐράνιον

127 1772 205 1808 πῦρ,
225 1780 235 1798 ι
263 1770 358 1808 (τοῦτο
377 1771 431 1806 γὰρ
455 1770 502 1798 καὶ
527 1769 641 1806 ηὔχετο)
668 1781 678 1797 ι
699 1771 797 1798 λάϐετε
811 1772 842 1798 ὲκ
861 1772 916 1799 τῶν

124 1820 228 1847 ὀστέων
243 1827 307 1855 μου,
326 1819 373 1846 καὶ
392 1818 544 1853 φυλάσσετε
560 1818 600 1848 είς
620 1818 751 1846 σύστασιν
769 1819 817 1854 τῆς
838 1819 914 1854 βασι-

123 1866 201 1898 λείας
215 1865 304 1899 ὑμῶν.
323 1874 333 1890 ι
355 1865 391 1900 7'0
410 1863 442 1900 δὴ
462 1864 509 1890 καὶ
523 1865 644 1898 γέγονεν.
674 1864 718 1890 Ἐν
730 1864 759 1890 δὲ
771 1865 827 1897 ταῖς
845 1866 916 1891 ἱστο-

127 1912 200 1947 ρίαις
213 1909 257 1944 αἷς
271 1899 406 1947 ἐχρήσατο
419 1899 489 1937 κατά
507 1910 653 1937 Ἰουλιανοῦ
665 1912 678 1937 ὁ
688 1910 811 1945 θεολόγος
828 1911 915 1946 μέγας

123 1958 277 1994 Γρηγόριος
290 1958 337 1984 καὶ
353 1956 415 1983 τάδε
429 1955 508 1991 φησι·
524 1956 580 1991 Τὴν
594 1956 777 1992 ἀστρονομίαν
788 1956 913 1991 λέγονται

123 2005 235 2040 πρῶτον
254 2004 402 2039 εὑρηκέναι
415 2002 583 2029 Βαϐυλώνιοι
594 2001 638 2028 διὰ
651 2002 840 2038 Ζωροάστρου,
854 2003 915 2029 δεύ-

122 2058 204 2085 τερον
231 2049 260 2076 δὲ
276 2048 400 2081 ἐδέξαντο
431 2048 456 2074 oi
481 2046 638 2082 Αίγύπτιοι.
668 2047 724 2082 Τὴν
750 2047 778 2074 δὲ
796 2047 914 2082 μαγείαν

123 2093 205 2131 εὖρον
219 2094 318 2129 Μῆδοι,
332 2092 390 2120 εῐτα
408 2093 526 2129 Πέρσαι.
540 2093 671 2127 Διαφέρει
685 2092 713 2119 δὲ
734 2093 835 2128 μαγεία
849 2101 915 2128 γοη-

121 2143 212 2174 τείας.
231 2142 287 2169 Καὶ
301 2142 317 2176 ἡ
332 2140 382 2175 μὲν
399 2140 500 2176 μαγεία
515 2139 660 2174 ἐπίκλησίς
679 2140 763 2172 ἐστιν,
781 2139 818 2172 ὥς
834 2148 912 2174 φασι,

122 2187 263 2223 δαιμόνων
279 2185 455 2220 ἀγαθοποιῶν
472 2183 540 2218 πρὸς
560 2183 663 2217 ἀγαθοῦ
676 2191 750 2214 τινος
762 2183 893 2209 σύστασιν
904 2190 911 2197 ·

968 1580 1125 1607 audientem
1138 1581 1268 1608 reddidit.
1288 1581 1354 1609 Post
1376 1581 1497 1609 Cronum
1515 1582 1551 1610 52
1564 1591 1651 1611 annos
1667 1584 1757 1612 Ninus

968 1627 1102 1661 regnavit,
1117 1627 1163 1661 qui
1183 1634 1246 1654 eum
1261 1631 1377 1655 matrem
1401 1635 1562 1663 germanam
1596 1629 1757 1658 Semirami-

967 1672 1029 1699 dem
1055 1674 1232 1701 matrimonio
1249 1674 1302 1701 sibi
1326 1675 1474 1709 iunxisset,
1490 1676 1532 1702 lex
1557 1676 1630 1711 apud
1659 1676 1757 1705 Persas

967 1718 1090 1751 inolevit,
1109 1727 1162 1753 qua
1179 1719 1220 1747 fas
1233 1725 1307 1747 esset
1321 1726 1422 1748 matres
1442 1729 1474 1749 ac
1491 1729 1603 1749 sorores
1616 1723 1642 1749 in
1655 1730 1755 1750 uxores

966 1765 1080 1792 ducere.
1091 1765 1195 1793 Prodiit
1206 1774 1238 1794 ex
1253 1766 1303 1793 bac
1315 1767 1417 1793 familia
1430 1771 1456 1794 et
1466 1767 1621 1800 Zoroaster,
1641 1769 1756 1805 insignis

966 1820 998 1840 ac
1015 1812 1211 1840 celeberrimus
1240 1813 1286 1840 ille
1316 1813 1460 1841 Persarum
1487 1819 1681 1848 astronomus;
1707 1816 1753 1850 qui

965 1858 1057 1886 Persis
1078 1859 1206 1894 praecepit
1222 1863 1252 1886 ut
1279 1859 1301 1886 si
1320 1860 1354 1887 ab
1372 1860 1434 1895 igne
1450 1859 1555 1888 caelesti
1578 1866 1753 1893 exoreretur,

966 1904 993 1932 id
1017 1904 1089 1939 quod
1104 1905 1173 1932 votis
1189 1905 1334 1940 expetebat
1348 1910 1378 1933 ut
1401 1906 1487 1940 ﬁeret,
1516 1906 1619 1934 ossium
1640 1915 1752 1935 suorum

966 1950 1097 1984 reliquias
1113 1956 1263 1984 sumerent,
1284 1959 1385 1986 easque
1399 1952 1434 1979 ad
1461 1944 1538 1987 regni
1560 1953 1753 1981 excitationem

965 2001 1179 2030 conservareut;
1196 1996 1239 2023 cui
1252 1997 1425 2032 prrcdictioui
1448 2004 1564 2025 eventus
1582 1998 1682 2026 deinde
1709 2007 1753 2025 rc~

965 2042 1085 2077 spondit.
1102 2042 1133 2069 ln
1148 2042 1271 2069 histOriis
1289 2042 1343 2070 illis
1355 2043 1454 2078 quibus
1469 2043 1600 2070 adversus
1614 2044 1752 2072 Julianum

964 2088 1112 2123 Gregorius
1127 2088 1173 2115 ille
1186 2087 1344 2122 Theologus
1360 2096 1425 2115 usus
1435 2094 1486 2121 est,
1502 2089 1558 2116 haec
1579 2089 1659 2116 etiatn
1669 2091 1751 2117 verba

964 2134 1141 2168 reperiuntur
1172 2134 1400 2161 :Astronomiam
1431 2134 1512 2169 primi
1539 2134 1678 2170 Babylonii
1705 2143 1752 2170 per

965 2179 1139 2206 Zoroastrum
1164 2179 1301 2206 invenisse
1321 2180 1511 2214 perhibentur.
1535 2188 1549 2206 a
1569 2181 1670 2215 quibus
1692 2188 1750 2208 eam

121 2217 240 2267 γοήτεία
249 2230 278 2257 δέ
298 2217 357 2256 ἐστι
374 2229 509 2264 δαιμόνων
526 2227 682 2254 κακοποιῶν
706 2228 770 2262 περὶ
789 2227 851 2258 τοὺς
867 2226 914 2253 τά-

971 2226 1096 2261 leinceps
1117 2224 1239 2261 Λεωνιἰί
1261 2226 1428 2260 acceperint.
1446 2225 1532 2261 Magia
1549 2225 1689 2253 Medorum
1708 2226 1751 2252 in~

122 2287 192 2315 φους
208 2270 435 2312 είλουμένων’ὲπὶ
452 2275 538 2302 κακοῦ
555 2283 626 2305 τινος
640 2274 780 2306 σύστασις.
799 2273 912 2308 Ιόῃτεία

121 2328 152 2354 δὲ
167 2326 287 2361 ηκουσεν
302 2323 357 2350 ἀπὸ
371 2322 426 2349 τῶν
451 2321 521 2356 γοῶν
550 2322 597 2347 καὶ
614 2321 668 2346 τῶν
686 2319 795 2354 θρήνων
812 2319 866 2344 τῶν
883 2320 912 2344 ἐν

121 2373 180 2402 τοῖς
195 2370 294 2403 τάφοις
311 2368 474 2402 γινομένων,
494 2366 598 2400 μαγεία
611 2365 639 2391 δὲ
660 2364 715 2390 ἀπὸ
730 2363 912 2398 Μαγουσαίιιιν

122 2417 186 2452 ἢτοι
203 2414 328 2450 Περσῶν,
345 2413 407 2440 ὅθεν
425 2412 486 2447 ἔσχε
503 2412 550 2438 καὶ
565 2411 613 2444 τὴν
628 2411 731 2446 ἀρχήν·
750 2408 854 2443 Matth:
869 2411 914 2443 ἐγ-

122 2462 233 2498 χωρίως
244 2461 268 2486 οἱ
284 2459 387 2494 Πέρσαι
402 2458 538 2491 λέγονται.
555 2458 583 2482 'U
598 2457 690 2490 μέντοι
711 2455 795 2490 μέγας
813 2455 913 2490 Κζρι).-

123 2511 168 2540 λος
185 2510 215 2535 ὲν
228 2508 284 2538 τοῖς
299 2506 369 2532 κατὰ
394 2503 539 2531 Ἰουλιανοῦ
555 2503 602 2529 καὶ
619 2503 682 2528 τάδε
700 2503 815 2536 γράφων
829 2501 912 2537 εὕρη-

122 2564 180 2586 ται,
193 2555 235 2581 ὃτι
249 2552 320 2587 μετὰ
335 2551 480 2578 ἐννακόσια
499 2548 546 2584 ἔτη
574 2548 619 2574 τοῦ
638 2548 833 2582 κατακλυσμοῦ
857 2548 913 2575 τῶν

128 2600 283 2635 Ἀσσυρίων
297 2598 471 2625 ἐϐασίλευσεν
486 2595 621 2630 Ἃρϐυλος
638 2595 745 2629 πρῶτος
761 2596 789 2620 ἐν
804 2594 911 2630 ἀνθρώ-

124 2645 292 2679 ποι;.οὗτος
305 2646 367 2680 ἔσχε
384 2644 490 2678 πρῶτος
507 2644 545 2673 είς
561 2642 658 2668 ἑαυτὸν
673 2642 703 2667 τὸ
716 2642 764 2676 τῆς
786 2641 913 2676 θεότητος

121 2696 220 2723 bunda.
243 2692 323 2718 Ἀλλὰ
341 2691 387 2717 καὶ
405 2690 484 2720 Νῖνος
500 2689 514 2714 ὁ
529 2688 635 2714 ἐκείνου
652 2688 716 2718 παῖς
729 2687 836 2721 πρῶτος
849 2687 913 2714 Ἀσ-

124 2721 230 2776 cur;le
246 2737 384 2772 ἐπιφανῶς
412 2734 574 2771 βασιλεῦσαι
592 2734 710 2768 λέγεται,
726 2730 756 2760 οὗ
769 2733 913 2768 ἐπώνυμος

123 2789 141 2822 ὴ
173 2784 294 2819 Νινευὴ,
322 2782 356 2819 ἧς
381 2783 415 2808 τὰ
438 2781 515 2816 τείχη
547 2779 702 2815 Σεμίραμις
734 2780 913 2815 μεγαλοφυῶς

122 2834 306 2860 {auspicia-ro.

966 2277 1077 2299 ventum
1091 2276 1144 2302 est,
1159 2279 1175 2298 a
1190 2272 1290 2307 quibus
1312 2272 1346 2301 ad
1373 2272 1470 2300 l’crsas
1501 2272 1632 2299 multavit.
1654 2272 1752 2299 Dillert

966 2317 1053 2345 haeca
1086 2317 1185 2352 goctia,
1215 2317 1287 2351 quod
1319 2317 1406 2352 magia
1433 2317 1469 2344 sit
1497 2317 1662 2351 imploratio,
1681 2317 1753 2343 sicut

965 2361 1051 2391 aiunt.
1066 2361 1250 2388 benclicerum
1267 2362 1407 2394 geniorum
1428 2361 1462 2388 ad
1493 2361 1555 2388 boui
1576 2361 1691 2396 alicujus
1713 2362 1753 2388 el-

964 2407 1123 2439 lcctionem,
1152 2407 1241 2442 goetia
1277 2415 1299 2433 Vt
1311 2415 1340 2434 ro
1369 2407 1554 2434 malelicorum
1575 2406 1752 2441 compellatio

965 2454 1177 2489 geniorutu,qui
1195 2453 1297 2480 circum
1327 2454 1452 2487 sepulcra
1478 2453 1646 2483 volutantur,
1675 2452 1753 2486 130

964 2501 998 2528 ad
1017 2501 1079 2528 tnali
1095 2501 1212 2536 alicujus
1228 2500 1414 2527 cffectionem.
1431 2499 1462 2526 Et
1483 2499 1577 2534 goetize
1597 2507 1697 2525 nomen
1715 2500 1751 2525 l'a-

964 2553 1038 2576 ctutn
1057 2553 1099 2575 cst
1111 2555 1125 2574 a
1142 2547 1293 2582 ploratibus
1310 2551 1338 2573 et
1362 2546 1502 2578 lamentis,
1525 2554 1585 2580 qute
1604 2553 1752 2573 consue\'e«

964 2600 1030 2622 ruttt
1047 2594 1073 2621 in
1092 2593 1226 2629 sepulcris
1255 2593 1397 2625 exsistere,
1413 2599 1475 2619 eum
1508 2592 1594 2626 tnagia
1614 2591 1721 2618 dicatur
1736 2598 1752 2617 a

966 2640 1117 2677 Magnsmis,
1129 2641 1179 2667 hoc
1195 2644 1236 2667 cst
1248 2638 1349 2671 Persis,
1366 2638 1488 2673 ejusdem
1501 2636 1667 2664 auctoribus.
1684 2635 1751 2661 Nam

965 2687 1064 2714 Persas
1082 2687 1171 2722 Magos
1189 2685 1319 2721 appellari
1341 2685 1432 2719 lingua
1451 2684 1516 2718 ipsis
1532 2682 1676 2710 vernacula
1689 2688 1753 2708 (-on-

967 2738 1032 2760 stat.
1051 2732 1170 2768 Cyrillus
1192 2736 1293 2763 autem,
1322 2733 1350 2758 in
1367 2731 1444 2757 libris
1465 2729 1597 2756 adversus
1612 2727 1752 2753 lulianum

966 2779 1088 2814 scriptis,
1108 2779 1192 2806 relcrt
1208 2784 1269 2813 post
1285 2785 1372 2805 annos
1388 2784 1402 2804 a
1418 2776 1521 2803 diluvio
1538 2777 1692 2809 nongentos
1702 2773 1755 2799 Ar-

966 2825 1058 2861 bylum
1086 2833 1178 2860 regem
1206 2825 1324 2860 Assyriis
1368 2822 1550 2857 imperitasse,
1580 2820 1625 2855 qui
1647 2819 1755 2854 primus

126 2880 272 2908 hominum
286 2877 337 2904 sibi
349 2876 498 2905 divinitatis
527 2874 739 2912 appellationem
763 2873 909 2909 arrogarit.
929 2871 1059 2908 Ejusdem
1091 2873 1162 2900 illius
1196 2872 1281 2899 Ninus
1302 2870 1406 2905 primus
1420 2868 1490 2903 apud
1507 2867 1631 2901 Assyrios
1640 2871 1756 2902 regnum
