1957 3073
115 148 172 180 28‘)

735 147 936 178 ANNAIJUM
958 147 1053 177 PARS
1076 147 1117 178 ll.

1683 150 1736 181 29.)

116 206 242 241 ροῦντος.
257 205 313 231 Καὶ
336 204 421 232 ταῦτα
442 205 559 240 λέγουσα
576 206 636 238 ταῖς
649 206 696 233 τοῦ
715 206 821 242 Πατρός
838 214 903 241 χερ-

956 209 1038 237 esset,
1057 205 1102 239 qui
1119 204 1220 232 Moscm
1246 206 1360 233 intuitus
1378 206 1458 242 149
1473 212 1584 242 propter
1604 208 1736 242 insignem

115 253 161 278 ctu
177 251 298 285 ἐντίθησι
323 250 352 277 τὸ
373 250 484 286 βρέφος.
505 250 536 277 '0
553 251 576 277 δ’
600 251 752 286 ἐπιτίθησιν
776 251 851 284 αὺτῷ
873 252 903 277 τὸ

114 297 249 331 διάδημα.
260 296 290 323 ’0
299 296 326 322 δὲ
336 297 438 329 Μωσῆς
448 298 597 332 καταφέρει
607 305 637 324 τε
651 298 716 324 αὐτὸ
728 297 842 329 καὶτοῖς
853 305 904 323 πο-

138 354 145 359 υ
189 342 333 374 ἐπιϐαίνει,
358 343 428 369 κατὰ
454 344 607 378 νηπιότητα
631 343 722 377 δῆθεν.
747 343 830 369 Ταῦτ’
856 342 903 369 οὖν

118 388 183 415 ἰδὼν
201 389 215 414 ὁ
240 388 478 423 ἱερογραμματεὺς
499 389 601 422 ἐκεῖνος
624 388 754 423 ὥρμησεν
776 388 904 414 ἀποκτεῖ-

116 443 164 461 ναι
187 435 279 466 αὑτὸν,
305 434 482 470 παροτρύνων
509 435 550 465 είς
581 434 647 461 αὐτὸ
676 433 754 460 τοῦτο
781 434 829 460 καὶ
856 433 903 461 τὸν

117 481 230 516 Φαραώ.
248 480 346 508 Φοάνει
368 481 391 507 δ’
413 480 524 516 αὐτοιιή
544 480 696 515 Θερμουθὶς
711 480 902 515 ἐξαρπάσασα.

120 528 236 554 Ἐκτοτε
252 525 299 554 οὖν
314 527 403 558 καλῶς
418 527 595 561 ἁνετρέφετο.
612 525 676 553 Εἶτα
699 526 767 560 δήλη
788 525 834 551 καὶ
848 527 904 557 τοῖς

117 573 281 606 Αίγυπτίοις
291 574 308 607 ἡ
322 571 406 607 ἁρετὴ
418 572 500 599 αὐτοῦ
515 573 630 606 γίνεται,
646 571 774 602 Αἰθίοπες
789 572 904 606 ἐκστρα-

117 620 230 646 τεύουοι
254 619 314 645 κατ’
334 619 432 645 αὐτῶν.
456 617 726 654 Ἀντιστρατεύονται
746 619 794 644 καὶ
818 613 902 649 οὗτοι,

117 664 294 699 ἑκατέρωθεν
306 664 334 691 δὲ
348 664 397 691 οὐκ
408 664 494 698 ὀλίγοι
512 664 668 690 πίπτουσιν.
687 661 768 688 Ὅθεν
791 662 805 687 ὁ
825 661 904 695 βασι-

116 711 184 742 λεὺς
213 710 308 737 θεόθεν
330 710 475 745 ὁδηγηθεὶς
503 710 593 736 πείθει
622 709 673 742 τὴν
699 706 835 741 θυγατέρα
858 706 905 732 τὸν

68 749 75 757 “
115 757 222 785 Μωσέα
244 756 397 792 παρασχεῖν
425 756 589 790 στρατηγόν.
613 755 729 790 Δέχεται
758 752 787 779 τὸ
812 752 903 786 ἔργον,

115 804 180 830 κατ’
194 803 333 830 Αἰθιόπων
347 802 432 837 ὁρμᾷ.
454 803 508 828 Καὶ
530 802 575 828 διὰ
601 801 651 836 γῆς
669 801 777 836 μέλλων
790 798 905 825 διελθεῖν

116 851 234 886 ἐρήμου,
247 840 312 876 ἔνθα
325 850 427 884 ἑρπετὰ
439 849 514 875 δεινὰ
527 849 681 884 ἐτρέφοντο,
694 847 723 885 τί
733 846 904 882 μηχανᾶται;

956 250 1116 284 elegantiam
1142 251 1236 279 forma!
1250 259 1303 279 non
1320 253 1532 287 obstupesceret.
1552 254 1620 282 Uine
1635 255 1736 282 factum

956 300 984 323 ut
998 296 1154 323 Thermutis
1168 304 1216 331 per
1230 304 1259 324 se
1275 298 1377 325 sterilis
1388 306 1450 325 eum
1465 299 1515 326 sibi
1536 300 1689 334 adoptaret,
1703 303 1738 328 ad

955 349 1045 376 regem
1061 341 1219 376 adduceret,
1237 351 1346 371 onmem
1363 345 1418 379 regi
1435 341 1583 379 expmteret
1597 346 1680 374 animi
1695 347 1736 373 sui

955 387 1130 420 sententiam,
1147 388 1276 415 nimirum
1292 389 1348 424 regi
1372 389 1443 418 hunc
1459 398 1643 420 successorem
1668 393 1737 424 fore.

955 431 1002 466 qui
1029 432 1114 459 ﬁliuni
1143 441 1176 460 ex
1192 441 1220 461 se
1248 437 1341 461 natum
1358 436 1471 463 omnino
1495 437 1597 465 nullum
1617 439 1737 467 haberet.

956 478 1042 512 Atque
1065 479 1109 505 his
1125 478 1206 506 dictis
1230 479 1359 508 infantem
1386 481 1414 508 in
1431 489 1526 510 manus
1544 484 1628 517 patris
1654 485 1739 519 ἀθρυ-

955 523 1054 556 suisse,
1078 524 1123 559 qui
1144 532 1207 552 mox
1221 532 1284 552 eum
1309 526 1391 554 fascia
1410 528 1491 562 regali
1505 529 1652 556 ornaverit.
1671 530 1739 557 ’l'um

956 568 1056 597 Mosem
1074 570 1170 604 puerili
1186 571 1303 605 quadam
1319 572 1495 607 simplicitate
1510 574 1544 601 de
1557 572 1645 609 capite
1665 575 1738 602 illam

956 614 1107 642 detraxisse
1126 623 1157 643 ac
1170 617 1342 651 proculcassc
1356 619 1482 652 pedibus.
1500 620 1537 646 Ea
1552 628 1581 647 re
1594 625 1739 655 conspecta

957 660 1094 688 hominem
1111 662 1185 688 illum
1205 670 1344 690 sacrarum
1360 662 1524 692 Litterarum
1543 666 1740 701 peritissimum

955 706 988 733 ad
1003 706 1134 734 infantem
1148 709 1300 736 necandum
1309 710 1473 741 accurrisse.
1487 711 1569 746 idque
1586 717 1614 739 ut
1627 713 1740 740 omnino

956 752 1034 780 ﬁeret
1061 753 1231 782 Pharaonem
1257 757 1430 784 exhortatum
1444 763 1513 784 esse.
1530 757 1627 785 Verum
1653 759 1741 786 Ther-

956 798 1051 825 mutim
1082 799 1156 827 hunc
1181 801 1360 829 antevertisse
1382 802 1537 837 Mosemque
1563 804 1739 839 surripuisse.

956 843 997 871 Ab
1012 851 1044 871 eo
1060 848 1181 879 tempore
1192 845 1276 873 fuisse
1288 847 1416 881 praeclare
1428 848 1572 876 admodum
1585 850 1740 883 educatum,

116 896 270 931 Πλέγματά
287 903 348 922 τινα
371 894 477 929 ἐμφερῆ
502 894 629 924 κιϐωτοῖς
644 894 674 919 ὲκ
700 892 792 927 βίϐλου
819 898 903 917 κατα-

956 893 982 916 et
1011 889 1078 924 ipsis
1097 890 1165 918 adeo
1190 890 1326 926 Aigyptiis
1345 892 1471 920 virtutem
1487 893 1549 928 ejus
1576 894 1739 928 innotuisse,

117 941 259 974 σκευάζει,
275 941 322 967 καὶ
336 941 485 975 πληρώσας
500 940 578 967 ἴϐεων
593 939 714 973 ἐκόμιζε.
730 935 902 971 Πολεμιώτα-

116 996 164 1014 τον
180 987 208 1013 δέ
225 988 282 1013 ἐστι
299 988 355 1018 τοῖς
373 986 450 1021 ὄφεσι
465 985 546 1012 τοῦτο
568 986 597 1012 τὸ
620 985 699 1017 ζῶον·
718 982 850 1018 φεύγουσί
873 990 901 1008 τε

116 1033 174 1067 γὰρ
198 1031 395 1066 ἐπερχομένας,
418 1032 466 1060 καὶ
492 1030 686 1064 ἀνθιστάμενοι
710 1028 835 1062 καθάπερ
856 1026 900 1053 ὑπ’

117 1079 227 1111 ἐλάφων
241 1078 429 1113 ἁρπαζόμενοι
453 1077 661 1104 καταπίνονται.
688 1074 849 1110 Χειροήθεις
873 1072 903 1099 δέ

116 1125 189 1151 εἰσιν
204 1125 231 1150 al
247 1124 325 1155 ἴϐεις,
348 1123 395 1150 καὶ
409 1124 478 1158 πρὸς
497 1123 578 1157 μόνον
599 1122 630 1148 τὸ
645 1121 698 1148 τῶν
713 1121 802 1154 ὸφεων
825 1119 900 1152 γένος

117 1171 222 1204 ἄγριοι.
240 1169 410 1204 Παρέρχεται
424 1167 471 1196 οὖν
484 1167 527 1195 διὰ
541 1168 646 1194 τούτων
670 1167 719 1202 τὴν
735 1165 903 1201 θηροτρόφον

121 1217 182 1250 γῆν.
196 1215 353 1250 Συμϐἀλλει
366 1215 421 1245 τοῖς
439 1212 557 1247 Αἰθίοψι,
575 1212 647 1239 κατά
666 1220 726 1238 τινα
748 1211 831 1243 νῆσον
847 1209 904 1236 διὰ-

117 1269 198 1295 γουσι
223 1260 412 1295 δυσπόρθητον
438 1259 521 1285 οὖσαν
541 1258 585 1285 διὰ
607 1257 638 1284 τὸ
654 1257 786 1291 ποταμοῖς
806 1255 903 1290 περιρ-

117 1307 241 1343 ῥέεσθαι.
257 1307 360 1341 Θάρϐις
379 1306 407 1332 δὲ
422 1307 439 1339 ἡ
457 1305 503 1331 τοῦ
524 1304 655 1340 βασιλέως
671 1304 794 1338 θυγάτηρ
808 1302 902 1335 δεξιῶς

118 1352 331 1386 ἀπομαχόμενον
348 1351 440 1386 ὁρῶσα
465 1350 511 1376 τὸν
532 1349 633 1377 Μωσέα
655 1350 695 1380 είς
710 1348 800 1383 ἔρωτα
816 1347 903 1374 δεινὸν

118 1397 235 1424 ὤλισθεν
249 1396 343 1424 αὐτοῦ.
361 1397 415 1423 Καὶ
438 1396 581 1431 περιόντος
600 1395 647 1422 τοῦ
671 1395 776 1425 πάθους
799 1395 904 1428 πέμπει

117 1443 189 1477 πρὸς
205 1442 287 1468 αὐτὸν
308 1441 361 1468 τῶν
384 1441 497 1467 οἰκετῶν
520 1441 584 1471 τοὺς
608 1439 797 1470 πιστοτάτους,
815 1438 904 1465 διαλε-

118 1489 227 1523 γομένη
241 1488 303 1522 περὶ
315 1487 412 1522 γάμων
429 1487 476 1512 καὶ
492 1486 542 1522 τὴν
566 1485 644 1513 πόλιν
668 1483 841 1526 προδιδοῦσα.
860 1483 905 1510 Γί-

118 1543 196 1560 νεται
210 1534 308 1564 ταῦτα,
324 1535 441 1559 τελεῖται
456 1531 492 1558 τὰ
504 1531 551 1558 τοῦ
569 1531 671 1566 γάμου.
688 1530 758 1562 Τοὺς
773 1529 904 1560 Αἰθίοπας

119 1580 241 1614 ἀναιρεῖ,
259 1580 307 1605 καὶ
322 1579 384 1609 τοὺς
399 1578 567 1612 Δίγυπτίους
584 1577 624 1607 είς
646 1575 694 1611 τὴν
712 1575 818 1602 ἑαυτῶν
832 1575 904 1602 ἀπά-

120 1631 165 1657 γει
174 1625 236 1658 γῆν.
251 1623 363 1650 Ἔκτοτε
371 1620 417 1649 οὖν
429 1621 525 1656 φθόνος
534 1620 605 1647 κατὰ
616 1620 748 1651 Μωσέως⁸
760 1619 904 1647 ἐπτοοῦντο

119 1670 176 1703 γὰρ
201 1669 307 1703 μήποτε
322 1668 381 1694 κατ’
405 1668 561 1701 Αἰγυπτίων
582 1665 743 1702 νεωτερίσῃ.
766 1665 903 1692 Μανθάνει

119 1715 219 1748 ταῦτα,
247 1714 294 1744 καὶ
321 1713 411 1740 λαθὼν
437 1713 539 1746 ἔξεισιν
564 1713 678 1744 ἐκεῖθεν,
696 1712 743 1737 καὶ
762 1711 816 1738 τῶν
835 1710 903 1737 ὁδῶν

119 1761 335 1795 φυλασσομένων
346 1760 391 1787 διὰ
405 1759 455 1794 τῆς
466 1759 570 1794 ἐρήμου
584 1759 703 1785 ποιεῖται
714 1757 759 1784 τὸν
771 1755 903 1792 δρασμόν.

127 1807 335 1841 Ἐφίσταταιτῴ
350 1805 448 1840 φρέατι
468 1805 533 1832 ἔνθα
554 1804 600 1831 τοῦ
618 1803 754 1839 Ῥαγουὴλ
777 1804 805 1830 αι
821 1803 904 1837 θυγα-

119 1854 199 1888 τέρες
215 1853 250 1879 τὰ
273 1852 418 1887 θρέμματα
441 1851 576 1883 ὲκότιζον.
601 1850 762 1886 ’Δνήνεκται
784 1848 822 1884 τῷ
843 1848 904 1876 Ῥα-

120 1898 208 1932 γουὴλ
219 1897 253 1923 τά
265 1896 390 1932 περὶτοῦ
406 1896 528 1928 Μωσέως
541 1915 548 1928 ,
578 1896 620 1927 τίς
645 1903 676 1922 τε
699 1893 733 1930 ἦν
754 1896 802 1921 καὶ
830 1894 904 1925 ὃπως

120 1945 182 1976 ταῖς
198 1943 282 1970 αὐτοῦ
297 1943 464 1978 θυγατράσιν
482 1941 620 1977 ἐπαμῦναι
636 1941 685 1968 οὐκ
704 1939 827 1975 ὤκνησεν
840 1949 847 1956 ·
862 1940 904 1974 ἐφ’

119 1987 141 2024 ᾧ
153 1991 200 2016 καὶ
217 1989 342 2025 γαμϐρὸν
354 1989 399 2016 τὸν
417 1989 519 2015 Μωσέα
537 1989 622 2016 ποιεῖ.
646 1987 675 2015 '0
693 1988 784 2022 μέντοι
800 1987 904 2022 Μωσῆς

119 2036 251 2063 τοιούτων
264 2036 352 2071 τυχὼν
366 2036 421 2063 τῶν
440 2035 518 2071 παρά
532 2036 579 2062 τοῦ
598 2035 714 2071 ἰοθόρου
740 2034 830 2070 (τοῦτο
850 2035 903 2069 γὰρ

111 2079 155 2116 ,ἦν
170 2080 310 2116 ἐπίκλημα
323 2081 361 2116 τῷ
381 2080 549 2116 Ῥαγουήλῳ)
565 2081 659 2116 διῆγεν
681 2080 778 2107 αὐτόθι
792 2080 905 2115 ποιμαι-

121 2134 175 2152 νων
203 2128 238 2153 τα
260 2126 433 2161 βοσκήματα.
458 2127 618 2160 Τηνικαῦτα
643 2127 690 2153 καὶ
711 2127 774 2153 κατ’
791 2126 858 2154 αὐτὸ
873 2125 905 2152 τὸ

98 2154 227 2219 ίὶΣίναιον
253 2154 380 2206 περιάγει
403 2154 574 2203 abst-Evilat
597 2172 706 2199 καὶτὸν
730 2171 796 2198 Θεὸν
809 2171 860 2207 ὁρᾷ
874 2172 904 2197 ἐκ

952 934 998 969 qui
1014 942 1077 961 cum
1093 935 1239 970 aliquando
1263 938 1393 965 adversus
1408 946 1438 966 se
1458 939 1581 966 viderent
1598 940 1741 975 Ατὶιὶιίοιτοε

950 980 1150 1013 expeditionem
1165 982 1315 1017 suscipere,
1333 983 1385 1018 ipsi
1413 992 1524 1019 quoque
1541 990 1630 1013 castra
1645 987 1741 1014 castris

952 1024 1099 1052 hostilibus
1110 1028 1298 1061 opposuerim.
1316 1028 1364 1056 llic
1378 1037 1439 1057 cutn
1457 1032 1584 1066 utrinque
1596 1040 1649 1059 non
1662 1033 1741 1068 pauci

952 1071 1092 1105 caderent,
1121 1073 1176 1108 regi
1193 1073 1286 1102 divino
1301 1076 1419 1110 quodam
1435 1076 1566 1105 instinctu
1581 1078 1661 1106 ﬁliam
1678 1087 1740 1114 per-

952 1117 1072 1144 suasisse
1103 1122 1134 1145 ut
1162 1118 1262 1146 Mosem
1288 1121 1346 1148 suis
1369 1122 1465 1150 ducem
1492 1124 1741 1160 iri-peratorcmque

952 1162 1127 1191 concederet.
1143 1163 1172 1191 Id
1188 1166 1310 1193 tuuneris
1325 1167 1425 1195 Mosem
1443 1169 1546 1203 imponi
1561 1171 1613 1198 sibi
1632 1179 1739 1206 passum

954 1206 1048 1240 fuisse,
1069 1208 1096 1234 in
1118 1208 1212 1237 hostes
1226 1210 1372 1246 Aitltiopes
1384 1214 1476 1249 copias
1494 1216 1639 1248 eduxisse;
1653 1217 1741 1251 quod-

952 1259 1006 1285 que
1025 1252 1113 1279 solum
1147 1254 1283 1288 quoddam
1298 1256 1436 1285 desertum
1451 1264 1642 1294 peragraturus
1657 1267 1740 1295 esset,

953 1297 981 1324 in
995 1305 1048 1332 quo
1064 1306 1161 1335 magna
1179 1301 1317 1335 releium
1333 1303 1476 1332 noxiorum
1493 1306 1569 1340 copia
1597 1306 1678 1339 feret,
1698 1308 1740 1335 in-

954 1347 1031 1383 signe
1054 1349 1181 1383 quiddam
1207 1352 1332 1380 molitum
1356 1353 1452 1382 fuisse.
1483 1356 1617 1385 Nimirum
1643 1360 1740 1388 corbes

954 1393 1085 1427 quosdam
1107 1397 1239 1425 rotundos
1256 1397 1316 1426 ﬁeri
1331 1407 1460 1434 curasse;
1482 1402 1510 1430 in
1533 1411 1581 1431 eos
1605 1406 1740 1440 conjectas

954 1438 1012 1466 ibes
1026 1447 1118 1468 secum
1131 1441 1308 1477 deportasse;
1334 1445 1394 1473 ibes
1409 1447 1483 1475 enim
1499 1438 1672 1484 serpentibus
1698 1451 1741 1478 in-

955 1482 1107 1512 festissima:
1121 1491 1194 1520 sunt,
1207 1489 1252 1522 qui
1266 1489 1375 1524 quidem
1389 1482 1608 1525 easaccedentes
1621 1495 1739 1531 fugiunt,

955 1537 987 1558 ac
998 1531 1022 1558 si
1044 1533 1178 1566 restitent,
1196 1535 1307 1569 perinde
1322 1542 1401 1573 atque
1415 1546 1429 1566 ιι
1441 1540 1529 1568 cervis
1544 1541 1740 1577 deglutiuntur.

949 1576 987 1616 ‘Et
1002 1582 1066 1605 sunt
1084 1579 1143 1608 ibes
1167 1582 1280 1610 omnino
1294 1583 1400 1612 cicures
1425 1593 1457 1614 ac
1479 1576 1640 1620 mansuetae.
1660 1589 1742 1625 inque

954 1629 1111 1658 serpentum
1127 1635 1212 1662 genus
1225 1629 1312 1656 solum
1325 1630 1484 1660 inmaniter
1499 1635 1625 1662 serviunt.
1638 1636 1740 1664 Harum

955 1669 1038 1704 igitur
1053 1678 1106 1705 ope
1123 1671 1224 1701 Mosam
1249 1675 1416 1704 inaccessam
1434 1678 1554 1714 alioquin
1567 1685 1664 1709 terram
1680 1691 1743 1717 per-

955 1721 1081 1749 agrasse;
1111 1723 1223 1744 manum
1254 1726 1315 1746 cum
1338 1720 1517 1756 Ethiopibus
1547 1726 1739 1760 conseruisse.

954 1760 1001 1795 qui
1012 1761 1156 1795 quamdam
1171 1762 1286 1790 insulam
1297 1764 1450 1793 incolerent
1463 1767 1538 1795 aditu
1554 1770 1739 1803 perdifﬁcilem

955 1811 1099 1841 propterea
1112 1808 1185 1842 quod
1204 1809 1331 1837 amnibus
1350 1811 1472 1847 undique
1487 1813 1740 1845 circumﬂuentibus

953 1857 1137 1886 clauderetur.
1147 1858 1215 1887 Tum
1222 1860 1386 1889 Tharbidem
1395 1863 1466 1899 regis
1474 1863 1632 1900 Ethiopum
1644 1866 1739 1900 tiliam,

954 1911 1015 1938 qua:
1030 1904 1132 1932 Mosem
1141 1906 1253 1936 naviter
1263 1906 1409 1935 admodum
1423 1910 1588 1943 praeliantetn
1603 1918 1738 1947 cerneret,

954 1950 1111 1978 vehementi
1138 1952 1197 1986 eius
1220 1959 1314 1980 amore
1340 1959 1446 1989 captam
1461 1962 1538 1988 esse.
1567 1957 1738 1994 famulosque

955 1996 1007 2023 sibi
1026 1996 1173 2024 ﬁdissimos
1196 1998 1229 2025 ad
1254 1998 1342 2033 ipsum
1359 2000 1523 2028 indicanda:
1537 2003 1620 2030 simi
1641 2004 1681 2031 sui
1699 2005 1740 2032 oi-

955 2040 1082 2069 feetiouis
1103 2050 1185 2070 causa
1202 2043 1328 2077 misisse;
1345 2045 1426 2072 simul
1454 2048 1572 2083 conjugii
1601 2050 1740 2078 mentione

955 2086 1026 2114 facta
1052 2087 1127 2115 urbis
1155 2088 1337 2122 proditionem
1360 2098 1421 2118 esse
1437 2091 1594 2125 pollicitam.
1610 2093 1657 2122 llis
1680 2096 1740 2130 eius

956 2132 1100 2166 postulatis
1116 2132 1217 2161 Mosem
1234 2134 1382 2168 adnuisse;
1395 2138 1505 2172 nuptias
1520 2138 1603 2166 fuisse
1618 2141 1740 2169 celebra-

957 2180 1008 2209 tas,
1027 2176 1177 2213 Ethiopes‘
1198 2179 1367 2213 interfectos,
1385 2181 1527 2218 Egyptios
1551 2183 1577 2211 in
1593 2186 1680 2213 solum
1694 2196 1740 2221 pa-

120 2219 171 2252 τῆς
198 2217 279 2252 βάτου
304 2217 440 2245 καλοῦντα
464 2217 557 2245 αὐτόν.
587 2217 617 2244 '0
642 2217 707 2247 Θεὸς
730 2217 903 2245 ἀποστέλλων

957 2223 1037 2250 trium
1053 2224 1190 2252 reductos.
1206 2226 1248 2254 Ab
1271 2233 1303 2253 eo
1324 2217 1448 2262 tempore
1469 2228 1552 2257 fuisse
1573 2230 1675 2258 Mosam
1692 2240 1739 2259 ex-

121 2265 190 2298 πρὸς
205 2264 303 2298 Φαραὼ
326 2264 372 2290 τὸν
388 2264 501 2297 Μωσέα,
529 2264 584 2290 καῖ
600 2263 815 2299 ὑπισχνούμενος
833 2272 903 2299 συμ-

122 2310 252 2344 παρεῖναι
269 2309 355 2344 αὺτῷ,
370 2311 438 2344 πρὸς
451 2311 541 2337 πίστιν
556 2310 602 2337 τοῦ
618 2310 698 2344 λόγου
715 2311 753 2342 εις
769 2310 903 2345 δράκοντα

123 2354 287 2388 μεταϐάλλει
309 2354 358 2390 τὴν
383 2355 480 2390 ῥάϐδον
507 2355 600 2383 αὐτοῦ.
633 2357 662 2384 '0
683 2355 775 2391 μέντοι
800 2356 904 2390 Μωσῆς

121 2400 380 2435 παρρησιασάμενος
403 2401 471 2436 πρὸς
493 2402 603 2436 Φαραὼ,
630 2402 680 2437 τὴν
704 2402 802 2437 ῥάϐδον
819 2400 902 2428 αὑτοῦ

119 2447 190 2471 κατὰ
206 2445 256 2479 γῆς
268 2454 297 2471 τε
311 2446 404 2480 ῥίπτει
416 2448 464 2473 καὶ
475 2448 514 2479 είς
532 2446 594 2481 ὅφιν
609 2447 784 2482 μεταϐάλλει.
797 2448 902 2475 Οὐκοῦν

121 2491 268 2525 περιιοῦσα
279 2492 326 2523 τὰς
335 2492 390 2518 τῶν
402 2492 560 2526 Αίγυπτίων
572 2493 697 2528 ῥάϐδους,
712 2495 740 2520 αἶ
756 2494 902 2529 δράκοντες

120 2537 241 2569 ἐδόκουν,
257 2538 398 2572 κατήσθιε.
417 2539 470 2565 Καὶ
487 2538 559 2565 οὕτω
578 2540 627 2574 μὲν
645 2541 659 2565 ὁ
682 2539 823 2574 Ἰώσηπος,
846 2542 860 2567 ὁ
874 2540 902 2566 δὲ

120 2583 265 2614 Νυσσαεὺς
279 2582 348 2613 θεῖος
363 2574 512 2619 Γρηγόριός
535 2592 618 2619 φησιν
641 2585 682 2611 ὅτι
697 2585 740 2611 διὰ
763 2585 842 2611 τοῦτο
855 2586 902 2611 ἐπὶ

123 2630 174 2664 μιν
191 2628 241 2662 τῆς
256 2628 336 2662 βάτου
360 2629 407 2655 καὶ
426 2629 472 2656 τοῦ
495 2629 602 2665 Ἰσραὴλ
621 2631 635 2656 ὁ
652 2628 723 2662 Θεὸξ
734 2632 781 2666 τὴν
805 2631 902 2666 ῥάϐδον

121 2676 162 2706 είς
172 2674 235 2709 ὅφιν
253 2676 426 2710 μεταϐάλλει,
441 2677 487 2702 ἐπὶ
497 2676 525 2703 δὲ
535 2676 582 2703 τοῦ
593 2676 692 2712 Φαραὼ
706 2678 745 2708 είς
755 2677 901 2711 δράκοντα,

121 2722 166 2749 ἵνα
186 2721 226 2756 τῷ
240 2723 351 2756 μεγέθει
379 2722 541 2758 καταπλὴξῃ
566 2722 676 2754 αὐτούς.
703 2722 788 2756 Δῆλον
808 2723 838 2749 δὲ
861 2723 902 2749 ὅτι

120 2767 223 2802 ἀληθὲς
236 2768 316 2794 τοῦτο
331 2769 361 2794 τὸ
376 2771 488 2804 σημεῖον
502 2767 547 2804 ἦν,
563 2769 594 2795 τὸ
607 2769 636 2795 δὲ
651 2769 705 2795 τῶν
723 2770 817 2803 μάγων
835 2777 903 2802 φαν-

119 2815 213 2841 τασίαν
230 2814 269 2840 διὸ
282 2814 329 2841 καὶ
346 2815 484 2850 κατεπόθη
499 2815 553 2842 ὑπὸ
566 2817 613 2850 τῆς
630 2815 758 2850 ἀληθείας
771 2815 786 2849 ἡ
800 2824 903 2849 φαντα-

115 2861 179 2887 σία.
201 2858 271 2886 “Λ).λ¹
286 2860 336 2885 οὐκ
349 2859 471 2887 ἐντεῦθεν
485 2863 498 2888 ὁ
511 2860 611 2896 Φαραὼ
626 2861 760 2895 πείθεται,
777 2861 903 2896 μαίνεται

282 2908 414 2939 Paraon.
432 2910 491 2939 Gn.
510 2909 632 2941 CLV”!

956 2270 1074 2304 positum
1093 2271 1214 2305 invidi-al,
1240 2272 1450 2302 formidantibus
1470 2274 1605 2311 Egyptiis
1633 2286 1666 2306 ue
1691 2280 1739 2306 ali-

955 2316 1063 2349 quando
1081 2317 1162 2344 etiam
1180 2318 1311 2346 adversus
1327 2327 1356 2346 se
1375 2328 1460 2347 noras
1474 2329 1517 2349 res
1532 2323 1682 2351 moliretur.
1705 2325 1739 2352 lis

955 2362 1154 2390 animadversis
1183 2363 1351 2392 subtraxisse
1377 2373 1407 2392 se
1433 2366 1545 2399 Mosen).
1575 2373 1603 2395 et
1629 2370 1737 2403 cognito

956 2407 1014 2434 vias
1036 2408 1185 2444 itineraque
1205 2409 1305 2443 passim
1332 2411 1451 2439 obsideri
1475 2420 1490 2439 ο
1505 2414 1672 2447 custodibus,
1692 2424 1738 2450 per

957 2453 1131 2480 solitudinem
1150 2455 1271 2481 instituta
1292 2454 1353 2490 fuga
1378 2456 1458 2484 saluti
1476 2465 1531 2485 sua:
1558 2460 1737 2488 consuluisse.

957 2497 1026 2525 lliuc
1040 2498 1073 2524 ad
1099 2503 1210 2533 puteum
1228 2500 1395 2534 pervenisse,
1413 2501 1459 2528 ubi
1476 2502 1539 2530 tilia;
1557 2503 1669 2539 Rngueli
1690 2513 1734 2540 pa-

957 2548 1064 2570 ternum
1099 2550 1181 2577 pecus
1206 2545 1389 2579 adaquabant.
1423 2546 1482 2575 Mox
1510 2548 1594 2576 relata
1617 2549 1737 2585 Raguelo

957 2589 1040 2627 fuisse
1068 2597 1127 2624 qua:
1154 2589 1240 2618 Moses
1259 2591 1377 2626 fecisset,
1397 2593 1458 2626 quis
1484 2598 1566 2627 esset,
1587 2603 1641 2629 quo
1660 2600 1737 2630 pacto

957 2634 1063 2661 ﬁliabus
1085 2635 1171 2670 ipsius
1187 2636 1247 2663 sine
1261 2639 1433 2665 cunctatione
1447 2640 1638 2667 succurrisset.
1659 2641 1738 2676 150

956 2679 1004 2707 llis
1030 2680 1103 2707 illurn
1123 2681 1204 2709 rebus
1228 2688 1378 2717 permotum
1400 2683 1502 2711 Mosetn
1529 2684 1580 2712 sibi
1606 2693 1736 2719 generqu

957 2727 1095 2754 aseivisse.
1111 2726 1221 2755 Talibus
1236 2729 1360 2756 nifectum
1378 2729 1479 2757 Mosem
1493 2730 1631 2757 beneficiis
1643 2731 1677 2758 ab
1688 2731 1736 2759 Jo-

957 2771 1036 2797 thoro
1052 2770 1096 2806 (id
1113 2771 1185 2798 enim
1207 2772 1325 2808 Ragutslo
1342 2778 1549 2809 cognomentum
1566 2774 1662 2809 fuisse)
1675 2783 1736 2802 cuin

956 2824 989 2844 eo
1002 2818 1184 2852 victitassc‘ac
1204 2820 1289 2846 soceri
1308 2827 1389 2854 pecus
1402 2820 1518 2854 pavisse.
1534 2819 1656 2854 Cumque
1671 2821 1737 2849 illud

954 2862 1030 2897 juxta
1046 2862 1163 2890 Sinwutn
1180 2869 1300 2891 montem
1316 2865 1539 2895 circumduceret,
1558 2864 1641 2892 Deum
1656 2866 1689 2893 ab
1704 2873 1736 2894 eo

1483 2912 1520 2940 10
