  <div class='ocr_page' id='page_1' title='image "/cluster/home/n/w/nwhite01/storage/ocr_20150623/158/njp.32101077773230/186.png"; bbox 0 0 1957 3073; ppageno 0'>
   <div class='ocr_carea' id='block_1_1' title="bbox 125 147 180 179">
    <p class='ocr_par' dir='ltr' id='par_1_1' title="bbox 125 147 180 179">
     <span class='ocr_line' id='line_1_1' title="bbox 125 147 180 179; baseline 0 0"><span class='ocrx_word' id='word_1_1' title='bbox 125 147 180 179; x_wconf 72' lang='lat'><strong>293</strong></span> 
     </span>
    </p>
   </div>
   <div class='ocr_carea' id='block_1_2' title="bbox 741 149 1130 181">
    <p class='ocr_par' dir='ltr' id='par_1_2' title="bbox 741 149 1130 181">
     <span class='ocr_line' id='line_1_2' title="bbox 741 149 1130 181; baseline -0.003 -1"><span class='ocrx_word' id='word_1_2' title='bbox 741 149 948 181; x_wconf 80' lang='lat' dir='ltr'><strong>ANNALIUM</strong></span> <span class='ocrx_word' id='word_1_3' title='bbox 971 150 1067 180; x_wconf 77' lang='lat' dir='ltr'><strong>PARS</strong></span> <span class='ocrx_word' id='word_1_4' title='bbox 1089 150 1130 180; x_wconf 84' lang='grc' dir='ltr'><strong>Ιῐ.</strong></span> 
     </span>
    </p>
   </div>
   <div class='ocr_carea' id='block_1_3' title="bbox 1702 148 1755 181">
    <p class='ocr_par' dir='ltr' id='par_1_3' title="bbox 1702 148 1755 181">
     <span class='ocr_line' id='line_1_3' title="bbox 1702 148 1755 181; baseline 0.038 -2"><span class='ocrx_word' id='word_1_5' title='bbox 1702 148 1755 181; x_wconf 71' lang='grc'><strong>294</strong></span> 
     </span>
    </p>
   </div>
   <div class='ocr_carea' id='block_1_4' title="bbox 127 203 920 242">
    <p class='ocr_par' dir='ltr' id='par_1_4' title="bbox 127 203 914 241">
     <span class='ocr_line' id='line_1_4' title="bbox 127 203 914 241; baseline 0.003 -11"><span class='ocrx_word' id='word_1_6' title='bbox 127 203 197 230; x_wconf 81' lang='grc' dir='ltr'>Θεοῦ</span> <span class='ocrx_word' id='word_1_7' title='bbox 208 205 222 230; x_wconf 81' lang='grc' dir='ltr'><strong>ό</strong></span> <span class='ocrx_word' id='word_1_8' title='bbox 238 203 367 240; x_wconf 50' lang='lat' dir='ltr'><strong>Magiam,</strong></span> <span class='ocrx_word' id='word_1_9' title='bbox 380 205 428 232; x_wconf 78' lang='grc' dir='ltr'>καὶ</span> <span class='ocrx_word' id='word_1_10' title='bbox 439 205 604 232; x_wconf 81' lang='grc' dir='ltr'><strong>τελευτῶσιν</strong></span> <span class='ocrx_word' id='word_1_11' title='bbox 620 205 720 233; x_wconf 72' lang='grc' dir='ltr'>αὐτίκα</span> <span class='ocrx_word' id='word_1_12' title='bbox 734 207 757 233; x_wconf 85' lang='lat' dir='ltr'><strong>el</strong></span> <span class='ocrx_word' id='word_1_13' title='bbox 772 206 914 241; x_wconf 79' lang='grc' dir='ltr'><strong>βάτραχοι,</strong></span> 
     </span>
    </p>
   </div>
   <div class='ocr_carea' id='block_1_5' title="bbox 974 203 1751 242">
    <p class='ocr_par' dir='ltr' id='par_1_5' title="bbox 974 204 1751 242">
     <span class='ocr_line' id='line_1_5' title="bbox 974 204 1751 242; baseline -0.004 -8"><span class='ocrx_word' id='word_1_14' title='bbox 974 211 1054 234; x_wconf 75' lang='grc' dir='ltr'>›θιι·οι</span> <span class='ocrx_word' id='word_1_15' title='bbox 1077 206 1211 242; x_wconf 82' lang='lat' dir='ltr'><strong>postulata</strong></span> <span class='ocrx_word' id='word_1_16' title='bbox 1243 205 1361 239; x_wconf 80' lang='lat' dir='ltr'><strong>Pharao;</strong></span> <span class='ocrx_word' id='word_1_17' title='bbox 1386 206 1469 233; x_wconf 88' lang='lat' dir='ltr'><strong>Deum</strong></span> <span class='ocrx_word' id='word_1_18' title='bbox 1493 205 1654 232; x_wconf 83' lang='lat' dir='ltr'><strong>obsecrante</strong></span> <span class='ocrx_word' id='word_1_19' title='bbox 1678 204 1751 231; x_wconf 75' lang='lat' dir='ltr'><strong>Mosa</strong></span> 
     </span>
    </p>
   </div>
   <div class='ocr_carea' id='block_1_6' title="bbox 128 249 913 287">
    <p class='ocr_par' dir='ltr' id='par_1_6' title="bbox 128 249 913 287">
     <span class='ocr_line' id='line_1_6' title="bbox 128 249 913 287; baseline 0.003 -11"><span class='ocrx_word' id='word_1_20' title='bbox 128 250 181 277; x_wconf 82' lang='grc' dir='ltr'>κΞν</span> <span class='ocrx_word' id='word_1_21' title='bbox 200 250 214 275; x_wconf 85' lang='grc' dir='ltr'><strong><em>ὸ</em></strong></span> <span class='ocrx_word' id='word_1_22' title='bbox 236 249 337 285; x_wconf 82' lang='grc' dir='ltr'>Φαραὼ</span> <span class='ocrx_word' id='word_1_23' title='bbox 364 251 532 286; x_wconf 73' lang='grc' dir='ltr'>θεασάμενος</span> <span class='ocrx_word' id='word_1_24' title='bbox 558 251 600 279; x_wconf 81' lang='grc' dir='ltr'>ὅτι</span> <span class='ocrx_word' id='word_1_25' title='bbox 625 251 739 287; x_wconf 73' lang='grc' dir='ltr'>γέγονεν</span> <span class='ocrx_word' id='word_1_26' title='bbox 769 251 913 286; x_wconf 68' lang='grc' dir='ltr'>ἀνάφυξις,</span> 
     </span>
    </p>
   </div>
   <div class='ocr_carea' id='block_1_7' title="bbox 128 296 592 339">
    <p class='ocr_par' dir='ltr' id='par_1_7' title="bbox 128 296 592 339">
     <span class='ocr_line' id='line_1_7' title="bbox 128 296 592 339; baseline 0.006 -16"><span class='ocrx_word' id='word_1_27' title='bbox 128 296 257 339; x_wconf 49' lang='lat' dir='ltr'><strong>insidens</strong></span> <span class='ocrx_word' id='word_1_28' title='bbox 269 298 302 332; x_wconf 76' lang='grc' dir='ltr'>τῇ</span> <span class='ocrx_word' id='word_1_29' title='bbox 317 297 440 333; x_wconf 66' lang='grc' dir='ltr'>προτέρᾳ</span> <span class='ocrx_word' id='word_1_30' title='bbox 455 297 592 331; x_wconf 74' lang='grc' dir='ltr'>ἐνέμεινε.</span> 
     </span>
    </p>
   </div>
   <div class='ocr_carea' id='block_1_8' title="bbox 164 379 915 424">
    <p class='ocr_par' dir='ltr' id='par_1_8' title="bbox 164 379 915 424">
     <span class='ocr_line' id='line_1_8' title="bbox 164 379 915 424; baseline 0.005 -12"><span class='ocrx_word' id='word_1_31' title='bbox 164 386 250 422; x_wconf 77' lang='grc' dir='ltr'>Τρῖτη</span> <span class='ocrx_word' id='word_1_32' title='bbox 266 386 357 422; x_wconf 81' lang='grc' dir='ltr'>πληγὴ</span> <span class='ocrx_word' id='word_1_33' title='bbox 380 388 396 422; x_wconf 87' lang='grc' dir='ltr'><strong>ἡ</strong></span> <span class='ocrx_word' id='word_1_34' title='bbox 418 387 473 414; x_wconf 76' lang='grc' dir='ltr'>ἀπὸ</span> <span class='ocrx_word' id='word_1_35' title='bbox 488 388 536 416; x_wconf 83' lang='grc' dir='ltr'>τοῦ</span> <span class='ocrx_word' id='word_1_36' title='bbox 553 388 614 424; x_wconf 76' lang='grc' dir='ltr'>χοὸς</span> <span class='ocrx_word' id='word_1_37' title='bbox 630 379 685 416; x_wconf 78' lang='grc' dir='ltr'><strong>τῶν</strong></span> <span class='ocrx_word' id='word_1_38' title='bbox 705 388 827 416; x_wconf 85' lang='grc' dir='ltr'>σκνιπῶν</span> <span class='ocrx_word' id='word_1_39' title='bbox 849 388 915 416; x_wconf 83' lang='grc' dir='ltr'>ἀνά-</span> 
     </span>
    </p>
   </div>
   <div class='ocr_carea' id='block_1_9' title="bbox 128 431 916 470">
    <p class='ocr_par' dir='ltr' id='par_1_9' title="bbox 128 431 916 470">
     <span class='ocr_line' id='line_1_9' title="bbox 128 431 916 470; baseline 0.003 -12"><span class='ocrx_word' id='word_1_40' title='bbox 128 431 214 463; x_wconf 84' lang='grc' dir='ltr'>δοσις.</span> <span class='ocrx_word' id='word_1_41' title='bbox 234 441 244 459; x_wconf 72' lang='grc' dir='ltr'><strong>ι</strong></span> <span class='ocrx_word' id='word_1_42' title='bbox 264 432 396 465; x_wconf 76' lang='grc' dir='ltr'>Ἑξέτεινε</span> <span class='ocrx_word' id='word_1_43' title='bbox 414 443 424 459; x_wconf 76' lang='lat' dir='ltr'><strong>r</strong></span> <span class='ocrx_word' id='word_1_44' title='bbox 443 435 498 468; x_wconf 79' lang='grc' dir='ltr'>γὰρ</span> <span class='ocrx_word' id='word_1_45' title='bbox 524 442 607 469; x_wconf 80' lang='grc' dir='ltr'>φησιν</span> <span class='ocrx_word' id='word_1_46' title='bbox 623 444 632 461; x_wconf 76' lang='grc' dir='ltr'>ι</span> <span class='ocrx_word' id='word_1_47' title='bbox 655 433 761 470; x_wconf 80' lang='grc' dir='ltr'>’Δαρὼν</span> <span class='ocrx_word' id='word_1_48' title='bbox 782 435 815 470; x_wconf 78' lang='grc' dir='ltr'><strong>τῇ</strong></span> <span class='ocrx_word' id='word_1_49' title='bbox 845 434 916 469; x_wconf 70' lang='grc' dir='ltr'>χειρὶ</span> 
     </span>
    </p>
   </div>
   <div class='ocr_carea' id='block_1_10' title="bbox 129 478 917 515">
    <p class='ocr_par' dir='ltr' id='par_1_10' title="bbox 129 478 917 515">
     <span class='ocr_line' id='line_1_10' title="bbox 129 478 917 515; baseline 0.003 -11"><span class='ocrx_word' id='word_1_50' title='bbox 129 478 179 513; x_wconf 81' lang='grc' dir='ltr'><strong>τὴν</strong></span> <span class='ocrx_word' id='word_1_51' title='bbox 191 478 299 514; x_wconf 75' lang='grc' dir='ltr'>ῥάϐδον,</span> <span class='ocrx_word' id='word_1_52' title='bbox 316 478 404 511; x_wconf 83' lang='grc' dir='ltr'>καθὼς</span> <span class='ocrx_word' id='word_1_53' title='bbox 420 480 535 515; x_wconf 79' lang='grc' dir='ltr'>ὲλάλησε</span> <span class='ocrx_word' id='word_1_54' title='bbox 553 480 656 515; x_wconf 82' lang='grc' dir='ltr'>Κύριος</span> <span class='ocrx_word' id='word_1_55' title='bbox 667 500 676 513; x_wconf 86' lang='lat'><strong>,</strong></span> <span class='ocrx_word' id='word_1_56' title='bbox 691 481 738 507; x_wconf 87' lang='grc' dir='ltr'>καὶ</span> <span class='ocrx_word' id='word_1_57' title='bbox 755 480 873 512; x_wconf 67' lang='grc' dir='ltr'>ἐπάταξε</span> <span class='ocrx_word' id='word_1_58' title='bbox 886 480 917 507; x_wconf 82' lang='grc' dir='ltr'>τὸ</span> 
     </span>
    </p>
   </div>
   <div class='ocr_carea' id='block_1_11' title="bbox 130 517 917 560">
    <p class='ocr_par' dir='ltr' id='par_1_11' title="bbox 130 517 917 560">
     <span class='ocr_line' id='line_1_11' title="bbox 130 517 917 560; baseline 0.003 -10"><span class='ocrx_word' id='word_1_59' title='bbox 130 523 212 560; x_wconf 83' lang='grc' dir='ltr'>χῶμα</span> <span class='ocrx_word' id='word_1_60' title='bbox 225 525 277 559; x_wconf 89' lang='grc' dir='ltr'>τῆς</span> <span class='ocrx_word' id='word_1_61' title='bbox 291 525 355 560; x_wconf 77' lang='grc' dir='ltr'>γῆς,</span> <span class='ocrx_word' id='word_1_62' title='bbox 374 525 422 553; x_wconf 78' lang='grc' dir='ltr'>καὶ</span> <span class='ocrx_word' id='word_1_63' title='bbox 437 517 564 560; x_wconf 64' lang='grc' dir='ltr'>ἐγένοντο</span> <span class='ocrx_word' id='word_1_64' title='bbox 589 527 615 552; x_wconf 90' lang='grc' dir='ltr'><strong>οί</strong></span> <span class='ocrx_word' id='word_1_65' title='bbox 629 527 742 558; x_wconf 77' lang='grc' dir='ltr'><strong>σκνῖπες</strong></span> <span class='ocrx_word' id='word_1_66' title='bbox 757 526 786 553; x_wconf 77' lang='grc' dir='ltr'><strong>εν</strong></span> <span class='ocrx_word' id='word_1_67' title='bbox 808 534 838 552; x_wconf 88' lang='grc' dir='ltr'><strong>τε</strong></span> <span class='ocrx_word' id='word_1_68' title='bbox 859 527 917 557; x_wconf 85' lang='grc' dir='ltr'>τοῖς</span> 
     </span>
    </p>
   </div>
   <div class='ocr_carea' id='block_1_12' title="bbox 131 569 917 607">
    <p class='ocr_par' dir='ltr' id='par_1_12' title="bbox 131 569 917 607">
     <span class='ocr_line' id='line_1_12' title="bbox 131 569 917 607; baseline 0.001 -10"><span class='ocrx_word' id='word_1_69' title='bbox 131 569 288 606; x_wconf 84' lang='grc' dir='ltr'>ἀνθρώποις</span> <span class='ocrx_word' id='word_1_70' title='bbox 307 572 354 598; x_wconf 75' lang='grc' dir='ltr'>καὶ</span> <span class='ocrx_word' id='word_1_71' title='bbox 374 572 432 603; x_wconf 82' lang='grc' dir='ltr'>τοῖς</span> <span class='ocrx_word' id='word_1_72' title='bbox 449 571 607 607; x_wconf 74' lang='grc' dir='ltr'><strong>τετράποσι.</strong></span> <span class='ocrx_word' id='word_1_73' title='bbox 623 581 632 598; x_wconf 80' lang='grc' dir='ltr'><strong>ι</strong></span> <span class='ocrx_word' id='word_1_74' title='bbox 658 571 780 599; x_wconf 83' lang='grc' dir='ltr'>Γινωσκε</span> <span class='ocrx_word' id='word_1_75' title='bbox 794 571 822 599; x_wconf 81' lang='grc' dir='ltr'>δὲ</span> <span class='ocrx_word' id='word_1_76' title='bbox 833 571 875 599; x_wconf 77' lang='grc' dir='ltr'><strong>δτι</strong></span> <span class='ocrx_word' id='word_1_77' title='bbox 886 570 917 598; x_wconf 78' lang='grc' dir='ltr'><strong>τὸ</strong></span> 
     </span>
    </p>
   </div>
   <div class='ocr_carea' id='block_1_13' title="bbox 131 615 918 652">
    <p class='ocr_par' dir='ltr' id='par_1_13' title="bbox 131 615 918 652">
     <span class='ocr_line' id='line_1_13' title="bbox 131 615 918 652; baseline 0 -9"><span class='ocrx_word' id='word_1_78' title='bbox 131 617 202 648; x_wconf 84' lang='grc' dir='ltr'>ζῶον</span> <span class='ocrx_word' id='word_1_79' title='bbox 225 615 249 643; x_wconf 79' lang='grc' dir='ltr'><strong>οι</strong></span> <span class='ocrx_word' id='word_1_80' title='bbox 275 618 399 650; x_wconf 75' lang='grc' dir='ltr'><strong>σκνῖπες,</strong></span> <span class='ocrx_word' id='word_1_81' title='bbox 428 618 453 644; x_wconf 84' lang='grc' dir='ltr'>εἰ</span> <span class='ocrx_word' id='word_1_82' title='bbox 479 618 525 644; x_wconf 77' lang='grc' dir='ltr'>καὶ</span> <span class='ocrx_word' id='word_1_83' title='bbox 545 617 717 652; x_wconf 80' lang='grc' dir='ltr'>βραχύτατόν</span> <span class='ocrx_word' id='word_1_84' title='bbox 743 618 828 650; x_wconf 73' lang='grc' dir='ltr'>ἐστιν,</span> <span class='ocrx_word' id='word_1_85' title='bbox 859 616 918 645; x_wconf 80' lang='grc' dir='ltr'>ἀλλ’</span> 
     </span>
    </p>
   </div>
   <div class='ocr_carea' id='block_1_14' title="bbox 131 663 917 699">
    <p class='ocr_par' dir='ltr' id='par_1_14' title="bbox 131 663 917 699">
     <span class='ocr_line' id='line_1_14' title="bbox 131 663 917 699; baseline -0.001 -10"><span class='ocrx_word' id='word_1_86' title='bbox 131 663 207 698; x_wconf 80' lang='grc' dir='ltr'>ὅμως</span> <span class='ocrx_word' id='word_1_87' title='bbox 221 663 440 698; x_wconf 76' lang='grc' dir='ltr'>ἁργᾱλεώτατον-</span> <span class='ocrx_word' id='word_1_88' title='bbox 457 663 488 691; x_wconf 84' lang='grc' dir='ltr'>οὗ</span> <span class='ocrx_word' id='word_1_89' title='bbox 516 664 595 699; x_wconf 81' lang='grc' dir='ltr'>μόνον</span> <span class='ocrx_word' id='word_1_90' title='bbox 611 665 664 698; x_wconf 76' lang='grc' dir='ltr'><strong>γὰρ</strong></span> <span class='ocrx_word' id='word_1_91' title='bbox 691 663 853 698; x_wconf 75' lang='grc' dir='ltr'><strong>λυμαίνεται</strong></span> <span class='ocrx_word' id='word_1_92' title='bbox 867 663 917 698; x_wconf 76' lang='grc' dir='ltr'>τὴν</span> 
     </span>
    </p>
   </div>
   <div class='ocr_carea' id='block_1_15' title="bbox 131 709 918 746">
    <p class='ocr_par' dir='ltr' id='par_1_15' title="bbox 131 709 918 746">
     <span class='ocr_line' id='line_1_15' title="bbox 131 709 918 746; baseline 0.003 -11"><span class='ocrx_word' id='word_1_93' title='bbox 131 709 295 743; x_wconf 71' lang='grc' dir='ltr'>ἰπιφὰνειαν</span> <span class='ocrx_word' id='word_1_94' title='bbox 324 709 372 736; x_wconf 78' lang='grc' dir='ltr'><strong>τοῦ</strong></span> <span class='ocrx_word' id='word_1_95' title='bbox 398 710 534 745; x_wconf 79' lang='grc' dir='ltr'><strong>δέρματος</strong></span> <span class='ocrx_word' id='word_1_96' title='bbox 562 710 617 741; x_wconf 84' lang='grc' dir='ltr'>τοῖς</span> <span class='ocrx_word' id='word_1_97' title='bbox 648 710 765 744; x_wconf 71' lang='grc' dir='ltr'>ἀφανέσι</span> <span class='ocrx_word' id='word_1_98' title='bbox 796 710 918 746; x_wconf 83' lang='grc' dir='ltr'><strong>δήγμασι</strong></span> 
     </span>
    </p>
   </div>
   <div class='ocr_carea' id='block_1_16' title="bbox 131 755 918 790">
    <p class='ocr_par' dir='ltr' id='par_1_16' title="bbox 131 755 918 790">
     <span class='ocr_line' id='line_1_16' title="bbox 131 755 918 790; baseline 0.001 -9"><span class='ocrx_word' id='word_1_99' title='bbox 131 756 272 789; x_wconf 80' lang='grc' dir='ltr'>κνησμοὺς</span> <span class='ocrx_word' id='word_1_100' title='bbox 295 755 428 790; x_wconf 72' lang='grc' dir='ltr'><strong>ἐμποιοῦν</strong></span> <span class='ocrx_word' id='word_1_101' title='bbox 454 756 559 790; x_wconf 82' lang='grc' dir='ltr'>ἀηδεῖς,</span> <span class='ocrx_word' id='word_1_102' title='bbox 575 755 644 783; x_wconf 80' lang='grc' dir='ltr'>ἀλλὰ</span> <span class='ocrx_word' id='word_1_103' title='bbox 667 756 715 783; x_wconf 73' lang='grc' dir='ltr'>καὶ</span> <span class='ocrx_word' id='word_1_104' title='bbox 730 756 770 787; x_wconf 81' lang='grc' dir='ltr'><strong>είς</strong></span> <span class='ocrx_word' id='word_1_105' title='bbox 793 756 823 782; x_wconf 84' lang='grc' dir='ltr'>τὸ</span> <span class='ocrx_word' id='word_1_106' title='bbox 843 756 918 787; x_wconf 61' lang='lat' dir='ltr'><strong>me;</strong></span> 
     </span>
    </p>
   </div>
   <div class='ocr_carea' id='block_1_17' title="bbox 132 799 917 836">
    <p class='ocr_par' dir='ltr' id='par_1_17' title="bbox 132 799 917 836">
     <span class='ocr_line' id='line_1_17' title="bbox 132 799 917 836; baseline 0.001 -10"><span class='ocrx_word' id='word_1_107' title='bbox 132 799 256 835; x_wconf 78' lang='grc' dir='ltr'>βιάζεται</span> <span class='ocrx_word' id='word_1_108' title='bbox 268 800 315 828; x_wconf 73' lang='grc' dir='ltr'>διὰ</span> <span class='ocrx_word' id='word_1_109' title='bbox 327 808 359 835; x_wconf 79' lang='grc' dir='ltr'><strong>γε</strong></span> <span class='ocrx_word' id='word_1_110' title='bbox 375 801 523 836; x_wconf 81' lang='grc' dir='ltr'><strong>μυκτήρων</strong></span> <span class='ocrx_word' id='word_1_111' title='bbox 546 802 595 828; x_wconf 81' lang='grc' dir='ltr'>καὶ</span> <span class='ocrx_word' id='word_1_112' title='bbox 612 801 699 828; x_wconf 77' lang='grc' dir='ltr'>ὤτων.</span> <span class='ocrx_word' id='word_1_113' title='bbox 725 800 797 836; x_wconf 76' lang='grc' dir='ltr'>Πρὸς</span> <span class='ocrx_word' id='word_1_114' title='bbox 811 800 917 833; x_wconf 81' lang='grc' dir='ltr'>τούτοις</span> 
     </span>
    </p>
   </div>
   <div class='ocr_carea' id='block_1_18' title="bbox 131 847 915 882">
    <p class='ocr_par' dir='ltr' id='par_1_18' title="bbox 131 847 915 882">
     <span class='ocr_line' id='line_1_18' title="bbox 131 847 915 882; baseline 0.004 -9"><span class='ocrx_word' id='word_1_115' title='bbox 131 847 162 873; x_wconf 69' lang='lat' dir='ltr'><strong>es</strong></span> <span class='ocrx_word' id='word_1_116' title='bbox 196 847 246 874; x_wconf 83' lang='grc' dir='ltr'>καὶ</span> <span class='ocrx_word' id='word_1_117' title='bbox 275 847 360 882; x_wconf 84' lang='grc' dir='ltr'>κόρας</span> <span class='ocrx_word' id='word_1_118' title='bbox 388 847 503 882; x_wconf 83' lang='grc' dir='ltr'><strong>βλάπτει</strong></span> <span class='ocrx_word' id='word_1_119' title='bbox 535 847 684 882; x_wconf 79' lang='grc' dir='ltr'><strong>ὀφθαλμῶν</strong></span> <span class='ocrx_word' id='word_1_120' title='bbox 710 847 915 882; x_wconf 76' lang='grc' dir='ltr'>ιίστιετόμενον.</span> 
     </span>
    </p>
   </div>
   <div class='ocr_carea' id='block_1_19' title="bbox 963 250 1750 286">
    <p class='ocr_par' dir='ltr' id='par_1_19' title="bbox 963 250 1750 286">
     <span class='ocr_line' id='line_1_19' title="bbox 963 250 1750 286; baseline -0.005 -6"><span class='ocrx_word' id='word_1_121' title='bbox 963 253 1097 280; x_wconf 78' lang='lat' dir='ltr'><strong>continuo</strong></span> <span class='ocrx_word' id='word_1_122' title='bbox 1107 259 1181 279; x_wconf 70' lang='lat' dir='ltr'><strong>rana:</strong></span> <span class='ocrx_word' id='word_1_123' title='bbox 1194 252 1343 286; x_wconf 87' lang='lat' dir='ltr'><strong>exspirant.</strong></span> <span class='ocrx_word' id='word_1_124' title='bbox 1359 251 1541 279; x_wconf 68' lang='lat' dir='ltr'><strong>Nihilominus</strong></span> <span class='ocrx_word' id='word_1_125' title='bbox 1556 250 1672 280; x_wconf 79' lang='lat' dir='ltr'><strong>Pharao.</strong></span> <span class='ocrx_word' id='word_1_126' title='bbox 1688 257 1750 276; x_wconf 90' lang='lat' dir='ltr'><strong>cum</strong></span> 
     </span>
    </p>
   </div>
   <div class='ocr_carea' id='block_1_20' title="bbox 967 295 1754 332">
    <p class='ocr_par' dir='ltr' id='par_1_20' title="bbox 967 295 1754 332">
     <span class='ocr_line' id='line_1_20' title="bbox 967 295 1754 332; baseline -0.004 -7"><span class='ocrx_word' id='word_1_127' title='bbox 967 303 1042 326; x_wconf 88' lang='lat' dir='ltr'><strong>tanto</strong></span> <span class='ocrx_word' id='word_1_128' title='bbox 1064 305 1081 326; x_wconf 88' lang='lat' dir='ltr'><strong>e</strong></span> <span class='ocrx_word' id='word_1_129' title='bbox 1095 298 1166 326; x_wconf 88' lang='lat' dir='ltr'><strong>malo</strong></span> <span class='ocrx_word' id='word_1_130' title='bbox 1180 305 1211 325; x_wconf 86' lang='lat' dir='ltr'><strong>ae</strong></span> <span class='ocrx_word' id='word_1_131' title='bbox 1233 297 1382 332; x_wconf 74' lang='lat' dir='ltr'><strong>respirasse</strong></span> <span class='ocrx_word' id='word_1_132' title='bbox 1401 301 1535 329; x_wconf 86' lang='lat' dir='ltr'><strong>cerneret,</strong></span> <span class='ocrx_word' id='word_1_133' title='bbox 1563 297 1590 324; x_wconf 90' lang='lat' dir='ltr'><strong>in</strong></span> <span class='ocrx_word' id='word_1_134' title='bbox 1625 295 1754 323; x_wconf 82' lang='lat' dir='ltr'><strong>obﬁrma-</strong></span> 
     </span>
    </p>
   </div>
   <div class='ocr_carea' id='block_1_21' title="bbox 967 342 1416 378">
    <p class='ocr_par' dir='ltr' id='par_1_21' title="bbox 967 342 1416 378">
     <span class='ocr_line' id='line_1_21' title="bbox 967 342 1416 378; baseline -0.004 -7"><span class='ocrx_word' id='word_1_135' title='bbox 967 344 1042 371; x_wconf 87' lang='lat' dir='ltr'><strong>tione</strong></span> <span class='ocrx_word' id='word_1_136' title='bbox 1055 344 1139 371; x_wconf 88' lang='lat' dir='ltr'><strong>animi</strong></span> <span class='ocrx_word' id='word_1_137' title='bbox 1155 343 1269 378; x_wconf 86' lang='lat' dir='ltr'><strong>pristina</strong></span> <span class='ocrx_word' id='word_1_138' title='bbox 1287 342 1416 378; x_wconf 75' lang='lat' dir='ltr'><strong>perstitit.</strong></span> 
     </span>
    </p>
   </div>
   <div class='ocr_carea' id='block_1_22' title="bbox 1003 389 1751 425">
    <p class='ocr_par' dir='ltr' id='par_1_22' title="bbox 1003 389 1751 425">
     <span class='ocr_line' id='line_1_22' title="bbox 1003 389 1751 425; baseline -0.003 -8"><span class='ocrx_word' id='word_1_139' title='bbox 1003 389 1096 417; x_wconf 87' lang='lat' dir='ltr'><strong>Tertia</strong></span> <span class='ocrx_word' id='word_1_140' title='bbox 1122 390 1200 425; x_wconf 78' lang='lat' dir='ltr'><strong>plaga</strong></span> <span class='ocrx_word' id='word_1_141' title='bbox 1226 389 1277 416; x_wconf 87' lang='lat' dir='ltr'><strong>l&#39;uit</strong></span> <span class='ocrx_word' id='word_1_142' title='bbox 1307 389 1423 416; x_wconf 89' lang='lat' dir='ltr'><strong>culicum</strong></span> <span class='ocrx_word' id='word_1_143' title='bbox 1453 395 1468 415; x_wconf 89' lang='lat' dir='ltr'><strong>e</strong></span> <span class='ocrx_word' id='word_1_144' title='bbox 1496 389 1607 423; x_wconf 78' lang='lat' dir='ltr'><strong>pulvere</strong></span> <span class='ocrx_word' id='word_1_145' title='bbox 1625 392 1751 416; x_wconf 72' lang='lat' dir='ltr'><strong>natorum</strong></span> 
     </span>
    </p>
   </div>
   <div class='ocr_carea' id='block_1_23' title="bbox 967 434 1752 470">
    <p class='ocr_par' dir='ltr' id='par_1_23' title="bbox 967 434 1752 470">
     <span class='ocr_line' id='line_1_23' title="bbox 967 434 1752 470; baseline -0.003 -7"><span class='ocrx_word' id='word_1_146' title='bbox 967 435 1121 470; x_wconf 85' lang='lat' dir='ltr'><strong>productio.</strong></span> <span class='ocrx_word' id='word_1_147' title='bbox 1141 435 1187 462; x_wconf 86' lang='lat' dir='ltr'><strong>Sic</strong></span> <span class='ocrx_word' id='word_1_148' title='bbox 1210 435 1282 462; x_wconf 90' lang='lat' dir='ltr'><strong>enim</strong></span> <span class='ocrx_word' id='word_1_149' title='bbox 1299 435 1478 469; x_wconf 82' lang='lat' dir='ltr'><strong>perscriptum</strong></span> <span class='ocrx_word' id='word_1_150' title='bbox 1497 434 1631 470; x_wconf 81' lang='lat' dir='ltr'><strong>legimus:</strong></span> <span class='ocrx_word' id='word_1_151' title='bbox 1651 445 1661 461; x_wconf 72' lang='grc' dir='ltr'><strong>ε</strong></span> <span class='ocrx_word' id='word_1_152' title='bbox 1681 436 1752 462; x_wconf 78' lang='lat' dir='ltr'><strong>Aaro</strong></span> 
     </span>
    </p>
   </div>
   <div class='ocr_carea' id='block_1_24' title="bbox 967 480 1753 516">
    <p class='ocr_par' dir='ltr' id='par_1_24' title="bbox 967 480 1753 516">
     <span class='ocr_line' id='line_1_24' title="bbox 967 480 1753 516; baseline -0.001 -7"><span class='ocrx_word' id='word_1_153' title='bbox 967 488 1051 509; x_wconf 85' lang='lat' dir='ltr'><strong>manu</strong></span> <span class='ocrx_word' id='word_1_154' title='bbox 1065 481 1168 516; x_wconf 84' lang='lat' dir='ltr'><strong>virgam</strong></span> <span class='ocrx_word' id='word_1_155' title='bbox 1184 488 1261 508; x_wconf 89' lang='lat' dir='ltr'><strong>suam</strong></span> <span class='ocrx_word' id='word_1_156' title='bbox 1287 481 1320 508; x_wconf 90' lang='lat' dir='ltr'><strong>de</strong></span> <span class='ocrx_word' id='word_1_157' title='bbox 1337 481 1464 507; x_wconf 88' lang='lat' dir='ltr'><strong>mandato</strong></span> <span class='ocrx_word' id='word_1_158' title='bbox 1483 480 1588 508; x_wconf 87' lang='lat' dir='ltr'><strong>Duntini</strong></span> <span class='ocrx_word' id='word_1_159' title='bbox 1605 481 1753 515; x_wconf 78' lang='lat' dir='ltr'><strong>protendit,</strong></span> 
     </span>
    </p>
   </div>
   <div class='ocr_carea' id='block_1_25' title="bbox 967 526 1753 562">
    <p class='ocr_par' dir='ltr' id='par_1_25' title="bbox 967 526 1753 562">
     <span class='ocr_line' id='line_1_25' title="bbox 967 526 1753 562; baseline -0.001 -7"><span class='ocrx_word' id='word_1_160' title='bbox 967 535 1000 555; x_wconf 86' lang='lat' dir='ltr'><strong>ac</strong></span> <span class='ocrx_word' id='word_1_161' title='bbox 1015 532 1095 555; x_wconf 62' lang='lat' dir='ltr'><strong>terra:</strong></span> <span class='ocrx_word' id='word_1_162' title='bbox 1109 527 1249 562; x_wconf 83' lang='lat' dir='ltr'><strong>pulverem</strong></span> <span class='ocrx_word' id='word_1_163' title='bbox 1265 526 1411 561; x_wconf 76' lang='lat' dir='ltr'><strong>percussit,</strong></span> <span class='ocrx_word' id='word_1_164' title='bbox 1429 534 1480 561; x_wconf 85' lang='lat' dir='ltr'><strong>qua</strong></span> <span class='ocrx_word' id='word_1_165' title='bbox 1502 526 1678 560; x_wconf 81' lang='lat' dir='ltr'><strong>percussione</strong></span> <span class='ocrx_word' id='word_1_166' title='bbox 1703 534 1753 554; x_wconf 89' lang='lat' dir='ltr'><strong>cu-</strong></span> 
     </span>
    </p>
   </div>
   <div class='ocr_carea' id='block_1_26' title="bbox 968 572 1752 607">
    <p class='ocr_par' dir='ltr' id='par_1_26' title="bbox 968 572 1752 607">
     <span class='ocr_line' id='line_1_26' title="bbox 968 572 1752 607; baseline -0.003 -6"><span class='ocrx_word' id='word_1_167' title='bbox 968 572 1033 601; x_wconf 85' lang='lat' dir='ltr'><strong>lices</strong></span> <span class='ocrx_word' id='word_1_168' title='bbox 1051 578 1107 601; x_wconf 86' lang='lat' dir='ltr'><strong>tum</strong></span> <span class='ocrx_word' id='word_1_169' title='bbox 1124 573 1151 600; x_wconf 88' lang='lat' dir='ltr'><strong>in</strong></span> <span class='ocrx_word' id='word_1_170' title='bbox 1166 573 1323 600; x_wconf 88' lang='lat' dir='ltr'><strong>hominibus</strong></span> <span class='ocrx_word' id='word_1_171' title='bbox 1340 577 1397 600; x_wconf 88' lang='lat' dir='ltr'><strong>tum</strong></span> <span class='ocrx_word' id='word_1_172' title='bbox 1418 572 1642 607; x_wconf 78' lang='lat' dir='ltr'><strong>quadrupedibus</strong></span> <span class='ocrx_word' id='word_1_173' title='bbox 1667 573 1752 600; x_wconf 86' lang='lat' dir='ltr'><strong>exsti-</strong></span> 
     </span>
    </p>
   </div>
   <div class='ocr_carea' id='block_1_27' title="bbox 970 617 1754 653">
    <p class='ocr_par' dir='ltr' id='par_1_27' title="bbox 970 617 1754 653">
     <span class='ocr_line' id='line_1_27' title="bbox 970 617 1754 653; baseline -0.003 -7"><span class='ocrx_word' id='word_1_174' title='bbox 970 623 1064 646; x_wconf 82' lang='lat' dir='ltr'><strong>terunt</strong></span> <span class='ocrx_word' id='word_1_175' title='bbox 1078 619 1111 644; x_wconf 87' lang='grc'><strong>¹³.</strong></span> <span class='ocrx_word' id='word_1_176' title='bbox 1131 627 1140 644; x_wconf 78' lang='grc' dir='ltr'><strong>ι</strong></span> <span class='ocrx_word' id='word_1_177' title='bbox 1158 618 1245 653; x_wconf 75' lang='lat' dir='ltr'><strong>Atque</strong></span> <span class='ocrx_word' id='word_1_178' title='bbox 1270 618 1314 646; x_wconf 87' lang='lat' dir='ltr'><strong>hic</strong></span> <span class='ocrx_word' id='word_1_179' title='bbox 1340 618 1437 645; x_wconf 87' lang='lat' dir='ltr'><strong>discito</strong></span> <span class='ocrx_word' id='word_1_180' title='bbox 1458 617 1648 645; x_wconf 88' lang='lat' dir='ltr'><strong>animalculum</strong></span> <span class='ocrx_word' id='word_1_181' title='bbox 1676 617 1754 650; x_wconf 91' lang='lat' dir='ltr'><strong>illud,</strong></span> 
     </span>
    </p>
   </div>
   <div class='ocr_carea' id='block_1_28' title="bbox 968 663 1751 699">
    <p class='ocr_par' dir='ltr' id='par_1_28' title="bbox 968 663 1751 699">
     <span class='ocr_line' id='line_1_28' title="bbox 968 663 1751 699; baseline -0.003 -7"><span class='ocrx_word' id='word_1_182' title='bbox 968 665 1041 699; x_wconf 86' lang='lat' dir='ltr'><strong>quod</strong></span> <span class='ocrx_word' id='word_1_183' title='bbox 1061 664 1162 692; x_wconf 84' lang='lat' dir='ltr'><strong>culices</strong></span> <span class='ocrx_word' id='word_1_184' title='bbox 1173 664 1353 698; x_wconf 83' lang='lat' dir='ltr'><strong>appellamus,</strong></span> <span class='ocrx_word' id='word_1_185' title='bbox 1369 664 1475 691; x_wconf 81' lang='lat' dir='ltr'><strong>tametsi</strong></span> <span class='ocrx_word' id='word_1_186' title='bbox 1487 664 1528 691; x_wconf 97' lang='lat' dir='ltr'><strong>vel</strong></span> <span class='ocrx_word' id='word_1_187' title='bbox 1543 663 1687 691; x_wconf 88' lang='lat' dir='ltr'><strong>minimum</strong></span> <span class='ocrx_word' id='word_1_188' title='bbox 1704 663 1751 694; x_wconf 89' lang='lat' dir='ltr'><strong>sit,</strong></span> 
     </span>
    </p>
   </div>
   <div class='ocr_carea' id='block_1_29' title="bbox 968 709 1754 744">
    <p class='ocr_par' dir='ltr' id='par_1_29' title="bbox 968 709 1754 744">
     <span class='ocr_line' id='line_1_29' title="bbox 968 709 1754 744; baseline -0.001 -7"><span class='ocrx_word' id='word_1_189' title='bbox 968 709 1053 737; x_wconf 85' lang='lat' dir='ltr'><strong>nihilo</strong></span> <span class='ocrx_word' id='word_1_190' title='bbox 1073 714 1161 737; x_wconf 84' lang='lat' dir='ltr'><strong>tamen</strong></span> <span class='ocrx_word' id='word_1_191' title='bbox 1190 710 1281 737; x_wconf 87' lang='lat' dir='ltr'><strong>minus</strong></span> <span class='ocrx_word' id='word_1_192' title='bbox 1308 709 1386 744; x_wconf 79' lang='lat' dir='ltr'><strong>longe</strong></span> <span class='ocrx_word' id='word_1_193' title='bbox 1409 710 1488 737; x_wconf 85' lang='lat' dir='ltr'><strong>nobis</strong></span> <span class='ocrx_word' id='word_1_194' title='bbox 1507 717 1568 738; x_wconf 82' lang='lat' dir='ltr'><strong>esse</strong></span> <span class='ocrx_word' id='word_1_195' title='bbox 1594 709 1754 737; x_wconf 88' lang='lat' dir='ltr'><strong>molestissi-</strong></span> 
     </span>
    </p>
   </div>
   <div class='ocr_carea' id='block_1_30' title="bbox 969 754 1757 790">
    <p class='ocr_par' dir='ltr' id='par_1_30' title="bbox 969 754 1757 790">
     <span class='ocr_line' id='line_1_30' title="bbox 969 754 1757 790; baseline -0.001 -7"><span class='ocrx_word' id='word_1_196' title='bbox 969 762 1054 783; x_wconf 85' lang='lat' dir='ltr'><strong>mum.</strong></span> <span class='ocrx_word' id='word_1_197' title='bbox 1071 755 1130 782; x_wconf 86' lang='lat' dir='ltr'><strong>Non</strong></span> <span class='ocrx_word' id='word_1_198' title='bbox 1146 756 1219 783; x_wconf 90' lang='lat' dir='ltr'><strong>enim</strong></span> <span class='ocrx_word' id='word_1_199' title='bbox 1242 759 1345 783; x_wconf 87' lang='lat' dir='ltr'><strong>tantum</strong></span> <span class='ocrx_word' id='word_1_200' title='bbox 1361 755 1433 783; x_wconf 84' lang='lat' dir='ltr'><strong>cutis</strong></span> <span class='ocrx_word' id='word_1_201' title='bbox 1451 756 1622 790; x_wconf 85' lang='lat' dir='ltr'><strong>superllcicm</strong></span> <span class='ocrx_word' id='word_1_202' title='bbox 1647 754 1757 790; x_wconf 82' lang='lat' dir='ltr'><strong>stringit</strong></span> 
     </span>
    </p>
   </div>
   <div class='ocr_carea' id='block_1_31' title="bbox 969 801 1754 836">
    <p class='ocr_par' dir='ltr' id='par_1_31' title="bbox 969 801 1754 836">
     <span class='ocr_line' id='line_1_31' title="bbox 969 801 1754 836; baseline -0.001 -7"><span class='ocrx_word' id='word_1_203' title='bbox 969 806 1051 836; x_wconf 85' lang='lat' dir='ltr'><strong>atque</strong></span> <span class='ocrx_word' id='word_1_204' title='bbox 1066 801 1150 832; x_wconf 59' lang='lat' dir='ltr'><strong>laedit.</strong></span> <span class='ocrx_word' id='word_1_205' title='bbox 1167 801 1293 828; x_wconf 80' lang='lat' dir='ltr'><strong>obscuris</strong></span> <span class='ocrx_word' id='word_1_206' title='bbox 1309 801 1444 829; x_wconf 88' lang='lat' dir='ltr'><strong>morsibus</strong></span> <span class='ocrx_word' id='word_1_207' title='bbox 1456 809 1553 836; x_wconf 74' lang='lat' dir='ltr'><strong>graves</strong></span> <span class='ocrx_word' id='word_1_208' title='bbox 1571 802 1754 835; x_wconf 87' lang='lat' dir='ltr'><strong>molestosque</strong></span> 
     </span>
    </p>
   </div>
   <div class='ocr_carea' id='block_1_32' title="bbox 970 846 1753 882">
    <p class='ocr_par' dir='ltr' id='par_1_32' title="bbox 970 846 1753 882">
     <span class='ocr_line' id='line_1_32' title="bbox 970 846 1753 882; baseline -0.003 -8"><span class='ocrx_word' id='word_1_209' title='bbox 970 847 1090 882; x_wconf 85' lang='lat' dir='ltr'><strong>pruritus</strong></span> <span class='ocrx_word' id='word_1_210' title='bbox 1100 846 1238 874; x_wconf 78' lang='lat' dir='ltr'><strong>eﬂiciens:</strong></span> <span class='ocrx_word' id='word_1_211' title='bbox 1255 853 1347 874; x_wconf 86' lang='lat' dir='ltr'><strong>verum</strong></span> <span class='ocrx_word' id='word_1_212' title='bbox 1372 847 1453 874; x_wconf 84' lang='lat' dir='ltr'><strong>etiam</strong></span> <span class='ocrx_word' id='word_1_213' title='bbox 1471 854 1518 881; x_wconf 78' lang='lat' dir='ltr'><strong>per</strong></span> <span class='ocrx_word' id='word_1_214' title='bbox 1536 854 1614 873; x_wconf 87' lang='lat' dir='ltr'><strong>nares</strong></span> <span class='ocrx_word' id='word_1_215' title='bbox 1631 851 1659 874; x_wconf 84' lang='lat' dir='ltr'><strong>et</strong></span> <span class='ocrx_word' id='word_1_216' title='bbox 1673 853 1753 874; x_wconf 87' lang='lat' dir='ltr'><strong>aures</strong></span> 
     </span>
    </p>
   </div>
   <div class='ocr_carea' id='block_1_33' title="bbox 136 891 920 928">
    <p class='ocr_par' dir='ltr' id='par_1_33' title="bbox 136 892 917 928">
     <span class='ocr_line' id='line_1_33' title="bbox 136 892 917 928; baseline 0.001 -9"><span class='ocrx_word' id='word_1_217' title='bbox 136 892 278 926; x_wconf 78' lang='grc' dir='ltr'>Ὠσαύτως</span> <span class='ocrx_word' id='word_1_218' title='bbox 297 893 325 921; x_wconf 79' lang='grc' dir='ltr'>δὲ</span> <span class='ocrx_word' id='word_1_219' title='bbox 347 894 394 920; x_wconf 77' lang='grc' dir='ltr'>καὶ</span> <span class='ocrx_word' id='word_1_220' title='bbox 408 894 432 920; x_wconf 89' lang='grc' dir='ltr'><strong>οί</strong></span> <span class='ocrx_word' id='word_1_221' title='bbox 448 894 570 920; x_wconf 78' lang='grc' dir='ltr'>ἐπαοιδοὶ</span> <span class='ocrx_word' id='word_1_222' title='bbox 585 894 639 920; x_wconf 86' lang='grc' dir='ltr'>τῶν</span> <span class='ocrx_word' id='word_1_223' title='bbox 651 893 809 928; x_wconf 72' lang='grc' dir='ltr'><strong>Αἰγυπτίων</strong></span> <span class='ocrx_word' id='word_1_224' title='bbox 823 893 917 928; x_wconf 78' lang='grc' dir='ltr'>ἐποίη-</span> 
     </span>
    </p>
   </div>
   <div class='ocr_carea' id='block_1_34' title="bbox 974 891 1754 928">
    <p class='ocr_par' dir='ltr' id='par_1_34' title="bbox 974 891 1754 927">
     <span class='ocr_line' id='line_1_34' title="bbox 974 891 1754 927; baseline -0.001 -7"><span class='ocrx_word' id='word_1_225' title='bbox 974 892 1002 920; x_wconf 79' lang='lat' dir='ltr'><strong>id</strong></span> <span class='ocrx_word' id='word_1_226' title='bbox 1016 891 1145 920; x_wconf 82' lang='lat' dir='ltr'><strong>interiora</strong></span> <span class='ocrx_word' id='word_1_227' title='bbox 1161 891 1186 919; x_wconf 92' lang='lat' dir='ltr'><strong>vi</strong></span> <span class='ocrx_word' id='word_1_228' title='bbox 1206 897 1351 927; x_wconf 85' lang='lat' dir='ltr'><strong>penetrare</strong></span> <span class='ocrx_word' id='word_1_229' title='bbox 1362 896 1365 899; x_wconf 82' lang='lat'><em>&#39;</em></span> <span class='ocrx_word' id='word_1_230' title='bbox 1376 892 1482 925; x_wconf 83' lang='lat' dir='ltr'><strong>nititur,</strong></span> <span class='ocrx_word' id='word_1_231' title='bbox 1510 899 1542 919; x_wconf 87' lang='lat' dir='ltr'><strong>ac</strong></span> <span class='ocrx_word' id='word_1_232' title='bbox 1558 896 1689 926; x_wconf 68' lang='lat' dir='ltr'><strong>praeterea</strong></span> <span class='ocrx_word' id='word_1_233' title='bbox 1705 900 1754 927; x_wconf 90' lang='lat' dir='ltr'><strong>pu-</strong></span> 
     </span>
    </p>
   </div>
   <div class='ocr_carea' id='block_1_35' title="bbox 133 938 918 975">
    <p class='ocr_par' dir='ltr' id='par_1_35' title="bbox 133 938 918 975">
     <span class='ocr_line' id='line_1_35' title="bbox 133 938 918 975; baseline 0.005 -10"><span class='ocrx_word' id='word_1_234' title='bbox 133 947 184 966; x_wconf 75' lang='lat' dir='ltr'><strong>eav</strong></span> <span class='ocrx_word' id='word_1_235' title='bbox 198 938 245 966; x_wconf 84' lang='grc' dir='ltr'>τοῦ</span> <span class='ocrx_word' id='word_1_236' title='bbox 265 939 409 974; x_wconf 62' lang='grc' dir='ltr'>ἐξαγαγεῖν</span> <span class='ocrx_word' id='word_1_237' title='bbox 422 939 470 967; x_wconf 83' lang='grc' dir='ltr'>τὸν</span> <span class='ocrx_word' id='word_1_238' title='bbox 493 941 605 972; x_wconf 82' lang='grc' dir='ltr'>σκνίπα,</span> <span class='ocrx_word' id='word_1_239' title='bbox 631 940 679 967; x_wconf 74' lang='grc' dir='ltr'>καὶ</span> <span class='ocrx_word' id='word_1_240' title='bbox 701 940 752 967; x_wconf 81' lang='grc' dir='ltr'>οὐκ</span> <span class='ocrx_word' id='word_1_241' title='bbox 775 939 918 975; x_wconf 76' lang='grc' dir='ltr'>ἠδύναντο.</span> 
     </span>
    </p>
   </div>
   <div class='ocr_carea' id='block_1_36' title="bbox 134 983 917 1022">
    <p class='ocr_par' dir='ltr' id='par_1_36' title="bbox 134 983 917 1022">
     <span class='ocr_line' id='line_1_36' title="bbox 134 983 917 1022; baseline 0 -10"><span class='ocrx_word' id='word_1_242' title='bbox 134 983 218 1014; x_wconf 75' lang='grc' dir='ltr'>Εῐπον</span> <span class='ocrx_word' id='word_1_243' title='bbox 231 984 279 1013; x_wconf 82' lang='grc' dir='ltr'>οὖν</span> <span class='ocrx_word' id='word_1_244' title='bbox 293 985 334 1022; x_wconf 84' lang='grc' dir='ltr'>τῷ</span> <span class='ocrx_word' id='word_1_245' title='bbox 349 985 450 1022; x_wconf 77' lang='grc' dir='ltr'>Φαραὼ</span> <span class='ocrx_word' id='word_1_246' title='bbox 464 987 506 1013; x_wconf 84' lang='grc' dir='ltr'>ὅτι</span> <span class='ocrx_word' id='word_1_247' title='bbox 521 986 656 1018; x_wconf 81' lang='grc' dir='ltr'>δάκτυλος</span> <span class='ocrx_word' id='word_1_248' title='bbox 669 986 738 1014; x_wconf 80' lang='grc' dir='ltr'>Θεοῦ</span> <span class='ocrx_word' id='word_1_249' title='bbox 754 986 813 1014; x_wconf 70' lang='grc' dir='ltr'>ἐστι</span> <span class='ocrx_word' id='word_1_250' title='bbox 827 986 917 1013; x_wconf 83' lang='grc' dir='ltr'>τοῦτο.</span> 
     </span>
    </p>
   </div>
   <div class='ocr_carea' id='block_1_37' title="bbox 971 937 1758 974">
    <p class='ocr_par' dir='ltr' id='par_1_37' title="bbox 971 937 1758 974">
     <span class='ocr_line' id='line_1_37' title="bbox 971 937 1758 974; baseline -0.001 -9"><span class='ocrx_word' id='word_1_251' title='bbox 971 938 1041 974; x_wconf 84' lang='lat' dir='ltr'><strong>polis</strong></span> <span class='ocrx_word' id='word_1_252' title='bbox 1056 938 1205 969; x_wconf 85' lang='lat' dir='ltr'><strong>oculorum,</strong></span> <span class='ocrx_word' id='word_1_253' title='bbox 1224 937 1302 973; x_wconf 71' lang='lat'><strong>152</strong></span> <span class='ocrx_word' id='word_1_254' title='bbox 1318 938 1344 965; x_wconf 94' lang='lat' dir='ltr'><strong>in</strong></span> <span class='ocrx_word' id='word_1_255' title='bbox 1372 945 1420 966; x_wconf 88' lang='lat' dir='ltr'><strong>eos</strong></span> <span class='ocrx_word' id='word_1_256' title='bbox 1436 938 1592 969; x_wconf 86' lang='lat' dir='ltr'><strong>involando,</strong></span> <span class='ocrx_word' id='word_1_257' title='bbox 1610 938 1758 965; x_wconf 89' lang='lat' dir='ltr'><strong>detrimen-</strong></span> 
     </span>
    </p>
   </div>
   <div class='ocr_carea' id='block_1_38' title="bbox 973 983 1758 1019">
    <p class='ocr_par' dir='ltr' id='par_1_38' title="bbox 973 983 1758 1019">
     <span class='ocr_line' id='line_1_38' title="bbox 973 983 1758 1019; baseline -0.003 -7"><span class='ocrx_word' id='word_1_258' title='bbox 973 989 1029 1012; x_wconf 91' lang='lat' dir='ltr'><strong>tum</strong></span> <span class='ocrx_word' id='word_1_259' title='bbox 1044 983 1132 1012; x_wconf 74' lang='lat' dir='ltr'><strong>aﬂert.</strong></span> <span class='ocrx_word' id='word_1_260' title='bbox 1151 983 1254 1012; x_wconf 81' lang='lat' dir='ltr'><strong>Deinde</strong></span> <span class='ocrx_word' id='word_1_261' title='bbox 1278 984 1324 1012; x_wconf 86' lang='lat' dir='ltr'><strong>hic</strong></span> <span class='ocrx_word' id='word_1_262' title='bbox 1348 984 1431 1011; x_wconf 86' lang='lat' dir='ltr'><strong>etiam</strong></span> <span class='ocrx_word' id='word_1_263' title='bbox 1447 983 1640 1019; x_wconf 66' lang='lat' dir='ltr'><strong>Egyptiorum</strong></span> <span class='ocrx_word' id='word_1_264' title='bbox 1657 991 1758 1011; x_wconf 83' lang='lat' dir='ltr'><strong>excan-</strong></span> 
     </span>
    </p>
   </div>
   <div class='ocr_carea' id='block_1_39' title="bbox 133 1031 1757 1070">
    <p class='ocr_par' dir='ltr' id='par_1_39' title="bbox 133 1031 1757 1070">
     <span class='ocr_line' id='line_1_39' title="bbox 133 1031 1757 1070; baseline -0.002 -10"><span class='ocrx_word' id='word_1_265' title='bbox 133 1038 208 1062; x_wconf 88' lang='lat' dir='ltr'><strong>tores</strong></span> <span class='ocrx_word' id='word_1_266' title='bbox 223 1034 367 1062; x_wconf 85' lang='lat' dir='ltr'><strong>consimile</strong></span> <span class='ocrx_word' id='word_1_267' title='bbox 377 1034 506 1070; x_wconf 85' lang='lat' dir='ltr'><strong>quiddam</strong></span> <span class='ocrx_word' id='word_1_268' title='bbox 522 1034 611 1062; x_wconf 87' lang='lat' dir='ltr'><strong>moliri</strong></span> <span class='ocrx_word' id='word_1_269' title='bbox 637 1034 807 1067; x_wconf 86' lang='lat' dir='ltr'><strong>nitebantur,</strong></span> <span class='ocrx_word' id='word_1_270' title='bbox 839 1037 870 1062; x_wconf 91' lang='lat' dir='ltr'><strong>ut</strong></span> <span class='ocrx_word' id='word_1_271' title='bbox 901 1032 1004 1062; x_wconf 77' lang='lat' dir='ltr'><strong>culices</strong></span> <span class='ocrx_word' id='word_1_272' title='bbox 1029 1031 1224 1068; x_wconf 82' lang='lat' dir='ltr'><strong>producerent,</strong></span> <span class='ocrx_word' id='word_1_273' title='bbox 1243 1031 1293 1059; x_wconf 89' lang='lat' dir='ltr'><strong>sed</strong></span> <span class='ocrx_word' id='word_1_274' title='bbox 1325 1031 1403 1060; x_wconf 88' lang='lat' dir='ltr'><strong>irrito</strong></span> <span class='ocrx_word' id='word_1_275' title='bbox 1434 1036 1544 1059; x_wconf 84' lang='lat' dir='ltr'><strong>conatu.</strong></span> <span class='ocrx_word' id='word_1_276' title='bbox 1575 1031 1757 1064; x_wconf 77' lang='lat' dir='ltr'><strong>Quamobrem</strong></span> 
     </span>
    </p>
   </div>
   <div class='ocr_carea' id='block_1_40' title="bbox 133 1080 921 1117">
    <p class='ocr_par' dir='ltr' id='par_1_40' title="bbox 133 1080 921 1117">
     <span class='ocr_line' id='line_1_40' title="bbox 133 1080 921 1117; baseline -0.001 -8"><span class='ocrx_word' id='word_1_277' title='bbox 133 1081 270 1109; x_wconf 80' lang='lat' dir='ltr'><strong>Pharaoni</strong></span> <span class='ocrx_word' id='word_1_278' title='bbox 282 1080 402 1109; x_wconf 77' lang='lat' dir='ltr'><strong>confessi</strong></span> <span class='ocrx_word' id='word_1_279' title='bbox 414 1085 478 1109; x_wconf 84' lang='lat' dir='ltr'><strong>sunt</strong></span> <span class='ocrx_word' id='word_1_280' title='bbox 500 1081 558 1109; x_wconf 69' lang='lat' dir='ltr'><strong>haec</strong></span> <span class='ocrx_word' id='word_1_281' title='bbox 576 1080 624 1109; x_wconf 83' lang='lat' dir='ltr'><strong>Dei</strong></span> <span class='ocrx_word' id='word_1_282' title='bbox 637 1082 723 1117; x_wconf 71' lang='lat' dir='ltr'><strong>digito</strong></span> <span class='ocrx_word' id='word_1_283' title='bbox 738 1081 835 1110; x_wconf 63' lang='lat' dir='ltr'><strong>euecta</strong></span> <span class='ocrx_word' id='word_1_284' title='bbox 848 1088 921 1109; x_wconf 79' lang='lat' dir='ltr'><strong>esse.</strong></span> 
     </span>
    </p>
   </div>
   <div class='ocr_carea' id='block_1_41' title="bbox 172 1126 917 1163">
    <p class='ocr_par' dir='ltr' id='par_1_41' title="bbox 172 1126 917 1163">
     <span class='ocr_line' id='line_1_41' title="bbox 172 1126 917 1163; baseline 0 -10"><span class='ocrx_word' id='word_1_285' title='bbox 172 1126 295 1162; x_wconf 82' lang='grc' dir='ltr'>Τετάρτη</span> <span class='ocrx_word' id='word_1_286' title='bbox 310 1126 403 1162; x_wconf 84' lang='grc' dir='ltr'>πληγὴ</span> <span class='ocrx_word' id='word_1_287' title='bbox 423 1127 440 1162; x_wconf 80' lang='grc' dir='ltr'><strong>ὴ</strong></span> <span class='ocrx_word' id='word_1_288' title='bbox 460 1127 505 1154; x_wconf 83' lang='grc' dir='ltr'><strong>διὰ</strong></span> <span class='ocrx_word' id='word_1_289' title='bbox 519 1127 569 1162; x_wconf 84' lang='grc' dir='ltr'>τῆς</span> <span class='ocrx_word' id='word_1_290' title='bbox 583 1127 745 1163; x_wconf 86' lang='grc' dir='ltr'>κυνομυίας.</span> <span class='ocrx_word' id='word_1_291' title='bbox 765 1136 775 1154; x_wconf 75' lang='grc' dir='ltr'><strong>ι</strong></span> <span class='ocrx_word' id='word_1_292' title='bbox 794 1126 895 1159; x_wconf 79' lang='grc' dir='ltr'>Καθὼς</span> <span class='ocrx_word' id='word_1_293' title='bbox 908 1137 917 1153; x_wconf 81' lang='grc' dir='ltr'><strong>ι</strong></span> 
     </span>
    </p>
   </div>
   <div class='ocr_carea' id='block_1_42' title="bbox 136 1172 921 1209">
    <p class='ocr_par' dir='ltr' id='par_1_42' title="bbox 136 1172 921 1209">
     <span class='ocr_line' id='line_1_42' title="bbox 136 1172 921 1209; baseline 0.001 -11"><span class='ocrx_word' id='word_1_294' title='bbox 136 1173 192 1209; x_wconf 84' lang='grc' dir='ltr'>γάρ</span> <span class='ocrx_word' id='word_1_295' title='bbox 205 1181 288 1207; x_wconf 86' lang='grc' dir='ltr'>φησιν</span> <span class='ocrx_word' id='word_1_296' title='bbox 303 1182 313 1198; x_wconf 78' lang='lat' dir='ltr'><strong>r</strong></span> <span class='ocrx_word' id='word_1_297' title='bbox 325 1173 437 1208; x_wconf 80' lang='grc' dir='ltr'>ἐποίησε</span> <span class='ocrx_word' id='word_1_298' title='bbox 451 1172 564 1208; x_wconf 77' lang='grc' dir='ltr'>Κύριος,</span> <span class='ocrx_word' id='word_1_299' title='bbox 575 1173 740 1208; x_wconf 69' lang='grc' dir='ltr'>παρεγένετο</span> <span class='ocrx_word' id='word_1_300' title='bbox 753 1173 770 1207; x_wconf 80' lang='grc' dir='ltr'>ἡ</span> <span class='ocrx_word' id='word_1_301' title='bbox 786 1173 921 1208; x_wconf 66' lang='grc' dir='ltr'>κυνάμυια</span> 
     </span>
    </p>
   </div>
   <div class='ocr_carea' id='block_1_43' title="bbox 136 1218 921 1254">
    <p class='ocr_par' dir='ltr' id='par_1_43' title="bbox 136 1218 921 1254">
     <span class='ocr_line' id='line_1_43' title="bbox 136 1218 921 1254; baseline 0.001 -10"><span class='ocrx_word' id='word_1_302' title='bbox 136 1218 240 1253; x_wconf 78' lang='grc' dir='ltr'>πλῆθος</span> <span class='ocrx_word' id='word_1_303' title='bbox 263 1219 302 1249; x_wconf 80' lang='lat' dir='ltr'><strong>si;</strong></span> <span class='ocrx_word' id='word_1_304' title='bbox 321 1219 385 1250; x_wconf 84' lang='grc' dir='ltr'>τοὺς</span> <span class='ocrx_word' id='word_1_305' title='bbox 401 1219 493 1251; x_wconf 71' lang='grc' dir='ltr'>οἴκους</span> <span class='ocrx_word' id='word_1_306' title='bbox 517 1218 619 1252; x_wconf 74' lang='grc' dir='ltr'>Φαραὼ</span> <span class='ocrx_word' id='word_1_307' title='bbox 644 1219 692 1245; x_wconf 81' lang='grc' dir='ltr'>καὶ</span> <span class='ocrx_word' id='word_1_308' title='bbox 707 1219 749 1251; x_wconf 82' lang='grc' dir='ltr'><strong>είς</strong></span> <span class='ocrx_word' id='word_1_309' title='bbox 767 1219 858 1246; x_wconf 77' lang='grc' dir='ltr'>πᾶσαν</span> <span class='ocrx_word' id='word_1_310' title='bbox 872 1219 921 1254; x_wconf 85' lang='grc' dir='ltr'>τὴν</span> 
     </span>
    </p>
   </div>
   <div class='ocr_carea' id='block_1_44' title="bbox 136 1265 921 1302">
    <p class='ocr_par' dir='ltr' id='par_1_44' title="bbox 136 1265 921 1302">
     <span class='ocr_line' id='line_1_44' title="bbox 136 1265 921 1302; baseline -0.001 -9"><span class='ocrx_word' id='word_1_311' title='bbox 136 1265 192 1300; x_wconf 87' lang='grc' dir='ltr'>γῆν</span> <span class='ocrx_word' id='word_1_312' title='bbox 204 1266 355 1300; x_wconf 77' lang='grc' dir='ltr'>Αἰγύπτου.</span> <span class='ocrx_word' id='word_1_313' title='bbox 367 1266 424 1293; x_wconf 83' lang='grc' dir='ltr'><strong>Καὶ</strong></span> <span class='ocrx_word' id='word_1_314' title='bbox 434 1265 621 1302; x_wconf 75' lang='grc' dir='ltr'>ιξωλοθρεύθη</span> <span class='ocrx_word' id='word_1_315' title='bbox 633 1266 650 1301; x_wconf 83' lang='grc' dir='ltr'>ὴ</span> <span class='ocrx_word' id='word_1_316' title='bbox 663 1265 699 1301; x_wconf 84' lang='grc' dir='ltr'>γῆ</span> <span class='ocrx_word' id='word_1_317' title='bbox 713 1265 768 1293; x_wconf 71' lang='grc' dir='ltr'>ἀπὸ</span> <span class='ocrx_word' id='word_1_318' title='bbox 778 1266 828 1300; x_wconf 86' lang='grc' dir='ltr'>τῆς</span> <span class='ocrx_word' id='word_1_319' title='bbox 841 1274 921 1293; x_wconf 83' lang='grc' dir='ltr'>κυνο-</span> 
     </span>
    </p>
   </div>
   <div class='ocr_carea' id='block_1_45' title="bbox 139 1311 935 1348">
    <p class='ocr_par' dir='ltr' id='par_1_45' title="bbox 139 1311 935 1348">
     <span class='ocr_line' id='line_1_45' title="bbox 139 1311 935 1348; baseline -0.001 -9"><span class='ocrx_word' id='word_1_320' title='bbox 139 1312 222 1348; x_wconf 81' lang='grc' dir='ltr'>μυίας</span> <span class='ocrx_word' id='word_1_321' title='bbox 236 1311 383 1347; x_wconf 76' lang='grc' dir='ltr'>ὀδυνηρῶς.</span> <span class='ocrx_word' id='word_1_322' title='bbox 392 1320 402 1337; x_wconf 76' lang='grc' dir='ltr'><strong>ι</strong></span> <span class='ocrx_word' id='word_1_323' title='bbox 417 1312 474 1338; x_wconf 79' lang='grc' dir='ltr'><strong>Καὶ</strong></span> <span class='ocrx_word' id='word_1_324' title='bbox 485 1313 540 1347; x_wconf 84' lang='grc' dir='ltr'>γὰρ</span> <span class='ocrx_word' id='word_1_325' title='bbox 557 1311 691 1346; x_wconf 67' lang='grc' dir='ltr'>ἐμφύεται</span> <span class='ocrx_word' id='word_1_326' title='bbox 705 1311 749 1339; x_wconf 84' lang='grc' dir='ltr'><strong>διὰ</strong></span> <span class='ocrx_word' id='word_1_327' title='bbox 758 1311 806 1338; x_wconf 79' lang='grc' dir='ltr'>τοῦ</span> <span class='ocrx_word' id='word_1_328' title='bbox 817 1311 935 1346; x_wconf 69' lang='grc' dir='ltr'>δήγμα-’</span> 
     </span>
    </p>
   </div>
   <div class='ocr_carea' id='block_1_46' title="bbox 136 1356 921 1393">
    <p class='ocr_par' dir='ltr' id='par_1_46' title="bbox 136 1356 921 1393">
     <span class='ocr_line' id='line_1_46' title="bbox 136 1356 921 1393; baseline 0 -9"><span class='ocrx_word' id='word_1_329' title='bbox 136 1366 184 1389; x_wconf 82' lang='grc' dir='ltr'><strong>τος</strong></span> <span class='ocrx_word' id='word_1_330' title='bbox 194 1358 271 1385; x_wconf 79' lang='grc' dir='ltr'>τουτὶ</span> <span class='ocrx_word' id='word_1_331' title='bbox 280 1358 310 1384; x_wconf 71' lang='grc' dir='ltr'><strong>τὺ</strong></span> <span class='ocrx_word' id='word_1_332' title='bbox 322 1357 392 1389; x_wconf 78' lang='grc' dir='ltr'>ζῶον</span> <span class='ocrx_word' id='word_1_333' title='bbox 406 1359 462 1388; x_wconf 74' lang='grc' dir='ltr'>τοῖς</span> <span class='ocrx_word' id='word_1_334' title='bbox 474 1357 594 1392; x_wconf 85' lang='grc' dir='ltr'>σώμασι.</span> <span class='ocrx_word' id='word_1_335' title='bbox 603 1357 764 1393; x_wconf 71' lang='grc' dir='ltr'>κυνόμυιαν</span> <span class='ocrx_word' id='word_1_336' title='bbox 774 1356 803 1384; x_wconf 77' lang='grc' dir='ltr'>δὲ</span> <span class='ocrx_word' id='word_1_337' title='bbox 813 1357 921 1384; x_wconf 82' lang='grc' dir='ltr'>ἁκούων</span> 
     </span>
    </p>
   </div>
   <div class='ocr_carea' id='block_1_47' title="bbox 136 1402 920 1439">
    <p class='ocr_par' dir='ltr' id='par_1_47' title="bbox 136 1402 920 1439">
     <span class='ocr_line' id='line_1_47' title="bbox 136 1402 920 1439; baseline -0.001 -8"><span class='ocrx_word' id='word_1_338' title='bbox 136 1404 168 1431; x_wconf 83' lang='grc' dir='ltr'><strong>τὺ</strong></span> <span class='ocrx_word' id='word_1_339' title='bbox 198 1403 315 1436; x_wconf 74' lang='grc' dir='ltr'>αὕθαδες</span> <span class='ocrx_word' id='word_1_340' title='bbox 340 1403 395 1430; x_wconf 83' lang='grc' dir='ltr'>νόει</span> <span class='ocrx_word' id='word_1_341' title='bbox 421 1402 470 1430; x_wconf 79' lang='grc' dir='ltr'><strong>τοῦ</strong></span> <span class='ocrx_word' id='word_1_342' title='bbox 497 1402 589 1435; x_wconf 77' lang='grc' dir='ltr'>ζώου-</span> <span class='ocrx_word' id='word_1_343' title='bbox 607 1403 737 1439; x_wconf 78' lang='grc' dir='ltr'>καθάπερ</span> <span class='ocrx_word' id='word_1_344' title='bbox 762 1403 817 1439; x_wconf 81' lang='grc' dir='ltr'><strong>γὰρ</strong></span> <span class='ocrx_word' id='word_1_345' title='bbox 843 1403 920 1439; x_wconf 72' lang='grc' dir='ltr'>βέλος</span> 
     </span>
    </p>
   </div>
   <div class='ocr_carea' id='block_1_48' title="bbox 137 1448 921 1484">
    <p class='ocr_par' dir='ltr' id='par_1_48' title="bbox 137 1448 921 1484">
     <span class='ocr_line' id='line_1_48' title="bbox 137 1448 921 1484; baseline -0.001 -9"><span class='ocrx_word' id='word_1_346' title='bbox 137 1449 330 1484; x_wconf 70' lang='grc' dir='ltr'>είσπετομόνη,</span> <span class='ocrx_word' id='word_1_347' title='bbox 353 1449 407 1475; x_wconf 84' lang='grc' dir='ltr'>τῶν</span> <span class='ocrx_word' id='word_1_348' title='bbox 424 1448 581 1482; x_wconf 68' lang='grc' dir='ltr'>Αἰγυπτίων</span> <span class='ocrx_word' id='word_1_349' title='bbox 603 1449 650 1476; x_wconf 72' lang='grc' dir='ltr'>καὶ</span> <span class='ocrx_word' id='word_1_350' title='bbox 671 1449 760 1484; x_wconf 81' lang='grc' dir='ltr'>μόνων</span> <span class='ocrx_word' id='word_1_351' title='bbox 778 1456 921 1484; x_wconf 67' lang='grc' dir='ltr'>κατεπίμ-</span> 
     </span>
    </p>
   </div>
   <div class='ocr_carea' id='block_1_49' title="bbox 137 1492 921 1530">
    <p class='ocr_par' dir='ltr' id='par_1_49' title="bbox 137 1492 921 1530">
     <span class='ocr_line' id='line_1_49' title="bbox 137 1492 921 1530; baseline 0 -8"><span class='ocrx_word' id='word_1_352' title='bbox 137 1495 268 1522; x_wconf 76' lang='grc' dir='ltr'>6αίνουσα</span> <span class='ocrx_word' id='word_1_353' title='bbox 281 1492 326 1530; x_wconf 78' lang='grc' dir='ltr'><strong>ἦν.</strong></span> <span class='ocrx_word' id='word_1_354' title='bbox 336 1495 391 1522; x_wconf 74' lang='grc' dir='ltr'><strong>Καὶ</strong></span> <span class='ocrx_word' id='word_1_355' title='bbox 403 1494 481 1522; x_wconf 79' lang='grc' dir='ltr'>τοῦτο</span> <span class='ocrx_word' id='word_1_356' title='bbox 496 1494 616 1529; x_wconf 78' lang='grc' dir='ltr'><strong>δηλοῦσα</strong></span> <span class='ocrx_word' id='word_1_357' title='bbox 626 1495 643 1529; x_wconf 80' lang='grc' dir='ltr'><strong>ἡ</strong></span> <span class='ocrx_word' id='word_1_358' title='bbox 652 1493 748 1530; x_wconf 80' lang='grc' dir='ltr'>Γραφὴ</span> <span class='ocrx_word' id='word_1_359' title='bbox 764 1495 835 1521; x_wconf 84' lang='grc' dir='ltr'>κατὰ</span> <span class='ocrx_word' id='word_1_360' title='bbox 845 1495 921 1527; x_wconf 81' lang='grc' dir='ltr'>λέξιν</span> 
     </span>
    </p>
   </div>
   <div class='ocr_carea' id='block_1_50' title="bbox 137 1531 953 1575">
    <p class='ocr_par' dir='ltr' id='par_1_50' title="bbox 137 1531 953 1575">
     <span class='ocr_line' id='line_1_50' title="bbox 137 1531 953 1575; baseline -0.001 -8"><span class='ocrx_word' id='word_1_361' title='bbox 137 1540 210 1568; x_wconf 72' lang='grc' dir='ltr'>οὕτω</span> <span class='ocrx_word' id='word_1_362' title='bbox 223 1539 302 1574; x_wconf 80' lang='grc' dir='ltr'>φησί’</span> <span class='ocrx_word' id='word_1_363' title='bbox 328 1547 338 1566; x_wconf 77' lang='grc' dir='ltr'><strong>ι</strong></span> <span class='ocrx_word' id='word_1_364' title='bbox 355 1538 407 1566; x_wconf 80' lang='grc' dir='ltr'><strong>Καὶ</strong></span> <span class='ocrx_word' id='word_1_365' title='bbox 421 1539 645 1575; x_wconf 78' lang='grc' dir='ltr'>παραδοξάσομαι</span> <span class='ocrx_word' id='word_1_366' title='bbox 670 1539 720 1575; x_wconf 77' lang='grc' dir='ltr'>τὴν</span> <span class='ocrx_word' id='word_1_367' title='bbox 745 1540 795 1575; x_wconf 78' lang='grc' dir='ltr'>γῆν</span> <span class='ocrx_word' id='word_1_368' title='bbox 811 1539 899 1574; x_wconf 71' lang='grc' dir='ltr'>Γεσδμ</span> <span class='ocrx_word' id='word_1_369' title='bbox 909 1559 917 1572; x_wconf 83' lang='grc'><strong>,</strong></span> <span class='ocrx_word' id='word_1_370' title='bbox 932 1531 953 1561; x_wconf 77' lang='lat' dir='ltr'><strong>C</strong></span> 
     </span>
    </p>
   </div>
   <div class='ocr_carea' id='block_1_51' title="bbox 138 1583 921 1622">
    <p class='ocr_par' dir='ltr' id='par_1_51' title="bbox 138 1583 921 1622">
     <span class='ocr_line' id='line_1_51' title="bbox 138 1583 921 1622; baseline 0.001 -10"><span class='ocrx_word' id='word_1_371' title='bbox 138 1586 182 1621; x_wconf 75' lang='grc' dir='ltr'><strong>ἐφ’</strong></span> <span class='ocrx_word' id='word_1_372' title='bbox 195 1583 228 1622; x_wconf 87' lang='grc' dir='ltr'>ἦς</span> <span class='ocrx_word' id='word_1_373' title='bbox 242 1586 257 1612; x_wconf 85' lang='grc' dir='ltr'><strong>ό</strong></span> <span class='ocrx_word' id='word_1_374' title='bbox 270 1585 335 1618; x_wconf 80' lang='grc' dir='ltr'>λαός</span> <span class='ocrx_word' id='word_1_375' title='bbox 350 1594 400 1621; x_wconf 87' lang='grc' dir='ltr'><strong>μου</strong></span> <span class='ocrx_word' id='word_1_376' title='bbox 416 1585 459 1612; x_wconf 66' lang='grc' dir='ltr'><strong>ἐπ’</strong></span> <span class='ocrx_word' id='word_1_377' title='bbox 473 1586 569 1620; x_wconf 83' lang='grc' dir='ltr'>αὐτῆς,</span> <span class='ocrx_word' id='word_1_378' title='bbox 584 1585 627 1620; x_wconf 74' lang='grc' dir='ltr'>ιφ*</span> <span class='ocrx_word' id='word_1_379' title='bbox 673 1587 723 1613; x_wconf 83' lang='grc' dir='ltr'>οὐκ</span> <span class='ocrx_word' id='word_1_380' title='bbox 743 1586 815 1614; x_wconf 78' lang='grc' dir='ltr'>ἔστιν</span> <span class='ocrx_word' id='word_1_381' title='bbox 830 1587 889 1614; x_wconf 82' lang='grc' dir='ltr'><strong>ὲκεῖ</strong></span> <span class='ocrx_word' id='word_1_382' title='bbox 904 1587 921 1622; x_wconf 71' lang='grc' dir='ltr'><strong>η</strong></span> 
     </span>
    </p>
   </div>
   <div class='ocr_carea' id='block_1_52' title="bbox 138 1629 922 1666">
    <p class='ocr_par' dir='ltr' id='par_1_52' title="bbox 138 1629 922 1666">
     <span class='ocr_line' id='line_1_52' title="bbox 138 1629 922 1666; baseline -0.001 -8"><span class='ocrx_word' id='word_1_383' title='bbox 138 1632 285 1666; x_wconf 83' lang='grc' dir='ltr'>κυνόμυια,</span> <span class='ocrx_word' id='word_1_384' title='bbox 298 1631 342 1657; x_wconf 83' lang='grc' dir='ltr'>ινα</span> <span class='ocrx_word' id='word_1_385' title='bbox 360 1631 416 1665; x_wconf 78' lang='grc' dir='ltr'>ίδης</span> <span class='ocrx_word' id='word_1_386' title='bbox 427 1630 468 1657; x_wconf 83' lang='grc' dir='ltr'>ὅτι</span> <span class='ocrx_word' id='word_1_387' title='bbox 483 1629 539 1664; x_wconf 75' lang='grc' dir='ltr'><strong>ἐγὼ</strong></span> <span class='ocrx_word' id='word_1_388' title='bbox 554 1630 655 1665; x_wconf 79' lang='grc' dir='ltr'>Κύριος</span> <span class='ocrx_word' id='word_1_389' title='bbox 665 1631 679 1658; x_wconf 83' lang='grc' dir='ltr'><strong><em>ὁ</em></strong></span> <span class='ocrx_word' id='word_1_390' title='bbox 690 1630 756 1662; x_wconf 83' lang='grc' dir='ltr'>Θεός</span> <span class='ocrx_word' id='word_1_391' title='bbox 767 1639 814 1657; x_wconf 88' lang='grc' dir='ltr'><strong>σου</strong></span> <span class='ocrx_word' id='word_1_392' title='bbox 831 1630 922 1664; x_wconf 77' lang='grc' dir='ltr'>πάσης</span> 
     </span>
    </p>
   </div>
   <div class='ocr_carea' id='block_1_53' title="bbox 137 1675 923 1714">
    <p class='ocr_par' dir='ltr' id='par_1_53' title="bbox 137 1675 923 1714">
     <span class='ocr_line' id='line_1_53' title="bbox 137 1675 923 1714; baseline -0.001 -9"><span class='ocrx_word' id='word_1_393' title='bbox 137 1679 190 1714; x_wconf 80' lang='grc' dir='ltr'>τῆς</span> <span class='ocrx_word' id='word_1_394' title='bbox 205 1679 268 1712; x_wconf 73' lang='grc' dir='ltr'>γῆς.</span> <span class='ocrx_word' id='word_1_395' title='bbox 283 1677 338 1704; x_wconf 80' lang='grc' dir='ltr'><strong>Καὶ</strong></span> <span class='ocrx_word' id='word_1_396' title='bbox 352 1675 486 1703; x_wconf 76' lang='grc' dir='ltr'>διαστελῶ</span> <span class='ocrx_word' id='word_1_397' title='bbox 498 1676 636 1711; x_wconf 71' lang='grc' dir='ltr'>ἀναμέσον</span> <span class='ocrx_word' id='word_1_398' title='bbox 648 1676 695 1704; x_wconf 80' lang='grc' dir='ltr'>τοῦ</span> <span class='ocrx_word' id='word_1_399' title='bbox 709 1677 775 1711; x_wconf 70' lang='grc' dir='ltr'>ἐμοῦ</span> <span class='ocrx_word' id='word_1_400' title='bbox 794 1676 859 1704; x_wconf 77' lang='grc' dir='ltr'>λαοῦ</span> <span class='ocrx_word' id='word_1_401' title='bbox 875 1677 923 1704; x_wconf 78' lang='grc' dir='ltr'>καὶ</span> 
     </span>
    </p>
   </div>
   <div class='ocr_carea' id='block_1_54' title="bbox 140 1722 922 1757">
    <p class='ocr_par' dir='ltr' id='par_1_54' title="bbox 140 1722 922 1757">
     <span class='ocr_line' id='line_1_54' title="bbox 140 1722 922 1757; baseline 0 -8"><span class='ocrx_word' id='word_1_402' title='bbox 140 1724 280 1757; x_wconf 84' lang='grc' dir='ltr'>ἁναμέσον</span> <span class='ocrx_word' id='word_1_403' title='bbox 296 1722 343 1749; x_wconf 82' lang='grc' dir='ltr'><strong>τοῦ</strong></span> <span class='ocrx_word' id='word_1_404' title='bbox 362 1722 409 1749; x_wconf 81' lang='grc' dir='ltr'>σοῦ</span> <span class='ocrx_word' id='word_1_405' title='bbox 425 1722 501 1749; x_wconf 80' lang='grc' dir='ltr'>λαοῦ.</span> <span class='ocrx_word' id='word_1_406' title='bbox 519 1731 529 1748; x_wconf 79' lang='grc' dir='ltr'><strong>ι</strong></span> <span class='ocrx_word' id='word_1_407' title='bbox 545 1722 639 1749; x_wconf 80' lang='grc' dir='ltr'>Δέεται</span> <span class='ocrx_word' id='word_1_408' title='bbox 655 1722 702 1750; x_wconf 83' lang='grc' dir='ltr'>οὖν</span> <span class='ocrx_word' id='word_1_409' title='bbox 721 1722 767 1749; x_wconf 71' lang='grc' dir='ltr'><strong>ἐπὶ</strong></span> <span class='ocrx_word' id='word_1_410' title='bbox 791 1722 895 1754; x_wconf 75' lang='grc' dir='ltr'>τούτοις</span> <span class='ocrx_word' id='word_1_411' title='bbox 908 1723 922 1750; x_wconf 86' lang='grc' dir='ltr'><strong>ό</strong></span> 
     </span>
    </p>
   </div>
   <div class='ocr_carea' id='block_1_55' title="bbox 139 1766 922 1801">
    <p class='ocr_par' dir='ltr' id='par_1_55' title="bbox 139 1766 922 1801">
     <span class='ocr_line' id='line_1_55' title="bbox 139 1766 922 1801; baseline -0.001 -7"><span class='ocrx_word' id='word_1_412' title='bbox 139 1767 243 1801; x_wconf 79' lang='grc' dir='ltr'>Μωσῆς</span> <span class='ocrx_word' id='word_1_413' title='bbox 258 1767 307 1794; x_wconf 81' lang='grc' dir='ltr'>τοῦ</span> <span class='ocrx_word' id='word_1_414' title='bbox 330 1766 410 1800; x_wconf 81' lang='grc' dir='ltr'>Θεοῦ,</span> <span class='ocrx_word' id='word_1_415' title='bbox 430 1766 478 1793; x_wconf 79' lang='grc' dir='ltr'>καὶ</span> <span class='ocrx_word' id='word_1_416' title='bbox 494 1767 615 1801; x_wconf 81' lang='grc' dir='ltr'>περιεῖλε</span> <span class='ocrx_word' id='word_1_417' title='bbox 630 1766 680 1801; x_wconf 83' lang='grc' dir='ltr'>τὴν</span> <span class='ocrx_word' id='word_1_418' title='bbox 703 1766 852 1801; x_wconf 83' lang='grc' dir='ltr'>κυνόμυιαν</span> <span class='ocrx_word' id='word_1_419' title='bbox 866 1766 922 1793; x_wconf 75' lang='grc' dir='ltr'>ἀπὺ</span> 
     </span>
    </p>
   </div>
   <div class='ocr_carea' id='block_1_56' title="bbox 140 1812 920 1849">
    <p class='ocr_par' dir='ltr' id='par_1_56' title="bbox 140 1812 920 1849">
     <span class='ocr_line' id='line_1_56' title="bbox 140 1812 920 1849; baseline 0 -9"><span class='ocrx_word' id='word_1_420' title='bbox 140 1813 188 1840; x_wconf 76' lang='grc' dir='ltr'>τοῦ</span> <span class='ocrx_word' id='word_1_421' title='bbox 202 1813 314 1849; x_wconf 76' lang='grc' dir='ltr'>Φαραὼ,</span> <span class='ocrx_word' id='word_1_422' title='bbox 328 1814 376 1840; x_wconf 86' lang='grc' dir='ltr'>καὶ</span> <span class='ocrx_word' id='word_1_423' title='bbox 391 1813 441 1839; x_wconf 83' lang='grc' dir='ltr'>οὐκ</span> <span class='ocrx_word' id='word_1_424' title='bbox 456 1812 588 1848; x_wconf 78' lang='grc' dir='ltr'>ἠθέλησεν</span> <span class='ocrx_word' id='word_1_425' title='bbox 601 1812 791 1844; x_wconf 73' lang='grc' dir='ltr'>ἐξαποστεῖλαι</span> <span class='ocrx_word' id='word_1_426' title='bbox 810 1813 920 1845; x_wconf 81' lang='grc' dir='ltr'>αὐτούς.</span> 
     </span>
    </p>
   </div>
   <div class='ocr_carea' id='block_1_57' title="bbox 1007 1124 1758 1160">
    <p class='ocr_par' dir='ltr' id='par_1_57' title="bbox 1007 1124 1758 1160">
     <span class='ocr_line' id='line_1_57' title="bbox 1007 1124 1758 1160; baseline -0.001 -7"><span class='ocrx_word' id='word_1_427' title='bbox 1007 1126 1111 1159; x_wconf 84' lang='lat' dir='ltr'><strong>Quarta</strong></span> <span class='ocrx_word' id='word_1_428' title='bbox 1133 1125 1209 1160; x_wconf 83' lang='lat' dir='ltr'><strong>plaga</strong></span> <span class='ocrx_word' id='word_1_429' title='bbox 1226 1124 1298 1152; x_wconf 85' lang='lat' dir='ltr'><strong>Deus</strong></span> <span class='ocrx_word' id='word_1_430' title='bbox 1311 1124 1453 1160; x_wconf 68' lang='lat' dir='ltr'><strong>Egyptios</strong></span> <span class='ocrx_word' id='word_1_431' title='bbox 1468 1132 1516 1159; x_wconf 87' lang='lat' dir='ltr'><strong>per</strong></span> <span class='ocrx_word' id='word_1_432' title='bbox 1544 1132 1661 1158; x_wconf 83' lang='lat' dir='ltr'><strong>muscas,</strong></span> <span class='ocrx_word' id='word_1_433' title='bbox 1690 1131 1758 1159; x_wconf 86' lang='lat' dir='ltr'><strong>quas</strong></span> 
     </span>
    </p>
   </div>
   <div class='ocr_carea' id='block_1_58' title="bbox 972 1170 1758 1206">
    <p class='ocr_par' dir='ltr' id='par_1_58' title="bbox 972 1170 1758 1206">
     <span class='ocr_line' id='line_1_58' title="bbox 972 1170 1758 1206; baseline -0.001 -8"><span class='ocrx_word' id='word_1_434' title='bbox 972 1171 1085 1199; x_wconf 90' lang='lat' dir='ltr'><strong>caninas</strong></span> <span class='ocrx_word' id='word_1_435' title='bbox 1099 1171 1244 1206; x_wconf 80' lang='lat' dir='ltr'><strong>appellant,</strong></span> <span class='ocrx_word' id='word_1_436' title='bbox 1263 1170 1380 1198; x_wconf 76' lang='lat' dir='ltr'><strong>vexavit.</strong></span> <span class='ocrx_word' id='word_1_437' title='bbox 1397 1170 1474 1202; x_wconf 87' lang='lat' dir='ltr'><strong>Nam,</strong></span> <span class='ocrx_word' id='word_1_438' title='bbox 1506 1175 1536 1197; x_wconf 93' lang='lat' dir='ltr'><strong>ut</strong></span> <span class='ocrx_word' id='word_1_439' title='bbox 1565 1171 1651 1198; x_wconf 85' lang='lat' dir='ltr'><strong>sacris</strong></span> <span class='ocrx_word' id='word_1_440' title='bbox 1671 1175 1713 1198; x_wconf 89' lang='lat' dir='ltr'><strong>est</strong></span> <span class='ocrx_word' id='word_1_441' title='bbox 1730 1171 1758 1197; x_wconf 92' lang='lat' dir='ltr'><strong>in</strong></span> 
     </span>
    </p>
   </div>
   <div class='ocr_carea' id='block_1_59' title="bbox 972 1215 1759 1252">
    <p class='ocr_par' dir='ltr' id='par_1_59' title="bbox 972 1215 1759 1252">
     <span class='ocr_line' id='line_1_59' title="bbox 972 1215 1759 1252; baseline 0.001 -9"><span class='ocrx_word' id='word_1_442' title='bbox 972 1216 1092 1248; x_wconf 86' lang='lat' dir='ltr'><strong>Litteris,</strong></span> <span class='ocrx_word' id='word_1_443' title='bbox 1117 1215 1250 1243; x_wconf 83' lang='lat' dir='ltr'><strong>eilicientc</strong></span> <span class='ocrx_word' id='word_1_444' title='bbox 1269 1216 1324 1243; x_wconf 89' lang='lat' dir='ltr'><strong>Deo</strong></span> <span class='ocrx_word' id='word_1_445' title='bbox 1351 1220 1423 1243; x_wconf 88' lang='lat' dir='ltr'><strong>tanta</strong></span> <span class='ocrx_word' id='word_1_446' title='bbox 1444 1224 1598 1244; x_wconf 79' lang='lat' dir='ltr'><strong>muscarum</strong></span> <span class='ocrx_word' id='word_1_447' title='bbox 1616 1217 1664 1252; x_wconf 66' lang='lat' dir='ltr'><strong>vis,</strong></span> <span class='ocrx_word' id='word_1_448' title='bbox 1676 1221 1759 1251; x_wconf 79' lang='lat' dir='ltr'><strong>atque</strong></span> 
     </span>
    </p>
   </div>
   <div class='ocr_carea' id='block_1_60' title="bbox 973 1261 1755 1298">
    <p class='ocr_par' dir='ltr' id='par_1_60' title="bbox 973 1261 1755 1298">
     <span class='ocr_line' id='line_1_60' title="bbox 973 1261 1755 1298; baseline 0.001 -9"><span class='ocrx_word' id='word_1_449' title='bbox 973 1262 1119 1289; x_wconf 86' lang='lat' dir='ltr'><strong>multitudo</strong></span> <span class='ocrx_word' id='word_1_450' title='bbox 1141 1261 1170 1288; x_wconf 94' lang='lat' dir='ltr'><strong>in</strong></span> <span class='ocrx_word' id='word_1_451' title='bbox 1195 1261 1348 1289; x_wconf 84' lang='lat' dir='ltr'><strong>Pharaonis</strong></span> <span class='ocrx_word' id='word_1_452' title='bbox 1368 1262 1440 1290; x_wconf 67' lang='lat' dir='ltr'><strong>aedes</strong></span> <span class='ocrx_word' id='word_1_453' title='bbox 1460 1267 1488 1290; x_wconf 89' lang='lat' dir='ltr'><strong>et</strong></span> <span class='ocrx_word' id='word_1_454' title='bbox 1507 1266 1590 1290; x_wconf 87' lang='lat' dir='ltr'><strong>totam</strong></span> <span class='ocrx_word' id='word_1_455' title='bbox 1609 1262 1755 1298; x_wconf 71' lang='lat' dir='ltr'><strong>[Egyptum</strong></span> 
     </span>
    </p>
   </div>
   <div class='ocr_carea' id='block_1_61' title="bbox 973 1306 1757 1344">
    <p class='ocr_par' dir='ltr' id='par_1_61' title="bbox 973 1306 1757 1344">
     <span class='ocr_line' id='line_1_61' title="bbox 973 1306 1757 1344; baseline 0.001 -9"><span class='ocrx_word' id='word_1_456' title='bbox 973 1311 1015 1335; x_wconf 83' lang='lat' dir='ltr'><strong>est</strong></span> <span class='ocrx_word' id='word_1_457' title='bbox 1034 1307 1166 1340; x_wconf 85' lang='lat' dir='ltr'><strong>immissa,</strong></span> <span class='ocrx_word' id='word_1_458' title='bbox 1186 1311 1215 1334; x_wconf 88' lang='lat' dir='ltr'><strong>ut</strong></span> <span class='ocrx_word' id='word_1_459' title='bbox 1229 1306 1263 1335; x_wconf 84' lang='lat' dir='ltr'><strong>ab</strong></span> <span class='ocrx_word' id='word_1_460' title='bbox 1277 1308 1318 1335; x_wconf 89' lang='lat' dir='ltr'><strong>eis</strong></span> <span class='ocrx_word' id='word_1_461' title='bbox 1330 1307 1458 1335; x_wconf 84' lang='lat' dir='ltr'><strong>universa</strong></span> <span class='ocrx_word' id='word_1_462' title='bbox 1471 1308 1543 1344; x_wconf 83' lang='lat' dir='ltr'><strong>regio</strong></span> <span class='ocrx_word' id='word_1_463' title='bbox 1557 1308 1757 1337; x_wconf 77' lang='lat' dir='ltr'><strong>devastaretur.</strong></span> 
     </span>
    </p>
   </div>
   <div class='ocr_carea' id='block_1_62' title="bbox 972 1352 1758 1390">
    <p class='ocr_par' dir='ltr' id='par_1_62' title="bbox 972 1352 1758 1390">
     <span class='ocr_line' id='line_1_62' title="bbox 972 1352 1758 1390; baseline 0.004 -11"><span class='ocrx_word' id='word_1_464' title='bbox 972 1352 1105 1380; x_wconf 87' lang='lat' dir='ltr'><strong>Nimirum</strong></span> <span class='ocrx_word' id='word_1_465' title='bbox 1124 1360 1177 1380; x_wconf 89' lang='lat' dir='ltr'><strong>non</strong></span> <span class='ocrx_word' id='word_1_466' title='bbox 1208 1353 1270 1381; x_wconf 83' lang='lat' dir='ltr'><strong>sine</strong></span> <span class='ocrx_word' id='word_1_467' title='bbox 1286 1352 1379 1381; x_wconf 84' lang='lat' dir='ltr'><strong>dolore</strong></span> <span class='ocrx_word' id='word_1_468' title='bbox 1404 1354 1504 1381; x_wconf 83' lang='lat' dir='ltr'><strong>animal</strong></span> <span class='ocrx_word' id='word_1_469' title='bbox 1523 1354 1574 1381; x_wconf 90' lang='lat' dir='ltr'><strong>hoc</strong></span> <span class='ocrx_word' id='word_1_470' title='bbox 1601 1355 1628 1382; x_wconf 91' lang='lat' dir='ltr'><strong>in</strong></span> <span class='ocrx_word' id='word_1_471' title='bbox 1641 1362 1758 1390; x_wconf 86' lang='lat' dir='ltr'><strong>corpora</strong></span> 
     </span>
    </p>
   </div>
   <div class='ocr_carea' id='block_1_63' title="bbox 971 1400 1756 1435">
    <p class='ocr_par' dir='ltr' id='par_1_63' title="bbox 971 1400 1756 1435">
     <span class='ocr_line' id='line_1_63' title="bbox 971 1400 1756 1435; baseline 0.001 -8"><span class='ocrx_word' id='word_1_472' title='bbox 971 1406 1064 1427; x_wconf 90' lang='lat' dir='ltr'><strong>morsu</strong></span> <span class='ocrx_word' id='word_1_473' title='bbox 1080 1403 1219 1434; x_wconf 82' lang='lat' dir='ltr'><strong>penetrat;</strong></span> <span class='ocrx_word' id='word_1_474' title='bbox 1235 1406 1354 1434; x_wconf 88' lang='lat' dir='ltr'><strong>cumque</strong></span> <span class='ocrx_word' id='word_1_475' title='bbox 1370 1400 1485 1428; x_wconf 85' lang='lat' dir='ltr'><strong>caninas</strong></span> <span class='ocrx_word' id='word_1_476' title='bbox 1498 1401 1628 1435; x_wconf 81' lang='lat' dir='ltr'><strong>appellari</strong></span> <span class='ocrx_word' id='word_1_477' title='bbox 1649 1408 1756 1429; x_wconf 82' lang='lat' dir='ltr'><strong>muscas</strong></span> 
     </span>
    </p>
   </div>
   <div class='ocr_carea' id='block_1_64' title="bbox 971 1445 1758 1481">
    <p class='ocr_par' dir='ltr' id='par_1_64' title="bbox 971 1445 1758 1481">
     <span class='ocr_line' id='line_1_64' title="bbox 971 1445 1758 1481; baseline 0.003 -9"><span class='ocrx_word' id='word_1_478' title='bbox 971 1445 1060 1478; x_wconf 84' lang='lat' dir='ltr'><strong>audis,</strong></span> <span class='ocrx_word' id='word_1_479' title='bbox 1084 1445 1136 1473; x_wconf 89' lang='lat' dir='ltr'><strong>hoc</strong></span> <span class='ocrx_word' id='word_1_480' title='bbox 1152 1445 1241 1480; x_wconf 90' lang='lat' dir='ltr'><strong>ipsum</strong></span> <span class='ocrx_word' id='word_1_481' title='bbox 1267 1446 1301 1473; x_wconf 88' lang='lat' dir='ltr'><strong>ad</strong></span> <span class='ocrx_word' id='word_1_482' title='bbox 1326 1446 1521 1481; x_wconf 88' lang='lat' dir='ltr'><strong>impudentiam</strong></span> <span class='ocrx_word' id='word_1_483' title='bbox 1534 1451 1564 1474; x_wconf 85' lang='lat' dir='ltr'><strong>et</strong></span> <span class='ocrx_word' id='word_1_484' title='bbox 1588 1446 1758 1474; x_wconf 80' lang='lat' dir='ltr'><strong>ferocitatem</strong></span> 
     </span>
    </p>
   </div>
   <div class='ocr_carea' id='block_1_65' title="bbox 972 1490 1759 1527">
    <p class='ocr_par' dir='ltr' id='par_1_65' title="bbox 972 1490 1759 1527">
     <span class='ocr_line' id='line_1_65' title="bbox 972 1490 1759 1527; baseline 0.003 -9"><span class='ocrx_word' id='word_1_485' title='bbox 972 1491 1098 1518; x_wconf 83' lang='lat' dir='ltr'><strong>animalis</strong></span> <span class='ocrx_word' id='word_1_486' title='bbox 1108 1490 1219 1524; x_wconf 79' lang='lat' dir='ltr'><strong>referto,</strong></span> <span class='ocrx_word' id='word_1_487' title='bbox 1234 1492 1306 1527; x_wconf 85' lang='lat' dir='ltr'><strong>quod</strong></span> <span class='ocrx_word' id='word_1_488' title='bbox 1324 1492 1449 1520; x_wconf 80' lang='lat' dir='ltr'><strong>involans</strong></span> <span class='ocrx_word' id='word_1_489' title='bbox 1465 1493 1491 1519; x_wconf 89' lang='lat' dir='ltr'><strong>in</strong></span> <span class='ocrx_word' id='word_1_490' title='bbox 1510 1500 1614 1520; x_wconf 85' lang='lat' dir='ltr'><strong>morem</strong></span> <span class='ocrx_word' id='word_1_491' title='bbox 1629 1493 1674 1520; x_wconf 88' lang='lat' dir='ltr'><strong>teli</strong></span> <span class='ocrx_word' id='word_1_492' title='bbox 1686 1492 1759 1521; x_wconf 91' lang='lat' dir='ltr'><strong>solos</strong></span> 
     </span>
    </p>
   </div>
   <div class='ocr_carea' id='block_1_66' title="bbox 970 1535 1759 1572">
    <p class='ocr_par' dir='ltr' id='par_1_66' title="bbox 970 1535 1759 1572">
     <span class='ocr_line' id='line_1_66' title="bbox 970 1535 1759 1572; baseline 0.003 -8"><span class='ocrx_word' id='word_1_493' title='bbox 970 1535 997 1564; x_wconf 93' lang='lat' dir='ltr'><strong>in</strong></span> <span class='ocrx_word' id='word_1_494' title='bbox 1014 1536 1154 1572; x_wconf 65' lang='lat' dir='ltr'><strong>Egyptios</strong></span> <span class='ocrx_word' id='word_1_495' title='bbox 1180 1537 1313 1565; x_wconf 85' lang='lat' dir='ltr'><strong>irruebat.</strong></span> <span class='ocrx_word' id='word_1_496' title='bbox 1330 1537 1388 1566; x_wconf 84' lang='lat' dir='ltr'><strong>Hoc</strong></span> <span class='ocrx_word' id='word_1_497' title='bbox 1403 1538 1524 1566; x_wconf 86' lang='lat' dir='ltr'><strong>indicare</strong></span> <span class='ocrx_word' id='word_1_498' title='bbox 1553 1538 1661 1567; x_wconf 77' lang='lat' dir='ltr'><strong>Litterze</strong></span> <span class='ocrx_word' id='word_1_499' title='bbox 1676 1547 1759 1567; x_wconf 68' lang='lat' dir='ltr'><strong>sacra:</strong></span> 
     </span>
    </p>
   </div>
   <div class='ocr_carea' id='block_1_67' title="bbox 969 1582 1759 1619">
    <p class='ocr_par' dir='ltr' id='par_1_67' title="bbox 969 1582 1759 1619">
     <span class='ocr_line' id='line_1_67' title="bbox 969 1582 1759 1619; baseline 0.003 -8"><span class='ocrx_word' id='word_1_500' title='bbox 969 1583 1091 1611; x_wconf 81' lang='lat' dir='ltr'><strong>volentes</strong></span> <span class='ocrx_word' id='word_1_501' title='bbox 1106 1583 1147 1610; x_wconf 86' lang='lat' dir='ltr'><strong>his</strong></span> <span class='ocrx_word' id='word_1_502' title='bbox 1158 1582 1224 1618; x_wconf 80' lang='lat' dir='ltr'><strong>ipsis</strong></span> <span class='ocrx_word' id='word_1_503' title='bbox 1235 1584 1326 1611; x_wconf 83' lang='lat' dir='ltr'><strong>verbis</strong></span> <span class='ocrx_word' id='word_1_504' title='bbox 1342 1592 1397 1612; x_wconf 58' lang='lat' dir='ltr'><strong>usae</strong></span> <span class='ocrx_word' id='word_1_505' title='bbox 1406 1589 1471 1613; x_wconf 88' lang='lat' dir='ltr'><strong>sunt</strong></span> <span class='ocrx_word' id='word_1_506' title='bbox 1483 1594 1490 1612; x_wconf 89' lang='lat'><strong>:</strong></span> <span class='ocrx_word' id='word_1_507' title='bbox 1504 1595 1513 1611; x_wconf 73' lang='grc' dir='ltr'><strong>ι</strong></span> <span class='ocrx_word' id='word_1_508' title='bbox 1525 1585 1667 1613; x_wconf 88' lang='lat' dir='ltr'><strong>Gesemam</strong></span> <span class='ocrx_word' id='word_1_509' title='bbox 1680 1593 1759 1619; x_wconf 88' lang='lat' dir='ltr'><strong>vero,</strong></span> 
     </span>
    </p>
   </div>
   <div class='ocr_carea' id='block_1_68' title="bbox 972 1630 1758 1668">
    <p class='ocr_par' dir='ltr' id='par_1_68' title="bbox 972 1630 1758 1668">
     <span class='ocr_line' id='line_1_68' title="bbox 972 1630 1758 1668; baseline 0.005 -12"><span class='ocrx_word' id='word_1_510' title='bbox 972 1637 1026 1665; x_wconf 83' lang='lat' dir='ltr'><strong>qua</strong></span> <span class='ocrx_word' id='word_1_511' title='bbox 1041 1630 1069 1657; x_wconf 90' lang='lat' dir='ltr'><strong>in</strong></span> <span class='ocrx_word' id='word_1_512' title='bbox 1085 1634 1156 1657; x_wconf 87' lang='lat' dir='ltr'><strong>terra</strong></span> <span class='ocrx_word' id='word_1_513' title='bbox 1171 1630 1288 1664; x_wconf 86' lang='lat' dir='ltr'><strong>populus</strong></span> <span class='ocrx_word' id='word_1_514' title='bbox 1300 1638 1376 1658; x_wconf 90' lang='lat' dir='ltr'><strong>meus</strong></span> <span class='ocrx_word' id='word_1_515' title='bbox 1389 1631 1472 1668; x_wconf 85' lang='lat' dir='ltr'><strong>degit,</strong></span> <span class='ocrx_word' id='word_1_516' title='bbox 1487 1638 1586 1667; x_wconf 66' lang='lat' dir='ltr'><strong>prieter</strong></span> <span class='ocrx_word' id='word_1_517' title='bbox 1599 1633 1758 1667; x_wconf 85' lang='lat' dir='ltr'><strong>opinionem</strong></span> 
     </span>
    </p>
   </div>
   <div class='ocr_carea' id='block_1_69' title="bbox 973 1674 1760 1710">
    <p class='ocr_par' dir='ltr' id='par_1_69' title="bbox 973 1674 1760 1710">
     <span class='ocr_line' id='line_1_69' title="bbox 973 1674 1760 1710; baseline 0.005 -8"><span class='ocrx_word' id='word_1_518' title='bbox 973 1674 1115 1703; x_wconf 84' lang='lat' dir='ltr'><strong>hominum</strong></span> <span class='ocrx_word' id='word_1_519' title='bbox 1133 1675 1281 1703; x_wconf 87' lang='lat' dir='ltr'><strong>immunem</strong></span> <span class='ocrx_word' id='word_1_520' title='bbox 1306 1676 1416 1710; x_wconf 79' lang='lat' dir='ltr'><strong>faciam,</strong></span> <span class='ocrx_word' id='word_1_521' title='bbox 1438 1682 1468 1705; x_wconf 85' lang='lat' dir='ltr'><strong>ut.</strong></span> <span class='ocrx_word' id='word_1_522' title='bbox 1490 1679 1515 1705; x_wconf 91' lang='lat' dir='ltr'><strong>iu</strong></span> <span class='ocrx_word' id='word_1_523' title='bbox 1543 1686 1575 1706; x_wconf 89' lang='lat' dir='ltr'><strong>ea</strong></span> <span class='ocrx_word' id='word_1_524' title='bbox 1605 1679 1686 1706; x_wconf 71' lang='lat' dir='ltr'><strong>nullae</strong></span> <span class='ocrx_word' id='word_1_525' title='bbox 1705 1680 1760 1706; x_wconf 88' lang='lat' dir='ltr'><strong>sint</strong></span> 
     </span>
    </p>
   </div>
   <div class='ocr_carea' id='block_1_70' title="bbox 975 1723 1759 1759">
    <p class='ocr_par' dir='ltr' id='par_1_70' title="bbox 975 1723 1759 1759">
     <span class='ocr_line' id='line_1_70' title="bbox 975 1723 1759 1759; baseline 0.004 -9"><span class='ocrx_word' id='word_1_526' title='bbox 975 1730 1092 1756; x_wconf 76' lang='lat' dir='ltr'><strong>muscae;</strong></span> <span class='ocrx_word' id='word_1_527' title='bbox 1108 1730 1162 1758; x_wconf 90' lang='lat' dir='ltr'><strong>quo</strong></span> <span class='ocrx_word' id='word_1_528' title='bbox 1177 1723 1283 1751; x_wconf 82' lang='lat' dir='ltr'><strong>scilicet</strong></span> <span class='ocrx_word' id='word_1_529' title='bbox 1296 1723 1431 1759; x_wconf 71' lang='lat' dir='ltr'><strong>intelligas</strong></span> <span class='ocrx_word' id='word_1_530' title='bbox 1452 1731 1497 1751; x_wconf 86' lang='lat' dir='ltr'><strong>me</strong></span> <span class='ocrx_word' id='word_1_531' title='bbox 1513 1724 1658 1752; x_wconf 90' lang='lat' dir='ltr'><strong>Dominum</strong></span> <span class='ocrx_word' id='word_1_532' title='bbox 1673 1726 1759 1753; x_wconf 89' lang='lat' dir='ltr'><strong>Deum</strong></span> 
     </span>
    </p>
   </div>
   <div class='ocr_carea' id='block_1_71' title="bbox 973 1768 1759 1806">
    <p class='ocr_par' dir='ltr' id='par_1_71' title="bbox 973 1768 1759 1806">
     <span class='ocr_line' id='line_1_71' title="bbox 973 1768 1759 1806; baseline 0.004 -10"><span class='ocrx_word' id='word_1_533' title='bbox 973 1769 1075 1796; x_wconf 81' lang='lat' dir='ltr'><strong>essein</strong></span> <span class='ocrx_word' id='word_1_534' title='bbox 1091 1769 1180 1802; x_wconf 87' lang='lat' dir='ltr'><strong>terris,</strong></span> <span class='ocrx_word' id='word_1_535' title='bbox 1196 1768 1244 1804; x_wconf 88' lang='lat' dir='ltr'><strong>qui</strong></span> <span class='ocrx_word' id='word_1_536' title='bbox 1257 1768 1405 1797; x_wconf 86' lang='lat' dir='ltr'><strong>discrimen</strong></span> <span class='ocrx_word' id='word_1_537' title='bbox 1428 1771 1499 1798; x_wconf 89' lang='lat' dir='ltr'><strong>inter</strong></span> <span class='ocrx_word' id='word_1_538' title='bbox 1519 1778 1609 1799; x_wconf 82' lang='lat' dir='ltr'><strong>meum</strong></span> <span class='ocrx_word' id='word_1_539' title='bbox 1627 1776 1759 1806; x_wconf 85' lang='lat' dir='ltr'><strong>tuumque</strong></span> 
     </span>
    </p>
   </div>
   <div class='ocr_carea' id='block_1_72' title="bbox 972 1815 1757 1851">
    <p class='ocr_par' dir='ltr' id='par_1_72' title="bbox 972 1815 1757 1851">
     <span class='ocr_line' id='line_1_72' title="bbox 972 1815 1757 1851; baseline 0.004 -9"><span class='ocrx_word' id='word_1_540' title='bbox 972 1816 1102 1851; x_wconf 87' lang='lat' dir='ltr'><strong>populum</strong></span> <span class='ocrx_word' id='word_1_541' title='bbox 1115 1823 1214 1850; x_wconf 85' lang='lat' dir='ltr'><strong>ponam</strong></span> <span class='ocrx_word' id='word_1_542' title='bbox 1228 1815 1263 1843; x_wconf 83' lang='lat'><strong>”.</strong></span> <span class='ocrx_word' id='word_1_543' title='bbox 1282 1824 1292 1841; x_wconf 73' lang='grc' dir='ltr'><strong>ι</strong></span> <span class='ocrx_word' id='word_1_544' title='bbox 1314 1815 1470 1844; x_wconf 89' lang='lat' dir='ltr'><strong>Secundum</strong></span> <span class='ocrx_word' id='word_1_545' title='bbox 1485 1817 1543 1845; x_wconf 82' lang='lat' dir='ltr'><strong>haec</strong></span> <span class='ocrx_word' id='word_1_546' title='bbox 1556 1817 1654 1846; x_wconf 88' lang='lat' dir='ltr'><strong>iterum</strong></span> <span class='ocrx_word' id='word_1_547' title='bbox 1668 1818 1757 1846; x_wconf 79' lang='lat' dir='ltr'><strong>Moses</strong></span> 
     </span>
    </p>
   </div>
   <div class='ocr_carea' id='block_1_73' title="bbox 141 1860 1769 1902">
    <p class='ocr_par' dir='ltr' id='par_1_73' title="bbox 141 1860 1769 1902">
     <span class='ocr_line' id='line_1_73' title="bbox 141 1860 1769 1902; baseline 0.001 -13"><span class='ocrx_word' id='word_1_548' title='bbox 141 1862 229 1889; x_wconf 90' lang='lat' dir='ltr'><strong>Deum</strong></span> <span class='ocrx_word' id='word_1_549' title='bbox 259 1861 433 1896; x_wconf 82' lang='lat' dir='ltr'><strong>deprecatur,</strong></span> <span class='ocrx_word' id='word_1_550' title='bbox 447 1861 492 1895; x_wconf 87' lang='lat' dir='ltr'><strong>qui</strong></span> <span class='ocrx_word' id='word_1_551' title='bbox 510 1867 619 1889; x_wconf 79' lang='lat' dir='ltr'><strong>muscas</strong></span> <span class='ocrx_word' id='word_1_552' title='bbox 633 1860 694 1888; x_wconf 79' lang='lat' dir='ltr'><strong>illas</strong></span> <span class='ocrx_word' id='word_1_553' title='bbox 712 1860 826 1889; x_wconf 81' lang='lat' dir='ltr'><strong>caninas</strong></span> <span class='ocrx_word' id='word_1_554' title='bbox 857 1868 873 1889; x_wconf 86' lang='lat' dir='ltr'><strong>a</strong></span> <span class='ocrx_word' id='word_1_555' title='bbox 893 1861 1037 1891; x_wconf 85' lang='lat' dir='ltr'><strong>Pharaone</strong></span> <span class='ocrx_word' id='word_1_556' title='bbox 1055 1863 1211 1900; x_wconf 79' lang='lat' dir='ltr'><strong>populoque</strong></span> <span class='ocrx_word' id='word_1_557' title='bbox 1226 1863 1313 1899; x_wconf 87' lang='lat' dir='ltr'><strong>ipsius</strong></span> <span class='ocrx_word' id='word_1_558' title='bbox 1330 1864 1421 1900; x_wconf 80' lang='lat' dir='ltr'><strong>abegit</strong></span> <span class='ocrx_word' id='word_1_559' title='bbox 1441 1866 1478 1893; x_wconf 82' lang='lat' dir='ltr'><strong>ita</strong></span> <span class='ocrx_word' id='word_1_560' title='bbox 1511 1870 1540 1893; x_wconf 91' lang='lat' dir='ltr'><strong>ut</strong></span> <span class='ocrx_word' id='word_1_561' title='bbox 1562 1874 1597 1893; x_wconf 88' lang='lat' dir='ltr'><strong>ne</strong></span> <span class='ocrx_word' id='word_1_562' title='bbox 1618 1874 1671 1894; x_wconf 89' lang='lat' dir='ltr'><strong>una</strong></span> <span class='ocrx_word' id='word_1_563' title='bbox 1697 1867 1769 1902; x_wconf 77' lang='lat' dir='ltr'><strong>qui-.</strong></span> 
     </span>
    </p>
   </div>
   <div class='ocr_carea' id='block_1_74' title="bbox 141 1907 1761 1948">
    <p class='ocr_par' dir='ltr' id='par_1_74' title="bbox 141 1907 1761 1948">
     <span class='ocr_line' id='line_1_74' title="bbox 141 1907 1761 1948; baseline 0.003 -12"><span class='ocrx_word' id='word_1_564' title='bbox 141 1909 205 1936; x_wconf 82' lang='lat' dir='ltr'><strong>dem</strong></span> <span class='ocrx_word' id='word_1_565' title='bbox 221 1909 324 1944; x_wconf 88' lang='lat' dir='ltr'><strong>reliqua</strong></span> <span class='ocrx_word' id='word_1_566' title='bbox 335 1908 423 1942; x_wconf 76' lang='lat' dir='ltr'><strong>foret;</strong></span> <span class='ocrx_word' id='word_1_567' title='bbox 441 1907 488 1936; x_wconf 85' lang='lat' dir='ltr'><strong>sed</strong></span> <span class='ocrx_word' id='word_1_568' title='bbox 505 1908 615 1935; x_wconf 82' lang='lat' dir='ltr'><strong>Pharao</strong></span> <span class='ocrx_word' id='word_1_569' title='bbox 645 1912 702 1936; x_wconf 87' lang='lat' dir='ltr'><strong>tum</strong></span> <span class='ocrx_word' id='word_1_570' title='bbox 727 1914 838 1943; x_wconf 83' lang='lat' dir='ltr'><strong>quoque</strong></span> <span class='ocrx_word' id='word_1_571' title='bbox 862 1916 943 1937; x_wconf 88' lang='lat' dir='ltr'><strong>suum</strong></span> <span class='ocrx_word' id='word_1_572' title='bbox 961 1909 1138 1945; x_wconf 87' lang='lat' dir='ltr'><strong>pertinaciter</strong></span> <span class='ocrx_word' id='word_1_573' title='bbox 1167 1910 1311 1938; x_wconf 78' lang='lat' dir='ltr'><strong>obduravit</strong></span> <span class='ocrx_word' id='word_1_574' title='bbox 1330 1911 1462 1945; x_wconf 85' lang='lat' dir='ltr'><strong>animum,</strong></span> <span class='ocrx_word' id='word_1_575' title='bbox 1489 1919 1541 1940; x_wconf 87' lang='lat' dir='ltr'><strong>nec</strong></span> <span class='ocrx_word' id='word_1_576' title='bbox 1565 1913 1693 1948; x_wconf 88' lang='lat' dir='ltr'><strong>populum</strong></span> <span class='ocrx_word' id='word_1_577' title='bbox 1720 1913 1761 1941; x_wconf 91' lang='lat' dir='ltr'><strong>di-</strong></span> 
     </span>
    </p>
   </div>
   <div class='ocr_carea' id='block_1_75' title="bbox 142 1955 1073 1995">
    <p class='ocr_par' dir='ltr' id='par_1_75' title="bbox 142 1955 1073 1995">
     <span class='ocr_line' id='line_1_75' title="bbox 142 1955 1073 1995; baseline -0.004 -12"><span class='ocrx_word' id='word_1_578' title='bbox 142 1955 251 1983; x_wconf 82' lang='lat' dir='ltr'><strong>mittere</strong></span> <span class='ocrx_word' id='word_1_579' title='bbox 265 1955 361 1982; x_wconf 88' lang='lat' dir='ltr'><strong>voluit.</strong></span> <span class='ocrx_word' id='word_1_580' title='bbox 538 1990 548 1995; x_wconf 37' lang='lat'>~</span> <span class='ocrx_word' id='word_1_581' title='bbox 1070 1983 1073 1986; x_wconf 49' lang='grc'>,</span> 
     </span>
    </p>
   </div>
   <div class='ocr_carea' id='block_1_76' title="bbox 180 2001 920 2043">
    <p class='ocr_par' dir='ltr' id='par_1_76' title="bbox 180 2001 920 2038">
     <span class='ocr_line' id='line_1_76' title="bbox 180 2001 920 2038; baseline -0.004 -7"><span class='ocrx_word' id='word_1_582' title='bbox 180 2003 298 2038; x_wconf 70' lang='grc' dir='ltr'>Πέμπτη</span> <span class='ocrx_word' id='word_1_583' title='bbox 311 2002 403 2037; x_wconf 82' lang='grc' dir='ltr'>πληγὴ</span> <span class='ocrx_word' id='word_1_584' title='bbox 417 2003 433 2038; x_wconf 77' lang='grc' dir='ltr'><strong>ἡ</strong></span> <span class='ocrx_word' id='word_1_585' title='bbox 449 2001 504 2030; x_wconf 77' lang='grc' dir='ltr'>τῶν</span> <span class='ocrx_word' id='word_1_586' title='bbox 515 2001 691 2036; x_wconf 78' lang='grc' dir='ltr'>τετραπόδων</span> <span class='ocrx_word' id='word_1_587' title='bbox 699 2001 796 2037; x_wconf 83' lang='grc' dir='ltr'>φθορά.</span> <span class='ocrx_word' id='word_1_588' title='bbox 809 2011 819 2028; x_wconf 76' lang='grc' dir='ltr'>ί</span> <span class='ocrx_word' id='word_1_589' title='bbox 831 2001 897 2030; x_wconf 83' lang='grc' dir='ltr'>Ἰδοὺ</span> <span class='ocrx_word' id='word_1_590' title='bbox 913 2011 920 2028; x_wconf 82' lang='grc' dir='ltr'><strong>ι</strong></span> 
     </span>
    </p>
   </div>
   <div class='ocr_carea' id='block_1_77' title="bbox 974 2001 1759 2043">
    <p class='ocr_par' dir='ltr' id='par_1_77' title="bbox 1011 2003 1759 2043">
     <span class='ocr_line' id='line_1_77' title="bbox 1011 2003 1759 2043; baseline 0.008 -13"><span class='ocrx_word' id='word_1_591' title='bbox 1011 2003 1104 2039; x_wconf 74' lang='lat' dir='ltr'><strong>itaque</strong></span> <span class='ocrx_word' id='word_1_592' title='bbox 1118 2009 1212 2032; x_wconf 84' lang='lat' dir='ltr'><strong>secuta</strong></span> <span class='ocrx_word' id='word_1_593' title='bbox 1228 2009 1270 2033; x_wconf 88' lang='lat' dir='ltr'><strong>est</strong></span> <span class='ocrx_word' id='word_1_594' title='bbox 1290 2005 1367 2042; x_wconf 87' lang='lat' dir='ltr'><strong>plaga</strong></span> <span class='ocrx_word' id='word_1_595' title='bbox 1383 2006 1491 2041; x_wconf 84' lang='lat' dir='ltr'><strong>quinta,</strong></span> <span class='ocrx_word' id='word_1_596' title='bbox 1512 2006 1759 2043; x_wconf 81' lang='lat' dir='ltr'><strong>videlicetjumen-</strong></span> 
     </span>
    </p>
   </div>
   <div class='ocr_carea' id='block_1_78' title="bbox 145 2046 920 2084">
    <p class='ocr_par' dir='ltr' id='par_1_78' title="bbox 145 2046 920 2083">
     <span class='ocr_line' id='line_1_78' title="bbox 145 2046 920 2083; baseline -0.001 -8"><span class='ocrx_word' id='word_1_597' title='bbox 145 2048 200 2083; x_wconf 81' lang='grc' dir='ltr'><strong>γάρ</strong></span> <span class='ocrx_word' id='word_1_598' title='bbox 217 2056 285 2082; x_wconf 81' lang='grc' dir='ltr'>φησι</span> <span class='ocrx_word' id='word_1_599' title='bbox 299 2047 367 2082; x_wconf 78' lang='grc' dir='ltr'>πρὸς</span> <span class='ocrx_word' id='word_1_600' title='bbox 381 2046 483 2082; x_wconf 74' lang='grc' dir='ltr'>Φαραὼ</span> <span class='ocrx_word' id='word_1_601' title='bbox 500 2047 516 2073; x_wconf 86' lang='grc' dir='ltr'><strong>ὸ</strong></span> <span class='ocrx_word' id='word_1_602' title='bbox 527 2046 641 2082; x_wconf 77' lang='grc' dir='ltr'><strong>Μωσῆς,</strong></span> <span class='ocrx_word' id='word_1_603' title='bbox 658 2055 669 2073; x_wconf 73' lang='grc' dir='ltr'><strong>ι</strong></span> <span class='ocrx_word' id='word_1_604' title='bbox 689 2047 731 2073; x_wconf 81' lang='grc' dir='ltr'>ὅτι</span> <span class='ocrx_word' id='word_1_605' title='bbox 744 2047 804 2083; x_wconf 84' lang='grc' dir='ltr'>χεὶρ</span> <span class='ocrx_word' id='word_1_606' title='bbox 822 2047 920 2083; x_wconf 66' lang='grc' dir='ltr'>Κυρίου</span> 
     </span>
    </p>
   </div>
   <div class='ocr_carea' id='block_1_79' title="bbox 974 2046 1758 2084">
    <p class='ocr_par' dir='ltr' id='par_1_79' title="bbox 976 2052 1758 2084">
     <span class='ocr_line' id='line_1_79' title="bbox 976 2052 1758 2084; baseline 0.009 -8"><span class='ocrx_word' id='word_1_607' title='bbox 976 2053 1065 2077; x_wconf 88' lang='lat' dir='ltr'><strong>torum</strong></span> <span class='ocrx_word' id='word_1_608' title='bbox 1080 2053 1108 2077; x_wconf 80' lang='lat' dir='ltr'><strong>at</strong></span> <span class='ocrx_word' id='word_1_609' title='bbox 1133 2057 1263 2084; x_wconf 80' lang='lat' dir='ltr'><strong>pecorum</strong></span> <span class='ocrx_word' id='word_1_610' title='bbox 1278 2052 1400 2079; x_wconf 87' lang='lat' dir='ltr'><strong>omnium</strong></span> <span class='ocrx_word' id='word_1_611' title='bbox 1424 2052 1495 2080; x_wconf 79' lang='lat' dir='ltr'><strong>lues.</strong></span> <span class='ocrx_word' id='word_1_612' title='bbox 1521 2052 1566 2080; x_wconf 87' lang='lat' dir='ltr'><strong>Sic</strong></span> <span class='ocrx_word' id='word_1_613' title='bbox 1586 2053 1659 2081; x_wconf 88' lang='lat' dir='ltr'><strong>enim</strong></span> <span class='ocrx_word' id='word_1_614' title='bbox 1675 2062 1758 2083; x_wconf 71' lang='lat' dir='ltr'><strong>sacra:</strong></span> 
     </span>
    </p>
   </div>
   <div class='ocr_carea' id='block_1_80' title="bbox 143 2091 920 2133">
    <p class='ocr_par' dir='ltr' id='par_1_80' title="bbox 143 2091 920 2128">
     <span class='ocr_line' id='line_1_80' title="bbox 143 2091 920 2128; baseline -0.003 -7"><span class='ocrx_word' id='word_1_615' title='bbox 143 2095 221 2122; x_wconf 74' lang='grc' dir='ltr'>ἔσται</span> <span class='ocrx_word' id='word_1_616' title='bbox 237 2095 266 2120; x_wconf 77' lang='grc' dir='ltr'>ὲν</span> <span class='ocrx_word' id='word_1_617' title='bbox 287 2093 354 2120; x_wconf 78' lang='grc' dir='ltr'>πᾶσι</span> <span class='ocrx_word' id='word_1_618' title='bbox 368 2093 425 2124; x_wconf 85' lang='grc' dir='ltr'>τοῖς</span> <span class='ocrx_word' id='word_1_619' title='bbox 437 2091 550 2128; x_wconf 76' lang='grc' dir='ltr'>κτήνεσι</span> <span class='ocrx_word' id='word_1_620' title='bbox 569 2100 627 2126; x_wconf 81' lang='grc' dir='ltr'>σου,</span> <span class='ocrx_word' id='word_1_621' title='bbox 644 2092 691 2119; x_wconf 85' lang='grc' dir='ltr'>καὶ</span> <span class='ocrx_word' id='word_1_622' title='bbox 706 2092 819 2124; x_wconf 78' lang='grc' dir='ltr'>θάνατος</span> <span class='ocrx_word' id='word_1_623' title='bbox 839 2092 920 2126; x_wconf 72' lang='grc' dir='ltr'>μάγας</span> 
     </span>
    </p>
   </div>
   <div class='ocr_carea' id='block_1_81' title="bbox 974 2091 1755 2133">
    <p class='ocr_par' dir='ltr' id='par_1_81' title="bbox 975 2094 1755 2133">
     <span class='ocr_line' id='line_1_81' title="bbox 975 2094 1755 2133; baseline 0.009 -11"><span class='ocrx_word' id='word_1_624' title='bbox 975 2094 1085 2123; x_wconf 67' lang='lat' dir='ltr'><strong>Litterae</strong></span> <span class='ocrx_word' id='word_1_625' title='bbox 1099 2099 1226 2124; x_wconf 82' lang='lat' dir='ltr'><strong>narrant:</strong></span> <span class='ocrx_word' id='word_1_626' title='bbox 1243 2106 1253 2123; x_wconf 71' lang='grc' dir='ltr'>α</span> <span class='ocrx_word' id='word_1_627' title='bbox 1274 2096 1346 2125; x_wconf 80' lang='lat' dir='ltr'><strong>Dixit</strong></span> <span class='ocrx_word' id='word_1_628' title='bbox 1356 2098 1494 2127; x_wconf 80' lang='lat' dir='ltr'><strong>Pharaoni</strong></span> <span class='ocrx_word' id='word_1_629' title='bbox 1512 2099 1611 2133; x_wconf 77' lang='lat' dir='ltr'><strong>Moses,</strong></span> <span class='ocrx_word' id='word_1_630' title='bbox 1628 2101 1667 2128; x_wconf 85' lang='lat' dir='ltr'><strong>En</strong></span> <span class='ocrx_word' id='word_1_631' title='bbox 1696 2109 1755 2129; x_wconf 84' lang='lat' dir='ltr'><strong>ma-</strong></span> 
     </span>
    </p>
   </div>
   <div class='ocr_carea' id='block_1_82' title="bbox 145 2137 920 2180">
    <p class='ocr_par' dir='ltr' id='par_1_82' title="bbox 145 2137 920 2179">
     <span class='ocr_line' id='line_1_82' title="bbox 145 2137 920 2179; baseline 0 -14"><span class='ocrx_word' id='word_1_632' title='bbox 145 2139 260 2179; x_wconf 69' lang='grc' dir='ltr'>σφόδρα.</span> <span class='ocrx_word' id='word_1_633' title='bbox 281 2138 337 2165; x_wconf 78' lang='grc' dir='ltr'>Καὶ</span> <span class='ocrx_word' id='word_1_634' title='bbox 351 2138 464 2172; x_wconf 67' lang='grc' dir='ltr'>εποίησε</span> <span class='ocrx_word' id='word_1_635' title='bbox 488 2137 589 2172; x_wconf 75' lang='grc' dir='ltr'>Κύριος</span> <span class='ocrx_word' id='word_1_636' title='bbox 611 2137 643 2164; x_wconf 77' lang='grc' dir='ltr'>τὸ</span> <span class='ocrx_word' id='word_1_637' title='bbox 667 2138 745 2172; x_wconf 80' lang='grc' dir='ltr'>ῥῆμα</span> <span class='ocrx_word' id='word_1_638' title='bbox 762 2138 861 2170; x_wconf 83' lang='grc' dir='ltr'>τοῦτο,</span> <span class='ocrx_word' id='word_1_639' title='bbox 879 2138 920 2165; x_wconf 46' lang='grc' dir='ltr'>καῖ</span> 
     </span>
    </p>
   </div>
   <div class='ocr_carea' id='block_1_83' title="bbox 974 2137 1756 2180">
    <p class='ocr_par' dir='ltr' id='par_1_83' title="bbox 975 2141 1756 2180">
     <span class='ocr_line' id='line_1_83' title="bbox 975 2141 1756 2180; baseline 0.01 -12"><span class='ocrx_word' id='word_1_640' title='bbox 975 2148 1041 2169; x_wconf 88' lang='lat' dir='ltr'><strong>num</strong></span> <span class='ocrx_word' id='word_1_641' title='bbox 1053 2148 1130 2169; x_wconf 82' lang='lat' dir='ltr'><strong>suam</strong></span> <span class='ocrx_word' id='word_1_642' title='bbox 1150 2141 1280 2170; x_wconf 87' lang='lat' dir='ltr'><strong>Dominus</strong></span> <span class='ocrx_word' id='word_1_643' title='bbox 1292 2143 1319 2171; x_wconf 81' lang='lat' dir='ltr'><strong>in</strong></span> <span class='ocrx_word' id='word_1_644' title='bbox 1336 2145 1427 2172; x_wconf 85' lang='lat' dir='ltr'><strong>omnia</strong></span> <span class='ocrx_word' id='word_1_645' title='bbox 1445 2150 1491 2174; x_wconf 89' lang='lat' dir='ltr'><strong>tua</strong></span> <span class='ocrx_word' id='word_1_646' title='bbox 1505 2146 1628 2180; x_wconf 75' lang='lat' dir='ltr'><strong>iumenta</strong></span> <span class='ocrx_word' id='word_1_647' title='bbox 1652 2147 1691 2176; x_wconf 88' lang='lat' dir='ltr'><strong>sic</strong></span> <span class='ocrx_word' id='word_1_648' title='bbox 1705 2148 1756 2175; x_wconf 89' lang='lat' dir='ltr'><strong>im-</strong></span> 
     </span>
    </p>
   </div>
   <div class='ocr_carea' id='block_1_84' title="bbox 143 2182 926 2219">
    <p class='ocr_par' dir='ltr' id='par_1_84' title="bbox 143 2182 926 2219">
     <span class='ocr_line' id='line_1_84' title="bbox 143 2182 926 2219; baseline -0.001 -8"><span class='ocrx_word' id='word_1_649' title='bbox 143 2184 325 2219; x_wconf 70' lang='grc' dir='ltr'>ιτελεύτησαν</span> <span class='ocrx_word' id='word_1_650' title='bbox 350 2183 439 2210; x_wconf 74' lang='grc' dir='ltr'>πάντα</span> <span class='ocrx_word' id='word_1_651' title='bbox 453 2182 488 2210; x_wconf 85' lang='grc' dir='ltr'>τὰ</span> <span class='ocrx_word' id='word_1_652' title='bbox 510 2183 596 2219; x_wconf 77' lang='grc' dir='ltr'>κτήνη</span> <span class='ocrx_word' id='word_1_653' title='bbox 615 2183 670 2210; x_wconf 87' lang='grc' dir='ltr'><strong>τῶν</strong></span> <span class='ocrx_word' id='word_1_654' title='bbox 683 2183 852 2218; x_wconf 64' lang='grc' dir='ltr'>Αἰγυπτίων,</span> <span class='ocrx_word' id='word_1_655' title='bbox 870 2183 926 2210; x_wconf 75' lang='grc' dir='ltr'>ἀπὸ</span> 
     </span>
    </p>
   </div>
   <div class='ocr_carea' id='block_1_85' title="bbox 141 2228 925 2265">
    <p class='ocr_par' dir='ltr' id='par_1_85' title="bbox 141 2228 925 2265">
     <span class='ocr_line' id='line_1_85' title="bbox 141 2228 925 2265; baseline -0.001 -8"><span class='ocrx_word' id='word_1_656' title='bbox 141 2231 172 2257; x_wconf 70' lang='grc' dir='ltr'>δὲ</span> <span class='ocrx_word' id='word_1_657' title='bbox 197 2230 250 2257; x_wconf 82' lang='grc' dir='ltr'><strong>τῶν</strong></span> <span class='ocrx_word' id='word_1_658' title='bbox 268 2229 374 2265; x_wconf 83' lang='grc' dir='ltr'>κτηνῶν</span> <span class='ocrx_word' id='word_1_659' title='bbox 398 2228 453 2256; x_wconf 84' lang='grc' dir='ltr'><strong>τῶν</strong></span> <span class='ocrx_word' id='word_1_660' title='bbox 467 2228 533 2256; x_wconf 84' lang='grc' dir='ltr'>υίῶν</span> <span class='ocrx_word' id='word_1_661' title='bbox 553 2228 662 2264; x_wconf 78' lang='grc' dir='ltr'>Ἰσραὴλ</span> <span class='ocrx_word' id='word_1_662' title='bbox 676 2229 851 2265; x_wconf 70' lang='grc' dir='ltr'>ἐτελεύτησεν</span> <span class='ocrx_word' id='word_1_663' title='bbox 865 2229 925 2256; x_wconf 82' lang='grc' dir='ltr'>οὐδὲ</span> 
     </span>
    </p>
   </div>
   <div class='ocr_carea' id='block_1_86' title="bbox 143 2274 926 2312">
    <p class='ocr_par' dir='ltr' id='par_1_86' title="bbox 143 2274 926 2312">
     <span class='ocr_line' id='line_1_86' title="bbox 143 2274 926 2312; baseline -0.001 -9"><span class='ocrx_word' id='word_1_664' title='bbox 143 2277 199 2303; x_wconf 74' lang='grc' dir='ltr'><strong>ἓν.)</strong></span> <span class='ocrx_word' id='word_1_665' title='bbox 224 2275 375 2312; x_wconf 80' lang='grc' dir='ltr'>Ὲὸαρύνθη</span> <span class='ocrx_word' id='word_1_666' title='bbox 392 2275 438 2303; x_wconf 78' lang='grc' dir='ltr'>οὖν</span> <span class='ocrx_word' id='word_1_667' title='bbox 450 2275 468 2311; x_wconf 84' lang='grc' dir='ltr'>ἡ</span> <span class='ocrx_word' id='word_1_668' title='bbox 483 2274 582 2310; x_wconf 78' lang='grc' dir='ltr'>καρδία.</span> <span class='ocrx_word' id='word_1_669' title='bbox 607 2275 717 2311; x_wconf 71' lang='grc' dir='ltr'>Φαραὼ,</span> <span class='ocrx_word' id='word_1_670' title='bbox 732 2276 781 2303; x_wconf 73' lang='grc' dir='ltr'>καὶ</span> <span class='ocrx_word' id='word_1_671' title='bbox 794 2275 846 2305; x_wconf 77' lang='grc' dir='ltr'>οὐκ</span> <span class='ocrx_word' id='word_1_672' title='bbox 859 2275 926 2304; x_wconf 72' lang='grc' dir='ltr'><strong>ἀπέ-</strong></span> 
     </span>
    </p>
   </div>
   <div class='ocr_carea' id='block_1_87' title="bbox 144 2321 381 2350">
    <p class='ocr_par' dir='ltr' id='par_1_87' title="bbox 144 2321 381 2350">
     <span class='ocr_line' id='line_1_87' title="bbox 144 2321 381 2350; baseline 0 -1"><span class='ocrx_word' id='word_1_673' title='bbox 144 2321 233 2349; x_wconf 79' lang='grc' dir='ltr'>στειλε</span> <span class='ocrx_word' id='word_1_674' title='bbox 247 2322 294 2349; x_wconf 72' lang='grc' dir='ltr'>τὸν</span> <span class='ocrx_word' id='word_1_675' title='bbox 306 2321 381 2350; x_wconf 76' lang='grc' dir='ltr'>λαόν.</span> 
     </span>
    </p>
   </div>
   <div class='ocr_carea' id='block_1_88' title="bbox 184 2448 926 2491">
    <p class='ocr_par' dir='ltr' id='par_1_88' title="bbox 184 2448 926 2491">
     <span class='ocr_line' id='line_1_88' title="bbox 184 2448 926 2491; baseline 0 -9"><span class='ocrx_word' id='word_1_676' title='bbox 184 2456 272 2491; x_wconf 86' lang='grc' dir='ltr'>Ἐκτη</span> <span class='ocrx_word' id='word_1_677' title='bbox 288 2453 380 2490; x_wconf 76' lang='grc' dir='ltr'>πληγὴ</span> <span class='ocrx_word' id='word_1_678' title='bbox 397 2455 414 2490; x_wconf 85' lang='grc' dir='ltr'><strong>ὴ</strong></span> <span class='ocrx_word' id='word_1_679' title='bbox 433 2455 489 2482; x_wconf 84' lang='grc' dir='ltr'><strong>τῶν</strong></span> <span class='ocrx_word' id='word_1_680' title='bbox 513 2455 665 2490; x_wconf 74' lang='grc' dir='ltr'>φλυκτίδων</span> <span class='ocrx_word' id='word_1_681' title='bbox 689 2454 811 2487; x_wconf 69' lang='grc' dir='ltr'>ἐπίθεσις</span> <span class='ocrx_word' id='word_1_682' title='bbox 822 2456 838 2486; x_wconf 82' lang='grc'><strong>,’</strong></span> <span class='ocrx_word' id='word_1_683' title='bbox 854 2448 926 2483; x_wconf 74' lang='grc' dir='ltr'>καθᾶ</span> 
     </span>
    </p>
   </div>
   <div class='ocr_carea' id='block_1_89' title="bbox 143 2501 925 2537">
    <p class='ocr_par' dir='ltr' id='par_1_89' title="bbox 143 2501 925 2537">
     <span class='ocr_line' id='line_1_89' title="bbox 143 2501 925 2537; baseline 0.001 -9"><span class='ocrx_word' id='word_1_684' title='bbox 143 2509 238 2536; x_wconf 72' lang='grc' dir='ltr'>φησιν’</span> <span class='ocrx_word' id='word_1_685' title='bbox 262 2510 272 2526; x_wconf 74' lang='grc' dir='ltr'><strong>ι</strong></span> <span class='ocrx_word' id='word_1_686' title='bbox 295 2501 425 2535; x_wconf 83' lang='grc' dir='ltr'>Ἐλάλησε</span> <span class='ocrx_word' id='word_1_687' title='bbox 441 2501 543 2536; x_wconf 80' lang='grc' dir='ltr'>Κύριος</span> <span class='ocrx_word' id='word_1_688' title='bbox 572 2501 620 2529; x_wconf 76' lang='grc' dir='ltr'>καὶ</span> <span class='ocrx_word' id='word_1_689' title='bbox 637 2501 717 2528; x_wconf 69' lang='grc' dir='ltr'>ἔλασε</span> <span class='ocrx_word' id='word_1_690' title='bbox 743 2501 846 2537; x_wconf 83' lang='grc' dir='ltr'>Μωσῆς</span> <span class='ocrx_word' id='word_1_691' title='bbox 875 2502 925 2536; x_wconf 85' lang='grc' dir='ltr'>τὴν</span> 
     </span>
    </p>
   </div>
   <div class='ocr_carea' id='block_1_90' title="bbox 941 2186 1762 2229">
    <p class='ocr_par' dir='ltr' id='par_1_90' title="bbox 941 2186 1762 2229">
     <span class='ocr_line' id='line_1_90' title="bbox 941 2186 1762 2229; baseline 0.01 -16"><span class='ocrx_word' id='word_1_692' title='bbox 941 2201 963 2229; x_wconf 75' lang='lat' dir='ltr'><strong>D</strong></span> <span class='ocrx_word' id='word_1_693' title='bbox 976 2186 1078 2220; x_wconf 78' lang='lat' dir='ltr'><strong>mittet,</strong></span> <span class='ocrx_word' id='word_1_694' title='bbox 1093 2187 1230 2223; x_wconf 79' lang='lat' dir='ltr'><strong>utingens</strong></span> <span class='ocrx_word' id='word_1_695' title='bbox 1241 2187 1420 2217; x_wconf 80' lang='lat' dir='ltr'><strong>subsecutum</strong></span> <span class='ocrx_word' id='word_1_696' title='bbox 1437 2191 1473 2218; x_wconf 82' lang='lat' dir='ltr'><strong>sit</strong></span> <span class='ocrx_word' id='word_1_697' title='bbox 1483 2191 1552 2219; x_wconf 87' lang='lat' dir='ltr'><strong>lues.</strong></span> <span class='ocrx_word' id='word_1_698' title='bbox 1568 2191 1698 2227; x_wconf 83' lang='lat' dir='ltr'><strong>Fecitque</strong></span> <span class='ocrx_word' id='word_1_699' title='bbox 1710 2193 1762 2221; x_wconf 85' lang='lat' dir='ltr'><strong>Do-</strong></span> 
     </span>
    </p>
   </div>
   <div class='ocr_carea' id='block_1_91' title="bbox 978 2232 1760 2276">
    <p class='ocr_par' dir='ltr' id='par_1_91' title="bbox 978 2232 1760 2276">
     <span class='ocr_line' id='line_1_91' title="bbox 978 2232 1760 2276; baseline 0.013 -18"><span class='ocrx_word' id='word_1_700' title='bbox 978 2232 1080 2265; x_wconf 90' lang='lat' dir='ltr'><strong>minus,</strong></span> <span class='ocrx_word' id='word_1_701' title='bbox 1093 2232 1165 2268; x_wconf 87' lang='lat' dir='ltr'><strong>quod</strong></span> <span class='ocrx_word' id='word_1_702' title='bbox 1181 2233 1300 2262; x_wconf 88' lang='lat' dir='ltr'><strong>minatus</strong></span> <span class='ocrx_word' id='word_1_703' title='bbox 1318 2241 1387 2269; x_wconf 90' lang='lat' dir='ltr'><strong>erat,</strong></span> <span class='ocrx_word' id='word_1_704' title='bbox 1401 2241 1429 2264; x_wconf 87' lang='lat' dir='ltr'><strong>et</strong></span> <span class='ocrx_word' id='word_1_705' title='bbox 1450 2238 1539 2266; x_wconf 82' lang='lat' dir='ltr'><strong>omnis</strong></span> <span class='ocrx_word' id='word_1_706' title='bbox 1554 2239 1661 2274; x_wconf 79' lang='lat' dir='ltr'><strong>generis</strong></span> <span class='ocrx_word' id='word_1_707' title='bbox 1676 2240 1760 2276; x_wconf 66' lang='lat' dir='ltr'><strong>Egy-</strong></span> 
     </span>
    </p>
   </div>
   <div class='ocr_carea' id='block_1_92' title="bbox 979 2276 1762 2320">
    <p class='ocr_par' dir='ltr' id='par_1_92' title="bbox 979 2276 1762 2320">
     <span class='ocr_line' id='line_1_92' title="bbox 979 2276 1762 2320; baseline 0.014 -18"><span class='ocrx_word' id='word_1_708' title='bbox 979 2276 1099 2312; x_wconf 85' lang='lat' dir='ltr'><strong>ptiorum</strong></span> <span class='ocrx_word' id='word_1_709' title='bbox 1113 2277 1259 2312; x_wconf 89' lang='lat' dir='ltr'><strong>pec0ribus</strong></span> <span class='ocrx_word' id='word_1_710' title='bbox 1283 2279 1408 2312; x_wconf 89' lang='lat' dir='ltr'><strong>mortuis,</strong></span> <span class='ocrx_word' id='word_1_711' title='bbox 1425 2288 1461 2308; x_wconf 88' lang='lat' dir='ltr'><strong>ne</strong></span> <span class='ocrx_word' id='word_1_712' title='bbox 1476 2289 1560 2309; x_wconf 86' lang='lat' dir='ltr'><strong>unum</strong></span> <span class='ocrx_word' id='word_1_713' title='bbox 1583 2283 1693 2318; x_wconf 82' lang='lat' dir='ltr'><strong>quidem</strong></span> <span class='ocrx_word' id='word_1_714' title='bbox 1716 2286 1762 2320; x_wconf 88' lang='lat' dir='ltr'><strong>ju-</strong></span> 
     </span>
    </p>
   </div>
   <div class='ocr_carea' id='block_1_93' title="bbox 979 2321 1760 2360">
    <p class='ocr_par' dir='ltr' id='par_1_93' title="bbox 979 2321 1760 2360">
     <span class='ocr_line' id='line_1_93' title="bbox 979 2321 1760 2360; baseline 0.014 -13"><span class='ocrx_word' id='word_1_715' title='bbox 979 2325 1100 2348; x_wconf 89' lang='lat' dir='ltr'><strong>mentum</strong></span> <span class='ocrx_word' id='word_1_716' title='bbox 1109 2328 1142 2348; x_wconf 89' lang='lat' dir='ltr'><strong>ex</strong></span> <span class='ocrx_word' id='word_1_717' title='bbox 1151 2321 1183 2349; x_wconf 92' lang='lat' dir='ltr'><strong>iis</strong></span> <span class='ocrx_word' id='word_1_718' title='bbox 1190 2330 1251 2357; x_wconf 71' lang='lat' dir='ltr'><strong>quae</strong></span> <span class='ocrx_word' id='word_1_719' title='bbox 1258 2323 1378 2352; x_wconf 83' lang='lat' dir='ltr'><strong>Israelici</strong></span> <span class='ocrx_word' id='word_1_720' title='bbox 1389 2326 1567 2360; x_wconf 87' lang='lat' dir='ltr'><strong>possidebant</strong></span> <span class='ocrx_word' id='word_1_721' title='bbox 1582 2329 1686 2358; x_wconf 85' lang='lat' dir='ltr'><strong>interiit</strong></span> <span class='ocrx_word' id='word_1_722' title='bbox 1701 2331 1733 2358; x_wconf 84' lang='lat'><strong>&quot;.</strong></span> <span class='ocrx_word' id='word_1_723' title='bbox 1750 2341 1760 2358; x_wconf 77' lang='grc' dir='ltr'><strong>ι</strong></span> 
     </span>
    </p>
   </div>
   <div class='ocr_carea' id='block_1_94' title="bbox 980 2365 1762 2410">
    <p class='ocr_par' dir='ltr' id='par_1_94' title="bbox 980 2365 1762 2410">
     <span class='ocr_line' id='line_1_94' title="bbox 980 2365 1762 2410; baseline 0.017 -18"><span class='ocrx_word' id='word_1_724' title='bbox 980 2365 1161 2394; x_wconf 88' lang='lat' dir='ltr'><strong>Nihilominus</strong></span> <span class='ocrx_word' id='word_1_725' title='bbox 1175 2367 1336 2396; x_wconf 82' lang='lat' dir='ltr'><strong>obﬁrmatus</strong></span> <span class='ocrx_word' id='word_1_726' title='bbox 1349 2374 1391 2398; x_wconf 89' lang='lat' dir='ltr'><strong>est</strong></span> <span class='ocrx_word' id='word_1_727' title='bbox 1409 2370 1558 2401; x_wconf 87' lang='lat' dir='ltr'><strong>Pharaonis</strong></span> <span class='ocrx_word' id='word_1_728' title='bbox 1577 2375 1696 2410; x_wconf 87' lang='lat' dir='ltr'><strong>animus,</strong></span> <span class='ocrx_word' id='word_1_729' title='bbox 1711 2385 1762 2405; x_wconf 87' lang='lat' dir='ltr'><strong>nec</strong></span> 
     </span>
    </p>
   </div>
   <div class='ocr_carea' id='block_1_95' title="bbox 977 2413 1472 2452">
    <p class='ocr_par' dir='ltr' id='par_1_95' title="bbox 977 2413 1472 2452">
     <span class='ocr_line' id='line_1_95' title="bbox 977 2413 1472 2452; baseline 0.012 -12"><span class='ocrx_word' id='word_1_730' title='bbox 977 2413 1095 2441; x_wconf 82' lang='lat' dir='ltr'><strong>abeundi</strong></span> <span class='ocrx_word' id='word_1_731' title='bbox 1111 2417 1273 2448; x_wconf 82' lang='lat' dir='ltr'><strong>potestatem</strong></span> <span class='ocrx_word' id='word_1_732' title='bbox 1285 2417 1385 2452; x_wconf 85' lang='lat' dir='ltr'><strong>populo</strong></span> <span class='ocrx_word' id='word_1_733' title='bbox 1397 2417 1472 2446; x_wconf 81' lang='lat' dir='ltr'><strong>fecit.</strong></span> 
     </span>
    </p>
   </div>
   <div class='ocr_carea' id='block_1_96' title="bbox 1013 2458 1762 2504">
    <p class='ocr_par' dir='ltr' id='par_1_96' title="bbox 1013 2458 1762 2504">
     <span class='ocr_line' id='line_1_96' title="bbox 1013 2458 1762 2504; baseline 0.016 -19"><span class='ocrx_word' id='word_1_734' title='bbox 1013 2458 1195 2492; x_wconf 88' lang='lat' dir='ltr'><strong>Quamobrem</strong></span> <span class='ocrx_word' id='word_1_735' title='bbox 1214 2461 1320 2497; x_wconf 86' lang='lat' dir='ltr'><strong>plagam</strong></span> <span class='ocrx_word' id='word_1_736' title='bbox 1348 2463 1418 2492; x_wconf 89' lang='lat' dir='ltr'><strong>Deus</strong></span> <span class='ocrx_word' id='word_1_737' title='bbox 1432 2470 1536 2494; x_wconf 88' lang='lat' dir='ltr'><strong>sextam</strong></span> <span class='ocrx_word' id='word_1_738' title='bbox 1557 2467 1680 2502; x_wconf 87' lang='lat' dir='ltr'><strong>immisit,</strong></span> <span class='ocrx_word' id='word_1_739' title='bbox 1701 2477 1762 2504; x_wconf 65' lang='lat' dir='ltr'><strong>quas</strong></span> 
     </span>
    </p>
   </div>
   <div class='ocr_carea' id='block_1_97' title="bbox 977 2505 1761 2544">
    <p class='ocr_par' dir='ltr' id='par_1_97' title="bbox 977 2505 1761 2544">
     <span class='ocr_line' id='line_1_97' title="bbox 977 2505 1761 2544; baseline 0.017 -14"><span class='ocrx_word' id='word_1_740' title='bbox 977 2505 1147 2540; x_wconf 81' lang='lat' dir='ltr'><strong>pustularum</strong></span> <span class='ocrx_word' id='word_1_741' title='bbox 1162 2510 1221 2534; x_wconf 84' lang='lat' dir='ltr'><strong>erat</strong></span> <span class='ocrx_word' id='word_1_742' title='bbox 1236 2508 1411 2544; x_wconf 83' lang='lat' dir='ltr'><strong>exulceratio,</strong></span> <span class='ocrx_word' id='word_1_743' title='bbox 1432 2511 1503 2539; x_wconf 88' lang='lat' dir='ltr'><strong>sicut</strong></span> <span class='ocrx_word' id='word_1_744' title='bbox 1523 2519 1620 2541; x_wconf 64' lang='lat' dir='ltr'><strong>auctor</strong></span> <span class='ocrx_word' id='word_1_745' title='bbox 1641 2515 1761 2543; x_wconf 72' lang='lat' dir='ltr'><strong>historiae</strong></span> 
     </span>
    </p>
   </div>
   <div class='ocr_carea' id='block_1_98' title="bbox 143 2545 920 2594">
    <p class='ocr_par' dir='ltr' id='par_1_98' title="bbox 143 2545 920 2582">
     <span class='ocr_line' id='line_1_98' title="bbox 143 2545 920 2582; baseline 0 -8"><span class='ocrx_word' id='word_1_746' title='bbox 143 2547 262 2582; x_wconf 78' lang='grc' dir='ltr'>αἰθάλην</span> <span class='ocrx_word' id='word_1_747' title='bbox 277 2546 325 2581; x_wconf 84' lang='grc' dir='ltr'>τῆς</span> <span class='ocrx_word' id='word_1_748' title='bbox 341 2545 456 2581; x_wconf 80' lang='grc' dir='ltr'>καμίνου</span> <span class='ocrx_word' id='word_1_749' title='bbox 482 2547 604 2574; x_wconf 67' lang='grc' dir='ltr'>ἐναντίον</span> <span class='ocrx_word' id='word_1_750' title='bbox 620 2546 732 2582; x_wconf 76' lang='grc' dir='ltr'>Φαραὼ,</span> <span class='ocrx_word' id='word_1_751' title='bbox 755 2548 802 2575; x_wconf 68' lang='grc' dir='ltr'>καὶ</span> <span class='ocrx_word' id='word_1_752' title='bbox 823 2547 920 2575; x_wconf 74' lang='grc' dir='ltr'>ἑπασειι</span> 
     </span>
    </p>
   </div>
   <div class='ocr_carea' id='block_1_99' title="bbox 974 2545 1760 2594">
    <p class='ocr_par' dir='ltr' id='par_1_99' title="bbox 977 2553 1760 2594">
     <span class='ocr_line' id='line_1_99' title="bbox 977 2553 1760 2594; baseline 0.015 -17"><span class='ocrx_word' id='word_1_753' title='bbox 977 2558 1061 2578; x_wconf 69' lang='lat' dir='ltr'><strong>sacrm</strong></span> <span class='ocrx_word' id='word_1_754' title='bbox 1077 2557 1180 2580; x_wconf 88' lang='lat' dir='ltr'><strong>narrat.</strong></span> <span class='ocrx_word' id='word_1_755' title='bbox 1198 2561 1207 2579; x_wconf 76' lang='grc' dir='ltr'><strong>ι</strong></span> <span class='ocrx_word' id='word_1_756' title='bbox 1221 2553 1463 2590; x_wconf 85' lang='lat' dir='ltr'><strong>Quemadmodum,</strong></span> <span class='ocrx_word' id='word_1_757' title='bbox 1476 2558 1564 2594; x_wconf 89' lang='lat' dir='ltr'><strong>inquit</strong></span> <span class='ocrx_word' id='word_1_758' title='bbox 1574 2561 1608 2594; x_wconf 80' lang='lat'><strong>&#39;°,</strong></span> <span class='ocrx_word' id='word_1_759' title='bbox 1631 2560 1760 2588; x_wconf 88' lang='lat' dir='ltr'><strong>Dominus</strong></span> 
     </span>
    </p>
   </div>
   <div class='ocr_carea' id='block_1_100' title="bbox 143 2592 920 2640">
    <p class='ocr_par' dir='ltr' id='par_1_100' title="bbox 143 2592 920 2628">
     <span class='ocr_line' id='line_1_100' title="bbox 143 2592 920 2628; baseline 0 -9"><span class='ocrx_word' id='word_1_760' title='bbox 143 2594 228 2626; x_wconf 73' lang='grc' dir='ltr'>αὐτὴν</span> <span class='ocrx_word' id='word_1_761' title='bbox 240 2594 280 2624; x_wconf 85' lang='grc' dir='ltr'><strong>είς</strong></span> <span class='ocrx_word' id='word_1_762' title='bbox 296 2592 342 2619; x_wconf 79' lang='grc' dir='ltr'><strong>τὸν</strong></span> <span class='ocrx_word' id='word_1_763' title='bbox 356 2593 479 2627; x_wconf 72' lang='grc' dir='ltr'>οὐρανόν.</span> <span class='ocrx_word' id='word_1_764' title='bbox 491 2593 546 2620; x_wconf 68' lang='grc' dir='ltr'><strong>Καὶ</strong></span> <span class='ocrx_word' id='word_1_765' title='bbox 562 2593 671 2627; x_wconf 64' lang='grc' dir='ltr'>ἐγένετο</span> <span class='ocrx_word' id='word_1_766' title='bbox 686 2593 762 2628; x_wconf 75' lang='grc' dir='ltr'>ἕλκη,</span> <span class='ocrx_word' id='word_1_767' title='bbox 782 2593 920 2627; x_wconf 85' lang='grc' dir='ltr'>φλυκτιδες</span> 
     </span>
    </p>
   </div>
   <div class='ocr_carea' id='block_1_101' title="bbox 974 2592 1760 2640">
    <p class='ocr_par' dir='ltr' id='par_1_101' title="bbox 979 2592 1760 2640">
     <span class='ocr_line' id='line_1_101' title="bbox 979 2592 1760 2640; baseline 0.015 -17"><span class='ocrx_word' id='word_1_768' title='bbox 979 2603 1153 2632; x_wconf 58' lang='lat' dir='ltr'><strong>praeceperat,</strong></span> <span class='ocrx_word' id='word_1_769' title='bbox 1170 2600 1288 2635; x_wconf 89' lang='lat' dir='ltr'><strong>sumpsit</strong></span> <span class='ocrx_word' id='word_1_770' title='bbox 1315 2600 1404 2630; x_wconf 84' lang='lat' dir='ltr'><strong>Moses</strong></span> <span class='ocrx_word' id='word_1_771' title='bbox 1427 2592 1546 2633; x_wconf 79' lang='lat' dir='ltr'><strong>favillam</strong></span> <span class='ocrx_word' id='word_1_772' title='bbox 1566 2592 1605 2633; x_wconf 27' lang='lat' dir='ltr'><strong>dei</strong></span> <span class='ocrx_word' id='word_1_773' title='bbox 1621 2607 1735 2634; x_wconf 85' lang='lat' dir='ltr'><strong>calcaria</strong></span> <span class='ocrx_word' id='word_1_774' title='bbox 1752 2628 1760 2640; x_wconf 86' lang='lat'><strong>,</strong></span> 
     </span>
    </p>
   </div>
   <div class='ocr_carea' id='block_1_102' title="bbox 142 2637 920 2686">
    <p class='ocr_par' dir='ltr' id='par_1_102' title="bbox 142 2637 920 2674">
     <span class='ocr_line' id='line_1_102' title="bbox 142 2637 920 2674; baseline 0 -8"><span class='ocrx_word' id='word_1_775' title='bbox 142 2639 304 2671; x_wconf 74' lang='grc' dir='ltr'>ὰναζέουσαι</span> <span class='ocrx_word' id='word_1_776' title='bbox 321 2638 351 2665; x_wconf 77' lang='grc' dir='ltr'>ἐν</span> <span class='ocrx_word' id='word_1_777' title='bbox 367 2647 396 2664; x_wconf 88' lang='grc' dir='ltr'><strong>τε</strong></span> <span class='ocrx_word' id='word_1_778' title='bbox 411 2639 468 2670; x_wconf 87' lang='grc' dir='ltr'>τοϊς</span> <span class='ocrx_word' id='word_1_779' title='bbox 484 2637 640 2673; x_wconf 82' lang='grc' dir='ltr'>ἀνθρώποις</span> <span class='ocrx_word' id='word_1_780' title='bbox 655 2638 703 2665; x_wconf 66' lang='grc' dir='ltr'>καὶ</span> <span class='ocrx_word' id='word_1_781' title='bbox 716 2639 744 2666; x_wconf 81' lang='grc' dir='ltr'>ἐν</span> <span class='ocrx_word' id='word_1_782' title='bbox 759 2639 816 2670; x_wconf 83' lang='grc' dir='ltr'>τοῖς</span> <span class='ocrx_word' id='word_1_783' title='bbox 830 2639 920 2674; x_wconf 81' lang='grc' dir='ltr'>τετρά-</span> 
     </span>
    </p>
   </div>
   <div class='ocr_carea' id='block_1_103' title="bbox 974 2637 1757 2686">
    <p class='ocr_par' dir='ltr' id='par_1_103' title="bbox 977 2637 1757 2686">
     <span class='ocr_line' id='line_1_103' title="bbox 977 2637 1757 2686; baseline 0.013 -17"><span class='ocrx_word' id='word_1_784' title='bbox 977 2647 1118 2677; x_wconf 85' lang='lat' dir='ltr'><strong>spectante</strong></span> <span class='ocrx_word' id='word_1_785' title='bbox 1137 2644 1279 2673; x_wconf 84' lang='lat' dir='ltr'><strong>Pharaone</strong></span> <span class='ocrx_word' id='word_1_786' title='bbox 1293 2665 1301 2678; x_wconf 93' lang='lat'><strong>,</strong></span> <span class='ocrx_word' id='word_1_787' title='bbox 1327 2651 1410 2682; x_wconf 88' lang='lat' dir='ltr'><strong>atque</strong></span> <span class='ocrx_word' id='word_1_788' title='bbox 1425 2648 1499 2677; x_wconf 88' lang='lat' dir='ltr'><strong>illam</strong></span> <span class='ocrx_word' id='word_1_789' title='bbox 1518 2651 1544 2677; x_wconf 92' lang='lat' dir='ltr'><strong>in</strong></span> <span class='ocrx_word' id='word_1_790' title='bbox 1559 2659 1622 2678; x_wconf 85' lang='lat' dir='ltr'><strong>aera</strong></span> <span class='ocrx_word' id='word_1_791' title='bbox 1647 2637 1757 2686; x_wconf 50' lang='lat' dir='ltr'><strong>sparsit;</strong></span> 
     </span>
    </p>
   </div>
   <div class='ocr_carea' id='block_1_104' title="bbox 144 2683 920 2726">
    <p class='ocr_par' dir='ltr' id='par_1_104' title="bbox 144 2683 920 2719">
     <span class='ocr_line' id='line_1_104' title="bbox 144 2683 920 2719; baseline -0.001 -8"><span class='ocrx_word' id='word_1_792' title='bbox 144 2693 218 2718; x_wconf 81' lang='grc' dir='ltr'>ποσι,</span> <span class='ocrx_word' id='word_1_793' title='bbox 231 2686 279 2712; x_wconf 78' lang='grc' dir='ltr'>καὶ</span> <span class='ocrx_word' id='word_1_794' title='bbox 290 2685 340 2710; x_wconf 82' lang='grc' dir='ltr'>οὒκ</span> <span class='ocrx_word' id='word_1_795' title='bbox 353 2683 485 2718; x_wconf 71' lang='grc' dir='ltr'>ἠδύναντο</span> <span class='ocrx_word' id='word_1_796' title='bbox 499 2684 523 2710; x_wconf 83' lang='grc' dir='ltr'>οἱ</span> <span class='ocrx_word' id='word_1_797' title='bbox 540 2684 681 2718; x_wconf 83' lang='grc' dir='ltr'>φαρμακοὶ</span> <span class='ocrx_word' id='word_1_798' title='bbox 696 2684 791 2719; x_wconf 81' lang='grc' dir='ltr'>στῆναι</span> <span class='ocrx_word' id='word_1_799' title='bbox 805 2685 920 2711; x_wconf 70' lang='grc' dir='ltr'>ἐναντίοι</span> 
     </span>
    </p>
   </div>
   <div class='ocr_carea' id='block_1_105' title="bbox 974 2683 1759 2726">
    <p class='ocr_par' dir='ltr' id='par_1_105' title="bbox 977 2683 1759 2726">
     <span class='ocr_line' id='line_1_105' title="bbox 977 2683 1759 2726; baseline 0.013 -12"><span class='ocrx_word' id='word_1_800' title='bbox 977 2687 1046 2715; x_wconf 89' lang='lat' dir='ltr'><strong>Tum</strong></span> <span class='ocrx_word' id='word_1_801' title='bbox 1062 2689 1152 2717; x_wconf 84' lang='lat' dir='ltr'><strong>ulcera</strong></span> <span class='ocrx_word' id='word_1_802' title='bbox 1167 2691 1337 2726; x_wconf 63' lang='lat' dir='ltr'><strong>pustulasque</strong></span> <span class='ocrx_word' id='word_1_803' title='bbox 1359 2693 1496 2723; x_wconf 79' lang='lat' dir='ltr'><strong>ferventes</strong></span> <span class='ocrx_word' id='word_1_804' title='bbox 1510 2697 1637 2724; x_wconf 78' lang='lat' dir='ltr'><strong>exstitere</strong></span> <span class='ocrx_word' id='word_1_805' title='bbox 1652 2683 1706 2724; x_wconf 66' lang='lat' dir='ltr'><strong>tam</strong></span> <span class='ocrx_word' id='word_1_806' title='bbox 1732 2698 1759 2725; x_wconf 92' lang='lat' dir='ltr'><strong>in</strong></span> 
     </span>
    </p>
   </div>
   <div class='ocr_carea' id='block_1_106' title="bbox 143 2729 920 2775">
    <p class='ocr_par' dir='ltr' id='par_1_106' title="bbox 143 2729 920 2767">
     <span class='ocr_line' id='line_1_106' title="bbox 143 2729 920 2767; baseline 0.003 -11"><span class='ocrx_word' id='word_1_807' title='bbox 143 2731 238 2757; x_wconf 81' lang='grc' dir='ltr'><strong>Μωσεῖ</strong></span> <span class='ocrx_word' id='word_1_808' title='bbox 251 2730 296 2757; x_wconf 78' lang='grc' dir='ltr'><strong>διὰ</strong></span> <span class='ocrx_word' id='word_1_809' title='bbox 312 2730 346 2757; x_wconf 81' lang='grc' dir='ltr'>τὰ</span> <span class='ocrx_word' id='word_1_810' title='bbox 372 2730 450 2764; x_wconf 72' lang='grc' dir='ltr'>ἕλκη.</span> <span class='ocrx_word' id='word_1_811' title='bbox 477 2729 543 2757; x_wconf 68' lang='lat' dir='ltr'><strong>Eine</strong></span> <span class='ocrx_word' id='word_1_812' title='bbox 555 2730 583 2757; x_wconf 81' lang='grc' dir='ltr'>δὲ</span> <span class='ocrx_word' id='word_1_813' title='bbox 605 2731 706 2766; x_wconf 81' lang='grc' dir='ltr'>Κύριος</span> <span class='ocrx_word' id='word_1_814' title='bbox 724 2731 792 2766; x_wconf 77' lang='grc' dir='ltr'>πρὸς</span> <span class='ocrx_word' id='word_1_815' title='bbox 809 2732 920 2767; x_wconf 69' lang='grc' dir='ltr'><strong>Μωσῆνε</strong></span> 
     </span>
    </p>
   </div>
   <div class='ocr_carea' id='block_1_107' title="bbox 974 2729 1761 2775">
    <p class='ocr_par' dir='ltr' id='par_1_107' title="bbox 978 2733 1761 2775">
     <span class='ocr_line' id='line_1_107' title="bbox 978 2733 1761 2775; baseline 0.013 -15"><span class='ocrx_word' id='word_1_816' title='bbox 978 2733 1132 2762; x_wconf 84' lang='lat' dir='ltr'><strong>hominibus</strong></span> <span class='ocrx_word' id='word_1_817' title='bbox 1151 2742 1231 2770; x_wconf 87' lang='lat' dir='ltr'><strong>quam</strong></span> <span class='ocrx_word' id='word_1_818' title='bbox 1248 2738 1353 2766; x_wconf 68' lang='lat' dir='ltr'><strong>caeteris</strong></span> <span class='ocrx_word' id='word_1_819' title='bbox 1370 2740 1608 2775; x_wconf 87' lang='lat' dir='ltr'><strong>quadrupedibus,</strong></span> <span class='ocrx_word' id='word_1_820' title='bbox 1632 2741 1702 2769; x_wconf 90' lang='lat' dir='ltr'><strong>adeo</strong></span> <span class='ocrx_word' id='word_1_821' title='bbox 1729 2747 1761 2770; x_wconf 91' lang='lat' dir='ltr'><strong>ut</strong></span> 
     </span>
    </p>
   </div>
   <div class='ocr_carea' id='block_1_108' title="bbox 145 2775 920 2821">
    <p class='ocr_par' dir='ltr' id='par_1_108' title="bbox 145 2775 920 2814">
     <span class='ocr_line' id='line_1_108' title="bbox 145 2775 920 2814; baseline 0.003 -12"><span class='ocrx_word' id='word_1_822' title='bbox 145 2775 292 2811; x_wconf 80' lang='grc' dir='ltr'>Ὄρθρισον</span> <span class='ocrx_word' id='word_1_823' title='bbox 311 2778 342 2803; x_wconf 82' lang='grc' dir='ltr'><strong>τὺ</strong></span> <span class='ocrx_word' id='word_1_824' title='bbox 358 2775 439 2810; x_wconf 76' lang='grc' dir='ltr'>πρωῒ,</span> <span class='ocrx_word' id='word_1_825' title='bbox 459 2776 506 2804; x_wconf 77' lang='grc' dir='ltr'>καὶ</span> <span class='ocrx_word' id='word_1_826' title='bbox 531 2776 591 2803; x_wconf 82' lang='grc' dir='ltr'>εἰπὲ</span> <span class='ocrx_word' id='word_1_827' title='bbox 610 2778 678 2812; x_wconf 75' lang='grc' dir='ltr'>πρὸς</span> <span class='ocrx_word' id='word_1_828' title='bbox 694 2777 805 2812; x_wconf 75' lang='grc' dir='ltr'>Φαραώ³</span> <span class='ocrx_word' id='word_1_829' title='bbox 832 2777 863 2804; x_wconf 76' lang='lat' dir='ltr'><strong>Ei</strong></span> <span class='ocrx_word' id='word_1_830' title='bbox 886 2778 920 2814; x_wconf 70' lang='grc' dir='ltr'>μὴ</span> 
     </span>
    </p>
   </div>
   <div class='ocr_carea' id='block_1_109' title="bbox 974 2775 1759 2821">
    <p class='ocr_par' dir='ltr' id='par_1_109' title="bbox 976 2778 1759 2821">
     <span class='ocr_line' id='line_1_109' title="bbox 976 2778 1759 2821; baseline 0.015 -16"><span class='ocrx_word' id='word_1_831' title='bbox 976 2778 1027 2814; x_wconf 83' lang='lat' dir='ltr'><strong>ipsi</strong></span> <span class='ocrx_word' id='word_1_832' title='bbox 1038 2780 1120 2808; x_wconf 84' lang='lat' dir='ltr'><strong>etiam</strong></span> <span class='ocrx_word' id='word_1_833' title='bbox 1135 2782 1249 2810; x_wconf 83' lang='lat' dir='ltr'><strong>veneﬁci</strong></span> <span class='ocrx_word' id='word_1_834' title='bbox 1261 2784 1377 2819; x_wconf 86' lang='lat' dir='ltr'><strong>amplius</strong></span> <span class='ocrx_word' id='word_1_835' title='bbox 1388 2790 1498 2821; x_wconf 87' lang='lat' dir='ltr'><strong>propter</strong></span> <span class='ocrx_word' id='word_1_836' title='bbox 1507 2786 1598 2815; x_wconf 82' lang='lat' dir='ltr'><strong>ulcera</strong></span> <span class='ocrx_word' id='word_1_837' title='bbox 1607 2788 1759 2817; x_wconf 82' lang='lat' dir='ltr'><strong>consistere</strong></span> 
     </span>
    </p>
   </div>
   <div class='ocr_carea' id='block_1_110' title="bbox 177 2857 920 2896">
    <p class='ocr_par' dir='ltr' id='par_1_110' title="bbox 177 2857 920 2896">
     <span class='ocr_line' id='line_1_110' title="bbox 177 2857 920 2896; baseline 0.007 -10"><span class='ocrx_word' id='word_1_838' title='bbox 177 2858 201 2875; x_wconf 89' lang='grc'><strong>⁸³</strong></span> <span class='ocrx_word' id='word_1_839' title='bbox 215 2857 299 2887; x_wconf 85' lang='lat' dir='ltr'><strong>Exod.</strong></span> <span class='ocrx_word' id='word_1_840' title='bbox 320 2865 381 2891; x_wconf 84' lang='lat' dir='ltr'><strong>vm,</strong></span> <span class='ocrx_word' id='word_1_841' title='bbox 398 2858 439 2887; x_wconf 86' lang='lat' dir='ltr'><strong>to.</strong></span> <span class='ocrx_word' id='word_1_842' title='bbox 457 2858 480 2875; x_wconf 80' lang='lat'><strong>“</strong></span> <span class='ocrx_word' id='word_1_843' title='bbox 494 2859 558 2887; x_wconf 89' lang='lat' dir='ltr'><strong>ibid.</strong></span> <span class='ocrx_word' id='word_1_844' title='bbox 575 2860 618 2888; x_wconf 72' lang='grc'><strong>12.</strong></span> <span class='ocrx_word' id='word_1_845' title='bbox 656 2861 679 2877; x_wconf 80' lang='grc'><strong><em>⁸⁵</em></strong></span> <span class='ocrx_word' id='word_1_846' title='bbox 692 2860 777 2890; x_wconf 81' lang='lat' dir='ltr'><strong>Exod.</strong></span> <span class='ocrx_word' id='word_1_847' title='bbox 792 2870 829 2896; x_wconf 82' lang='lat' dir='ltr'><strong>ix,</strong></span> <span class='ocrx_word' id='word_1_848' title='bbox 845 2863 872 2891; x_wconf 76' lang='grc'><strong>5.</strong></span> <span class='ocrx_word' id='word_1_849' title='bbox 917 2864 920 2880; x_wconf 95' lang='grc'>¹</span> 
     </span>
    </p>
   </div>
   <div class='ocr_carea' id='block_1_111' title="bbox 974 2857 1082 2896">
    <p class='ocr_par' dir='ltr' id='par_1_111' title="bbox 974 2864 1082 2893">
     <span class='ocr_line' id='line_1_111' title="bbox 974 2864 1082 2893; baseline 0.019 -5"><span class='ocrx_word' id='word_1_850' title='bbox 974 2864 1022 2893; x_wconf 67' lang='grc' dir='ltr'><strong>Μ,</strong></span> <span class='ocrx_word' id='word_1_851' title='bbox 1039 2865 1082 2891; x_wconf 82' lang='grc' dir='ltr'>Η.</span> 
     </span>
    </p>
   </div>
  </div>
