1957 3073
119 142 174 173 ⁸297

739 134 1060 173 ANNAIJUMPARS
1080 143 1122 172 11.

1688 139 1739 170 2ϋὸ

121 198 185 225 σθαι
201 197 356 232 δυνάμενοι,
369 196 407 232 τῷ
426 197 527 233 Φαραὼ
540 196 692 231 κατεϐόων,
707 197 750 232 ἔφ’
765 195 787 232 ᾧ
806 199 909 225 καὶτὸν

974 199 1060 230 nedia,
1090 198 1164 225 1111110
1180 202 1291 232 urgente
1316 197 1421 229 morbo,
1451 197 1528 225 liberi
1557 195 1745 232 (Egyptiorum

119 244 185 271 λαὸν
204 243 279 270 ἄκων
299 243 430 270 ἀπέλυσε.

961 244 1206 271 interﬁciebantur.
1235 243 1302 270 Cum
1321 248 1409 270 autem
1435 243 1554 270 diluenlo
1571 243 1744 277 expergisce-

121 295 220 316 rentur
239 293 265 316 et
279 289 456 317 charissimos
486 294 566 317 natos
591 290 740 318 exstinctos
762 289 889 317 viderent
902 309 909 321 ,
930 297 984 317 non
1020 289 1073 324 iam
1107 289 1225 324 amplius
1242 297 1271 317 se
1289 288 1368 324 154
1385 289 1524 316 continere
1539 290 1660 316 valentes
1684 296 1744 315 eum

121 335 286 362 clamoribus
306 334 475 362 Pharaonem
504 336 632 369 adibant;
652 337 750 371 quibus
775 336 820 368 ille
851 339 992 370 permotus
1009 335 1136 369 populum
1156 335 1265 362 tandem
1279 335 1320 361 vel
1340 335 1440 361 invitus
1452 335 1567 362 dimisit.

158 382 232 415 Πλὴν
248 382 295 407 ἐπὶ
308 382 426 414 τούτοις,
444 382 581 417 ἀγαπητὲ,
609 382 646 417 μὴ
663 383 823 415 ἀνθίπασο,
843 382 910 418 μηδὲ

123 427 188 460 λέγε
202 427 243 454 ὃτι
260 427 293 454 Et
312 427 326 453 ό
343 427 409 459 Θεὸς
433 428 578 462 σκληρύνει
601 428 650 463 τὴν
665 428 781 463 καρδίαν
797 428 907 464 Φαραὼ,

124 473 199 504 τίνος
228 473 324 500 ἕνεκεν
351 474 539 509 ἐπιμέμφεται
571 475 645 510 αὐτῷ
675 469 908 510 σκληρυνομένῳξ

125 517 245 544 Γίνωσκε
261 519 315 559 γὰρ
330 519 372 545 ὅτι
383 520 400 554 ἠ
418 520 500 555 ἀνοχὴ
525 520 580 547 τῶν
602 521 745 555 μαστίγων
767 521 843 547 αἰτία
861 521 911 553 τῆς

125 563 281 598 πωρώσεως
295 565 368 600 αὑτῷ
384 565 510 600 γέγονεν,
537 565 575 597 ὠς
598 567 612 592 ό
628 567 713 601 μέγας
733 568 801 602 φησὶ
827 567 911 594 Βασί-

125 608 207 638 λειος.
227 608 295 635 Οὐδὲ
317 609 371 643 γὰρ
386 609 514 636 εἴκουσαν
529 611 579 646 τὴν
603 611 710 638 ἐκείνου
729 611 843 647 καρδίαν
861 612 911 639 λα-

126 653 184 679 ῦὼν
197 653 244 680 καὶ
265 654 431 693 πειθομάνην
444 655 526 682 αὐτοῦ
539 657 595 688 τοῖς
610 657 815 693 προστάγμασι,
843 659 912 693 πρὸς

127 698 158 724 τὸ
174 698 293 733 σκληρὸν
307 686 355 726 καί
369 686 482 733 ἀπειθὲς
497 686 696 736 μετεπλάσατο.
773 686 912 738 μα’κροδυλ

129 744 181 779 μία
194 744 287 771 λοιπὸν
303 746 350 773 ἐπὶ
370 746 452 773 πλόον
468 747 556 773 ἐποίει
579 747 682 783 ταύτην
700 748 910 783 σκληρύνεσθαι.

130 787 204 822 Ὅρα
214 787 269 823 γὰρ
282 788 319 821 ὡς
339 789 449 817 ὲπειδὰν
464 791 567 825 ἐπῆγεν
580 792 624 818 ἐπ’
635 792 717 820 αὑτὸν
732 793 780 824 τὰς
794 793 913 828 πληγὰς,
932 783 952 810 Β

120 833 259 860 ’ἀπολύειν
275 834 321 861 τὸν
333 835 396 862 λαὸν
416 836 611 871 ἐπηγγέλλετο,
625 838 707 873 ἡνίκα
723 839 751 865 δὲ
766 840 842 874 ἠφίει
860 839 914 866 τῶν

132 878 256 912 βασάνων
273 879 365 912 αὑτὸν,
382 881 575 916 ὲσκληρύνετο.
601 883 635 909 '0
659 884 690 918 δὴ
707 885 754 911 καὶ
780 885 795 919 ἡ
818 884 914 920 Γραφὴ

131 924 305 956 σημαίνουσα
324 924 428 960 ἔλεγεν·
447 935 456 952 ι
480 926 553 954 Ἰδὼν
568 928 597 954 δὲ
621 929 721 964 Φαραὼ
743 930 784 957 ὅτι
799 931 915 963 Γέγονεν

130 968 272 1002 ἀνάφυξις,
286 970 403 1005 ἐϐάρυνε
419 972 469 1007 τὴν
478 973 593 1008 καρδίαν
605 975 700 1007 αὑτοῦ1
710 976 757 1002 καὶ
772 977 823 1002 οὐκ
839 976 915 1011 εἰσήέ

132 1022 230 1041 κουσεν
257 1015 358 1046 αὐτῶν.
387 1018 469 1045 Ἀλλὰ
488 1021 536 1046 καὶ
548 1020 631 1047 αὐτοῦ
652 1021 779 1056 λέγοντος
799 1023 916 1050 ἄκουσον

131 1058 180 1085 τοῦ
196 1059 266 1086 Θεοῦ
283 1061 324 1086 ὅτι
339 1061 386 1092 Εἰς
397 1061 463 1088 αὐτὸ
482 1062 560 1090 τοῦτο
574 1065 705 1100 ἑξήγειρά
724 1074 765 1099 σε,
781 1067 854 1097 ὅπως
874 1067 918 1094 ὲν-

132 1103 265 1138 δείξωμαι
284 1105 313 1130 ὲν
331 1106 372 1131 σοὶ
387 1105 436 1141 τὴν
457 1107 573 1142 δύναμιν
592 1117 661 1143 μου,
683 1110 730 1137 καὶ
744 1111 819 1143 ὅπως
841 1113 918 1147 διαγο

133 1148 219 1184 γελθῇ
236 1149 267 1175 τὸ
281 1149 366 1184 δνομά
383 1160 434 1186 μου
450 1154 478 1179 ὲν
497 1154 573 1190 πάσῃ
595 1156 628 1190 τῇ
645 1157 693 1190 γῇ.
713 1156 756 1191 Μὴ
771 1157 835 1191 λέγε
857 1158 916 1184 δια-

130 1195 313 1230 πορούμενος,
327 1196 385 1225 Ἵνα
401 1199 538 1237 γνωρίζῃς
550 1201 602 1236 τὴν
618 1201 732 1237 δύναμιν
756 1211 816 1235 σου,
836 1204 918 1231 κολά-

134 1239 192 1285 ζεις
216 1241 381 1277 ἀνθρωπον;
398 1244 484 1279 ’Δφες
503 1245 584 1277 αὐτὰ,
598 1246 646 1273 καὶ.
663 1248 781 1282 πρόσχες
795 1248 863 1284 τῷδε
880 1249 918 1285 τῷ

135 1284 327 1320 ὑποδείγματι.
343 1288 376 1315 Ἠ
392 1289 502 1325 ἰατρικὴ
516 1291 597 1326 τέχνη
613 1292 751 1327 ὠφέλιμόν
765 1301 791 1320 τι
806 1296 918 1329 ποιῆσαι

136 1332 170 1365 τῇ
191 1332 350 1368 ἀνθρωπίνῃ
374 1335 453 1368 φύσει
480 1338 668 1369 σπουδάζουσα
685 1339 791 1370 ζῶντας
816 1340 920 1376 ἀνθρώ-

140 1383 209 1407 πους
233 1378 374 1413 ἀνέτεμεν.
397 1380 467 1407 Ἀλλ’
489 1379 523 1417 ἦν
540 1383 589 1416 μὲν
606 1384 654 1410 καὶ
675 1384 753 1410 τοῦτο
770 1385 872 1420 ἄδικον,
889 1387 920 1413 τὸ

136 1421 181 1448 διὰ
198 1423 247 1456 τὴν
264 1423 364 1458 ἑτέρων
389 1427 527 1462 σωτηρίαν
544 1428 648 1461 ζῶντας
667 1431 766 1462 ἄλλους
794 1431 918 1460 θύεσθαι.

137 1468 170 1493 Τί
185 1467 230 1494 οὖν
247 1469 355 1496 ἐποίουν
377 1472 403 1498 οί
419 1474 545 1508 ἀρχαῖοι;
567 1475 619 1502 Τὸν
645 1477 846 1512 κατακριθέντα
872 1479 920 1504 Θα-

137 1513 210 1549 νάτῳ
225 1516 372 1544 ὑποπεσεῖν
389 1519 433 1545 διὰ
448 1520 574 1554 λῃστείαν
589 1521 605 1556 ἢ
623 1523 810 1556 φαρμακείαν,
826 1524 920 1550 τοῦτον

137 1560 326 1594 λαμϐάνοντες
341 1564 487 1599 ἀνέτεμνον
503 1566 602 1600 ζῶντα,
618 1567 680 1594 οὗτε
702 1569 859 1601 ἀδικοῦντες
875 1571 921 1597 τὸν

139 1607 321 1642 κολαζόμενον
335 1611 382 1636 καὶ
392 1612 425 1645 τῇ
440 1611 595 1648 ἀνθρωπίνῃ
608 1614 689 1647 φύσει
705 1614 832 1650 βοήθειαν
845 1617 923 1651 ἐφευ-

140 1654 292 1686 ρίσκοντες.
315 1654 475 1690 ’Δνέτεμνον
498 1655 545 1684 οὖν
572 1659 675 1685 ἐκεῖνον
691 1660 796 1694 ζῶντα,
814 1662 858 1687 ἶνα
881 1662 923 1688 ἔτι

140 1698 315 1732 σπαιρόντων
334 1700 388 1726 τῶν
406 1701 569 1737 σπλάγχνων
587 1704 767 1739 καταμάθωσι
785 1706 834 1741 τὴν
848 1707 924 1742 ὲνέρ·

138 1751 229 1774 γειαν.
247 1744 324 1771 Οὕτω
339 1746 388 1781 μὲν
407 1746 453 1774 οὖν
477 1749 525 1775 καὶ
549 1750 564 1775 ὁ
585 1751 777 1785 ἁριστοτέχνης
799 1752 864 1784 Θεὸς
880 1753 922 1780 διὰ

138 1790 187 1815 τοῦ
205 1791 322 1822 ἀνιάτως
347 1793 539 1828 ἡμαρτηκότος
563 1797 663 1831 Φαραὼ
690 1799 789 1831 σημεῖα
817 1799 923 1832 μεγάλα

138 1836 272 1869 δείκνυσι,
285 1837 330 1864 τόν
344 1839 394 1873 μὲν
413 1839 488 1872 ἀξιον
504 1843 641 1876 τιμωρίας
656 1843 788 1877 κολάζων,
806 1845 868 1875 τοὺς
894 1845 922 1871 δὲ

140 1883 214 1917 μετὰ
227 1883 314 1910 ταῦτα
343 1887 502 1920 γενομένους
527 1887 627 1923 ἄριστα
643 1889 922 1924 θεραπεύων,,σωτη-

139 1928 204 1964 ρίας
224 1930 352 1958 ὑπόθεσιν
370 1933 421 1967 τὴν
445 1934 551 1961 ἐκείνου
572 1935 708 1970 τιμωρίαν
726 1936 818 1967 αὐτοῖς
840 1945 925 1972 παρε-

139 1977 268 2021 χόμενος.
283 1979 338 2005 Καὶ
354 1980 418 2014 περὶ
431 1980 482 2014 μὲν
495 1980 599 2008 τούτων
613 1981 711 2014 οὕτως.

995 381 1130 419 Caeterum
1156 381 1218 408 nolo
1230 386 1266 413 te,
1280 381 1378 407 dilecte
1400 382 1446 413 lili,
1474 381 1522 408 hac
1551 381 1576 407 iu
1593 381 1746 408 narratione

961 427 1029 454 mihi
1056 426 1232 461 reiragrando
1248 426 1398 458 adversari,
1416 433 1467 453 nec
1485 426 1644 459 huiusmodi
1671 426 1747 459 qnid-

962 473 1022 500 dam
1038 472 1158 507 obiicere
1173 482 1179 499 :
1197 472 1225 499 Si
1243 472 1311 499 Deus
1326 472 1446 499 animum
1463 471 1611 498 Pharaonis
1627 471 1747 498 obstina-

963 523 1019 546 tum
1032 519 1160 551 reddidit,
1176 518 1352 552 quamobrem
1369 518 1546 552 pertinaciter
1564 522 1591 544 et
1606 518 1748 544 obﬁrmato

962 564 1053 592 animo
1079 564 1131 591 sibi
1165 564 1311 591 reluctanti
1341 563 1494 590 irascitur?
1519 563 1650 590 Nimirum
1678 563 1748 589 scire
1778 590 1783 593 ,

962 610 1046 637 debes
1065 609 1240 637 amictionum
1269 609 1439 637 tolerantiam
1456 609 1539 636 fuisse
1554 617 1663 636 causam
1691 610 1750 635 nni-

962 662 1033 687 cam,
1049 655 1131 682 sicuti
1147 663 1261 690 magnus
1285 655 1329 682 ille
1342 655 1455 682 Basilius
1471 655 1600 689 loquitur.
1617 654 1750 689 quamob-

963 708 1020 728 rem
1037 701 1142 728 Pharao
1168 706 1311 736 tantopere
1340 709 1418 728 suniu
1449 701 1568 727 animum
1593 700 1749 727 obdurarct.

963 745 1034 773 Dens
1049 747 1133 777 enim.
1146 747 1191 781 qui
1210 747 1330 773 anitnnm
1343 747 1401 780 ejus
1417 747 1487 773 haud
1510 746 1652 773 cedentem
1678 746 1751 772 suis-

968 799 1022 827 que
1053 793 1188 820 mandatis
1216 793 1448 827 obtemperantem
1471 792 1630 827 accepissct,
1651 799 1753 825 nequa-

968 846 1048 872 quam
1066 838 1140 866 illttm
1157 839 1189 866 ad
1212 839 1339 865 duritiem
1366 838 1595 872 pertinaciamqne
1614 837 1698 864 tinxit.
1716 837 1752 863 De

968 892 1023 919 quo
1050 884 1180 918 consequi
1205 891 1317 911 necesse
1342 888 1383 911 est
1410 883 1457 910 Βιιὶ
1483 883 1626 910 tolerantia
1653 883 1750 909 factum

969 929 1053 956 fuisse
1077 933 1105 956 ttt
1127 929 1211 964 magis
1226 929 1332 956 animus
1361 929 1445 964 ipsius
1466 928 1668 955 oblirntarctur.
1685 927 1751 954 Nam

969 975 1032 1002 vide
1056 975 1133 1008 mihi,
1160 975 1285 1006 obsecro,
1313 982 1367 1008 quo
1390 979 1470 1010 pacto
1496 983 1541 1001 res
1569 979 1642 1009 gesta
1661 973 1751 1000 fuerit.

969 1020 1080 1053 Quoties
1099 1021 1236 1047 hominem
1249 1020 1447 1047 calamitatibus
1469 1026 1495 1047 ct
1509 1020 1594 1054 plagis
1621 1019 1753 1049 alliceret,

969 1068 1144 1096 dimissurum
1164 1068 1208 1094 ille
1234 1075 1263 1094 se
1289 1067 1418 1102 populum
1436 1067 1624 1101 pollicebatur.
1643 1066 1677 1092 At
1706 1064 1754 1092 ubi

971 1122 986 1141 e
1000 1113 1106 1141 diverso
1118 1114 1198 1140 linem
1213 1112 1347 1146 amigcndi
1366 1112 1490 1143 faciebat,
1509 1112 1670 1139 obstinatior
1687 1119 1754 1139 eva—

971 1159 1061 1186 debat.
1077 1157 1136 1185 Hoc
1151 1158 1272 1185 indicare
1286 1157 1407 1185 volentes
1422 1157 1532 1184 Littera:
1556 1165 1642 1185 sacra:
1666 1159 1756 1186 verbis

973 1204 1127 1239 hujnsmodi
1146 1209 1210 1230 sunt
1238 1211 1312 1230 usae:
1333 1212 1341 1228 ι
1372 1203 1440 1231 Cum
1460 1203 1567 1230 Pharao
1594 1211 1623 1230 se
1640 1207 1714 1230 tanto
1740 1211 1755 1230 e

972 1251 1042 1278 malo
1069 1251 1216 1285 respirasse
1241 1254 1384 1281 cerneret,
1414 1249 1441 1276 in
1459 1249 1649 1276 obﬁrmatioue
1674 1250 1755 1276 animi

971 1297 1087 1332 pristina
1117 1296 1250 1331 perstitit,
1269 1303 1319 1322 nec
1345 1295 1446 1322 Aaroni
1473 1295 1594 1330 Mosiqne
1623 1296 1722 1330 paruit.
1745 1305 1754 1321 1
1779 1314 1782 1317 .

972 1343 1042 1376 Quin
1069 1343 1150 1369 etiam
1176 1350 1238 1370 enin
1270 1343 1353 1369 Deum
1384 1342 1479 1376 ipsum.
1499 1342 1633 1369 dicentem
1661 1342 1755 1369 audis:

977 1399 986 1415 ι
1009 1389 1129 1416 Excitavi
1149 1393 1174 1416 te
1190 1389 1263 1415 illam
1279 1388 1364 1422 ipsam
1381 1389 1416 1415 ob
1435 1396 1557 1421 causam,
1583 1393 1611 1415 ut
1640 1393 1757 1423 potesta_

974 1439 1027 1462 tem
1047 1435 1073 1462 in
1092 1440 1117 1462 te
1143 1443 1230 1462 meam
1247 1435 1382 1462 declarcm
1404 1443 1453 1469 per
1477 1435 1634 1462 universum
1663 1435 1756 1461 orbem

974 1487 1119 1511 terrarum.
1142 1491 1150 1506 1
1183 1481 1234 1508 noli
1252 1481 1343 1508 animo
1365 1481 1476 1516 ancipiti
1500 1489 1532 1508 ac
1558 1481 1699 1508 dubitante
1717 1481 1757 1508 di—

976 1535 1057 1554 cere:
1072 1527 1146 1554 itane
1163 1532 1305 1561 propterea
1326 1527 1406 1561 punis
1422 1527 1571 1557 hominem.
1589 1532 1619 1554 ut
1641 1532 1758 1562 potesta-

977 1578 1031 1600 tem
1046 1577 1117 1599 tuam
1136 1577 1258 1599 testatatu
1277 1572 1377 1600 iacias?
1395 1572 1495 1599 Omitte
1520 1573 1594 1599 ἰδίει-θ
1618 1573 1710 1604 verba,
1731 1580 1758 1600 et

979 1620 1043 1646 huic
1057 1619 1180 1653 exemplo
1206 1620 1325 1645 animum
1350 1619 1471 1645 adverte.
1498 1619 1548 1645 Ars
1571 1620 1673 1646 medica
1689 1628 1757 1646 non—

978 1664 1046 1691 nihil
1077 1663 1216 1690 hominum
1246 1668 1349 1690 naturoc
1379 1663 1503 1689 utilitatis
1529 1662 1627 1690 afferre
1660 1672 1758 1698 magno

976 1709 1065 1737 studio
1080 1709 1172 1736 volens
1196 1709 1271 1736 vivos
1299 1709 1423 1735 homines
1441 1716 1534 1736 secare
1553 1709 1680 1735 instituit.
1704 1708 1757 1735 Ve-

976 1763 1035 1782 rum
1049 1755 1188 1782 enimvero
1201 1755 1371 1789 pcriniquum
1388 1759 1414 1781 et
1431 1755 1609 1782 inhumanum
1623 1760 1682 1782 erat
1692 1755 1759 1782 aiio-

975 1809 1035 1832 rum
1053 1800 1150 1828 salutis
1162 1808 1242 1827 causa
1264 1800 1339 1827 vivos
1354 1800 1422 1826 alios
1440 1801 1564 1827 mactari.
1581 1795 1650 1833 Quid
1677 1801 1759 1835 igitur

977 1847 1100 1874 homines
1112 1847 1148 1873 illi
1166 1847 1246 1881 prisci
1261 1847 1368 1874 tandem
1383 1847 1525 1874 fecerunt?
1538 1847 1672 1874 Nimirum
1684 1855 1759 1873 sum-

977 1892 1028 1928 ptis
1045 1893 1077 1919 iis
1089 1893 1133 1927 qui
1147 1893 1187 1920 vel
1203 1893 1270 1920 alios
1284 1892 1430 1927 depraedati
1451 1893 1565 1920 fuissent
1587 1893 1626 1919 vel
1653 1900 1760 1919 veneno

977 1937 1161 1969 sustulissent.
1175 1945 1206 1964 ac
1222 1943 1364 1972 propterea
1386 1938 1558 1964 comlcmnati
1584 1937 1616 1964 ad
1645 1941 1760 1965 mortem

977 1989 1079 2016 essent,
1095 1983 1171 2011 viros
1197 1985 1335 2011 secabant.
1355 1982 1411 2010 Iloc
1426 1983 1506 2010 modo
1522 1983 1602 2009 [iebat
1627 1987 1656 2010 ut
1673 1989 1760 2017 neque

138 2025 282 2060 puniendo
300 2026 403 2054 homini
417 2028 538 2057 facerent
552 2029 681 2064 iniuriam
714 2034 741 2058 et
769 2035 875 2058 naturae
905 2031 1060 2058 mortalium
1089 2031 1189 2066 aliquid
1208 2031 1357 2066 adiumenti
1374 2031 1535 2066 reperirent.
1557 2030 1651 2069 Itaque
1671 2030 1760 2056 vivum

140 2072 262 2108 aliquem
297 2075 375 2101 talem
409 2076 554 2109 secabant,
579 2082 610 2103 ut
630 2077 780 2104 Visceribts
814 2078 903 2106 adhuc
920 2071 1023 2106 motum
1048 2086 1126 2106 suum
1161 2079 1341 2107 retinentibus
1364 2087 1458 2106 eorum
1480 2078 1636 2106 elicetioncs
1661 2085 1762 2112 cogno-

140 2127 264 2149 scerent.
282 2121 381 2150 Eodem
401 2127 479 2157 pacto
511 2123 582 2150 Deus
600 2124 698 2151 artifex
730 2125 774 2152 ille
808 2125 1052 2160 praestantissimus
1069 2126 1097 2153 in
1131 2125 1274 2159 Pharaone
1298 2126 1484 2154 insanabiliter
1510 2126 1685 2160 delinquente
1702 2132 1762 2158 pro-

139 2170 218 2204 digia
234 2170 356 2204 quaedam
381 2171 498 2205 ingentia
513 2172 579 2204 edit.
605 2177 660 2200 tum
687 2176 716 2199 ut
745 2173 832 2206 ipsum
867 2180 961 2207 ptenas
980 2173 1169 2200 commeritum
1189 2174 1307 2208 puniret,
1325 2178 1380 2201 tum
1405 2178 1434 2200 ut
1450 2173 1563 2207 posteris
1585 2172 1686 2206 optime
1699 2180 1764 2198 con-

139 2216 258 2247 suleret,
269 2216 368 2250 quibus
385 2216 535 2245 Pharaonis
554 2217 716 2252 supplicium
737 2217 812 2252 origo
829 2218 924 2245 salutis
944 2219 1095 2246 exsisteret.
1131 2219 1164 2246 Et
1185 2218 1241 2246 haec
1265 2219 1373 2254 quidem
1398 2219 1424 2245 in
1449 2218 1521 2245 hunc
1553 2218 1662 2244 modum
1680 2217 1765 2251 expli-

139 2268 203 2292 cata
219 2267 310 2290 sunto.

181 2309 261 2337 Μετὰ
275 2310 303 2337 δὲ
315 2309 366 2344 τὴν
376 2309 494 2346 δεκάτην
509 2311 617 2346 πληγὴν
634 2311 729 2338 θύουσι
747 2312 776 2338 τὸ
792 2311 920 2346 πρόϐατα

1017 2311 1082 2340 Post
1109 2312 1242 2340 decimam
1268 2312 1340 2340 hanc
1367 2312 1546 2340 calamitatem
1575 2312 1766 2347 Egyptiorum

138 2359 168 2384 οἰ
190 2357 312 2391 Ἐσραῖοι
327 2357 376 2383 καὶ
392 2357 463 2384 οὕτω
474 2358 524 2391 τῆς
536 2358 674 2392 Αἰγύπτου
693 2358 781 2390 ἐξίασι
796 2359 867 2385 κατὰ
879 2359 928 2393 τὴν

138 2402 449 2437 τεσσαρεσκαιδεκάτην
476 2402 526 2436 τῆς
548 2403 673 2438 σελήνης.
696 2403 755 2436 Ἐφ’
774 2399 795 2436 ᾧ
814 2403 862 2429 καὶ
881 2402 929 2430 νῦν

138 2450 186 2475 ἔτι
199 2450 270 2475 κατὰ
283 2448 313 2474 τὸ
324 2447 384 2479 ἔθος
397 2448 469 2474 οὕτω
480 2447 586 2481 θύουσι,
598 2448 647 2483 τὴν
664 2449 762 2483 ἑορτὴν
775 2448 821 2475 τοῦ
835 2449 930 2482 Πάσχα

137 2493 315 2525 καλοῦντι-ις’
346 2493 476 2529 σημαίνει
506 2493 535 2520 δὲ
563 2494 763 2527 ὑπερϐασίαν.
795 2493 866 2520 Ἀλλ’
891 2493 930 2525 ὡς

146 2540 284 2575 Ἰώσηπός
303 2548 382 2574 φησι,
407 2539 474 2566 διότι
494 2539 556 2566 κατ’
586 2540 695 2574 ἐκείνην
711 2541 760 2574 τὴν
783 2539 903 2574 ἑσπέραν
917 2541 931 2566 ὁ

139 2586 214 2617 Θεὸς
227 2587 318 2612 αὐτῶν
334 2586 457 2619 ὑπερῦὰς
466 2587 627 2619 Αἰγυπτίοις
640 2587 814 2621 ἐναπέσκηψε
826 2586 875 2622 τὴν
890 2586 932 2613 νό-

140 2641 203 2658 σον.
216 2631 367 2666 Φεύγοντες
380 2632 403 2658 δ’
422 2630 469 2659 οὖν
482 2633 506 2658 οἱ
529 2631 662 2666 Ἐὃραῖοι,
686 2633 734 2658 καὶ
751 2631 864 2666 μηδενὸς
879 2632 933 2658 τῶν

140 2679 203 2705 ἀπὸ
213 2678 264 2712 τῆς
276 2678 327 2713 γῆς
341 2678 522 2713 εὐποροῦντες
538 2679 582 2704 διὰ
596 2679 645 2712 τὴν
665 2669 784 2713 ἐρημίαν
805 2686 932 2711 πεφυρα-

143 2725 245 2760 μένοις
256 2725 312 2755 τοῖς
328 2725 452 2760 ἀλεύροις
470 2724 518 2752 καὶ
536 2725 674 2758 πεπηγόσι
696 2724 776 2759 μόνον
794 2724 845 2750 ὑπὸ
864 2723 932 2758 βρα-

139 2770 225 2805 χείας
251 2770 419 2805 θερμότητος
441 2772 495 2802 τοῖς
519 2770 566 2797 ἀπ’
594 2770 685 2796 αὐτῶν
710 2770 804 2804 ἄρτοις
829 2769 934 2804 διετρέο

142 2822 242 2848 (pou-ro.
273 2814 328 2840 Καὶ
342 2814 446 2845 τούτοις
469 2816 516 2841 ἐπὶ
545 2815 691 2849 τριάκοντα
716 2814 834 2849 ἡμέραις
852 2815 937 2849 ἔχρήο

143 2868 183 2887 σα
191 2868 242 2887 ιτα·
261 2860 329 2897 πρὸς
346 2860 455 2888 πλείονα
472 2862 525 2897 γὰρ
546 2862 594 2887 οὐκ
611 2860 764 2895 ἐξήρκεσαν
776 2861 873 2896 κρίνον
889 2861 936 2886 αὐ-

982 2358 1100 2385 lsraelici
1121 2366 1219 2393 agnum
1236 2363 1367 2392 mactant,
1396 2363 1477 2393 atque
1493 2358 1530 2384 ita
1548 2358 1655 2385 demum
1685 2365 1766 2385 exce—

983 2404 1051 2431 dunt
1064 2402 1189 2439 Egypto,
1200 2404 1243 2431 die
1255 2404 1357 2431 mensis
1367 2404 1438 2431 illius
1448 2403 1554 2430 decimo
1565 2407 1673 2437 quarto.
1687 2402 1767 2430 Unde

983 2457 1041 2476 mos
1054 2449 1164 2476 inolevit
1178 2454 1204 2476 nl
1217 2450 1298 2477 etiam
1315 2457 1388 2476 nunc
1410 2456 1508 2484 agnum
1528 2449 1564 2475 ita
1581 2453 1711 2478 macteut,
1736 2455 1768 2474 ac

984 2495 1081 2523 festum
1110 2495 1188 2531 155
1214 2496 1278 2522 illud
1303 2496 1405 2523 Pascha
1435 2499 1614 2528 nuncupant,
1640 2502 1699 2528 qua:
1715 2501 1768 2520 vox

984 2542 1126 2568 transitum
1142 2541 1285 2576 signiﬁcat.
1302 2540 1373 2574 quod
1391 2539 1529 2570 uitnirum,
1543 2537 1661 2572 Josepho
1689 2541 1767 2567 teste,

982 2586 1053 2613 Dens
1080 2586 1126 2613 illo
1153 2593 1267 2620 vespere
1295 2584 1429 2612 transiens
1455 2583 1595 2610 lsraelieos
1621 2580 1721 2607 caldum
1740 2579 1767 2605 in

983 2631 1124 2667 Egyptios
1148 2631 1301 2658 itutniserit.
1329 2629 1397 2657 Hine
1421 2629 1510 2665 fugam
1526 2628 1690 2663 arripientes
1713 2625 1769 2652 lle-

983 2672 1133 2710 bram-cum
1147 2681 1225 2703 terrae
1239 2677 1376 2704 fructuum
1391 2675 1495 2710 copiam
1512 2674 1612 2700 nullam
1626 2672 1768 2703 haberent,

983 2723 1054 2759 quod
1073 2727 1163 2750 essent
1175 2722 1218 2750 illa
1230 2724 1288 2751 loca
1314 2723 1430 2754 deserta,
1447 2721 1543 2748 saltem
1560 2718 1676 2754 panibus
1689 2716 1768 2743 vieti—

985 2771 1088 2802 tabant,
1104 2769 1151 2804 qui
1166 2770 1199 2797 de
1219 2769 1305 2796 farina
1319 2769 1417 2796 leviter
1431 2767 1542 2794 subacta
1559 2768 1586 2792 et
1612 2763 1710 2799 exiguo
1724 2769 1770 2788 ca-

985 2815 1042 2842 lore
1055 2819 1178 2850 percoeta
1193 2814 1255 2842 facti
1270 2818 1372 2841 essent.
1389 2812 1435 2838 llis
1456 2811 1489 2838 ad
1505 2810 1670 2837 tricesimum
1686 2815 1772 2842 usque

986 2861 1056 2887 diem
1078 2865 1140 2888 sunt
1156 2860 1209 2893 usi,
1226 2868 1279 2886 non
1295 2858 1491 2886 sullicicntibus
1521 2857 1553 2884 ad
1569 2857 1676 2892 longius
1703 2860 1773 2882 tctu-
