1957 3073
205 145 260 178 2Ἰ9

835 148 1045 180 ΜΙΟΗΑΕΙΛΞ
1064 148 1195 181 GLYCE

1771 148 1828 180 300

206 204 282 235 poris
301 203 416 238 spatium
438 202 534 230 farinis
546 210 615 238 quas
632 210 663 231 ex
677 203 792 239 Egypto
813 210 904 232 secum
920 208 991 232 attu-

1047 205 1100 237 τοῖς
1115 205 1165 232 ὅσα
1182 205 1214 232 ἐκ
1229 205 1279 240 τῆς
1295 204 1629 240 Διγύπτοιδιπεφέροντο.
1645 202 1701 230 Καὶ
1721 201 1755 229 τὰ
1774 202 1828 238 μὲν

205 247 304 275 lerant.
320 247 382 274 llaec
396 255 411 274 a
426 247 546 282 Joseplto
558 247 595 275 sic
611 249 748 276 memoriae
762 249 866 283 prodita
879 254 953 277 sunt.

243 293 356 328 Magnus
371 297 463 321 autem
487 293 603 321 Basilius
627 299 720 322 noster
737 295 891 330 hujusmodi
917 303 990 331 quat-

207 341 268 368 dam
283 341 317 367 de
328 339 401 367 lilose
416 340 527 375 adjecit.
542 340 591 369 llic
610 340 654 369 ille
671 340 722 368 fuit
737 349 817 376 quem
841 342 913 370 Deus
931 342 990 378 ipse

207 386 304 414 scitum
329 394 361 413 ac
384 386 536 422 elegantem
559 394 618 415 esse
634 387 809 422 praedicavit,
829 388 911 416 etiam
932 394 989 417 tum

207 439 269 459 cum
290 430 382 459 adhuc
401 439 546 459 mammam
561 437 686 466 augeret;
702 441 782 468 quem
799 432 852 461 ﬁlia
870 433 990 462 Pharao-

207 477 250 504 nis
268 477 418 512 adoptavit.
435 483 530 512 quem‘
547 478 622 512 regio
634 485 708 506 more
736 478 878 512 educavit,
894 482 991 515 praefe-

207 523 259 550 ctis
271 524 295 551 ei
312 523 482 558 sapientibus
495 523 683 559 Egyptiorum
699 525 847 561 magistris,
862 533 876 553 a
890 526 990 561 quibus

207 569 377 602 erudiretur;
393 569 438 604 qui
455 570 606 605 tyrannidis
627 571 757 606 regnique
771 571 870 600 fastum
893 580 990 608 asper-

144 629 156 638 ι
207 619 288 642 natus
305 620 332 641 et
357 615 391 642 ad
419 615 601 643 humilitatem
627 624 683 644 sua:
704 617 822 646 nationis
847 617 990 647 hominum

209 666 336 687 reversus
350 667 402 686 una
418 667 479 687 cum
494 660 540 687 Dei
565 662 666 696 populo
685 663 814 691 arumnis
825 665 918 692 vexari
931 673 989 692 ma-

208 704 280 735 luit;
297 705 342 739 qui
360 706 394 732 ab
410 705 443 733 iis
463 707 566 741 eiectus
582 707 609 734 in
621 707 746 735 exsilium
759 708 793 736 de
807 710 906 744 quibus
922 710 991 738 bene

209 751 377 784 merebatur,
396 751 423 778 in
444 751 612 787 Ethiopian)
633 753 768 788 pervenit,
780 754 872 789 ibique
886 763 901 783 a
921 763 991 784 cun-

209 796 261 824 ctis
275 796 358 824 rebus
375 797 436 824 aliis
449 797 553 825 otiosus
570 806 602 825 ac
615 798 684 826 liber
700 798 763 826 totis
782 800 862 828 annis
875 801 992 835 quadra-

209 842 283 877 ginta
298 843 520 878 contemplationi
538 844 657 872 universi
676 845 756 880 hujus
776 845 895 874 intentus
907 854 990 874 vaea-

209 889 268 921 vit;
294 889 338 922 qui
369 897 472 917 annum
501 890 557 925 jam
586 891 782 926 octogesimum
802 899 885 928 agens
904 893 990 922 Deum

209 934 361 967 conspexit,
379 938 516 968 quatenus
534 935 637 963 homini
655 935 738 963 Deum
759 936 860 964 intueri
881 937 923 965 l'as
938 942 989 971 est,

208 979 251 1006 vel
276 979 366 1013 potius
397 987 429 1007 eo
453 984 532 1015 pacto
567 989 620 1015 quo
645 982 748 1008 nemini
782 982 923 1010 hominum
949 984 991 1011 vi-

208 1024 273 1052 dere
289 1024 373 1052 Deum
395 1024 525 1060 contigit,
545 1025 630 1061 ipsius
650 1027 730 1054 etiam
754 1027 800 1054 Dei
816 1027 990 1062 testimonio,

209 1071 255 1106 qui
273 1071 341 1097 dixit
359 1079 365 1097 :
385 1079 394 1096 ι
423 1070 451 1097 Si
468 1071 529 1105 quis
552 1071 606 1098 erit
621 1077 740 1099 vestrum
759 1073 865 1100 Domini
893 1079 970 1101 vates
982 1094 991 1108 ,

209 1116 248 1143 illi
266 1123 316 1152 ego
330 1124 378 1151 per
401 1116 457 1143 visa
478 1121 558 1144 notus
577 1117 638 1143 ﬁant
663 1121 691 1144 et
707 1117 733 1144 in
762 1118 865 1146 somnis
882 1125 944 1146 cum
959 1125 992 1147 eo

209 1163 317 1198 loquar.
340 1163 376 1190 At
400 1170 461 1189 cum
480 1162 553 1191 Mose
582 1171 643 1190 meo
667 1171 720 1191 non
745 1164 821 1197 item,
848 1165 891 1192 cui
908 1165 992 1194 totius

209 1217 278 1236 mea:
308 1209 406 1236 domus
434 1208 500 1236 ﬁdes
530 1209 669 1246 habetur:
688 1210 754 1244 quin
780 1218 842 1237 eum
873 1218 993 1246 praesens

210 1260 373 1290 pra-sentem
399 1253 514 1287 aﬁ‘abor,
530 1262 678 1290 coramque
698 1263 741 1282 me
757 1255 802 1283 ille
817 1263 922 1290 cernet,
939 1265 993 1287 non

209 1308 259 1335 per
279 1301 421 1335 :enigmata
438 1299 472 1327 ⁸⁸.
495 1309 504 1326 ι
522 1299 677 1327 Secundum
696 1301 754 1328 haec
768 1301 837 1328 idem
854 1301 942 1330 Moses
959 1302 993 1330 ad

210 1346 381 1374 Pharaonem
397 1345 548 1381 ablegatur,
563 1351 593 1373 ιιι
609 1354 641 1373 ex
653 1346 769 1382 Egypto
785 1347 913 1382 populum
927 1348 991 1375 edu-

211 1397 297 1419 ceret.
327 1391 358 1419 ltt
383 1391 529 1427 Egyptum
557 1392 640 1426 igitur
665 1392 709 1419 ubi
739 1393 869 1426 venisset,
898 1393 994 1421 eodem

212 1445 327 1465 uxorem
354 1444 462 1472 quaque
491 1445 553 1465 cum
579 1438 672 1465 liberis
692 1439 840 1465 transtulit.
868 1431 995 1467 Obltanc

212 1491 325 1511 causam
351 1483 377 1510 ei
394 1491 424 1511 se
451 1483 563 1519 angelus
579 1483 660 1511 oﬁ'crt
682 1488 815 1511 terrorem
845 1485 993 1513 incutiens.

1040 250 1087 277 τοῦ
1111 251 1243 286 Ἰωσήπου
1261 251 1386 280 τοιαῦτα.

1081 297 1110 324 '0
1126 297 1154 324 δὲ
1170 297 1256 332 μέγας
1270 297 1410 329 Bestiam;
1424 298 1471 325 καὶ
1483 296 1547 324 τάδε
1563 295 1627 331 περὶ
1639 294 1687 321 τοῦ
1701 293 1829 324 Μωσέως

1040 343 1123 378 φησὶν
1134 361 1141 372 .
1157 343 1199 369 ὅτι
1215 339 1292 375 οὗτός
1309 343 1383 370 ἔστιν
1397 343 1412 369 6
1429 341 1615 377 μαρτυρηθεὶς
1630 340 1738 370 ἀστεῖος
1753 336 1828 365 εἶναι

1040 388 1116 424 παρὰ
1130 387 1190 423 Θεῷ
1203 388 1243 415 ἔτι
1258 387 1408 423 ὑπομάζιος
1422 387 1460 414 ὢν
1472 394 1479 402 ·
1494 387 1524 413 ὃν
1536 386 1728 420 εισιποιήσατο
1744 384 1794 419 μὲν
1809 383 1829 416 ἠ

1041 432 1165 468 θυγάτηρ
1186 433 1297 469 Φαραώ,
1319 431 1448 468 ἐξέθρεψε
1468 431 1497 458 δὲ
1517 429 1677 467 βασιλικῶς.
1697 428 1762 459 τοὺς
1782 434 1830 454 σο-

1040 479 1108 513 φοὺς
1124 478 1178 506 τῶν
1193 479 1352 512 Αἰγυπτίων
1366 477 1543 508 διδασκάλους
1560 475 1634 511 αὑτῷ
1650 475 1699 509 τῆς
1716 473 1829 500 παιδεύ-

1041 533 1110 557 σεως
1122 525 1294 559 ἑπιστήσασα
1305 533 1311 540 ·
1325 525 1354 556 ὃς
1366 524 1413 551 τὸν
1425 524 1507 559 ὀγκον
1518 522 1566 558 τῆς
1577 520 1734 566 τυραννίδος
1748 519 1829 566 μιοή-

1041 579 1103 604 σας,
1114 571 1161 598 καὶ
1172 571 1241 606 πρὸς
1251 571 1282 598 τδ
1291 571 1419 598 ταπεινὸν
1429 570 1484 598 τῶν
1495 568 1640 604 ὁμοφύλων
1650 565 1828 602 ἀναδραμὼν,

1040 617 1127 644 εῐλετο
1144 617 1391 652 συγκακουχεῖσθαι
1406 616 1446 651 τῷ
1462 615 1519 650 λαῷ
1535 615 1582 641 τοῦ
1599 613 1668 641 Θεοῦ
1679 621 1686 628 ·
1703 613 1719 639 ὸ
1736 620 1829 646 φυγα-

1040 663 1145 696 δευθεὶς
1167 663 1245 698 παρὰ
1268 663 1323 690 τῶν
1345 662 1590 698 εὐεργετηθέντων,
1616 659 1764 687 κάντεῦθεν
1786 658 1829 689 εις

1040 709 1089 745 τὴν
1104 709 1248 737 Αἰθιοπίαν
1262 708 1424 737 καταλαϐὼν
1433 729 1441 741 ,
1457 709 1539 735 κὰκιῐ
1554 708 1646 734 «aut;
1659 705 1760 741 σχολὴν
1772 703 1830 730 ἀπὺ

1041 756 1095 783 τῶν
1114 755 1202 783 ἄλλων
1221 756 1296 790 ἄγων
1315 757 1364 783 ’καὶ
1384 756 1413 782 ὲν
1433 754 1642 790 τεσσαράκοντα
1662 752 1734 782 not;
1754 749 1831 777 ἔτεσι

1040 804 1074 838 τῇ
1091 802 1192 838 θεωρῑᾳ
1207 801 1260 829 Ιτῶν
1274 801 1359 829 ὄντων
1375 801 1568 836 summa;
1580 807 1587 816 '
1603 798 1633 831 ὃς
1649 796 1832 833 ὀγδοηκοστὸν

1005 871 1027 899 Β
1041 848 1092 883 ἤδη
1111 847 1232 882 γεγονὼς
1250 847 1310 878 ἔτος
1329 845 1384 899 alas
1404 846 1532 899 ebvffbV
1551 846 1590 897 6-):
1763 842 1832 899 Eﬁegv

1041 893 1171 927 δυνατὸν,
1195 893 1295 928 μᾶλλον
1314 893 1344 920 δὲ
1367 892 1405 924 ὡς
1429 892 1517 923 οὐδεὶς
1539 890 1593 918 τῶν
1615 889 1702 917 ἀλλων
1724 886 1832 921 ὑπῆρξε

1041 937 1111 965 κατὰ
1123 937 1171 973 τὴν
1186 937 1339 973 μαρτυρίαν
1350 937 1433 964 αὑτοῦ
1445 936 1492 963 τοῦ
1499 935 1581 969 Θεοῦ,
1593 936 1634 963 ὃτι
1651 943 1661 960 ι
1672 933 1737 961 Ἐὰν
1749 933 1832 966 γένη-

1040 993 1085 1012 ut
1107 984 1250 1019 προφήτης
1271 983 1348 1018 ὑμῶν
1371 982 1409 1018 τῷ
1426 983 1538 1017 Κυρίῳ,
1561 982 1591 1008 ὲν
1613 981 1734 1015 ὁράματι
1755 977 1831 1012 αὺτῷ

1042 1030 1235 1065 γνωσθήσομαι
1250 1030 1298 1057 καὶ
1312 1030 1342 1056 ὲν
1356 1028 1433 1064 ὕπνῳ
1448 1029 1558 1063 λαλήσω
1572 1026 1647 1062 αὐτῷ
1657 1047 1665 1060 ,
1678 1026 1727 1060 οὐχ
1741 1024 1831 1055 οὕτως

1041 1075 1079 1107 ὡς
1089 1076 1104 1102 ὁ
1117 1075 1244 1110 θεράπων
1257 1084 1308 1110 μου
1320 1075 1423 1110 Μωσῆς
1434 1075 1464 1102 ιν
1475 1074 1530 1109 δλῳ
1540 1073 1579 1109 τῷ
1590 1073 1658 1107 οῐκῳ
1672 1079 1723 1108 μου
1736 1070 1833 1102 πιστός

1042 1123 1119 1155 ἔστι,
1135 1122 1222 1158 στόμα
1236 1122 1308 1150 κατὰ
1324 1122 1412 1157 στόμα
1426 1121 1537 1156 λαλήσω
1552 1119 1626 1154 αὐτῷ
1636 1138 1644 1150 ,
1659 1119 1688 1145 ὲν
1702 1117 1767 1144 εῖδει
1782 1115 1833 1142 καὶ

1042 1169 1076 1196 δι’
1087 1169 1265 1202 αἰνιγμάτων.
1282 1177 1292 1194 ι
1311 1168 1366 1195 Καὶ
1381 1168 1450 1201 μετὰ
1463 1167 1551 1193 ταῦτα
1565 1165 1635 1200 πρὸς
1648 1162 1749 1198 Φαραὼ
1761 1162 1834 1188 ἁπο-

1044 1213 1182 1240 στέλλεται
1196 1213 1276 1249 χάριν
1288 1213 1336 1240 τοῦ
1351 1212 1457 1239 ὲκεῐθεν
1471 1211 1615 1246 ἐξαγαγεῖν
1627 1209 1674 1236 τδν
1687 1207 1762 1234 λαόν.
1775 1207 1833 1233 Πα-

1044 1259 1225 1294 ραγενόμενος
1249 1256 1296 1286 οὖν
1317 1258 1358 1290 εις
1379 1258 1518 1292 Αιγυπτον
1539 1256 1620 1283 ιλαδι
1640 1254 1691 1290 τὴν
1712 1253 1834 1288 γυνατκα

1044 1305 1092 1332 καὶ
1106 1304 1140 1331 τὰ
1158 1304 1252 1332 παιδία
1268 1303 1351 1331 αὑτοῦ
1361 1323 1369 1336 .
1388 1304 1436 1330 καὶ
1452 1303 1572 1338 ιῑσῆλθι.
1590 1301 1637 1328 Διδ
1651 1300 1700 1327 καὶ
1716 1298 1833 1333 ἄγγελος

1045 1351 1169 1386 φαίνεται
1189 1350 1281 1385 φοϐῶν
1297 1350 1379 1377 αὐτόν
1391 1357 1399 1366 ο
1416 1350 1446 1376 οὐ
1468 1349 1521 1384 γὰρ
1540 1348 1649 1382 οἰκῆσαι
1670 1346 1728 1372 ἐκεῖ
1746 1345 1836 1378 ἑπάμ-

1045 1404 1128 1427 πετο,
1142 1394 1203 1423 ’ἀλλ’
1217 1394 1362 1429 ἐξαγαγεῖν
1378 1394 1425 1421 τὸν
1444 1393 1562 1428 Ἰσραήλ.
1577 1392 1667 1426 Ὀπιρ
1685 1390 1732 1417 καὶ
1750 1387 1835 1420 αὐτὸς

1046 1440 1158 1468 συνιδὼν
1170 1440 1266 1475 ἀφίησι
1279 1440 1329 1475 τὴν
1343 1440 1469 1474 γυναῖκα.
1484 1438 1539 1466 Καὶ
1553 1436 1632 1472 δῆλον
1645 1436 1676 1462 ἑκ
1687 1433 1736 1461 τοῦ
1748 1433 1835 1468 ἰοθδρ

1046 1486 1116 1520 μετὰ
1132 1486 1181 1520 τῆς
1200 1485 1330 1520 γυναικὸς
1350 1484 1433 1511 αὗτοῢ
1455 1483 1609 1518 ὑπαντῆσαι
1630 1481 1704 1515 αὐτῷ
1723 1480 1836 1515 ἐξερχο-

210 1527 270 1557 Non
288 1530 359 1556 enim
374 1529 439 1556 illuc
451 1534 594 1564 propterea
615 1529 780 1562 mittebatur,
799 1534 829 1557 ut
841 1529 901 1557 istic
914 1530 993 1558 habi-

1047 1532 1128 1568 μένῳ.
1145 1532 1198 1559 Τὸν
1216 1531 1310 1567 μέντοι
1329 1530 1429 1566 Φαραὼ
1449 1530 1487 1566 μὴ
1502 1529 1665 1564 πειθόμενον
1682 1525 1834 1554 ἀποδοῦναι

211 1579 303 1607 taret,
328 1575 376 1602 sed
406 1579 436 1602 ut
459 1574 587 1609 populum
605 1575 745 1602 educeret.
765 1576 823 1608 Qua
850 1583 880 1603 re
901 1583 992 1603 secum

1047 1578 1093 1605 τδν
1105 1578 1170 1605 λαὶιν
1185 1578 1332 1614 ἁφορήτοις
1346 1577 1493 1604 ὑποϐάλλει
1510 1575 1645 1611 μάστιξιν.

211 1621 402 1649 animadversa
423 1628 534 1649 uxorem
550 1621 672 1648 dimittit.
690 1621 747 1649 lloe
763 1622 875 1650 omnino
893 1621 992 1650 factum
1014 1632 1077 1652 esse
1109 1624 1153 1652 vel
1178 1624 1241 1652 inde
1276 1627 1360 1659 patet,
1377 1624 1451 1659 quod
1466 1617 1589 1651 Jotorum
1604 1627 1667 1649 cum
1683 1625 1768 1648 uxore
1783 1618 1837 1647 ob-

212 1668 286 1696 vium
302 1667 419 1701 habuit,
436 1675 497 1695 cum
523 1675 556 1695 ex
582 1667 699 1703 Egypto
737 1669 921 1703 egrederetur.
957 1669 1030 1698 ldettt
1051 1671 1221 1699 Pharaonem
1252 1671 1399 1698 restituere
1423 1669 1478 1698 Deo
1503 1669 1633 1705 populum
1650 1675 1729 1696 suum
1754 1674 1837 1695 recu-

212 1719 318 1743 santem
336 1712 553 1741 intolerabilibus
569 1713 654 1749 plagis
672 1712 766 1741 afﬁcit.

247 1761 303 1789 Cur
315 1766 404 1789 autent
420 1761 556 1796 permisit,
569 1762 692 1793 obsecro,
709 1761 780 1791 Deus
792 1766 821 1789 ut
834 1767 995 1791 excanlores

212 1808 308 1836 eadeut
337 1806 503 1842 perﬁcerent
531 1814 592 1841 qua:
609 1806 697 1834 Moses
712 1808 895 1841 praestiterat?
909 1808 997 1836 Nimio

212 1861 274 1882 rum
289 1853 329 1880 ut”
340 1852 473 1880 mendacii
491 1853 666 1888 veritatisque
679 1853 828 1881 discrimen
845 1853 996 1889 pateﬁeret.

212 1901 281 1927 Nam
295 1904 322 1927 et
338 1899 389 1934 ipsi
407 1899 517 1935 quidem
537 1899 626 1934 virgas
650 1898 678 1926 in
697 1903 839 1934 serpentes
854 1904 1000 1928 converte.

213 1947 290 1979 bant,
306 1953 400 1973 verum
418 1945 492 1981 virga
514 1944 597 1973 Mosis
620 1945 742 1981 ipsorum
761 1946 853 1984 virgas
867 1947 999 1981 deglutie-

213 1991 271 2020 bat.
291 1991 431 2019 Mnlabant
444 1996 472 2019 ct
486 1992 536 2028 ipsi
554 1999 651 2027 aquam
679 1992 706 2018 in
724 1992 898 2027 sanguinem.
918 1992 999 2028 156

213 2038 262 2065 sed
280 2037 450 2064 immutatam
463 2037 548 2065 setnel
565 2041 670 2065 natura:
681 2037 766 2072 priori
781 2038 927 2066 restituere
942 2045 998 2065 non

214 2088 352 2119 poterant.
368 2081 527 2110 Educebant
542 2086 570 2109 et
596 2081 647 2118 ipsi
675 2090 769 2115 ranas,
784 2083 832 2110 sed
846 2084 881 2110 ab
900 2082 997 2111 iisdem

214 2129 285 2156 mdes
303 2128 493 2163 (Egyptiorum
510 2135 655 2163 repurgare
668 2135 723 2154 non
742 2133 878 2162 poterant.
896 2128 996 2155 iisdem

214 2175 330 2204 facultas
348 2178 407 2202 erat
424 2174 566 2210 Egyptios
581 2175 708 2208 vexandi,
726 2175 774 2203 sed
801 2175 913 2203 sedandi
931 2183 996 2210 sup-

214 2221 289 2256 plicii
312 2223 472 2255 potestatem
482 2219 584 2246 nullam
599 2219 746 2247 habebant.
765 2220 836 2253 Quin
849 2221 931 2248 etiam
953 2222 996 2256 ip-

215 2274 308 2295 sorum
324 2273 439 2301 corpora
461 2265 578 2301 pustulis
602 2266 672 2293 Deus
706 2266 791 2301 magis
805 2266 899 2293 alllixit
918 2274 999 2301 quant

215 2313 397 2348 reliquorum,
413 2316 442 2339 ut
458 2311 522 2339 hinc
540 2311 712 2339 manifestum
730 2312 807 2339 ﬁeret
834 2319 889 2339 non
908 2311 997 2339 solum

216 2358 291 2394 ipsos
322 2363 418 2393 pinnas
443 2356 575 2385 divinitus
593 2359 726 2392 irrogalas
740 2357 864 2384 inhibere
882 2365 936 2385 non
952 2365 1003 2392 po-

217 2405 312 2436 tuisse,
329 2404 376 2432 sad
393 2406 476 2432 etiam
488 2412 549 2432 cum
564 2403 670 2432 caeteris
684 2403 779 2431 cadent
793 2403 924 2438 supplicia
939 2410 1003 2438 per—

218 2450 325 2479 tulisse.
348 2451 407 2484 Quo
432 2450 532 2478 factum
559 2454 602 2478 est
630 2454 659 2477 ut
688 2450 763 2477 istam
787 2450 908 2485 prodigia
932 2449 1003 2485 magi

216 2497 311 2525 divino
324 2497 407 2532 digito
421 2496 513 2532 perﬁci
529 2496 692 2524 faterentur.
710 2496 814 2524 ideirco
831 2496 934 2523 nemini
952 2496 1002 2522 mi-

217 2551 278 2571 rum
293 2543 377 2571 videri
391 2543 502 2571 debebit
516 2543 714 2570 Anticltristum
732 2548 856 2576 quoque,
881 2542 927 2569 ubi
951 2542 1003 2569 sci-

217 2590 282 2618 licet
310 2589 471 2621 advenerit,
492 2588 614 2623 prodigia
641 2588 725 2614 multa
742 2592 922 2622 portentaque
941 2587 1002 2614 edi-

218 2639 328 2667 turum;
354 2641 417 2661 nam
434 2638 461 2661 et
478 2633 506 2660 lti
536 2632 618 2667 magi,
641 2631 771 2659 Zanthres
787 2636 868 2666 atque
885 2631 1002 2663 Janncs,

217 2680 308 2716 virgas
317 2679 344 2706 in
355 2685 496 2715 serpentes
507 2682 721 2706 contmutarunt.
730 2677 800 2710 Quin
813 2677 895 2705 etiam
908 2677 1003 2704 Sinton

218 2725 266 2753 ille
277 2733 372 2761 magus
394 2724 484 2752 cﬂ‘ecit
505 2728 534 2751 ut
553 2728 649 2752 statua:
671 2724 852 2751 ambularent.
878 2723 950 2752 Idem
977 2723 1004 2750 itt

220 2770 310 2806 ignem
325 2771 470 2806 prosiliens
486 2779 539 2798 non
555 2775 645 2798 tamen
662 2770 802 2803 urebatur;
819 2769 846 2797 in
864 2778 927 2798 acra
942 2770 1006 2798 sub-

201 2848 204 2880 i
257 2855 282 2870 °°
301 2853 381 2882 Num.
396 2863 445 2888 xtl,
459 2854 485 2882 li.

1079 1763 1134 1792 Καὶ
1150 1763 1177 1790 τι
1196 1763 1228 1798 δή
1250 1771 1316 1790 ποτε
1335 1762 1525 1798 συνεχώρησεν
1540 1762 1555 1789 ὁ
1566 1760 1633 1792 Θεὸς
1649 1761 1704 1793 τοῖς
1723 1768 1837 1795 φαρμα-

1044 1811 1103 1841 κοῖς
1119 1809 1154 1836 τὰ
1169 1809 1239 1836 αὐτὰ
1253 1809 1352 1845 δρᾶσαι
1368 1809 1407 1844 τῷ
1423 1809 1518 1836 Μωσεῖ
1527 1817 1534 1841 ;
1547 1808 1606 1835 Ἰνα
1621 1807 1713 1842 δειχθῇ
1730 1807 1760 1833 τὸ
1776 1806 1837 1833 διά-

1047 1864 1130 1891 φορον
1145 1855 1192 1882 τοῦ
1206 1863 1237 1882 τι
1249 1854 1365 1890 ψεύδους
1381 1855 1428 1881 καὶ
1441 1855 1490 1890 τῆς
1503 1853 1644 1889 ἀληθεξας.
1659 1852 1838 1881 Μετέσαλλον

1048 1902 1104 1937 γὰρ
1116 1902 1163 1929 καὶ
1176 1901 1255 1928 αὐτοὶ
1266 1901 1315 1933 τὰς
1330 1901 1445 1936 ῥάϐδους
1457 1901 1498 1932 εἰς
1512 1899 1600 1934 ὄφεις,
1614 1899 1672 1925 ἀλλ’
1683 1900 1700 1934 ἡ
1714 1898 1838 1930 Μωσέως

1050 1947 1149 1982 ῥάϐδος
1168 1946 1219 1978 τὰς
1239 1946 1351 1972 ἐκείνων
1371 1947 1496 1972 κατέπιε.
1519 1944 1692 1972 Μιτέσαλλον
1714 1944 1838 1970 κάκεῖνοι

1051 1993 1082 2020 τὸ
1097 1993 1168 2028 ὕδωρ
1184 1993 1223 2024 εἰς
1236 1991 1317 2028 αἷμα.
1332 1993 1390 2020 ἀλλ’
1401 1993 1444 2024 εἰς
1464 1991 1515 2028 τὴν
1538 1991 1676 2028 προτέραν
1691 1991 1771 2026 φύσιν
1786 1991 1838 2018 ιπ-

1052 2039 1202 2073 αναγαγεῐν
1215 2039 1245 2066 τδ
1261 2039 1333 2075 ὕδωρ
1347 2040 1398 2066 οὐκ
1413 2033 1535 2074 laxum.
1546 2038 1601 2067 Καὶ
1608 2033 1679 2069 τοῦέ
1686 2037 1839 2074 βατράχους

1050 2085 1195 2121 ἐξήγαγον,
1208 2086 1238 2113 οὐ
1256 2086 1312 2120 μὴν
1326 2086 1373 2113 καὶ
1388 2085 1544 2118 ἀπαλλάξαι
1557 2084 1648 2112 αὐτῶν
1661 2084 1711 2115 τὰς
1723 2083 1778 2110 τῶν
1792 2083 1838 2111 Δί-

1049 2133 1172 2167 γυπτίων
1194 2132 1367 2167 ἠδυνήθησαν
1387 2131 1486 2163 οἰκίας.
1507 2131 1564 2160 Καὶ
1584 2131 1625 2162 εἰς
1650 2129 1701 2166 μὲν
1720 2129 1752 2156 τὸ
1773 2137 1838 2155 παι-

1049 2179 1138 2207 δεύειν
1157 2180 1221 2211 τοὺς
1239 2178 1408 2213 Αἰγυπτιους
1430 2179 1477 2207 καὶ
1498 2178 1554 2210 τοῖς
1574 2177 1731 2213 φαρμακοῖς
1751 2175 1838 2202 ἔνιδι-

1049 2223 1126 2255 δοτο,
1140 2223 1180 2254 εἰς
1195 2222 1225 2249 τὸ
1240 2222 1338 2249 παύειν
1353 2221 1403 2257 τὴν
1416 2221 1552 2257 τιμωρίαν
1566 2222 1670 2249 οὐκέτι.
1686 2220 1796 2248 Μᾶλλον
1809 2219 1838 2247 ὁὶ

1049 2270 1098 2301 τὰς
1114 2269 1261 2303 φλυκτιδας
1276 2269 1324 2295 καὶ
1337 2268 1393 2299 τοῖς
1409 2268 1522 2294 ἐκείνων
1536 2268 1675 2302 ἐπήνεγκε
1692 2266 1835 2300 σώμασιν,

1050 2315 1087 2345 ὡς
1103 2313 1228 2341 ἐντεῦθεν
1243 2314 1322 2348 δῆλον
1338 2313 1375 2345 ὡς
1391 2313 1423 2340 οὐ
1442 2315 1522 2348 μόνον
1538 2313 1647 2348 nix-tv
1661 2313 1691 2340 οὐ
1710 2312 1838 2339 δύνανται

1052 2360 1101 2392 τὰς
1117 2359 1265 2395 θεηλάτους
1279 2360 1380 2394 ὀργὰς,
1395 2359 1465 2385 ἀλλὰ
1480 2358 1529 2385 καὶ
1542 2358 1621 2385 αὐτοὶ
1635 2358 1839 2393 συντιμωροῦν-

1053 2412 1099 2430 ται
1113 2405 1170 2436 τοῖς
1187 2403 1289 2433 ἄλλοις.
1304 2402 1384 2429 Ὅθεν
1400 2406 1447 2429 καὶ
1462 2402 1588 2438 δακτύλῳ
1604 2401 1672 2429 θεοῦ
1687 2402 1721 2428 τὲ
1738 2402 1840 2436 σημεῖα.

1055 2450 1080 2476 οι
1103 2449 1185 2483 μάγοι
1208 2449 1300 2482 ἔλεγον
1320 2448 1454 2482 γίνεσθαι,
1474 2448 1578 2483 Μηδεὶς
1599 2445 1648 2475 οὖν
1666 2445 1838 2481 θαυμαζέτω,

1056 2496 1134 2531 εἴπερ
1151 2494 1236 2521 ἐλθὼν
1251 2495 1265 2521 6
1282 2494 1467 2530 Ἀντὶχριστος
1485 2496 1588 2529 σημεῖα
1605 2494 1715 2528 ποιήσει
1732 2492 1780 2519 καὶ
1794 2493 1839 2519 τέ-

1057 2549 1126 2576 ρατα
1138 2547 1146 2555 ⁸
1165 2541 1212 2567 καὶ
1230 2540 1285 2576 γὰρ
1303 2540 1327 2566 οἱ
1346 2540 1429 2575 μάγοι
1447 2536 1540 2572 οὗτοι,
1559 2539 1574 2566 ὃ
1593 2547 1623 2565 τι
1641 2537 1774 2572 Ζαμὸρῆς
1792 2537 1839 2563 καὶ

1057 2586 1172 2619 Ἰαννῆς.
1194 2586 1244 2618 τὰς
1268 2585 1383 2621 ῥάϐδους
1404 2586 1445 2615 εις
1466 2585 1544 2620 δφεις
1568 2583 1742 2619 μετέεαλλον.
1760 2581 1840 2610 Ἀλλά

1053 2633 1100 2660 καὶ
1119 2633 1210 2668 Σίμων
1230 2634 1243 2659 ὁ
1265 2633 1355 2667 μάγος
1372 2631 1535 2667 ἀνδριάντας
1555 2631 1644 2657 ἐποίει
1666 2629 1837 2665 περιπατεῖ-ι,

1053 2679 1099 2705 καὶ
1117 2679 1156 2710 εἰς
1177 2677 1233 2714 πῦρ
1252 2678 1413 2713 κυλιόμενος
1431 2677 1482 2704 οὐκ
1502 2676 1621 2708 ἐκαίετο,
1643 2675 1691 2703 καὶ
1711 2675 1752 2706 εις
1771 2674 1837 2708 ἀέρα

1054 2723 1166 2756 ἵπτατο,
1182 2723 1230 2749 καὶ
1244 2723 1274 2749 ὲκ
1289 2722 1370 2748 λιθῶν
1386 2722 1485 2756 ἄρτους
1497 2720 1600 2753 ὲποῑει,
1617 2718 1836 2756 μετεμορφοῦτο,

1055 2769 1227 2805 διπρόςωπος
1242 2768 1357 2802 ἐγίνετο,
1374 2768 1413 2800 εὶς
1428 2767 1528 2804 χρυσὸν
1546 2766 1738 2803 μετεϐάλλετο,
1756 2765 1837 2800 θύρας
