1957 3073
226 154 278 186 307

852 153 879 183 Μ
887 152 1066 184 [CHAELIS
1084 152 1215 184 GLYCIE

1790 148 1846 180 308

227 209 316 236 tristis.
333 208 428 236 Vestra
456 207 566 242 quidem
588 208 668 243 159
683 209 804 237 membra
825 208 854 236 in
871 209 922 236 ista
944 208 1009 236 soli-
1024 229 1027 237 ι

1078 204 1099 234 οι
1115 208 1145 233 ὲν
1168 207 1201 242 τῇ
1232 206 1330 242 ἐρήμῳ
1353 205 1559 242 τεσσαράκοντα
1572 203 1630 238 ἐτη,
1647 202 1693 230 καὶ
1713 202 1847 230 άνὺσουσι

224 254 322 281 tudine
334 254 442 281 cadent.
459 253 519 280 Nati
531 258 620 281 autem
634 256 718 282 vestri
733 255 832 290 degent
845 255 871 282 in
883 255 935 282 hac
942 255 1008 282 soli-

228 300 322 326 tudine
350 305 438 326 annos
462 301 650 334 qnadraginta,
661 305 688 328 et
708 301 802 328 tandin
822 306 941 328 vestrum
956 301 1010 328 hoc

228 346 281 373 iter
303 346 448 373 conficient
460 365 467 376 .
486 346 573 373 donec
591 347 712 374 membra
728 351 820 374 vestra
839 347 866 374 in
890 347 1009 375 desertis

184 386 200 399 ¹²
229 391 418 418 absumantur.
445 391 518 424 Quot
542 392 638 419 diebus
660 396 760 420 terram
776 393 949 427 explorastis,
963 394 1010 428 qui

181 443 186 472 ξ
229 436 342 463 omnino
357 437 535 471 quadraginta
548 437 668 470 fur-runt,
690 446 738 472 per
753 439 864 466 totidem
880 446 967 467 annos
977 440 1010 467 ad

230 482 344 508 totidem
362 482 419 509 dies
445 483 544 510 relatos
555 483 651 516 culpas
669 488 774 511 vestras
790 484 870 512 luetis
881 505 888 516 ,
906 489 933 512 et
947 484 1012 519 quid

231 530 271 556 ira
286 538 346 556 mea
363 531 398 557 sit
415 531 594 565 experiamini
607 531 639 558 ".
660 540 669 557 ι
687 526 818 558 Nimirum
837 531 875 558 illi
887 531 1013 566 explora-

232 579 306 602 tores
328 575 399 602 inter
417 575 469 602 alia
487 576 538 603 hoc
550 577 631 603 etiam
643 577 813 611 pervertendi
826 576 918 611 populi
931 584 1013 604 causa

234 621 415 655 protulerant,
428 629 457 649 se
481 621 608 649 familiam
629 621 833 656 Ensquinorum
848 622 876 649 in
899 622 932 650 iis
947 622 1014 650 locis

233 667 335 693 vidisse
347 687 354 697 .
372 667 417 702 qui
434 673 525 695 essent
541 668 665 695 homines
684 675 766 703 supra
785 668 893 695 modum
909 669 1015 703 proceri

233 717 262 739 et
277 713 418 748 gigantes.
434 721 495 740 cum
515 714 614 748 quibus
641 715 693 749 ipsi
720 714 810 742 collati
835 714 947 741 locustae
966 714 1016 742 sibi

232 765 295 785 esse
316 759 365 785 visi
391 759 517 786 fuissent.
538 759 696 787 Attulernnt
717 760 744 787 id
772 760 901 794 temporis
923 767 1017 788 secum

236 807 319 830 tanta:
335 804 442 831 botrum
459 805 654 840 magnitudinis
666 825 674 837 .
698 810 730 833 ut
749 806 873 833 vectibus
898 811 925 834 et
949 805 1018 840 palis

236 849 334 882 gestari
351 856 412 876 eum
432 856 545 877 necesse
570 849 649 877 foret.
665 850 800 878 Cazternm
814 850 966 883 lsraelicos,
983 850 1018 878 ob

236 895 303 922 iram
316 894 436 921 divinam
449 896 607 930 castigatos,
620 900 724 922 tantunt
742 896 768 922 in
784 896 934 924 solitudine
949 901 1017 924 tem-

238 940 314 975 poris
338 941 460 975 erexisse
479 940 595 976 Cyrillns
607 941 688 968 etiam
702 941 791 968 verbis
804 942 877 969 hisee
893 946 1017 976 testatur,

238 986 264 1012 in
282 993 315 1012 eo
345 985 414 1013 libro
439 986 611 1013 exstantibus
630 994 711 1021 quem
739 986 776 1014 De
790 988 925 1021 apiriluah‘
947 988 1020 1015 cultu

239 1031 399 1065 inscripsit:
420 1033 487 1064 Quia
521 1031 629 1059 fremitu
656 1039 706 1059 suo
738 1031 823 1059 Deum
849 1033 1022 1061 olienderunt

240 1077 372 1111 lsraelici,
388 1078 567 1113 quadraginta
593 1087 640 1113 per
664 1079 837 1106 solitudinem
863 1080 941 1107 annis
959 1084 1022 1107 sunt

240 1122 379 1155 obvagati.
406 1123 478 1150 Deus
494 1123 566 1150 enim
588 1123 768 1158 jurejurando
782 1124 902 1151 futurum
925 1125 1024 1152 conﬁr-

241 1169 326 1195 mavit
345 1176 374 1196 se
392 1169 419 1196 in
431 1175 531 1196 terram
549 1169 708 1204 promissam
725 1169 798 1204 ipsos
815 1170 1023 1204 haudquaquam

242 1214 473 1242 introducturum.
491 1214 579 1249 Atque
604 1215 860 1251 ltocjusjurandnm
879 1216 925 1242 Dei
945 1215 1024 1242 Davi—

240 1259 292 1286 des
308 1260 351 1287 his
370 1261 462 1287 verbis
481 1260 608 1294 exposuit
624 1269 631 1288 :
656 1270 665 1287 ‹
688 1260 775 1288 Iratus
788 1261 877 1294 juravi
895 1268 950 1288 non
963 1268 1024 1289 esse

243 1313 331 1332 meam
352 1306 379 1332 in
409 1306 560 1341 requietem
586 1312 766 1341 perventuros
783 1307 815 1333 ⁸⁵.
839 1315 848 1332 ›
872 1306 958 1341 llujus
979 1307 1025 1334 ira

245 1352 380 1378 terminus
405 1356 444 1378 tot
472 1352 551 1379 annis
577 1353 703 1379 definitus
727 1357 785 1378 erat
810 1357 875 1386 quot
897 1353 1026 1387 superius

243 1396 362 1430 expositi
383 1402 465 1430 sunt;
484 1402 566 1432 atque
585 1397 638 1424 illis
651 1389 750 1430 elapsis
764 1397 877 1423 omnino
893 1397 1027 1426 exstincta

244 1447 296 1469 est.
317 1441 386 1469 Tum
400 1443 498 1470 deinde
512 1443 566 1470 nsli
587 1450 681 1478 earnm
699 1442 844 1470 Iordanem
861 1443 1029 1471 transierunt

1058 254 1108 290 τὴν
1120 253 1234 290 πορείαν
1245 254 1332 289 ὑμῶν,
1349 254 1400 285 ἕως
1415 254 1447 280 ἂν
1459 251 1662 280 άναλωθῶσιτὰ
1676 250 1751 277 κῶλα
1766 249 1847 284 ὑμῶν

1059 301 1088 328 ὲν
1104 301 1136 336 τῇ
1156 301 1261 335 ἐρήμῳ,
1284 300 1354 327 κατὰ
1379 299 1424 327 τὸν
1441 297 1632 334 ἀριθμὸντῶν
1650 296 1763 332 ἡμερῶν
1778 296 1848 326 ὅσας

1060 346 1268 381 κατεσκέψασθε
1284 346 1332 382 τὴν
1349 346 1416 382 γῆν,
1434 345 1641 380 τεσσαράκοντα
1659 343 1778 378 ἡμέρας,
1796 340 1848 368 καὶ

1060 393 1200 428 γνώσεσθε
1215 393 1260 419 τδν
1288 393 1374 428 θυμόν
1404 401 1466 427 μου.
1489 401 1498 418 ι
1515 391 1593 419 Μετὰ
1616 389 1671 425 γὰρ
1687 389 1741 415 τῶν
1755 388 1849 416 ἄλλων

1061 439 1109 467 καὶ
1126 439 1206 467 τοῦτο
1229 436 1307 466 εἷπον
1328 438 1368 471 εἰς
1381 437 1548 473 διαστροφὴν
1568 436 1615 464 τοῦ
1630 435 1697 463 λαοῦ
1710 443 1717 451 ·
1734 444 1743 461 ι
1770 433 1850 461 Ἐκεῖ

1061 484 1170 519 εἴδομεν
1183 485 1231 520 τὴν
1243 485 1341 519 γενεὰν
1355 483 1403 511 τοῦ
1425 484 1537 515 Ἔναὰκ,
1548 483 1650 518 ἄνδρας
1660 479 1850 516 ὑπερμήκεις,

1063 531 1205 566 γίγαντας,
1217 528 1255 558 ὧν
1272 531 1387 558 ἐνώπιον
1400 528 1472 566 ἦμεν
1488 530 1555 557 ὡσεὶ
1565 528 1687 564 ἀκρίδες.
1703 536 1712 553 ι
1730 524 1852 561 Ἐφερον

1063 577 1092 604 δὲ
1121 576 1168 604 καὶ
1185 577 1282 612 βότρυν
1300 577 1406 603 ἐκεῖθεν
1431 575 1582 611 ὑπερμήκη
1599 573 1729 601 τοσοῦτον
1753 571 1791 603 ὡς
1805 571 1853 596 ἐπ’

1065 621 1249 656 ἀναφορεῦσιν
1264 622 1346 648 αὐτὸν
1359 620 1554 656 βαστάζεσθαι.
1568 620 1631 646 Ὀτι
1645 618 1673 645 δὲ
1686 616 1854 651 παιδευόμε-

1065 677 1109 700 νος
1124 668 1138 695 ὅ
1157 667 1264 704 Ἰσραὴλ
1278 669 1349 695 κατὰ
1364 667 1440 695 θείαν
1455 667 1540 703 ὀργὴν
1559 664 1688 693 τοσοῦτον
1706 665 1735 691 ὲν
1754 663 1855 698 ἐρήμῳ

1065 714 1204 742 διεϐίϐασε
1221 714 1328 751 καιρὸν,
1341 714 1390 741 καὶ¹
1404 713 1450 740 τοῦ
1466 712 1584 748 μεγάλου
1603 711 1741 747 Κυρίλλου
1755 709 1855 744 λέγον-

1066 770 1112 793 τος
1125 761 1220 788 άκουε.
1244 760 1290 787 ‘Ev
1304 761 1359 794 γὰρ
1376 760 1410 794 τῇ
1422 759 1494 793 Περὶ
1506 758 1561 792 τῆς
1584 758 1619 786 ἐν
1633 757 1783 791 πνεύματι
1799 755 1856 781 1a-

1067 806 1167 841 τρείας
1185 806 1268 840 βίϐλῳ
1280 805 1369 832 ἀὑτοῦ
1380 806 1428 832 καὶ
1440 805 1504 832 τάδε
1519 803 1614 838 φησὶν,
1639 802 1680 830 δτι
1697 799 1855 837 προσκρού-

1070 860 1118 882 σας
1133 852 1146 878 ὁ
1174 850 1283 886 Ἰσραὴλ
1303 849 1522 885 τεσσαρακοστὸν
1549 849 1609 879 ἔτος
1631 847 1770 874 ἐπλανᾶτο
1783 844 1857 872 κατᾶ

1070 897 1119 932 τὴν
1131 897 1251 933 ἔρημον·
1264 898 1338 933 ὅρκῳ
1349 897 1403 932 γὰρ
1423 896 1531 931 ὤμοσεν
1548 896 1562 922 δ
1591 894 1657 925 Θεὸς
1680 892 1717 928 μὴ
1735 891 1858 924 εἰσάξειν

1071 944 1169 975 αὐτοὺς
1185 944 1224 975 εἰς
1241 944 1291 979 τὴν
1310 943 1362 978 γῆν
1376 943 1426 978 τῆς
1446 940 1624 976 ἐπαγγελίας.
1641 940 1698 967 Καὶ
1721 938 1859 966 τοῦτοδιὰ

1072 988 1118 1015 τοῦ
1136 988 1217 1014 Δαϐὶδ
1228 987 1328 1020 ἔδειξεν
1339 988 1434 1020 εἰπὼν,
1447 987 1485 1019 ὡς
1497 987 1606 1022 Ὠμοσα
1621 986 1650 1012 ιν
1664 986 1698 1020 τῇ
1710 984 1778 1020 ὀργῇ
1792 991 1858 1018 μου,

1075 1033 1099 1060 εἰ
1115 1033 1314 1060 εἰσελεύσονται
1344 1034 1383 1064 είς
1401 1033 1451 1068 τὴν
1468 1031 1646 1059 κατάπαυσίν
1665 1038 1727 1065 μου.
1744 1029 1800 1056 Καὶ
1822 1026 1860 1063 ἦν

1068 1080 1131 1115 ὄρος
1157 1079 1250 1110 αὐτοῖς
1271 1079 1320 1114 τῆς
1354 1079 1451 1114 ὀργῆς,
1478 1076 1570 1108 καθὼς
1598 1077 1701 1104 ἄνωθεν
1735 1075 1858 1110 εἴρηται,

1071 1126 1270 1161 Παρῳχηκότος
1299 1125 1328 1152 δὲ
1356 1125 1403 1153 τοῦ
1421 1123 1519 1160 καιροῦ
1540 1124 1652 1150 λέλυται
1671 1121 1722 1157 μὲν
1738 1120 1860 1156 quem}.

1061 1171 1200 1207 διέϐησαν
1213 1171 1241 1212 δε
1253 1172 1299 1199 τὸν
1315 1171 1453 1208 Ἰορδάνην
1466 1171 1491 1198 οι
1503 1170 1531 1203 ἐξ
1546 1169 1637 1197 αὐτῶν
1649 1169 1696 1196 καὶ
1711 1166 1861 1202 εἰσέϐησαν

1073 1218 1113 1248 είς
1123 1217 1173 1252 τὴν
1191 1217 1253 1252 γῆν,
1270 1218 1319 1253 οὐχ
1332 1216 1566 1253 ὺπερδραμούσης
1577 1215 1627 1250 τῆς
1641 1214 1861 1249 ἀγανακτήσεως

1075 1262 1106 1289 τὺ
1119 1263 1338 1298 τεσσαρακοστὸν
1351 1262 1422 1294 ἔτος.
1441 1261 1534 1292 Τόπος
1552 1261 1607 1296 ἄρα
1622 1259 1671 1286 καλ.
1680 1258 1758 1286 τοῦδε
1770 1256 1864 1292 σαφὴς

1076 1308 1106 1334 τξ
1125 1308 1204 1343 μέχρι
1221 1308 1334 1343 πληγῶν
1344 1307 1551 1343 τεσσαράκοντα
1563 1303 1861 1333 καταπαίεσθαίτινας·

1077 1353 1201 1387 ἀφέσεως
1221 1354 1275 1390 γὰρ
1295 1355 1308 1380 δ
1327 1354 1399 1389 μετὰ
1411 1353 1492 1381 τοῦτο
1511 1351 1619 1388 καιρδς,
1645 1350 1771 1378 διάϐασιν
1795 1350 1864 1384 ἡμῖν

1077 1399 1212 1435 εἰσφέρων
1230 1400 1365 1434 Ἰορδάνου
1378 1399 1427 1435 τὴν
1441 1399 1587 1435 μυστικήν.
1604 1398 1684 1427 Μετὰ
1698 1396 1753 1431 γὰρ
1765 1403 1865 1422 τεσσαο

1080 1445 1197 1479 ράκοντα
1210 1445 1258 1481 ἔτη
1268 1445 1390 1472 κάκεῖνοι
1401 1445 1448 1472 τὸν
1464 1445 1601 1481 Ἰορδάνην
1615 1443 1755 1478 διέϐησαν.

243 1492 273 1513 et
283 1492 382 1514 terram
396 1489 553 1523 promissam
573 1489 686 1524 ingressi
703 1492 778 1519 sunt,
797 1487 888 1516 divina
905 1489 949 1516 illa
976 1490 1117 1518 iracundia
1143 1490 1381 1526 quadragesimum
1409 1496 1512 1517 annum
1545 1497 1600 1517 non
1626 1488 1786 1516 excedente.
1800 1485 1865 1513 Fuit

247 1534 328 1570 huius
344 1536 383 1562 rei
407 1537 543 1571 quondam
560 1537 602 1564 illa
621 1544 729 1572 quoque
755 1538 839 1574 ﬁgura
851 1558 859 1570 ,
873 1537 945 1572 quod
965 1538 1058 1573 plagas
1072 1538 1107 1565 ιο
1126 1539 1283 1574 acciperent
1311 1538 1358 1574 qui
1390 1537 1570 1573 deliquerant.
1589 1536 1655 1564 Post
1684 1535 1760 1562 illum
1790 1534 1865 1562 enim

248 1590 391 1610 numerum
409 1588 517 1618 tempus
534 1584 701 1613 liberationis
729 1585 862 1617 succedit,
891 1586 965 1620 quod
994 1586 1136 1622 mysticam
1162 1586 1290 1614 Jordanis
1318 1586 1510 1625 transitionem
1526 1591 1619 1613 secum
1635 1583 1735 1612 aﬂ‘ert:
1755 1589 1820 1610 nam
1838 1586 1869 1610 et

248 1631 300 1666 ipsi
319 1636 382 1666 post
399 1639 500 1658 annum
521 1632 759 1667 quadragesimum
777 1633 923 1661 Iordanem
946 1633 1126 1668 trajeccrunt.

282 1678 362 1706 Jcsus
383 1682 472 1705 autent
488 1678 532 1706 hic
546 1679 624 1707 Nam
637 1679 706 1708 Illius
723 1681 809 1708 Auscs
818 1681 893 1715 prius
908 1681 1027 1716 appella-

1116 1677 1202 1713 Οὗτος
1219 1682 1268 1717 μὲν
1283 1682 1330 1708 οὖν
1341 1682 1356 1708 ὁ
1368 1681 1415 1708 τοῦ
1437 1681 1516 1716 Ναυῆ
1537 1680 1642 1715 Ἰησοῦς
1658 1679 1750 1714 Λὺσῆς
1766 1678 1868 1714 πρότε-

247 1725 345 1753 batur:
367 1732 459 1752 verum
477 1730 652 1760 posteaquam
670 1727 704 1754 ab
725 1726 913 1762 exploratione
941 1733 1027 1754 rever-

1086 1736 1131 1764 ρον
1146 1727 1280 1760 ἐκαλεῖτο,
1302 1727 1475 1763 ὑποστρέψας
1493 1727 1521 1753 δὲ
1545 1726 1599 1753 ἀπὸ
1623 1725 1673 1760 τῆς
1689 1725 1869 1759 κατασκοπῆς

246 1778 295 1798 sus
320 1771 425 1803 fuisset,
442 1778 457 1798 a
486 1770 558 1799 Mosc
576 1779 674 1799 nomen
697 1772 757 1807 eius
782 1776 824 1800 est
846 1772 1032 1799 immutatum.

249 1817 382 1844 Enmdcm
399 1823 459 1852 post
475 1825 561 1845 annos
577 1817 623 1851 40,
650 1825 718 1852 quos
733 1818 759 1844 in
775 1817 924 1845 solitudine
942 1825 1032 1852 popu-

250 1862 293 1888 lus
317 1862 416 1897 exegit,
445 1862 516 1890 Deus
534 1863 561 1889 in
584 1863 656 1890 hunc
678 1862 788 1889 modum
809 1862 945 1889 allocutus
970 1866 1033 1889 est:

253 1906 440 1935 «Circumcide
469 1908 598 1943 populum
626 1907 722 1935 cultris
754 1907 854 1939 saxeis,
883 1912 966 1942 atque
996 1908 1033 1934 ita

250 1952 396 1983 Jordanem
411 1954 581 1988 trajicito°".t
599 1954 667 1981 Nam
680 1953 744 1980 Mosi
758 1957 878 1989 potestas
888 1952 1034 1980 Jordanem

252 1999 411 2028 transeundi
433 2000 502 2027 facta
524 2008 579 2027 non
598 2005 649 2032 est,
676 2007 831 2034 quanquam
858 1999 963 2027 crebris
990 1998 1035 2025 ille

252 2046 380 2081 precibus
407 2046 459 2073 hoc
481 2051 652 2081 exposceret.
675 2045 782 2080 Quippe
809 2052 871 2072 eum
900 2044 1032 2072 carminis

254 2091 334 2118 verba
351 2091 451 2126 popqu
469 2092 620 2123 recitasset.
639 2091 682 2118 his
697 2091 786 2118 verbis
797 2098 859 2117 eum
871 2089 944 2117 Deus
959 2097 1036 2117 eom-

253 2137 383 2173 pcllarit:
406 2137 549 2165 «Ascende
561 2137 587 2164 in
604 2141 724 2164 montem
751 2136 873 2167 Abarim,
898 2134 943 2170 qui
961 2134 1036 2162 Nabo

254 2191 333 2213 mons
344 2188 396 2212 est.
417 2191 433 2218 e
458 2183 567 2218 regione
593 2181 791 2214 llicricltuntis.
809 2186 890 2216 atque
905 2181 967 2208 istic
984 2186 1038 2208 ter-

254 2237 312 2259 ram
333 2229 517 2255 Chananzcsm
536 2229 650 2255 intuitus
670 2235 788 2259 morere,
804 2226 1035 2262 quemadmodum

253 2280 282 2302 et
304 2275 376 2302 Aaro
402 2275 484 2302 frater
510 2279 571 2301 tuus
594 2274 622 2301 in
643 2273 698 2302 Oro
712 2278 803 2301 monte
828 2279 952 2301 mortuus
982 2276 1034 2300 est.

256 2320 315 2347 Non
332 2320 405 2347 cnim
423 2320 514 2347 verbis
541 2320 611 2348 meis
633 2319 666 2346 ad
685 2327 781 2353 aquam
799 2318 998 2346 adversationis
1013 2322 1040 2345 et

257 2369 321 2394 τίσω
335 2357 413 2394 fidem
428 2366 562 2393 habuistis
570 2366 605 2394 ".
618 2365 697 2393 11am
709 2365 780 2400 quod
789 2365 938 2392 obsecrarit
955 2365 1038 2390 Deum

257 2419 287 2442 nt
298 2414 446 2441 Jurdanem
460 2413 608 2447 trajiceret,
626 2413 683 2446 ipse
697 2412 869 2447 significavit,
885 2419 945 2438 cum
964 2411 1039 2438 dice-

258 2463 317 2486 ret:
348 2458 495 2492 cEqnidem
525 2466 606 2485 amne
632 2458 711 2493 160
740 2458 853 2492 trajecto
878 2456 1038 2492 pneclaram

258 2504 332 2534 illam
350 2504 486 2539 regionem
498 2525 504 2537 ,
524 2510 598 2532 trans
616 2505 762 2532 Jurdanem
783 2504 874 2537 sitam,
891 2504 1040 2530 intuitnrus

258 2558 349 2578 erant:
367 2559 458 2578 rerum
472 2548 595 2579 Deusﬁte
611 2556 699 2578 vestra
716 2558 796 2578 causa
809 2555 851 2577 est
863 2555 1039 2584 aspernatus,

259 2604 310 2625 nec
326 2605 420 2631 preces
439 2605 513 2625 meas
531 2597 664 2625 exaudiit.
682 2597 834 2631 Respondit
849 2596 921 2623 enim
940 2595 967 2622 in
985 2595 1042 2622 inec

259 2644 342 2671 verba
363 2643 451 2671 mihi:
469 2643 542 2671 Satis
561 2643 613 2671 ltoc
629 2648 688 2671 esto
698 2644 758 2676 llbi,
777 2642 830 2669 noli
845 2642 898 2669 tale
911 2641 1039 2676 quiddam

260 2690 376 2724 amplius
404 2697 418 2717 a
447 2697 491 2717 me
518 2695 621 2724 petere.
647 2690 748 2717 Saltem
774 2689 801 2716 in
826 2692 945 2716 tnontem
972 2687 1045 2714 hunc

262 2734 413 2767 ascendite,
428 2739 455 2762 et
471 2735 672 2767 terramvoculis
695 2735 749 2762 tuis
773 2734 887 2766 intuere;
910 2740 971 2760 nam
986 2731 1046 2759 Jor—

262 2782 360 2810 dancm
379 2782 451 2813 hunc
467 2790 522 2809 ttun
540 2781 662 2817 trajicies
671 2783 721 2808 ".t
751 2780 884 2814 Quidnam
902 2787 967 2806 vero
985 2785 1048 2806 cau-

1084 1774 1161 1809 παρά
1177 1773 1224 1800 τοῦ
1250 1774 1373 1805 Μωσέως
1401 1772 1630 1808 μετονομάξεται.
1649 1771 1745 1805 Τούτῳ
1764 1770 1798 1805 δὴ
1828 1769 1869 1804 τῷ

1090 1820 1179 1854 Ἰησοῦ
1201 1819 1271 1853 μετά.
1295 1826 1327 1852 γε
1339 1818 1547 1853 τεσσαράκοντα
1560 1817 1608 1850 ἔτη
1626 1816 1645 1843 ἃ
1669 1814 1824 1842 διεϐίϐασεν
1839 1814 1870 1840 ὲν

1084 1866 1118 1899 τῇ
1130 1865 1237 1901 ἐρήμῳ,
1254 1865 1329 1899 λέγει
1349 1863 1364 1890 δ
1385 1863 1471 1896 Θεός·
1501 1872 1510 1890 ι
1530 1863 1654 1894 Καθίσας
1672 1861 1806 1897 περίτεμε
1822 1859 1871 1887 τὸν

1085 1912 1150 1939 λαὸν
1175 1911 1324 1947 μαχαίραις
1342 1909 1496 1945 πετρίναις,
1514 1909 1562 1937 καὶ
1577 1909 1648 1935 οὕτω
1663 1909 1708 1935 τὸν
1729 1907 1870 1943 Ἰορδάνην

1085 1958 1204 1992 διάϐηθι.
1225 1966 1235 1984 ι
1259 1957 1290 1984 ’0
1302 1957 1356 1992 γὰρ
1376 1956 1479 1990 Μωσῆς
1493 1956 1612 1991 περᾶσαι
1625 1955 1656 1981 οὒ
1679 1953 1871 1989 συνεχωρήθη,

1086 2004 1175 2031 καίτοι
1209 2003 1294 2031 πολλὰ
1311 2003 1375 2039 περὶ
1403 2002 1500 2030 τούτου
1512 2001 1560 2028 τοῦ
1579 2001 1647 2028 Θεοῦ
1660 2000 1779 2036 δεηθείς.
1792 2000 1872 2026 Μετὰ

1086 2049 1141 2084 γάρ
1154 2048 1183 2074 τὸ
1193 2048 1309 2083 λαλῆσαι
1319 2048 1354 2074 τά
1366 2047 1416 2081 τῆς
1432 2046 1504 2082 ᾠδῆς
1520 2046 1559 2081 τῷ
1573 2045 1643 2081 λαῷ,
1666 2043 1727 2072 εἷπε
1740 2045 1808 2079 πρὸς
1822 2045 1872 2071 αὒ-

1086 2093 1132 2120 τδν
1142 2094 1156 2119 ό
1169 2092 1236 2124 Θεὸς
1246 2100 1254 2108 ο
1273 2101 1282 2118 ι
1301 2092 1431 2126 Ἀνάϐηοι
1447 2091 1487 2122 είς
1501 2091 1532 2117 τδ
1546 2090 1608 2125 ὅρος
1623 2089 1757 2125 Ἀραϐίμ..
1782 2088 1871 2115 τοῦτο

1086 2138 1149 2176 ὅρος
1164 2138 1259 2166 Ναϐαῦ
1279 2137 1351 2165 κατὰ
1374 2138 1522 2172 πρόσωπον
1550 2135 1668 2171 Ἰεριχώ.
1695 2135 1749 2161 Καὶ
1770 2133 1809 2161 ίδε
1823 2134 1875 2169 τὴν

1088 2184 1139 2219 γῆν
1154 2183 1275 2214 Χαναὰν,
1291 2182 1339 2209 καὶ
1351 2181 1477 2214 τελεύτα,
1488 2181 1518 2207 ὃν
1531 2181 1632 2215 τρόπον
1653 2179 1790 2206 ἀπέθανεν
1810 2178 1876 2205 ’Δα-

1091 2227 1145 2263 ρὼν
1161 2227 1174 2253 ὸ
1189 2225 1304 2256 ἀδελφός
1321 2233 1368 2251 σου
1401 2225 1429 2251 ἑν
1446 2224 1496 2258 Ὤρ
1515 2223 1555 2257 τῷ
1568 2219 1626 2258 δρει
1639 2242 1647 2255 ,
1675 2222 1743 2248 διότι
1757 2221 1876 2256 ἠπειθή-

1091 2279 1154 2298 σατε
1169 2270 1207 2304 τῷ
1218 2269 1322 2305 ῥήματί
1336 2277 1386 2303 μου
1397 2268 1443 2294 ἐπὶ
1457 2267 1504 2294 τοῦ
1518 2267 1615 2298 ὕδατος
1626 2266 1675 2300 τῆς
1687 2265 1873 2298 ἀντιλογίας.»

1091 2317 1153 2344 Ὀτι
1179 2316 1207 2342 δὲ
1226 2316 1317 2342 ἐδέετο
1344 2314 1391 2340 τοῦ
1418 2314 1486 2340 Θεοῦ
1520 2313 1639 2348 περᾶσαι
1656 2311 1701 2338 τὸν
1726 2309 1875 2346 Ἰορδάνην,

1095 2374 1104 2390 t
1127 2363 1181 2390 Καὶ
1207 2362 1332 2396 ὑπερεῖδε
1349 2361 1452 2396 Κύριος
1470 2360 1523 2394 ἐμὲ
1548 2360 1644 2386 ἓνεκεν
1660 2358 1747 2394 ὑμῶν,
1766 2358 1813 2384 καὶ
1825 2358 1877 2384 οὐκ

1093 2409 1236 2444 εἶσήκουσέ
1246 2417 1306 2443 μου.
1324 2405 1444 2434 Καὶεῗπε
1455 2407 1555 2441 Κύριος
1570 2407 1636 2440 πρός
1650 2414 1694 2440 με,
1714 2402 1878 2431 Ὶιιανούσοω

1094 2462 1146 2487 σοι,
1172 2455 1208 2489 μὴ
1233 2454 1355 2488 προσθῇς
1386 2453 1426 2479 ἔτι
1452 2451 1567 2486 λαλῆσαι
1590 2452 1636 2477 τὸν
1664 2451 1743 2484 λόγον
1770 2449 1876 2475 τοῦτον.

1099 2500 1242 2526 Ἀνὸιόαινε
1258 2500 1312 2534 γὰρ
1328 2499 1370 2529 εἰς
1382 2499 1411 2524 τὺ
1426 2498 1500 2533 ὅρος,
1523 2497 1572 2523 καὶ
1588 2497 1626 2523 ῐδε
1643 2497 1699 2527 τοῖς
1715 2494 1877 2529 ὀφθαλμοῖς,

1092 2547 1134 2574 ὃτι
1145 2548 1176 2573 οὺ
1191 2546 1308 2581 διαϐήσῃ
1328 2545 1373 2571 τὸν
1387 2545 1524 2579 Ἰορδάνην
1536 2543 1641 2570 τοῦτον.
1655 2552 1664 2568 t
1678 2543 1732 2569 Καὶ
1741 2541 1766 2568 τί
1779 2542 1878 2576 δήποτε

1093 2593 1138 2619 διὰ
1154 2593 1255 2627 μικρὰν
1274 2590 1465 2626 πλημμέλειαν
1490 2589 1634 2625 πόῥρωὓεν
1652 2588 1715 2614 ἰδεῖν
1745 2588 1758 2613 δ
1776 2587 1880 2620 Μωσῆς

1097 2637 1271 2673 προσετάχθη
1299 2636 1348 2671 τὴν
1367 2635 1430 2669 γῆν,
1447 2635 1492 2660 τον
1518 2635 1545 2661 δὲ
1562 2634 1625 2660 λαὸν
1639 2632 1799 2666 εἰσαγαγεῖν
1810 2632 1881 2657 sxw-

1099 2683 1188 2718 λῡοης
1207 2683 1335 2710 Atriis/xv.
1363 2681 1436 2716 ἡμᾶς
1459 2682 1473 2707 ὁ
1494 2680 1634 2713 Δεσπότης
1654 2679 1698 2706 διὰ
1722 2677 1824 2704 τούτων
1842 2676 1880 2708 ὼς

1100 2731 1163 2761 τοὺς
1176 2731 1204 2757 εν
1216 2730 1301 2764 ἁρετῇ
1316 2728 1435 2759 τελείους
1455 2727 1503 2762 τὴν
1519 2727 1608 2762 ἄκραν
1630 2725 1773 2761 ἀκρίϐειαν
1797 2725 1866 2750 ἀπαι

1100 2777 1143 2802 τεῑ
1155 2783 1162 2790 ·
1179 2785 1190 2802 ι
1216 2775 1246 2802 ὐ
1261 2775 1310 2810 μὲν
1327 2775 1382 2809 γὰρ
1398 2773 1549 2808 ἐλάχιστος,
1562 2773 1629 2808 φησι
1646 2771 1728 2806 σοφία
1741 2768 1884 2803 Σολομῶν-

306 2861 329 2877 ⁶¹
341 2860 422 2892 Nunt.
439 2869 492 2895 λιν,
506 2862 550 2890 50.
589 2862 611 2877 ⁸⁸
629 2861 699 2890 [³δοὶ-
717 2867 788 2894 xciv,
807 2859 848 2887 ll.
887 2857 909 2874 ⁸⁷
923 2856 1006 2884 Jusue
1022 2865 1027 2878 ι

1078 2860 1091 2882 ;.
1129 2854 1154 2890 “V
1169 2853 1247 2881 Deut.
1265 2860 1349 2884 xxx”,
1366 2852 1407 2884 Εἰ),
1425 2853 1470 2880 Eii).
1509 2851 1531 2867 “
1550 2850 1629 2877 Deut.
1649 2856 1724 2878 xxxi.
1742 2849 1769 2874 2.
