1966 3075
255 137 308 170 319

887 130 1099 162 MlCllAELlS
1118 129 1246 160 GLYCE

1830 124 1881 155 320

253 203 308 223 non
328 192 447 229 neglexit
464 199 513 220 nec
528 196 670 219 aversatus
684 195 726 218 est
750 190 839 218 Deus:
857 197 920 216 nam
936 197 968 216 ex
989 195 1044 223 quo

1104 187 1271 222 παραϐλέπει
1292 187 1357 217 τοὺς
1378 184 1577 215 ἀδικουμένους
1605 183 1750 217 δεομένους
1778 180 1860 208 αὑτοῦ
1874 175 1881 182 ’

254 240 382 268 amiserat
399 239 505 270 oculos,
523 238 605 265 etiam
632 236 750 264 ludibrio
777 235 869 272 pueris
883 240 953 263 erat.
967 234 1043 261 Novo

254 287 337 321 igitur
369 291 396 313 ct
417 285 548 312 inusitato
563 284 681 319 quodam
712 282 791 310 modo
820 282 893 309 Deus
918 281 943 308 ei
969 280 1042 308 vires

253 332 379 363 adauget.
408 331 468 364 Quo
498 330 570 357 facto
605 329 764 356 sedentibus
792 327 847 355 illis
874 335 906 355 ac
921 326 986 353 vino
1012 332 1042 352 se

253 377 494 413 ingurgitantibus,
511 381 541 403 ut
563 375 609 411 qui
624 374 810 402 cclebritalem
832 373 976 407 quau-dam
1005 371 1043 398 si-
1057 398 1066 403 ,

254 425 382 452 mulacris
406 423 587 451 instituissent
602 422 735 454 victoriae,
749 429 830 456 quam
846 420 880 447 de
895 421 973 447 hoste
993 427 1044 446 suo

1098 219 1235 266 τοσαύτην
1253 233 1308 267 γὰρ
1327 232 1403 266 ἰσχὺν
1422 231 1572 266 ἐχαρίσατο
1585 229 1624 264 τῷ
1640 227 1758 264 Σαμψὼν
1770 227 1807 258 ὡς
1822 219 1883 253 κλο-

1097 279 1180 313 νῆσαι
1201 278 1251 313 μὲν
1268 278 1331 309 τοὺς
1349 278 1484 312 φέροντας
1509 276 1602 306 κίονας
1628 275 1674 301 τὸν
1694 274 1747 300 τῶν
1770 272 1884 300 εἰδώλων

1099 325 1193 360 σηκὸν,
1212 324 1443 358 συγκατενεγκείν
1470 323 1498 349 δὲ
1525 322 1631 353 τούτοις
1647 321 1693 347 τὸν
1711 321 1818 354 ὄροφον,
1838 319 1885 346 καὶ

1097 381 1122 406 ,γ
1138 372 1236 405 ἄνδρας
1254 370 1395 405 συγχῶσαι
1406 391 1414 403 ,
1429 369 1478 396 καὶ
1495 368 1634 403 γυναικῶν
1648 367 1780 398 ὡσαύτως
1797 374 1883 401 παρει-

1099 417 1214 452 πλήσιον
1238 415 1366 450 ἀριθμόν.

254 471 394 499 consecuti
420 471 549 503 fuissent,
583 477 675 501 causa,
700 469 799 496 domus
829 467 912 498 illius,
933 474 986 501 qua
1016 467 1044 493 in
1066 465 1146 492 domo
1170 463 1314 493 sedebant,
1354 461 1497 488 columnas
1520 460 1586 488 duas
1623 459 1768 494 prehendit
1788 466 1887 493 easque

254 518 421 553 complexus,
440 526 448 542 ι
467 516 544 548 Volo,
561 515 658 550 inquit.
677 521 709 541 ex
747 513 801 539 \‘ila
828 520 890 539 cum
916 510 1079 546 alienigenis
1111 508 1263 536 discedere.
1279 516 1288 532 ι
1325 505 1404 538 Quod
1423 505 1533 539 quidem
1568 512 1631 532 mox
1660 504 1696 530 ita
1720 503 1821 531 factum
1837 511 1888 532 t-sl.

250 549 341 599 Atque
367 565 418 591 hoc
445 562 570 598 exemplo
597 549 746 590 declaravit
771 560 844 587 Deus
874 566 904 586 se
935 558 1046 585 allectos
1066 555 1175 590 injuriis
1197 561 1251 581 non
1282 551 1429 587 negligere.
1462 549 1580 576 Tantum
1607 549 1680 576 enim
1715 549 1820 576 roboris
1837 549 1889 576 hoc

255 596 379 645 tempore
415 596 544 637 Samsorii
581 609 696 644 largitus
722 612 776 639 est,
794 611 823 634 ut
847 613 902 633 non
937 604 1025 631 solum
1054 602 1197 629 columnas
1238 599 1396 627 confractas
1421 597 1554 629 dirueret,
1581 596 1681 632 quibus
1706 596 1798 623 fanum
1825 596 1890 624 illud

255 658 463 686 simulacrorum
482 655 579 683 fultum
613 642 793 686 innitebatur,
805 653 852 680 sed
866 651 947 679 etiam
962 649 1057 678 eadem
1077 647 1101 674 vi
1121 651 1223 674 tectum
1241 646 1384 681 dejiceret,
1403 652 1434 672 ac
1450 643 1570 670 virorum
1595 642 1705 678 quidem
1727 642 1777 669 tria
1794 643 1889 677 millia,

255 705 401 732 mulierum
425 711 490 731 vero
515 710 608 738 parem
629 709 775 729 numerum
804 708 836 728 ea
862 700 943 728 ruina
960 698 1137 732 opprimeret.

292 753 371 788 166
388 752 445 779 lloe
470 751 530 779 loco
553 751 664 778 divinus
691 750 735 777 ille
753 749 795 776 vir
812 747 973 776 Anastasius
998 746 1042 774 Si-

1131 743 1168 769 Οὐ
1185 741 1292 777 μικρῶς
1303 741 1331 768 δὲ
1346 740 1394 776 τὴν
1406 740 1524 776 ἄρρητον
1539 738 1587 766 τοῦ
1599 738 1665 766 Θεοῦ
1675 738 1831 772 οἰκονομίαν
1842 739 1887 765 καὶ

255 799 343 825 nailes
357 804 412 825 non
428 804 524 832 parum
542 795 588 822 Dei
612 800 670 822 tum
695 793 963 822 administrationem
987 797 1042 818 tum

1104 787 1304 824 ριλανορωπίαν
1327 787 1374 814 ἐπὶ
1388 787 1494 818 τούτοις
1516 786 1698 820 ἐκπλήττεται
1717 786 1731 811 ὁ
1753 784 1889 815 θειότατος

254 843 452 878 benignitatem
476 842 675 876 obstupescens
699 841 862 872 demiratur,
886 839 1044 874 expendcns

255 889 314 924 ipse
328 896 421 917 secum
441 888 514 923 quod
534 886 696 924 Samsonem
713 886 841 921 dignatus
857 885 892 912 sit
907 891 1001 912 eorum
1019 884 1045 910 in

255 941 398 961 numerum
415 933 538 968 recipere
555 933 602 967 qui
613 921 728 958 salutem
744 934 961 964 consequuntur,
984 935 1045 955 cum

256 985 346 1007 tamen
368 980 421 1007 hoc
442 979 522 1006 etiam
551 978 595 1005 ille
611 982 711 1013 praeter
735 976 787 1003 alia
814 974 995 1006 commiserit,
1018 978 1048 1000 ut

256 1033 303 1054 eos
318 1024 468 1053 ulciscendi
488 1031 570 1052 causa
587 1030 704 1058 quorum
724 1021 832 1056 injuriis
849 1021 930 1048 lresus
947 1020 1046 1052 fuerat,

256 1072 435 1106 semetipsum
462 1069 543 1096 morti
578 1069 700 1096 dederet.
736 1067 793 1095 Nec
827 1066 978 1094 omittenda
1004 1066 1049 1093 hic

257 1117 337 1145 nobis
351 1121 393 1145 est
407 1115 538 1143 iudicatio
548 1121 645 1146 causae,
658 1121 739 1149 quam
752 1114 787 1140 ob
798 1121 909 1140 causam
922 1121 936 1139 a
953 1116 1048 1140 ventre

257 1164 354 1191 matris
368 1162 466 1190 Samso
481 1166 588 1189 tantum
604 1160 712 1188 roboris
729 1159 866 1187 habuerit.
883 1159 953 1192 Quia
974 1160 1048 1186 enim

256 1209 402 1242 lsraelitae,
417 1208 530 1243 quijam
557 1211 629 1234 totos
644 1213 732 1233 annos
760 1204 939 1240 quadraginta
964 1203 1049 1231 servi-

256 1260 345 1283 tutem
373 1253 535 1286 alienigenis
563 1251 727 1281 servierant.
751 1250 798 1277 Dei
824 1256 938 1284 prorsus
972 1253 1050 1275 erant

257 1300 336 1328 obliti
351 1307 403 1327 nec
423 1298 508 1326 ullum
527 1297 601 1333 apud
629 1304 659 1324 se
676 1295 781 1330 justum
800 1293 940 1321 hominem
962 1293 1048 1321 habe-

248 1336 337 1376 Ibant,
355 1344 459 1372 idcirco
474 1342 634 1370 Samsouem
655 1341 727 1368 Deus
749 1339 816 1375 ipsis
832 1338 937 1371 tribuit,
962 1339 1050 1367 virum

255 1399 272 1418 a
300 1390 397 1425 primis
425 1387 604 1416 incunabulis
628 1387 732 1422 justum
756 1393 788 1413 ac
823 1392 924 1420 magno
951 1384 1050 1412 robore

256 1436 415 1472 praeditum,
435 1438 465 1462 ut
482 1442 529 1469 per
545 1433 631 1468 ipsius
648 1433 779 1461 virtutem
804 1439 835 1458 ac
859 1430 1048 1458 fortitudinem

1103 834 1278 864 ’Λναστάσιος
1291 833 1448 868 ὁΣι-ναῖτης,
1462 832 1559 858 ὲννοῶν
1580 832 1654 862 ὅπως
1669 831 1719 865 τῆς
1739 831 1891 857 τῶνισεσω-

1102 881 1211 916 σμέ·.ων
1230 880 1325 915 μοίρας
1339 878 1438 912 ἠξίωσε
1458 877 1504 905 τὸν
1521 877 1652 912 Σαμψὼν,
1667 877 1714 903 καὶ
1730 876 1816 903 ταῦτα
1826 877 1892 911 πρὸς

1101 927 1182 960 φόνον
1206 926 1305 954 ἑαυτὸν
1323 924 1493 950 ἐκδεδωκότα
1509 924 1564 950 τῶν
1593 922 1784 957 ἀδικησάντων
1812 922 1892 948 αὑτὸν
1913 925 1920 932 ·

1100 973 1208 998 ἕνεκεν.
1227 971 1311 1005 Ἀλλὰ
1338 972 1386 998 καὶ
1410 971 1483 1002 τίνος
1510 970 1593 1004 χάριν
1611 968 1748 1003 τοσαύτην
1771 968 1846 1002 lex-3v
1862 968 1893 993 ἐκ

1098 1018 1203 1050 κοιλίας
1218 1017 1330 1053 μητρὸς
1347 1018 1481 1052 ἐκτήσατο
1506 1018 1519 1043 ὁ
1549 1015 1684 1050 Σαμψὼν,
1700 1015 1729 1041 οὐ
1746 1014 1894 1049 παρελθεῖν

1098 1064 1183 1097 ἄξιον.
1204 1064 1313 1098 Ἐπειδὴ
1325 1064 1380 1099 γὰρ
1398 1064 1422 1090 οἱ
1447 1063 1612 1098 Ἰσραηλῖται
1640 1061 1893 1096 τεσσαρακονταετῆ

1100 1111 1195 1146 χρόνον
1221 1111 1278 1142 τοῖς
1302 1110 1464 1144 ἀλλοφύλοις
1487 1109 1683 1140 δουλεύσαντες
1698 1108 1745 1134 τοῦ
1765 1107 1833 1133 Θεοῦ
1849 1109 1893 1133 τέ-

1099 1157 1160 1183 λεον
1176 1156 1351 1188 ἐπελάθοντο,
1363 1155 1471 1182 δικαίου
1483 1155 1596 1190 μηδενὸς
1613 1154 1689 1185 δντος
1705 1153 1770 1189 παρ’
1786 1153 1891 1183 αὐτοῖς,

1100 1203 1198 1229 τούτου
1218 1202 1300 1238 χάριν
1325 1202 1358 1228 ἐκ
1385 1201 1552 1236 σπαργάνων
1569 1200 1650 1226 αὑτὸν
1665 1200 1679 1226 ὁ
1699 1200 1765 1230 Θεὸς
1787 1199 1893 1226 δίκαιον

1101 1248 1186 1284 ἄνδρα
1213 1248 1260 1274 καὶ
1278 1248 1390 1282 ἰσχυρὸν
1415 1247 1555 1282 παρέσχεν
1570 1246 1677 1276 αὐτοῖς.
1693 1245 1769 1276 ὅπως
1781 1245 1825 1271 διὰ
1844 1245 1894 1279 τῆς

1101 1294 1230 1331 ἐναρέτου
1240 1286 1378 1325 πολιτείας
1392 1294 1440 1320 καὶ
1455 1292 1610 1329 παραδόξου
1627 1292 1754 1326 ἀνδρείας
1770 1299 1892 1326 παρεχο-

1104 1340 1189 1376 μένην
1205 1341 1297 1371 αὒτοϊς
1323 1340 1442 1376 ὁρῶντες
1473 1341 1522 1376 τὴν
1552 1339 1693 1374 σωτηρίαν
1719 1337 1837 1370 ἑαυτούς
1863 1346 1893 1364 τε

1101 1386 1304 1422 διορθώσωνται
1315 1387 1363 1423 καὶ
1379 1386 1424 1412 τὸν
1441 1386 1496 1412 τῶν
1511 1386 1579 1413 ὅλων
1598 1385 1664 1412 Θεὸν
1683 1385 1890 1420 ἐκζητήσωσιν.

1107 1432 1178 1459 Ἀλλ’
1193 1433 1293 1459 ἐκεῖνοι
1313 1432 1416 1467 μᾶλλον
1434 1431 1544 1459 καὶτοῦ
1566 1430 1634 1457 Θεοῦ
1664 1430 1751 1465 λήθην
1775 1425 1909 1464 ἐλάμϐιέ

255 1482 340 1517 plane
353 1479 541 1509 admirandam
567 1478 669 1506 servari
688 1485 717 1505 se
740 1476 906 1510 liberarique
926 1475 1048 1504 animad-

1104 1486 1159 1509 νον,
1180 1479 1226 1504 καὶ
1243 1479 1287 1504 τὸν
1302 1478 1453 1513 εὐεργέτην
1469 1477 1560 1504 autth
1586 1477 1625 1508 είς
1652 1478 1747 1511 χεῖρας
1762 1475 1816 1502 τῶν
1846 1484 1898 1501 ποι

258 1532 397 1555 verlentes
411 1527 493 1554 vitam
518 1533 594 1553 suam
612 1524 792 1552 emendarth
814 1527 842 1551 et
863 1523 948 1550 Deum
969 1522 1046 1549 illum

257 1573 342 1607 huius
360 1571 481 1606 universi
502 1574 669 1605 quaererent.
691 1569 791 1597 Verum
806 1569 947 1596 enimvero
964 1568 1048 1603 magis

258 1618 298 1646 illi
316 1618 400 1645 Deum
416 1617 546 1645 oblivioni
571 1616 725 1648 tradebant,
750 1622 782 1642 ac
804 1616 891 1641 virum
918 1614 1048 1648 praeclare

1102 1524 1204 1559 λεμίων
1223 1525 1352 1560 φέροντες
1385 1524 1526 1560 ἔρριπτον.
1552 1523 1636 1550 "Oilei;
1660 1523 1777 1556 εὐλόγως
1805 1523 1822 1557 ὴ
1849 1521 1897 1547 τοῦ

1102 1569 1171 1596 Θεοῦ
1205 1570 1330 1603 ἐξέλιπεν
1349 1571 1449 1601 αὐτοὺς
1484 1570 1643 1605 ὲπισκοπή·
1675 1569 1745 1602 μετὰ
1773 1568 1830 1603 γὰρ
1850 1568 1897 1594 τὸν

1103 1616 1224 1650 Σαμψὼν
1242 1617 1335 1643 οὐκέτι
1351 1616 1418 1651 παρ’
1443 1616 1580 1650 Ἐῧραίοις
1606 1617 1714 1650 κριτής.

257 1666 293 1694 de
310 1671 341 1692 se
356 1664 484 1692 meritum
507 1664 534 1691 in
551 1670 648 1690 manus
673 1661 786 1689 hostiles
802 1661 933 1688 traditum
958 1661 1090 1689 scelerate
1125 1663 1294 1699 rejiciebant.
1312 1663 1506 1696 'Quamobrem
1532 1661 1604 1689 Deus
1634 1662 1716 1689 etiam
1738 1661 1898 1696 aequissimo

255 1713 319 1749 jure
352 1719 446 1740 curam
472 1711 597 1748 ipsorum
628 1710 730 1738 habere
762 1710 862 1743 desiit;
892 1717 955 1738 nam
987 1715 1049 1745 post
1086 1711 1248 1741 Satusonem
1281 1711 1375 1740 nullus
1405 1712 1476 1746 apud
1502 1710 1632 1739 Hebraeos
1667 1710 1750 1745 judcx
1778 1711 1898 1746 amplius

258 1759 374 1787 exstitit.

294 1805 395 1839 Quodsi
413 1805 496 1832 etiam
523 1803 674 1839 intelligere
698 1803 732 1831 de
762 1803 843 1831 nobis
859 1811 935 1835 aves,
952 1803 1051 1831 dilecte

259 1851 308 1884 fili,
325 1851 502 1885 quamobrem
529 1850 599 1877 licus
616 1849 750 1884 Jeplttltae
767 1849 862 1885 .liiiaut
890 1850 1002 1877 mactari
1025 1854 1052 1877 et

258 1897 376 1935 iugulari
406 1897 560 1932 periniseril
581 1896 643 1931 (fuit
666 1901 757 1923 autem
786 1897 809 1924 is
835 1904 945 1931 quoque
969 1896 1050 1931 iudex

259 1943 331 1977 apud
360 1943 510 1977 Ilehrwos),
535 1943 599 1977 quid
624 1941 723 1970 dicturi
745 1942 831 1969 simus
858 1942 961 1970 audito.
984 1941 1049 1969 Pro-

261 1991 372 2017 missum
397 1990 448 2017 hoc
464 1994 612 2023 votumque
631 1988 768 2023 Jcplttltae
785 1996 915 2023 perquam
935 1988 1045 2015 stultum

259 2042 327 2064 erat.
349 2037 413 2063 Nam
430 2035 586 2069 expendere
611 2042 704 2062 secum
729 2034 788 2069 ipse
809 2035 884 2069 prius
902 2035 1046 2066 debuerat,

262 2083 319 2110 ﬁcti
334 2083 458 2110 fortassis
473 2089 553 2116 posse
567 2085 598 2107 ut
615 2080 657 2108 vel
675 2080 750 2107 canis
769 2080 812 2107 vel
835 2080 930 2108 asinus
943 2081 985 2108 vel
997 2080 1050 2107 ali-

261 2130 334 2164 quod
351 2128 425 2155 aliud
442 2127 610 2154 iminundum
628 2133 660 2152 ex
676 2125 844 2153 indicationc
867 2126 933 2162 legis
949 2126 1050 2153 animal

1140 1803 1170 1830 Εί
1192 1803 1221 1830 δὲ
1244 1804 1291 1830 καὶ
1313 1803 1392 1830 τοῦτο
1409 1803 1509 1838 ζητεῖς,
1530 1803 1669 1839 ἀγαπητὲ,
1687 1803 1758 1835 τίνος
1774 1803 1868 1831 ἕνεκεν
1883 1805 1900 1832 6

1101 1849 1167 1880 Θεὸς
1192 1849 1240 1884 τὴν
1260 1849 1307 1875 τοῦ
1328 1848 1434 1883 Ἰεφθάε
1460 1849 1599 1884 θυγατέρα
1623 1849 1761 1884 σφαγῆναι
1775 1851 1900 1886 συνεχώ-

1101 1904 1168 1931 ρησε
1197 1895 1306 1931 (κριτὴς
1333 1895 1361 1921 δὲ
1392 1895 1440 1921 καὶ
1469 1892 1549 1926 οὗτος
1579 1897 1644 1930 παρ’
1666 1896 1807 1931 Ἐὃραὶοις
1837 1895 1898 1933 ἦν),

1100 1944 1194 1971 ἄκουε.
1227 1943 1352 1976 Ἀνόητος
1376 1942 1447 1976 ἄγαν
1475 1943 1491 1976 ἠ
1523 1942 1570 1969 τοῦ
1591 1943 1699 1977 Ἰεφθάε
1727 1944 1898 1979 ὑπόσχεσιςδ

1103 1990 1158 2017 ἔδει
1182 1990 1236 2025 γὰρ
1253 1989 1335 2017 αὐτὸν
1353 1990 1481 2022 συνιδεῖν,
1503 1990 1539 2022 ὡς
1555 1990 1640 2021 εἰκὸς.
1664 1990 1736 2017 κύνα
1751 1991 1864 2026 πρῶτον
1881 1993 1899 2028 ἢ

1103 2037 1163 2065 ὄνον
1179 2038 1365 2072 συναντῆσαι,·
1386 2037 1420 2063 τὰ
1449 2037 1521 2063 κατὰ
1539 2037 1623 2072 νόμον
1648 2037 1806 2074 ἀκάθαρτα.
1826 2039 1901 2065 Παι-

1103 2083 1189 2110 δεύων
1203 2083 1249 2110 οὖν
1267 2083 1281 2110 ὀ
1296 2082 1362 2114 Θεὸς
1376 2083 1409 2109 δι’
1425 2083 1531 2108 ἐκείνου
1549 2083 1611 2113 τοὺς
1625 2082 1723 2114 ἄλλους
1736 2083 1807 2110 ὥστε
1826 2087 1902 2119 μετὰ

1105 2128 1209 2154 σκοποῦ
1235 2127 1374 2154 ποιείσῖὶςιι
1400 2128 1448 2159 τὰς
1478 2128 1641 2162 ὑποσχέσεις
1668 2128 1820 2163 (ὑπεσχέοη
1842 2130 1900 2165 γὰρ

260 2174 313 2209 ipsi
332 2173 449 2208 primunt
467 2175 636 2199 occurreret.
655 2170 826 2205 Quapropter
845 2171 904 2206 ejus
917 2171 1048 2206 exemplo.

1106 2174 1210 2206 ἐκεῖνος
1227 2174 1258 2200 τὸ
1285 2174 1455 2208 συναντῆσαν
1478 2173 1552 2208 αὑτῷ
1574 2174 1605 2199 ὲκ
1629 2173 1679 2208 τῆς
1701 2174 1791 2205 οἰκίας
1813 2174 1901 2202 θῦσαι

259 2221 307 2255 qui
336 2225 398 2247 voto
431 2224 565 2254 concepto
596 2218 762 2252 promiserat
787 2225 817 2245 Se
844 2218 1048 2245 immolaturum

260 2266 316 2293 Deo
329 2265 461 2300 quidquid
488 2273 520 2292 ex
548 2265 629 2292 domo
648 2272 696 2292 sua
727 2265 845 2299 primum
867 2264 977 2292 obvium
998 2264 1048 2293 ha-

259 2309 376 2339 buisset.
392 2309 460 2336 alios
475 2316 588 2336 monere
610 2309 704 2337 volens
733 2309 804 2336 Deus
822 2314 850 2336 ut
864 2317 919 2336 non
945 2310 1049 2344 absque

258 2355 480 2382 consideratione
492 2360 552 2382 vota
567 2355 753 2390 conciperent,
765 2355 960 2390 jugulatiouem
978 2356 1050 2383 hanc

260 2408 315 2428 non
334 2401 487 2436 impedivit.
506 2400 575 2427 Filia
593 2391 702 2435 quidem
720 2401 778 2436 ipsa
799 2401 877 2436 longe
903 2401 1048 2438 .Icphtham

259 2452 365 2482 patrem
383 2447 484 2474 virtute
504 2447 656 2481 superavit.
675 2445 742 2474 Nam
757 2455 819 2474 cum
837 2455 900 2475 eum
921 2453 1050 2476 cerneret

261 2493 423 2520 vestimenta
441 2501 490 2520 sua
510 2493 676 2520 lacerantem
701 2498 782 2528 atque
798 2493 949 2528 plorantem
966 2503 973 2522 :
991 2505 999 2520 ι
1020 2494 1048 2522 Si

1100 2220 1139 2255 τῷ
1171 2219 1241 2254 Θεῷ)
1269 2220 1319 2246 οὐκ
1349 2219 1469 2245 ἐκώλυσε
1494 2219 1543 2253 τὴν
1579 2218 1698 2253 σφαγήν.
1723 2219 1754 2245 'H
1785 2219 1820 2246 δὲ·
1850 2220 1901 2248 ου-

1099 2266 1189 2301 γάτηρ
1213 2265 1304 2301 πολλῷ
1332 2265 1465 2301 κρείττων
1494 2264 1541 2291 τοῦ
1564 2265 1688 2304 Ἰεφθάε·
1719 2264 1813 2291 ἰδοϋτα
1842 2267 1902 2301 γὰρ

1099 2312 1181 2338 αὑτὸν
1215 2311 1266 2345 τὴν
1300 2311 1401 2345 ἐσθῆτα
1443 2310 1581 2346 ρηγνύντει
1616 2311 1662 2337 καὶ
1694 2310 1902 2346 ὁλοφύρόμενον

1100 2357 1198 2386 εἷπενν
1219 2367 1228 2384 ‹
1247 2359 1279 2386 Ei
1307 2359 1335 2385 ἐν
1359 2357 1422 2393 ἐμοὶ
1446 2357 1555 2393 ἣνοιξας
1573 2359 1604 2384 τὸ
1628 2358 1716 2392 στόμα
1739 2366 1800 2391 σου,
1822 2359 1902 2385 ποίει

1102 2414 1148 2440 μοι
1166 2404 1195 2432 ὃν
1210 2405 1312 2440 τρόπον
1329 2404 1440 2438 ἐξῆλθεν
1468 2405 1500 2430 ὲκ
1521 2403 1569 2430 τοῦ
1587 2404 1719 2438 στόματός
1735 2413 1781 2430 σου
1795 2425 1802 2436 ,
1822 2405 1901 2439 ὑπὲρ

1100 2450 1138 2478 ὦν
1166 2451 1279 2485 ἐποίησέ
1308 2459 1350 2477 σοι
1367 2452 1381 2476 ὁ
1399 2450 1501 2485 Κύριος
1521 2449 1658 2484 ἐκδίκησιν
1671 2451 1702 2477 ὲκ
1718 2450 1771 2476 τῶν
1787 2451 1901 2485 ὲχίὶρῶι

1103 2505 1150 2522 σου
1168 2497 1201 2522 ἐκ
1218 2496 1272 2522 τῶν
1287 2496 1353 2522 υἱῶν
1375 2495 1498 2532 ’Δμμών.
1522 2505 1531 2521 ι

258 2542 382 2577 quidem,
407 2541 455 2574 ait,
483 2541 516 2568 de
541 2548 583 2568 me
604 2540 707 2575 aliquid
736 2541 875 2575 pollicitus
901 2549 941 2574 cs,
970 2542 1050 2570 facito
1074 2544 1140 2572 mihi
1173 2548 1203 2572 ut
1216 2550 1261 2573 tua
1280 2544 1334 2572 fert
1353 2545 1510 2580 promissio,
1531 2550 1673 2581 postquam
1696 2545 1744 2572 tibi
1759 2544 1902 2572 Dominus

261 2591 325 2616 tuos
342 2589 435 2616 hostes
449 2590 622 2618 Ammonitas
640 2593 714 2620 ultus
731 2597 772 2619 est
784 2593 818 2619 ⁷⁸.
838 2601 847 2618 ι

297 2637 399 2664 Praeter
419 2637 551 2664 hactenus
564 2643 655 2665 autem
672 2639 791 2666 iudicata
806 2639 877 2667 scire
892 2639 976 2667 debes
989 2645 1051 2674 post

261 2683 401 2711 Satnsouis
416 2688 431 2709 e
443 2683 497 2709 vita
516 2683 704 2718 migrationem
727 2683 932 2717 Benjamiucam
950 2685 1048 2712 tribum

262 2729 392 2762 voluptati
411 2737 440 2756 se
455 2728 658 2756 Sodomitarum
675 2730 835 2757 abhorrenti
852 2740 865 2757 ιι
883 2738 980 2758 natura
997 2735 1051 2758 tra-

262 2775 372 2808 didisse,
388 2783 420 2802 ac
436 2775 537 2802 furiose
555 2775 582 2802 iu
599 2775 724 2804 homines
739 2777 898 2812 peregrinos
923 2777 1050 2805 irruisse.

296 2860 319 2876 ’δ
337 2858 426 2887 Judic.
444 2867 480 2894 xt,
498 2859 543 2888 56.

1141 2638 1263 2664 Γίνωσκε
1293 2637 1323 2664 δὲ
1347 2638 1394 2664 καὶ
1407 2637 1488 2664 τοῦτο
1503 2637 1572 2672 πρὸς
1587 2639 1644 2668 τοῖς
1667 2638 1839 2672 εἰρημένοις.
1857 2641 1903 2666 ὅτι

1111 2684 1180 2719 μετὰ
1196 2684 1244 2719 τὴν
1266 2684 1395 2719 τελευτὴν
1410 2684 1457 2710 τοῦ
1481 2683 1600 2719 Σαμψὼν
1618 2684 1634 2719 ἡ
1652 2685 1721 2718 φυλὴ
1735 2684 1781 2710 τοῦ
1800 2685 1904 2712 Βενια-

1106 2732 1153 2766 μὶν
1170 2731 1220 2767 τὴν
1235 2732 1311 2767 παρὰ
1332 2732 1413 2766 φύσιν
1427 2730 1480 2757 τῶν
1496 2730 1648 2765 Σοδομιτῶν
1670 2731 1812 2764 ἐνενόησεν
1835 2732 1904 2766 ἡδοο

1105 2778 1153 2813 νὴν
1168 2778 1218 2804 καὶ
1243 2780 1299 2810 τοῖς
1315 2777 1535 2813 ἐπιξενουμένοις
1562 2777 1752 2812 ἐπεμαίνοντο.
1772 2778 1902 2813 Acut-.13;
