1966 3075
229 112 281 144 323

857 109 1066 140 MICIIAELIS
1085 109 1212 140 GLYCi‘E

1787 101 1842 133 324

230 167 310 203 168
324 167 395 193 illam
409 174 467 192 cum
479 165 586 192 (artatis
607 162 823 191 benedictionem
837 163 1012 198 acceperint?

1072 164 1125 189 ιίαν
1137 163 1288 198 ὀξύρροπον
1304 160 1496 196 διορθούμενος
1514 160 1529 186 ὀ
1545 159 1610 190 Oet;
1624 156 1763 188 τοιούτους
1781 156 1841 183 ἔθε-

227 214 273 242 Sic
285 214 356 240 en’m
378 211 463 239 saetis
483 211 509 237 in
534 209 643 237 Litteris
658 209 838 244 perscriptum
868 209 983 244 legimus
1000 216 1008 236 :

231 269 242 287 ι
262 260 334 287 Vidit
359 259 428 285 Deus
443 257 533 284 omnia
551 265 610 291 qu:c
627 257 737 286 fecerat.
763 262 848 289 eaque
862 254 932 281 bona
948 261 1009 280 esse

229 302 417 340 pronuntiavit
428 303 461 329 ⁷⁸.
480 311 490 328 ι
513 301 540 328 Si
568 309 633 336 ergo
655 308 752 335 porcus
779 304 906 333 tanquam
935 306 978 326 res
993 299 1017 325 α

229 351 285 378 Deo
309 354 400 377 creata
427 349 513 376 bonus
541 352 608 379 erat,
632 347 678 382 qui
705 347 833 380 deinceps
860 344 948 371 factus
969 349 1010 371 est

230 395 408 424 immundus?
429 395 467 422 De
483 394 580 428 quibus
606 392 732 419 omnibus
754 392 897 427 perspicue
922 393 1010 425 potest

228 442 341 477 intelligi
359 441 442 468 Deum
458 440 598 473 corrigere
621 438 755 464 volentem
781 437 960 464 lsrmlicornm
977 434 1009 461 ad

227 487 292 514 vitia
314 484 522 521 propensionem
540 482 695 516 hujusmodi
722 482 795 517 leges
820 481 913 508 tulisse
928 485 1010 514 atque

227 532 387 569 hujusmodi
414 530 542 558 remediis
563 537 640 556 nsum
665 528 759 555 fuisse.
783 527 880 554 Eadem
906 527 1010 553 ratione

226 579 290 607 Noae
308 585 416 613 quoque
434 576 602 611 temporibus
622 574 780 601 animalium
804 573 952 600 discrimen
969 572 1009 598 in-

228 624 327 650 stituit.
343 623 410 649 Nam
427 623 490 656 quia
507 621 627 648 futurum
641 619 822 655 prospiciebat
840 623 868 645 ιιι
886 618 1010 644 homines

228 669 260 696 a-l
275 670 398 695 insnum
413 667 586 694 (leastrorum
598 666 699 692 cultum
712 664 896 694 deﬂectereni,
908 663 1011 697 optimo

219 719 296 742 sane
309 714 424 741 consilio
441 713 480 740 sic
492 712 634 745 distinguit
653 710 790 741 animalia,
809 717 862 744 quo
881 708 932 734 alia
963 714 1011 741 pro

229 761 350 793 mundis,
372 759 424 786 alia
457 766 505 793 pro
530 757 677 784 immundis
691 756 865 782 haberentur.
889 753 1010 786 Quanam

229 806 305 837 illud,
327 806 450 836 obsecro,
471 803 504 830 de
521 802 623 830 causa?
642 802 776 829 Nimirum
800 805 830 827 ut
856 800 952 834 partim
979 799 1011 826 iis

228 853 385 879 vittitantes
414 855 542 884 tauquam
570 848 698 879 mundis,
726 846 825 882 partim
848 850 1010 878 aversantes

228 898 302 925 velut
319 896 470 928 immunda,
484 899 578 922 neutra
596 901 645 929 pro
660 893 712 920 diis
724 896 929 920 venerarentur.
945 891 1010 917 Nam

230 943 397 977 ca‘teroquilt
423 948 455 967 ea
476 948 529 967 non
546 940 660 967 dixisset
687 937 839 970 immunda,
865 945 926 971 quae
949 943 1010 964 cum

202 978 214 985 ’
228 989 290 1017 aliis
307 994 481 1015 communem
496 993 511 1012 a
527 986 580 1013 Deo
593 984 812 1012 benedictionem
825 983 903 1009 initio
921 989 1013 1008 rerum

229 1037 401 1067 act-cperant.
420 1032 453 1058 Et
470 1038 535 1058 vero
546 1030 645 1057 factam
663 1029 689 1056 id
706 1028 836 1063 temporis
853 1027 1012 1054 animalium

229 1080 435 1108 distinctionem
461 1076 610 1112 profectam
635 1082 695 1102 esse
725 1074 758 1102 de
776 1073 894 1101 consilio
917 1072 964 1100 Dei
985 1080 1013 1099 se

230 1132 322 1154 nostra
337 1132 417 1152 causa
433 1123 612 1153 demittentis,
625 1121 709 1148 etiam
719 1120 819 1147 Paulus
836 1119 912 1146 hisce
925 1119 1014 1145 verbis

230 1172 371 1201 ostendit:
394 1180 402 1197 t
420 1169 500 1197 Nulla
524 1169 570 1196 Dei
584 1172 707 1195 creatura
730 1166 805 1200 rejici
829 1165 919 1198 debet,
934 1165 1014 1191 modo

230 1223 292 1245 cum
308 1217 457 1253 gratiarum
483 1213 592 1241 actione
615 1216 740 1240 sumatur
750 1211 782 1237 "'.
800 1220 809 1235 ι
831 1210 904 1237 ldem
929 1209 1014 1244 magis

230 1271 340 1299 quoque
358 1262 503 1289 conlirmat
515 1259 558 1286 illa
575 1259 621 1285 Dei
637 1265 700 1289 vox,
714 1264 767 1292 qua
784 1263 920 1283 summum
938 1254 1014 1281 illum

231 1309 384 1344 apostolum
403 1307 513 1333 Petrum
540 1303 723 1338 compellavit,
745 1309 799 1336 quo
823 1305 946 1334 tempore
969 1300 1016 1326 de-

232 1356 344 1383 missum
360 1361 375 1380 e
388 1353 457 1380 caelo
475 1352 589 1378 linteum
607 1348 750 1383 conspexit
765 1356 770 1374 :
789 1356 797 1371 t
811 1346 910 1381 Surge,
927 1345 1015 1378 l‘elre,

232 1407 320 1429 macta
336 1404 364 1427 et
377 1405 498 1426 vescere.
519 1406 527 1422 ι
554 1396 622 1423 {tem
640 1403 647 1421 :
672 1403 681 1419 ι
698 1393 762 1426 Quae
786 1393 857 1420 Deus
882 1392 1016 1426 purgavit,

233 1451 261 1474 tu
282 1454 316 1474 ne
333 1445 436 1481 polluta
457 1443 539 1470 dicito
548 1442 583 1468 ⁸ο.
604 1450 613 1466 ι
644 1440 738 1473 Neque
756 1446 820 1466 vero
844 1438 944 1464 mirum
970 1437 1018 1464 tibi

232 1492 359 1521 videatur
372 1490 454 1518 etiam
467 1488 547 1516 modo
558 1486 679 1522 qutedam
693 1492 742 1520 pro
754 1482 902 1511 immundis
913 1483 1017 1516 haberi,
1033 1503 1055 1532 ο

233 1537 311 1565 verbi
344 1535 429 1572 gratia
458 1534 564 1568 lupum,
592 1532 710 1563 leonem,
739 1529 880 1563 pardalim.
913 1528 1018 1563 Quippe

231 1588 349 1617 magnus
364 1580 410 1607 ille
425 1579 542 1606 Basilius
557 1577 615 1603 haec
630 1575 658 1602 in
671 1574 794 1602 Asceticis
814 1573 882 1604 suis,
895 1572 941 1608 qui
961 1573 1023 1600 libri

235 1629 357 1656 rationes
382 1625 577 1658 exercitiorum
600 1621 709 1657 pietatis
723 1620 875 1652 continent,
900 1620 926 1646 in
953 1619 1025 1646 hunc

236 1674 346 1701 modum
363 1671 508 1707 explicavit
523 1673 549 1697 et
568 1667 726 1695 illusu‘avit.
745 1665 979 1698 Quemadmodum
998 1663 1024 1690 in

236 1719 356 1746 oleribus
375 1716 447 1752 quod
474 1714 586 1742 noxium
603 1717 656 1745 est,
672 1711 705 1739 ab
720 1718 753 1738 eo
769 1710 939 1738 secernimus
952 1710 1024 1743 quod

238 1772 342 1793 natura:
360 1769 460 1792 nostra:
482 1761 621 1793 convenit,
642 1760 681 1787 sic
697 1759 778 1786 etiam
795 1758 823 1784 in
840 1756 969 1784 carnibus
991 1756 1025 1783 ab

1059 217 1090 236 το
1109 209 1206 243 νόμους
1219 209 1265 235 καὶ
1280 207 1397 235 τοιαῖσδε
1421 204 1582 242 θεραπείαις
1600 204 1746 240 ἐχρήσατο.
1760 201 1841 230 οὕτω

1062 254 1112 289 μὲν
1128 251 1174 281 οὖν
1189 255 1235 280 καὶ
1252 254 1297 280 ἐπὶ
1316 252 1364 279 τοῦ
1385 253 1447 279 Νῶε
1473 251 1608 286 διαίρεσιν
1633 249 1763 284 τεχνᾶται
1786 249 1842 275 τῶν

1060 298 1148 330 ζώων.
1167 297 1277 331 Ἐπειδὴ
1297 298 1352 333 γὰρ
1368 297 1441 332 ἐώρα
1456 297 1520 327 τοὺς
1533 293 1694 330 ἀνθρώπους
1709 294 1750 324 είς
1764 293 1842 319 εἰδω-

1060 342 1191 376 λομανίαν
1215 341 1399 374 ὲκκλίνοντας,
1420 340 1585 376 εύμεθόδως,
1611 339 1650 370 ὼς
1672 338 1786 372 ἔφημεν,
1802 337 1842 368 είς

1061 387 1173 422 καθαρὰ
1190 387 1275 414 ταῦτα
1291 388 1380 422 διιστᾷ
1401 387 1447 414 καὶ
1462 387 1615 421 ἀκάθαρτα.
1632 384 1710 416 Τίνος
1726 385 1840 415 ἐνεκεν;

1063 433 1121 459 Ἵνα
1132 433 1165 459 τὰ.
1175 433 1225 467 μὲν
1239 433 1325 459 αὐτῶν
1343 432 1477 463 ἐσθίοντες
1491 431 1528 462 ὡς
1539 431 1657 466 καθαρὰ,
1673 430 1706 457 τὰ.
1717 430 1744 456 δὲ
1760 428 1842 456 πάλιν

1060 479 1098 510 ὡς
1131 479 1273 514 ἀκάθαρτοι
1301 478 1450 512 φεύγοντες
1473 477 1557 512 μηδὲν
1575 477 1604 508 ἐξ
1619 476 1708 502 αὐτῶν
1725 476 1762 507 ὡς
1778 475 1845 502 Θεὸν

1061 525 1300 560 προσκυνήσωσιν.
1317 525 1348 551 Ei
1362 525 1399 559 μὴ
1413 524 1467 559 γὰρ
1484 524 1564 550 τοῦτο
1578 521 1622 558 ἦν,
1639 522 1689 549 οὐκ
1705 522 1738 549 ἂν
1750 521 1846 548 ἐκάλει

1060 570 1204 606 ἀκάθαρτα
1222 570 1256 596 τὰ
1281 570 1379 602 κοινῶς
1404 569 1526 605 ἀρχῆθεν
1548 568 1615 604 παρ’
1630 567 1713 595 αὐτοῦ
1729 567 1777 602 τὴν
1797 567 1844 594 εὑ-

1062 615 1168 649 φημίαν
1192 614 1338 648 δεξάμενα.
1362 616 1423 642 Ὀτι
1450 615 1478 641 δὲ
1506 613 1741 646 συγκαταϐάσεως
1770 610 1805 648 ἦν
1824 613 1842 648 ἡ

1061 662 1188 695 γεγονυῖα
1199 662 1259 688 τότε
1282 662 1336 689 τῶν
1361 661 1438 694 ζώων
1452 661 1594 695 διαίρεσις,
1616 661 1687 687 καὶό
1707 659 1845 695 μακάριος

1062 705 1145 738 ἔδειξε
1162 706 1267 738 Παῦλος
1285 706 1374 737 οὕτως
1398 706 1501 733 εἰπών·
1520 716 1529 732 t
1552 706 1636 732 Οὐδὲν
1654 705 1759 740 κτίσμα
1775 704 1845 731 Θεοῦ

1063 752 1216 786 ἀπόϐλητον
1231 754 1290 786 μετ’
1306 753 1482 788 εὐχαριστίας
1502 751 1720 786 λαμϐανόμενον.
1739 759 1749 776 ι
1769 750 1831 777 Ἐπι

1063 796 1172 823 ϐεϐαιοῖ
1193 797 1278 824 ταῦτα
1301 798 1347 823 καὶ
1372 797 1472 832 μᾶλλον
1494 798 1510 832 ἠ
1537 798 1667 831 γεγονυῖα
1692 796 1753 823 θεία
1769 796 1846 831 φωνὴ

1063 842 1129 877 πρὸς
1147 843 1193 868 τὴν
1210 844 1358 877 κορυφαῖον
1377 843 1492 878 Πέτρον,
1509 843 1591 877 ἡνίκα
1611 843 1660 878 τὴν
1677 842 1706 874 ἐξ
1727 841 1844 877 οὐρανοῦ

1065 889 1275 924 κατενεχθεῖσαν
1294 889 1390 923 ὀθόνην
1411 889 1553 922 ἑώρακεν
1569 899 1578 915 t
1606 888 1748 920 Ἀναστὰς,
1766 897 1775 914 ι
1791 888 1847 922 γάρ

1065 942 1142 969 φησι,
1162 943 1171 960 t
1189 934 1288 969 Πέτρε,
1307 934 1389 960 θῦσον
1405 935 1451 961 καὶ
1465 935 1545 968 φάγε,
1563 935 1609 961 καὶ
1627 933 1645 961 ὃ.
1660 935 1674 960 ὁ
1696 934 1763 965 Θεὸς
1782 934 1849 961 ἑκά-

1066 979 1144 1013 οηρε,
1170 979 1203 1005 σὺ
1225 979 1263 1014 μὴ
1286 979 1388 1005 κοίνου.
1412 988 1421 1005 ι
1446 979 1477 1006 Εἰ
1500 979 1529 1006 δὲ
1557 980 1604 1005 καὶ
1628 978 1675 1005 νῦν
1697 978 1844 1014 ἀκάθαρτά

1065 1033 1125 1050 τινα
1137 1024 1202 1059 παρ’
1215 1025 1293 1058 ἡμῖν,
1310 1025 1347 1055 ὡς
1362 1026 1375 1051 ὁ
1392 1024 1484 1058 λύκος,
1500 1025 1514 1051 ὁ
1526 1025 1593 1051 λέων
1606 1026 1653 1052 καὶ
1669 1024 1686 1059 ἡ
1703 1024 1849 1059 πάρδαλις,

1068 1070 1106 1105 μὴ
1127 1070 1252 1104 θαύμαζε
1271 1070 1367 1096 τούτου
1393 1070 1498 1096 ἓνεκεν.
1512 1071 1606 1105 Ἔχεις
1627 1069 1681 1105 γὰρ
1698 1070 1743 1096 τὸν
1759 1069 1850 1104 μέγαν

1060 1117 1207 1150 ,Βασίλειον
1229 1117 1258 1142 ὲν
1277 1118 1333 1147 τοῖς
1348 1116 1539 1150 Ἀσκητικοῖς
1553 1116 1636 1143 αὐτοῦ
1653 1117 1686 1143 τὰ
1706 1117 1771 1151 περὶ
1789 1115 1853 1143 τού-

1067 1170 1121 1188 των
1138 1161 1208 1187 οὕτω
1231 1161 1436 1196 διευκρινοῦντα
1455 1169 1507 1188 σοι·
1526 1171 1535 1187 t
1553 1161 1599 1194 Ὠς
1622 1163 1650 1187 ὲν
1677 1162 1805 1197 λαχάνοις
1818 1161 1850 1187 τὸ

1070 1206 1201 1242 βλαϐερὸν
1225 1207 1272 1234 τοῦ
1297 1207 1467 1241 καταλλήλου
1482 1207 1646 1243 χωρίζομεν,
1669 1207 1740 1234 οὕτω
1760 1208 1808 1233 καὶ
1822 1209 1852 1234 έν

1068 1255 1125 1284 τοῖς
1139 1254 1235 1287 κρέασι
1246 1252 1294 1279 τοῦ
1310 1253 1448 1288 χρησίμου
1463 1255 1493 1280 τδ
1510 1254 1641 1289 βλαϐερὸν
1656 1254 1846 1289 διακρίνομεν,

1069 1300 1128 1326 ἐπι).
1148 1299 1264 1334 λάχανόν
1288 1300 1352 1328 ἐστιν
1372 1299 1419 1326 καὶ
1448 1299 1477 1325 τὸ
1506 1300 1638 1331 κώνειον,
1656 1301 1750 1336 ὥσπερ
1767 1305 1854 1337 κρέας

1071 1345 1130 1371 ἐστὶ
1146 1346 1192 1371 καὶ
1217 1345 1246 1372 τὸ
1268 1345 1402 1379 γύπειον·
1428 1345 1486 1373 ἀλλ’
1503 1347 1577 1379 ὅμως
1605 1346 1667 1372 οὗτε
1691 1346 1851 1381 ὑοσκύαμον

1072 1389 1153 1424 φάγοι
1165 1389 1198 1416 ἄν
1212 1398 1253 1421 τις
1270 1390 1332 1416 νοῦν
1349 1390 1428 1424 ἔχων,
1445 1390 1507 1417 οὔτε
1530 1391 1611 1423 κυνδς
1637 1391 1736 1426 ἅψαιτο
1751 1392 1789 1426 μὴ
1805 1400 1856 1426 με-

1071 1436 1156 1470 γάλης
1170 1436 1292 1471 ἀνάγκης
1309 1436 1537 1470 κατεπειγούσης,
1553 1437 1590 1469 ὡς
1608 1437 1622 1464 ὃ
1637 1446 1669 1471 γε
1694 1437 1789 1471 φαγὼν
1803 1438 1854 1463 οὐκ

1071 1481 1202 1516 ὴνόμησε.
1236 1491 1245 1506 ι
1267 1481 1395 1508 Μάνθανε
1427 1480 1473 1509 οὖν
1488 1482 1530 1509 ὅτι
1553 1482 1583 1509 τὸ
1607 1482 1738 1518 βλαϐερὸν
1760 1485 1858 1517 turpe-3-

1071 1535 1167 1560 γοντες
1180 1527 1213 1553 τὰ
1233 1527 1282 1560 μὲν
1296 1527 1351 1554 τῶν
1366 1527 1443 1559 ζώων
1459 1528 1596 1562 ἐσθίομεν,
1615 1529 1666 1555 ὅσα
1687 1530 1735 1556 καὶ
1754 1530 1857 1561 μᾶλλον

1073 1572 1180 1607 εὔχυμὰ
1195 1581 1225 1598 τε
1248 1574 1294 1599 καὶ
1318 1574 1451 1608 τρόφιμα,
1469 1574 1502 1600 τὰ
1524 1574 1553 1601 δὲ
1582 1575 1790 1609 μυσαττόμεθα.
1805 1584 1859 1603 κα-

1073 1617 1165 1653 χεξίας
1185 1618 1233 1643 καὶ
1247 1617 1312 1649 ἴσως
1327 1619 1373 1644 καὶ
1385 1618 1483 1653 ἀηδίας
1497 1618 1560 1645 ὄντα
1574 1621 1740 1654 παρεκτικά.
1761 1620 1858 1656 Ταύτῃ

1072 1673 1114 1691 τοι
1133 1664 1178 1690 καὶ
1198 1664 1276 1698 ὅρους
1293 1664 1318 1690 οι
1343 1664 1466 1700 Πατέρες
1487 1665 1532 1691 ἐπὶ
1546 1665 1652 1697 τούτοις
1667 1666 1816 1700 τεθείκασι,
1828 1668 1861 1694 τὸ

1073 1710 1164 1744 λίχνον
1192 1709 1343 1736 κάντεῦθεν
1367 1710 1445 1745 ἡμῶν
1462 1710 1681 1742 ἀναστέλλοντες.
1700 1712 1756 1740 Καὶ
1771 1713 1859 1739 ταῦτα

1077 1756 1127 1791 μὶν
1148 1756 1187 1787 είς
1202 1755 1343 1782 τοσοῦτον.

237 1812 348 1839 utilibus
373 1816 544 1844 quaecunque
560 1807 647 1835 noxia:
667 1810 732 1834 sunt
756 1805 933 1835 secernimus.
958 1803 1025 1830 Nam
1045 1806 1073 1830 et
1105 1802 1194 1830 cicuta
1223 1802 1337 1837 perinde
1355 1803 1459 1831 olerum
1482 1804 1665 1839 appellatione
1680 1806 1763 1838 venit,
1786 1809 1816 1832 ut
1834 1810 1863 1833 et

236 1860 378 1887 vulturum
405 1864 502 1884 carnes
533 1861 583 1889 pro
605 1853 734 1880 carnibus
764 1851 913 1878 ducuntur.
957 1849 1043 1876 Nemo
1059 1853 1150 1875 tamen
1179 1847 1277 1875 mentis
1306 1855 1417 1883 compos
1434 1849 1627 1884 hyoscyamum
1644 1851 1792 1878 comederit
1809 1859 1862 1878 nec

238 1913 349 1934 carnem
364 1904 488 1931 caninam
502 1900 660 1936 gustaverit,
673 1899 726 1925 nisi
765 1897 835 1924 forte
869 1903 965 1930 magna
999 1893 1123 1929 quaedam
1160 1893 1308 1921 necessitas
1324 1899 1435 1929 urgeat;
1450 1895 1523 1930 quod
1537 1895 1645 1930 quidem
1664 1891 1687 1924 si
1707 1897 1864 1931 usuveniat,

238 1952 307 1980 “in”
341 1954 390 1978 hoc
416 1949 498 1977 modo
528 1953 642 1974 vescens
670 1943 816 1978 delinquit.
849 1943 1020 1975 Quapropter
1040 1939 1113 1967 scire
1128 1939 1212 1966 debes
1246 1946 1295 1965 nos
1328 1946 1410 1980 opera
1427 1939 1489 1966 data
1504 1947 1548 1967 res
1569 1941 1666 1969 noxias
1687 1943 1819 1975 aversari,
1835 1948 1865 1970 et

239 2000 272 2027 iis
287 1997 394 2033 quidem
409 1994 570 2023 animalibus
583 1991 659 2020 'vesci
677 1997 847 2026 qutccunque
883 1988 958 2015 succi
992 1986 1056 2014 boui
1076 1989 1141 2012 sunt
1154 1984 1273 2018 utileque
1287 1983 1482 2012 nutrimentum
1498 1986 1631 2020 praabent.
1646 1988 1680 2015 ab
1694 1987 1754 2015 aliis
1771 1993 1864 2015 autem

240 2048 399 2076 abhorrere,
424 2051 483 2078 qua:
510 2042 582 2069 forte
606 2039 790 2068 valetudinem
821 2035 1022 2063 incommodam
1045 2033 1087 2061 vel
1120 2028 1225 2067 aliquid
1257 2031 1331 2058 aliud
1355 2032 1468 2067 ingratae
1495 2034 1536 2060 rei
1564 2033 1644 2061 nobis
1661 2034 1715 2062 sint
1729 2036 1864 2063 concilia-

241 2101 313 2125 tura,
328 2093 351 2119 si
368 2077 557 2118 cumcdantur.
579 2087 663 2115 l‘risci
685 2085 794 2120 quidem
838 2083 877 2111 illi
911 2081 1006 2110 Patres
1036 2085 1125 2108 certas
1156 2078 1235 2106 nobis
1259 2078 1310 2104 hac
1337 2077 1364 2104 in
1381 2083 1456 2111 parte
1479 2078 1551 2114 leges
1575 2080 1810 2116 praescripserunt,
1837 2083 1869 2109 ut

242 2124 361 2167 lascivia:
388 2135 574 2171 voluptatique
602 2139 702 2160 nostrae
727 2131 836 2158 modum
865 2132 1028 2156 statuerent.
1052 2127 1092 2154 At:
1114 2126 1148 2153 de
1172 2125 1216 2152 his
1233 2131 1300 2151 sane
1331 2124 1431 2151 dictum
1460 2125 1592 2154 hactenus
1613 2131 1683 2154 esto.

277 2186 345 2219 Quia
357 2191 421 2211 vero
430 2182 548 2210 studium
563 2180 589 2207 in
605 2178 736 2206 discendo
748 2183 822 2206 tuum
836 2176 902 2203 mihi
922 2182 1032 2210 perspe-

243 2239 318 2262 ctum
334 2235 386 2261 est.
399 2229 478 2265 169
486 2234 574 2263 operm
589 2225 704 2261 pretium
716 2229 825 2252 acturus
839 2230 911 2254 sum,
927 2222 949 2249 si
963 2228 1031 2256 qua-

1125 2171 1218 2204 ’Λξιον
1232 2170 1260 2197 δὲ
1278 2169 1325 2196 καί
1337 2177 1418 2195 τινων
1436 2170 1561 2205 ίστοριῶν
1574 2172 1776 2207 ἐπιμνησθῆναι
1791 2173 1869 2207 φιλο-

1088 2216 1201 2252 μαθείας
1216 2216 1296 2251 χάριν
1317 2215 1366 2249 τῆς
1387 2215 1437 2250 σῆς
1453 2215 1485 2242 ἐκ
1504 2216 1553 2251 τῆς
1572 2217 1685 2252 Ίουδήθ.
1708 2217 1737 2244 '0
1754 2218 1867 2245 Ναϐου-

245 2279 369 2307 rumdam
383 2284 415 2303 ex
429 2274 544 2302 .Iuditlue
560 2273 629 2299 libro
653 2270 839 2298 narrationum
871 2268 1019 2295 meminero

1086 2263 1228 2297 χοδονόσορ
1244 2261 1287 2288 διὰ
1309 2261 1339 2287 τὸ
1358 2261 1396 2296 μὴ
1413 2259 1594 2297 ἐπικουρῆσαι
1611 2261 1685 2298 αὐτῷ
1700 2263 1806 2294 πάντας
1822 2264 1868 2290 ὅτε

244 2323 497 2352 Nabuchodonosor
515 2323 657 2354 propterea
681 2316 753 2351 quod
781 2314 907 2342 nationes
928 2319 1034 2340 caetera;

247 2370 298 2397 sibi
313 2369 443 2395 adversus
455 2364 610 2400 Arphaxam
626 2362 726 2390 bellum
745 2360 847 2395 gerenti
872 2366 951 2394 opem
980 2365 1033 2385 non

247 2415 385 2445 tulissent,
402 2411 542 2446 copiarum
558 2415 669 2436 suarum
689 2407 881 2441 imperatorem
901 2404 1035 2438 Olopher-

248 2468 310 2488 netn
329 2459 460 2485 adversus
475 2455 588 2490 quosvis
605 2452 752 2488 ablegavit,
779 2458 862 2486 seque
885 2450 968 2477 totius
981 2454 1035 2475 ter-

251 2512 343 2532 tarum
358 2503 433 2531 orbis
449 2509 578 2536 magnum
594 2506 684 2535 regem
709 2506 741 2525 ac
757 2497 897 2525 dominum
910 2495 1033 2531 appella-

220 2548 223 2549 ⁷
251 2552 297 2578 vit.
317 2550 372 2577 lloc
398 2548 525 2576 mandato
549 2550 662 2581 accepto
679 2545 811 2573 adversus
837 2542 946 2570 Iudaeos
970 2540 1035 2568 Olo-

207 2593 210 2595 ’
252 2598 373 2632 phernes
388 2595 480 2629 copias
495 2598 596 2621 movet.
619 2592 686 2619 Eum
705 2591 805 2618 Achior
826 2588 995 2616 Ammanitcs
1010 2586 1037 2612 in

253 2631 325 2670 hanc
339 2640 503 2668 sententiam
529 2644 641 2666 amere
658 2646 663 2663 :
683 2636 705 2663 si
723 2634 794 2669 quod
822 2638 894 2660 esset
909 2631 1038 2658 delictum

253 2688 314 2721 ejus
339 2685 458 2713 nationis
480 2692 533 2720 quo
568 2683 652 2710 Deum
681 2680 880 2707 ollemlissent.
912 2680 985 2703 recte
1011 2682 1040 2702 se

255 2735 396 2766 facturos,
425 2732 447 2760 si
475 2731 613 2771 regionem
638 2728 711 2755 illam
743 2725 913 2755 invaderent,
939 2724 1041 2757 quippe

288 2813 311 2829 "
327 2812 395 2840 Gen.
410 2819 429 2844 I,
448 2810 492 2837 3L
529 2811 551 2825 ⁷⁹
565 2808 574 2835 l
588 2808 660 2835 Tim.
679 2814 714 2838 Iv,
731 2805 785 2832 δι.-

1085 2309 1214 2344 ἐπολέμει
1239 2309 1308 2343 μετὰ
1335 2308 1381 2335 τοῦ
1403 2308 1537 2343 Ἂρφαξᾶ,
1555 2308 1696 2334 ἐπέστειλε
1719 2307 1765 2335 τὸν
1782 2315 1869 2344 στρα-

1084 2355 1168 2390 τηγὸν
1191 2354 1274 2381 αὑτοῦ
1296 2354 1462 2389 ”Ολοφέρνην
1487 2354 1556 2380 κατὰ
1580 2354 1669 2388 πάσης
1685 2353 1736 2388 τῆς
1751 2353 1814 2387 γῆς,
1830 2354 1871 2380 εἱ-

1085 2399 1144 2426 πὼν
1161 2400 1228 2433 πρὺς
1241 2400 1322 2426 αὐτόν
1335 2407 1342 2414 ·
1359 2409 1369 2426 ι
1394 2397 1464 2426 Τάδε
1480 2398 1553 2432 λέγει
1567 2397 1694 2432 βασιλεὺς
1712 2398 1724 2423 ὁ
1740 2398 1839 2432 μέγας,
1856 2398 1871 2424 ὁ

1087 2446 1183 2482 κύριος
1208 2445 1300 2481 πάσης
1325 2446 1374 2480 τῆς
1392 2445 1455 2479 γῆς.
1475 2454 1484 2470 ι
1508 2444 1566 2478 Ἐφ’
1581 2440 1602 2478 ᾧ
1622 2443 1669 2470 καὶ
1681 2443 1752 2470 κατᾶ
1767 2443 1872 2478 ταύτην

1086 2491 1137 2524 τὴν
1163 2490 1288 2516 κέλευσιν
1309 2489 1454 2524 ἀπαίροντι
1476 2488 1515 2524 τῷ
1536 2487 1689 2524 Ὀλοερέρνῃ
1709 2488 1782 2514 κατὰ
1805 2487 1874 2514 ’1ου-

1089 2537 1182 2569 δαίων,
1198 2536 1249 2571 ἔφη
1265 2536 1311 2562 καὶ
1324 2535 1385 2562 τάδε
1399 2536 1413 2562 6
1435 2534 1605 2569 Ἀμμανίτης
1626 2534 1737 2569 Ἀχιὼρ,
1749 2542 1758 2558 t
1776 2534 1806 2561 El
1822 2533 1874 2568 μὲν

1090 2582 1164 2609 ἔστιν
1178 2582 1306 2617 ἀγνόημα
1321 2582 1350 2607 ὲν
1367 2581 1404 2616 τῷ
1420 2580 1477 2616 λαῷ
1496 2581 1584 2615 τούτῳ
1605 2580 1650 2606 καὶ
1667 2580 1876 2615 ἁμαρτάνουσιν

1091 2630 1128 2660 εἰς
1141 2628 1185 2655 τδν
1200 2628 1266 2654 Θεὸν
1284 2627 1385 2660 αὐτῶν,
1402 2626 1603 2661 ἀναϐησὼμεθα
1619 2626 1667 2653 καὶ
1681 2625 1879 2659 ἑκπολεμήσιιμ

1092 2683 1142 2710 μεν
1161 2673 1259 2705 αὐτούς
1271 2682 1277 2688 ·
1293 2673 1317 2699 εί
1331 2673 1359 2699 δὲ
1377 2673 1414 2708 μή
1430 2681 1472 2707 γε,
1490 2671 1648 2706 παρελθέτω
1660 2672 1674 2698 ὁ
1685 2670 1780 2706 κύριός
1793 2679 1873 2705 μου.»

1092 2720 1147 2746 Καὶ
1166 2719 1181 2746 ὁ
1201 2719 1366 2753 ”Ολοφέρνης
1384 2718 1452 2753 πρὸς
1473 2717 1584 2753 ’Λχιὼμ
1604 2727 1613 2743 t
1629 2717 1686 2745 Καὶ
1697 2718 1739 2746 τίς
1763 2717 1778 2743 ὁ
1797 2716 1876 2748 ϐὡς.

1720 2786 1734 2794 ι

831 2802 854 2817 ¹⁰
873 2803 932 2829 Act.
951 2809 978 2833 ς,
996 2800 1087 2828 I545.
