1966 3075
121 167 174 199 333

756 170 956 201 ANNALIUM
977 171 1072 200 PARS
1095 171 1132 202 ll.

1689 175 1737 204 37H

121 224 203 258 τικὴν
217 223 314 259 στολὴν
331 223 516 260 προφητεύειν
531 224 605 260 αὐτῷ
632 225 697 258 περὶ
723 226 776 252 τῶν
798 227 908 261 μελλόν-

961 222 1099 254 νρειθέἱίή
1117 227 1319 260 vaticinaretur,
1339 228 1448 262 quinam
1469 228 1527 262 ejus
1552 228 1612 254 belli
1635 227 1740 256 futuras

123 278 189 296 των.
205 269 258 296 Τοῦ
274 270 302 296 δὲ
314 270 518 306 προτρέψαντος
534 271 676 307 ἐξέρχεται
705 272 774 298 κατά
804 273 906 299 Παλαι-

123 315 272 342 στινῶν.¹ο
292 316 385 350 μέντοι.
405 316 492 343 Σαοὺλ
508 318 541 351 τῇ
549 318 612 352 νίκῃ
626 317 756 352 ἐπαρθεὶς
768 318 905 352 ἐπαρᾶται

122 361 180 391 τοῖς
206 360 344 395 Ἑϐραίοις
357 369 365 376 ·
384 362 417 396 ἦν
428 370 470 392 τις
490 362 681 396 ἀποσχόμενος
706 362 752 389 τοῦ
781 364 906 396 φονεύειν

122 406 186 436 τοὺς
203 406 319 440 ἐχθροὺς
332 406 418 442 φάγῃ,
435 407 484 434 καὶ
512 406 549 442 μὴ
579 407 677 442 μέχρις
704 405 734 434 οὗ
751 408 798 440 νὺξ
828 408 908 434 ὲπελυ

125 450 210 477 θοῦσα
224 450 275 485 τῆς
291 451 460 487 ἀναιρέσεως
477 452 577 484 αὐτοὺς
591 452 741 489 ἀποπαύσῃ
757 454 811 480 τῶν
828 454 908 480 πολε-

126 496 206 530 μίων,
224 497 427 532 ιπικατάρατος
443 498 497 534 εἴη.
527 498 606 525 Οὕτω
633 499 722 526 τοίνυν
743 499 791 526 τοῦ
821 500 906 527 Σαοὺλ

124 544 273 577 φήσαντος,
285 543 348 571 ἐπεὶ
360 545 429 571 κατά
441 554 500 572 τινα
515 545 619 581 δρυμδν
631 547 755 580 ἐγένοντο
768 547 906 582 μελισσῶν

123 589 259 624 γέμοντα,
280 591 294 617 6
309 590 356 616 τοῦ
378 591 465 618 Σαοὺλ
480 593 543 623 παῖς
559 592 610 618 οὐκ
639 592 765 627 ἀκηκοὼς
789 594 838 627 τῆς
858 595 904 621 τοῦ

123 635 228 670 πατρὸς
252 636 321 670 ἀρᾶς
346 636 500 670 ἀποθλίψας
529 646 556 664 τι
586 639 683 674 κηρίον
711 639 758 665 τοῦ
796 640 904 674 μέλιτος

124 681 231 716 ἢσθιεν.
249 679 314 708 Εῐτα
325 683 406 716 γνοὺς
421 683 452 709 τδ
467 685 580 717 γεγονὸς
603 685 653 711 οὐκ
668 685 756 720 όρηῶς
783 685 835 720 ἔφη
861 686 906 712 τὴν

125 728 231 761 πατέρα
246 727 375 762 τοιαύτην
389 729 461 763 ἀρὰν
472 729 557 755 Θεῖνειι
567 737 574 744 ·
594 729 766 764 εὐψυχότατα
781 731 834 766 γὰρ
855 739 892 758 κα

124 772 255 807 τατρὲχει
269 773 318 808 τῆς
333 773 388 801 τῶν
412 774 555 805 ἐναντίων,
575 775 602 801 εἰ
632 784 662 809 γε
678 777 782 811 τροφῆς
809 778 837 803 ἐν
867 778 906 813 τῷ

125 818 202 853 μέσῳ
219 819 319 853 φθάσει
335 821 511 855 μεταλαϐεῖν.
535 821 564 848 '0
579 821 607 847 δὲ
623 822 710 849 Σαοὺλ
737 824 806 857 μετὰ
821 824 852 850 τὸ
867 834 906 850 νι-

124 864 208 898 κῆσαι
222 865 269 891 καὶ
287 865 368 892 θῦσαι
388 865 426 901 τῷ
449 866 509 901 Θεῷ
524 867 632 893 κελεύει
647 867 692 894 τδν
710 868 842 904 ἀρχιερέα
859 869 906 896 καὶ

124 910 203 942 αὖθις
223 911 325 944 γνῶναι
340 912 364 937 εί
380 911 487 938 δίδωσιν
507 913 600 944 αὐτοῖς
613 914 627 939 6
642 914 707 944 Θεὸς
781 901 812 940 τὸ
825 922 906 949 στρα-
923 901 942 928 Β

124 956 239 982 τόπεδον
257 956 311 982 τῶν
323 956 430 991 ἐχθρῶν
444 957 531 984 ἐλθεῖν
553 959 601 985 καὶ
619 959 774 993 διαφθεῖραι
794 960 905 991 αὐτούς.

126 1001 259 1032 Εἰπόντος
279 1000 307 1027 δὲ
327 1001 374 1027 τοῦ
400 1001 553 1036 ἀρχιερέως
580 1003 618 1037 μὴ
643 1003 842 1038 ἀποκρίνεσθαι
861 1005 907 1031 τδν

125 1045 204 1077 Θεὸν.
223 1047 237 1072 6
252 1046 340 1072 Σαοὺλ
359 1046 410 1081 ἔφη
432 1047 469 1081 μὴ
479 1047 543 1073 ἄνευ
564 1048 653 1079 αἰτίας
668 1049 747 1075 τοῦτο
760 1049 883 1083 γίνεσθαι
899 1058 917 1065 ἠ

125 1091 185 1117 ἀλλ’
209 1091 267 1118 ἔστι
278 1100 305 1117 τι
317 1091 447 1118 λανθάνον
463 1092 491 1125 ἐξ
508 1093 588 1127 ἡμῶν
609 1093 762 1129 ἁμάρτημα
785 1096 834 1130 τῆς
859 1095 908 1122 τοῦ

126 1137 194 1164 Bcqu
224 1139 330 1173 σιωπῆς
365 1138 463 1172 αῐτιον,
493 1140 540 1166 καὶ
565 1141 678 1175 δμνυμι,
698 1142 751 1168 κᾶν
773 1143 786 1168 ὁ
813 1144 878 1175 παῖς
894 1145 908 1170 6

126 1184 193 1218 ἐμὸς
211 1183 340 1211 Ἰωνάθαν
355 1184 399 1219 εἴη
413 1185 427 1211 6
446 1185 476 1211 τὸ
499 1185 652 1221 ἁμάρτημα
675 1187 756 1213 τοῦτο
781 1189 907 1223 ποιήσας,

127 1230 302 1257 ἀποκτείνειν
311 1230 392 1256 αὐτὸν
408 1231 453 1257 καὶ
469 1230 514 1257 τὸν
527 1231 595 1258 Θεὸν
619 1231 706 1264 οὕτως
733 1233 907 1261 ί).εώσασοαι.

129 1275 228 1301 "tota:
241 1273 288 1302 οὖν
300 1276 314 1301 6
329 1275 431 1310 κλῆρος
442 1277 488 1303 ἐπὶ
504 1277 549 1303 τὸν
571 1277 709 1309 Ἰωνάοαν,
726 1279 772 1304 καὶ
788 1279 835 1305 τοῦ
854 1288 906 1305 πα-

127 1320 192 1355 τρὸς
204 1321 362 1355 ἐρωτῶντος
375 1322 456 1348 αὑτὸν
470 1323 496 1348 τί
514 1330 541 1348 τε
565 1323 699 1357 πεποίηκε
716 1323 764 1349 καὶ
777 1324 850 1355 ὅπως
869 1325 909 1355 είς

126 1366 194 1393 Θεὸν
206 1367 356 1401 ἐξήμαρτε.
372 1367 455 1401 μηδὲν
467 1367 561 1402 ἕτερον
584 1368 677 1401 ἔλεγεν
701 1370 816 1396 συνιδεῖν
833 1371 848 1406 ἦ
863 1372 910 1405 μέ-

126 1410 199 1443 λιτος
225 1411 289 1446 χθὲς
304 1410 520 1445 ἀπογεύσασῡαι,
536 1412 586 1448 τὴν
615 1413 684 1446 ἀρὰν
713 1414 828 1448 ἀγνοῶν.
848 1416 907 1441 Διο-

131 1456 244 1491 μνύεται
263 1456 310 1484 οὖν
323 1457 336 1483 ὁ
351 1457 437 1483 Σαοὺλ
452 1458 608 1484 ἀποκτείναι
628 1459 722 1486 αὐτόν.
751 1461 806 1486 Οὐκ
832 1461 908 1487 ἀνθί-

129 1510 227 1540 σταται
257 1503 271 1529 6
293 1504 369 1533 παῖς,
396 1503 431 1529 τὰ
451 1503 499 1529 τοῦ
528 1503 611 1538 ὅρκου
642 1504 730 1539 βιάζει
762 1506 908 1540 προϐῆναι.

134 1546 215 1573 Ἀλλὰ
241 1547 271 1573 τὺ
299 1546 401 1582 πλῆθος
428 1547 517 1582 ἀλγεῖ,
546 1548 595 1575 καὶ
625 1548 671 1575 τὸν
692 1550 820 1577 Ἰωνάοαν
836 1551 908 1583 ἐξαι-

131 1593 175 1626 ρεῖ
201 1592 252 1626 τῆς
282 1593 372 1628 χειρὸς
405 1593 502 1626 Σαοὺλ,
529 1594 576 1620 καὶ
616 1594 733 1621 ἱκετεύει
755 1595 799 1621 τὸν
829 1596 905 1628 Θεὸν,

129 1637 201 1664 ἵλεον
235 1638 280 1665 ἐπὶ
309 1639 397 1674 τούτῳ
430 1640 514 1667 ποιεῖ.
544 1639 598 1666 Καὶ
627 1640 690 1674 περὶ
725 1640 774 1675 μὲν
806 1640 908 1667 τούτων

127 1692 225 1715 ουτως.

958 276 1032 299 esset
1047 267 1147 300 exilius.
1162 272 1210 300 lllo
1222 281 1311 308 regem
1325 274 1357 300 ad
1375 274 1473 301 bellum
1487 273 1634 305 excitante,
1650 275 1740 308 copias

957 318 1056 346 Saulus
1069 319 1211 345 adversum
1226 319 1380 357 Palaestinos
1397 319 1507 352 educit;
1526 327 1642 354 cumque
1656 320 1740 346 victo-

956 363 996 390 ria
1026 364 1128 398 potitus
1159 368 1252 395 esset,
1286 364 1448 390 insolentior
1475 365 1562 390 factus
1584 364 1741 398 hnjusuiodi

957 410 1075 444 quadam
1106 410 1297 437 exsecratione
1324 410 1374 436 sibi
1397 406 1524 436 lleliracos
1537 409 1700 441 devincit“.
1718 411 1740 436 si

957 455 1018 489 quis
1039 455 1164 482 hostibus
1190 463 1305 490 parcens
1321 455 1412 483 cibum
1442 460 1573 487 sumeret,
1592 463 1641 482 ucc
1656 455 1682 482 in
1700 455 1740 481 eis

929 518 935 524 ι
958 500 1116 527 occidendis
1144 501 1236 527 tandiu
1253 505 1439 535 perseveraret
1454 501 1516 527 dum
1537 509 1590 527 uo.\
1608 508 1740 535 superve-

957 547 1036 573 nicns
1051 547 1173 574 credendi
1199 547 1278 574 linem
1294 547 1407 578 faceret,
1429 547 1453 573 is
1469 552 1498 574 ut
1512 546 1686 573 exsecrabilis
1701 546 1741 573 fo-

957 597 999 620 ret
1023 601 1055 620 ac
1080 593 1148 620 diris
1165 593 1355 621 devoveretur.
1374 594 1435 621 ll:cc
1460 594 1558 621 Saulus
1578 602 1638 620 cum
1655 595 1741 628 prolo-

957 642 1037 665 cutus
1067 638 1180 670 fuisset,
1214 639 1283 666 forte
1305 639 1405 666 acridit
1435 644 1464 666 ut
1487 640 1619 667 militibus
1645 640 1744 677 silvam_

956 683 1100 718 quamdam
1131 684 1279 720 ingressis,
1308 693 1368 718 qua:
1399 685 1496 712 referta
1525 691 1597 713 esset
1625 694 1647 719 a,
1661 687 1740 717 ibus.

957 729 1030 756 Sauli
1048 729 1119 756 filius
1134 731 1327 758 exsecratione
1346 737 1458 766 paterna
1474 739 1528 758 non
1544 732 1634 758 audita
1650 732 1739 759 favum

958 773 1047 800 mellis
1058 774 1182 801 avulsum
1207 774 1372 802 comederct.
1395 775 1517 810 Cumque
1534 776 1662 810 deinceps
1684 784 1757 802 rem-

958 819 996 846 uti
1015 824 1090 854 gesta
1105 819 1202 847 fuisset
1216 821 1416 852 intellexisset,
1438 822 1507 848 male
1523 822 1622 848 factum
1636 829 1650 848 a
1665 826 1742 855 patre

958 865 1076 895 diccbat.
1095 866 1141 900 qui
1163 866 1212 894 hac
1236 866 1382 894 devotione
1403 867 1506 894 milites
1522 867 1712 894 obstrinxisset
1733 877 1740 893 :

958 911 997 938 sic
1012 911 1085 938 enim
1108 916 1296 946 comparatum
1314 920 1374 939 csse
1398 918 1429 939 ut
1452 913 1544 939 animo
1570 913 1632 947 quis
1651 912 1742 938 fortis—

957 958 1028 984 simo
1043 957 1152 985 invadat
1162 957 1362 990 adversarium,
1381 957 1427 984 ubi
1440 958 1530 984 cibqu
1547 962 1643 984 nactus
1654 962 1742 984 semet

958 1004 1158 1038 aliquantulum
1176 1003 1317 1030 recreavit.
1334 1003 1433 1030 Saulus
1449 1003 1559 1030 victoria
1577 1003 1656 1038 174
1671 1003 1741 1037 poti-

958 1053 1003 1075 tus
1016 1068 1023 1080 ,
1041 1057 1103 1076 cum
1114 1057 1170 1076 rem
1184 1056 1288 1076 sacram
1304 1049 1359 1075 Deo
1371 1048 1491 1080 fecisset,
1510 1047 1606 1076 iterum
1621 1048 1741 1083 pontifici

959 1095 1069 1121 mandat
1084 1099 1112 1121 ut
1126 1094 1209 1121 Deum
1225 1095 1396 1126 consuleret,
1410 1102 1475 1121 num
1491 1093 1606 1121 feliciter
1622 1094 1739 1121 hostium

959 1145 1048 1167 castra
1065 1141 1187 1167 invasuri
1207 1145 1300 1167 essent
1319 1145 1346 1167 et
1364 1141 1468 1167 cladem
1489 1142 1528 1167 eis
1551 1140 1662 1167 il'aturi.
1687 1139 1741 1167 lle.

958 1187 1110 1220 spondente
1125 1186 1253 1220 pontifice
1263 1187 1385 1213 divinum
1399 1187 1540 1213 oraculum
1553 1187 1642 1216 silere,
1657 1195 1666 1211 ι
1683 1185 1739 1212 Non

960 1233 1021 1265 hoc,
1035 1233 1073 1259 ait
1089 1232 1197 1264 Saulus,
1211 1233 1314 1265 absqre
1328 1237 1402 1260 certa
1417 1237 1497 1259 causa
1516 1232 1554 1262 fit,
1571 1233 1616 1259 sed
1631 1239 1741 1258 necesse

958 1279 1000 1301 est
1028 1275 1136 1308 aliquod
1167 1275 1302 1302 occultum
1339 1282 1400 1302 esse
1433 1275 1560 1302 delictum
1592 1279 1714 1302 nostrum
1733 1295 1739 1305 ,

959 1320 1037 1354 cujus
1051 1321 1136 1354 gratia
1150 1321 1229 1346 nobis
1246 1321 1316 1347 Deus
1339 1321 1410 1347 haud
1426 1321 1598 1354 respondeat.
1612 1320 1741 1354 Equidem

959 1371 1131 1393 saerameuto
1146 1366 1277 1392 confirmo
1294 1374 1336 1392 me
1354 1385 1361 1397 ,
1385 1367 1407 1392 si
1438 1366 1477 1392 vel
1505 1365 1642 1392 Jonathan
1671 1366 1742 1392 ﬁlius

961 1420 1038 1439 meus
1055 1412 1135 1446 hujus
1158 1412 1261 1446 peceati
1282 1412 1317 1439 sit
1332 1417 1437 1444 auctor,
1455 1411 1567 1442 omnino
1582 1420 1643 1438 eum
1660 1412 1744 1439 inter-

960 1457 1106 1490 fecturum,
1133 1463 1214 1492 atque
1242 1459 1291 1484 hac
1306 1458 1412 1485 ratione
1430 1457 1514 1485 Deum
1529 1458 1709 1492 placaturutu.
1728 1468 1737 1482 ι

961 1502 1016 1530 Hoc
1041 1503 1121 1533 modo
1138 1503 1237 1530 factum
1255 1508 1283 1530 ut
1317 1510 1376 1530 sors
1399 1502 1479 1529 ducta
1509 1498 1535 1529 iu
1555 1502 1739 1529 Jonathanciu

923 1563 944 1591 ο
961 1548 1095 1580 caderet;
1125 1556 1242 1582 cumque
1266 1547 1349 1574 filium
1370 1553 1448 1582 pater
1477 1548 1659 1582 interrogaret
1680 1547 1744 1582 quid

962 1593 1094 1620 facinoris
1108 1594 1278 1628 designasset
1291 1601 1378 1628 quave
1395 1602 1423 1620 re
1440 1594 1466 1621 in
1479 1593 1561 1620 Deum
1577 1593 1744 1628 deliquisset,

961 1640 1066 1666 nullius
1084 1640 1129 1665 illc
1150 1647 1179 1666 sc
1208 1639 1346 1666 conscium
1367 1640 1417 1666 sibi
1436 1647 1494 1666 esse
1512 1639 1574 1666 facti
1597 1639 1745 1673 respondet

963 1694 1044 1720 quam
1065 1686 1137 1719 quod
1157 1687 1285 1712 hesterno
1299 1685 1342 1712 die
1360 1686 1411 1711 mel
1428 1686 1610 1720 degustasset,
1635 1685 1745 1718 ignarus
1775 1711 1782 1716 κ

129 1732 189 1767 ejus
202 1732 400 1759 exsecmtionis
433 1740 486 1768 qua
513 1733 645 1768 populum
675 1738 753 1769 pater
787 1733 987 1761 obstrinxisset.
1024 1734 1081 1760 lloc
1103 1733 1196 1760 audito
1211 1733 1309 1760 Saulus
1325 1741 1386 1760 cum
1407 1741 1436 1760 se
1464 1738 1622 1759 necaturum
1650 1733 1743 1766 juvat.

131 1787 248 1814 rumque
275 1779 344 1806 nihil
377 1780 539 1807 adversante
565 1779 620 1807 ﬁlio
645 1788 754 1815 prorsus
790 1780 948 1815 juramenlo
967 1779 1156 1807 satisfacturus
1183 1784 1273 1810 esset,
1291 1779 1419 1806 misertus
1444 1779 1605 1806 Jonatlianis
1630 1779 1744 1813 populus

129 1833 193 1852 eum
212 1825 246 1852 de
259 1824 333 1852 Sauli
366 1833 447 1852 manu
484 1825 580 1853 liberat
609 1826 748 1860 Deumque
769 1825 948 1860 supplicando
968 1825 1064 1860 placat.
1096 1824 1129 1851 Et
1152 1825 1207 1852 lucc
1227 1824 1334 1859 quidem
1364 1823 1491 1850 in’liunc
1510 1825 1615 1851 modum
1637 1829 1746 1852 narrata

130 1877 224 1899 SUIIIO.

167 1918 262 1944 Είπείν
287 1917 316 1944 δὲ
333 1917 380 1944 τὸν
404 1916 471 1943 Θεὸν
487 1917 579 1951 ἔλεγεν
594 1918 607 1943 6
634 1917 759 1953 Σαμουὴλ
786 1917 823 1949 ὠς
851 1918 913 1944 ἐπεὶ

131 1963 218 1990 πολλά
242 1963 314 1992 κακᾶ
329 1963 392 1994 τοὺς
419 1962 563 1997 Ἐϐραίους
580 1964 605 1989 οι
630 1963 810 1998 Ἀμαληκῖται
842 1963 913 1989 κατά

129 2019 163 2045 τι
175 2009 224 2046 τὴν
238 2010 341 2045 ἔρημον
359 2008 502 2044 διέθηκαν,
523 2009 604 2045 ἡνίκα
624 2009 674 2043 τῆς
688 2009 826 2042 Αἰγύπτου
855 2008 914 2039 ἑξε-

131 2055 291 2091 πορεύοντο,
308 2055 431 2082 κελεύειν
450 2056 563 2090 πολέμῳ
582 2054 794 2090 τιμωρήσασθαι
814 2054 912 2084 absab;

129 2102 176 2128 τδν
190 2101 277 2128 Σαοὺλ
297 2101 344 2127 καὶ
357 2101 471 2140 μηδενὸς
484 2101 574 2128 αὐτῶν
589 2101 750 2135 φείσασθαι.
772 2101 845 2135 Νικᾷ
857 2099 912 2126 τοί-

132 2156 180 2173 νυν
200 2147 300 2177 αὒτοὺς
316 2147 385 2173 κατά
403 2146 513 2181 κράτος,
541 2147 676 2181 λαμὸἀνει
703 2147 731 2173 δὲ
759 2147 805 2173 τὸν
821 2146 910 2174 αὐτῶν

132 2192 245 2225 βασιλέα
267 2191 353 2226 Ἀγάγ
367 2191 551 2226 αἰχμάλωτον,
576 2190 607 2219 οὗ
635 2192 778 2231 οειυμάσας
797 2193 826 2218 τδ
846 2192 914 2219 κά).-

130 2238 177 2268 ὶος
210 2238 258 2264 καὶ
281 2237 310 2264 τὸ
343 2238 457 2272 μέγεθος
483 2237 530 2264 τοῦ
558 2238 695 2272 σώματος,
717 2238 755 2270 ὡς
782 2238 914 2273 Ἰώσηπός

130 2291 210 2318 φησι,
227 2282 362 2316 σωτηρίας
378 2282 452 2314 ἄξιον
470 2282 573 2317 ἔκρινε.
591 2283 644 2308 Καὶ
659 2282 755 2313 Θυσίας
781 2282 834 2308 ἀπὸ
860 2283 913 2308 τῶν

131 2329 263 2363 λαφύρων
280 2329 392 2355 ἐκείνων
421 2329 555 2362 ἀνήνεγκε
581 2328 620 2363 τῷ
644 2327 713 2362 Θεῷ.
733 2328 791 2361 'E'g’
821 2325 842 2361 ᾧ
867 2329 914 2354 καὶ

132 2374 202 2408 πρὸς
229 2373 276 2400 τὸν
298 2373 426 2408 Σαμουὴλ
444 2373 496 2408 ἔφη
513 2373 527 2399 6
542 2374 625 2405 Θεός·
646 2383 655 2399 ι
674 2372 915 2407 Μεταμεμέλημαι

131 2421 173 2447 ὅτι
188 2419 286 2455 ἔχρισα
301 2419 346 2445 τὸν
359 2419 444 2445 Σαοὺλ
458 2420 498 2451 είς
513 2418 639 2453 βασιλέα,
655 2418 732 2452 κάγὼ
748 2419 916 2451 ὲξουδένωκα

134 2465 219 2492 αὐτὴν
233 2464 280 2490 τοῦ
301 2464 337 2499 μὴ
353 2464 507 2498 βασιλεύειν
531 2465 560 2490 ὲν
590 2463 710 2499 Ἰσραήλ.
731 2473 740 2489 ι
772 2463 853 2490 Ὅθεν
871 2464 918 2490 καὶ

134 2511 204 2545 πρὸς
214 2511 261 2536 τὸν
279 2511 364 2536 Σαοὺλ
379 2510 466 2541 οὕτως
481 2510 573 2544 ἔλεγεν
589 2511 602 2536 6
616 2509 755 2544 Σαμουὴλ.
771 2510 851 2544 ἡνίκα
873 2510 918 2535 τὸν

140 2556 228 2590 ’Λγὰγ
257 2555 425 2590 ὲζωογόνησε
455 2555 509 2581 τῶν
558 2554 749 2589 Ἀμαληκιτῶν
793 2554 918 2588 βασιλέα,

138 2611 147 2627 ι
166 2601 370 2636 Μεματαίωσοιι
387 2603 430 2631 σὺ,
457 2600 498 2627 ὅτι
526 2600 575 2626 οὐκ
586 2599 723 2633 ἐφύλαξας
745 2599 795 2634 τὴν
809 2600 918 2634 ἐντολὴν

134 2649 169 2682 ἢν
188 2647 343 2673 ἐνετείλατό
358 2654 399 2672 σοι
415 2646 429 2672 ὁ
441 2646 556 2681 Κύριος.
573 2646 655 2672 Ὀθεν
671 2647 717 2672 καὶ
730 2646 760 2672 οὐ
789 2646 919 2681 στήσεταί

80 2690 85 2694 ’
134 2701 177 2719 σοι
189 2692 206 2726 ἡ
228 2691 360 2726 βασιλεία,
374 2693 420 2718 καὶ
435 2692 547 2726 ζητήσει
564 2691 665 2726 Κύριος
694 2691 836 2726 ἄνθρωπον
849 2692 919 2718 κατὰ

136 2738 252 2772 καρδίαν
267 2737 350 2764 αὐτοῦ
371 2738 411 2769 εἰς
424 2738 541 2772 ἄρχοντα
557 2738 604 2763 ἐπὶ
627 2737 673 2764 τὶν
698 2737 762 2763 λαὸν
789 2737 884 2764 αὑτοῦ.
907 2746 916 2763 ι

138 2784 210 2820 Πρὸς
224 2784 329 2816 τούτοις
343 2784 372 2810 δὲ
387 2785 433 2811 καὶ
444 2784 507 2811 τάδε
524 2784 592 2818 πρὸς
608 2784 689 2810 αὑτὸν
706 2784 809 2817 ἔλεγεν,
837 2783 919 2818 ἡνίκα

171 2863 196 2879 ⁸⁸
218 2863 311 2898 llicg.
326 2871 381 2896 νιν,
393 2863 438 2892 ει.
478 2863 499 2880 ⁸⁸
514 2863 524 2890 1
541 2862 606 2896 Reg.
625 2871 668 2896 xv,
688 2863 742 2906 ll._

997 1920 1065 1943 Lum
1083 1921 1173 1942 autem
1191 1915 1290 1942 Saulus
1302 1915 1462 1950 prmcepisse
1479 1915 1530 1942 sibi
1549 1916 1630 1942 l‘eum
1644 1916 1746 1944 diceret

962 1967 990 1988 ut
1007 1961 1117 1996 quando
1131 1961 1287 1988 Amalec-itas
1306 1961 1332 1988 in
1346 1961 1456 1988 deserto
1484 1962 1624 1988 lsraelicos
1644 1963 1744 1990 misere

963 2012 1125 2035 tractassem
1142 2027 1149 2040 ,
1177 2015 1209 2034 ex
1243 2007 1358 2043 [Egypto
1374 2007 1399 2033 id
1419 2013 1499 2042 temp
1514 2008 1549 2033 vis
1576 2007 1722 2043 migrantes
1736 2028 1744 2039 .

962 2053 1019 2087 ipso
1045 2053 1115 2080 bello
1141 2053 1290 2080 sceleratos
1308 2053 1433 2080 homines
1453 2053 1561 2088 puniret
1575 2062 1606 2080 ac
1633 2055 1745 2081 onmiuo

967 2107 1060 2126 eorum
1078 2100 1182 2126 nemini
1200 2105 1332 2134 parceret,
1347 2100 1536 2134 obtemperans
1558 2101 1686 2129 mandato
1703 2101 1746 2129 di-

969 2147 1032 2175 vino
1047 2146 1132 2174 vincit
1147 2154 1194 2175 eos
1217 2147 1284 2179 acie,
1307 2154 1452 2182 regamque
1471 2147 1588 2182 Agagum
1611 2148 1747 2181 captivum

967 2193 1086 2220 abducit.
1105 2192 1203 2220 Verum
1217 2193 1444 2228 pulchritudinem
1459 2193 1518 2226 eius
1540 2194 1746 2227 proceritatem-

967 2245 1020 2273 que
1034 2239 1156 2273 corporis
1175 2239 1342 2270 admiratus,
1364 2239 1592 2273 quemadmodum
1622 2243 1648 2265 et
1669 2238 1748 2266 Iose-

968 2285 1037 2318 phus
1052 2283 1190 2311 mcmoria:
1206 2284 1335 2318 prodidit,
1353 2283 1492 2310 hominem
1517 2283 1628 2318 dignum
1644 2284 1749 2318 judicat

965 2330 1044 2364 cujus
1074 2330 1154 2357 saluti
1178 2330 1294 2364 vita‘qne
1319 2333 1454 2364 parcatur.
1478 2329 1563 2355 Simul
1591 2329 1624 2355 de
1655 2329 1749 2363 spoliis

966 2374 1179 2401 Amalecitarum
1197 2374 1252 2401 Deo
1267 2373 1390 2401 victimas
1406 2374 1495 2400 otl'crt.
1511 2373 1577 2399 Tum
1598 2380 1662 2400 vero
1678 2374 1750 2402 Deus

967 2420 1009 2447 his
1029 2421 1121 2447 verbis
1140 2420 1298 2447 Samuelum
1325 2419 1489 2453 compellare
1506 2427 1512 2445 :
1538 2428 1546 2444 ι
1565 2418 1682 2446 Ρωιιῖιει
1708 2427 1750 2446 me

968 2467 1043 2494 Sauli
1061 2467 1132 2502 regis
1150 2465 1333 2493 lsraelitarum
1351 2466 1434 2492 creati
1454 2474 1460 2492 :
1479 2471 1645 2500 quapropter
1661 2465 1749 2492 horni-

967 2519 1030 2539 nem
1049 2512 1190 2547 indignum
1206 2519 1267 2538 esse
1291 2512 1372 2538 statui
1391 2511 1434 2544 qui
1453 2518 1514 2537 cum
1532 2510 1648 2544 imperio
1662 2510 1750 2537 Israe-

968 2557 1022 2584 litis
1045 2558 1137 2592 prazsit
1155 2557 1189 2584 ⁸⁵.
1211 2567 1220 2582 ι
1245 2557 1284 2584 Ea
1309 2557 1343 2583 de
1362 2563 1444 2582 causa
1473 2555 1592 2582 vicissim
1609 2555 1751 2582 Samuclus

971 2603 1007 2630 ita
1026 2603 1136 2630 Saulum
1152 2603 1251 2637 alloqui
1265 2611 1272 2629 :
1291 2611 1299 2627 ι
1317 2600 1540 2635 Quandoquidem
1556 2600 1673 2634 Agagum
1687 2605 1738 2624 con

971 2649 1098 2681 servasti,
1116 2649 1222 2683 gessisti
1243 2653 1268 2674 te
1288 2648 1441 2679 dementer,
1459 2654 1510 2673 non
1529 2643 1679 2679 praestando
1693 2641 1752 2669 edi-

971 2699 1016 2720 (ιο
1042 2701 1096 2729 quo
1126 2699 1152 2721 te
1182 2694 1312 2721 Dominus
1331 2691 1488 2719 obstrinxit.
1514 2690 1616 2716 Idcirco
1639 2695 1750 2722 rogi:qu

971 2746 1057 2773 penes
1073 2743 1098 2765 te
1114 2747 1167 2765 non
1190 2738 1320 2769 manebit,
1345 2737 1391 2764 sed
1411 2736 1545 2763 hominem
1566 2733 1664 2767 deliget
1683 2733 1753 2759 Deus

971 2785 1063 2812 animo
1086 2791 1134 2811 suo
1156 2788 1273 2819 gratum,
1293 2783 1337 2818 qui
1358 2782 1457 2817 populo
1473 2787 1522 2807 suo
1542 2786 1602 2806 cum
1620 2783 1752 2813 potestate
