1966 3075
125 191 174 226 351

745 196 947 227 ANNALlUM
967 196 1064 226 PARS
1084 194 1126 227 Ιῐ.

1691 197 1746 230 342

125 252 315 281 ἀποκαλύπτει
330 253 419 281 ταῦτα
441 254 480 289 τῷ
494 253 683 289 ’Δὸισσαλώμ.
705 254 911 289 Παρατηρεῖται

973 261 1023 286 [nae
1042 261 1104 280 ctum
1121 252 1182 287 eius
1199 252 1334 280 desiderio
1357 260 1414 280 non
1439 252 1631 283 assentimur,
1651 253 1748 280 vitium

125 299 234 334 καιρδν,
246 298 390 334 ἐξέρχεται
401 300 441 330 εἰς
454 299 557 334 κουρὰν
569 299 622 326 τῶν
634 299 800 335 Ορεμμάτων
817 298 911 331 αὐτοῦ,

127 343 309 379 συλλαμϐάνει
328 345 387 379 μεθ’
405 346 503 380 ἑαυτοῦ
518 347 565 372 καὶ
582 347 645 377 τοὺς
660 346 803 380 ἀδελφούς.
817 347 911 375 Tela?-

126 399 170 416 ται
189 390 350 425 συμπόσιον,
367 392 414 417 καὶ
432 391 593 426 καρωθέντα
608 391 653 418 τὸν
668 393 776 426 Ἀμνὼν
787 392 910 418 κτείνου-

127 443 169 461 σιν
188 435 214 461 of.
241 435 347 462 οἰκέται
365 435 461 462 αὑτοῦ.
487 436 628 462 Ἐντεῦθεν
644 436 690 462 οὖν
706 437 720 462 ὁ
733 436 912 470 Ἀόεσσαλὼμ.

127 479 257 514 πτοηθεὶς
273 482 382 515 φρονεῖν
395 480 497 516 ἤρξατο
511 481 581 508 κατὰ
596 482 711 516 πατρός.
732 482 787 508 Καὶ
804 482 911 516 πρῶτον

129 524 177 559 μὲν
192 520 280 552 πείθει
301 526 381 552 αὐτδν
398 528 412 553 ό
429 526 568 561 ’Δχιτόφελ
579 527 619 558 εἰς
633 527 682 558 τὰς
698 527 841 558 παλλακὰς
855 528 912 553 εἰσ-

127 572 216 597 ελθεῖν
242 571 289 598 τοῦ
316 571 433 606 Πατρὺς,
448 572 543 598 ἔπειτα
561 572 741 607 συμϐουλεύει
759 572 832 607 αὺτῷ
844 572 913 607 μετὰ

129 618 257 652 στρατιᾶς
270 618 390 654 ὁρμῆσαι
406 617 478 644 κατὰ
492 617 540 644 τοῦ
556 618 648 645 Δαδίδ.
665 618 710 653 Μὴ
723 618 913 650 εἰσακουσθεὶς

128 663 156 688 δὲ
179 663 223 689 διὰ
247 663 276 690 τὸ
292 663 398 698 ἀγαθὴν
415 662 489 695 δόξαι
513 663 562 698 τὴν
579 663 626 690 τοῦ
648 664 733 691 Χουσὶ
757 665 914 699 συμϐουλὴν

130 708 219 743 (ἔτυχε
237 709 291 744 γὰρ
307 709 397 747 ’φίλος
413 706 485 735 εἶναι
505 710 544 744 τῷ
569 710 650 736 Δα6”ιδ
667 711 681 736 ὁ
697 709 792 745 Χουσὶ)
811 711 914 746 ἀγχόνῃ

130 755 276 789 ἐχρήσατο.
293 755 357 780 Ἐπὶ
378 754 407 781 δὲ
423 755 512 789 τούτῳ
528 754 657 781 διώκεται
672 755 772 788 μᾶλλον
789 756 803 781 ὁ
815 754 913 781 Ἀϐεσ-

131 798 238 832 σαλὼμ,
261 799 307 824 καὶ
322 799 354 833 δὴ
370 798 625 832 καταλαμϐάνεται.
643 800 715 825 Ἀλλ’
733 797 754 826 ὦ
767 799 914 834 Δαδιδικῆς

129 842 236 878 ψυχῆςῐ
258 845 304 869 καὶ
319 843 437 870 τοσαῦτα
455 844 509 877 γὰρ
527 844 622 870 παθὼν
645 844 721 880 παρὰ
735 845 781 870 τοῦ
806 853 914 879 πατρα-

130 889 189 915 λοῖα
201 890 291 922 ἔλεγεε
304 899 312 914 ι
327 889 458 916 Φείσασοε
472 890 519 916 τοῦ
536 890 680 924 παιδαρίου
697 890 883 924 Ἀῦεσσαλώμ.
900 899 910 916 ι

963 300 987 326 ei
1006 306 1054 334 per
1069 299 1123 326 vim
1139 298 1230 326 offert.
1246 298 1307 325 Mox
1322 303 1454 333 conci-pte
1468 299 1494 325 in
1515 306 1575 325 eum
1598 299 1660 325 odio
1674 298 1748 326 foras

963 345 1090 371 violatam
1113 344 1200 378 ejicit.
1224 344 1270 371 llla
1296 352 1350 371 non
1373 352 1467 378 parum
1496 349 1583 371 semet
1604 343 1746 375 afﬂictare,

963 389 1039 416 fratri
1068 389 1232 417 Abesalomo
1256 397 1313 416 rent
1340 389 1515 424 patefacere;
1544 390 1589 423 qui
1616 390 1748 423 temporis

962 436 1166 471 oppertunitate
1180 436 1335 467 observata,
1352 443 1464 462 suorum
1485 435 1517 462 ad
1535 443 1666 469 pecorum
1685 441 1750 462 ton-

962 488 1053 508 suram
1076 481 1252 514 proﬁciscens
1278 481 1377 508 fratres
1409 488 1473 508 suos
1497 481 1627 507 invitatos
1655 488 1748 508 secum

963 526 1084 553 abducit.
1113 525 1182 553 Hinc
1213 527 1323 562 epulum
1360 526 1516 557 instruitur,
1537 527 1750 562 _Aitittonemqne

964 572 1066 599 factum
1098 572 1256 599 hilariorem
1284 572 1439 599 Ahesalomi
1471 572 1564 598 fratris
1593 571 1688 598 famuli
1714 580 1749 598 ex

964 618 1115 652 composito
1140 623 1251 645 necant.
1271 618 1310 645 Ex
1339 626 1371 645 eo
1399 623 1521 652 temporc
1548 622 1674 644 metuens
1699 617 1751 644 sibi

964 664 1143 691 Abesalomus
1157 665 1271 692 consilia
1288 665 1411 699 qumdam
1431 669 1526 691 contra
1544 668 1648 697 patrem
1670 663 1752 690 moli-

965 715 1021 737 tur.
1041 710 1079 737 Ac
1095 711 1184 745 primo
1199 711 1308 744 quidem
1323 716 1418 737 auctor
1432 710 1458 737 ei
1481 710 1530 736 fuit
1554 709 1753 744 Achitophelus

965 759 994 781 ut
1009 755 1093 788 patris
1107 755 1274 782 concubinas
1287 755 1370 782 iniret
1380 764 1387 787 ',
1397 755 1496 782 deinde
1511 759 1539 780 ut
1552 762 1613 781 cum
1631 754 1752 780 exercitu

965 799 1095 827 Davidem
1118 801 1270 827 invaderet.
1290 800 1388 827 Verum
1411 808 1472 826 eum
1496 799 1521 826 ‘ei
1538 803 1682 834 propterea
1699 807 1753 825 non

965 846 1210 880 obtemperaretur,
1238 846 1310 880 quod
1344 846 1451 873 Chusaei
1483 845 1627 872 consilium
1656 844 1754 871 melius

966 899 1027 918 esse
1042 893 1129 919 visum
1146 893 1253 925 fuissel,
1266 892 1384 919 hominis
1401 891 1494 918 Davidi
1508 890 1584 917 valde
1597 889 1753 919 familiaris.

137 935 217 962 Ἀλλὰ
246 937 292 962 καὶ
316 936 364 962 τοῦ
392 936 470 962 Ὶωὲιό
489 937 560 968 κατὰ
590 937 704 971 καρδίας
722 937 848 971 βαλόντος
867 937 913 963 τὸν

973 937 1113 970 suspendio
1137 937 1219 964 vitam
1236 937 1305 964 ﬁnit.
1324 937 1481 964 Secundum
1499 938 1556 963 haec
1575 936 1754 963 Abesalomus

130 980 320 1016 ‘Aﬁsaaalt‘un,
339 982 422 1018 ἡνίκα
436 983 475 1017 τῷ
502 983 603 1018 δένδρῳ
618 983 772 1020 ἀπῃωρήοη
786 983 840 1010 τῶν
857 992 915 1018 τρι-

973 982 1071 1017 impetu
1093 983 1188 1017 majori
1206 988 1310 1018 patrem
1329 983 1518 1018 persequitur:
1531 983 1578 1010 sed
1593 983 1679 1010 haeret
1696 988 1757 1009 tau-

131 1026 197 1059 χῶν,
214 1026 314 1061 ἑορήνη
320 1036 365 1053 σεν
380 1027 500 1062 ἄμετρα.

973 1028 1040 1054 dem.
1066 1030 1154 1062 Atque
1175 1029 1219 1056 hic
1242 1029 1307 1056 mihi
1330 1029 1491 1056 Davidicum
1508 1029 1629 1055 animum
1651 1029 1755 1062 aspice.

131 1070 291 1104 Quanquam
316 1073 378 1100 talia
410 1078 541 1107 tantaque
565 1081 713 1108 perpessus
733 1080 748 1100 a
776 1072 913 1108 parricida
935 1072 1042 1104 fuisset,
1072 1074 1250 1101 nihilominus
1283 1075 1310 1101 in
1326 1075 1383 1101 haec
1400 1075 1483 1101 verba
1504 1081 1571 1101 suos
1587 1074 1754 1108 alloquitur:

134 1126 144 1142 ο
164 1116 269 1144 Parcite
300 1117 393 1152 juveni
409 1118 572 1145 Abesalomo
584 1118 617 1145 ⁸⁸.
636 1128 645 1143 ι
667 1117 751 1151 ldem,
768 1125 829 1145 cum
863 1117 1044 1146 Abesalomus
1067 1119 1160 1146 arbori
1184 1119 1307 1146 crinibus
1335 1119 1444 1147 innexis
1473 1119 1646 1151 adhaesisset,
1674 1127 1756 1154 supra

131 1164 242 1191 modum
258 1163 439 1192 calamitatem
459 1166 518 1200 ejus
533 1165 697 1200 deploravit.
731 1187 735 1190 .

168 1209 214 1245 Τῷ
227 1212 321 1244 μέντοι
342 1213 423 1239 Δαόἶδ
443 1211 593 1246 μελετῶντι
606 1211 669 1238 ναὸν
686 1211 862 1246 οἰκοδομῆσαι
877 1211 916 1247 τῷ

133 1257 230 1293 Κυρίῳ
247 1258 324 1285 εἶπεν
350 1259 364 1285 ὁ
389 1258 499 1284 Νάϐανσ
522 1267 532 1283 ι
548 1257 640 1284 Πάντα
656 1258 705 1283 ὅσα
718 1257 747 1283 ὲν
769 1258 801 1292 τῇ
818 1257 918 1293 καρδίᾳ

133 1313 180 1331 σου
197 1304 289 1339 βάδιζε
303 1304 350 1331 καὶ
365 1304 446 1336 ποίει,
461 1305 501 1330 ὅτι
514 1303 580 1334 Θεδς
598 1303 668 1338 μετὰ
686 1302 744 1329 σοῦ.
764 1312 773 1329 ι
784 1303 916 1338 Ἠγνόησε

132 1351 189 1386 γὰρ
203 1351 249 1377 καὶ
263 1348 339 1381 οὗτος
355 1350 506 1385 τδ’μέλλον,
519 1350 557 1381 ὠς
573 1350 587 1375 ὸ
603 1349 730 1384 Σαμουὴλ
744 1349 790 1376 τὸν
805 1349 917 1384 χρισθη-

133 1397 249 1432 σύμενον
265 1397 321 1422 υῑὺν
336 1396 383 1422 τοῦ
398 1396 510 1428 Ἰεσσαὶ,
528 1397 575 1423 καὶ
586 1395 623 1426 ὡς
633 1396 646 1422 ὁ
667 1395 818 1427 Ἐλισσαῖος
828 1395 858 1422 τὸ
868 1395 918 1430 τῆς

1008 1209 1165 1238 Secundum
1191 1211 1248 1238 haec
1261 1212 1393 1246 cogitanti
1411 1221 1473 1240 cum
1491 1213 1583 1240 animo
1597 1220 1652 1240 suo
1663 1210 1759 1239 David!

970 1255 1004 1284 de
1026 1257 1125 1290 templo
1149 1257 1174 1283 in
1196 1258 1329 1284 honorum
1350 1258 1452 1285 domini
1467 1260 1633 1286 exstruendo
1653 1257 1759 1284 Nathan

971 1303 1127 1336 respondet,
1149 1303 1280 1337 quidquid
1302 1311 1395 1331 secum
1411 1305 1500 1331 facere
1516 1304 1716 1334 constituisset,
1733 1303 1760 1329 id

971 1346 1061 1373 tnoliri
1079 1346 1134 1374 Deo
1152 1349 1272 1376 secundo
1286 1354 1423 1384 pergeret.
1445 1350 1590 1385 Ignorabat
1603 1350 1676 1375 enim
1687 1354 1761 1375 vales

967 1393 1033 1427 quid
1056 1393 1176 1420 futurum
1204 1399 1295 1427 esset,
1320 1395 1552 1429 quemadmodum
1582 1394 1758 1429 inungendus

133 1442 310 1476 Σομανίτιδος
333 1441 430 1472 πὰὒος.
455 1441 572 1476 Νύκτωρ
594 1441 621 1467 δὲ
646 1441 790 1474 ἐπιφανεὶς
817 1440 891 1476 αὐτῷ
905 1441 919 1468 ὁ

973 1438 1063 1467 Iessati
1079 1439 1149 1466 filius
1162 1447 1175 1466 a
1194 1439 1323 1467 Samuelo
1343 1448 1396 1467 nou
1413 1441 1625 1475 agnoscebatur,
1641 1447 1668 1466 ct
1690 1439 1760 1466 hlis-

134 1487 236 1520 Κύριος
249 1487 316 1520 Εςρη·
336 1496 345 1512 ι
365 1487 495 1522 Πορεύου,
512 1487 558 1513 καὶ
574 1486 636 1512 εἰπὲ
660 1486 699 1520 τῷ
713 1485 798 1519 δούλῳ
817 1494 867 1521 μου
882 1486 919 1522 τῷ

973 1493 1040 1513 satus
1054 1485 1235 1512 calamitatem
1248 1486 1426 1514 Smnanitidis
1436 1487 1591 1521 ignorabat.
1606 1485 1659 1512 Sed
1674 1490 1759 1512 nnctu

133 1531 233 1558 Δαόίδ·
258 1531 319 1558 Ὅτι
344 1531 375 1557 οὐ
405 1531 438 1556 σὺ
471 1531 659 1565 οἰκοδομήσεις
688 1539 740 1565 μου
763 1527 848 1564 οἶκον,
879 1531 919 1558 ὅτι

973 1531 1043 1557 Deus
1055 1530 1172 1557 Natliani
1187 1536 1352 1566 conspectus
1365 1532 1454 1564 inquit
1467 1541 1474 1559 :
1489 1541 1499 1557 ι
1511 1532 1562 1558 Abi
1578 1531 1761 1566 significatum

83 1573 88 1577 ’
136 1578 244 1612 αἵματα
263 1577 348 1604 πολλὰ
367 1577 476 1613 ιξέχεας
495 1577 541 1603 tul.
553 1578 602 1611 τῆς
618 1577 669 1612 γῆς
687 1577 807 1604 ἐναντίον
824 1586 886 1612 μου.
907 1586 917 1602 ι

974 1577 1074 1603 famulo
1089 1584 1149 1603 meo
1167 1576 1272 1609 Davidi,
1287 1584 1342 1603 non
1362 1576 1451 1610 ipsum
1465 1585 1526 1605 esse
1543 1578 1589 1613 qui
1605 1577 1689 1604 aedem
1708 1577 1764 1603 Do-

136 1623 222 1651 Τοῦτο
237 1624 266 1650 δὲ
284 1624 411 1659 εἰρῆσθαι
427 1625 501 1650 δοκεῖ
511 1624 551 1652 εἰς
566 1623 700 1657 ὠφέλειαν
715 1623 768 1650 τῶν
784 1623 832 1655 τὰς
846 1632 922 1658 μιαι-

135 1671 231 1703 φονίας
254 1670 465 1704 ἐργαζομένων·
493 1669 554 1696 οὐδὲ
589 1670 643 1704 γὰρ
671 1669 703 1696 ἂν
718 1669 823 1696 δίκαιον
842 1669 922 1702 φόνον

135 1713 281 1747 ἐμέμψατο
295 1712 333 1747 τῷ
350 1713 455 1748 βασιλεῖ
468 1713 481 1739 ὁ
494 1713 541 1740 τοῦ
554 1713 646 1744 Φινεὲς
662 1713 708 1739 τὸν
718 1714 824 1740 δίκαιον
842 1714 922 1748 φόνον

136 1758 235 1790 θυσίας
253 1759 491 1793 προσαγορεύσας.
510 1759 568 1791 Ἐφ’
579 1755 601 1791 ᾧ
616 1760 662 1785 καὶ
679 1759 771 1785 δίδωσι
784 1759 865 1785 Δαὸὶδ
876 1760 923 1784 Σι-

135 1804 256 1839 λομῶντι
275 1805 313 1840 τῷ
329 1805 379 1839 υἱῷ
394 1804 477 1831 αὑτοῦ
489 1805 518 1830 τὸ
534 1805 710 1840 παράδειγμα
725 1805 771 1831 τοῦ
790 1805 855 1832 ναοῦ
876 1806 924 1832 καὶ

135 1851 190 1877 τῶν
206 1851 288 1877 οἴκων
302 1850 396 1878 αὐτοῦ.
417 1851 508 1876 Πάντα
523 1851 551 1876 ἐν
565 1852 658 1885 γραφῇ
674 1851 705 1876 ὲκ
715 1851 804 1885 χειρὸς
818 1851 922 1885 Κυρίου

136 1897 254 1923 δέδωκεν
270 1896 352 1930 αὐτῷ.
371 1896 452 1922 Ἀλλὰ
466 1896 604 1927 mia-510;
620 1898 633 1922 6
649 1896 752 1927 Νάθαν,
763 1896 844 1931 ἡνίκα
855 1897 922 1931 πρὸς

135 1942 218 1969 αὖτῖν
237 1942 376 1976 ἀπεστάλη
397 1943 473 1976 παρὰ
498 1942 576 1974 Θεοῦ,
605 1943 682 1968 εἰπε·
703 1952 712 1967 ι
728 1943 817 1969 Καλὸν
845 1943 924 1969 τοῦτο

135 1988 282 2023 ἐποίησας,
306 1989 347 2015 ὅτι
364 1988 484 2024 ἐγενήθη
503 1989 532 2015 ὲν
549 1989 580 2023 τῇ
604 1988 704 2024 καρδῖᾳ
729 1997 776 2014 σου
795 1989 859 2023 περὶ
875 1989 922 2015 τοῦ

136 2034 317 2069 οἰκοδομῆσαι
331 2032 406 2060 οἷκον
417 2041 423 2048 ·
438 2033 496 2060 ἀλλ’
510 2033 540 2060 οὐ
560 2034 603 2066 σὺ,
616 2033 792 2068 οἰκοδομήσει
803 2034 817 2060 ὁ
832 2035 863 2060 ἐκ
874 2034 922 2061 σοῦ

135 2081 175 2107 δέ.
197 2089 206 2106 ι

975 1622 1051 1649 mino
1064 1622 1099 1649 sit
1115 1626 1314 1655 exstructurns,
1330 1622 1444 1649 multum
1460 1623 1533 1649 enim
1550 1623 1585 1649 ab
1602 1630 1635 1650 eo
1651 1623 1764 1656 sangui-

976 1667 1019 1694 nis
1036 1675 1097 1695 esse
1123 1668 1213 1694 fusum
1224 1667 1258 1693 ".
1276 1676 1285 1692 ι
1311 1667 1388 1701 Quod
1411 1668 1521 1702 quidem
1538 1674 1708 1702 postremum
1728 1668 1764 1694 ad

973 1713 1119 1740 utilitatem
1134 1721 1229 1741 eorum
1250 1713 1353 1741 dictum
1368 1706 1432 1741 esse
1447 1704 1559 1741 videtur
1575 1714 1622 1748 qui
1640 1714 1764 1741 etedibus

974 1767 1034 1786 sese
1053 1760 1243 1793 coinquinant.
1260 1760 1327 1787 Nam
1352 1760 1499 1794 caiteroqni
1528 1760 1642 1787 minime
1662 1765 1763 1794 putan—

974 1805 1038 1832 dum
1057 1811 1099 1833 est
1119 1806 1204 1832 Deum
1222 1806 1284 1833 huic
1300 1807 1354 1841 regi
1373 1807 1462 1833 cazdes
1482 1806 1572 1841 justas
1597 1806 1765 1842 exprobrare

976 1851 1105 1882 voluisse,
1113 1859 1175 1878 cum
1187 1856 1369 1886 perpetratum
1381 1859 1396 1878 a
1406 1852 1541 1879 Pltiueaso
1552 1852 1652 1879 caedem
1666 1853 1766 1886 aequis-

977 1897 1074 1924 simam
1094 1896 1221 1924 sacriﬁcii
1243 1898 1352 1924 nomine
1370 1897 1509 1931 dignetur.
1532 1897 1608 1925 Hanc
1627 1898 1710 1933 igitur
1729 1898 1765 1925 ob

977 1951 1089 1971 causam
1105 1943 1221 1970 Davides
1238 1943 1379 1970 Salomoni
1394 1943 1449 1970 tilio
1464 1951 1515 1971 suo
1529 1944 1612 1971 tradit
1623 1944 1765 1976 exemplar

977 1990 1137 2018 cxstrnendi
1152 1991 1245 2025 templi
1260 1996 1287 2017 et
1302 1990 1482 2018 a-difteiorutn
1499 1991 1570 2025 ejus,
1587 1992 1669 2024 idque
1683 1998 1765 2018 manu

976 2038 1084 2065 Domini
1102 2045 1272 2072 expressum.
1288 2037 1393 2064 Natltan
1410 2043 1495 2069 certe,
1513 2046 1573 2064 ctnn
1587 2038 1619 2064 ad
1636 2037 1765 2065 Davidem

975 2089 990 2109 a
1015 2083 1072 2110 Deo
1096 2082 1194 2109 fuisset
1215 2083 1368 2117 ablegatus,
1387 2074 1505 2110 ostendit
1528 2090 1590 2109 eum
1613 2083 1656 2109 his
1682 2082 1766 2109 rebus

137 2128 193 2155 [ilio
207 2127 394 2162 relinquendis
408 2131 574 2162 occupatum
608 2127 703 2155 fuisse.
723 2128 804 2164 179
838 2127 963 2162 Factum,
985 2129 1085 2163 inquit,
1108 2129 1156 2157 abs
1181 2134 1207 2156 te
1231 2129 1373 2164 prreclare,
1397 2129 1469 2163 quod
1491 2129 1648 2164 ltujusmodi
1673 2136 1767 2156 curam

136 2175 292 2209 susceperis
306 2175 340 2202 de
356 2174 446 2209 templi
463 2179 600 2202 structura
615 2183 622 2200 :
640 2183 695 2202 non
713 2181 804 2204 tamen
825 2183 856 2203 ea
873 2183 922 2210 per
941 2180 978 2208 te,
992 2176 1039 2204 sed
1053 2181 1146 2204 natum
1163 2184 1195 2203 ex
1213 2181 1239 2204 te
1254 2176 1337 2203 tilium
1354 2176 1520 2211 perlicietnr.

172 2221 205 2248 ΕΞ
221 2221 270 2248 καὶ
290 2220 464 2255 μακροθυμεῖ
477 2223 490 2248 ὁ
511 2221 576 2253 Θεὸς
594 2222 645 2256 τῆς
660 2221 800 2257 ἁμαρτίας
820 2222 919 2256 τολμω-

1014 2221 1221 2255 Observandnm
1238 2221 1328 2248 obiter
1343 2222 1415 2256 quod
1432 2220 1539 2248 tametsi
1560 2220 1633 2248 Deus
1647 2219 1768 2247 facinore

138 2268 236 2301 μένης,
253 2267 310 2294 ἀλλ’
327 2267 375 2302 6ψέ
391 2276 456 2294 ποτε
468 2267 586 2300 κολάζει.
602 2268 654 2295 Ἴδε
674 2269 727 2304 γὰρ
739 2269 780 2295 ὅτι
795 2269 863 2303 μετὰ
874 2268 927 2305 τῶν

137 2313 320 2340 Γαϐαωνιτῶν
335 2314 360 2339 of.
383 2313 551 2349 Ἰσραηλῖται
572 2314 719 2341 συνέθεντο
744 2315 781 2349 μὴ
799 2314 927 2348 φονεῦσαι

136 2360 246 2391 αὐτοὺς,
276 2360 290 2386 ὁ
316 2359 344 2386 δὲ
376 2360 461 2386 Σαοὺλ
490 2359 538 2386 σὺν
575 2362 631 2392 τοῖς
656 2361 746 2392 ditior;
770 2361 927 2392 ἀλλοφύλοις

137 2407 185 2432 καὶ
214 2405 314 2436 αὐτοὺς
342 2406 496 2432 ἀπέκτεινε.
527 2406 582 2437 Τὰς
611 2407 701 2441 μέντοι
730 2407 777 2432 τοῦ
804 2407 924 2432 τοιούτου

136 2452 315 2486 τολμήματος
332 2452 410 2483 δίκας
426 2453 471 2478 ἐπὶ
488 2452 536 2478 τοῦ
551 2453 633 2479 Δαὸὶδ
656 2453 815 2487 εἰσέπραξε,
831 2454 925 2486 λοιμον

136 2497 307 2530 ἐπενεγκών.
326 2497 380 2524 Καὶ
394 2498 419 2524 εἰ
438 2497 475 2532 μὴ
492 2497 556 2528 τοὺς
573 2499 620 2524 τοῦ
636 2499 721 2524 Σαοὺλ
737 2499 807 2525 ἑπτὰ
829 2499 925 2529 παῖδας

135 2542 301 2577 ἐφόνευσαν,
316 2544 367 2569 οὐκ
382 2542 414 2569 ἂν
431 2545 447 2578 ὴ
464 2543 524 2569 θεία
543 2543 612 2578 ὀργὴ
630 2544 727 2570 ἔπαυε.
746 2545 926 2578 Μανθάνομεν

136 2588 185 2615 οὖν
200 2589 233 2614 ὲκ
247 2588 344 2615 τούτου
362 2588 399 2619 ὡς
414 2589 508 2622 γένους
523 2590 537 2616 ὁ
548 2589 688 2624 Δεσπότης
701 2589 750 2616 οὑκ
761 2588 815 2616 οἶδε
831 2590 925 2624 διαφο-

140 2633 200 2667 ρὰν,
224 2632 294 2659 ἀλλᾶ
314 2634 371 2664 τοῖς
395 2634 582 2668 ἠδικημένοις,
600 2634 652 2660 κᾶν
673 2634 829 2667 summ;
846 2632 922 2667 ὦσιν,

137 2678 273 2714 ἐπαμύνω
290 2678 402 2710 δικαίως
418 2679 494 2711 Θεός.
517 2679 570 2705 Καὶ
590 2680 673 2710 αὐτὸς
686 2681 700 2706 ὁ
716 2680 798 2706 Δαϐω
808 2680 854 2706 τὸν
874 2681 925 2707 Οὑ-

139 2723 202 2758 ρίαν
222 2722 357 2757 ἀδικήσας
377 2723 527 2757 ἀλλόφυλον
548 2723 613 2749 ὄντα
632 2724 774 2758 (Χετταῖος
796 2724 861 2758 γὰρ)
876 2725 926 2751 οὐκ

138 2769 317 2804 ἀτιμώρητος
333 2769 437 2802 ἔμεινε.
451 2770 486 2796 Τὸ
500 2770 528 2796 δὲ
546 2770 676 2805 μοιχίδιον
693 2770 803 2804 βρέφος,
818 2770 832 2796 ὃ
850 2770 928 2805 πρῶ-

137 2823 185 2841 τον
195 2817 228 2849 τῇ
244 2814 386 2849 Βηρσαϐεὲ
398 2815 493 2849 γέγονε
508 2816 685 2851 μοιχευοείσῃ
700 2816 739 2850 τῷ
750 2816 843 2850 Δαόὶδ,
858 2817 927 2844 ἐπὰ-

172 2894 195 2910 "
213 2894 234 2921 ll
251 2893 315 2928 Reg,
335 2903 412 2928 xvnl,
429 2894 453 2922 5.
492 2896 514 2912 ⁸⁵
532 2895 540 2922 Ι
559 2896 648 2923 Paral.
664 2903 731 2930 xv”,
743 2895 770 2922 4.

981 2267 1096 2302 quodam
1115 2268 1259 2302 designato
1284 2268 1364 2303 longa
1386 2272 1479 2294 utatur
1499 2266 1639 2302 patientia,
1659 2266 1767 2294 tandem

982 2319 1072 2341 tamen
1089 2313 1240 2348 aliquando
1256 2314 1360 2348 puniat.
1382 2313 1447 2347 Ejus
1464 2314 1505 2340 rei
1522 2313 1582 2340 licet
1599 2320 1614 2339 a
1630 2312 1769 2340 Gabaoni-

981 2359 1017 2386 tis
1027 2359 1180 2394 exemplum
1196 2364 1299 2393 petere.
1317 2359 1391 2386 l’acti
1405 2367 1466 2386 cunt
1483 2358 1644 2386 Gabaonitis
1661 2359 1769 2386 fuerant

981 2406 1101 2432 lsraelici
1121 2414 1174 2432 non
1191 2413 1220 2432 se
1237 2405 1299 2432 illos
1315 2406 1541 2440 interempturos.
1556 2405 1591 2432 At
1607 2404 1706 2432 Saulus
1720 2412 1769 2432 eos

980 2451 1159 2478 nihilominus
1180 2459 1233 2478 una
1260 2459 1321 2478 cum
1341 2451 1445 2479 exteris
1466 2451 1626 2478 nationibus
1655 2451 1769 2486 reliquis
1800 2472 1803 2474 .

981 2498 1092 2525 excidit.
1112 2498 1179 2531 Ejus
1197 2498 1328 2525 fat-inuris
1341 2506 1437 2533 punias
1450 2498 1523 2525 Dens
1538 2506 1586 2532 per
1605 2497 1706 2525 illatam
1724 2506 1768 2524 rc-

981 2547 1081 2576 gnante
1107 2542 1209 2570 Davide
1235 2542 1332 2569 famem
1357 2542 1459 2577 exegit.
1481 2543 1558 2576 Quod
1584 2543 1636 2569 nisi
1664 2547 1768 2577 septem

979 2587 1054 2615 Sauli
1075 2588 1123 2615 lilii
1145 2589 1262 2616 fuissent
1283 2589 1453 2623 interempti.
1476 2589 1516 2616 ira
1535 2589 1582 2617 Dei
1598 2597 1651 2616 non
1666 2596 1768 2616 cessas-

978 2639 1029 2661 set.
1043 2633 1111 2661 llinc
1123 2635 1340 2662 animadvertere
1355 2635 1418 2662 licet
1433 2635 1578 2662 Dominum
1593 2635 1699 2669 generis
1713 2633 1768 2660 dis-

978 2680 1082 2707 crimen
1094 2680 1198 2707 nullum
1214 2680 1373 2711 admittere.
1388 2682 1435 2708 sed
1451 2682 1564 2708 affectos
1578 2681 1686 2714 injuria,
1697 2685 1767 2707 tam-

979 2726 1030 2752 etsi
1058 2727 1167 2760 generis
1181 2726 1281 2754 diversi
1309 2731 1336 2752 ct
1356 2727 1490 2760 peregrini
1510 2727 1574 2757 sitit,
1589 2726 1663 2760 justo
1690 2726 1767 2760 judi-

979 2773 1023 2799 cio
1039 2780 1089 2799 suo
1102 2773 1252 2800 vindicare.
1273 2769 1344 2805 Quin
1361 2772 1443 2799 etiam
1465 2773 1523 2806 ipse
1546 2771 1675 2804 Davittcs,
1694 2772 1767 2807 quod

983 2819 1075 2847 Uriatn
1092 2827 1141 2854 per
1159 2819 1249 2847 scelus
1265 2818 1412 2852 \iolasset,
1428 2817 1577 2845 'hominem
1601 2819 1768 2855 ceteroquin
