1966 3075
175 111 228 142 349

809 111 1010 143 ANNALIUM
1030 112 1129 143 PARS
1149 114 1191 145 ΙΙ.
1209 117 1213 120 ”

1737 115 1790 156 350

173 165 205 191 ἑκ
218 164 268 199 γῆς
284 166 429 201 φυομένων
448 166 496 193 καὶ
518 167 628 194 πάντων
642 166 696 194 τῶν
711 166 799 198 ζώων.
819 167 882 194 Ἐπὶ
903 167 956 201 γὰρ

1010 167 1174 201 composuit.
1196 167 1252 196 Hoc
1265 168 1340 196 enim
1354 169 1476 196 iudicare
1492 169 1587 197 volens
1597 173 1692 196 auctor
1705 170 1789 196 histo~

171 209 259 246 τούτῳ
281 212 363 239 καὶ-ό
386 213 561 248 συγγραφεύς
588 222 671 248 φησιν
688 214 728 240 ὃτι
748 213 880 248 ἐλάλησεν
892 214 957 249 περὶ

172 255 228 282 τῶν
244 257 331 289 ξύλων
348 259 402 284 ἀπὸ
417 259 467 293 τῆς
493 259 590 294 κέδρου
613 260 662 294 τῆς
684 261 713 286 ὲν
727 260 766 294 τῷ
781 260 890 294 Λιϐάνῳ
910 259 958 286 καὶ

172 301 225 333 Eo);
237 302 287 336 τῆς
298 303 426 330 ὑσσώπου
439 304 489 338 τῆς
505 304 726 340 ὲκπορευομένης
742 305 774 330 ὲκ
788 303 835 330 τοῦ
853 304 956 339 τοίχου.

174 346 252 380 ηαρά
275 347 305 373 δὲ
336 347 459 380 Ἐζεκίου
490 348 625 375 κικαῦθαί
659 358 741 384 φησιν
761 350 775 376 ὀ
796 349 957 384 πολυμαθὴς

173 392 220 417 καὶ
239 393 393 428 πολυῖστωρ
409 393 548 425 Εὐσὲὃιος.
567 394 639 421 Ὅσα
662 395 710 421 καὶ
734 395 789 430 γὰρ
805 397 833 422 ἐν
853 396 887 430 γῇ
910 397 958 421 καὶ

174 437 306 474 θαλάσσῃ,
325 439 352 465 ὲν
368 439 439 474 ἀέρι,
463 440 587 474 ἀφορμαὶ
605 442 654 474 τῆς
675 441 779 468 ἐκείνου
798 441 956 475 φιλοσοφίας

173 482 306 516 ἐγένοντο.
323 484 400 511 Οὕτω
426 485 476 520 μὲν
491 483 537 512 οὖν
564 486 578 512 ὸ
610 486 734 518 Ἐζεκίας
762 487 809 513 καὶ
838 488 884 513 ἐπὶ
907 486 956 513 τοῦ

173 528 255 555 Δαόὶδ
281 530 391 564 ἐποίησε
420 530 548 566 ψαλμοῖς.
561 531 670 558 Τούτων
695 532 741 558 καὶ
766 532 819 567 γὰρ
845 526 873 558 ἐν
898 533 958 564 ταῖς

172 575 373 609 αἰχμαλωσίαις
396 576 586 608 ἀπολωλότων,
618 577 737 612 Ἔσδρας
760 586 803 609 τις
825 578 895 613 ἀνὴρ
918 578 960 609 είς

173 621 258 655 ἄκρον
276 622 325 655 τῆς
348 622 487 656 Ἔσραῒδος
512 623 653 650 διαλέκτου
676 624 816 659 ἐληλακὼς
836 627 858 650 τ’
880 624 957 656 ὅλους

172 667 384 702 ἀπηριθμήσατο
394 668 411 703 ἢ
427 669 475 695 καὶ
490 669 598 702 πλείους
615 670 753 702 συλλέξας.
763 670 832 698 Ἀλλ’
847 671 861 697 ὁ
883 671 958 703 Ἐζε-

173 710 236 743 κίας
255 712 318 743 τοὺς
332 712 441 744 πλείους
456 714 510 741 τῶν
523 715 638 750 ψαλμῶν
653 715 790 751 ἀθετήσας
803 716 841 747 ὡς
859 716 897 752 μὴ
910 715 956 743 τοῦ

173 757 257 784 Δσδὶδ
280 755 352 785 εἶναι
377 759 618 795 ὡμολογημένους,
633 761 696 793 τοὺς
727 765 765 797 pv’
785 762 832 789 καὶ
861 762 957 797 μόνους

172 803 333 859 αἰτέκρινεν,
348 804 386 836 ὼς
410 805 424 832 6
452 805 608 841 σοφώτατος
634 807 739 839 Ψελλὸς
766 808 867 842 ἱστορεῖ
887 807 954 843 (57).
971 832 992 859 Β

179 848 392 885 Ἐφυσιολόγησε
419 850 448 877 δὲ
481 851 608 885 Σολομῶν
636 851 683 879 καὶ
712 851 777 887 περὶ
799 851 892 885 λίθων,
906 853 955 888 οὐχ

174 893 249 926 ὅπως
263 895 444 931 ὲχρώσθησαν
459 897 540 931 μόνον
606 897 811 932 συνεπάγησαν,
826 897 893 924 ἀλλὰ
909 899 956 924 καὶ

172 939 239 967 ὅπου
259 940 361 976 ἑκάστη
389 942 520 968 συντελεῖ.
536 942 593 977 Τὴν
611 942 660 976 μὲν
677 942 855 978 σωφροσύνης
871 943 955 978 ἔφησε

173 985 368 1021 φυλακτήριον,
378 987 428 1022 τὴν
440 987 470 1014 δὲ
482 988 549 1023 πρὸς
558 988 592 1014 τὰ
605 987 703 1022 θειώδη
716 988 839 1023 ἀντέχειν
852 988 955 1023 πυρσά,

173 1030 270 1066 ἑτέραν
293 1032 322 1058 δὲ
338 1026 501 1066 φυγαδεύειν
517 1033 661 1068 πνεύματα
683 1033 800 1071 πονηρὰἶ
816 1033 897 1060 Ἀλλὰ
909 1033 957 1061 καὶ

173 1077 237 1111 περὶ
252 1076 388 1112 δαιμόνων
404 1077 481 1113 ἐτέθη
505 1077 607 1113 βιϐλίον
620 1078 715 1111 αὑτοῦ,
731 1079 805 1111 ὅπως
820 1087 851 1105 τε
867 1079 955 1106 κατά-

173 1131 267 1156 γονται
282 1123 328 1150 καὶ
342 1124 370 1150 ὲν
384 1124 451 1156 οῖοις
464 1124 548 1151 εἴδεσι
572 1125 722 1159 φαίνονται.
740 1125 837 1157 Φύσεις
852 1125 880 1152 δὲ
895 1126 956 1153 τού-

173 1174 227 1193 των
250 1167 296 1194 καὶ
316 1167 449 1203 ἰδιότητας
467 1169 580 1204 ἔγραψε,
601 1169 661 1201 πῶς
677 1176 706 1196 τε
723 1169 887 1205 δεσμοῦνται
909 1172 956 1198 καὶ

173 1211 232 1242 πῶς
246 1212 498 1248 ἑμφιλοχωροῦντες
519 1214 694 1241 ἀπολύονται.
708 1214 790 1241 Ὅθεν
806 1215 874 1251 ἔργα
895 1216 956 1241 τοὺ-

173 1264 230 1287 τοις
247 1257 386 1293 ἀχθοφόρα
408 1258 565 1291 ἐπέταττεν,
582 1258 723 1294 ὑλοτομεῖν
751 1267 791 1291 τε,
806 1260 843 1291 ὡς
867 1260 954 1294 λόγος,

173 1304 323 1338 ἠνάγκαζε,
339 1305 386 1331 καὶ
399 1304 559 1339 κατωμαδὸν
578 1305 611 1331 τὰ
624 1304 692 1340 ἄχθη
713 1305 806 1340 φέρειν
824 1305 957 1339 παρεὸιά-

173 1349 245 1382 ζετο.
267 1350 396 1386 ᾯδηκότα
409 1359 439 1377 τε
465 1351 607 1385 σπλάγχνα
623 1349 639 1386 ἢ
657 1351 775 1386 ἐπῳδαῖς
795 1352 810 1387 ἢ
827 1352 956 1387 βοτάναις

174 1396 322 1431 περιτιθεὶς
349 1396 526 1432 ἐθεράπευεν.
547 1397 619 1423 Ἀλλ’
640 1397 654 1423 ὃ
680 1405 713 1431 γε
739 1397 810 1428 θεῖος
831 1398 956 1430 Ἐζεκίας

173 1442 232 1478 Θεῷ
251 1443 347 1469 ἑαυτὸν
364 1442 509 1476 ἀνατιθεὶς,
528 1443 575 1469 καὶ
590 1443 680 1470 πάντα
699 1443 749 1478 τῆς
766 1444 871 1470 ἐκεῖθεν
887 1453 955 1478 προ-

1009 214 1056 240 rite
1068 213 1159 240 verbis
1175 213 1327 250 hujusmodi
1342 222 1407 242 usus
1420 220 1478 243 est:
1497 215 1647 242 «Disseruit
1664 215 1696 242 de
1712 216 1788 242 arhov

1008 258 1096 290 ribus,
1111 267 1126 286 a
1145 260 1227 287 cedro
1242 260 1337 287 Libani
1353 268 1439 295 usque
1451 262 1483 288 ad
1498 262 1641 297 hysopum,
1658 261 1686 288 in
1702 262 1789 296 pcuie~

1009 303 1075 331 tinis
1088 304 1133 339 qui
1151 305 1300 332 nascitur»
1318 305 1353 332 Ex
1374 305 1416 332 his
1434 306 1510 332 libr's
1532 305 1716 332 Solomonicis
1734 313 1786 333 mc-

1008 348 1131 376 dicorum
1143 350 1218 377 natio
1230 350 1317 377 multa
1330 351 1531 377 commentandi
1548 351 1706 378 occasiones
1717 359 1787 378 sum-

1008 395 1063 429 psit
1079 404 1086 422 :
1101 403 1163 422 nam
1181 403 1352 431 quaecunque
1379 397 1405 423 in
1421 401 1502 428 terra,
1527 398 1554 424 iu
1572 398 1652 429 mari,
1678 398 1705 425 in
1728 406 1790 426 aere

1008 441 1151 473 exsistunt.
1167 442 1307 469 Solomoui
1326 443 1359 470 ad
1380 443 1630 478 philosophandum
1649 446 1789 473 materiem

1008 487 1229 521 suppeditarunt.
1245 487 1383 515 Nonnulla
1401 494 1492 517 tamen
1510 489 1665 517 Solomonis
1690 499 1788 518 nomen

1007 532 1213 566 praescierentia
1240 532 1323 560 fuisse
1354 534 1388 560 ab
1407 533 1503 561 Ezccia
1535 539 1726 568 concremata,
1744 536 1789 562 do-

1008 577 1145 604 ctissimus
1155 577 1198 605 ille
1207 578 1441 614 plurimarumqoe
1454 588 1542 606 rerum
1555 581 1709 615 cognit‘one
1723 589 1789 616 pra--

1007 622 1080 650 ditus
1092 623 1227 650 Eusebius
1240 624 1379 651 memoriae
1391 625 1519 659 prodidit.
1533 626 1604 652 Idem
1619 626 1662 652 hic
1678 626 1790 653 Ezecias

1007 667 1036 694 in
1058 667 1192 697 Davidicis
1207 671 1288 697 etiam
1311 670 1421 704 psalmis
1442 671 1660 705 praastititmam
1677 679 1739 698 cum
1765 672 1790 698 in

1007 714 1208 749 captivitatibus
1242 715 1279 742 illi
1306 716 1398 743 amissi
1427 716 1526 749 forent,
1553 717 1652 744 Esdras
1667 717 1790 752 quidam,

1009 759 1050 786 vir
1067 759 1100 786 ad
1114 767 1252 787 summum
1272 760 1414 788 Hebraica:
1430 761 1531 796 lingua:
1546 761 1663 795 peritus,
1682 768 1789 789 trecen-

1009 809 1060 836 tos,
1073 804 1129 831 imo
1142 805 1233 839 plures
1246 805 1377 832 collectos
1391 807 1531 832 recensuit
1548 814 1555 832 :
1571 813 1667 834 verum
1680 806 1790 835 Ezecias

1006 849 1191 884 compluribus
1210 857 1242 877 ex
1264 850 1343 885 183
1361 851 1436 878 hisce
1445 851 1558 885 psalmis
1570 851 1651 886 plane
1670 853 1790 888 rejectis,

1006 899 1036 922 ut
1051 895 1096 930 qui
1108 896 1177 922 citra
1189 895 1404 923 controversiam
1419 895 1530 923 Davidis
1546 896 1678 932 appellari
1693 898 1791 931 nequi-

1007 945 1077 972 rent,
1099 941 1173 969 solos
1189 941 1240 968 150
1257 941 1376 975 reliquos
1394 941 1524 977 suﬂ‘ragio
1541 949 1592 969 suo
1615 942 1789 978 approbavit,

1007 987 1238 1021 quemadmodum
1263 987 1367 1014 Psellus
1396 987 1441 1014 ille
1465 988 1640 1016 doctissimus
1668 988 1791 1023 scripsit.

1007 1033 1141 1060 Prwterea
1157 1032 1268 1060 Solomo
1282 1033 1315 1060 de
1332 1033 1448 1068 gemmis
1479 1041 1589 1068 quoque
1604 1034 1735 1061 disseruit
1747 1043 1790 1062 ea-

1006 1085 1121 1112 rumque
1136 1082 1244 1110 natura,
1259 1085 1310 1105 non
1330 1081 1436 1104 tantum
1453 1085 1507 1112 quo
1525 1078 1577 1105 illa:
1589 1083 1671 1113 pacto
1683 1079 1790 1107 calores

1007 1123 1056 1150 hos
1072 1123 1114 1150 vel
1127 1123 1188 1150 illos
1202 1122 1338 1157 accipiant
1353 1122 1397 1149 vel
1412 1123 1558 1157 gignantur
1582 1127 1610 1150 et
1621 1124 1788 1157 coalescant,

1006 1176 1100 1196 verum
1118 1170 1199 1196 etiam
1223 1169 1284 1202 quis
1311 1169 1525 1204 uniuscujusque
1541 1168 1577 1196 sit
1604 1177 1670 1196 usus
1685 1178 1692 1196 :
1708 1170 1788 1197 aliam

1006 1214 1080 1241 enim
1093 1214 1231 1248 pudicitia:
1246 1214 1387 1240 custodem
1403 1221 1463 1241 esse
1483 1214 1682 1249 pronuntiavit,
1709 1215 1789 1242 aliam

1007 1261 1135 1288 sulfureis
1149 1261 1408 1288 inﬂammationibus
1425 1261 1568 1293 resistere,
1597 1261 1678 1289 aliam
1705 1262 1792 1289 malos

1006 1306 1099 1342 genios
1113 1306 1233 1342 abigere.
1250 1306 1322 1338 Quin
1340 1306 1422 1333 etiam
1436 1306 1537 1333 librum
1553 1306 1587 1334 de
1603 1307 1692 1342 geniis
1711 1314 1788 1334 COIn-

1005 1352 1108 1387 posuit,
1128 1360 1183 1386 quo
1201 1350 1332 1379 nimirum
1349 1356 1429 1387 pacto
1445 1359 1462 1380 e
1486 1352 1598 1380 sublimi
1621 1353 1792 1380 deducantur

1006 1403 1033 1425 et
1047 1398 1174 1433 qualibus
1189 1399 1283 1425 formis
1306 1403 1464 1433 appareant.
1486 1398 1651 1426 Eorumdem
1680 1403 1792 1426 naturas

1005 1448 1088 1478 atque
1106 1443 1292 1478 proprietates
1308 1444 1468 1478 complexus
1490 1449 1543 1476 est,
1560 1448 1616 1471 tum
1632 1451 1687 1479 quo
1708 1450 1791 1479 pacto

175 1488 247 1519 νοίας
275 1488 439 1522 ἐξαρτήσας,
451 1488 506 1515 τῶν
540 1488 609 1524 ὑπὲρ
635 1488 716 1522 φύσιν
737 1489 777 1524 τῷ
802 1489 955 1525 Σολομῶντι

1008 1489 1123 1517 vinculis
1134 1489 1318 1524 astringantur
1333 1493 1360 1516 et
1374 1489 1456 1516 certis
1472 1488 1540 1516 locis
1552 1489 1659 1516 adsueti
1675 1489 1789 1523 ablgan—

173 1533 412 1568 φιλοσοιρηθέντων
433 1533 620 1569 ὠλιγώρησεν.
645 1530 695 1560 ⁷ον
720 1534 749 1560 δὲ
780 1535 922 1569 ἱστόρησεν
942 1535 956 1561 ό

175 1577 287 1608 Ψελλὸς,
300 1577 347 1603 καὶ
372 1578 386 1603 ό
403 1577 535 1611 Ἰώσηπος
562 1578 666 1613 μάρτυς
682 1578 738 1604 ἐστὶ
757 1578 857 1612 λέγων·
876 1588 885 1604 ι
903 1579 958 1606 Καὶ

173 1623 279 1658 ἐπῳδὰς
293 1623 364 1650 κατὰ.
384 1623 520 1657 δαιμόνων
536 1623 583 1650 καὶ
599 1624 780 1659 ὲξορκισμοὺς
798 1625 956 1658 ἐπενόησεν,

174 1666 230 1701 αῖς,
250 1678 258 1694 ι
278 1669 372 1704 φησὶν,
393 1678 402 1695 ι
423 1667 482 1696 οῖδα
505 1668 645 1704 χρώμενον
669 1668 799 1705 Ἐλεάζαρ
827 1670 873 1696 τὸν
890 1670 956 1696 Ἰου-

174 1715 258 1747 δαῖον,
272 1715 414 1742 δακτύλιον
439 1715 579 1742 ὲντιθέντα
599 1717 632 1751 τῇ
655 1717 707 1751 ῥινὶ
721 1716 768 1742 τοῦ
795 1715 956 1751 πάσχοντος,

175 1761 246 1787 καθὰ
273 1760 398 1796 Σολομῶν
433 1761 577 1794 ὑπέδειξε·
609 1763 656 1788 καὶ
684 1762 898 1796 όσφραινόμενον
928 1762 958 1788 τὸ

174 1807 313 1841 δαιμόνιον
327 1807 427 1839 εὐθέως
445 1807 550 1834 ἐκεῖθεν
570 1807 713 1842 ἠλαύνετο.
730 1807 814 1842 Δῆλον
835 1807 863 1834 δὲ
878 1808 958 1834 τοῦτο

174 1851 297 1886 γίνεσθαι
324 1852 369 1879 διά
398 1860 471 1883 τινος
504 1853 681 1884 ὑποτεθέντος
707 1853 821 1887 ἀγγείου
856 1853 956 1888 μεστοῦ

175 1897 271 1929 ὓδατος
281 1906 288 1913 ·
304 1898 520 1933 συνεταράσσετο
541 1898 596 1932 γὰρ
609 1899 640 1925 τὸ
664 1898 781 1925 τοιοῦτον
798 1898 869 1934 ὕδωρ
884 1899 957 1925 ὲκεί-

174 1952 220 1970 νου
236 1943 425 1978 ὲξερχομένου.
445 1951 454 1968 ι
472 1942 566 1970 Ταῦτα
583 1943 612 1969 δὲ
629 1943 717 1970 πάντα
741 1944 775 1970 τὰ
796 1944 859 1978 περὶ
880 1944 959 1970 Σολο-

1009 1540 1062 1562 tur.
1077 1534 1145 1562 Hinc
1160 1534 1261 1561 factum
1277 1538 1306 1561 ut
1322 1541 1422 1568 operas
1438 1534 1572 1569 quasdam
1596 1535 1790 1570 gestandorum

1007 1586 1121 1606 onerum
1137 1579 1177 1606 eis
1191 1579 1360 1613 imponeret:
1377 1585 1439 1604 nam
1456 1582 1484 1605 et
1498 1579 1653 1611 materiem,
1669 1586 1719 1606 ceu
1731 1586 1792 1613 per-

1009 1625 1114 1656 hibent,
1129 1631 1176 1650 eos
1190 1624 1293 1650 caedere
1306 1623 1433 1658 cogebat,
1452 1627 1479 1650 et
1495 1624 1619 1650 humeris
1634 1631 1718 1651 onera
1729 1631 1792 1659 por-

1010 1676 1077 1698 tare.
1091 1670 1166 1697 idem
1187 1669 1331 1696 hominum
1351 1669 1457 1696 viscera
1483 1669 1640 1696 exulcerata
1661 1670 1703 1696 vel
1729 1677 1790 1696 car—

1008 1716 1129 1743 minibus
1153 1715 1196 1742 vel
1213 1714 1304 1741 herbis
1331 1714 1460 1741 adhibitis
1486 1715 1609 1742 sanabat.
1632 1714 1734 1741 Verum
1750 1715 1792 1742 di-

1010 1761 1087 1787 vinus
1102 1762 1183 1787 homo
1200 1759 1328 1790 Ezecias,.
1343 1759 1389 1793 qui
1415 1766 1444 1786 se
1458 1763 1544 1786 totum
1564 1758 1619 1785 D.-o
1633 1766 1793 1786 consecras-

1009 1811 1051 1833 set
1063 1810 1091 1832 et
1105 1804 1285 1838 mancipasset
1298 1803 1411 1838 ejusque
1425 1803 1459 1830 ad
1478 1803 1678 1837 providentiam
1693 1809 1793 1830 cuncta

1009 1852 1132 1884 rcierret,
1147 1850 1222 1886 parvi
1235 1858 1266 1878 ea
1284 1849 1348 1877 fecit
1362 1857 1422 1884 quae
1442 1857 1525 1884 supra
1542 1854 1666 1876 naturam
1684 1849 1794 1876 Solomo

1008 1897 1215 1933 philosophatus
1239 1899 1321 1924 esset.
1355 1894 1417 1922 Haec
1442 1899 1532 1921 autem
1549 1902 1563 1920 a
1581 1893 1669 1920 Pscllo
1696 1895 1794 1922 tradita

1010 1942 1116 1970 veritati
1133 1946 1320 1969 consentanea
1337 1947 1398 1967 esse
1418 1939 1554 1974 Josephus
1573 1947 1682 1974 quoque
1704 1940 1794 1967 verbis

175 1989 281 2022 μῶντος
300 1987 480 2023 ἱστορούμενα
497 1988 554 2017 διαὶ
576 1988 656 2020 αὐτὸς
678 1989 780 2020 ἐκεῖνος
803 1989 956 2016 ὲπιδεδαιοῖ

1010 1989 1085 2015 h'sce
1100 1992 1232 2014 testatur:
1248 1995 1258 2012 ι
1278 1986 1366 2013 Etiam
1380 1986 1500 2012 carmina
1515 1986 1638 2020 quzcdam
1663 1985 1797 2014 adversus

174 2035 204 2060 ὲν
220 2035 254 2068 τῇ
275 2033 360 2068 βίὸλῳ
372 2033 457 2059 αὑτοῦ
469 2035 503 2068 τῇ
518 2033 655 2069 λιγομένῃ
672 2033 758 2069 Σοφίᾳ
771 2034 956 2069 Σολομῶντος,

1010 2036 1104 2070 genios
1120 2038 1148 2060 et
1162 2033 1320 2060 eorumdem
1341 2031 1528 2066 adjurationes
1544 2027 1721 2066 excdgitavit;
1735 2030 1795 2064 qui.

175 2079 223 2106 καὶ
237 2079 299 2105 τάδε
313 2078 383 2105 κατὰ
397 2079 472 2113 ῥῆμα
488 2078 605 2112 διεξιὼν,
616 2089 624 2106 ι
636 2078 737 2110 ὈΘεδς
748 2079 829 2105 ἔδωκέ
846 2088 891 2113 μοι
904 2079 956 2106 τῶν

1009 2080 1072 2112 bus,
1091 2079 1188 2114 inquit,
1200 2077 1312 2105 memini
1329 2076 1454 2104 Judaeum
1474 2077 1619 2110 quemdam
1635 2076 1794 2102 Eleazarum

173 2125 259 2152 ὄντων
279 2124 380 2158 γνῶσιν
393 2124 508 2159 ἀψευδῆ,
529 2124 628 2151 εἰδέναι
649 2131 678 2151 τε
702 2124 829 2151 σύστασιν
842 2125 956 2160 κόσμου,

1011 2131 1144 2156 utentem,
1161 2124 1295 2151 annulum
1310 2123 1426 2150 naribus
1439 2122 1559 2149 hominis
1575 2121 1667 2156 agitati
1684 2122 1756 2148 malo
1780 2128 1795 2147 a

174 2169 265 2200 θέσεις
279 2169 403 2204 ἀστέρων
421 2169 468 2196 καὶ
488 2169 583 2204 φύσεις
606 2169 696 2202 ζώων,
708 2169 840 2205 διαφορὰς
867 2171 956 2203 φυτῶν

1013 2171 1093 2208 genio
1109 2170 1149 2198 sic
1164 2169 1329 2201 admovisse,
1346 2167 1577 2203 quemadmodum
1599 2167 1730 2194 indicavit
1746 2166 1796 2193 So-

174 2216 222 2243 καὶ
249 2215 379 2250 δυνάμεις
397 2215 492 2250 ῥιζῶν,
509 2215 554 2241 καὶ
569 2215 670 2248 γνῶσιν
692 2215 741 2249 τὴν
757 2216 785 2242 ὲν
801 2216 924 2251 κρυπτῷ.
946 2225 955 2242 ›

1012 2218 1102 2250 lomo;
1120 2223 1200 2251 quem
1215 2222 1276 2242 cum
1292 2215 1389 2250 genius
1405 2213 1554 2244 olfecisset,
1569 2213 1701 2240 continuo
1718 2220 1749 2239 ex
1762 2220 1796 2239 eo

174 2261 281 2288 οὐκοῦν
296 2260 442 2293 ἀξιόπιστα
453 2262 541 2288 πάντα
557 2261 592 2287 τὰ
613 2262 676 2296 περὶ
691 2258 864 2295 Σολομῶντος
883 2262 956 2296 λεγό-

1013 2262 1149 2298 migravit.
1164 2260 1196 2287 Et
1207 2260 1396 2296 migrationem
1413 2259 1485 2286 hanc
1511 2259 1570 2285 ﬁeri
1595 2258 1629 2286 de
1647 2266 1713 2285 vase
1730 2265 1796 2293 quo-

176 2315 257 2342 μενιο
1013 2309 1086 2340 dum,
1098 2314 1167 2341 aqua
1183 2306 1299 2340 repleto,
1315 2304 1458 2339 perspicue
1471 2302 1651 2330 animadverti
1667 2306 1794 2337 poterat;

175 2361 238 2381 nam
255 2359 325 2387 aqua
349 2350 428 2386 genio
446 2354 564 2378 exeunte
584 2351 753 2379 turbabatur.
773 2361 782 2378 ι
800 2352 889 2387 Atque
904 2353 960 2381 hac
982 2354 1072 2381 omnia
1083 2353 1117 2379 de
1144 2351 1290 2378 Solomone
1321 2354 1532 2376 conimemorata
1544 2348 1687 2375 conﬁrmat
1698 2347 1756 2382 ipse
1767 2347 1795 2374 in

175 2406 210 2426 eo
225 2398 295 2425 libro
333 2397 379 2432 qui
411 2396 548 2431 Sapientia
574 2396 728 2424 Solomonis
754 2398 918 2432 appellatur,
949 2399 992 2427 his
1011 2400 1078 2434 ipsis
1092 2398 1207 2425 verbis:
1230 2405 1240 2421 σ
1256 2395 1329 2423 Deus
1350 2394 1418 2421 mihi
1448 2395 1521 2421 dedit
1548 2401 1638 2420 rerum
1663 2393 1794 2428 cognitio-

175 2453 238 2472 nem
258 2443 427 2471 verissimam
444 2448 473 2470 ut
491 2443 586 2470 mundi
601 2451 758 2479 compagem
783 2449 953 2479 perspectam
974 2446 1099 2477 habeam,
1130 2444 1304 2477 siderumque
1321 2442 1390 2468 situs
1421 2446 1448 2468 et
1475 2444 1586 2467 naturas
1612 2438 1792 2466 animantium

174 2496 202 2518 et
217 2490 343 2524 stirpium
359 2488 529 2516 diﬂ‘erentias
553 2494 580 2516 et
597 2489 717 2516 radicum
747 2490 816 2517 vires
832 2494 860 2517 et
878 2490 1031 2518 abditorum
1070 2489 1253 2524 cognitionem
1263 2488 1313 2514 ⁸⁸.»
1340 2486 1446 2520 Quibus
1479 2493 1545 2513 sane
1583 2484 1674 2512 verbis
1700 2489 1793 2512 osten-

175 2539 250 2567 ditur
262 2537 352 2565 omnia
367 2537 401 2564 de
414 2535 558 2564 Solomone
575 2537 681 2572 prodita
698 2537 777 2564 tidem
793 2538 904 2565 mereri.

210 2607 234 2624 ’δ
247 2606 312 2641 Sap.
329 2613 374 2637 vn,
390 2604 435 2631 20.
458 2631 466 2641 _

211 2665 268 2701 (37)
282 2666 348 2701 Quae
361 2664 394 2690 de
411 2661 526 2701 Psalmis
533 2662 668 2701 Qavidicis
679 2670 791 2701 numero
812 2662 957 2697 plusquam

176 2697 316 2730 trecentis,
330 2705 392 2725 cum
407 2698 498 2724 amissi
516 2697 641 2728 fuissent,
665 2698 700 2724 ab
712 2697 798 2724 Esdra
830 2702 890 2732 post
914 2705 960 2724 cae

176 2735 329 2769 ptlvitatem
343 2733 474 2769 collectis,
492 2736 524 2769 _et
547 2732 580 2758 ab
592 2731 707 2769 Ezechia
743 2732 776 2758 ad
804 2731 957 2769 numerum

175 2766 287 2796 centum
300 2775 332 2794 ac
352 2767 546 2801 quinquaginta
576 2766 707 2793 revocatis
732 2768 838 2797 asserit.
859 2767 967 2801 partim,

175 2808 310 2839 suspecta:
323 2802 384 2829 ﬁdei
408 2806 482 2832 sunt,
499 2801 596 2836 partim
621 2803 731 2828 omnino
750 2802 824 2834 Ialsa,
847 2807 875 2829 ut
899 2809 958 2836 quae

1013 2667 1074 2697 post
1086 2661 1250 2695 captivitatis
1269 2665 1391 2694 tempora
1406 2660 1506 2697 vixisse
1534 2657 1687 2697 Ezechiam,
1709 2661 1794 2697 atque

1013 2691 1099 2725 Esdra
1115 2691 1253 2724 Hebraica:
1269 2691 1369 2732 linguae
1380 2695 1548 2732 peritissimo
1562 2692 1697 2732 iuniorem
1708 2691 1791 2732 tutae

1013 2736 1177 2766 supponant,
1194 2738 1283 2767 neque
1297 2729 1348 2767 ulla
1364 2729 1391 2756 in
1405 2731 1436 2756 iis
1451 2729 1636 2767 haherhdehct
1648 2729 1716 2767 ratio
1742 2729 1794 2765 κᾶν

1012 2761 1289 2801 σοῲὶυτάτουΨελλοῦ
1302 2786 1308 2798 ,
1324 2766 1346 2792 si
1361 2772 1450 2792 tamen
1476 2763 1520 2790 illa
1546 2762 1595 2789 fuit
1625 2761 1793 2788 celeberrimi

1011 2802 1038 2829 ill
1054 2809 1085 2829 us
1102 2802 1222 2829 doctoris
1234 2801 1338 2836 opinio.
