1966 3075
179 136 233 167 3’53

802 133 1010 173 IANNALIUM
1032 132 1129 163 PARS
1148 131 1190 162 ΙΙ.

1750 127 1801 158 354

178 192 264 227 δούλῳ
281 201 338 219 σου.
368 201 376 218 ι
402 192 511 226 Ἐπειδὴ
539 192 603 227 γὰρ,
628 192 705 227 φησὶ,
730 192 778 227 τὴν
807 192 965 227 πρέπουσαν

1028 191 1091 217 )eus
1117 191 1174 225 ipsc
1205 188 1380 216 Solomoncm
1409 187 1499 215 verbis
1531 187 1606 214 hisce
1633 186 1802 221 compellat:

178 238 239 272 ἐμοὶ
257 238 296 272 τῷ
321 239 417 273 κτίστῃ
442 239 526 273 τιμὴν
550 239 597 265 καὶ
618 238 697 271 δ’ξπιν
714 240 747 273 τῇ
769 237 849 273 δούλῃ
879 237 967 263 κτίσει

177 284 343 319 ἀπένειμεις,
360 284 439 310 δώσω
459 283 538 316 κάγὼ
562 284 612 319 τὴν
637 284 716 316 δόξαν
746 292 792 310 σου
819 283 858 316 τῷ
881 282 968 317 δούλῳ

150 355 153 358 ,
180 338 238 358 σου.
257 329 340 356 Ὅθεν
365 332 412 357 καὶ
430 331 562 366 ἐπαρθεὶς
586 332 599 356 ὁ
628 330 770 365 Ὶεροὸοάμ
786 330 889 365 ἤρξατο
913 329 967 355 ἀπὸ

179 376 351 411 Σολομῗιντος
366 376 410 402 τὸν
427 376 490 403 λαὸν
507 377 635 412 ἁφιστᾷν.
651 376 736 402 Τοῦτο
754 376 846 411 μαθὼν
859 376 873 402 ὁ
889 375 968 401 Σολο-

179 423 239 456 μῶν
268 421 359 457 ἐζήτει
386 422 431 448 τὸν
459 423 601 457 Ἱεροὸοάμ
633 421 791 448 συλλαϐεῖν·
813 421 856 455 ἐφ’
879 417 901 454 ᾧ
921 421 967 446 καὶ

179 466 274 499 φεύγει
297 466 364 501 πρὸς
390 468 539 501 Αιγυπτον,
563 467 611 502 τὴν
641 467 770 500 τελευτὴν
791 466 966 501 Σολομῶντος

178 512 332 546 καρτερῶν.
348 512 403 538 Καὶ
421 513 491 538 κατὰ
504 512 553 547 μὲν
574 513 623 546 τὴν
643 511 720 538 θείαν
736 512 850 546 Γραφὴν
871 511 965 538 ὲὸασι-

178 556 259 582 λευσε
280 557 408 592 Σολομῶν
430 558 476 592 ἐτη
495 558 532 592 μ’,
551 558 621 584 κατὰ.
643 558 670 584 δὲ
692 557 737 583 τὸν
758 557 892 592 Ἰώσηπον
919 556 967 591 ἐτη

177 602 354 636 ὀγδοήκοντα.
385 603 562 637 Ἐτελεύτησε
589 603 638 635 δὲ,
661 603 699 633 ὼς
727 603 829 633 ἐκεῖνος
855 601 966 636 ἔφησεν,

178 648 248 674 ἐτῶν
265 649 429 683 ἐνενήκοντα
444 649 491 675 καὶ
508 648 661 681 τεστάρων.

1021 235 1169 269 «Quoniam
1183 240 1210 262 tu
1224 234 1388 262 commisisti
1400 238 1429 261 ut
1444 239 1581 268 prmcepto
1596 241 1657 260 meo
1682 240 1737 259 non
1754 233 1803 259 ob-

1017 286 1188 316 temperares
1203 285 1230 308 et
1252 280 1381 307 mandata
1407 287 1466 306 mea
1486 279 1533 307 tibi
1562 279 1721 315 praescripta
1749 287 1803 305 non

1017 334 1154 358 servares.
1173 327 1288 361 eripiam
1318 333 1367 361 ego
1392 326 1440 353 tibi
1464 326 1498 353 de
1522 333 1605 352 manu
1631 331 1675 351 tua
1690 332 1804 360 regnum

1025 377 1112 405 tuum,
1135 373 1217 407 idque
1229 379 1308 399 servo
1323 377 1370 398 tuo
1381 371 1509 398 dabo“.t
1529 370 1660 397 Nimirum
1691 370 1741 397 hoc
1763 370 1806 397 di-

1021 425 1083 445 cere
1097 417 1178 445 vult:
1203 416 1271 450 Quia
1287 416 1408 444 debitum
1434 415 1500 443 mihi
1531 414 1647 442 creatori
1672 415 1805 441 honorem

1020 463 1190 498 gloriamque
1205 468 1335 489 creaturae
1360 469 1446 489 servae
1464 460 1593 492 detulisti,
1622 467 1671 495 ego
1699 467 1807 494 quoque

1017 509 1129 544 gloriam
1142 509 1368 543 majestateutqtte
1380 512 1452 535 luam
1467 507 1499 534 ad
1511 514 1618 534 servum
1633 511 1707 533 tuum
1720 511 1807 532 trans-

1021 555 1119 582 feram.
1161 555 1266 587 Quibus
1296 561 1362 581 sane
1392 553 1485 581 verhis
1515 553 1603 580 elatus
1627 551 1808 579 let-obeamus

1022 601 1101 636 185
1117 602 1248 636 populum
1277 608 1292 627 a
1307 600 1454 628 Solomone
1480 599 1562 633 coepit
1586 598 1739 630 abducere;
1754 605 1808 632 quo

1028 647 1073 673 ille
1088 647 1209 682 cognito,
1234 654 1288 682 quo
1311 651 1392 681 pacto
1408 646 1602 674 Jeroboamum
1631 643 1810 678 comprehcn-

170 691 257 722 ~deret
267 695 413 729 cogitabat.
431 694 530 722 Verum
545 695 566 723 is
578 695 639 731 fuga
653 695 679 722 in
691 694 836 730 {Egyptum
851 694 946 726 evasit,
960 693 1053 728 ibique
1072 693 1228 722 Solomonis
1244 694 1347 722 exitum
1374 693 1565 728 exspectavit;
1598 693 1645 727 qui
1669 691 1703 718 de
1719 698 1810 719 sacra.

180 747 240 767 rum
268 741 376 774 quidem
392 741 555 768 Litterarum
584 741 746 768 auctoritate
762 740 884 775 regnavit
900 747 985 767 annos
1009 740 1055 773 40,
1068 740 1115 767 sed
1138 741 1215 776 juxta
1238 740 1389 776 Josephum
1419 740 1464 767 80.
1496 739 1570 767 idem
1587 737 1668 767 tradit
1683 739 1810 766 Solomo-

183 794 244 814 nem
266 791 403 813 mortuum
424 794 484 814 esse
507 794 568 814 cum
595 790 675 813 natus
692 790 764 813 esset
780 793 867 813 annos
881 785 925 813 94.

219 834 293 869 Πλὴν
309 835 325 867 ἡ
343 833 438 869 Γραφὴ
448 834 496 859 καὶ
509 833 573 859 τάδε
586 833 650 868 περὶ
664 832 747 859 αὐτοῦ
757 832 880 864 διέξεισι·
898 831 952 858 Καὶ
961 833 974 858 ὁ

1058 833 1175 861 Narrant
1191 834 1272 862 etiam
1293 833 1401 862 Litterae
1417 841 1501 861 sacrae
1520 832 1695 860 Solomoncm
1711 831 1811 860 mulie-

182 881 311 916 βασιλεὺς
324 880 451 915 Σολομῶν
468 877 502 915 ἦν
517 879 701 913 φιλογύναιος,
715 880 762 904 καὶ
776 878 857 904 ἔλαϐε
872 878 966 911 γυναῖ-

1028 887 1083 906 rum
1099 879 1184 907 amori
1203 880 1286 907 fuisse
1305 880 1427 907 deditum
1445 884 1472 907 et
1487 887 1589 906 uxores
1611 884 1718 906 exteras
1735 887 1812 906 com-

182 935 235 957 κας
252 925 397 960 ἀλλοτρίας
414 924 516 955 πολλᾶς
529 944 538 957 ,
563 925 611 950 καὶ
627 923 677 958 τὴν
700 923 840 957 θυγατέρα
857 921 968 956 Φαραὼ,

182 971 367 1002 Μωαατιδας,
391 970 608 1005 Ἀμμανίτιδας,
629 969 717 1003 Σύροις
739 970 786 994 καὶ
808 967 970 1002 Ἰδουμαίας,

183 1017 318 1047 Χετταίας
333 1017 380 1042 καὶ
400 1016 570 1050 ’Λμορῤαίας
582 1023 590 1030 ·
606 1016 654 1042 καὶ
668 1013 739 1049 ἦσαν
752 1014 826 1049 αὐτῷ
840 1014 970 1048 γυναῖκες

183 1063 316 1097 ἄρχουσαι
332 1059 369 1095 ψ’,
384 1060 430 1087 καὶ
440 1059 578 1086 παλλακαὶ
589 1063 620 1086 τ’.
639 1060 706 1086 Τότε
719 1059 893 1094 ᾡκοῖόμησεν
904 1058 973 1098 ὑψη-

183 1108 217 1134 λὰ
232 1109 287 1138 τοῖς
300 1106 418 1138 εἰδώλοις
430 1107 526 1133 πασῶν
538 1105 593 1132 τῶν
606 1106 746 1140 γυναικῶν
754 1105 848 1132 αὑτοῦ.
867 1105 912 1137 Ὠς
930 1105 973 1132 ὲν-

183 1151 278 1178 τεῦοεν
291 1152 338 1178 καὶ
352 1151 398 1177 τὸν
419 1149 735 1185 παραὸάτηνἹουλιανὸν
748 1150 905 1186 ὁρμηθῆναι
925 1149 973 1175 καὶ

184 1199 282 1230 εἰπεῖν,
297 1198 337 1224 ὅτι
348 1196 400 1223 Τὸν
410 1196 569 1230 Σολομῶντα
580 1195 661 1230 σοφὸν
677 1195 715 1230 μὴ
728 1195 832 1229 λέγετε,
848 1195 973 1229 καθάπερ

185 1245 199 1270 ὁ
214 1243 300 1278 μέγας
317 1243 428 1275 διέξεισι
449 1241 598 1276 Κύριλλος·
618 1242 642 1268 εἰ
663 1241 691 1267 δὲ
717 1240 917 1267 πεπιστεύκατε
937 1239 975 1267 εἶ-

185 1298 230 1316 ναι
248 1290 341 1324 σοφὸν,
359 1289 439 1324 μήτοι
456 1288 533 1323 παρὰ
546 1288 678 1322 γυναικὸς
693 1287 882 1322 ἐξηπατῆσθαι
898 1287 975 1322 νομί-

185 1335 256 1369 ζετε,
271 1336 359 1370 κρίσει
382 1335 411 1361 δὲ
427 1334 515 1370 οἰκείᾳ
531 1335 578 1361 καὶ
591 1334 667 1369 παρὰ
683 1334 731 1360 τοῦ
751 1335 881 1369 φανέντος
898 1334 973 1370 αὐτῷ

186 1381 254 1407 Θεοῦ
281 1381 443 1415 πειθόμενον
459 1380 673 1415 λελατρευκέναι
699 1381 755 1411 τοῖς
776 1379 867 1410 ἄλλοις
890 1379 972 1412 θεοῖς.

188 1429 259 1463 Πρὸς
276 1426 322 1454 οὖν
337 1428 423 1454 ταῦτα
438 1428 452 1453 ὁ
471 1426 543 1458 θεῖος
560 1424 639 1458 οὗτος
655 1426 724 1461 ἀνὴρ
740 1426 974 1460 ἀνταποκρινόμε-

189 1484 232 1506 νος
239 1475 285 1501 καὶ
296 1474 359 1501 τάδε
367 1473 557 1509 προστίθησιν
575 1481 584 1498 α
601 1472 669 1498 Ἀπὸ
686 1474 735 1506 μὲν
749 1468 786 1498 ὧν
798 1471 913 1506 ἔγραφε,
928 1479 972 1497 σο-

190 1522 239 1556 φὸς
255 1522 288 1546 ἂν
302 1520 407 1554 λέγοιτο
423 1519 489 1555 παρ’
503 1518 582 1553 ἡμῶν
600 1519 632 1553 δὴ
648 1518 695 1544 καὶ
710 1519 797 1544 νοοῖτο
820 1517 892 1543 κατὰ
908 1515 975 1552 ἀλήέ

190 1567 264 1593 θειαν
279 1567 292 1592 ὁ
308 1565 449 1599 Σολομῶν·
466 1566 506 1591 ὅτι
522 1564 550 1591 δὲ
567 1563 802 1599 πεπλημμέληκεν
827 1562 975 1597 ὁμολογου-
990 1557 1011 1586 C

191 1612 282 1646 μένως
292 1612 349 1641 τοῖς
360 1609 546 1644 ψευδωνύμως
562 1609 713 1643 λατρεύσεις
736 1608 818 1639 θεοῖς,
834 1607 976 1642 ἀρνήσαιτ⁸

191 1658 224 1684 ἂν
236 1657 333 1688 οὐδείς.
351 1656 432 1683 Ὅθεν
454 1655 516 1682 οὔτε
543 1657 698 1691 προφήταις
726 1655 812 1687 ἁγίοις
835 1654 897 1681 οὒτε
924 1654 978 1690 μὴν

191 1703 352 1734 ἀποστόλοις
378 1702 513 1736 ποιοῦμεν
544 1701 625 1727 αὑτὸν
641 1700 809 1737 ἐναρίθμιον,
826 1701 852 1725 εἴ
873 1709 905 1734 γε
923 1700 978 1733 ,καὶ

192 1748 293 1783 μᾶλλον
307 1747 378 1773 κατὰ
396 1747 444 1782 μὲν
459 1747 509 1781 τὴν
532 1739 650 1779 ’νεότητα
666 1746 700 1771 τὰ
716 1745 783 1778 προς
803 1744 882 1775 δόξαν
909 1742 976 1769 Θεοῦ

190 1793 313 1828 πληροῦν
335 1793 476 1827 ἠπείγετο,
493 1791 566 1817 κατὰ
581 1791 610 1817 δὲ
625 1791 671 1816 τὸν
696 1789 742 1816 τοῦ
756 1789 858 1824 γήρους
881 1788 977 1823 καιρὸν

189 1839 283 1874 πάγην
294 1838 368 1872 αὐτῷ
384 1838 432 1873 τὴν
440 1837 493 1863 ἀπὸ
510 1837 638 1870 γυναικὸς
652 1837 665 1861 ὁ
676 1836 797 1866 Σατανᾶς
810 1835 979 1862 κατεσκεύα-

191 1895 232 1914 σε.
253 1895 262 1911 ι
279 1884 390 1916 Τούτοις
406 1884 454 1919 μὲν
470 1882 518 1909 οὖν
535 1883 582 1909 καὶ
602 1882 734 1918 Ἰώσηπος
746 1882 886 1917 συμῳωνεῖ
905 1881 976 1914 διεξ-

191 1934 240 1960 ιὼν
253 1932 364 1959 οὑτωσί·
382 1941 390 1957 ι
402 1931 472 1958 Ἀλλ’
481 1932 512 1957 οὑ
528 1930 647 1961 τοιοῦτος
661 1931 675 1955 ὸ
687 1929 813 1964 Σολομῶν
827 1931 854 1955 ὲν
863 1928 901 1963 τῷ
918 1937 979 1955 και-

191 1980 232 2015 ρῷ
246 1979 294 2005 τοῦ
306 1979 419 2014 γήρους,
437 1979 529 2010 ὁποῖος
546 1978 599 2011 ἄρα
617 1977 664 2004 καὶ
677 1978 705 2003 ὲν
721 1978 753 2011 τῇ
771 1976 878 2011 νεότητι
895 1974 977 2001 αὑτοῦ

188 2025 236 2062 ἦν.
253 2025 458 2060 Προὸαινούσης
472 2025 526 2059 γὰρ
545 2024 594 2058 τῆς
609 2023 691 2058 ἣὸης,
709 2022 756 2049 καὶ
778 2022 825 2048 τοῦ
845 2021 977 2056 λογισμοῦ

188 2074 234 2100 διὰ
251 2072 296 2098 τὸν
311 2071 406 2106 χρόνον
421 2070 598 2101 ἀσθενοῦντος
619 2068 821 2104 ἀντέχειζπρὺς
839 2069 888 2103 τὴν
911 2069 979 2103 μνή-

191 2128 246 2155 μην
263 2120 318 2145 τῶν
335 2119 415 2145 θείων
423 2117 561 2154 ⁵ἔιντολών,
578 2116 626 2142 τοῦ
646 2116 711 2142 ἰδίου
726 2124 755 2141 τε
773 2115 840 2142 Θεοῦ
857 2115 977 2142 κατωλι-

190 2168 302 2201 γώρησε
316 2165 364 2191 καὶ
375 2164 417 2195 εἰς
433 2165 566 2198 γυναῖκας
586 2162 755 2197 ἀλλοφύλους
768 2161 908 2195 ἐξώκειλε,
923 2161 978 2192 τοῖς

1023 925 1115 959 plures
1131 925 1255 958 duxisse,
1271 926 1403 953 nimirum
1423 926 1504 953 tiliam
1522 925 1685 958 Pharaonis,
1705 925 1793 952 Μοιὼί
1805 939 1812 945 ·

1023 970 1093 996 tides
1109 970 1211 1004 aliquot
1226 975 1254 997 ct
1269 971 1467 998 Ammanitides
1484 976 1511 998 et
1527 970 1609 1006 Syras
1627 976 1655 998 et
1676 970 1812 998 ldunneas

1023 1020 1050 1043 et
1063 1015 1199 1043 Chettaeas
1219 1020 1246 1043 et
1262 1016 1430 1049 Amorraras,
1450 1016 1488 1043 ita
1507 1021 1537 1043 ut
1555 1016 1695 1051 principes
1711 1024 1811 1044 uxores

1024 1060 1084 1092 700.
1111 1060 1280 1088 concubinas
1299 1060 1352 1087 500
1380 1060 1518 1088 habuerit.
1553 1060 1592 1087 Ex
1625 1067 1658 1087 co
1688 1064 1812 1094 tempore

1024 1105 1190 1133 sublimibus
1206 1105 1233 1132 in
1249 1106 1316 1133 locis
1335 1105 1449 1133 delubra
1474 1105 1687 1133 simulacrorum
1704 1106 1812 1134 cunctis

1024 1153 1156 1180 uxoribus
1176 1152 1232 1179 suis
1244 1153 1387 1179 exstruxit.
1411 1152 1489 1180 Unde
1507 1153 1625 1187 sumpsit
1638 1153 1811 1180 occasionem

1025 1199 1149 1226 desertor
1165 1198 1211 1226 ille
1240 1197 1300 1225 ﬁdei
1323 1197 1459 1231 Julianus,
1475 1203 1505 1225 ut
1524 1198 1629 1226 diceret
1641 1197 1813 1226 Christianos

1026 1244 1203 1272 Solomonem
1220 1244 1333 1272 minime
1359 1244 1460 1271 debere
1486 1245 1638 1279 sapientem
1663 1244 1812 1279 appellare.

1025 1291 1092 1318 Nam
1108 1291 1160 1318 hoc
1175 1291 1234 1326 ejus
1251 1291 1364 1318 verbum
1382 1291 1499 1327 Cyrillus
1514 1290 1656 1318 memoriae
1679 1291 1810 1327 prodidit.

1025 1336 1127 1370 Quodsi
1142 1337 1265 1370 omnino,
1285 1337 1384 1372 inquit,
1415 1338 1569 1373 sapientem
1587 1337 1672 1365 fuisse
1690 1338 1814 1373 persuasi
1839 1373 1841 1375 ι

1026 1384 1104 1415 estis,
1121 1383 1206 1411 nolite
1218 1388 1315 1419 putare
1336 1384 1483 1419 deceptum
1496 1392 1510 1412 a
1529 1383 1643 1411 muliere
1653 1383 1748 1414 fuisse.
1766 1385 1814 1412 sed

1027 1429 1117 1464 potius
1132 1429 1286 1457 existimate
1299 1435 1375 1457 certo
1387 1430 1491 1464 judicio
1511 1435 1540 1457 ct
1554 1430 1717 1458 auctoritate
1743 1430 1816 1457 illius

1028 1474 1075 1502 Dei
1093 1466 1205 1507 fretum,
1225 1475 1269 1509 qui
1287 1474 1313 1502 ci
1334 1480 1423 1502 semet
1435 1475 1584 1502 videndum
1599 1476 1748 1509 obtulerat,
1763 1477 1816 1504 diis

1029 1520 1179 1556 peregrinis
1205 1520 1343 1548 serviisse.
1374 1520 1480 1554 Quibus
1512 1523 1604 1549 verbis
1626 1522 1743 1558 Cyrillus
1770 1531 1817 1550 re-

1029 1567 1179 1602 spondens,
1189 1567 1345 1602 hujusmodi
1359 1567 1481 1602 quazdam
1501 1568 1631 1604 subjicit:
1653 1568 1722 1596 tNos
1736 1568 1817 1596 Solo-

1029 1620 1139 1640 moncm
1155 1617 1267 1648 propter
1281 1620 1313 1640 ea
1331 1620 1391 1648 quae
1407 1613 1533 1648 scripsit,
1555 1617 1583 1640 et
1595 1613 1688 1641 dicere
1704 1615 1817 1649 sapien-

1030 1664 1084 1686 tem
1101 1663 1127 1686 et
1141 1659 1232 1693 reipsa
1248 1663 1369 1686 statuere
1389 1666 1544 1693 possumus.
1576 1659 1707 1687 Eumdcm
1724 1661 1818 1687 colen-

1029 1706 1072 1732 dis
1087 1705 1202 1732 deastris
1221 1705 1292 1732 haud
1306 1705 1388 1733 dubie
1405 1706 1563 1740 deliquisse,
1578 1713 1660 1733 nemo
1673 1711 1747 1733 certe
1768 1714 1817 1734 ne-

1029 1752 1109 1786 garit.
1128 1751 1186 1784 Qua
1203 1751 1237 1778 de
1251 1759 1334 1779 causa
1350 1759 1400 1779 nec
1415 1752 1485 1779 inter
1496 1759 1591 1779 sacros
1603 1759 1664 1779 eum
1677 1758 1751 1780 vates
1767 1760 1818 1780 nec

1030 1797 1102 1824 inter
1115 1797 1256 1832 apostolos
1275 1796 1464 1825 numeramus.
1497 1798 1543 1825 Vel
1562 1798 1652 1833 potius
1667 1799 1704 1826 ita
1720 1799 1819 1826 statui-

1029 1851 1101 1878 mus,
1127 1844 1154 1871 in
1179 1845 1324 1879 iuventute
1349 1844 1582 1872 studiosissimum
1610 1845 1694 1872 fuisse
1713 1851 1743 1872 ut
1757 1854 1818 1880 qua:

1031 1890 1064 1918 ad
1092 1891 1140 1917 Dei
1165 1890 1281 1926 gloriam
1308 1890 1480 1926 pertinerent
1496 1890 1625 1923 eﬂiceret,
1650 1891 1678 1918 in
1706 1896 1818 1919 senecta

1030 1944 1095 1963 vero
1117 1935 1245 1963 Satanam
1263 1936 1289 1963 ei
1311 1943 1359 1970 per
1374 1936 1503 1963 mulieres
1519 1936 1634 1964 insidias
1648 1938 1810 1965 struxisse.)

1030 1982 1137 2015 Quibus
1157 1990 1223 2010 sane
1248 1983 1394 2018 postremis
1419 1983 1511 2018 Cyrilli
1539 1983 1630 2011 verbis
1656 1985 1736 2011 etiam
1763 1985 1817 2013 hoc

1029 2028 1141 2063 Iosephi
1159 2029 1347 2056 testimonium
1367 2030 1516 2058 consentit.
1545 2029 1720 2066 Nequaquam
1733 2051 1741 2065 ,
1767 2032 1816 2064 ait,

1032 2075 1095 2102 talis
1110 2074 1138 2102 in
1155 2078 1266 2102 senecta
1286 2074 1396 2102 Solomo
1412 2075 1473 2108 fuit,
1495 2075 1604 2111 qualem
1626 2076 1653 2103 in
1675 2077 1819 2112 juventutc

1033 2128 1062 2148 se
1078 2125 1212 2155 gesserat.
1233 2120 1302 2147 Nam
1316 2124 1397 2148 tetate
1413 2121 1468 2156 jam
1481 2121 1664 2155 provectiore,
1681 2130 1743 2149 cum
1760 2123 1820 2157 ejus

1032 2166 1103 2192 ratio
1119 2166 1250 2200 paulatim
1263 2166 1456 2193 debilitaretur
1469 2166 1495 2193 in
1505 2167 1649 2194 retinentia
1663 2167 1820 2196 divinOrum

192 2213 265 2243 θεοῖς
280 2211 370 2238 αὐτῶν
386 2211 519 2245 πρότερον
543 2210 711 2240 καταθύσας.
733 2209 788 2235 Καὶ
805 2209 858 2244 πρὸ
874 2208 973 2235 τούτων

1032 2212 1222 2239 mandatorum
1237 2212 1378 2245 memoria,
1387 2212 1472 2239 Deum
1481 2219 1561 2239 suum
1574 2220 1626 2239 non
1635 2213 1726 2248 magni
1744 2213 1820 2244 fecit.

191 2258 221 2285 δὲ
233 2259 273 2289 εῑς
290 2258 339 2292 τὴν
353 2257 477 2292 φυλακὴν
491 2257 545 2283 τῶν
561 2256 684 2291 νομίμων
700 2255 866 2290 ἐξήμαρτεν,
881 2254 924 2280 ὅτε
945 2254 979 2281 τὰ

190 2305 246 2330 τῶν
260 2302 370 2338 χαλκῶν
387 2302 455 2337 βοῶν
471 2302 634 2336 ὁμοιώματα
648 2299 836 2326 κατεσκεύασε
858 2299 909 2332 καὶ,
925 2298 979 2325 τῶν

188 2350 307 2376 λεόντων
329 2348 383 2375 τῶν
407 2348 473 2383 περὶ
491 2348 536 2374 τὸν
551 2348 646 2381 θρόνον
661 2346 707 2373 τὸν
731 2346 806 2379 ἴδιον,
823 2346 871 2372 καὶ
890 2345 979 2372 ταῦτα

177 2397 231 2428 Δδὶς
249 2395 332 2423 αὑτοῦ
347 2395 394 2422 τοῦ
408 2394 474 2421 Θεοῦ
487 2394 549 2420 καθ’
561 2393 661 2424 ὕπνους
678 2393 818 2428 φανέντος.
832 2391 914 2418 Ὅθεν
929 2391 977 2418 καὶ

192 2444 276 2477 ’Δδερ
291 2443 338 2469 τὸν
372 2442 522 2476 ’ῐὸουμαῐον
548 2441 652 2476 ἐγείρει
669 2440 729 2467 κατ’
742 2439 825 2467 αὑτοῦ
841 2441 854 2465 ὁ
874 2439 952 2470 Θεός.
967 2447 975 2464 t

197 2492 228 2519 '0
247 2492 341 2526 μέντοι
358 2491 454 2526 Θρόνος
468 2491 516 2517 τοῦ
539 2490 711 2525 Σολομῶντος
736 2489 909 2523 ἐλεφάντινος
932 2486 976 2524 ἦν,

189 2536 381 2571 ἁναὸαομίδας
409 2536 479 2570 ἔχων
499 2535 538 2567 ἓξ.
572 2536 626 2562 Καὶ
643 2536 672 2561 ὲν
692 2535 742 2570 μιᾷ
764 2535 867 2569 ἑκάστῃ
889 2534 979 2560 αὐτῶν

189 2583 298 2614 λέοντες
315 2583 487 2617 εἰστὴκεισαν
501 2581 683 2616 ἑκατέρωθεν,
695 2581 763 2616 πρὸς
777 2580 882 2611 τούτοις
893 2580 921 2606 δὲ
933 2580 979 2607 καὶ

193 2629 322 2663 ιμοίωμα
338 2629 440 2663 μόσχου
466 2625 500 2662 ἦν
515 2627 581 2663 παρ’
596 2626 681 2662 αὐτῷ.
700 2627 730 2653 Et
747 2627 775 2652 δὲ
794 2626 879 2653 ταῦτα
893 2626 979 2658 οὕτως

191 2676 261 2710 ἔχει,
274 2674 365 2705 καῦὼς
380 2674 486 2701 ἄνωθεν
501 2674 620 2710 εἴρηται,
640 2674 785 2709 προσέχειν
802 2673 889 2705 ἄξιον,
911 2674 979 2706 ἀγα-

192 2721 275 2755 πητὲ,
285 2720 334 2746 καὶ
346 2720 384 2755 μὴ
399 2719 618 2755 συναρπάζεσθαι
634 2722 689 2751 τοῖς
703 2720 827 2753 λέγουσιν
839 2720 879 2746 ὅτι
896 2727 980 2753 μετα-

193 2767 254 2802 νοίᾳ.
271 2766 336 2801 περὶ.
360 2768 390 2792 τὸ
406 2766 494 2801 γῆρας
514 2767 528 2793 ὁ
551 2766 677 2801 Σολομῶν
705 2767 849 2802 ἐχρήσατο,
869 2766 899 2793 Εἰ
924 2766 979 2801 γὰρ

229 2847 252 2864 ’⁸
266 2846 296 2875 Ill
315 2846 382 2880 Reg.
396 2854 434 2878 ιι,
455 2847 495 2874 ll.

360 2897 493 2926 PA't'ttuL.
522 2895 580 2925 (in.
606 2895 692 2927 CLVI
700 2894 737 2926 ll.

1033 2261 1061 2284 ct
1074 2261 1183 2285 exteras
1196 2257 1230 2284 ad
1249 2257 1378 2284 mulieres
1394 2265 1448 2284 non
1472 2257 1561 2285 solum
1585 2258 1705 2290 deﬂexit,
1723 2266 1822 2286 verum

1034 2303 1117 2330 etiam
1131 2303 1182 2330 diis
1198 2310 1291 2330 earum
1304 2311 1381 2330 sacra
1397 2303 1469 2331 fecit.
1485 2303 1557 2336 Quin
1579 2304 1661 2331 etiam
1679 2309 1758 2333 antea
1773 2307 1823 2332 dc—

1033 2348 1114 2384 liquit
1129 2349 1157 2376 in
1173 2348 1241 2384 legis
1256 2349 1356 2382 edicta,
1371 2357 1433 2376 cum
1449 2349 1620 2377 aheneorum
1637 2351 1717 2378 boum
1734 2351 1823 2378 simu-

1033 2396 1108 2423 lacra
1120 2396 1287 2430 leonumque
1298 2395 1371 2423 circa
1386 2395 1484 2424 solium
1501 2403 1581 2423 suum
1597 2396 1721 2432 lingeret,
1736 2405 1824 2432 quan-

1034 2442 1134 2470 tumvis
1153 2442 1177 2469 ei
1196 2441 1238 2469 bis
1251 2441 1322 2469 Deus
1336 2442 1363 2469 in
1375 2450 1473 2469 somno
1488 2442 1670 2477 apparuisset,
1689 2451 1770 2478 quam
1787 2443 1822 2471 ob

1033 2496 1144 2515 causam
1161 2488 1231 2516 Deus
1246 2487 1362 2515 Adercm
1375 2487 1523 2515 ldumazum
1537 2488 1669 2516 adversus
1680 2497 1742 2516 eum
1757 2496 1823 2516 con-

1035 2535 1138 2562 citavit.
1150 2534 1306 2562 Solomonis
1313 2537 1403 2561 autem
1412 2533 1509 2561 solium
1519 2533 1592 2561 istud
1606 2534 1736 2561 eboreum
1751 2538 1822 2566 erat,

1035 2586 1063 2608 et
1085 2580 1185 2616 gradus
1209 2588 1257 2607 sex
1283 2580 1408 2610 habebat.
1425 2579 1453 2606 in
1470 2587 1586 2614 quorum
1606 2580 1739 2615 graduum
1754 2587 1823 2614 quo-

1036 2628 1103 2655 libet
1128 2627 1255 2662 utrinque
1276 2627 1371 2654 leones
1384 2626 1503 2660 stabant,
1521 2630 1547 2653 et
1563 2631 1661 2661 praeter
1679 2627 1728 2652 hos
1745 2625 1822 2653 vituli

1035 2681 1145 2708 quoque
1163 2672 1341 2701 simulacrum
1358 2672 1486 2700 habebat.
1515 2671 1582 2705 Quae
1599 2671 1732 2698 hactenus
1748 2671 1824 2698 indi-

1034 2725 1095 2748 cata
1118 2719 1140 2747 si
1156 2727 1220 2748 vera
1231 2724 1306 2752 sunt,
1324 2718 1404 2754 186
1421 2723 1526 2750 caveto.
1546 2718 1645 2744 dilecte
1662 2717 1710 2749 liti,
1725 2724 1761 2745 ne
1774 2717 1821 2745 cui

1036 2767 1116 2794 [idem
1137 2766 1238 2793 habeas
1265 2765 1312 2800 qui
1332 2764 1506 2792 Solomoucm
1525 2763 1553 2790 in
1570 2767 1712 2790 senectute
1730 2763 1822 2798 poeni-

1605 2887 1642 2917 12
