1966 3075
189 110 222 141 36
228 109 243 142 l'

816 112 1020 144 AN-NALIUM
1038 89 1194 144 PARS-'11.

1758 115 1810 145 3-62

189 169 256 196 Θεοῦ
270 168 372 196 καὶτὸν
387 169 514 197 διάϐολον
532 171 560 196 ὲν
572 170 649 206 μέσῳ
664 171 763 204 αὐτῶν,
777 172 824 198 καὶ
838 172 910 198 οὕτω
923 172 979 199 δια-

1034 172 1069 199 ibi
1099 171 1212 207 pereat?
1255 171 1323 198 Tum
1350 179 1378 199 se
1399 172 1512 207 Spiritus
1537 172 1646 208 quidam
1672 173 1819 208 proripuit.

189 214 318 249 λεχθῆναι
344 215 412 250 πρὸς
437 216 484 242 τὸν
503 216 616 251 Κύριον,
649 217 875 251 προσωποποιίαν
907 215 977 244 εἷναί

188 268 271 295 φησιν
285 262 298 287 ὁ
314 260 385 293 θεῖος
405 262 606 296 Χρυσόστομος.
634 263 686 289 Τὸν
704 263 795 296 μέντοι
819 263 892 290 Βάαλ
917 263 979 290 θεὸν

188 305 258 334 εἶναι
273 308 348 342 λέγει
377 309 484 344 Τυρίων
511 311 525 336 ό
540 309 684 345 Ἰώσηπος,
701 310 750 346 τὴν
773 310 801 337 δὲ
824 310 979 346 Ἀστάρτην

190 354 333 389 Σιδωνίων,
350 355 464 390 Βααλὴμ
481 356 508 382 δὲ
522 355 566 382 τὸν
580 356 626 382 τοῦ
641 357 715 384 Βάαλ
733 357 827 392 σηκόν.
847 357 902 383 Καὶ
914 357 979 391 περὶ

191 400 241 435 μὲν
251 400 466 432 τούτωνρΰτως.
489 401 521 428 ’0
537 402 565 428 δὲ
574 401 709 436 Ἰωσαφὰτ
724 404 770 430 καὶ
780 403 922 438 προφήτην
931 402 979 438 ξηο

189 446 277 481 τήσας
291 447 338 474 καὶ
347 448 460 475 τοιαῦτα
473 449 567 484 μαθὼν
582 450 659 485 ὅμως
673 450 829 486 συναπῆρεν
843 452 883 481 είς
902 451 980 477 πόλε-

191 500 241 525 μον
262 493 395 527 μετὰλτοῦ
410 494 533 529 Ἀχαάό·
562 495 630 531 πλὴν
659 496 703 522 διὰ
726 496 775 531 τὴν
792 496 877 530 ἄλλην
896 496 978 524 αὑτοῦ

188 537 300 572 ἀρετὴν,
323 538 361 570 ὡς
379 538 482 565 ἄνωῦεν
497 540 616 575 εἴρηται,
640 541 819 577 διεφυλάχοη.
840 542 870 568 '0
885 541 979 576 μέντοι

188 583 310 618 Μιχαίας
325 585 432 620 φυλακῇ
452 585 604 620 ὲμῦληθεὶς
625 587 700 621 παρὰ
715 586 763 613 τοῦ
781 587 885 622 ’Δχαὰὸ
902 587 980 621 ἔλεγε

192 629 282 663 μετὰπ
293 631 452 665 παρρησίας
466 640 475 656 t
497 631 560 658 Ἐὰν
584 632 755 667 ἐτυτρέφων
770 624 938 668 επις-τρέψῃς
951 634 980 660 ἐν

188 675 299 711 εξρήνῃ,
314 677 345 703 οὐ
360 677 509 712 λελάληκεν
524 678 552 704 ὲν
567 679 634 713 ἡμῖν
651 679 665 704 ὁ
676 678 788 714 Κύριος.
804 688 814 704 ι
832 679 916 706 Ἀλλὰ
932 678 980 706 καὶ

175 721 206 756 .ή
223 721 270 748 ἐπὶ
283 722 330 748 τοῦ
354 723 459 757 Ἀχαὰῦ
487 723 531 750 διὰ
560 723 608 750 τοῦ
623 723 715 750 Ἠλίου
746 724 806 750 θεία
825 725 979 760 πρόρρησις

189 768 278 802 πέρας
301 767 376 803 ἔσχε.
399 769 522 803 Τρωθεὶς
546 770 593 796 ἐπὶ
609 770 677 796 πολὺ
699 770 737 804 ’τῷ
755 770 859 805 ἅρματι
874 771 980 802 ἵστατο,

188 813 232 840 ἴνα
251 814 288 849 μὴ
303 815 409 850 τροπὴν
435 814 588 850 ἐργάσηται
604 817 637 851 τῇ
655 818 739 851 φυγῇ.
752 817 789 843 Τὸ
809 817 838 842 δὲ
852 814 921 852 αἷμα
936 825 982 851 φε-

1032 222 1060 245 et
1076 225 1167 245 coram
1185 218 1301 244 Domino
1318 225 1347 245 se
1363 217 1465 245 sistens
1482 218 1508 245 in
1525 219 1597 246 hunc
1616 219 1725 246 utodunt
1743 220 1819 247 locu-

1033 268 1076 292 tus
1091 268 1146 291 est:
1179 264 1248 299 «Ego
1272 271 1337 291 vero
1361 265 1498 292 hominem
1515 265 1676 300 decipiam.)
1701 266 1750 293 Cui
1767 267 1820 294 Do-

1033 311 1141 337 minus:
1167 311 1215 338 tEt
1235 318 1288 344 quo
1304 310 1411 337 tandem
1427 315 1506 345 pacto
1516 311 1541 338 ?t
1573 311 1685 343 «Abibo,
1721 312 1820 347 inquit.

1033 361 1061 383 et
1084 363 1131 384 ero
1157 357 1271 391 spiritus
1304 357 1418 383 mendax
1442 357 1468 384 in
1492 365 1540 385 ore
1554 362 1713 385 cunctorum
1728 363 1820 386 vatum

1033 403 1110 437 ejus;
1127 410 1213 437 eoque
1227 403 1307 430 modo
1323 403 1410 436 ipsum
1433 403 1535 430 fallam.
1550 413 1558 429 1
1577 403 1646 430 Τ11111
1673 404 1820 432 Dominus:

1036 449 1101 476 «Abi
1116 457 1190 484 ergo,
1202 449 1249 482 ait,
1261 449 1388 484 quodque
1400 449 1503 481 dixisti,
1520 449 1628 477 facile.»
1647 449 1718 477 Sttttt
1729 456 1821 478 autent

1034 495 1092 522 haec
1113 495 1215 527 omnia,
1241 495 1472 529 quemadmodum
1487 495 1677 523 Theodorelus
1702 497 1821 531 scripsit,

1034 548 1116 567 mera:
1142 548 1322 575 personarum
1346 541 1480 574 fictiOues,
1497 549 1556 575 quae
1584 550 1633 569 nos
1657 542 1822 576 de'permis-

1034 588 1112 616 sione
1128 588 1219 615 divina
1231 587 1372 614 erudiunt.
1402 587 1502 615 Eodem
1516 587 1595 614 modo
1608 596 1669 615 cum
1684 587 1712 614 in
1729 595 1823 614 narra—

1035 635 1108 661 tione
1123 633 1156 660 de
1180 634 1249 661 Joho
1269 633 1378 660 Littera:
1394 641 1478 661 sacra:
1502 633 1625 661 referuttt
1650 634 1760 669 angelos
1775 642 1822 661 co—

1034 687 1094 706 ram
1110 678 1226 706 Dotnitto
1250 678 1379 711 astitisse,
1404 687 1436 706 ac
1457 680 1528 706 inter
1542 687 1590 707 eos
1606 680 1695 714 ipsum
1713 688 1822 714 quoque

1034 724 1184 758 diabolum,
1210 726 1258 760 qui
1287 725 1371 752 Deutn
1399 725 1616 760 compellaverit,
1640 725 1751 752 divinus
1777 726 1822 752 ille

1034 771 1245 805 Chrysostomus
1285 777 1465 805 personarunt
1511 771 1647 798 fictionem
1687 771 1822 806 agnoscit.

1035 816 1170 843 Cmterum
1203 815 1268 843 Baal
1295 816 1414 851 Joseplto
1452 817 1521 844 deus
1557 820 1599 844 est
1634 817 1821 852 ASSyriorum,

188 860 306 895 ρόμενον
333 857 455 896 ὲνεπάγη
483 862 522 897 τῷ
539 863 654 897 ἅρματι.
671 863 758 889 Τοῦτο
774 863 850 898 παρὰ
865 863 954 898 κρήνῃ
968 864 979 890 ό

1035 863 1145 890 Astarte
1169 870 1236 890 vero
1263 862 1446 894 S‘donioruntl
1470 863 1573 889 Baalitu
1600 851 1720 897 denique
1736 863 1824 890 sacel-

190 905 297 940 ὴνίοχος
316 907 441 939 ἔπλυνεν,
454 909 478 934 oi
494 908 523 934 δὲ
540 909 620 940 κύνες
634 908 778 944 ὲξέλειχον.
793 909 826 935 Ai
842 908 870 934 δὲ
883 909 982 943 πόρναι

189 953 256 988 περὶ
268 953 317 988 τὴν
329 954 366 981 ἓω
380 955 450 981 κατὰ
464 955 494 981 τὺ
509 955 568 987 ἔθος
581 955 728 982 ἐλούσαντο
738 964 745 971 ·
761 956 914 991 πηγιμαῖον
929 956 982 990 γὰρ

188 996 223 1034 ἦν
235 999 266 1025 τὸ
279 999 362 1035 ὕδωρ,
383 1001 576 1035 κεχρωσμένον
587 1001 616 1027 δὲ
634 1001 674 1036 τῷ
686 1001 796 1036 αἵματι.

1035 909 1092 936 111111
1109 907 1172 934 Baal
1188 907 1395 943 interpretatur.
1414 908 1453 935 Ac
1474 908 1507 935 de
1521 908 1563 935 his
1580 908 1692 942 quidem
1711 908 1767 935 lucc
1783 908 1823 935 in-

1034 955 1123 982 dicata
1140 960 1233 982 sunto.
1261 954 1428 988 Josaphatus
1447 959 1539 982 autent
1560 954 1693 989 requisita
1710 959 1772 981 vate
1791 962 1823 981 ac

1035 1000 1192 1035 hujusmodi
1208 1000 1289 1027 rebus
1304 1007 1338 1027 ex
1350 1007 1382 1027 eo
1398 1001 1515 1036 cognitis
1538 1001 1625 1028 nihilo
1644 1001 1736 1027 minus
1760 1008 1822 1027 cum

188 1045 319 1073 Achaabo
329 1045 362 1073 ad
382 1047 482 1074 bellum
498 1047 635 1081 profectus
650 1051 702 1075 est.
718 1047 786 1080 Quia
811 1051 902 1075 tamen
936 1046 1036 1081 alioqui
1070 1046 1111 1073 vir
1131 1053 1236 1081 magna:
1265 1046 1374 1073 virtutis
1392 1051 1462 1077 erat.
1477 1051 1506 1073 ut
1521 1054 1602 1081 supra
1629 1054 1737 1081 quoque
1753 1046 1824 1073 dixi—

178 1100 262 1126 ‘mus,
281 1093 426 1120 incolumis
446 1093 557 1120 domutn
573 1093 672 1121 evasit.
711 1094 837 1121 Michaeas
873 1094 901 1121 in
936 1100 1073 1120 carcerem
1101 1092 1136 1119 ab
1169 1091 1297 1119 Aehaabo
1324 1092 1464 1126 conjeetns
1489 1100 1586 1127 magna
1619 1101 1685 1120 eunt
1706 1093 1762 1120 oris
1791 1092 1823 1119 li‘

189 1139 296 1166 bertate
308 1139 397 1166 dixit:
425 1139 542 1173 tQuodsi
565 1148 696 1175 prospere
714 1141 824 1168 domum
841 1148 967 1168 reversus
987 1140 1081 1172 fueris,
1098 1139 1182 1166 Deum
1201 1147 1249 1174 per
1268 1147 1311 1166 ttte
1325 1139 1438 1167 utimine
1455 1139 1575 1167 locutuut
1591 1148 1652 1167 esse
1671 1141 1787 1167 fatebor.
1811 1149 1820 1165 I

190 1184 338 1213 Enimvero
360 1186 480 1214 divinum
512 1186 579 1213 illttd
610 1187 751 1214 oraculum
775 1187 809 1214 de
837 1186 978 1219 Achaaho,
997 1186 1069 1221 quod
1088 1185 1161 1212 Elias
1195 1185 1290 1218 edidit,
1323 1190 1438 1213 eventus
1454 1186 1512 1220 ipse
1529 1186 1727 1221 comprobavit.
1755 1185 1823 1214 Nam

189 1238 254 1259 cum
269 1232 367 1259 vulnus
378 1232 543 1267 accepisset,
562 1232 608 1260 diu
620 1233 767 1260 admodum
784 1233 810 1260 in
828 1241 909 1260 curru
923 1232 1008 1264 stetit.
1024 1240 1060 1259 ne
1090 1237 1237 1266 conspecta
1251 1231 1323 1267 regis
1343 1231 1405 1266 fuga
1439 1232 1539 1259 milites
1569 1233 1638 1259 hosti
1675 1237 1748 1268 terga
1775 1233 1823 1260 da-

190 1283 262 1307 rent.
294 1280 332 1307 lbi
347 1280 456 1315 sanguis
476 1288 491 1308 e
508 1281 623 1308 vulnere
655 1278 803 1317 profluens
822 1289 904 1308 curru
939 1280 1073 1313 adluesit;
1101 1288 1182 1314 quem
1208 1280 1336 1314 deinceps
1363 1281 1454 1316 auriga
1480 1281 1513 1307 ad
1544 1280 1647 1308 fontettt
1683 1280 1771 1307 abluit
1797 1285 1824 1306 et

182 1335 273 1355 canes
289 1328 436 1356 linxerunt.
461 1329 540 1356 Mane
571 1337 637 1357 vero
654 1330 813 1358 meretrices
828 1330 863 1357 ad
886 1330 989 1357 fonteut
1011 1329 1090 1365 190
1106 1328 1225 1357 Achaabi
1249 1329 1381 1364 sanguine
1409 1331 1520 1356 tinctum
1551 1329 1712 1356 accedentes
1742 1329 1822 1356 etiaut

191 1376 219 1403 in
235 1383 268 1403 eo
280 1383 395 1412 corpora
414 1384 469 1404 sua
482 1373 532 1412 pro
552 1385 629 1405 more
642 1378 798 1405 abluerunt.

225 1423 329 1458 Ἰωρὰμ
343 1423 371 1449 δὲ
382 1423 429 1449 τοῦ
444 1423 579 1457 κηδεστοῦ
598 1425 702 1458 Ἀχαὰὸ
714 1424 841 1460 ζηλώσας
856 1425 906 1460 τὴν
917 1425 981 1451 ἀσέ-

189 1470 268 1496 ϐειαν
293 1469 372 1502 ἀξίαν
388 1469 438 1504 τὴν
463 1470 600 1504 τιμωρίαν
618 1469 729 1505 εὕρατο.
750 1471 781 1497 '0
807 1471 862 1506 γὰρ
893 1471 979 1506 μέγας

183 1516 291 1547 "ﬁlia;
320 1516 365 1543 διὰ
387 1513 560 1551 γραμμάτων
588 1518 730 1552 μεμήνυκε
757 1518 806 1552 ’τὴν
822 1517 975 1551 ἀπόφασιν·

182 1570 202 1586 -ι
219 1560 289 1588 Τάδε
300 1561 375 1594 λέγει
387 1561 505 1596 Κύριος·
522 1561 593 1588 ’Δνθ“
607 1560 646 1588 ὧν
656 1562 705 1599 οὐκ
720 1563 871 1597 ἐπορεύθης
885 1564 914 1589 ὲν
927 1562 979 1597 ὁδῷ

195 1606 331 1640 Ἰωσαφὰτ
344 1606 391 1632 τοῦ
409 1607 512 1642 πατρός
528 1616 586 1640 σου,
602 1608 766 1640 ἀπέκτεινας
779 1609 807 1635 δὲ
825 1609 888 1640 τοὺς
903 1609 982 1636 ἁδελ-

190 1653 258 1687 φούς
273 1662 331 1685 σου,
349 1653 403 1681 ἰδοὺ
419 1655 523 1689 Κύριος
534 1654 670 1681 πατάσσει
686 1655 795 1690 πληγὴν
812 1655 936 1690 μεγάλην
954 1656 982 1681 ὲν

189 1699 228 1734 τῷ
239 1699 308 1733 οϊνῳ
321 1708 379 1733 σου,
394 1699 442 1726 καὶ
458 1701 489 1726 σὺ
506 1700 554 1736 ἔσῃ
571 1701 600 1726 ὲν
612 1701 781 1736 ἀρρωστίαις
795 1701 940 1736 πονηραῖς,
954 1701 982 1728 ὲν

189 1745 333 1781 ἀρρωστίᾳ
346 1745 462 1778 κοιλίας,
480 1745 532 1777 ἕως
555 1745 588 1772 ἃν
612 1746 706 1782 ἐξέλθῃ
722 1747 756 1773 τὰ
769 1746 868 1782 ἔντερά
892 1755 950 1773 σου.
969 1756 979 1772 1

195 1786 427 1822 Ἐπεστράφησαν
451 1787 542 1814 τοίνυν
569 1787 715 1822 ἀλλόφυλοι
732 1788 793 1815 κατ’
809 1787 905 1820 αὑτοῦ⁷
933 1788 981 1814 καὶ

190 1833 295 1865 πάντας
311 1834 555 1870 ἐξηνδραπόδισαν,
579 1834 628 1862 καὶ
649 1834 682 1861 τὰ
697 1834 780 1861 τέκνα
795 1835 876 1861 αὑτοῦ
892 1835 982 1861 πάντα

189 1878 370 1906 κατέκτειναν
395 1879 458 1906 ἄνευ
484 1879 533 1905 τοῦ
551 1879 686 1914 Ὀχοζίου.
704 1880 861 1916 Ἑπέσκηψε
889 1882 938 1907 καὶ
963 1882 980 1916 ὴ

189 1926 279 1958 νόσος,
296 1925 344 1951 καὶ
354 1925 415 1951 οὐδὲ
433 1925 501 1959 μετὰ
513 1925 630 1952 Θάνατον
646 1925 790 1960 βασιλικῆς
806 1925 911 1960 ἠξιώθη
930 1934 980 1952 τα-

191 1971 257 2006 φῆς.
270 1971 391 2005 ’Λληοῶς
414 1971 532 2008 φοϐερὸν
554 1972 585 1998 τὸ
605 1973 738 2008 ἐμπεσεῖν
750 1973 790 2004 εἰς
804 1974 899 2009 χεῖρας
911 1973 981 2000 Θεοῦ
1003 1987 1012 2007 ιΔ

190 2017 307 2050 ζῶντος.

227 2154 305 2182 Μετὰ
318 2154 413 2182 τοῦτον
430 2154 554 2190 Ὀχοζίας
567 2155 693 2190 ζηλωτὴς
708 2155 755 2182 καὶ
770 2156 852 2188 αὐτὸς
864 2156 914 2191 τῆς
930 2165 982 2183 πα-

188 2200 290 2235 τρικῆς
314 2200 453 2232 ἀσεϐείας.
476 2201 699 2228 Ἀποστέλλονται
726 2201 817 2228 τοίνυν
842 2202 912 2237 πρὸς
935 2203 980 2229 τὸν

1072 1422 1230 1451 Seeundunt
1245 1423 1302 1449 hmc
1316 1429 1361 1449 rex
1373 1421 1501 1449 Ioramus
1516 1421 1683 1455 impietatem
1693 1421 1824 1449 .Aehaabi

1034 1471 1122 1498 soceri
1140 1470 1182 1497 sui
1200 1470 1342 1497 aemulatus
1363 1469 1476 1495 meritas
1498 1468 1611 1495 ouutiuo
1635 1476 1730 1502 poenas
1761 1468 1822 1497 luit.

1032 1516 1101 1543 Nam
1119 1523 1234 1551 magnus
1256 1516 1301 1542 ille
1312 1520 1386 1542 vates
1401 1515 1473 1542 Elius
1486 1514 1642 1548 hujusmodi
1657 1515 1747 1541 verbis
1760 1522 1822 1542 euut

1032 1569 1082 1596 per
1106 1562 1211 1588 litteras
1225 1561 1417 1595 compellavit:
1437 1560 1515 1587 «llaec
1530 1561 1577 1587 tibi
1593 1561 1725 1587 Dominus
1739 1561 1824 1595 signi-

1036 1608 1098 1635 ﬁcat
1112 1617 1119 1634 :
1141 1607 1276 1640 Quoniam
1293 1607 1448 1633 instituttutt
1462 1611 1582 1641 paterna:
1603 1606 1746 1640 Josaphati
1763 1608 1824 1634 vita:

1034 1661 1130 1681 nones
1143 1657 1276 1686 sectatus,
1305 1653 1352 1680 sed
1368 1652 1470 1679 fratres
1491 1658 1551 1679 tuos
1575 1653 1736 1679 interfecisti
1751 1672 1758 1684 ,
1789 1661 1823 1679 en

1033 1706 1131 1734 magna
1144 1699 1299 1726 caiamitate
1319 1699 1450 1725 Dominus
1465 1698 1597 1727 familiam
1621 1704 1694 1725 tuam
1712 1698 1824 1730 afficiet,

1033 1752 1065 1772 ac
1093 1749 1120 1772 tu
1146 1744 1276 1779 gravibus
1301 1745 1446 1772 admodum
1468 1745 1571 1771 morbis
1584 1744 1733 1777 labor-abis,
1755 1752 1825 1778 quos

1033 1790 1106 1818 inter
1132 1796 1213 1818 erttnt
1236 1791 1373 1818 viscerum
1400 1791 1529 1823 tormina,
1550 1796 1602 1818 tant
1629 1791 1674 1817 ditt
1696 1790 1822 1817 durantia

1033 1837 1122 1864 donec
1138 1837 1269 1864 intestina
1289 1844 1385 1871 egeras
1397 1838 1435 1864 '.t
1466 1837 1524 1863 Non
1540 1837 1625 1863 multo
1639 1841 1700 1870 post
1720 1840 1824 1863 extera:

1032 1881 1158 1908 nationes
1180 1881 1205 1908 in
1223 1889 1285 1908 eum
1309 1881 1402 1915 copias
1424 1881 1564 1914 educunt,
1579 1889 1676 1907 omnes
1696 1889 1711 1907 e
1734 1881 1824 1911 medio

1033 1926 1146 1958 tollunt,
1174 1925 1277 1953 liberos
1298 1927 1389 1961 regios
1412 1926 1597 1958 interficiunt,
1627 1926 1745 1952 Oelrozia
1764 1925 1824 1952 seio

1032 1976 1158 2006 excepto.
1176 1971 1264 1998 Simul
1279 1977 1306 1998 et
1322 1973 1434 1999 morbus
1450 1972 1589 1998 hominem
1611 1972 1724 2004 invadit,
1739 1972 1824 1999 ac'ue

1032 2017 1134 2052 regiam
1148 2017 1258 2052 quidem
1274 2018 1441 2052 sepulturam
1456 2025 1470 2044 a
1486 2022 1573 2044 tttorte
1589 2023 1753 2044 consecutus
1769 2023 1822 2044 est.

1032 2062 1169 2090 Nimirum
1200 2071 1297 2098 reapse
1326 2063 1501 2090 formidabile
1530 2069 1571 2090 est;
1592 2063 1619 2090 iu
1642 2063 1687 2090 Ι)ςὶ
1706 2063 1824 2091 viventis

1032 2117 1130 2136 manus
1144 2109 1265 2136 incidere
1276 2110 1308 2136 “.

1068 2156 1207 2184 Successit
1223 2156 1250 2183 iit
1273 2164 1356 2192 regno
1381 2156 1453 2183 ﬁlius
1471 2156 1614 2187 Ochozias.
1645 2161 1672 2183 et
1689 2156 1746 2191 ipse
1775 2164 1824 2190 pa.

1033 2207 1118 2229 terna:
1145 2202 1295 2236 impietatis
1322 2202 1474 2229 aemulator.
1506 2202 1564 2229 lloc
1595 2208 1718 2237 tempore
1747 2203 1822 2231 missi

191 2246 280 2280 μέγαν
299 2247 391 2273 Ἠλίαν
408 2246 454 2273 δύο
476 2247 712 2282 πεντηκόνταρχοι
735 2247 802 2282 μετὰ
826 2248 976 2282 σοϐαρότη-

1034 2252 1098 2276 sunt
1128 2249 1160 2274 ad
1190 2255 1317 2283 magnum
1348 2248 1422 2274 itluut
1451 2252 1539 2275 vatem
1557 2247 1642 2275 Eliant
1671 2249 1725 2275 duo
1742 2249 1824 2283 quin-

189 2301 236 2323 τος
255 2292 402 2324 καλοῦντες
422 2292 505 2319 αὐτὸν
522 2292 569 2319 ἐπὶ
585 2293 624 2328 τῷ
644 2294 818 2329 ἐρωτηθῆναι
834 2295 883 2327 τῆς
903 2295 981 2320 νόσου

188 2336 237 2363 τοῦ
263 2337 395 2372 βασιλέως
420 2338 534 2365 ἕνεκεν-
560 2336 636 2373 ἑφ¹ᾧ
662 2340 710 2366 καὶ
735 2339 792 2375 πῦρ
816 2339 981 2373 καταγαγὼν

188 2383 295 2410 ἄνωθεν
316 2384 488 2410 κατέκαυσεν
509 2385 620 2417 αὐτούς.
640 2385 712 2412 Ἀλλ’
725 2385 841 2412 ἐνταῦθα
860 2386 884 2412 οἱ
904 2385 979 2420 om-

187 2436 260 2462 τητα
281 2428 327 2454 τοῦ
348 2429 489 2463 προφήτου
512 2432 730 2466 κατηγοροῦντες
751 2432 835 2459 αὐτοῦ
858 2430 979 2466 κατηγο-

190 2473 268 2508 ροῦσι
283 2473 330 2500 τοῦ
346 2474 414 2500 Θεοῦ
427 2483 433 2489 ’
450 2475 484 2501 δι’
496 2476 581 2502 αὑτοῦ
595 2477 651 2512 γὰρ
665 2478 702 2504 τὰ
716 2478 814 2504 πάντα.
831 2478 974 2505 Στέλλεται

187 2521 236 2548 οὖν
251 2520 343 2554 τρίτος
359 2521 611 2557 πεντηκόνταρχος,
629 2523 676 2550 καὶ
693 2524 784 2558 ὴπὶοις
800 2523 889 2558 λόγοις
906 2533 976 2559 χρη-

189 2568 308 2602 σάμενος
324 2569 374 2602 τὴν
391 2568 529 2603 τιμωρίαν
546 2569 683 2603 διέφυγεν.
703 2571 913 2606 Κατερχὸμενος
930 2570 976 2597 οὖν

188 2614 238 2640 καὶ
261 2614 433 2648 συναντήσας
454 2615 510 2645 τοῖς
534 2615 729 2642 ἀποσταλεῖσιν
752 2616 800 2641 ἐπὶ
822 2616 858 2642 τὰ
882 2615 977 2642 εἴδωλα

189 2657 264 2690 εἷπε,
284 2668 292 2684 ι
315 2659 393 2694 Παρὰ
410 2659 440 2685 τὺ
461 2659 498 2693 μὴ
517 2656 587 2686 εἶναι
606 2660 673 2686 Θεὸν
690 2661 719 2687 ὲν
738 2661 856 2696 Ἰσραὴλ,
875 2662 979 2698 πορεύῃ

188 2705 306 2740 ζητῆσαι
330 2708 412 2740 μυῖαν
435 2705 497 2732 θεὸν
515 2706 656 2741 Ἀκαριῖιν;
675 2708 692 2742 ἡ
710 2707 787 2743 κλίνη
806 2709 848 2742 ἐφ’
862 2704 895 2743 ἧς
914 2709 977 2734 ἀνέ-

187 2752 257 2786 6ης,
281 2752 310 2776 οὐ
336 2751 494 2787 καταϐήσῃ.
524 2761 533 2777 ι
552 2752 686 2778 ’ίστωσαν
710 2751 756 2779 οὖν
781 2753 906 2780 ὲντεῦυεν
930 2753 978 2787 οἴῳ

223 2834 233 2849 °
251 2834 272 2861 11
288 2833 378 2861 Parui.
394 2842 425 2866 tt,
445 2834 489 2862 21.
531 2836 551 2851 ¹⁰
568 2835 651 2863 llebr.
669 2844 693 2870 κ,
713 2836 757 2863 51.

1033 2301 1188 2329 quagenum
1205 2293 1320 2320 militum
1334 2293 1465 2327 prtt‘l'eeti,
1491 2294 1608 2328 quicum
1632 2294 1751 2329 superbe
1776 2303 1823 2321 ar-

1032 2343 1143 2366 cessunt
1154 2338 1188 2365 de
1203 2337 1275 2372 regis
1290 2338 1384 2365 morbo
1399 2338 1608 2365 consulendum.
1639 2339 1710 2366 'l‘uut
1730 2340 1821 2375 ignem

1031 2385 1077 2412 ille
1091 2384 1199 2412 coalitus
1213 2384 1353 2412 deducens
1369 2384 1513 2411 universos
1526 2383 1734 2412 concremavit.
1765 2385 1822 2412 lI-ic

1030 2432 1091 2459 loco
1102 2431 1147 2466 qui
1163 2431 1354 2458 crudelitatem
1372 2431 1442 2458 vatis
1460 2435 1603 2462 accusant,
1631 2432 1717 2458 Deum
1733 2431 1821 2466 ipsutu

1033 2478 1216 2505 criminantur
1233 2486 1240 2505 ε
1255 2485 1319 2504 nam
1338 2484 1386 2512 per
1402 2485 1463 2505 eum
1481 2478 1539 2504 hate
1557 2478 1647 2504 omnia
1663 2478 1731 2505 facta
1747 2483 1820 2506 sunt.

1032 2524 1154 2552 Tandem
1172 2528 1198 2551 et
1216 2524 1313 2551 tertius
1325 2524 1435 2558 quidam
1453 2524 1570 2551 militum
1597 2525 1819 2559 quinquagenum

1032 2571 1178 2606 prtefeetus
1194 2570 1346 2604 ablegatur,
1364 2570 1409 2605 qtti
1425 2575 1516 2598 vatem
1534 2571 1647 2598 utilibus
1664 2571 1755 2597 Verbis
1778 2571 1819 2597 al—

1032 2617 1141 2644 locutus
1157 2616 1320 2650 sttpplieium
1334 2623 1387 2650 quo
1406 2616 1514 2651 priores
1526 2617 1615 2644 aﬂ'ecti
1630 2617 1739 2644 fuerant
1756 2624 1819 2643 era-

1033 2662 1078 2690 sit.
1095 2661 1280 2694 Quamobrem
1295 2666 1370 2688 vates
1383 2662 1417 2689 de
1434 2666 1528 2690 monte
1550 2661 1730 2698 descendens,
1754 2668 1816 2688 cum

1034 2708 1175 2735 incidisset
1210 2708 1236 2734 itt
1252 2707 1378 2735 homines
1391 2708 1530 2743 ablegatos
1546 2717 1560 2734 a
1576 2716 1638 2742 rege
1665 2709 1698 2733 ad
1716 2714 1817 2733 consu-

1033 2753 1127 2780 lendos
1143 2753 1275 2785 deustros,
1293 2751 1449 2786 huiusmodi
1463 2753 1543 2780 verba
1559 2752 1671 2787 protulit
1685 2760 1692 2778 :
1711 2751 1816 2784 «Quam
