1966 3075
214 114 267 145 367

862 119 1070 151 MICHAELIS
1087 121 1216 153 GLYC/E

1783 126 1836 158 368

251 171 331 206 193
346 172 380 198 At
395 171 466 199 ﬁlius
485 171 573 207 ipsius
590 171 737 200 Jezcchias
768 180 874 201 summa
900 175 1002 203 virtute

1095 175 1221 210 Ἑζεκίας
1235 178 1263 206 δὲ
1279 179 1293 206 ὁ
1306 177 1402 206 τούτου
1418 180 1478 212 υἱὸς
1493 180 1541 216 τὴν
1559 181 1715 216 ἀκροτάτην
1732 182 1839 216 κατώρ-

215 217 344 251 ργξοιιὶιυε
357 217 421 250 fuit,
440 219 586 253 omniaque
605 219 733 254 praestitit
748 228 809 254 quae
837 220 902 248 olim
922 220 1004 248 Davi-

213 262 274 295 des,
289 271 358 290 unus
375 270 407 290 ex
419 263 570 298 majoribus
597 264 695 299 ipsius.
727 266 900 300 prastiterat.
930 267 1005 294 luter

214 307 266 334 alia
283 313 439 342 serpentem
466 309 606 336 aheneum
634 318 648 336 a
663 310 737 338 Mosc
756 311 856 338 factum
887 312 1002 340 attrivit.

213 351 281 379 Nam
299 353 332 380 ad
348 353 394 380 illa
411 361 498 388 usque
519 359 640 389 tempora
668 354 787 382 suﬁitum
815 355 838 382 ei
868 355 1005 383 faciebam

211 398 352 426 Israelitze.
364 399 437 427 [deni
448 408 581 427 summam
596 401 688 435 templi
703 408 795 428 curam
809 401 913 432 habuit,
925 409 1003 429 cum-

213 453 267 480 que
281 445 438 473 sacerdotes
455 447 608 474 mactandis
625 447 746 475 victimis
759 455 812 474 nou
835 448 1002 481 sullicereut,

213 496 245 519 ut
269 491 296 519 in
323 491 493 520 Omissorum
520 494 591 521 libro
615 498 744 521 narratur
759 495 792 527 ",
824 493 934 522 Levitas
964 494 1004 522 eis

214 545 315 572 operas
348 538 528 566 subsidiarias
556 539 647 567 facere
672 539 764 574 jussit,
792 540 866 575 quod
891 540 1002 575 quidem

215 592 290 612 nunc
312 584 395 612 etiam
427 584 484 612 ﬁeri
502 584 627 612 videmus
645 594 652 612 :
669 593 731 612 nam
753 593 814 612 cum
840 586 934 612 senior
949 593 1003 612 non

215 630 294 657 adest
306 635 387 664 atque
407 637 471 657 usus
490 630 526 657 ita
553 630 682 664 postulat,
715 631 796 657 etiam
813 630 944 657 diaconus
959 638 1003 657 re-

215 675 338 710 quirenti
357 675 522 710 baplismum
536 675 669 710 impertiri
684 675 802 710 cogitur.
827 675 895 702 Cum
912 680 1003 702 autent

216 721 422 749 Senachcribus
435 721 638 756 expeditionem
654 721 786 749 adversus
804 722 893 755 ipsum
909 729 1003 748 susce-

215 767 312 802 pissvt,
334 767 369 795 ad
384 767 482 795 Isaiam
500 775 562 796 cum
580 768 656 795 hisee
681 768 770 795 verbis
794 768 871 795 misit
887 777 894 795 :
912 777 921 793 ‹
941 769 1004 796 Dies

216 814 349 850 angustia:
367 814 605 849 etcxplorationis
628 819 656 841 et
673 814 824 841 iracundia:
852 814 1003 842 hodiernus

216 860 276 887 dies
302 864 353 887 est.
383 859 451 886 Nam
474 864 569 895 partus
595 860 674 894 quasi
702 860 813 897 quidam
833 860 925 893 instat,
951 868 1004 888 nec

215 906 298 934 matri
316 911 420 934 tantum
435 906 585 934 estvirium
601 911 629 933 ut
643 906 710 933 eniti
725 906 882 941 possum.)
900 906 1005 939 Quibus

206 953 309 981 verbis
329 953 382 981 hoc
413 953 516 980 scilicet
543 952 651 980 voluit:
675 952 779 980 Ardent
806 953 891 980 animi
908 957 936 980 et
965 953 1006 980 ira

216 999 342 1027 succensi
363 1005 440 1032 sunt,
457 1006 489 1026 ex
501 1006 556 1034 quo
582 998 716 1033 Rapsacis
731 999 914 1033 blasphemias
929 999 1005 1026 audi-

207 1047 327 1080 .vimus;
343 1054 433 1081 neque
453 1051 544 1073 tamen
575 1046 676 1080 impios
697 1045 824 1073 homines
841 1047 930 1080 poenis
947 1045 1005 1072 alli-

217 1100 282 1120 cere
301 1100 457 1128 possumus.
487 1092 614 1120 Iusserat
643 1092 717 1120 enim
746 1091 951 1119 Senacheribus
981 1092 1005 1119 ei
1034 1089 1036 1091 ’

208 1148 268 1175 per
283 1140 433 1175 Rapsaeem
449 1140 503 1168 dici
527 1148 562 1167 ne
574 1148 603 1167 se
619 1139 709 1174 decipi
724 1147 739 1166 a
756 1139 810 1167 Deo
831 1146 881 1166 suo
900 1143 1007 1173 patere-

218 1191 273 1218 tur.
289 1187 368 1222 cujus
384 1194 435 1222 ope
453 1186 541 1214 fretus
556 1191 638 1213 esset.
658 1185 759 1213 Verum
778 1185 849 1212 Deus
862 1192 1008 1220 progresso

207 1233 249 1263 ,iu
264 1233 394 1267 templum
429 1232 485 1267 regi
508 1237 589 1266 atque
614 1231 650 1258 ibi
675 1236 784 1266 prccato
809 1235 897 1258 vatem
911 1230 1007 1258 isaiam

220 1285 284 1305 mox
298 1278 395 1305 adesse
416 1277 504 1312 jubet,
525 1285 557 1304 ae
575 1276 696 1304 futuram
719 1277 770 1311 ipsi
798 1275 1007 1310 prosperitatem

219 1324 367 1358 signiﬁcat,
383 1323 536 1358 huiusmodi
553 1330 620 1350 usus
637 1322 708 1349 inter
727 1321 780 1349 alia
793 1321 903 1349 verbis:
926 1321 1008 1348 «Pro-

220 1370 349 1406 pugnabo
362 1369 433 1397 hanc
448 1369 542 1396 urbem
562 1373 616 1396 tam
644 1375 705 1395 mea
722 1375 804 1402 quam
824 1367 936 1394 Davidis
969 1367 1009 1394 ia-

219 1416 288 1443 muli
302 1416 355 1443 mei
369 1423 480 1443 causa.)
498 1414 565 1448 Qua:
580 1413 692 1449 quidem
708 1413 744 1441 ita
759 1413 892 1441 divinitus
903 1414 1009 1448 prolata

221 1466 297 1495 sunt,
311 1469 345 1489 ne
361 1466 471 1497 putaret
488 1461 633 1489 Jezechias
647 1461 800 1488 orationem
825 1467 903 1487 suam
929 1460 1010 1495 justi-

221 1508 268 1551 tia:
296 1515 389 1540 causa,
417 1515 471 1542 qua
487 1506 619 1541 praeditus
648 1511 723 1540 erat.
754 1507 910 1534 exauditam
937 1515 1007 1535 esse.
1024 1525 1045 1554 ϐ

222 1549 357 1580 Praeterea
385 1553 448 1580 licet
481 1552 547 1580 hinc
579 1552 733 1588 intelligere
765 1552 854 1587 juslos
883 1553 1009 1580 homines

223 1599 373 1627 etiamvita
391 1598 501 1626 functos
515 1598 666 1625 viventium
684 1603 816 1633 patronos
830 1605 923 1633 agere.
951 1598 1009 1625 (lae-

223 1651 314 1673 terum
328 1645 470 1674 Jezechias
485 1649 513 1672 et
528 1644 628 1672 ﬁdebat
642 1644 699 1671 Deo
715 1649 742 1671 et
754 1651 832 1671 suam
843 1651 950 1678 quoque
965 1644 1009 1671 di-

223 1690 366 1726 ligentiam
380 1689 535 1716 adhibebat.
547 1689 669 1716 Primum
683 1689 754 1716 enim
774 1688 874 1719 fontes,
889 1689 934 1723 qui
947 1694 1010 1716 ante

224 1737 319 1764 urbem
331 1731 420 1766 erant.
439 1735 597 1768 obstruxit;
631 1735 732 1762 deinde
766 1741 856 1762 turres
879 1735 906 1762 in
925 1735 1010 1762 altum

223 1782 364 1814 excitavit,
395 1781 516 1816 itemque
541 1781 721 1808 munitionem
752 1772 898 1815 quamdam
930 1781 1009 1807 aliam

223 1829 378 1856 aediﬁcavit.
394 1828 498 1855 Deinde
513 1828 613 1855 accidit
630 1831 660 1854 ut
683 1835 746 1854 cum
763 1831 893 1860 praisenti
913 1827 1010 1854 mortis

224 1875 348 1910 periculo
370 1875 523 1910 langueret.
554 1874 739 1906 Quamobrem
771 1873 891 1901 demisso
921 1873 1012 1900 animo

225 1927 312 1950 semet
336 1921 370 1948 ad
386 1920 530 1947 Dominum
559 1918 705 1952 convertit,
731 1920 962 1954 quemadmodum
982 1920 1010 1946 in

225 1968 395 1995 Omissorum
411 1967 481 1993 libro
496 1967 635 1993 memoria:
649 1966 785 2001 proditum
804 1965 887 1993 est".
909 1974 917 1991 I
931 1965 1011 1992 Jezc—

226 2013 312 2045 chias,
329 2012 427 2046 inquit,
446 2019 479 2038 ex
503 2011 557 2038 imo
586 2016 697 2045 pectore
727 2018 756 2038 se
787 2010 924 2038 demisit»
943 2010 1012 2042 Quia

227 2060 300 2087 enim
319 2062 396 2093 pater
411 2058 499 2092 ipsius
514 2057 653 2084 oraculum
670 2062 814 2092 acceperat
828 2057 985 2092 hujusmodi
1004 2065 1010 2083 :

235 2105 291 2133 «Eu
307 2104 383 2139 virgo
396 2110 538 2139 prargnans
555 2102 664 2135 erit‘9,»
682 2102 802 2137 seipsum
814 2107 924 2137 putarat
938 2102 1013 2129 illum

232 2149 440 2179 Emmanuelum
459 2157 530 2181 esse,
544 2156 576 2175 ac
591 2148 781 2183 promissionis
798 2153 926 2175 eventum
947 2148 974 2175 in
986 2155 1015 2175 se

1057 222 1144 250 θωσεν
1160 224 1273 259 ἀρετὴν,
1289 225 1336 252 καὶ
1356 225 1443 253 πάντα
1460 227 1511 253 ὅσα
1528 227 1640 260 cmi-nee
1657 226 1739 253 Δαὸὶδ
1756 228 1770 253 ὁ
1789 236 1843 253 πα-

1055 269 1108 304 τὴρ
1131 269 1226 298 αὐτοῦ.
1247 271 1299 298 Σὺν
1319 272 1377 303 τοῖς
1397 272 1487 304 ἄλλοις
1508 275 1556 300 καὶ
1575 273 1621 300 τὸν
1642 265 1761 307 χαλκοῦν
1780 274 1841 307 ὅφιν

1056 314 1218 349 συνέτριψεν
1228 336 1235 347 ,
1252 315 1281 342 ὃν
1296 316 1408 352 ἐποίησε
1423 317 1526 352 Μωσῆς
1539 326 1547 333 ·
1564 317 1617 349 ἓως
1634 317 1689 353 γὰρ
1704 317 1758 344 τῶν
1773 319 1843 353 ἠμε-

1056 358 1112 393 ρῶν
1128 360 1240 387 ἐκείνων
1257 358 1327 396 ἦσαν
1344 362 1370 388 οἱ
1387 362 1440 388 olei.
1460 362 1570 398 Ἰσραὴλ
1589 362 1740 397 Θυμιῶντες
1757 364 1842 398 αὐτῷ.

1055 404 1112 431 Καὶ
1135 405 1219 440 ἄλλην
1242 407 1335 434 πᾶσαν
1359 407 1521 442 ἐπιμέλειαν
1548 407 1668 434 ποιεῖται
1693 407 1740 434 τοῦ
1767 408 1843 436 ναοῦ.

1056 452 1124 478 Τότε
1136 452 1168 488 δὴ
1181 453 1234 479 τῶν
1249 453 1346 488 ἱερέων
1359 454 1397 488 μὴ
1412 453 1600 489 ἐξαρκούντων
1613 454 1654 485 είς
1666 453 1716 485 τὰς
1731 453 1845 486 Θυσίας,

1055 498 1093 530 ὡς
1107 499 1123 534 ή
1139 499 1192 525 τῶν
1209 499 1459 535 Παραλειπομέιιων
1476 500 1568 535 βίϐλος
1582 501 1660 534 φησὶ,
1678 499 1845 535 συνεϐοήθη-

1057 553 1107 571 σαν
1119 545 1167 572 καὶ
1179 546 1202 572 οἱ
1216 545 1338 572 Λευῖται.
1351 546 1441 581 Ὅπερ
1455 546 1502 572 καὶ
1514 545 1562 572 νῦν
1575 546 1648 572 ἐστιν
1662 545 1726 572 ἰδεῖν
1743 553 1752 561 ·
1778 552 1831 579 πρε

1057 590 1187 626 σϐυτέρου
1206 591 1260 626 γὰρ
1278 592 1315 627 μὴ
1335 592 1467 628 παρόντος
1484 593 1588 626 καὶτῆς
1601 592 1698 627 χρείας
1714 600 1845 619 κατεπει-

1055 635 1158 670 γούσης
1181 635 1366 670 ἀναγκάζεται
1391 636 1442 662 καὶ
1467 636 1592 668 διάκονος
1617 637 1784 671 προσφέρειν
1808 636 1848 671 τῷ

1054 681 1174 717 δεομένῳ
1187 682 1218 708 τὸ
1234 681 1385 717 βάπτισμα.
1400 681 1453 709 Τοῦ
1469 682 1643 718 Σεναχηρεὶμ
1661 682 1848 717 στρατεύσαν-

1055 736 1100 758 τος
1130 728 1190 754 κατ’
1207 728 1309 761 αὑτοῦ,
1328 728 1473 755 ἀπέστειλε
1505 728 1573 764 πρὸς
1599 728 1714 754 Ἡσαΐαν
1745 728 1845 760 λέγων,

1051 778 1068 799 ⁷(
1091 772 1198 809 Ἡμέρα
1219 773 1335 810 θλίψεως
1354 775 1399 802 καὶ
1420 774 1537 809 ὲλεγμοῦ
1559 775 1606 801 καὶ
1625 774 1816 813 παροργισμοῦ
1831 774 1849 809 ἡ

1055 819 1146 855 ἡμέρα
1160 819 1241 856 αὕτη,
1255 821 1297 848 ὅτι
1312 819 1394 857 ἦλθον
1407 822 1431 848 οἱ
1446 822 1500 849 ulol.
1514 821 1567 852 ἕως
1580 821 1695 853 ὠδίνων,
1709 821 1756 847 καὶ
1771 820 1847 855 ἰσχὺς

1055 865 1104 891 οὐκ
1121 865 1178 892 ἔστι
1193 867 1226 900 τῇ
1245 866 1386 901 τικτούσῃ.
1409 876 1418 893 ι
1441 865 1678 901 Ἐμπιπράμεθα,
1696 865 1782 900 φησὶ,
1800 865 1848 891 καὶ

1055 910 1229 946 ὲξαπτὸμεθα
1240 912 1278 947 τῷ
1291 911 1370 948 θυμῷ
1380 912 1435 939 τῶν
1448 912 1495 939 τοῦ
1509 912 1650 947 Ῥαψάκου
1665 911 1847 946 βλασφημιῶν

1055 956 1242 989 ἀκούσαντες·
1269 957 1383 985 κολάσαι
1407 958 1436 985 δὲ
1460 953 1523 990 τοὺς
1546 950 1693 989 δυσσεϐεῖς
1714 957 1744 993 οὺ
1768 956 1850 983 δυνά-

1058 1002 1137 1036 μεθα.
1152 1003 1249 1037 Ἔλεγε
1270 1004 1324 1038 γὰρ
1345 1004 1359 1030 ὁ
1381 1004 1552 1039 Σεναχηρεὶμ
1573 1003 1618 1029 διὰ
1631 1003 1678 1029 τοῦ
1696 1002 1848 1036 Ῥαψάκου,

1059 1058 1068 1074 ι
1086 1049 1132 1084 Μὴ
1146 1050 1278 1076 ἀπατάτω
1293 1058 1322 1075 σε
1334 1050 1347 1076 ὁ
1360 1050 1427 1082 Θεὸς
1441 1058 1488 1075 σου
1503 1046 1575 1084 ὲφ²ᾧ
1589 1043 1732 1080 πέποιθας.
1750 1058 1759 1074 ι
1777 1043 1850 1074 ἈΠ’

1056 1096 1069 1121 ὁ
1086 1095 1151 1126 Θεὸς
1166 1088 1307 1122 ἀνελθόντι
1323 1095 1362 1130 τῷ
1382 1095 1489 1130 βασιλεῖ
1506 1095 1545 1126 εἰς
1562 1095 1607 1121 τὸν
1624 1095 1687 1121 ναὸν
1704 1095 1751 1121 καὶ
1766 1094 1849 1130 εὐξα-

1058 1141 1130 1175 μένῳ
1150 1141 1250 1167 αὐτίκα
1271 1141 1375 1167 στέλλει
1395 1141 1441 1167 τὸν
1457 1141 1580 1173 Ἡσαΐαν,
1604 1140 1714 1175 μηνύων
1734 1140 1768 1167 τὰ
1787 1137 1850 1166 Eod—

1059 1195 1127 1221 μενα
1138 1186 1212 1221 αὐτῷ
1224 1186 1498 1222 χρηστάΤηνικαῦτα
1509 1187 1556 1215 καὶ
1567 1187 1621 1222 γὰρ
1632 1187 1733 1220 ἔλεγεν,
1745 1196 1754 1213 ι
1765 1184 1849 1212 ’Υπε-

1059 1228 1236 1268 ρασπιῶτῆς
1259 1233 1366 1264 πόλεως
1385 1233 1489 1267 ταύτης
1511 1233 1545 1259 δι’
1559 1233 1611 1268 ὲμέ
1633 1235 1681 1260 καὶ
1702 1233 1746 1259 διὰ
1768 1233 1851 1260 Δασιδ

1058 1281 1103 1305 τὸν
1123 1279 1205 1306 παῖδά
1228 1288 1290 1314 μου.
1313 1289 1322 1305 ι
1340 1280 1397 1306 Ἰνα
1416 1280 1471 1315 γὰρ
1491 1279 1528 1315 μὴ
1547 1279 1646 1315 νομίσῃ
1665 1279 1790 1311 Ἐζεκίας
1808 1271 1850 1306 ὅτι

1046 1325 1104 1351 νδιὰ
1119 1325 1168 1360 τὴν
1184 1325 1267 1352 αὑτοῦ
1284 1325 1460 1360 δικαιοσύνην
1474 1326 1490 1361 ὴ
1508 1323 1603 1360 δέησις
1621 1324 1704 1352 αὑτοῦ
1722 1325 1851 1360 εἰσηκού-

1060 1370 1129 1404 σθη,
1147 1369 1234 1397 ταῦτα
1254 1370 1328 1404 λέγει
1350 1370 1463 1405 Κύριος.
1484 1370 1642 1405 Ἐμάθομεν
1659 1368 1706 1396 οὖν
1725 1370 1851 1396 ἐντεῦθεν

1060 1416 1101 1442 ὅτι
1117 1415 1164 1442 καὶ
1178 1415 1341 1451 τεθνηκότες
1354 1416 1379 1442 οἱ
1394 1415 1494 1443 δίκαιοι
1508 1416 1563 1443 τῶν
1577 1416 1687 1448 ζώντων
1702 1411 1850 1451 προΐσταν-

1050 1471 1116 1489 ηται.
1137 1462 1166 1488 '0
1183 1463 1275 1495 μέντοι
1293 1462 1417 1503 Ἐζεκίας
1433 1462 1479 1489 καὶ
1548 1462 1609 1497 Θεῷ
1631 1457 1802 1498 ἐθάρρεικαῖ
1818 1455 1853 1489 τὰ

1062 1508 1127 1541 παρ’
1142 1507 1240 1534 ἑαυτθῦ
1257 1507 1447 1542 συνεισέφερε.
1466 1508 1521 1535 Καὶ
1540 1506 1649 1542 πρῶτον
1666 1505 1715 1539 τὰς
1732 1509 1785 1543 πρὸ
1801 1509 1852 1542 τῆς

1060 1554 1166 1584 πόλεως
1181 1554 1273 1588 πηγὰς
1288 1553 1446 1588 ὲνέφραξεν,
1460 1553 1557 1579 ἔπειτα
1571 1554 1635 1590 τορς
1651 1553 1773 1588 πύργους
1788 1554 1853 1580 ἀνέ-

1061 1607 1160 1634 στησεν
1175 1600 1214 1630 είς
1231 1599 1298 1634 ὕψος
1310 1619 1317 1631 ,
1334 1599 1382 1626 καὶ
1399 1599 1586 1634 προτείχισμα
1602 1600 1852 1634 προσῳκοδόμησεν

1060 1645 1165 1678 ἕτερον.
1183 1645 1252 1671 Τότε
1273 1645 1371 1680 συνέὁη
1393 1645 1440 1671 καὶ
1456 1646 1491 1671 τὰ
1510 1646 1577 1680 πρὸς
1596 1645 1712 1672 θάνατον
1730 1642 1850 1679 μαλακί-

1062 1691 1158 1725 σθῆναι
1176 1690 1259 1717 αὑτὸν
1270 1710 1277 1722 ,
1294 1690 1364 1717 ὥστε
1381 1691 1582 1718 ταπεινωθέντα
1600 1691 1764 1726 ἐπιστρέψαι
1781 1687 1852 1728 πρδς

1061 1737 1176 1771 Κύριον,
1193 1736 1231 1765 ὡς
1246 1737 1274 1762 ὲν
1289 1737 1322 1771 τῇ
1340 1736 1424 1771 βίϐλῳ
1440 1736 1494 1763 τῶν
1510 1731 1760 1772 Παραλειπομένων
1777 1738 1851 1764 ἱστό-

1050 1790 1143 1816 ρηται
1157 1790 1164 1798 ·
1185 1791 1193 1807 ε
1215 1782 1269 1808 Καὶ
1282 1782 1462 1817 ἐταπεινώθη,
1484 1786 1494 1808 9'
1512 1783 1566 1816 γάρ
1579 1791 1673 1817 φησιν,
1694 1792 1703 1808 ι
1727 1779 1852 1815 Ἐζεκίτίς

1062 1829 1115 1854 ἀπὸ
1128 1827 1175 1854 τοῦ
1191 1827 1274 1862 ὕψους
1287 1828 1337 1862 τῆς
1349 1828 1463 1863 καρδίας
1477 1828 1571 1855 αὑτοῦ.
1590 1838 1598 1853 ι
1615 1828 1667 1854 Τοῦ
1682 1829 1735 1863 γὰρ
1749 1827 1853 1862 πατρδς

1063 1874 1146 1901 αὑτοῦ
1164 1874 1263 1908 Ἀχὰτζ
1280 1874 1331 1909 τὴν
1351 1875 1522 1908 προφητείαν
1540 1873 1700 1907 δεξαυένου.
1725 1875 1735 1900 ἑ
1751 1874 1819 1900 Ἰδοὺ
1829 1874 1851 1908 ’ἡ

1064 1920 1198 1954 παρθένος
1213 1920 1242 1946 ὲν
1256 1920 1354 1954 γαστρὶ
1368 1919 1435 1951 ἕξει,
1445 1929 1455 1946 ι
1471 1920 1551 1951 αὐτός
1566 1928 1598 1946 τε
1612 1920 1738 1953 ἐνόμισεν
1754 1917 1854 1945 εἷναιίὸ

1070 1965 1247 2000 Ἐμμανουὴλ
1258 1985 1265 1996 ,
1285 1966 1334 1992 καὶ
1346 1964 1388 1996 ’ὡς
1405 1965 1445 1996 εὶς
1463 1965 1544 1991 αὐτὸν
1561 1965 1596 1991 τὰ
1613 1965 1663 2000 τῆς
1684 1965 1866 1998 ἐπαγγελίας,

1066 2012 1213 2047 ὲκῦήσεται
1226 2020 1234 2026 '
1252 2011 1296 2045 ἐφ’
1311 2008 1333 2045 ᾧ
1354 2011 1508 2046 παρθενίαν
1523 2012 1617 2038 ἀσκῶν
1634 2012 1735 2046 γάμοις
1752 2011 1853 2045 ὁμιλῆ-
1871 2032 1878 2043 ,

1066 2065 1111 2083 σαι
1127 2057 1177 2083 οὐκ
1195 2057 1302 2091 ἤθελεν.
1323 2057 1402 2084 Ἀλλὰ
1420 2058 1467 2084 καὶ
1480 2058 1530 2091 τὴν
1547 2058 1599 2083 τῶν
1615 2057 1772 2091 ἀλλοφύλων
1790 2054 1853 2083 ῐδὼν

1066 2103 1205 2130 ἀπώλειαν
1225 2103 1282 2139 (ὑπ’
1295 2104 1411 2138 ἀγγέλου
1435 2105 1482 2131 καὶ
1504 2104 1558 2138 γὰρ
1582 2104 1610 2129 ὲν
1632 2104 1700 2139 μέσῃ
1716 2104 1794 2129 νυκτὶ
1815 2101 1854 2129 13'

1066 2149 1184 2184 χιλιάδες
1205 2150 1402 2185 ἀνῃρέθησαν),
1415 2150 1551 2184 ἐπηύξῖνε
1575 2149 1675 2184 μᾶλλον
1687 2150 1745 2182 -τὴν
1761 2147 1854 2174 ἀὑτοῦ

228 2198 309 2224 ﬁuem
326 2196 494 2223 habiturum.
509 2195 682 2229 Quapropter
702 2194 888 2228 virginitatem
918 2195 1008 2221 colens

1068 2195 1208 2223 ἀπόνοιαν.
1227 2196 1285 2229 Ἐφ’
1344 2196 1522 2227 συνετίζεταιν
1535 2196 1609 2230 παρὰ
1631 2195 1747 2229 Κυρίου,
1771 2194 1855 2228 σήψει

227 2243 305 2271 nullo
319 2241 438 2278 conjugii
458 2241 549 2269 studio
561 2241 716 2268 tenebatur.
732 2240 865 2268 Prmterea
891 2248 954 2267 cum
970 2248 1016 2267 ex-

229 2296 386 2317 traneorum
403 2288 544 2315 interitum
557 2287 759 2322 conspexisset,
783 2294 817 2313 ex
839 2286 938 2321 quibus
960 2294 1013 2314 una

229 2334 376 2364 nocte185
393 2334 477 2360 millia
497 2338 561 2360 sunt
578 2333 612 2360 ab
626 2333 722 2367 angelo
738 2332 912 2366 interempta,
926 2332 1015 2364 magis

229 2383 311 2410 etiam
326 2381 354 2408 in
368 2380 498 2415 opinione
510 2387 559 2407 sua
577 2379 675 2406 stolida
694 2377 919 2405 conﬁrmabatur.
937 2377 1014 2410 Qua—

229 2432 343 2464 propter
359 2434 374 2454 a
391 2426 506 2454 Domino
524 2425 558 2452 ad
578 2425 683 2459 frugem
702 2427 857 2456 revocatur,
885 2423 955 2458 pede
972 2423 1013 2451 sic

230 2473 331 2501 aﬁiicto
346 2476 375 2499 ut
386 2472 439 2507 iam
455 2475 637 2506 putresceret.
676 2469 728 2497 Sed
750 2474 840 2496 tamen
865 2469 890 2496 ei
914 2469 1013 2496 deinde

230 2520 338 2554 signum
352 2518 486 2553 quoddam
502 2516 587 2548 dedit,
603 2523 636 2543 ex
654 2522 708 2550 quo
727 2523 756 2542 se
769 2519 885 2542 mortem
902 2515 928 2542 id
945 2520 1014 2542 tem-

230 2567 306 2601 poris
328 2572 383 2592 non
404 2564 543 2591 obiturum
562 2561 644 2596 194
662 2561 846 2595 intelligeret:
864 2570 872 2586 ι
889 2560 942 2590 Eu.
970 2561 1014 2587 in-

230 2613 301 2646 quit,
321 2618 371 2646 ego
394 2613 551 2637 convertam
567 2607 690 2634 umbram
703 2606 847 2641 graduum,
875 2613 944 2641 quos
961 2607 1017 2641 jam

231 2657 328 2685 decem
349 2657 390 2684 sol
403 2654 546 2683 descendit
561 2654 588 2680 in
602 2653 637 2680 iis
653 2653 699 2687 qui
718 2656 783 2680 sunt
813 2652 841 2679 in
859 2653 942 2680 domo
973 2658 1018 2680 tua

232 2709 347 2739 paterna
367 2701 504 2738 gradibus.
522 2709 531 2726 ι
560 2699 684 2727 Tradunt
710 2699 783 2726 enim
802 2699 939 2726 Aehazum
970 2707 1018 2734 per

233 2749 389 2777 machinam
407 2747 554 2783 quamdam
574 2745 600 2773 in
618 2745 699 2773 domo
711 2752 760 2774 sua
772 2745 872 2779 gradus
885 2745 1016 2780 quosdam

1068 2241 1148 2273 ποδὸς
1165 2241 1330 2276 ὑποϐληθείς
1344 2250 1350 2256 ·
1369 2241 1483 2275 σημεῖόν
1499 2250 1527 2267 τε
1542 2242 1647 2267 δίδωσιν
1663 2240 1737 2275 αὐτῷ
1751 2240 1788 2271 ὡς
1803 2239 1855 2266 οὒκ

1067 2287 1244 2313 ἀποθανεῖται
1266 2287 1353 2318 οὕτως
1374 2287 1454 2322 ἔχων·
1478 2297 1487 2313 ι
1509 2287 1574 2314 Ἰδοὺ
1598 2287 1654 2320 ἐγὼ
1678 2286 1786 2321 στρέφω
1805 2285 1856 2320 τῆν

1068 2334 1147 2360 σκιὰν
1160 2334 1214 2360 τῶν
1228 2334 1399 2369 ἁναὸαθμῶν
1410 2334 1456 2365 οὓς
1472 2334 1573 2369 κατέϐη
1589 2335 1602 2360 ὸ
1618 2335 1694 2369 ἥλιος
1707 2330 1769 2364 τοὺς
1785 2331 1856 2359 δέκα

1068 2379 1244 2414 ἀναὸαθμοὺς
1260 2379 1307 2406 τοῦ
1324 2380 1401 2406 οἴκου
1418 2380 1465 2406 τοῦ
1482 2381 1583 2414 πατρός
1602 2388 1662 2406 σου.
1684 2389 1693 2405 ι
1712 2379 1781 2406 Φασὶ
1799 2379 1856 2413 γὰρ

1069 2423 1114 2450 τὸν
1128 2424 1231 2459 Ἀχὰτζ
1245 2425 1276 2450 ἐκ
1292 2424 1417 2459 μηχανῆς
1429 2433 1501 2456 τινος
1516 2425 1543 2450 ἐν
1557 2425 1596 2459 τῷ
1610 2425 1676 2458 οἴκῳ
1689 2424 1773 2451 αὑτοῦ
1785 2425 1856 2451 ἁνα-

1071 2469 1195 2504 ϐαθμοὺς
1210 2470 1416 2497 κατασκευάσαι
1430 2470 1506 2501 τινὰς
1519 2468 1574 2496 οἷον
1588 2469 1791 2505 ὼρολογοῦντας
1805 2469 1858 2494 καὶ

1069 2515 1117 2542 τὸν
1134 2516 1179 2542 τοῦ
1198 2515 1277 2551 ἡλίου
1296 2515 1395 2551 δρόμον
1414 2515 1711 2551 ὲκμετροῦντας.-Τότε
1729 2514 1822 2541 λοιπδν
1842 2516 1858 2541 ὁ

1069 2561 1135 2593 Θεὸς
1148 2563 1187 2593 είς
1201 2562 1294 2588 πίστιν
1305 2562 1360 2588 τῶν
1370 2562 1525 2596 λεγομένων
1539 2561 1702 2596 (προσετίθη
1714 2561 1767 2595 γὰρ
1780 2560 1858 2595 αὐτῷ

1068 2609 1115 2634 καὶ
1125 2608 1207 2642 ἕτερα
1219 2608 1292 2644 ζωῆς
1303 2609 1349 2643 ἔτη
1363 2608 1578 2642 πεντεκαίδεκα)
1591 2608 1688 2634 ἀνόπιν
1701 2607 1768 2634 ἰέναι
1782 2609 1858 2633 ποιεί

1067 2654 1116 2689 τὴν
1130 2654 1177 2680 τοῦ
1191 2654 1268 2689 ἡλίου
1285 2654 1380 2686 σκιὰν,
1395 2654 1490 2689 ἐπειδὴ
1506 2655 1553 2680 καὶ
1568 2655 1581 2680 ὁ
1599 2654 1724 2685 Ἐζεκίας
1738 2653 1792 2679 ἀπὸ
1806 2653 1856 2678 δυ-

1068 2700 1143 2734 σμῶν
1166 2699 1213 2726 τοῦ
1237 2699 1296 2734 βίου
1319 2699 1366 2726 ἐπὶ¹
1391 2700 1520 2734 δευτέραν
1544 2699 1632 2734 ἀρχὴν
1657 2698 1857 2732 ἐπαλινδρόμει

1067 2746 1140 2782 ζωῆς
1151 2754 1159 2763 ·
1177 2746 1219 2781 ἐφ’
1231 2743 1253 2781 ᾧ
1268 2746 1297 2773 τὺ
1312 2745 1361 2773 τοῦ
1375 2746 1451 2781 ἡλίου
1467 2747 1581 2781 σημεῖον
1591 2765 1599 2780 ,
1614 2746 1662 2773 καὶ
1677 2745 1726 2780 οὐχ
1739 2744 1834 2780 ἕτερον
1845 2764 1854 2777 ,

271 2838 306 2876 _"
320 2838 342 2867 ll
355 2837 442 2867 Paral.
460 2846 525 2873 xxx,
544 2837 585 2865 15.
626 2837 657 2854 ¹⁷¹
671 2835 704 2865 IV
724 2835 789 2871 Βεε-
807 2843 863 2869 ΧΠ»
878 2835 905 2864 ⁵*
934 2836 965 2878 ,δ’
978 2835 1001 2867 Π

1060 2835 1104 2864 ral.
1119 2843 1203 2871 xuii,
1227 2835 1272 2863 26.
1324 2835 1407 2863 "lsa.
1424 2842 1472 2868 vu,
1493 2834 1534 2861 Μ.
