  <div class='ocr_page' id='page_1' title='image "/cluster/home/n/w/nwhite01/storage/ocr_20150623/158/njp.32101077773230/226.png"; bbox 0 0 1966 3075; ppageno 0'>
   <div class='ocr_carea' id='block_1_1' title="bbox 135 59 186 95">
    <p class='ocr_par' dir='ltr' id='par_1_1' title="bbox 135 59 186 95">
     <span class='ocr_line' id='line_1_1' title="bbox 135 59 186 95; baseline -0.039 0"><span class='ocrx_word' id='word_1_1' title='bbox 135 59 186 95; x_wconf 66' lang='lat'><strong>373</strong></span> 
     </span>
    </p>
   </div>
   <div class='ocr_carea' id='block_1_2' title="bbox 749 70 1133 105">
    <p class='ocr_par' dir='ltr' id='par_1_2' title="bbox 749 70 1133 105">
     <span class='ocr_line' id='line_1_2' title="bbox 749 70 1133 105; baseline 0.016 -6"><span class='ocrx_word' id='word_1_2' title='bbox 749 70 954 102; x_wconf 62' lang='lat' dir='ltr'><strong>ANNALIUM</strong></span> <span class='ocrx_word' id='word_1_3' title='bbox 977 73 1071 103; x_wconf 75' lang='lat' dir='ltr'><strong>PARS</strong></span> <span class='ocrx_word' id='word_1_4' title='bbox 1094 71 1133 105; x_wconf 80' lang='grc' dir='ltr'>Π.</span> 
     </span>
    </p>
   </div>
   <div class='ocr_carea' id='block_1_3' title="bbox 1704 73 1760 103">
    <p class='ocr_par' dir='ltr' id='par_1_3' title="bbox 1704 73 1760 103">
     <span class='ocr_line' id='line_1_3' title="bbox 1704 73 1760 103; baseline 0 -1"><span class='ocrx_word' id='word_1_5' title='bbox 1704 73 1760 103; x_wconf 65' lang='lat' dir='ltr'><strong>RH</strong></span> 
     </span>
    </p>
   </div>
   <div class='ocr_carea' id='block_1_4' title="bbox 139 119 928 164">
    <p class='ocr_par' dir='ltr' id='par_1_4' title="bbox 139 119 924 163">
     <span class='ocr_line' id='line_1_4' title="bbox 139 119 924 163; baseline 0.011 -18"><span class='ocrx_word' id='word_1_6' title='bbox 139 120 229 155; x_wconf 70' lang='grc' dir='ltr'>ψυχὴν</span> <span class='ocrx_word' id='word_1_7' title='bbox 244 119 388 154; x_wconf 71' lang='grc' dir='ltr'>εὐάγωγον</span> <span class='ocrx_word' id='word_1_8' title='bbox 409 121 450 153; x_wconf 74' lang='grc' dir='ltr'>είς</span> <span class='ocrx_word' id='word_1_9' title='bbox 467 121 618 155; x_wconf 80' lang='grc' dir='ltr'>ἀπώλειαν,</span> <span class='ocrx_word' id='word_1_10' title='bbox 636 124 725 151; x_wconf 72' lang='grc' dir='ltr'>πάντα</span> <span class='ocrx_word' id='word_1_11' title='bbox 741 127 841 160; x_wconf 72' lang='grc' dir='ltr'>τρόπον</span> <span class='ocrx_word' id='word_1_12' title='bbox 857 127 924 163; x_wconf 83' lang='grc' dir='ltr'><strong>αὑτῇ</strong></span> 
     </span>
    </p>
   </div>
   <div class='ocr_carea' id='block_1_5' title="bbox 982 119 1761 164">
    <p class='ocr_par' dir='ltr' id='par_1_5' title="bbox 982 119 1761 164">
     <span class='ocr_line' id='line_1_5' title="bbox 982 119 1761 164; baseline -0.003 -9"><span class='ocrx_word' id='word_1_13' title='bbox 982 130 1055 156; x_wconf 80' lang='lat' dir='ltr'><strong>avis:</strong></span> <span class='ocrx_word' id='word_1_14' title='bbox 1072 130 1119 157; x_wconf 92' lang='lat' dir='ltr'><strong>tibi</strong></span> <span class='ocrx_word' id='word_1_15' title='bbox 1141 136 1207 156; x_wconf 88' lang='lat' dir='ltr'><strong>vero</strong></span> <span class='ocrx_word' id='word_1_16' title='bbox 1218 130 1289 164; x_wconf 90' lang='lat' dir='ltr'><strong>quod</strong></span> <span class='ocrx_word' id='word_1_17' title='bbox 1305 130 1425 156; x_wconf 79' lang='lat' dir='ltr'><strong>futurum</strong></span> <span class='ocrx_word' id='word_1_18' title='bbox 1442 129 1476 156; x_wconf 88' lang='lat' dir='ltr'><strong>sit</strong></span> <span class='ocrx_word' id='word_1_19' title='bbox 1490 119 1638 156; x_wconf 79' lang='lat' dir='ltr'><strong>iudicabit?</strong></span> <span class='ocrx_word' id='word_1_20' title='bbox 1658 128 1761 160; x_wconf 74' lang='lat' dir='ltr'><strong>Quodsi</strong></span> 
     </span>
    </p>
   </div>
   <div class='ocr_carea' id='block_1_6' title="bbox 135 165 923 207">
    <p class='ocr_par' dir='ltr' id='par_1_6' title="bbox 135 165 923 207">
     <span class='ocr_line' id='line_1_6' title="bbox 135 165 923 207; baseline 0.009 -15"><span class='ocrx_word' id='word_1_21' title='bbox 135 165 349 201; x_wconf 78' lang='grc' dir='ltr'><strong>καταχρώμενος</strong></span> <span class='ocrx_word' id='word_1_22' title='bbox 372 167 422 194; x_wconf 78' lang='grc' dir='ltr'>οὐκ</span> <span class='ocrx_word' id='word_1_23' title='bbox 449 168 567 203; x_wconf 80' lang='grc' dir='ltr'>ἀνίησιν.</span> <span class='ocrx_word' id='word_1_24' title='bbox 591 170 672 197; x_wconf 76' lang='grc' dir='ltr'>Ἀλλὰ</span> <span class='ocrx_word' id='word_1_25' title='bbox 699 171 745 197; x_wconf 79' lang='grc' dir='ltr'><strong>καὶ</strong></span> <span class='ocrx_word' id='word_1_26' title='bbox 774 173 923 207; x_wconf 74' lang='grc' dir='ltr'><strong>κράζοντες</strong></span> 
     </span>
    </p>
   </div>
   <div class='ocr_carea' id='block_1_7' title="bbox 135 212 924 255">
    <p class='ocr_par' dir='ltr' id='par_1_7' title="bbox 135 212 924 255">
     <span class='ocr_line' id='line_1_7' title="bbox 135 212 924 255; baseline 0.01 -17"><span class='ocrx_word' id='word_1_27' title='bbox 135 212 253 247; x_wconf 76' lang='grc' dir='ltr'>κόρακες</span> <span class='ocrx_word' id='word_1_28' title='bbox 269 213 318 239; x_wconf 74' lang='grc' dir='ltr'><strong>καὶ</strong></span> <span class='ocrx_word' id='word_1_29' title='bbox 343 214 417 240; x_wconf 81' lang='grc' dir='ltr'>ἀετοὶ</span> <span class='ocrx_word' id='word_1_30' title='bbox 435 214 563 247; x_wconf 80' lang='grc' dir='ltr'>ἀλύοντες</span> <span class='ocrx_word' id='word_1_31' title='bbox 577 216 612 242; x_wconf 84' lang='grc' dir='ltr'><strong>δι’</strong></span> <span class='ocrx_word' id='word_1_32' title='bbox 633 217 752 251; x_wconf 78' lang='grc' dir='ltr'>ἀπορίαν</span> <span class='ocrx_word' id='word_1_33' title='bbox 773 218 859 253; x_wconf 80' lang='grc' dir='ltr'>θήρας</span> <span class='ocrx_word' id='word_1_34' title='bbox 874 219 924 255; x_wconf 88' lang='grc' dir='ltr'><strong>τὴν</strong></span> 
     </span>
    </p>
   </div>
   <div class='ocr_carea' id='block_1_8' title="bbox 135 258 923 301">
    <p class='ocr_par' dir='ltr' id='par_1_8' title="bbox 135 258 923 301">
     <span class='ocr_line' id='line_1_8' title="bbox 135 258 923 301; baseline 0.011 -18"><span class='ocrx_word' id='word_1_35' title='bbox 135 258 319 293; x_wconf 68' lang='grc' dir='ltr'>δεισιδαίμονα</span> <span class='ocrx_word' id='word_1_36' title='bbox 335 260 451 294; x_wconf 79' lang='grc' dir='ltr'><strong>καρδίαν</strong></span> <span class='ocrx_word' id='word_1_37' title='bbox 471 261 635 296; x_wconf 76' lang='grc' dir='ltr'>πτήσσουσι.</span> <span class='ocrx_word' id='word_1_38' title='bbox 652 264 707 289; x_wconf 65' lang='grc' dir='ltr'>Καὶ</span> <span class='ocrx_word' id='word_1_39' title='bbox 731 264 849 301; x_wconf 74' lang='grc' dir='ltr'>τοσαύτη</span> <span class='ocrx_word' id='word_1_40' title='bbox 875 265 923 292; x_wconf 79' lang='grc' dir='ltr'>τοῦ</span> 
     </span>
    </p>
   </div>
   <div class='ocr_carea' id='block_1_9' title="bbox 136 304 923 347">
    <p class='ocr_par' dir='ltr' id='par_1_9' title="bbox 136 304 923 347">
     <span class='ocr_line' id='line_1_9' title="bbox 136 304 923 347; baseline 0.01 -17"><span class='ocrx_word' id='word_1_41' title='bbox 136 304 234 340; x_wconf 71' lang='grc' dir='ltr'><strong>ἐχθροῦ</strong></span> <span class='ocrx_word' id='word_1_42' title='bbox 265 306 306 337; x_wconf 81' lang='grc' dir='ltr'>είς</span> <span class='ocrx_word' id='word_1_43' title='bbox 337 306 383 333; x_wconf 82' lang='grc' dir='ltr'>τδν</span> <span class='ocrx_word' id='word_1_44' title='bbox 408 306 552 342; x_wconf 73' lang='grc' dir='ltr'>ἄνθρωπον</span> <span class='ocrx_word' id='word_1_45' title='bbox 577 307 665 344; x_wconf 74' lang='grc' dir='ltr'>ὕϐρις,</span> <span class='ocrx_word' id='word_1_46' title='bbox 679 309 750 336; x_wconf 82' lang='grc' dir='ltr'>ὥστε</span> <span class='ocrx_word' id='word_1_47' title='bbox 775 312 824 338; x_wconf 69' lang='grc' dir='ltr'>καὶ</span> <span class='ocrx_word' id='word_1_48' title='bbox 853 312 923 347; x_wconf 88' lang='grc' dir='ltr'>γαλῆ</span> 
     </span>
    </p>
   </div>
   <div class='ocr_carea' id='block_1_10' title="bbox 136 352 924 392">
    <p class='ocr_par' dir='ltr' id='par_1_10' title="bbox 136 352 924 392">
     <span class='ocr_line' id='line_1_10' title="bbox 136 352 924 392; baseline 0.01 -16"><span class='ocrx_word' id='word_1_49' title='bbox 136 353 328 384; x_wconf 67' lang='grc' dir='ltr'>παραφανεῖσα</span> <span class='ocrx_word' id='word_1_50' title='bbox 355 352 404 378; x_wconf 74' lang='grc' dir='ltr'><strong>καὶ</strong></span> <span class='ocrx_word' id='word_1_51' title='bbox 439 353 513 380; x_wconf 79' lang='grc' dir='ltr'>κύων</span> <span class='ocrx_word' id='word_1_52' title='bbox 544 355 679 388; x_wconf 66' lang='grc' dir='ltr'>διακύψας</span> <span class='ocrx_word' id='word_1_53' title='bbox 708 357 756 383; x_wconf 73' lang='grc' dir='ltr'>καὶ</span> <span class='ocrx_word' id='word_1_54' title='bbox 780 357 924 392; x_wconf 75' lang='grc' dir='ltr'>ἄνθρωπος</span> 
     </span>
    </p>
   </div>
   <div class='ocr_carea' id='block_1_11' title="bbox 138 395 925 436">
    <p class='ocr_par' dir='ltr' id='par_1_11' title="bbox 138 395 925 436">
     <span class='ocr_line' id='line_1_11' title="bbox 138 395 925 436; baseline 0.01 -16"><span class='ocrx_word' id='word_1_55' title='bbox 138 395 279 428; x_wconf 71' lang='grc' dir='ltr'>ἐπιφανεὶς</span> <span class='ocrx_word' id='word_1_56' title='bbox 291 395 375 422; x_wconf 78' lang='grc' dir='ltr'>ἓωοεν</span> <span class='ocrx_word' id='word_1_57' title='bbox 386 397 449 428; x_wconf 82' lang='grc' dir='ltr'>τοὺς</span> <span class='ocrx_word' id='word_1_58' title='bbox 466 398 680 433; x_wconf 77' lang='grc' dir='ltr'>ἐντυγχάνοντας</span> <span class='ocrx_word' id='word_1_59' title='bbox 694 400 783 436; x_wconf 72' lang='grc' dir='ltr'>πάντη</span> <span class='ocrx_word' id='word_1_60' title='bbox 803 401 925 428; x_wconf 79' lang='grc' dir='ltr'>ποιοῦσιν</span> 
     </span>
    </p>
   </div>
   <div class='ocr_carea' id='block_1_12' title="bbox 137 441 924 482">
    <p class='ocr_par' dir='ltr' id='par_1_12' title="bbox 137 441 924 482">
     <span class='ocr_line' id='line_1_12' title="bbox 137 441 924 482; baseline 0.006 -14"><span class='ocrx_word' id='word_1_61' title='bbox 137 441 347 476; x_wconf 66' lang='grc' dir='ltr'>ἐκπλήττεσθαι.</span> <span class='ocrx_word' id='word_1_62' title='bbox 373 443 406 468; x_wconf 86' lang='grc' dir='ltr'>Τί</span> <span class='ocrx_word' id='word_1_63' title='bbox 426 442 608 479; x_wconf 77' lang='grc' dir='ltr'>ἐλεεινότερον</span> <span class='ocrx_word' id='word_1_64' title='bbox 634 445 681 471; x_wconf 82' lang='grc' dir='ltr'>τοῦ</span> <span class='ocrx_word' id='word_1_65' title='bbox 706 448 829 474; x_wconf 77' lang='grc' dir='ltr'>τοιούτου</span> <span class='ocrx_word' id='word_1_66' title='bbox 855 447 924 482; x_wconf 81' lang='grc' dir='ltr'>βίου,</span> 
     </span>
    </p>
   </div>
   <div class='ocr_carea' id='block_1_13' title="bbox 139 488 925 526">
    <p class='ocr_par' dir='ltr' id='par_1_13' title="bbox 139 488 925 526">
     <span class='ocr_line' id='line_1_13' title="bbox 139 488 925 526; baseline 0.008 -12"><span class='ocrx_word' id='word_1_67' title='bbox 139 489 226 515; x_wconf 83' lang='grc' dir='ltr'>πάντα</span> <span class='ocrx_word' id='word_1_68' title='bbox 245 488 423 522; x_wconf 77' lang='grc' dir='ltr'><strong>ὑποπτεύειν,</strong></span> <span class='ocrx_word' id='word_1_69' title='bbox 442 490 494 517; x_wconf 78' lang='grc' dir='ltr'>ὑπὸ</span> <span class='ocrx_word' id='word_1_70' title='bbox 510 491 621 518; x_wconf 74' lang='grc' dir='ltr'>πάντων</span> <span class='ocrx_word' id='word_1_71' title='bbox 636 492 842 526; x_wconf 72' lang='grc' dir='ltr'>ἐμποδίζεσθαι,</span> <span class='ocrx_word' id='word_1_72' title='bbox 864 495 925 520; x_wconf 81' lang='grc' dir='ltr'>δέον</span> 
     </span>
    </p>
   </div>
   <div class='ocr_carea' id='block_1_14' title="bbox 139 533 926 572">
    <p class='ocr_par' dir='ltr' id='par_1_14' title="bbox 139 533 926 572">
     <span class='ocr_line' id='line_1_14' title="bbox 139 533 926 572; baseline 0.01 -14"><span class='ocrx_word' id='word_1_73' title='bbox 139 533 308 568; x_wconf 79' lang='grc' dir='ltr'>πανταχόοεν</span> <span class='ocrx_word' id='word_1_74' title='bbox 323 535 374 569; x_wconf 80' lang='grc' dir='ltr'>τὴν</span> <span class='ocrx_word' id='word_1_75' title='bbox 385 534 475 570; x_wconf 82' lang='grc' dir='ltr'>ψυχὴν</span> <span class='ocrx_word' id='word_1_76' title='bbox 490 537 573 563; x_wconf 84' lang='grc' dir='ltr'>αὑτοῦ</span> <span class='ocrx_word' id='word_1_77' title='bbox 597 538 668 572; x_wconf 75' lang='grc' dir='ltr'>πρὸς</span> <span class='ocrx_word' id='word_1_78' title='bbox 683 538 729 564; x_wconf 75' lang='grc' dir='ltr'><strong>τὸν</strong></span> <span class='ocrx_word' id='word_1_79' title='bbox 745 539 811 566; x_wconf 84' lang='grc' dir='ltr'>Θεὸν</span> <span class='ocrx_word' id='word_1_80' title='bbox 825 540 926 566; x_wconf 73' lang='grc' dir='ltr'>ἐπανά-</span> 
     </span>
    </p>
   </div>
   <div class='ocr_carea' id='block_1_15' title="bbox 139 578 924 619">
    <p class='ocr_par' dir='ltr' id='par_1_15' title="bbox 139 578 924 619">
     <span class='ocr_line' id='line_1_15' title="bbox 139 578 924 619; baseline 0.011 -16"><span class='ocrx_word' id='word_1_81' title='bbox 139 585 212 610; x_wconf 78' lang='grc' dir='ltr'>γεινς</span> <span class='ocrx_word' id='word_1_82' title='bbox 226 578 312 605; x_wconf 81' lang='grc' dir='ltr'>’Ὅταν</span> <span class='ocrx_word' id='word_1_83' title='bbox 330 579 386 615; x_wconf 74' lang='grc' dir='ltr'><strong>ἴδῃς</strong></span> <span class='ocrx_word' id='word_1_84' title='bbox 404 580 515 614; x_wconf 75' lang='grc' dir='ltr'>ὄρνιθας</span> <span class='ocrx_word' id='word_1_85' title='bbox 538 582 753 616; x_wconf 82' lang='grc' dir='ltr'>διαπετομένους</span> <span class='ocrx_word' id='word_1_86' title='bbox 775 585 819 611; x_wconf 78' lang='grc' dir='ltr'>τὸν</span> <span class='ocrx_word' id='word_1_87' title='bbox 844 586 924 619; x_wconf 80' lang='grc' dir='ltr'>ἀέρα,</span> 
     </span>
    </p>
   </div>
   <div class='ocr_carea' id='block_1_16' title="bbox 140 623 926 665">
    <p class='ocr_par' dir='ltr' id='par_1_16' title="bbox 140 623 926 665">
     <span class='ocr_line' id='line_1_16' title="bbox 140 623 926 665; baseline 0.011 -16"><span class='ocrx_word' id='word_1_88' title='bbox 140 623 177 657; x_wconf 78' lang='grc' dir='ltr'>μὴ</span> <span class='ocrx_word' id='word_1_89' title='bbox 203 624 237 650; x_wconf 75' lang='grc' dir='ltr'>τὰ</span> <span class='ocrx_word' id='word_1_90' title='bbox 255 625 383 659; x_wconf 84' lang='grc' dir='ltr'>σχήματα</span> <span class='ocrx_word' id='word_1_91' title='bbox 409 626 465 653; x_wconf 85' lang='grc' dir='ltr'><strong>τῶν</strong></span> <span class='ocrx_word' id='word_1_92' title='bbox 489 628 618 662; x_wconf 79' lang='grc' dir='ltr'>πτήσεων</span> <span class='ocrx_word' id='word_1_93' title='bbox 645 631 840 665; x_wconf 76' lang='grc' dir='ltr'>περιεργάζου,</span> <span class='ocrx_word' id='word_1_94' title='bbox 859 631 926 658; x_wconf 81' lang='grc' dir='ltr'>ἀλλὰ</span> 
     </span>
    </p>
   </div>
   <div class='ocr_carea' id='block_1_17' title="bbox 141 669 926 711">
    <p class='ocr_par' dir='ltr' id='par_1_17' title="bbox 141 669 926 711">
     <span class='ocr_line' id='line_1_17' title="bbox 141 669 926 711; baseline 0.013 -17"><span class='ocrx_word' id='word_1_95' title='bbox 141 669 226 696; x_wconf 79' lang='grc' dir='ltr'>ταῦτα</span> <span class='ocrx_word' id='word_1_96' title='bbox 249 671 406 697; x_wconf 85' lang='grc' dir='ltr'>καταλιπὼν</span> <span class='ocrx_word' id='word_1_97' title='bbox 425 672 472 698; x_wconf 77' lang='grc' dir='ltr'>τοῦ</span> <span class='ocrx_word' id='word_1_98' title='bbox 494 673 668 709; x_wconf 80' lang='grc' dir='ltr'>Δημιουργοῦ</span> <span class='ocrx_word' id='word_1_99' title='bbox 695 676 744 711; x_wconf 84' lang='grc' dir='ltr'>τὴν</span> <span class='ocrx_word' id='word_1_100' title='bbox 765 677 810 702; x_wconf 79' lang='grc' dir='ltr'><strong>ἐπ’</strong></span> <span class='ocrx_word' id='word_1_101' title='bbox 834 677 926 707; x_wconf 77' lang='grc' dir='ltr'>αὐτοῖς</span> 
     </span>
    </p>
   </div>
   <div class='ocr_carea' id='block_1_18' title="bbox 139 716 927 758">
    <p class='ocr_par' dir='ltr' id='par_1_18' title="bbox 139 716 927 758">
     <span class='ocr_line' id='line_1_18' title="bbox 139 716 927 758; baseline 0.013 -18"><span class='ocrx_word' id='word_1_102' title='bbox 139 716 234 748; x_wconf 70' lang='grc' dir='ltr'>σοφίαν</span> <span class='ocrx_word' id='word_1_103' title='bbox 259 717 306 742; x_wconf 78' lang='grc' dir='ltr'><strong>καὶ</strong></span> <span class='ocrx_word' id='word_1_104' title='bbox 336 716 520 753; x_wconf 78' lang='grc' dir='ltr'><strong>διακόσμησιν</strong></span> <span class='ocrx_word' id='word_1_105' title='bbox 538 719 675 754; x_wconf 81' lang='grc' dir='ltr'><strong>θαύμαζε,</strong></span> <span class='ocrx_word' id='word_1_106' title='bbox 697 722 755 753; x_wconf 85' lang='grc' dir='ltr'><strong>πῶς</strong></span> <span class='ocrx_word' id='word_1_107' title='bbox 783 722 867 758; x_wconf 80' lang='grc' dir='ltr'><strong>βάρος</strong></span> <span class='ocrx_word' id='word_1_108' title='bbox 883 732 927 750; x_wconf 90' lang='grc' dir='ltr'>το-</span> 
     </span>
    </p>
   </div>
   <div class='ocr_carea' id='block_1_19' title="bbox 139 762 926 804">
    <p class='ocr_par' dir='ltr' id='par_1_19' title="bbox 139 762 926 804">
     <span class='ocr_line' id='line_1_19' title="bbox 139 762 926 804; baseline 0.011 -17"><span class='ocrx_word' id='word_1_109' title='bbox 139 762 235 788; x_wconf 75' lang='grc' dir='ltr'>σοῦτον</span> <span class='ocrx_word' id='word_1_110' title='bbox 255 762 290 788; x_wconf 84' lang='grc' dir='ltr'><strong>δι’</strong></span> <span class='ocrx_word' id='word_1_111' title='bbox 305 762 388 798; x_wconf 76' lang='grc' dir='ltr'>ἀέρος</span> <span class='ocrx_word' id='word_1_112' title='bbox 410 765 533 800; x_wconf 80' lang='grc' dir='ltr'>φέρεται,</span> <span class='ocrx_word' id='word_1_113' title='bbox 554 766 613 797; x_wconf 84' lang='grc' dir='ltr'>πῶς</span> <span class='ocrx_word' id='word_1_114' title='bbox 633 767 649 802; x_wconf 81' lang='grc' dir='ltr'>ἡ</span> <span class='ocrx_word' id='word_1_115' title='bbox 669 767 761 803; x_wconf 83' lang='grc' dir='ltr'>ἁπαλὴ</span> <span class='ocrx_word' id='word_1_116' title='bbox 778 769 825 795; x_wconf 82' lang='grc' dir='ltr'><strong>τοῦ</strong></span> <span class='ocrx_word' id='word_1_117' title='bbox 845 770 926 804; x_wconf 80' lang='grc' dir='ltr'>ἀέρος</span> 
     </span>
    </p>
   </div>
   <div class='ocr_carea' id='block_1_20' title="bbox 138 806 927 848">
    <p class='ocr_par' dir='ltr' id='par_1_20' title="bbox 138 806 927 848">
     <span class='ocr_line' id='line_1_20' title="bbox 138 806 927 848; baseline 0.011 -15"><span class='ocrx_word' id='word_1_118' title='bbox 138 806 220 840; x_wconf 75' lang='grc' dir='ltr'>φύσις</span> <span class='ocrx_word' id='word_1_119' title='bbox 239 807 332 843; x_wconf 73' lang='grc' dir='ltr'>ὄχημα</span> <span class='ocrx_word' id='word_1_120' title='bbox 347 809 453 842; x_wconf 75' lang='grc' dir='ltr'>γίνεται</span> <span class='ocrx_word' id='word_1_121' title='bbox 469 810 508 845; x_wconf 85' lang='grc' dir='ltr'>τῷ</span> <span class='ocrx_word' id='word_1_122' title='bbox 524 811 628 847; x_wconf 83' lang='grc' dir='ltr'>πτερῷ,</span> <span class='ocrx_word' id='word_1_123' title='bbox 647 812 707 844; x_wconf 84' lang='grc' dir='ltr'><strong>πῶς</strong></span> <span class='ocrx_word' id='word_1_124' title='bbox 726 815 759 847; x_wconf 81' lang='grc' dir='ltr'>τῇ</span> <span class='ocrx_word' id='word_1_125' title='bbox 781 815 831 848; x_wconf 81' lang='grc' dir='ltr'><strong>μὲν</strong></span> <span class='ocrx_word' id='word_1_126' title='bbox 847 816 927 842; x_wconf 74' lang='grc' dir='ltr'>ἐκτά-</span> 
     </span>
    </p>
   </div>
   <div class='ocr_carea' id='block_1_21' title="bbox 138 853 926 896">
    <p class='ocr_par' dir='ltr' id='par_1_21' title="bbox 138 853 926 896">
     <span class='ocr_line' id='line_1_21' title="bbox 138 853 926 896; baseline 0.011 -18"><span class='ocrx_word' id='word_1_127' title='bbox 138 861 178 896; x_wconf 66' lang='grc' dir='ltr'><strong>σει</strong></span> <span class='ocrx_word' id='word_1_128' title='bbox 195 853 249 879; x_wconf 87' lang='grc' dir='ltr'><strong>τῶν</strong></span> <span class='ocrx_word' id='word_1_129' title='bbox 273 856 382 888; x_wconf 82' lang='grc' dir='ltr'>πτερῶν</span> <span class='ocrx_word' id='word_1_130' title='bbox 401 856 577 891; x_wconf 79' lang='grc' dir='ltr'><strong>ἐπινήχονται</strong></span> <span class='ocrx_word' id='word_1_131' title='bbox 602 857 641 892; x_wconf 84' lang='grc' dir='ltr'><strong>τῷ</strong></span> <span class='ocrx_word' id='word_1_132' title='bbox 667 857 740 892; x_wconf 80' lang='grc' dir='ltr'>ἀέρι,</span> <span class='ocrx_word' id='word_1_133' title='bbox 753 860 786 894; x_wconf 83' lang='grc' dir='ltr'><strong>τῇ</strong></span> <span class='ocrx_word' id='word_1_134' title='bbox 802 860 830 886; x_wconf 82' lang='grc' dir='ltr'>δὲ</span> <span class='ocrx_word' id='word_1_135' title='bbox 858 861 926 896; x_wconf 76' lang='grc' dir='ltr'>οὐρᾷ</span> 
     </span>
    </p>
   </div>
   <div class='ocr_carea' id='block_1_22' title="bbox 137 895 926 936">
    <p class='ocr_par' dir='ltr' id='par_1_22' title="bbox 137 895 926 936">
     <span class='ocr_line' id='line_1_22' title="bbox 137 895 926 936; baseline 0.01 -12"><span class='ocrx_word' id='word_1_136' title='bbox 137 895 193 926; x_wconf 75' lang='grc' dir='ltr'>οῖον</span> <span class='ocrx_word' id='word_1_137' title='bbox 213 899 336 934; x_wconf 77' lang='grc' dir='ltr'>πηδαλίῳ</span> <span class='ocrx_word' id='word_1_138' title='bbox 348 901 398 935; x_wconf 79' lang='grc' dir='ltr'><strong>τὴν</strong></span> <span class='ocrx_word' id='word_1_139' title='bbox 415 901 516 936; x_wconf 79' lang='grc' dir='ltr'>πτῆσιν</span> <span class='ocrx_word' id='word_1_140' title='bbox 532 902 637 929; x_wconf 77' lang='grc' dir='ltr'>ἑαυτῶν</span> <span class='ocrx_word' id='word_1_141' title='bbox 659 904 854 932; x_wconf 70' lang='grc' dir='ltr'>ἀπευθύνουσι.</span> <span class='ocrx_word' id='word_1_142' title='bbox 872 895 926 932; x_wconf 73' lang='lat' dir='ltr'><strong>Kal.</strong></span> 
     </span>
    </p>
   </div>
   <div class='ocr_carea' id='block_1_23' title="bbox 137 944 927 986">
    <p class='ocr_par' dir='ltr' id='par_1_23' title="bbox 137 944 927 986">
     <span class='ocr_line' id='line_1_23' title="bbox 137 944 927 986; baseline 0.009 -15"><span class='ocrx_word' id='word_1_143' title='bbox 137 944 250 979; x_wconf 79' lang='grc' dir='ltr'><strong>τοιαύτη</strong></span> <span class='ocrx_word' id='word_1_144' title='bbox 267 945 317 980; x_wconf 78' lang='grc' dir='ltr'><strong>μὲν</strong></span> <span class='ocrx_word' id='word_1_145' title='bbox 335 946 350 980; x_wconf 92' lang='grc' dir='ltr'><strong>ή</strong></span> <span class='ocrx_word' id='word_1_146' title='bbox 369 946 449 980; x_wconf 75' lang='grc' dir='ltr'>σοφία</span> <span class='ocrx_word' id='word_1_147' title='bbox 464 947 512 974; x_wconf 81' lang='grc' dir='ltr'>τοῦ</span> <span class='ocrx_word' id='word_1_148' title='bbox 530 948 614 974; x_wconf 85' lang='grc' dir='ltr'>Θεοῦ·</span> <span class='ocrx_word' id='word_1_149' title='bbox 626 949 640 975; x_wconf 88' lang='grc' dir='ltr'><strong><em>ὸ</em></strong></span> <span class='ocrx_word' id='word_1_150' title='bbox 654 950 683 976; x_wconf 81' lang='grc' dir='ltr'><strong>δὲ</strong></span> <span class='ocrx_word' id='word_1_151' title='bbox 701 951 868 986; x_wconf 71' lang='grc' dir='ltr'>μικρόψυχος</span> <span class='ocrx_word' id='word_1_152' title='bbox 880 952 927 978; x_wconf 71' lang='grc' dir='ltr'><strong>καὶ</strong></span> 
     </span>
    </p>
   </div>
   <div class='ocr_carea' id='block_1_24' title="bbox 137 991 926 1033">
    <p class='ocr_par' dir='ltr' id='par_1_24' title="bbox 137 991 926 1033">
     <span class='ocr_line' id='line_1_24' title="bbox 137 991 926 1033; baseline 0.01 -17"><span class='ocrx_word' id='word_1_153' title='bbox 137 991 254 1018; x_wconf 79' lang='grc' dir='ltr'>ταπεινὰ</span> <span class='ocrx_word' id='word_1_154' title='bbox 271 992 378 1026; x_wconf 84' lang='grc' dir='ltr'>φρονῶν</span> <span class='ocrx_word' id='word_1_155' title='bbox 401 993 451 1024; x_wconf 80' lang='grc' dir='ltr'><strong>τὰς</strong></span> <span class='ocrx_word' id='word_1_156' title='bbox 473 993 528 1020; x_wconf 84' lang='grc' dir='ltr'><strong>τῶν</strong></span> <span class='ocrx_word' id='word_1_157' title='bbox 552 994 659 1029; x_wconf 79' lang='grc' dir='ltr'><strong>ἀλόγων</strong></span> <span class='ocrx_word' id='word_1_158' title='bbox 677 997 800 1031; x_wconf 80' lang='grc' dir='ltr'><strong>κινήσεις</strong></span> <span class='ocrx_word' id='word_1_159' title='bbox 815 997 855 1032; x_wconf 85' lang='grc' dir='ltr'>τῷ</span> <span class='ocrx_word' id='word_1_160' title='bbox 870 998 926 1033; x_wconf 78' lang='grc' dir='ltr'>ἰδίῳ</span> 
     </span>
    </p>
   </div>
   <div class='ocr_carea' id='block_1_25' title="bbox 138 1037 926 1075">
    <p class='ocr_par' dir='ltr' id='par_1_25' title="bbox 138 1037 926 1075">
     <span class='ocr_line' id='line_1_25' title="bbox 138 1037 926 1075; baseline 0.008 -12"><span class='ocrx_word' id='word_1_161' title='bbox 138 1037 235 1072; x_wconf 75' lang='grc' dir='ltr'>σκοπῷ</span> <span class='ocrx_word' id='word_1_162' title='bbox 257 1038 438 1074; x_wconf 80' lang='grc' dir='ltr'>συναρμόζειν</span> <span class='ocrx_word' id='word_1_163' title='bbox 460 1039 608 1075; x_wconf 73' lang='grc' dir='ltr'>ἐπιχειρεῖ,</span> <span class='ocrx_word' id='word_1_164' title='bbox 630 1041 676 1068; x_wconf 81' lang='grc' dir='ltr'><strong>καὶ</strong></span> <span class='ocrx_word' id='word_1_165' title='bbox 700 1042 857 1069; x_wconf 79' lang='grc' dir='ltr'>καταλιπὼν</span> <span class='ocrx_word' id='word_1_166' title='bbox 881 1044 926 1069; x_wconf 72' lang='grc' dir='ltr'><strong>τὸν</strong></span> 
     </span>
    </p>
   </div>
   <div class='ocr_carea' id='block_1_26' title="bbox 137 1082 926 1118">
    <p class='ocr_par' dir='ltr' id='par_1_26' title="bbox 137 1082 926 1118">
     <span class='ocr_line' id='line_1_26' title="bbox 137 1082 926 1118; baseline 0.008 -9"><span class='ocrx_word' id='word_1_167' title='bbox 137 1083 206 1110; x_wconf 78' lang='grc' dir='ltr'>Θεὸν</span> <span class='ocrx_word' id='word_1_168' title='bbox 231 1082 356 1118; x_wconf 77' lang='grc' dir='ltr'>δαίμοσιν</span> <span class='ocrx_word' id='word_1_169' title='bbox 378 1086 535 1118; x_wconf 74' lang='grc' dir='ltr'>ἐπιϐούλοις</span> <span class='ocrx_word' id='word_1_170' title='bbox 559 1087 710 1115; x_wconf 74' lang='grc' dir='ltr'><strong>ἐκδέδωκεν</strong></span> <span class='ocrx_word' id='word_1_171' title='bbox 739 1088 848 1115; x_wconf 82' lang='grc' dir='ltr'>ἑαυτόν.</span> <span class='ocrx_word' id='word_1_172' title='bbox 872 1090 926 1116; x_wconf 77' lang='grc' dir='ltr'><strong>Καὶ</strong></span> 
     </span>
    </p>
   </div>
   <div class='ocr_carea' id='block_1_27' title="bbox 138 1128 538 1163">
    <p class='ocr_par' dir='ltr' id='par_1_27' title="bbox 138 1128 538 1163">
     <span class='ocr_line' id='line_1_27' title="bbox 138 1128 538 1163; baseline 0.013 -9"><span class='ocrx_word' id='word_1_173' title='bbox 138 1130 206 1162; x_wconf 78' lang='grc' dir='ltr'>περὶ</span> <span class='ocrx_word' id='word_1_174' title='bbox 219 1129 269 1163; x_wconf 87' lang='grc' dir='ltr'><strong>μὲν</strong></span> <span class='ocrx_word' id='word_1_175' title='bbox 283 1130 386 1157; x_wconf 74' lang='grc' dir='ltr'>τούτων</span> <span class='ocrx_word' id='word_1_176' title='bbox 401 1131 499 1163; x_wconf 79' lang='grc' dir='ltr'>οὕτως.</span> <span class='ocrx_word' id='word_1_177' title='bbox 535 1128 538 1135; x_wconf 85' lang='grc'><em>’</em></span> 
     </span>
    </p>
   </div>
   <div class='ocr_carea' id='block_1_28' title="bbox 975 175 1761 209">
    <p class='ocr_par' dir='ltr' id='par_1_28' title="bbox 975 175 1761 209">
     <span class='ocr_line' id='line_1_28' title="bbox 975 175 1761 209; baseline -0.003 -7"><span class='ocrx_word' id='word_1_178' title='bbox 975 183 1038 202; x_wconf 89' lang='lat' dir='ltr'><strong>aves</strong></span> <span class='ocrx_word' id='word_1_179' title='bbox 1064 176 1199 203; x_wconf 89' lang='lat' dir='ltr'><strong>malorum</strong></span> <span class='ocrx_word' id='word_1_180' title='bbox 1230 176 1389 203; x_wconf 79' lang='lat' dir='ltr'><strong>ellicacitate</strong></span> <span class='ocrx_word' id='word_1_181' title='bbox 1417 175 1589 202; x_wconf 80' lang='lat' dir='ltr'><strong>fraudulenta</strong></span> <span class='ocrx_word' id='word_1_182' title='bbox 1618 175 1761 209; x_wconf 80' lang='lat' dir='ltr'><strong>geniorum</strong></span> 
     </span>
    </p>
   </div>
   <div class='ocr_carea' id='block_1_29' title="bbox 975 220 1762 255">
    <p class='ocr_par' dir='ltr' id='par_1_29' title="bbox 975 220 1762 255">
     <span class='ocr_line' id='line_1_29' title="bbox 975 220 1762 255; baseline -0.004 -6"><span class='ocrx_word' id='word_1_183' title='bbox 975 222 1039 249; x_wconf 86' lang='lat' dir='ltr'><strong>hinc</strong></span> <span class='ocrx_word' id='word_1_184' title='bbox 1052 222 1116 250; x_wconf 83' lang='lat' dir='ltr'><strong>inde</strong></span> <span class='ocrx_word' id='word_1_185' title='bbox 1134 222 1246 255; x_wconf 86' lang='lat' dir='ltr'><strong>volant,</strong></span> <span class='ocrx_word' id='word_1_186' title='bbox 1261 222 1315 250; x_wconf 89' lang='lat' dir='ltr'><strong>noli</strong></span> <span class='ocrx_word' id='word_1_187' title='bbox 1330 223 1426 249; x_wconf 89' lang='lat' dir='ltr'><strong>horum</strong></span> <span class='ocrx_word' id='word_1_188' title='bbox 1437 222 1621 254; x_wconf 87' lang='lat' dir='ltr'><strong>dominorum,</strong></span> <span class='ocrx_word' id='word_1_189' title='bbox 1635 229 1648 247; x_wconf 88' lang='lat' dir='ltr'><strong>a</strong></span> <span class='ocrx_word' id='word_1_190' title='bbox 1663 220 1762 255; x_wconf 85' lang='lat' dir='ltr'><strong>quibus</strong></span> 
     </span>
    </p>
   </div>
   <div class='ocr_carea' id='block_1_30' title="bbox 975 265 1762 303">
    <p class='ocr_par' dir='ltr' id='par_1_30' title="bbox 975 265 1762 303">
     <span class='ocr_line' id='line_1_30' title="bbox 975 265 1762 303; baseline -0.003 -8"><span class='ocrx_word' id='word_1_191' title='bbox 975 265 1123 303; x_wconf 76' lang='lat' dir='ltr'><strong>agita&#39;ntnr,</strong></span> <span class='ocrx_word' id='word_1_192' title='bbox 1142 269 1285 296; x_wconf 78' lang='lat' dir='ltr'><strong>fraudibus</strong></span> <span class='ocrx_word' id='word_1_193' title='bbox 1301 269 1431 295; x_wconf 79' lang='lat' dir='ltr'><strong>inliiamlo</strong></span> <span class='ocrx_word' id='word_1_194' title='bbox 1443 268 1577 300; x_wconf 78' lang='lat' dir='ltr'><strong>desidere,</strong></span> <span class='ocrx_word' id='word_1_195' title='bbox 1594 275 1644 294; x_wconf 92' lang='lat' dir='ltr'><strong>nec</strong></span> <span class='ocrx_word' id='word_1_196' title='bbox 1663 271 1688 293; x_wconf 89' lang='lat' dir='ltr'><strong>te</strong></span> <span class='ocrx_word' id='word_1_197' title='bbox 1703 266 1762 293; x_wconf 81' lang='lat' dir='ltr'><strong>dia-</strong></span> 
     </span>
    </p>
   </div>
   <div class='ocr_carea' id='block_1_31' title="bbox 975 311 1762 348">
    <p class='ocr_par' dir='ltr' id='par_1_31' title="bbox 975 311 1762 348">
     <span class='ocr_line' id='line_1_31' title="bbox 975 311 1762 348; baseline -0.005 -7"><span class='ocrx_word' id='word_1_198' title='bbox 975 314 1073 341; x_wconf 80' lang='lat' dir='ltr'><strong>bolicis</strong></span> <span class='ocrx_word' id='word_1_199' title='bbox 1098 314 1258 348; x_wconf 86' lang='lat' dir='ltr'><strong>imposturis</strong></span> <span class='ocrx_word' id='word_1_200' title='bbox 1281 314 1339 348; x_wconf 87' lang='lat' dir='ltr'><strong>capi</strong></span> <span class='ocrx_word' id='word_1_201' title='bbox 1364 313 1477 348; x_wconf 87' lang='lat' dir='ltr'><strong>patitor.</strong></span> <span class='ocrx_word' id='word_1_202' title='bbox 1505 312 1613 346; x_wconf 83' lang='lat' dir='ltr'><strong>Quippe</strong></span> <span class='ocrx_word' id='word_1_203' title='bbox 1637 311 1762 338; x_wconf 81' lang='lat' dir='ltr'><strong>diabolus</strong></span> 
     </span>
    </p>
   </div>
   <div class='ocr_carea' id='block_1_32' title="bbox 975 356 1763 393">
    <p class='ocr_par' dir='ltr' id='par_1_32' title="bbox 975 356 1763 393">
     <span class='ocr_line' id='line_1_32' title="bbox 975 356 1763 393; baseline -0.006 -6"><span class='ocrx_word' id='word_1_204' title='bbox 975 360 1022 387; x_wconf 90' lang='lat' dir='ltr'><strong>ubi</strong></span> <span class='ocrx_word' id='word_1_205' title='bbox 1039 359 1123 387; x_wconf 85' lang='lat' dir='ltr'><strong>semel</strong></span> <span class='ocrx_word' id='word_1_206' title='bbox 1142 364 1240 387; x_wconf 84' lang='lat' dir='ltr'><strong>nactus</strong></span> <span class='ocrx_word' id='word_1_207' title='bbox 1260 364 1312 389; x_wconf 85' lang='lat' dir='ltr'><strong>est,</strong></span> <span class='ocrx_word' id='word_1_208' title='bbox 1326 360 1447 386; x_wconf 90' lang='lat' dir='ltr'><strong>animum</strong></span> <span class='ocrx_word' id='word_1_209' title='bbox 1468 357 1616 393; x_wconf 86' lang='lat' dir='ltr'><strong>proclivem</strong></span> <span class='ocrx_word' id='word_1_210' title='bbox 1641 356 1674 383; x_wconf 76' lang='lat' dir='ltr'><strong>atl</strong></span> <span class='ocrx_word' id='word_1_211' title='bbox 1698 363 1763 391; x_wconf 85' lang='lat' dir='ltr'><strong>pro-</strong></span> 
     </span>
    </p>
   </div>
   <div class='ocr_carea' id='block_1_33' title="bbox 976 403 1764 442">
    <p class='ocr_par' dir='ltr' id='par_1_33' title="bbox 976 403 1764 442">
     <span class='ocr_line' id='line_1_33' title="bbox 976 403 1764 442; baseline -0.008 -8"><span class='ocrx_word' id='word_1_212' title='bbox 976 407 1064 442; x_wconf 86' lang='lat' dir='ltr'><strong>prium</strong></span> <span class='ocrx_word' id='word_1_213' title='bbox 1081 407 1233 438; x_wconf 83' lang='lat' dir='ltr'><strong>interitum,</strong></span> <span class='ocrx_word' id='word_1_214' title='bbox 1247 405 1376 432; x_wconf 88' lang='lat' dir='ltr'><strong>omnibus</strong></span> <span class='ocrx_word' id='word_1_215' title='bbox 1394 413 1428 432; x_wconf 88' lang='lat' dir='ltr'><strong>eo</strong></span> <span class='ocrx_word' id='word_1_216' title='bbox 1444 403 1531 431; x_wconf 83' lang='lat' dir='ltr'><strong>modis</strong></span> <span class='ocrx_word' id='word_1_217' title='bbox 1553 403 1626 430; x_wconf 89' lang='lat' dir='ltr'><strong>abuti</strong></span> <span class='ocrx_word' id='word_1_218' title='bbox 1640 410 1694 429; x_wconf 92' lang='lat' dir='ltr'><strong>non</strong></span> <span class='ocrx_word' id='word_1_219' title='bbox 1714 403 1764 428; x_wconf 91' lang='lat' dir='ltr'><strong>de-</strong></span> 
     </span>
    </p>
   </div>
   <div class='ocr_carea' id='block_1_34' title="bbox 977 448 1765 482">
    <p class='ocr_par' dir='ltr' id='par_1_34' title="bbox 977 448 1765 482">
     <span class='ocr_line' id='line_1_34' title="bbox 977 448 1765 482; baseline -0.008 -2"><span class='ocrx_word' id='word_1_220' title='bbox 977 453 1050 480; x_wconf 90' lang='lat' dir='ltr'><strong>sinit.</strong></span> <span class='ocrx_word' id='word_1_221' title='bbox 1069 453 1203 480; x_wconf 78' lang='lat' dir='ltr'><strong>Videmus</strong></span> <span class='ocrx_word' id='word_1_222' title='bbox 1221 456 1314 479; x_wconf 83' lang='lat' dir='ltr'><strong>autem</strong></span> <span class='ocrx_word' id='word_1_223' title='bbox 1332 451 1499 478; x_wconf 89' lang='lat' dir='ltr'><strong>crocitantes</strong></span> <span class='ocrx_word' id='word_1_224' title='bbox 1519 457 1616 476; x_wconf 83' lang='lat' dir='ltr'><strong>corvos</strong></span> <span class='ocrx_word' id='word_1_225' title='bbox 1639 452 1666 476; x_wconf 87' lang='lat' dir='ltr'><strong>et</strong></span> <span class='ocrx_word' id='word_1_226' title='bbox 1687 448 1765 482; x_wconf 82' lang='lat' dir='ltr'><strong>aqui-</strong></span> 
     </span>
    </p>
   </div>
   <div class='ocr_carea' id='block_1_35' title="bbox 976 495 1764 534">
    <p class='ocr_par' dir='ltr' id='par_1_35' title="bbox 976 495 1764 534">
     <span class='ocr_line' id='line_1_35' title="bbox 976 495 1764 534; baseline -0.008 -9"><span class='ocrx_word' id='word_1_227' title='bbox 976 499 1016 525; x_wconf 86' lang='lat' dir='ltr'><strong>las</strong></span> <span class='ocrx_word' id='word_1_228' title='bbox 1035 503 1147 534; x_wconf 85' lang='lat' dir='ltr'><strong>propter</strong></span> <span class='ocrx_word' id='word_1_229' title='bbox 1164 498 1283 532; x_wconf 82' lang='lat' dir='ltr'><strong>inopiam</strong></span> <span class='ocrx_word' id='word_1_230' title='bbox 1303 497 1355 524; x_wconf 90' lang='lat' dir='ltr'><strong>cibi</strong></span> <span class='ocrx_word' id='word_1_231' title='bbox 1379 497 1542 524; x_wconf 69' lang='lat' dir='ltr'><strong>aberrantes</strong></span> <span class='ocrx_word' id='word_1_232' title='bbox 1568 495 1643 522; x_wconf 91' lang='lat' dir='ltr'><strong>cordi</strong></span> <span class='ocrx_word' id='word_1_233' title='bbox 1666 501 1764 528; x_wconf 87' lang='lat' dir='ltr'><strong>snper-</strong></span> 
     </span>
    </p>
   </div>
   <div class='ocr_carea' id='block_1_36' title="bbox 977 539 1764 579">
    <p class='ocr_par' dir='ltr' id='par_1_36' title="bbox 977 539 1764 579">
     <span class='ocr_line' id='line_1_36' title="bbox 977 539 1764 579; baseline -0.006 -8"><span class='ocrx_word' id='word_1_234' title='bbox 977 543 1083 571; x_wconf 80' lang='lat' dir='ltr'><strong>stitioso</strong></span> <span class='ocrx_word' id='word_1_235' title='bbox 1104 551 1233 579; x_wconf 77' lang='lat' dir='ltr'><strong>pavorem</strong></span> <span class='ocrx_word' id='word_1_236' title='bbox 1259 544 1394 570; x_wconf 83' lang='lat' dir='ltr'><strong>incutere.</strong></span> <span class='ocrx_word' id='word_1_237' title='bbox 1421 542 1561 576; x_wconf 86' lang='lat' dir='ltr'><strong>Tantaque</strong></span> <span class='ocrx_word' id='word_1_238' title='bbox 1584 539 1652 567; x_wconf 83' lang='lat' dir='ltr'><strong>adeo</strong></span> <span class='ocrx_word' id='word_1_239' title='bbox 1678 539 1764 566; x_wconf 78' lang='lat' dir='ltr'><strong>nostri</strong></span> 
     </span>
    </p>
   </div>
   <div class='ocr_carea' id='block_1_37' title="bbox 976 585 1764 622">
    <p class='ocr_par' dir='ltr' id='par_1_37' title="bbox 976 585 1764 622">
     <span class='ocr_line' id='line_1_37' title="bbox 976 585 1764 622; baseline -0.008 -5"><span class='ocrx_word' id='word_1_240' title='bbox 976 589 1064 617; x_wconf 84' lang='lat' dir='ltr'><strong>hostis</strong></span> <span class='ocrx_word' id='word_1_241' title='bbox 1079 589 1154 616; x_wconf 92' lang='lat' dir='ltr'><strong>illius</strong></span> <span class='ocrx_word' id='word_1_242' title='bbox 1166 593 1207 616; x_wconf 83' lang='lat' dir='ltr'><strong>est</strong></span> <span class='ocrx_word' id='word_1_243' title='bbox 1219 589 1245 615; x_wconf 93' lang='lat' dir='ltr'><strong>in</strong></span> <span class='ocrx_word' id='word_1_244' title='bbox 1258 589 1400 616; x_wconf 88' lang='lat' dir='ltr'><strong>hominem</strong></span> <span class='ocrx_word' id='word_1_245' title='bbox 1417 587 1579 622; x_wconf 81' lang='lat' dir='ltr'><strong>petulantia,</strong></span> <span class='ocrx_word' id='word_1_246' title='bbox 1592 590 1622 613; x_wconf 89' lang='lat' dir='ltr'><strong>ut</strong></span> <span class='ocrx_word' id='word_1_247' title='bbox 1636 585 1764 612; x_wconf 88' lang='lat' dir='ltr'><strong>alicunde</strong></span> 
     </span>
    </p>
   </div>
   <div class='ocr_carea' id='block_1_38' title="bbox 977 631 1764 669">
    <p class='ocr_par' dir='ltr' id='par_1_38' title="bbox 977 631 1764 669">
     <span class='ocr_line' id='line_1_38' title="bbox 977 631 1764 669; baseline -0.008 -7"><span class='ocrx_word' id='word_1_248' title='bbox 977 642 1006 663; x_wconf 89' lang='lat' dir='ltr'><strong>se</strong></span> <span class='ocrx_word' id='word_1_249' title='bbox 1019 635 1139 662; x_wconf 72' lang='lat' dir='ltr'><strong>offerens</strong></span> <span class='ocrx_word' id='word_1_250' title='bbox 1154 635 1279 666; x_wconf 75' lang='lat' dir='ltr'><strong>mustela,</strong></span> <span class='ocrx_word' id='word_1_251' title='bbox 1299 634 1342 661; x_wconf 86' lang='lat' dir='ltr'><strong>vel</strong></span> <span class='ocrx_word' id='word_1_252' title='bbox 1361 638 1538 669; x_wconf 67' lang='lat' dir='ltr'><strong>prospectans</strong></span> <span class='ocrx_word' id='word_1_253' title='bbox 1558 633 1645 663; x_wconf 75' lang='lat' dir='ltr'><strong>canis,</strong></span> <span class='ocrx_word' id='word_1_254' title='bbox 1670 631 1712 657; x_wconf 93' lang='lat' dir='ltr'><strong>vel</strong></span> <span class='ocrx_word' id='word_1_255' title='bbox 1730 631 1764 657; x_wconf 83' lang='lat' dir='ltr'><strong>ab</strong></span> 
     </span>
    </p>
   </div>
   <div class='ocr_carea' id='block_1_39' title="bbox 977 673 1763 711">
    <p class='ocr_par' dir='ltr' id='par_1_39' title="bbox 977 673 1763 711">
     <span class='ocr_line' id='line_1_39' title="bbox 977 673 1763 711; baseline -0.008 -6"><span class='ocrx_word' id='word_1_256' title='bbox 977 683 1038 706; x_wconf 90' lang='lat' dir='ltr'><strong>ortu</strong></span> <span class='ocrx_word' id='word_1_257' title='bbox 1067 677 1216 705; x_wconf 80' lang='lat' dir='ltr'><strong>adventans</strong></span> <span class='ocrx_word' id='word_1_258' title='bbox 1241 678 1323 704; x_wconf 90' lang='lat' dir='ltr'><strong>homo</strong></span> <span class='ocrx_word' id='word_1_259' title='bbox 1347 683 1472 711; x_wconf 80' lang='lat' dir='ltr'><strong>magnam</strong></span> <span class='ocrx_word' id='word_1_260' title='bbox 1494 675 1521 702; x_wconf 94' lang='lat' dir='ltr'><strong>in</strong></span> <span class='ocrx_word' id='word_1_261' title='bbox 1537 675 1576 701; x_wconf 85' lang='lat' dir='ltr'><strong>eis</strong></span> <span class='ocrx_word' id='word_1_262' title='bbox 1590 673 1763 701; x_wconf 75' lang='lat' dir='ltr'><strong>formidinem</strong></span> 
     </span>
    </p>
   </div>
   <div class='ocr_carea' id='block_1_40' title="bbox 977 718 1766 758">
    <p class='ocr_par' dir='ltr' id='par_1_40' title="bbox 977 718 1766 758">
     <span class='ocr_line' id='line_1_40' title="bbox 977 718 1766 758; baseline -0.008 -7"><span class='ocrx_word' id='word_1_263' title='bbox 977 724 1095 752; x_wconf 76' lang='lat' dir='ltr'><strong>excitent</strong></span> <span class='ocrx_word' id='word_1_264' title='bbox 1116 724 1141 750; x_wconf 91' lang='lat' dir='ltr'><strong>in</strong></span> <span class='ocrx_word' id='word_1_265' title='bbox 1166 732 1235 758; x_wconf 86' lang='lat' dir='ltr'><strong>quos</strong></span> <span class='ocrx_word' id='word_1_266' title='bbox 1260 723 1330 750; x_wconf 83' lang='lat' dir='ltr'><strong>forte</strong></span> <span class='ocrx_word' id='word_1_267' title='bbox 1343 723 1509 749; x_wconf 81' lang='lat' dir='ltr'><strong>inciderunt.</strong></span> <span class='ocrx_word' id='word_1_268' title='bbox 1540 720 1611 753; x_wconf 88' lang='lat' dir='ltr'><strong>Quid</strong></span> <span class='ocrx_word' id='word_1_269' title='bbox 1631 718 1766 755; x_wconf 84' lang='lat' dir='ltr'><strong>ejusmodi</strong></span> 
     </span>
    </p>
   </div>
   <div class='ocr_carea' id='block_1_41' title="bbox 977 765 1768 804">
    <p class='ocr_par' dir='ltr' id='par_1_41' title="bbox 977 765 1768 804">
     <span class='ocr_line' id='line_1_41' title="bbox 977 765 1768 804; baseline -0.009 -7"><span class='ocrx_word' id='word_1_270' title='bbox 977 771 1032 798; x_wconf 90' lang='lat' dir='ltr'><strong>vita</strong></span> <span class='ocrx_word' id='word_1_271' title='bbox 1060 769 1246 797; x_wconf 70' lang='lat' dir='ltr'><strong>miserabilius</strong></span> <span class='ocrx_word' id='word_1_272' title='bbox 1274 776 1335 796; x_wconf 80' lang='lat' dir='ltr'><strong>esse</strong></span> <span class='ocrx_word' id='word_1_273' title='bbox 1356 768 1462 804; x_wconf 89' lang='lat' dir='ltr'><strong>possit,</strong></span> <span class='ocrx_word' id='word_1_274' title='bbox 1483 768 1510 794; x_wconf 87' lang='lat' dir='ltr'><strong>in</strong></span> <span class='ocrx_word' id='word_1_275' title='bbox 1532 774 1585 801; x_wconf 89' lang='lat' dir='ltr'><strong>qua</strong></span> <span class='ocrx_word' id='word_1_276' title='bbox 1614 765 1706 793; x_wconf 84' lang='lat' dir='ltr'><strong>omnia</strong></span> <span class='ocrx_word' id='word_1_277' title='bbox 1721 772 1768 791; x_wconf 92' lang='lat' dir='ltr'><strong>su-</strong></span> 
     </span>
    </p>
   </div>
   <div class='ocr_carea' id='block_1_42' title="bbox 979 811 1767 850">
    <p class='ocr_par' dir='ltr' id='par_1_42' title="bbox 979 811 1767 850">
     <span class='ocr_line' id='line_1_42' title="bbox 979 811 1767 850; baseline -0.008 -8"><span class='ocrx_word' id='word_1_278' title='bbox 979 820 1071 850; x_wconf 78' lang='lat' dir='ltr'><strong>specta</strong></span> <span class='ocrx_word' id='word_1_279' title='bbox 1088 814 1143 842; x_wconf 87' lang='lat' dir='ltr'><strong>sint</strong></span> <span class='ocrx_word' id='word_1_280' title='bbox 1158 819 1185 841; x_wconf 89' lang='lat' dir='ltr'><strong>et</strong></span> <span class='ocrx_word' id='word_1_281' title='bbox 1211 813 1322 849; x_wconf 81' lang='lat' dir='ltr'><strong>negotia</strong></span> <span class='ocrx_word' id='word_1_282' title='bbox 1346 813 1453 848; x_wconf 66' lang='lat' dir='ltr'><strong>quaevis</strong></span> <span class='ocrx_word' id='word_1_283' title='bbox 1472 813 1506 839; x_wconf 86' lang='lat' dir='ltr'><strong>ab</strong></span> <span class='ocrx_word' id='word_1_284' title='bbox 1530 813 1656 839; x_wconf 85' lang='lat' dir='ltr'><strong>omnibus</strong></span> <span class='ocrx_word' id='word_1_285' title='bbox 1679 811 1767 843; x_wconf 87' lang='lat' dir='ltr'><strong>impe-</strong></span> 
     </span>
    </p>
   </div>
   <div class='ocr_carea' id='block_1_43' title="bbox 979 855 1767 894">
    <p class='ocr_par' dir='ltr' id='par_1_43' title="bbox 979 855 1767 894">
     <span class='ocr_line' id='line_1_43' title="bbox 979 855 1767 894; baseline -0.008 -6"><span class='ocrx_word' id='word_1_286' title='bbox 979 861 1111 890; x_wconf 82' lang='lat' dir='ltr'><strong>diantur?</strong></span> <span class='ocrx_word' id='word_1_287' title='bbox 1144 861 1237 888; x_wconf 83' lang='lat' dir='ltr'><strong>Potius</strong></span> <span class='ocrx_word' id='word_1_288' title='bbox 1266 860 1444 894; x_wconf 87' lang='lat' dir='ltr'><strong>undiquaque</strong></span> <span class='ocrx_word' id='word_1_289' title='bbox 1480 863 1575 885; x_wconf 83' lang='lat' dir='ltr'><strong>noster</strong></span> <span class='ocrx_word' id='word_1_290' title='bbox 1604 858 1710 884; x_wconf 88' lang='lat' dir='ltr'><strong>animus</strong></span> <span class='ocrx_word' id='word_1_291' title='bbox 1732 855 1767 882; x_wconf 88' lang='lat' dir='ltr'><strong>ad</strong></span> 
     </span>
    </p>
   </div>
   <div class='ocr_carea' id='block_1_44' title="bbox 980 903 1768 937">
    <p class='ocr_par' dir='ltr' id='par_1_44' title="bbox 980 903 1768 937">
     <span class='ocr_line' id='line_1_44' title="bbox 980 903 1768 937; baseline -0.009 -3"><span class='ocrx_word' id='word_1_292' title='bbox 980 907 1066 934; x_wconf 80' lang='lat' dir='ltr'><strong>Deum</strong></span> <span class='ocrx_word' id='word_1_293' title='bbox 1082 906 1251 934; x_wconf 87' lang='lat' dir='ltr'><strong>revocamlus</strong></span> <span class='ocrx_word' id='word_1_294' title='bbox 1263 909 1314 933; x_wconf 91' lang='lat' dir='ltr'><strong>est.</strong></span> <span class='ocrx_word' id='word_1_295' title='bbox 1343 905 1411 932; x_wconf 89' lang='lat' dir='ltr'><strong>Cum</strong></span> <span class='ocrx_word' id='word_1_296' title='bbox 1430 912 1494 932; x_wconf 87' lang='lat' dir='ltr'><strong>aves</strong></span> <span class='ocrx_word' id='word_1_297' title='bbox 1514 911 1576 931; x_wconf 85' lang='lat' dir='ltr'><strong>aera</strong></span> <span class='ocrx_word' id='word_1_298' title='bbox 1594 903 1768 937; x_wconf 84' lang='lat' dir='ltr'><strong>pervolantes</strong></span> 
     </span>
    </p>
   </div>
   <div class='ocr_carea' id='block_1_45' title="bbox 981 947 1767 987">
    <p class='ocr_par' dir='ltr' id='par_1_45' title="bbox 981 947 1767 987">
     <span class='ocr_line' id='line_1_45' title="bbox 981 947 1767 987; baseline -0.008 -9"><span class='ocrx_word' id='word_1_299' title='bbox 981 952 1108 984; x_wconf 89' lang='lat' dir='ltr'><strong>intueris,</strong></span> <span class='ocrx_word' id='word_1_300' title='bbox 1123 952 1178 978; x_wconf 88' lang='lat' dir='ltr'><strong>noli</strong></span> <span class='ocrx_word' id='word_1_301' title='bbox 1195 952 1308 987; x_wconf 75' lang='lat' dir='ltr'><strong>ﬁguram</strong></span> <span class='ocrx_word' id='word_1_302' title='bbox 1327 951 1437 978; x_wconf 83' lang='lat' dir='ltr'><strong>volatus</strong></span> <span class='ocrx_word' id='word_1_303' title='bbox 1459 950 1568 977; x_wconf 89' lang='lat' dir='ltr'><strong>curiose</strong></span> <span class='ocrx_word' id='word_1_304' title='bbox 1588 947 1767 983; x_wconf 77' lang='lat' dir='ltr'><strong>perscrutari,</strong></span> 
     </span>
    </p>
   </div>
   <div class='ocr_carea' id='block_1_46' title="bbox 981 993 1769 1027">
    <p class='ocr_par' dir='ltr' id='par_1_46' title="bbox 981 993 1769 1027">
     <span class='ocr_line' id='line_1_46' title="bbox 981 993 1769 1027; baseline -0.01 -1"><span class='ocrx_word' id='word_1_305' title='bbox 981 999 1031 1026; x_wconf 86' lang='lat' dir='ltr'><strong>sed</strong></span> <span class='ocrx_word' id='word_1_306' title='bbox 1055 998 1108 1025; x_wconf 85' lang='lat' dir='ltr'><strong>illis</strong></span> <span class='ocrx_word' id='word_1_307' title='bbox 1134 998 1215 1025; x_wconf 80' lang='lat' dir='ltr'><strong>rebus</strong></span> <span class='ocrx_word' id='word_1_308' title='bbox 1235 998 1345 1025; x_wconf 87' lang='lat' dir='ltr'><strong>omissis</strong></span> <span class='ocrx_word' id='word_1_309' title='bbox 1368 997 1533 1025; x_wconf 68' lang='lat' dir='ltr'><strong>declaratum</strong></span> <span class='ocrx_word' id='word_1_310' title='bbox 1558 995 1584 1022; x_wconf 92' lang='lat' dir='ltr'><strong>in</strong></span> <span class='ocrx_word' id='word_1_311' title='bbox 1604 994 1645 1022; x_wconf 89' lang='lat' dir='ltr'><strong>eis</strong></span> <span class='ocrx_word' id='word_1_312' title='bbox 1660 993 1769 1027; x_wconf 74' lang='lat' dir='ltr'><strong>sapien-</strong></span> 
     </span>
    </p>
   </div>
   <div class='ocr_carea' id='block_1_47' title="bbox 982 1037 1767 1073">
    <p class='ocr_par' dir='ltr' id='par_1_47' title="bbox 982 1037 1767 1073">
     <span class='ocr_line' id='line_1_47' title="bbox 982 1037 1767 1073; baseline -0.008 -4"><span class='ocrx_word' id='word_1_313' title='bbox 982 1043 1046 1070; x_wconf 90' lang='lat' dir='ltr'><strong>tiam</strong></span> <span class='ocrx_word' id='word_1_314' title='bbox 1063 1042 1200 1070; x_wconf 80' lang='lat' dir='ltr'><strong>Creatoris</strong></span> <span class='ocrx_word' id='word_1_315' title='bbox 1217 1046 1243 1069; x_wconf 89' lang='lat' dir='ltr'><strong>et</strong></span> <span class='ocrx_word' id='word_1_316' title='bbox 1255 1042 1454 1069; x_wconf 85' lang='lat' dir='ltr'><strong>ordinationem</strong></span> <span class='ocrx_word' id='word_1_317' title='bbox 1469 1041 1617 1071; x_wconf 83' lang='lat' dir='ltr'><strong>admirare,</strong></span> <span class='ocrx_word' id='word_1_318' title='bbox 1632 1039 1678 1073; x_wconf 89' lang='lat' dir='ltr'><strong>qui</strong></span> <span class='ocrx_word' id='word_1_319' title='bbox 1695 1037 1767 1064; x_wconf 88' lang='lat' dir='ltr'><strong>scili-</strong></span> 
     </span>
    </p>
   </div>
   <div class='ocr_carea' id='block_1_48' title="bbox 980 1089 1769 1123">
    <p class='ocr_par' dir='ltr' id='par_1_48' title="bbox 980 1089 1769 1123">
     <span class='ocr_line' id='line_1_48' title="bbox 980 1089 1769 1123; baseline -0.009 -7"><span class='ocrx_word' id='word_1_320' title='bbox 980 1093 1024 1117; x_wconf 87' lang='lat' dir='ltr'><strong>cet</strong></span> <span class='ocrx_word' id='word_1_321' title='bbox 1040 1089 1087 1116; x_wconf 81' lang='lat' dir='ltr'><strong>ﬂat</strong></span> <span class='ocrx_word' id='word_1_322' title='bbox 1101 1093 1243 1116; x_wconf 86' lang='lat' dir='ltr'><strong>uttanlum</strong></span> <span class='ocrx_word' id='word_1_323' title='bbox 1256 1089 1362 1123; x_wconf 86' lang='lat' dir='ltr'><strong>pondus</strong></span> <span class='ocrx_word' id='word_1_324' title='bbox 1371 1095 1464 1115; x_wconf 85' lang='lat' dir='ltr'><strong>aerem</strong></span> <span class='ocrx_word' id='word_1_325' title='bbox 1478 1091 1611 1122; x_wconf 85' lang='lat' dir='ltr'><strong>permeet,</strong></span> <span class='ocrx_word' id='word_1_326' title='bbox 1625 1093 1679 1120; x_wconf 91' lang='lat' dir='ltr'><strong>quo</strong></span> <span class='ocrx_word' id='word_1_327' title='bbox 1691 1089 1769 1118; x_wconf 63' lang='lat' dir='ltr'><strong>pacto</strong></span> 
     </span>
    </p>
   </div>
   <div class='ocr_carea' id='block_1_49' title="bbox 982 1129 1770 1166">
    <p class='ocr_par' dir='ltr' id='par_1_49' title="bbox 982 1129 1770 1166">
     <span class='ocr_line' id='line_1_49' title="bbox 982 1129 1770 1166; baseline -0.009 -4"><span class='ocrx_word' id='word_1_328' title='bbox 982 1140 1078 1162; x_wconf 84' lang='lat' dir='ltr'><strong>tenera</strong></span> <span class='ocrx_word' id='word_1_329' title='bbox 1095 1136 1171 1162; x_wconf 72' lang='lat' dir='ltr'><strong>istmc</strong></span> <span class='ocrx_word' id='word_1_330' title='bbox 1187 1135 1258 1162; x_wconf 84' lang='lat' dir='ltr'><strong>aeris</strong></span> <span class='ocrx_word' id='word_1_331' title='bbox 1282 1139 1381 1161; x_wconf 87' lang='lat' dir='ltr'><strong>natura</strong></span> <span class='ocrx_word' id='word_1_332' title='bbox 1405 1133 1547 1160; x_wconf 89' lang='lat' dir='ltr'><strong>volucrum</strong></span> <span class='ocrx_word' id='word_1_333' title='bbox 1569 1132 1619 1158; x_wconf 87' lang='lat' dir='ltr'><strong>alis</strong></span> <span class='ocrx_word' id='word_1_334' title='bbox 1633 1138 1681 1166; x_wconf 91' lang='lat' dir='ltr'><strong>pro</strong></span> <span class='ocrx_word' id='word_1_335' title='bbox 1697 1129 1770 1156; x_wconf 87' lang='lat' dir='ltr'><strong>vehi-</strong></span> 
     </span>
    </p>
   </div>
   <div class='ocr_carea' id='block_1_50' title="bbox 137 1177 1769 1228">
    <p class='ocr_par' dir='ltr' id='par_1_50' title="bbox 137 1177 1769 1228">
     <span class='ocr_line' id='line_1_50' title="bbox 137 1177 1769 1228; baseline -0.003 -20"><span class='ocrx_word' id='word_1_336' title='bbox 137 1177 202 1208; x_wconf 73' lang='lat' dir='ltr'><strong>culp</strong></span> <span class='ocrx_word' id='word_1_337' title='bbox 217 1177 263 1228; x_wconf 56' lang='lat' dir='ltr'><strong>sit,</strong></span> <span class='ocrx_word' id='word_1_338' title='bbox 279 1179 335 1228; x_wconf 65' lang='lat' dir='ltr'><strong>qui</strong></span> <span class='ocrx_word' id='word_1_339' title='bbox 355 1186 405 1228; x_wconf 71' lang='lat' dir='ltr'><strong>per</strong></span> <span class='ocrx_word' id='word_1_340' title='bbox 421 1179 525 1228; x_wconf 77' lang='lat' dir='ltr'><strong>alarum</strong></span> <span class='ocrx_word' id='word_1_341' title='bbox 550 1180 740 1209; x_wconf 77' lang='lat' dir='ltr'><strong>extensionem</strong></span> <span class='ocrx_word' id='word_1_342' title='bbox 771 1182 799 1209; x_wconf 93' lang='lat' dir='ltr'><strong>in</strong></span> <span class='ocrx_word' id='word_1_343' title='bbox 816 1190 880 1210; x_wconf 85' lang='lat' dir='ltr'><strong>aere</strong></span> <span class='ocrx_word' id='word_1_344' title='bbox 910 1187 1007 1210; x_wconf 85' lang='lat' dir='ltr'><strong>natent</strong></span> <span class='ocrx_word' id='word_1_345' title='bbox 1027 1191 1058 1211; x_wconf 90' lang='lat' dir='ltr'><strong>ae</strong></span> <span class='ocrx_word' id='word_1_346' title='bbox 1076 1188 1151 1211; x_wconf 91' lang='lat' dir='ltr'><strong>motu</strong></span> <span class='ocrx_word' id='word_1_347' title='bbox 1182 1183 1275 1211; x_wconf 67' lang='lat' dir='ltr'><strong>caudae</strong></span> <span class='ocrx_word' id='word_1_348' title='bbox 1309 1191 1358 1210; x_wconf 87' lang='lat' dir='ltr'><strong>ceu</strong></span> <span class='ocrx_word' id='word_1_349' title='bbox 1381 1182 1449 1210; x_wconf 76' lang='lat' dir='ltr'><strong>clavi</strong></span> <span class='ocrx_word' id='word_1_350' title='bbox 1477 1181 1625 1215; x_wconf 84' lang='lat' dir='ltr'><strong>cujusdam</strong></span> <span class='ocrx_word' id='word_1_351' title='bbox 1650 1179 1769 1206; x_wconf 76' lang='lat' dir='ltr'><strong>volatum</strong></span> 
     </span>
    </p>
   </div>
   <div class='ocr_carea' id='block_1_51' title="bbox 138 1223 1770 1273">
    <p class='ocr_par' dir='ltr' id='par_1_51' title="bbox 138 1223 1770 1273">
     <span class='ocr_line' id='line_1_51' title="bbox 138 1223 1770 1273; baseline -0.004 -17"><span class='ocrx_word' id='word_1_352' title='bbox 138 1230 219 1273; x_wconf 47' lang='lat' dir='ltr'><strong>funt“</strong></span> <span class='ocrx_word' id='word_1_353' title='bbox 235 1223 378 1273; x_wconf 62' lang='lat' dir='ltr'><strong>dirigallt._</strong></span> <span class='ocrx_word' id='word_1_354' title='bbox 392 1225 423 1252; x_wconf 86' lang='lat' dir='ltr'><strong>In</strong></span> <span class='ocrx_word' id='word_1_355' title='bbox 437 1226 479 1253; x_wconf 84' lang='lat' dir='ltr'><strong>bis</strong></span> <span class='ocrx_word' id='word_1_356' title='bbox 494 1226 569 1273; x_wconf 78' lang='lat' dir='ltr'><strong>enim</strong></span> <span class='ocrx_word' id='word_1_357' title='bbox 593 1227 640 1254; x_wconf 92' lang='lat' dir='ltr'><strong>Dei</strong></span> <span class='ocrx_word' id='word_1_358' title='bbox 675 1229 808 1273; x_wconf 77' lang='lat' dir='ltr'><strong>sapientia</strong></span> <span class='ocrx_word' id='word_1_359' title='bbox 830 1230 1010 1265; x_wconf 79' lang='lat' dir='ltr'><strong>conspicitur.</strong></span> <span class='ocrx_word' id='word_1_360' title='bbox 1029 1231 1080 1258; x_wconf 72' lang='lat' dir='ltr'><strong>.At</strong></span> <span class='ocrx_word' id='word_1_361' title='bbox 1096 1231 1178 1258; x_wconf 88' lang='lat' dir='ltr'><strong>homo</strong></span> <span class='ocrx_word' id='word_1_362' title='bbox 1208 1231 1342 1266; x_wconf 86' lang='lat' dir='ltr'><strong>quispiam</strong></span> <span class='ocrx_word' id='word_1_363' title='bbox 1375 1229 1466 1264; x_wconf 87' lang='lat' dir='ltr'><strong>pusilli</strong></span> <span class='ocrx_word' id='word_1_364' title='bbox 1487 1228 1572 1255; x_wconf 84' lang='lat' dir='ltr'><strong>animi</strong></span> <span class='ocrx_word' id='word_1_365' title='bbox 1605 1232 1633 1254; x_wconf 88' lang='lat' dir='ltr'><strong>et</strong></span> <span class='ocrx_word' id='word_1_366' title='bbox 1653 1225 1770 1253; x_wconf 85' lang='lat' dir='ltr'><strong>humilia</strong></span> 
     </span>
    </p>
   </div>
   <div class='ocr_carea' id='block_1_52' title="bbox 141 1269 1772 1319">
    <p class='ocr_par' dir='ltr' id='par_1_52' title="bbox 141 1269 1772 1319">
     <span class='ocr_line' id='line_1_52' title="bbox 141 1269 1772 1319; baseline 0.002 -26"><span class='ocrx_word' id='word_1_367' title='bbox 141 1271 248 1319; x_wconf 52' lang='lat' dir='ltr'><strong>tantum</strong></span> <span class='ocrx_word' id='word_1_368' title='bbox 278 1269 431 1319; x_wconf 72' lang='lat' dir='ltr'><strong>respiciens</strong></span> <span class='ocrx_word' id='word_1_369' title='bbox 446 1270 615 1319; x_wconf 44' lang='lat' dir='ltr'><strong>animalium</strong></span> <span class='ocrx_word' id='word_1_370' title='bbox 640 1272 754 1300; x_wconf 81' lang='lat' dir='ltr'><strong>rationis</strong></span> <span class='ocrx_word' id='word_1_371' title='bbox 774 1274 928 1308; x_wconf 80' lang='lat' dir='ltr'><strong>expertiqu</strong></span> <span class='ocrx_word' id='word_1_372' title='bbox 949 1279 1039 1302; x_wconf 81' lang='lat' dir='ltr'><strong>mutus</strong></span> <span class='ocrx_word' id='word_1_373' title='bbox 1078 1276 1201 1303; x_wconf 89' lang='lat' dir='ltr'><strong>instituto</strong></span> <span class='ocrx_word' id='word_1_374' title='bbox 1220 1283 1270 1302; x_wconf 88' lang='lat' dir='ltr'><strong>suo</strong></span> <span class='ocrx_word' id='word_1_375' title='bbox 1287 1274 1492 1302; x_wconf 77' lang='lat' dir='ltr'><strong>accommodare</strong></span> <span class='ocrx_word' id='word_1_376' title='bbox 1514 1273 1621 1303; x_wconf 81' lang='lat' dir='ltr'><strong>nititur,</strong></span> <span class='ocrx_word' id='word_1_377' title='bbox 1658 1272 1772 1304; x_wconf 75' lang='lat' dir='ltr'><strong>Deoqre</strong></span> 
     </span>
    </p>
   </div>
   <div class='ocr_carea' id='block_1_53' title="bbox 138 1313 1772 1357">
    <p class='ocr_par' dir='ltr' id='par_1_53' title="bbox 138 1313 1772 1357">
     <span class='ocr_line' id='line_1_53' title="bbox 138 1313 1772 1357; baseline 0.002 -17"><span class='ocrx_word' id='word_1_378' title='bbox 138 1313 237 1340; x_wconf 82' lang='lat' dir='ltr'><strong>relicto</strong></span> <span class='ocrx_word' id='word_1_379' title='bbox 251 1313 328 1340; x_wconf 89' lang='lat' dir='ltr'><strong>malis</strong></span> <span class='ocrx_word' id='word_1_380' title='bbox 343 1322 372 1341; x_wconf 86' lang='lat' dir='ltr'><strong>se</strong></span> <span class='ocrx_word' id='word_1_381' title='bbox 391 1315 479 1349; x_wconf 77' lang='lat' dir='ltr'><strong>geniis</strong></span> <span class='ocrx_word' id='word_1_382' title='bbox 495 1315 580 1348; x_wconf 88' lang='lat' dir='ltr'><strong>dedit,</strong></span> <span class='ocrx_word' id='word_1_383' title='bbox 594 1317 640 1351; x_wconf 86' lang='lat' dir='ltr'><strong>qui</strong></span> <span class='ocrx_word' id='word_1_384' title='bbox 670 1325 767 1353; x_wconf 84' lang='lat' dir='ltr'><strong>reapse</strong></span> <span class='ocrx_word' id='word_1_385' title='bbox 787 1319 855 1347; x_wconf 89' lang='lat' dir='ltr'><strong>nihil</strong></span> <span class='ocrx_word' id='word_1_386' title='bbox 890 1321 964 1349; x_wconf 75' lang='lat' dir='ltr'><strong>aliud</strong></span> <span class='ocrx_word' id='word_1_387' title='bbox 984 1326 1049 1349; x_wconf 90' lang='lat' dir='ltr'><strong>sunt</strong></span> <span class='ocrx_word' id='word_1_388' title='bbox 1061 1330 1145 1357; x_wconf 86' lang='lat' dir='ltr'><strong>quam</strong></span> <span class='ocrx_word' id='word_1_389' title='bbox 1161 1321 1347 1350; x_wconf 84' lang='lat' dir='ltr'><strong>insidiatores.</strong></span> <span class='ocrx_word' id='word_1_390' title='bbox 1374 1321 1414 1348; x_wconf 73' lang='lat' dir='ltr'><strong>Ac</strong></span> <span class='ocrx_word' id='word_1_391' title='bbox 1439 1320 1472 1348; x_wconf 84' lang='lat' dir='ltr'><strong>de</strong></span> <span class='ocrx_word' id='word_1_392' title='bbox 1501 1320 1544 1348; x_wconf 87' lang='lat' dir='ltr'><strong>his</strong></span> <span class='ocrx_word' id='word_1_393' title='bbox 1562 1319 1672 1354; x_wconf 87' lang='lat' dir='ltr'><strong>quidem</strong></span> <span class='ocrx_word' id='word_1_394' title='bbox 1689 1319 1772 1345; x_wconf 82' lang='lat' dir='ltr'><strong>rebus</strong></span> 
     </span>
    </p>
   </div>
   <div class='ocr_carea' id='block_1_54' title="bbox 137 1361 603 1391">
    <p class='ocr_par' dir='ltr' id='par_1_54' title="bbox 137 1361 603 1391">
     <span class='ocr_line' id='line_1_54' title="bbox 137 1361 603 1391; baseline 0.009 -4"><span class='ocrx_word' id='word_1_395' title='bbox 137 1362 165 1387; x_wconf 89' lang='lat' dir='ltr'><strong>in</strong></span> <span class='ocrx_word' id='word_1_396' title='bbox 188 1361 263 1388; x_wconf 80' lang='lat' dir='ltr'><strong>hunc</strong></span> <span class='ocrx_word' id='word_1_397' title='bbox 282 1362 393 1389; x_wconf 88' lang='lat' dir='ltr'><strong>modum</strong></span> <span class='ocrx_word' id='word_1_398' title='bbox 411 1363 516 1390; x_wconf 85' lang='lat' dir='ltr'><strong>dictum</strong></span> <span class='ocrx_word' id='word_1_399' title='bbox 532 1369 603 1391; x_wconf 88' lang='lat' dir='ltr'><strong>esto.</strong></span> 
     </span>
    </p>
   </div>
   <div class='ocr_carea' id='block_1_55' title="bbox 180 1407 928 1451">
    <p class='ocr_par' dir='ltr' id='par_1_55' title="bbox 180 1407 928 1450">
     <span class='ocr_line' id='line_1_55' title="bbox 180 1407 928 1450; baseline 0.011 -16"><span class='ocrx_word' id='word_1_400' title='bbox 180 1409 213 1435; x_wconf 90' lang='lat'><strong>&#39;0</strong></span> <span class='ocrx_word' id='word_1_401' title='bbox 228 1408 256 1434; x_wconf 78' lang='grc' dir='ltr'><strong>δέ</strong></span> <span class='ocrx_word' id='word_1_402' title='bbox 271 1417 304 1442; x_wconf 78' lang='grc' dir='ltr'><strong>γε</strong></span> <span class='ocrx_word' id='word_1_403' title='bbox 317 1409 476 1444; x_wconf 73' lang='grc' dir='ltr'><strong>διαληφθεὶς</strong></span> <span class='ocrx_word' id='word_1_404' title='bbox 491 1410 618 1445; x_wconf 79' lang='grc' dir='ltr'>βασιλεὺς</span> <span class='ocrx_word' id='word_1_405' title='bbox 630 1413 678 1439; x_wconf 78' lang='grc' dir='ltr'><strong>καὶ</strong></span> <span class='ocrx_word' id='word_1_406' title='bbox 691 1407 928 1450; x_wconf 68' lang='grc' dir='ltr'><strong>ἐγγαστριμύθους</strong></span> 
     </span>
    </p>
   </div>
   <div class='ocr_carea' id='block_1_56' title="bbox 982 1407 1771 1451">
    <p class='ocr_par' dir='ltr' id='par_1_56' title="bbox 1019 1412 1771 1451">
     <span class='ocr_line' id='line_1_56' title="bbox 1019 1412 1771 1451; baseline -0.009 -7"><span class='ocrx_word' id='word_1_407' title='bbox 1019 1416 1098 1451; x_wconf 81' lang='lat'><strong>197</strong></span> <span class='ocrx_word' id='word_1_408' title='bbox 1113 1417 1247 1444; x_wconf 77' lang='lat' dir='ltr'><strong>Caeterum</strong></span> <span class='ocrx_word' id='word_1_409' title='bbox 1276 1415 1321 1442; x_wconf 89' lang='lat' dir='ltr'><strong>hic</strong></span> <span class='ocrx_word' id='word_1_410' title='bbox 1346 1415 1405 1449; x_wconf 85' lang='lat' dir='ltr'><strong>ipse</strong></span> <span class='ocrx_word' id='word_1_411' title='bbox 1431 1421 1497 1446; x_wconf 78' lang='lat' dir='ltr'><strong>rex,</strong></span> <span class='ocrx_word' id='word_1_412' title='bbox 1524 1420 1578 1448; x_wconf 85' lang='lat' dir='ltr'><strong>quo</strong></span> <span class='ocrx_word' id='word_1_413' title='bbox 1600 1412 1634 1439; x_wconf 86' lang='lat' dir='ltr'><strong>de</strong></span> <span class='ocrx_word' id='word_1_414' title='bbox 1655 1412 1771 1447; x_wconf 76' lang='lat' dir='ltr'><strong>agimus,</strong></span> 
     </span>
    </p>
   </div>
   <div class='ocr_carea' id='block_1_57' title="bbox 134 1454 931 1495">
    <p class='ocr_par' dir='ltr' id='par_1_57' title="bbox 134 1454 931 1495">
     <span class='ocr_line' id='line_1_57' title="bbox 134 1454 931 1495; baseline 0.008 -13"><span class='ocrx_word' id='word_1_415' title='bbox 134 1454 264 1489; x_wconf 78' lang='grc' dir='ltr'>ἐποίησε,</span> <span class='ocrx_word' id='word_1_416' title='bbox 278 1456 326 1482; x_wconf 72' lang='grc' dir='ltr'>καὶ</span> <span class='ocrx_word' id='word_1_417' title='bbox 337 1456 460 1489; x_wconf 75' lang='grc' dir='ltr'>γνώστας</span> <span class='ocrx_word' id='word_1_418' title='bbox 475 1457 534 1492; x_wconf 81' lang='grc' dir='ltr'>ἦτοι</span> <span class='ocrx_word' id='word_1_419' title='bbox 549 1458 662 1492; x_wconf 79' lang='grc' dir='ltr'>μάντεις</span> <span class='ocrx_word' id='word_1_420' title='bbox 679 1459 824 1495; x_wconf 75' lang='grc' dir='ltr'>ἐπλήθυνε.</span> <span class='ocrx_word' id='word_1_421' title='bbox 838 1462 886 1488; x_wconf 67' lang='grc' dir='ltr'><strong>καὶ</strong></span> <span class='ocrx_word' id='word_1_422' title='bbox 900 1462 931 1488; x_wconf 80' lang='grc' dir='ltr'><strong>τδ</strong></span> 
     </span>
    </p>
   </div>
   <div class='ocr_carea' id='block_1_58' title="bbox 135 1501 924 1542">
    <p class='ocr_par' dir='ltr' id='par_1_58' title="bbox 135 1501 924 1542">
     <span class='ocr_line' id='line_1_58' title="bbox 135 1501 924 1542; baseline 0.009 -15"><span class='ocrx_word' id='word_1_423' title='bbox 135 1502 252 1528; x_wconf 73' lang='grc' dir='ltr'>πάντων</span> <span class='ocrx_word' id='word_1_424' title='bbox 277 1501 468 1537; x_wconf 74' lang='grc' dir='ltr'>ἀνοσιώτερον,</span> <span class='ocrx_word' id='word_1_425' title='bbox 485 1505 513 1530; x_wconf 80' lang='grc' dir='ltr'>ὲν</span> <span class='ocrx_word' id='word_1_426' title='bbox 530 1504 567 1538; x_wconf 85' lang='grc' dir='ltr'>τῷ</span> <span class='ocrx_word' id='word_1_427' title='bbox 592 1504 656 1539; x_wconf 80' lang='grc' dir='ltr'>Οείῳ</span> <span class='ocrx_word' id='word_1_428' title='bbox 681 1505 733 1540; x_wconf 78' lang='grc' dir='ltr'>νεῲ</span> <span class='ocrx_word' id='word_1_429' title='bbox 747 1506 777 1532; x_wconf 85' lang='grc' dir='ltr'>τὺ</span> <span class='ocrx_word' id='word_1_430' title='bbox 794 1508 844 1542; x_wconf 82' lang='grc' dir='ltr'><strong>τῆς</strong></span> <span class='ocrx_word' id='word_1_431' title='bbox 857 1508 924 1534; x_wconf 80' lang='grc' dir='ltr'>ἀκο-</span> 
     </span>
    </p>
   </div>
   <div class='ocr_carea' id='block_1_59' title="bbox 133 1548 933 1586">
    <p class='ocr_par' dir='ltr' id='par_1_59' title="bbox 133 1548 933 1586">
     <span class='ocr_line' id='line_1_59' title="bbox 133 1548 933 1586; baseline 0.008 -12"><span class='ocrx_word' id='word_1_432' title='bbox 133 1549 239 1575; x_wconf 66' lang='grc' dir='ltr'>λάστου</span> <span class='ocrx_word' id='word_1_433' title='bbox 258 1548 385 1582; x_wconf 61' lang='grc' dir='ltr'>δαίμονος</span> <span class='ocrx_word' id='word_1_434' title='bbox 406 1550 521 1583; x_wconf 78' lang='grc' dir='ltr'>ἔστησεν</span> <span class='ocrx_word' id='word_1_435' title='bbox 538 1551 657 1585; x_wconf 79' lang='grc' dir='ltr'>ἄγαλμα.</span> <span class='ocrx_word' id='word_1_436' title='bbox 674 1552 711 1577; x_wconf 84' lang='grc' dir='ltr'>Ού</span> <span class='ocrx_word' id='word_1_437' title='bbox 741 1553 822 1586; x_wconf 75' lang='grc' dir='ltr'>μόνον</span> <span class='ocrx_word' id='word_1_438' title='bbox 846 1553 874 1579; x_wconf 76' lang='grc' dir='ltr'><strong>δὲ</strong></span> <span class='ocrx_word' id='word_1_439' title='bbox 894 1555 933 1580; x_wconf 80' lang='grc' dir='ltr'><strong>εξ-</strong></span> 
     </span>
    </p>
   </div>
   <div class='ocr_carea' id='block_1_60' title="bbox 133 1594 930 1634">
    <p class='ocr_par' dir='ltr' id='par_1_60' title="bbox 133 1594 930 1634">
     <span class='ocr_line' id='line_1_60' title="bbox 133 1594 930 1634; baseline 0.01 -14"><span class='ocrx_word' id='word_1_440' title='bbox 133 1595 236 1625; x_wconf 58' lang='lat' dir='ltr'><strong>eam;</strong></span> <span class='ocrx_word' id='word_1_441' title='bbox 262 1594 408 1629; x_wconf 79' lang='grc' dir='ltr'>ὲλάτρευεν</span> <span class='ocrx_word' id='word_1_442' title='bbox 431 1597 461 1621; x_wconf 81' lang='grc' dir='ltr'>ὲν</span> <span class='ocrx_word' id='word_1_443' title='bbox 492 1597 566 1622; x_wconf 78' lang='grc' dir='ltr'>ἔτεσι</span> <span class='ocrx_word' id='word_1_444' title='bbox 596 1599 767 1633; x_wconf 82' lang='grc' dir='ltr'>πεντήκοντα</span> <span class='ocrx_word' id='word_1_445' title='bbox 796 1601 843 1626; x_wconf 68' lang='grc' dir='ltr'>καὶ</span> <span class='ocrx_word' id='word_1_446' title='bbox 874 1601 930 1634; x_wconf 83' lang='grc' dir='ltr'>δύο,</span> 
     </span>
    </p>
   </div>
   <div class='ocr_carea' id='block_1_61' title="bbox 109 1639 932 1689">
    <p class='ocr_par' dir='ltr' id='par_1_61' title="bbox 109 1639 932 1689">
     <span class='ocr_line' id='line_1_61' title="bbox 109 1639 932 1689; baseline 0.006 -21"><span class='ocrx_word' id='word_1_447' title='bbox 109 1681 119 1689; x_wconf 52' lang='grc'><em>’</em></span> <span class='ocrx_word' id='word_1_448' title='bbox 132 1642 210 1668; x_wconf 71' lang='grc' dir='ltr'>ἀλλὰ</span> <span class='ocrx_word' id='word_1_449' title='bbox 227 1641 276 1668; x_wconf 70' lang='grc' dir='ltr'><strong>καὶ</strong></span> <span class='ocrx_word' id='word_1_450' title='bbox 300 1639 369 1676; x_wconf 77' lang='grc' dir='ltr'>αἷμα</span> <span class='ocrx_word' id='word_1_451' title='bbox 394 1642 484 1668; x_wconf 76' lang='grc' dir='ltr'>ἀθῶον</span> <span class='ocrx_word' id='word_1_452' title='bbox 503 1643 622 1678; x_wconf 73' lang='grc' dir='ltr'><strong>ἐξέχεεν,</strong></span> <span class='ocrx_word' id='word_1_453' title='bbox 638 1645 695 1671; x_wconf 72' lang='grc' dir='ltr'>εἴτε</span> <span class='ocrx_word' id='word_1_454' title='bbox 712 1647 862 1681; x_wconf 79' lang='grc' dir='ltr'>προφητῶν</span> <span class='ocrx_word' id='word_1_455' title='bbox 877 1648 932 1673; x_wconf 71' lang='grc' dir='ltr'>εἴτε</span> 
     </span>
    </p>
   </div>
   <div class='ocr_carea' id='block_1_62' title="bbox 133 1688 932 1721">
    <p class='ocr_par' dir='ltr' id='par_1_62' title="bbox 133 1688 932 1721">
     <span class='ocr_line' id='line_1_62' title="bbox 133 1688 932 1721; baseline 0.005 -6"><span class='ocrx_word' id='word_1_456' title='bbox 133 1689 188 1716; x_wconf 69' lang='grc' dir='ltr'>καὶ</span> <span class='ocrx_word' id='word_1_457' title='bbox 202 1688 290 1715; x_wconf 77' lang='grc' dir='ltr'>ἄλλων</span> <span class='ocrx_word' id='word_1_458' title='bbox 304 1688 384 1721; x_wconf 75' lang='grc' dir='ltr'>τινῶν</span> <span class='ocrx_word' id='word_1_459' title='bbox 396 1689 524 1717; x_wconf 79' lang='grc' dir='ltr'>εὐσεϐῶν.</span> <span class='ocrx_word' id='word_1_460' title='bbox 538 1690 591 1717; x_wconf 65' lang='grc' dir='ltr'><strong>Καὶ</strong></span> <span class='ocrx_word' id='word_1_461' title='bbox 608 1691 688 1717; x_wconf 74' lang='grc' dir='ltr'>αὐτὸν</span> <span class='ocrx_word' id='word_1_462' title='bbox 709 1691 737 1718; x_wconf 82' lang='grc' dir='ltr'><strong>δὲ</strong></span> <span class='ocrx_word' id='word_1_463' title='bbox 752 1692 798 1718; x_wconf 77' lang='grc' dir='ltr'><strong>τὸν</strong></span> <span class='ocrx_word' id='word_1_464' title='bbox 816 1693 932 1719; x_wconf 78' lang='grc' dir='ltr'>Ἡσαΐαν</span> 
     </span>
    </p>
   </div>
   <div class='ocr_carea' id='block_1_63' title="bbox 134 1734 932 1774">
    <p class='ocr_par' dir='ltr' id='par_1_63' title="bbox 134 1734 932 1774">
     <span class='ocr_line' id='line_1_63' title="bbox 134 1734 932 1774; baseline 0.006 -14"><span class='ocrx_word' id='word_1_465' title='bbox 134 1734 240 1769; x_wconf 76' lang='grc' dir='ltr'>ξυλίνῳ</span> <span class='ocrx_word' id='word_1_466' title='bbox 255 1734 363 1769; x_wconf 69' lang='grc' dir='ltr'>λέγουσι</span> <span class='ocrx_word' id='word_1_467' title='bbox 379 1736 476 1769; x_wconf 67' lang='grc' dir='ltr'>πρῐται</span> <span class='ocrx_word' id='word_1_468' title='bbox 493 1735 596 1770; x_wconf 83' lang='grc' dir='ltr'>πρίονι.</span> <span class='ocrx_word' id='word_1_469' title='bbox 615 1736 687 1771; x_wconf 85' lang='grc' dir='ltr'>Πλὴν</span> <span class='ocrx_word' id='word_1_470' title='bbox 702 1736 740 1768; x_wconf 75' lang='grc' dir='ltr'><strong>ὥς</strong></span> <span class='ocrx_word' id='word_1_471' title='bbox 757 1746 824 1772; x_wconf 87' lang='grc' dir='ltr'>φησι</span> <span class='ocrx_word' id='word_1_472' title='bbox 839 1739 932 1774; x_wconf 76' lang='grc' dir='ltr'>Γεώρ-</span> 
     </span>
    </p>
   </div>
   <div class='ocr_carea' id='block_1_64' title="bbox 132 1781 932 1819">
    <p class='ocr_par' dir='ltr' id='par_1_64' title="bbox 132 1781 932 1819">
     <span class='ocr_line' id='line_1_64' title="bbox 132 1781 932 1819; baseline 0.005 -12"><span class='ocrx_word' id='word_1_473' title='bbox 132 1790 213 1816; x_wconf 72' lang='grc' dir='ltr'>γιος,</span> <span class='ocrx_word' id='word_1_474' title='bbox 227 1781 356 1816; x_wconf 75' lang='grc' dir='ltr'>Μαροδὰχ</span> <span class='ocrx_word' id='word_1_475' title='bbox 372 1781 498 1816; x_wconf 68' lang='grc' dir='ltr'>βασιλεὺς</span> <span class='ocrx_word' id='word_1_476' title='bbox 521 1782 672 1816; x_wconf 75' lang='grc' dir='ltr'><strong>Ἀσσυρίων</strong></span> <span class='ocrx_word' id='word_1_477' title='bbox 687 1783 830 1818; x_wconf 79' lang='grc' dir='ltr'><strong>δεσμώτην</strong></span> <span class='ocrx_word' id='word_1_478' title='bbox 846 1785 932 1819; x_wconf 74' lang='grc' dir='ltr'>ἤγαγε</span> 
     </span>
    </p>
   </div>
   <div class='ocr_carea' id='block_1_65' title="bbox 131 1828 932 1866">
    <p class='ocr_par' dir='ltr' id='par_1_65' title="bbox 131 1828 932 1866">
     <span class='ocr_line' id='line_1_65' title="bbox 131 1828 932 1866; baseline 0.004 -11"><span class='ocrx_word' id='word_1_479' title='bbox 131 1830 187 1856; x_wconf 77' lang='grc' dir='ltr'>τὸν</span> <span class='ocrx_word' id='word_1_480' title='bbox 211 1829 372 1863; x_wconf 73' lang='grc' dir='ltr'>Μανασσῆν,</span> <span class='ocrx_word' id='word_1_481' title='bbox 393 1837 440 1855; x_wconf 74' lang='grc' dir='ltr'><strong>και</strong></span> <span class='ocrx_word' id='word_1_482' title='bbox 465 1828 555 1863; x_wconf 70' lang='grc' dir='ltr'>βαλὼν</span> <span class='ocrx_word' id='word_1_483' title='bbox 580 1831 609 1860; x_wconf 75' lang='grc' dir='ltr'>ἐν</span> <span class='ocrx_word' id='word_1_484' title='bbox 629 1830 739 1865; x_wconf 81' lang='grc' dir='ltr'>φυλακῇ</span> <span class='ocrx_word' id='word_1_485' title='bbox 761 1830 836 1866; x_wconf 62' lang='grc' dir='ltr'>ἄρτῳ</span> <span class='ocrx_word' id='word_1_486' title='bbox 855 1840 932 1858; x_wconf 79' lang='grc' dir='ltr'>πιτυ-</span> 
     </span>
    </p>
   </div>
   <div class='ocr_carea' id='block_1_66' title="bbox 130 1874 932 1911">
    <p class='ocr_par' dir='ltr' id='par_1_66' title="bbox 130 1874 932 1911">
     <span class='ocr_line' id='line_1_66' title="bbox 130 1874 932 1911; baseline 0.005 -10"><span class='ocrx_word' id='word_1_487' title='bbox 130 1876 209 1911; x_wconf 81' lang='grc' dir='ltr'>ρίνῳ</span> <span class='ocrx_word' id='word_1_488' title='bbox 226 1875 274 1901; x_wconf 54' lang='grc' dir='ltr'><strong>καὶ</strong></span> <span class='ocrx_word' id='word_1_489' title='bbox 289 1874 365 1901; x_wconf 70' lang='grc' dir='ltr'>ὕδατι</span> <span class='ocrx_word' id='word_1_490' title='bbox 381 1877 429 1902; x_wconf 67' lang='grc' dir='ltr'><strong>σὺν</strong></span> <span class='ocrx_word' id='word_1_491' title='bbox 444 1875 499 1907; x_wconf 59' lang='lat' dir='ltr'><strong>eis:</strong></span> <span class='ocrx_word' id='word_1_492' title='bbox 513 1876 636 1911; x_wconf 67' lang='grc' dir='ltr'>ἔτρεφεν.</span> <span class='ocrx_word' id='word_1_493' title='bbox 665 1876 708 1908; x_wconf 78' lang='grc' dir='ltr'><strong>Ὠς</strong></span> <span class='ocrx_word' id='word_1_494' title='bbox 728 1877 815 1904; x_wconf 75' lang='grc' dir='ltr'>δὲκαὶ</span> <span class='ocrx_word' id='word_1_495' title='bbox 831 1878 844 1904; x_wconf 84' lang='grc' dir='ltr'>ὁ</span> <span class='ocrx_word' id='word_1_496' title='bbox 861 1877 932 1904; x_wconf 52' lang='lat' dir='ltr'><strong>om.</strong></span> 
     </span>
    </p>
   </div>
   <div class='ocr_carea' id='block_1_67' title="bbox 130 1921 933 1956">
    <p class='ocr_par' dir='ltr' id='par_1_67' title="bbox 130 1921 933 1956">
     <span class='ocr_line' id='line_1_67' title="bbox 130 1921 933 1956; baseline 0.004 -10"><span class='ocrx_word' id='word_1_497' title='bbox 130 1921 223 1951; x_wconf 76' lang='grc' dir='ltr'>τατός</span> <span class='ocrx_word' id='word_1_498' title='bbox 237 1929 320 1955; x_wconf 76' lang='grc' dir='ltr'>φησιν</span> <span class='ocrx_word' id='word_1_499' title='bbox 338 1921 524 1952; x_wconf 71' lang='grc' dir='ltr'>’Λναστάσιος,</span> <span class='ocrx_word' id='word_1_500' title='bbox 545 1921 575 1953; x_wconf 72' lang='grc' dir='ltr'><strong>ἐξ</strong></span> <span class='ocrx_word' id='word_1_501' title='bbox 591 1922 739 1956; x_wconf 75' lang='grc' dir='ltr'>ἱστορικῶν</span> <span class='ocrx_word' id='word_1_502' title='bbox 754 1931 836 1949; x_wconf 88' lang='grc' dir='ltr'>τινων</span> <span class='ocrx_word' id='word_1_503' title='bbox 853 1922 933 1950; x_wconf 76' lang='grc' dir='ltr'>τοῦτο</span> 
     </span>
    </p>
   </div>
   <div class='ocr_carea' id='block_1_68' title="bbox 130 1967 934 2004">
    <p class='ocr_par' dir='ltr' id='par_1_68' title="bbox 130 1967 934 2004">
     <span class='ocr_line' id='line_1_68' title="bbox 130 1967 934 2004; baseline 0.006 -13"><span class='ocrx_word' id='word_1_504' title='bbox 130 1967 250 2002; x_wconf 81' lang='grc' dir='ltr'>μαθὼν,</span> <span class='ocrx_word' id='word_1_505' title='bbox 267 1967 312 1992; x_wconf 77' lang='grc' dir='ltr'>καὶ</span> <span class='ocrx_word' id='word_1_506' title='bbox 332 1967 421 2002; x_wconf 72' lang='grc' dir='ltr'><strong>ζωδὶῳ</strong></span> <span class='ocrx_word' id='word_1_507' title='bbox 444 1967 538 2002; x_wconf 83' lang='grc' dir='ltr'>χαλκῷ</span> <span class='ocrx_word' id='word_1_508' title='bbox 555 1969 630 2002; x_wconf 78' lang='grc' dir='ltr'>παρὰ</span> <span class='ocrx_word' id='word_1_509' title='bbox 656 1969 703 1995; x_wconf 85' lang='grc' dir='ltr'>τοῦ</span> <span class='ocrx_word' id='word_1_510' title='bbox 731 1969 864 2004; x_wconf 78' lang='grc' dir='ltr'>βασιλέως</span> <span class='ocrx_word' id='word_1_511' title='bbox 884 1970 934 1996; x_wconf 79' lang='grc' dir='ltr'><strong>Βα-</strong></span> 
     </span>
    </p>
   </div>
   <div class='ocr_carea' id='block_1_69' title="bbox 128 2012 932 2047">
    <p class='ocr_par' dir='ltr' id='par_1_69' title="bbox 128 2012 932 2047">
     <span class='ocr_line' id='line_1_69' title="bbox 128 2012 932 2047; baseline 0.001 -7"><span class='ocrx_word' id='word_1_512' title='bbox 128 2013 263 2044; x_wconf 71' lang='grc' dir='ltr'>ϐυλῶνος</span> <span class='ocrx_word' id='word_1_513' title='bbox 287 2012 471 2046; x_wconf 68' lang='grc' dir='ltr'>ἐμϐάλλεται·</span> <span class='ocrx_word' id='word_1_514' title='bbox 499 2013 558 2039; x_wconf 83' lang='grc' dir='ltr'>ἀλλ’</span> <span class='ocrx_word' id='word_1_515' title='bbox 586 2013 659 2040; x_wconf 73' lang='grc' dir='ltr'>ἔνδον</span> <span class='ocrx_word' id='word_1_516' title='bbox 689 2013 736 2040; x_wconf 81' lang='grc' dir='ltr'>τοῦ</span> <span class='ocrx_word' id='word_1_517' title='bbox 770 2015 868 2047; x_wconf 68' lang='grc' dir='ltr'>ζωδίου</span> <span class='ocrx_word' id='word_1_518' title='bbox 894 2015 932 2041; x_wconf 78' lang='grc' dir='ltr'>ὢν</span> 
     </span>
    </p>
   </div>
   <div class='ocr_carea' id='block_1_70' title="bbox 125 2058 933 2096">
    <p class='ocr_par' dir='ltr' id='par_1_70' title="bbox 125 2058 933 2096">
     <span class='ocr_line' id='line_1_70' title="bbox 125 2058 933 2096; baseline 0.002 -10"><span class='ocrx_word' id='word_1_519' title='bbox 125 2061 250 2093; x_wconf 73' lang='grc' dir='ltr'>ἐπέγνω</span> <span class='ocrx_word' id='word_1_520' title='bbox 278 2067 307 2084; x_wconf 81' lang='grc' dir='ltr'><strong>τε</strong></span> <span class='ocrx_word' id='word_1_521' title='bbox 331 2058 375 2084; x_wconf 69' lang='grc' dir='ltr'>τὸν</span> <span class='ocrx_word' id='word_1_522' title='bbox 391 2058 457 2085; x_wconf 79' lang='grc' dir='ltr'>Θεὸν</span> <span class='ocrx_word' id='word_1_523' title='bbox 475 2059 522 2084; x_wconf 81' lang='grc' dir='ltr'><strong>καὶ</strong></span> <span class='ocrx_word' id='word_1_524' title='bbox 537 2059 586 2094; x_wconf 82' lang='grc' dir='ltr'>τὴν</span> <span class='ocrx_word' id='word_1_525' title='bbox 601 2060 673 2095; x_wconf 84' lang='grc' dir='ltr'>ᾠδὴν</span> <span class='ocrx_word' id='word_1_526' title='bbox 689 2060 816 2095; x_wconf 69' lang='grc' dir='ltr'>ἔψαλλεν.</span> <span class='ocrx_word' id='word_1_527' title='bbox 838 2061 895 2095; x_wconf 81' lang='grc' dir='ltr'><strong>Ἐφ’</strong></span> <span class='ocrx_word' id='word_1_528' title='bbox 911 2058 933 2096; x_wconf 83' lang='grc' dir='ltr'>ᾧ</span> 
     </span>
    </p>
   </div>
   <div class='ocr_carea' id='block_1_71' title="bbox 982 1458 1772 1496">
    <p class='ocr_par' dir='ltr' id='par_1_71' title="bbox 982 1458 1772 1496">
     <span class='ocr_line' id='line_1_71' title="bbox 982 1458 1772 1496; baseline -0.006 -7"><span class='ocrx_word' id='word_1_529' title='bbox 982 1463 1064 1490; x_wconf 87' lang='lat' dir='ltr'><strong>etiam</strong></span> <span class='ocrx_word' id='word_1_530' title='bbox 1079 1463 1267 1496; x_wconf 85' lang='lat' dir='ltr'><strong>ventriloquos</strong></span> <span class='ocrx_word' id='word_1_531' title='bbox 1282 1460 1403 1488; x_wconf 85' lang='lat' dir='ltr'><strong>instituit</strong></span> <span class='ocrx_word' id='word_1_532' title='bbox 1416 1465 1443 1487; x_wconf 93' lang='lat' dir='ltr'><strong>et</strong></span> <span class='ocrx_word' id='word_1_533' title='bbox 1455 1463 1614 1493; x_wconf 76' lang='lat' dir='ltr'><strong>gnostarum</strong></span> <span class='ocrx_word' id='word_1_534' title='bbox 1629 1458 1688 1485; x_wconf 82' lang='lat' dir='ltr'><strong>sive</strong></span> <span class='ocrx_word' id='word_1_535' title='bbox 1701 1458 1772 1485; x_wconf 81' lang='lat' dir='ltr'><strong>divi—</strong></span> 
     </span>
    </p>
   </div>
   <div class='ocr_carea' id='block_1_72' title="bbox 983 1505 1774 1541">
    <p class='ocr_par' dir='ltr' id='par_1_72' title="bbox 983 1505 1774 1541">
     <span class='ocr_line' id='line_1_72' title="bbox 983 1505 1774 1541; baseline -0.009 -5"><span class='ocrx_word' id='word_1_536' title='bbox 983 1515 1112 1537; x_wconf 87' lang='lat' dir='ltr'><strong>natortnn</strong></span> <span class='ocrx_word' id='word_1_537' title='bbox 1131 1516 1278 1536; x_wconf 85' lang='lat' dir='ltr'><strong>numerum</strong></span> <span class='ocrx_word' id='word_1_538' title='bbox 1304 1508 1399 1538; x_wconf 78' lang='lat' dir='ltr'><strong>auxit;</strong></span> <span class='ocrx_word' id='word_1_539' title='bbox 1425 1506 1552 1541; x_wconf 81' lang='lat' dir='ltr'><strong>quodque</strong></span> <span class='ocrx_word' id='word_1_540' title='bbox 1569 1505 1690 1531; x_wconf 89' lang='lat' dir='ltr'><strong>omnium</strong></span> <span class='ocrx_word' id='word_1_541' title='bbox 1715 1512 1774 1530; x_wconf 76' lang='lat' dir='ltr'><strong>ma-</strong></span> 
     </span>
    </p>
   </div>
   <div class='ocr_carea' id='block_1_73' title="bbox 983 1551 1773 1590">
    <p class='ocr_par' dir='ltr' id='par_1_73' title="bbox 983 1551 1773 1590">
     <span class='ocr_line' id='line_1_73' title="bbox 983 1551 1773 1590; baseline -0.011 -6"><span class='ocrx_word' id='word_1_542' title='bbox 983 1557 1055 1584; x_wconf 81' lang='lat' dir='ltr'><strong>xime</strong></span> <span class='ocrx_word' id='word_1_543' title='bbox 1074 1556 1186 1590; x_wconf 92' lang='lat' dir='ltr'><strong>impium</strong></span> <span class='ocrx_word' id='word_1_544' title='bbox 1213 1559 1282 1587; x_wconf 89' lang='lat' dir='ltr'><strong>erat,</strong></span> <span class='ocrx_word' id='word_1_545' title='bbox 1299 1553 1444 1588; x_wconf 64' lang='lat' dir='ltr'><strong>impudicae</strong></span> <span class='ocrx_word' id='word_1_546' title='bbox 1461 1552 1517 1578; x_wconf 88' lang='lat' dir='ltr'><strong>de:e</strong></span> <span class='ocrx_word' id='word_1_547' title='bbox 1536 1551 1714 1578; x_wconf 66' lang='lat' dir='ltr'><strong>simulacrum</strong></span> <span class='ocrx_word' id='word_1_548' title='bbox 1731 1551 1773 1576; x_wconf 56' lang='lat' dir='ltr'><strong>«li—</strong></span> 
     </span>
    </p>
   </div>
   <div class='ocr_carea' id='block_1_74' title="bbox 981 1596 1774 1636">
    <p class='ocr_par' dir='ltr' id='par_1_74' title="bbox 981 1596 1774 1636">
     <span class='ocr_line' id='line_1_74' title="bbox 981 1596 1774 1636; baseline -0.013 -6"><span class='ocrx_word' id='word_1_549' title='bbox 981 1603 1046 1630; x_wconf 79' lang='lat' dir='ltr'><strong>vino</strong></span> <span class='ocrx_word' id='word_1_550' title='bbox 1061 1602 1088 1629; x_wconf 91' lang='lat' dir='ltr'><strong>in</strong></span> <span class='ocrx_word' id='word_1_551' title='bbox 1104 1602 1206 1636; x_wconf 88' lang='lat' dir='ltr'><strong>templo</strong></span> <span class='ocrx_word' id='word_1_552' title='bbox 1224 1600 1329 1628; x_wconf 72' lang='lat' dir='ltr'><strong>statuit.</strong></span> <span class='ocrx_word' id='word_1_553' title='bbox 1346 1598 1439 1633; x_wconf 80' lang='lat' dir='ltr'><strong>Neque</strong></span> <span class='ocrx_word' id='word_1_554' title='bbox 1454 1601 1560 1624; x_wconf 87' lang='lat' dir='ltr'><strong>tantum</strong></span> <span class='ocrx_word' id='word_1_555' title='bbox 1572 1597 1695 1623; x_wconf 71' lang='lat' dir='ltr'><strong>thﬂSll‘OS</strong></span> <span class='ocrx_word' id='word_1_556' title='bbox 1711 1596 1774 1621; x_wconf 81' lang='lat' dir='ltr'><strong>reli—</strong></span> 
     </span>
    </p>
   </div>
   <div class='ocr_carea' id='block_1_75' title="bbox 983 1644 1771 1685">
    <p class='ocr_par' dir='ltr' id='par_1_75' title="bbox 983 1644 1771 1685">
     <span class='ocr_line' id='line_1_75' title="bbox 983 1644 1771 1685; baseline -0.011 -9"><span class='ocrx_word' id='word_1_557' title='bbox 983 1649 1057 1685; x_wconf 75' lang='lat' dir='ltr'><strong>giose</strong></span> <span class='ocrx_word' id='word_1_558' title='bbox 1068 1648 1151 1674; x_wconf 86' lang='lat' dir='ltr'><strong>coluit</strong></span> <span class='ocrx_word' id='word_1_559' title='bbox 1167 1651 1237 1674; x_wconf 88' lang='lat' dir='ltr'><strong>lotos</strong></span> <span class='ocrx_word' id='word_1_560' title='bbox 1251 1645 1447 1681; x_wconf 72' lang='lat' dir='ltr'><strong>quinquaginta</strong></span> <span class='ocrx_word' id='word_1_561' title='bbox 1463 1644 1531 1670; x_wconf 86' lang='lat' dir='ltr'><strong>duos</strong></span> <span class='ocrx_word' id='word_1_562' title='bbox 1545 1649 1642 1674; x_wconf 71' lang='lat' dir='ltr'><strong>annos,</strong></span> <span class='ocrx_word' id='word_1_563' title='bbox 1672 1649 1771 1668; x_wconf 85' lang='lat' dir='ltr'><strong>verum</strong></span> 
     </span>
    </p>
   </div>
   <div class='ocr_carea' id='block_1_76' title="bbox 982 1691 1773 1729">
    <p class='ocr_par' dir='ltr' id='par_1_76' title="bbox 982 1691 1773 1729">
     <span class='ocr_line' id='line_1_76' title="bbox 982 1691 1773 1729; baseline -0.013 -6"><span class='ocrx_word' id='word_1_564' title='bbox 982 1696 1063 1723; x_wconf 89' lang='lat' dir='ltr'><strong>etiam</strong></span> <span class='ocrx_word' id='word_1_565' title='bbox 1105 1695 1265 1729; x_wconf 78' lang='lat' dir='ltr'><strong>sanguinem</strong></span> <span class='ocrx_word' id='word_1_566' title='bbox 1313 1691 1455 1719; x_wconf 75' lang='lat' dir='ltr'><strong>innoxium</strong></span> <span class='ocrx_word' id='word_1_567' title='bbox 1488 1695 1541 1716; x_wconf 81' lang='lat' dir='ltr'><strong>tam</strong></span> <span class='ocrx_word' id='word_1_568' title='bbox 1572 1694 1664 1715; x_wconf 82' lang='lat' dir='ltr'><strong>vatum</strong></span> <span class='ocrx_word' id='word_1_569' title='bbox 1692 1695 1773 1722; x_wconf 88' lang='lat' dir='ltr'><strong>quam</strong></span> 
     </span>
    </p>
   </div>
   <div class='ocr_carea' id='block_1_77' title="bbox 982 1733 1773 1775">
    <p class='ocr_par' dir='ltr' id='par_1_77' title="bbox 982 1733 1773 1775">
     <span class='ocr_line' id='line_1_77' title="bbox 982 1733 1773 1775; baseline -0.013 -6"><span class='ocrx_word' id='word_1_570' title='bbox 982 1742 1098 1769; x_wconf 86' lang='lat' dir='ltr'><strong>aliorum</strong></span> <span class='ocrx_word' id='word_1_571' title='bbox 1116 1740 1293 1775; x_wconf 84' lang='lat' dir='ltr'><strong>quorumdam</strong></span> <span class='ocrx_word' id='word_1_572' title='bbox 1309 1739 1417 1773; x_wconf 85' lang='lat' dir='ltr'><strong>piorum</strong></span> <span class='ocrx_word' id='word_1_573' title='bbox 1434 1736 1575 1763; x_wconf 88' lang='lat' dir='ltr'><strong>hominum</strong></span> <span class='ocrx_word' id='word_1_574' title='bbox 1594 1734 1674 1762; x_wconf 77' lang='lat' dir='ltr'><strong>fudit.</strong></span> <span class='ocrx_word' id='word_1_575' title='bbox 1701 1733 1773 1766; x_wconf 82' lang='lat' dir='ltr'><strong>Quin</strong></span> 
     </span>
    </p>
   </div>
   <div class='ocr_carea' id='block_1_78' title="bbox 984 1781 1774 1822">
    <p class='ocr_par' dir='ltr' id='par_1_78' title="bbox 984 1781 1774 1822">
     <span class='ocr_line' id='line_1_78' title="bbox 984 1781 1774 1822; baseline -0.011 -7"><span class='ocrx_word' id='word_1_576' title='bbox 984 1793 1011 1815; x_wconf 87' lang='lat' dir='ltr'><strong>et</strong></span> <span class='ocrx_word' id='word_1_577' title='bbox 1027 1788 1116 1822; x_wconf 90' lang='lat' dir='ltr'><strong>ipsum</strong></span> <span class='ocrx_word' id='word_1_578' title='bbox 1131 1786 1229 1813; x_wconf 86' lang='lat' dir='ltr'><strong>lsaiam</strong></span> <span class='ocrx_word' id='word_1_579' title='bbox 1248 1784 1394 1819; x_wconf 88' lang='lat' dir='ltr'><strong>perhibent</strong></span> <span class='ocrx_word' id='word_1_580' title='bbox 1415 1783 1448 1810; x_wconf 91' lang='lat' dir='ltr'><strong>ab</strong></span> <span class='ocrx_word' id='word_1_581' title='bbox 1465 1790 1498 1809; x_wconf 91' lang='lat' dir='ltr'><strong>eo</strong></span> <span class='ocrx_word' id='word_1_582' title='bbox 1518 1789 1593 1809; x_wconf 84' lang='lat' dir='ltr'><strong>serra</strong></span> <span class='ocrx_word' id='word_1_583' title='bbox 1609 1781 1697 1816; x_wconf 76' lang='lat' dir='ltr'><strong>lignea</strong></span> <span class='ocrx_word' id='word_1_584' title='bbox 1714 1781 1757 1807; x_wconf 89' lang='lat' dir='ltr'><strong>dis</strong></span> <span class='ocrx_word' id='word_1_585' title='bbox 1771 1794 1774 1797; x_wconf 91' lang='lat'><em>-</em></span> 
     </span>
    </p>
   </div>
   <div class='ocr_carea' id='block_1_79' title="bbox 983 1827 1776 1863">
    <p class='ocr_par' dir='ltr' id='par_1_79' title="bbox 983 1827 1776 1863">
     <span class='ocr_line' id='line_1_79' title="bbox 983 1827 1776 1863; baseline -0.013 -2"><span class='ocrx_word' id='word_1_586' title='bbox 983 1838 1089 1861; x_wconf 88' lang='lat' dir='ltr'><strong>sectum</strong></span> <span class='ocrx_word' id='word_1_587' title='bbox 1107 1840 1176 1860; x_wconf 87' lang='lat' dir='ltr'><strong>esse.</strong></span> <span class='ocrx_word' id='word_1_588' title='bbox 1205 1831 1258 1858; x_wconf 82' lang='lat' dir='ltr'><strong>Sed</strong></span> <span class='ocrx_word' id='word_1_589' title='bbox 1277 1830 1403 1862; x_wconf 60' lang='lat' dir='ltr'><strong>tandem,</strong></span> <span class='ocrx_word' id='word_1_590' title='bbox 1419 1833 1448 1855; x_wconf 90' lang='lat' dir='ltr'><strong>ut</strong></span> <span class='ocrx_word' id='word_1_591' title='bbox 1463 1827 1596 1863; x_wconf 74' lang='lat' dir='ltr'><strong>Georgius</strong></span> <span class='ocrx_word' id='word_1_592' title='bbox 1612 1831 1706 1853; x_wconf 84' lang='lat' dir='ltr'><strong>auctor</strong></span> <span class='ocrx_word' id='word_1_593' title='bbox 1720 1829 1776 1857; x_wconf 76' lang='lat' dir='ltr'><strong>est,—</strong></span> 
     </span>
    </p>
   </div>
   <div class='ocr_carea' id='block_1_80' title="bbox 984 1874 1772 1912">
    <p class='ocr_par' dir='ltr' id='par_1_80' title="bbox 984 1874 1772 1912">
     <span class='ocr_line' id='line_1_80' title="bbox 984 1874 1772 1912; baseline -0.011 -5"><span class='ocrx_word' id='word_1_594' title='bbox 984 1878 1167 1907; x_wconf 81' lang='lat' dir='ltr'><strong>Marodachus</strong></span> <span class='ocrx_word' id='word_1_595' title='bbox 1183 1885 1232 1904; x_wconf 78' lang='lat' dir='ltr'><strong>rex</strong></span> <span class='ocrx_word' id='word_1_596' title='bbox 1249 1874 1426 1912; x_wconf 80' lang='lat' dir='ltr'><strong>Assyriorum</strong></span> <span class='ocrx_word' id='word_1_597' title='bbox 1443 1874 1594 1901; x_wconf 78' lang='lat' dir='ltr'><strong>Manassen)</strong></span> <span class='ocrx_word' id='word_1_598' title='bbox 1610 1874 1644 1900; x_wconf 86' lang='lat' dir='ltr'><strong>ab</strong></span> <span class='ocrx_word' id='word_1_599' title='bbox 1669 1881 1698 1900; x_wconf 87' lang='lat' dir='ltr'><strong>se</strong></span> <span class='ocrx_word' id='word_1_600' title='bbox 1726 1880 1772 1899; x_wconf 83' lang='lat' dir='ltr'><strong>ca-</strong></span> 
     </span>
    </p>
   </div>
   <div class='ocr_carea' id='block_1_81' title="bbox 984 1918 1774 1960">
    <p class='ocr_par' dir='ltr' id='par_1_81' title="bbox 984 1918 1774 1960">
     <span class='ocr_line' id='line_1_81' title="bbox 984 1918 1774 1960; baseline -0.011 -8"><span class='ocrx_word' id='word_1_601' title='bbox 984 1930 1062 1960; x_wconf 87' lang='lat' dir='ltr'><strong>ptum</strong></span> <span class='ocrx_word' id='word_1_602' title='bbox 1079 1929 1107 1951; x_wconf 87' lang='lat' dir='ltr'><strong>et</strong></span> <span class='ocrx_word' id='word_1_603' title='bbox 1126 1924 1153 1950; x_wconf 89' lang='lat' dir='ltr'><strong>in</strong></span> <span class='ocrx_word' id='word_1_604' title='bbox 1169 1923 1279 1951; x_wconf 88' lang='lat' dir='ltr'><strong>vincula</strong></span> <span class='ocrx_word' id='word_1_605' title='bbox 1295 1921 1451 1955; x_wconf 77' lang='lat' dir='ltr'><strong>conjectum</strong></span> <span class='ocrx_word' id='word_1_606' title='bbox 1470 1919 1593 1952; x_wconf 79' lang='lat' dir='ltr'><strong>abduxit,</strong></span> <span class='ocrx_word' id='word_1_607' title='bbox 1610 1926 1641 1945; x_wconf 88' lang='lat' dir='ltr'><strong>ae</strong></span> <span class='ocrx_word' id='word_1_608' title='bbox 1656 1926 1724 1953; x_wconf 91' lang='lat' dir='ltr'><strong>pane</strong></span> <span class='ocrx_word' id='word_1_609' title='bbox 1741 1918 1774 1944; x_wconf 80' lang='lat' dir='ltr'><strong>de</strong></span> 
     </span>
    </p>
   </div>
   <div class='ocr_carea' id='block_1_82' title="bbox 984 1964 1775 2002">
    <p class='ocr_par' dir='ltr' id='par_1_82' title="bbox 984 1964 1775 2002">
     <span class='ocr_line' id='line_1_82' title="bbox 984 1964 1775 2002; baseline -0.01 -4"><span class='ocrx_word' id='word_1_610' title='bbox 984 1970 1090 1999; x_wconf 80' lang='lat' dir='ltr'><strong>furfure</strong></span> <span class='ocrx_word' id='word_1_611' title='bbox 1104 1969 1230 1997; x_wconf 79' lang='lat' dir='ltr'><strong>confecto</strong></span> <span class='ocrx_word' id='word_1_612' title='bbox 1244 1973 1271 1996; x_wconf 86' lang='lat' dir='ltr'><strong>et</strong></span> <span class='ocrx_word' id='word_1_613' title='bbox 1284 1975 1355 2002; x_wconf 84' lang='lat' dir='ltr'><strong>aqua</strong></span> <span class='ocrx_word' id='word_1_614' title='bbox 1371 1971 1449 1994; x_wconf 87' lang='lat' dir='ltr'><strong>aceto</strong></span> <span class='ocrx_word' id='word_1_615' title='bbox 1463 1966 1593 2001; x_wconf 87' lang='lat' dir='ltr'><strong>permista</strong></span> <span class='ocrx_word' id='word_1_616' title='bbox 1604 1965 1682 1991; x_wconf 87' lang='lat' dir='ltr'><strong>aluit.</strong></span> <span class='ocrx_word' id='word_1_617' title='bbox 1698 1964 1775 1990; x_wconf 67' lang='lat' dir='ltr'><strong>Pran-</strong></span> 
     </span>
    </p>
   </div>
   <div class='ocr_carea' id='block_1_83' title="bbox 985 2013 1773 2044">
    <p class='ocr_par' dir='ltr' id='par_1_83' title="bbox 985 2013 1773 2044">
     <span class='ocr_line' id='line_1_83' title="bbox 985 2013 1773 2044; baseline -0.01 0"><span class='ocrx_word' id='word_1_618' title='bbox 985 2023 1060 2044; x_wconf 88' lang='lat' dir='ltr'><strong>terca</strong></span> <span class='ocrx_word' id='word_1_619' title='bbox 1078 2016 1189 2044; x_wconf 88' lang='lat' dir='ltr'><strong>divinus</strong></span> <span class='ocrx_word' id='word_1_620' title='bbox 1203 2015 1248 2042; x_wconf 87' lang='lat' dir='ltr'><strong>ille</strong></span> <span class='ocrx_word' id='word_1_621' title='bbox 1263 2013 1426 2041; x_wconf 83' lang='lat' dir='ltr'><strong>Anastasius</strong></span> <span class='ocrx_word' id='word_1_622' title='bbox 1439 2014 1648 2044; x_wconf 85' lang='lat' dir='ltr'><strong>commemorat,</strong></span> <span class='ocrx_word' id='word_1_623' title='bbox 1661 2014 1773 2044; x_wconf 87' lang='lat' dir='ltr'><strong>accepta</strong></span> 
     </span>
    </p>
   </div>
   <div class='ocr_carea' id='block_1_84' title="bbox 987 2057 1773 2096">
    <p class='ocr_par' dir='ltr' id='par_1_84' title="bbox 987 2057 1773 2096">
     <span class='ocr_line' id='line_1_84' title="bbox 987 2057 1773 2096; baseline -0.009 -7"><span class='ocrx_word' id='word_1_624' title='bbox 987 2062 1058 2089; x_wconf 86' lang='lat' dir='ltr'><strong>haud</strong></span> <span class='ocrx_word' id='word_1_625' title='bbox 1077 2062 1160 2089; x_wconf 88' lang='lat' dir='ltr'><strong>dubie</strong></span> <span class='ocrx_word' id='word_1_626' title='bbox 1185 2059 1342 2096; x_wconf 86' lang='lat' dir='ltr'><strong>bujnsmodi</strong></span> <span class='ocrx_word' id='word_1_627' title='bbox 1371 2058 1530 2085; x_wconf 83' lang='lat' dir='ltr'><strong>narratione</strong></span> <span class='ocrx_word' id='word_1_628' title='bbox 1556 2057 1718 2092; x_wconf 80' lang='lat' dir='ltr'><strong>quibusdam</strong></span> <span class='ocrx_word' id='word_1_629' title='bbox 1741 2064 1773 2083; x_wconf 84' lang='lat' dir='ltr'><strong>ex</strong></span> 
     </span>
    </p>
   </div>
   <div class='ocr_carea' id='block_1_85' title="bbox 125 2102 928 2140">
    <p class='ocr_par' dir='ltr' id='par_1_85' title="bbox 125 2102 928 2140">
     <span class='ocr_line' id='line_1_85' title="bbox 125 2102 928 2140; baseline 0.004 -10"><span class='ocrx_word' id='word_1_630' title='bbox 125 2105 184 2130; x_wconf 71' lang='grc' dir='ltr'>καὶ</span> <span class='ocrx_word' id='word_1_631' title='bbox 199 2103 316 2135; x_wconf 82' lang='grc' dir='ltr'>δυνάμει</span> <span class='ocrx_word' id='word_1_632' title='bbox 335 2102 394 2137; x_wconf 72' lang='grc' dir='ltr'>θείᾳ</span> <span class='ocrx_word' id='word_1_633' title='bbox 411 2103 545 2139; x_wconf 74' lang='grc' dir='ltr'>διερῤάγη</span> <span class='ocrx_word' id='word_1_634' title='bbox 570 2105 600 2130; x_wconf 80' lang='grc' dir='ltr'><strong>τὸ</strong></span> <span class='ocrx_word' id='word_1_635' title='bbox 615 2104 736 2136; x_wconf 79' lang='grc' dir='ltr'>εἴδωλον,</span> <span class='ocrx_word' id='word_1_636' title='bbox 751 2106 798 2132; x_wconf 72' lang='grc' dir='ltr'><strong>καὶ</strong></span> <span class='ocrx_word' id='word_1_637' title='bbox 815 2106 928 2140; x_wconf 68' lang='grc' dir='ltr'>ἄγγελος</span> 
     </span>
    </p>
   </div>
   <div class='ocr_carea' id='block_1_86' title="bbox 982 2102 1774 2140">
    <p class='ocr_par' dir='ltr' id='par_1_86' title="bbox 984 2102 1774 2138">
     <span class='ocr_line' id='line_1_86' title="bbox 984 2102 1774 2138; baseline -0.009 -4"><span class='ocrx_word' id='word_1_638' title='bbox 984 2107 1134 2138; x_wconf 85' lang='lat' dir='ltr'><strong>historicis,</strong></span> <span class='ocrx_word' id='word_1_639' title='bbox 1158 2106 1310 2133; x_wconf 86' lang='lat' dir='ltr'><strong>lllanassem</strong></span> <span class='ocrx_word' id='word_1_640' title='bbox 1328 2105 1355 2131; x_wconf 88' lang='lat' dir='ltr'><strong>in</strong></span> <span class='ocrx_word' id='word_1_641' title='bbox 1368 2104 1471 2131; x_wconf 87' lang='lat' dir='ltr'><strong>animal</strong></span> <span class='ocrx_word' id='word_1_642' title='bbox 1484 2103 1620 2138; x_wconf 84' lang='lat' dir='ltr'><strong>quoddam</strong></span> <span class='ocrx_word' id='word_1_643' title='bbox 1638 2102 1774 2129; x_wconf 82' lang='lat' dir='ltr'><strong>ahenenm</strong></span> 
     </span>
    </p>
   </div>
   <div class='ocr_carea' id='block_1_87' title="bbox 123 2149 958 2187">
    <p class='ocr_par' dir='ltr' id='par_1_87' title="bbox 123 2149 958 2187">
     <span class='ocr_line' id='line_1_87' title="bbox 123 2149 958 2187; baseline 0.002 -11"><span class='ocrx_word' id='word_1_644' title='bbox 123 2149 245 2184; x_wconf 76' lang='grc' dir='ltr'>Κυρίου</span> <span class='ocrx_word' id='word_1_645' title='bbox 260 2150 417 2184; x_wconf 77' lang='grc' dir='ltr'>κατήγαγεν</span> <span class='ocrx_word' id='word_1_646' title='bbox 428 2150 509 2176; x_wconf 79' lang='grc' dir='ltr'>αὑτὸν</span> <span class='ocrx_word' id='word_1_647' title='bbox 524 2151 562 2181; x_wconf 77' lang='grc' dir='ltr'><strong>εἰς</strong></span> <span class='ocrx_word' id='word_1_648' title='bbox 581 2150 766 2185; x_wconf 74' lang='grc' dir='ltr'>Ἰεροσόλυμα.</span> <span class='ocrx_word' id='word_1_649' title='bbox 784 2152 837 2178; x_wconf 77' lang='grc' dir='ltr'><strong>Καὶ</strong></span> <span class='ocrx_word' id='word_1_650' title='bbox 852 2152 932 2187; x_wconf 71' lang='grc' dir='ltr'>ἔζησε</span> <span class='ocrx_word' id='word_1_651' title='bbox 953 2152 958 2157; x_wconf 89' lang='grc'><em>’</em></span> 
     </span>
    </p>
   </div>
   <div class='ocr_carea' id='block_1_88' title="bbox 123 2195 932 2233">
    <p class='ocr_par' dir='ltr' id='par_1_88' title="bbox 123 2195 932 2233">
     <span class='ocr_line' id='line_1_88' title="bbox 123 2195 932 2233; baseline 0.004 -11"><span class='ocrx_word' id='word_1_652' title='bbox 123 2197 160 2222; x_wconf 63' lang='grc' dir='ltr'>τ’)</span> <span class='ocrx_word' id='word_1_653' title='bbox 179 2195 282 2222; x_wconf 64' lang='grc' dir='ltr'>λοιπὸν</span> <span class='ocrx_word' id='word_1_654' title='bbox 302 2196 331 2221; x_wconf 82' lang='grc' dir='ltr'>ὲν</span> <span class='ocrx_word' id='word_1_655' title='bbox 357 2196 498 2231; x_wconf 77' lang='grc' dir='ltr'>μετανοίᾳ,</span> <span class='ocrx_word' id='word_1_656' title='bbox 517 2197 564 2222; x_wconf 81' lang='grc' dir='ltr'><strong>καὶ</strong></span> <span class='ocrx_word' id='word_1_657' title='bbox 593 2196 627 2223; x_wconf 70' lang='grc' dir='ltr'>τὰ</span> <span class='ocrx_word' id='word_1_658' title='bbox 652 2197 825 2231; x_wconf 77' lang='grc' dir='ltr'>προλαὸόντα</span> <span class='ocrx_word' id='word_1_659' title='bbox 851 2199 932 2233; x_wconf 80' lang='grc' dir='ltr'>διωρ-</span> 
     </span>
    </p>
   </div>
   <div class='ocr_carea' id='block_1_89' title="bbox 121 2241 933 2278">
    <p class='ocr_par' dir='ltr' id='par_1_89' title="bbox 121 2241 933 2278">
     <span class='ocr_line' id='line_1_89' title="bbox 121 2241 933 2278; baseline 0.002 -9"><span class='ocrx_word' id='word_1_660' title='bbox 121 2242 258 2269; x_wconf 78' lang='grc' dir='ltr'>θώσατο.</span> <span class='ocrx_word' id='word_1_661' title='bbox 274 2241 399 2268; x_wconf 72' lang='grc' dir='ltr'>Τοσαῦτα</span> <span class='ocrx_word' id='word_1_662' title='bbox 413 2242 441 2267; x_wconf 83' lang='grc' dir='ltr'>δὲ</span> <span class='ocrx_word' id='word_1_663' title='bbox 460 2242 500 2273; x_wconf 88' lang='grc' dir='ltr'><strong>εἰς</strong></span> <span class='ocrx_word' id='word_1_664' title='bbox 516 2241 582 2268; x_wconf 81' lang='grc' dir='ltr'>Θεὸν</span> <span class='ocrx_word' id='word_1_665' title='bbox 600 2243 814 2278; x_wconf 75' lang='grc' dir='ltr'>ἐπλημμέλησεν</span> <span class='ocrx_word' id='word_1_666' title='bbox 829 2244 868 2274; x_wconf 76' lang='grc' dir='ltr'>ὡς</span> <span class='ocrx_word' id='word_1_667' title='bbox 884 2245 933 2271; x_wconf 73' lang='grc' dir='ltr'>καὶ</span> 
     </span>
    </p>
   </div>
   <div class='ocr_carea' id='block_1_90' title="bbox 119 2287 935 2320">
    <p class='ocr_par' dir='ltr' id='par_1_90' title="bbox 119 2287 935 2320">
     <span class='ocr_line' id='line_1_90' title="bbox 119 2287 935 2320; baseline 0.001 -4"><span class='ocrx_word' id='word_1_668' title='bbox 119 2288 179 2316; x_wconf 78' lang='grc' dir='ltr'><strong>τὸν</strong></span> <span class='ocrx_word' id='word_1_669' title='bbox 201 2287 341 2314; x_wconf 75' lang='grc' dir='ltr'>θειότατον</span> <span class='ocrx_word' id='word_1_670' title='bbox 369 2287 544 2314; x_wconf 73' lang='grc' dir='ltr'>’Λναστάσιον</span> <span class='ocrx_word' id='word_1_671' title='bbox 563 2288 649 2320; x_wconf 71' lang='grc' dir='ltr'>οὕτως</span> <span class='ocrx_word' id='word_1_672' title='bbox 669 2289 757 2315; x_wconf 83' lang='grc' dir='ltr'>είπεῑν</span> <span class='ocrx_word' id='word_1_673' title='bbox 775 2297 782 2305; x_wconf 90' lang='grc'><strong>·</strong></span> <span class='ocrx_word' id='word_1_674' title='bbox 802 2299 812 2315; x_wconf 75' lang='grc' dir='ltr'>ί</span> <span class='ocrx_word' id='word_1_675' title='bbox 832 2291 862 2316; x_wconf 84' lang='grc' dir='ltr'><strong>ΕΞ</strong></span> <span class='ocrx_word' id='word_1_676' title='bbox 875 2291 935 2317; x_wconf 78' lang='grc' dir='ltr'><strong>Μα-</strong></span> 
     </span>
    </p>
   </div>
   <div class='ocr_carea' id='block_1_91' title="bbox 77 2333 934 2369">
    <p class='ocr_par' dir='ltr' id='par_1_91' title="bbox 77 2333 934 2369">
     <span class='ocr_line' id='line_1_91' title="bbox 77 2333 934 2369; baseline 0.002 -7"><span class='ocrx_word' id='word_1_677' title='bbox 77 2345 99 2354; x_wconf 71' lang='grc' dir='ltr'><strong>σ</strong></span> <span class='ocrx_word' id='word_1_678' title='bbox 119 2334 244 2369; x_wconf 76' lang='grc' dir='ltr'>νασσῆν</span> <span class='ocrx_word' id='word_1_679' title='bbox 259 2334 360 2360; x_wconf 69' lang='grc' dir='ltr'>ἔσωσεν</span> <span class='ocrx_word' id='word_1_680' title='bbox 386 2335 400 2360; x_wconf 87' lang='grc' dir='ltr'><strong><em>ὁ</em></strong></span> <span class='ocrx_word' id='word_1_681' title='bbox 422 2333 500 2366; x_wconf 74' lang='grc' dir='ltr'><strong>Θεὸς,</strong></span> <span class='ocrx_word' id='word_1_682' title='bbox 517 2334 610 2369; x_wconf 83' lang='grc' dir='ltr'>τολμῶ</span> <span class='ocrx_word' id='word_1_683' title='bbox 637 2336 726 2362; x_wconf 79' lang='grc' dir='ltr'>εἰπεῖν</span> <span class='ocrx_word' id='word_1_684' title='bbox 749 2336 787 2368; x_wconf 84' lang='grc' dir='ltr'><strong>ὡς</strong></span> <span class='ocrx_word' id='word_1_685' title='bbox 812 2337 860 2363; x_wconf 65' lang='grc' dir='ltr'>καὶ</span> <span class='ocrx_word' id='word_1_686' title='bbox 887 2337 934 2364; x_wconf 74' lang='grc' dir='ltr'>τὸν</span> 
     </span>
    </p>
   </div>
   <div class='ocr_carea' id='block_1_92' title="bbox 117 2379 929 2416">
    <p class='ocr_par' dir='ltr' id='par_1_92' title="bbox 117 2379 929 2416">
     <span class='ocr_line' id='line_1_92' title="bbox 117 2379 929 2416; baseline -0.001 -8"><span class='ocrx_word' id='word_1_687' title='bbox 117 2380 264 2410; x_wconf 75' lang='grc' dir='ltr'>διάϐολον</span> <span class='ocrx_word' id='word_1_688' title='bbox 292 2380 394 2406; x_wconf 76' lang='grc' dir='ltr'>ἔσωσεν</span> <span class='ocrx_word' id='word_1_689' title='bbox 414 2379 457 2411; x_wconf 80' lang='grc' dir='ltr'>ἂν,</span> <span class='ocrx_word' id='word_1_690' title='bbox 476 2380 555 2415; x_wconf 82' lang='grc' dir='ltr'>εἴπερ</span> <span class='ocrx_word' id='word_1_691' title='bbox 571 2381 735 2415; x_wconf 69' lang='grc' dir='ltr'>ἐπιστρέψαι</span> <span class='ocrx_word' id='word_1_692' title='bbox 753 2382 901 2416; x_wconf 74' lang='grc' dir='ltr'>ἠθέλησεν.</span> <span class='ocrx_word' id='word_1_693' title='bbox 921 2393 929 2407; x_wconf 82' lang='grc' dir='ltr'><strong>ι</strong></span> 
     </span>
    </p>
   </div>
   <div class='ocr_carea' id='block_1_93' title="bbox 119 2428 927 2458">
    <p class='ocr_par' dir='ltr' id='par_1_93' title="bbox 119 2428 927 2458">
     <span class='ocr_line' id='line_1_93' title="bbox 119 2428 927 2458; baseline 0 0"><span class='ocrx_word' id='word_1_694' title='bbox 119 2429 254 2458; x_wconf 85' lang='lat' dir='ltr'><strong>divinus</strong></span> <span class='ocrx_word' id='word_1_695' title='bbox 279 2428 323 2455; x_wconf 87' lang='lat' dir='ltr'><strong>ille</strong></span> <span class='ocrx_word' id='word_1_696' title='bbox 349 2428 512 2455; x_wconf 77' lang='lat' dir='ltr'><strong>Anastasius</strong></span> <span class='ocrx_word' id='word_1_697' title='bbox 539 2428 631 2456; x_wconf 86' lang='lat' dir='ltr'><strong>dicere</strong></span> <span class='ocrx_word' id='word_1_698' title='bbox 659 2437 714 2456; x_wconf 90' lang='lat' dir='ltr'><strong>non</strong></span> <span class='ocrx_word' id='word_1_699' title='bbox 742 2430 927 2458; x_wconf 87' lang='lat' dir='ltr'><strong>dubitaverit:</strong></span> 
     </span>
    </p>
   </div>
   <div class='ocr_carea' id='block_1_94' title="bbox 118 2474 930 2513">
    <p class='ocr_par' dir='ltr' id='par_1_94' title="bbox 118 2474 930 2513">
     <span class='ocr_line' id='line_1_94' title="bbox 118 2474 930 2513; baseline 0 -8"><span class='ocrx_word' id='word_1_700' title='bbox 118 2477 215 2513; x_wconf 87' lang='lat' dir='ltr'><strong>quod</strong></span> <span class='ocrx_word' id='word_1_701' title='bbox 239 2475 322 2502; x_wconf 85' lang='lat' dir='ltr'><strong>etiam</strong></span> <span class='ocrx_word' id='word_1_702' title='bbox 339 2474 477 2502; x_wconf 87' lang='lat' dir='ltr'><strong>diabolum</strong></span> <span class='ocrx_word' id='word_1_703' title='bbox 494 2475 583 2510; x_wconf 88' lang='lat' dir='ltr'><strong>ipsum</strong></span> <span class='ocrx_word' id='word_1_704' title='bbox 607 2482 767 2505; x_wconf 83' lang='lat' dir='ltr'><strong>servaturus</strong></span> <span class='ocrx_word' id='word_1_705' title='bbox 783 2477 884 2511; x_wconf 78' lang='lat' dir='ltr'><strong>fuerit,</strong></span> <span class='ocrx_word' id='word_1_706' title='bbox 909 2478 930 2505; x_wconf 89' lang='lat' dir='ltr'><strong>si</strong></span> 
     </span>
    </p>
   </div>
   <div class='ocr_carea' id='block_1_95' title="bbox 166 2521 932 2560">
    <p class='ocr_par' dir='ltr' id='par_1_95' title="bbox 166 2521 932 2560">
     <span class='ocr_line' id='line_1_95' title="bbox 166 2521 932 2560; baseline 0.004 -10"><span class='ocrx_word' id='word_1_707' title='bbox 166 2521 257 2550; x_wconf 65' lang='grc' dir='ltr'>ἣιετᾶι</span> <span class='ocrx_word' id='word_1_708' title='bbox 281 2521 310 2548; x_wconf 81' lang='grc' dir='ltr'><strong>δὲ</strong></span> <span class='ocrx_word' id='word_1_709' title='bbox 335 2522 487 2557; x_wconf 72' lang='grc' dir='ltr'>Μανασσῆν</span> <span class='ocrx_word' id='word_1_710' title='bbox 511 2523 691 2551; x_wconf 69' lang='grc' dir='ltr'>ἐϐασίλευσεν</span> <span class='ocrx_word' id='word_1_711' title='bbox 713 2525 827 2560; x_wconf 79' lang='grc' dir='ltr'>Ἀμμὼς</span> <span class='ocrx_word' id='word_1_712' title='bbox 844 2527 858 2552; x_wconf 80' lang='grc' dir='ltr'>ὁ</span> <span class='ocrx_word' id='word_1_713' title='bbox 875 2527 932 2556; x_wconf 71' lang='grc' dir='ltr'><strong>υἱὸς</strong></span> 
     </span>
    </p>
   </div>
   <div class='ocr_carea' id='block_1_96' title="bbox 116 2563 932 2607">
    <p class='ocr_par' dir='ltr' id='par_1_96' title="bbox 116 2563 932 2607">
     <span class='ocr_line' id='line_1_96' title="bbox 116 2563 932 2607; baseline 0.002 -11"><span class='ocrx_word' id='word_1_714' title='bbox 116 2567 238 2598; x_wconf 77' lang='grc' dir='ltr'>αὖτοῦ.</span> <span class='ocrx_word' id='word_1_715' title='bbox 263 2563 351 2598; x_wconf 77' lang='grc' dir='ltr'>Οὗτος</span> <span class='ocrx_word' id='word_1_716' title='bbox 375 2567 423 2602; x_wconf 84' lang='grc' dir='ltr'><strong>τὴν</strong></span> <span class='ocrx_word' id='word_1_717' title='bbox 452 2567 503 2602; x_wconf 76' lang='grc' dir='ltr'><strong>μὲν</strong></span> <span class='ocrx_word' id='word_1_718' title='bbox 526 2569 664 2604; x_wconf 81' lang='grc' dir='ltr'>πατρικὴν</span> <span class='ocrx_word' id='word_1_719' title='bbox 684 2571 813 2598; x_wconf 79' lang='grc' dir='ltr'>ἀσέϐειαν</span> <span class='ocrx_word' id='word_1_720' title='bbox 830 2573 932 2607; x_wconf 67' lang='grc' dir='ltr'><strong>ἐμιμή-</strong></span> 
     </span>
    </p>
   </div>
   <div class='ocr_carea' id='block_1_97' title="bbox 117 2613 932 2656">
    <p class='ocr_par' dir='ltr' id='par_1_97' title="bbox 117 2613 932 2656">
     <span class='ocr_line' id='line_1_97' title="bbox 117 2613 932 2656; baseline 0 -12"><span class='ocrx_word' id='word_1_721' title='bbox 117 2622 221 2644; x_wconf 79' lang='grc' dir='ltr'>σατο,</span> <span class='ocrx_word' id='word_1_722' title='bbox 239 2613 269 2639; x_wconf 82' lang='grc' dir='ltr'>οὺ</span> <span class='ocrx_word' id='word_1_723' title='bbox 302 2613 355 2647; x_wconf 82' lang='grc' dir='ltr'><strong>μὴν</strong></span> <span class='ocrx_word' id='word_1_724' title='bbox 372 2613 400 2639; x_wconf 80' lang='grc' dir='ltr'><strong>δὲ</strong></span> <span class='ocrx_word' id='word_1_725' title='bbox 418 2613 468 2656; x_wconf 70' lang='grc' dir='ltr'>τῂν</span> <span class='ocrx_word' id='word_1_726' title='bbox 486 2614 645 2648; x_wconf 76' lang='grc' dir='ltr'>μετάνοιαν.</span> <span class='ocrx_word' id='word_1_727' title='bbox 663 2615 755 2647; x_wconf 66' lang='grc' dir='ltr'>’Ἄξιον</span> <span class='ocrx_word' id='word_1_728' title='bbox 771 2617 798 2644; x_wconf 82' lang='grc' dir='ltr'>δὲ</span> <span class='ocrx_word' id='word_1_729' title='bbox 814 2618 932 2652; x_wconf 73' lang='grc' dir='ltr'>ζητῆσαι</span> 
     </span>
    </p>
   </div>
   <div class='ocr_carea' id='block_1_98' title="bbox 113 2658 932 2698">
    <p class='ocr_par' dir='ltr' id='par_1_98' title="bbox 113 2658 932 2698">
     <span class='ocr_line' id='line_1_98' title="bbox 113 2658 932 2698; baseline 0.01 -15"><span class='ocrx_word' id='word_1_730' title='bbox 113 2663 178 2690; x_wconf 71' lang='grc' dir='ltr'><strong>διὰ</strong></span> <span class='ocrx_word' id='word_1_731' title='bbox 198 2659 229 2685; x_wconf 84' lang='grc' dir='ltr'><strong>τί</strong></span> <span class='ocrx_word' id='word_1_732' title='bbox 243 2658 290 2684; x_wconf 84' lang='grc' dir='ltr'>τοῦ</span> <span class='ocrx_word' id='word_1_733' title='bbox 318 2659 366 2693; x_wconf 72' lang='grc' dir='ltr'><strong>μὲν</strong></span> <span class='ocrx_word' id='word_1_734' title='bbox 384 2659 519 2694; x_wconf 83' lang='grc' dir='ltr'>Μανασσῆ</span> <span class='ocrx_word' id='word_1_735' title='bbox 539 2660 590 2694; x_wconf 80' lang='grc' dir='ltr'><strong>τὴν</strong></span> <span class='ocrx_word' id='word_1_736' title='bbox 604 2661 774 2698; x_wconf 62' lang='grc' dir='ltr'>ἐπιστροφὴν</span> <span class='ocrx_word' id='word_1_737' title='bbox 788 2664 932 2698; x_wconf 78' lang='grc' dir='ltr'>ἀνέμεινεν</span> 
     </span>
    </p>
   </div>
   <div class='ocr_carea' id='block_1_99' title="bbox 115 2703 930 2741">
    <p class='ocr_par' dir='ltr' id='par_1_99' title="bbox 115 2703 930 2741">
     <span class='ocr_line' id='line_1_99' title="bbox 115 2703 930 2741; baseline 0.011 -15"><span class='ocrx_word' id='word_1_738' title='bbox 115 2709 135 2735; x_wconf 72' lang='grc' dir='ltr'><strong><em>δ</em></strong></span> <span class='ocrx_word' id='word_1_739' title='bbox 153 2704 248 2735; x_wconf 70' lang='grc' dir='ltr'><strong>Θεῆς,</strong></span> <span class='ocrx_word' id='word_1_740' title='bbox 266 2703 314 2729; x_wconf 83' lang='grc' dir='ltr'><strong>τοῦ</strong></span> <span class='ocrx_word' id='word_1_741' title='bbox 336 2703 364 2729; x_wconf 79' lang='grc' dir='ltr'><strong>δὲ</strong></span> <span class='ocrx_word' id='word_1_742' title='bbox 379 2703 438 2729; x_wconf 83' lang='grc' dir='ltr'>υἱοῦ</span> <span class='ocrx_word' id='word_1_743' title='bbox 461 2704 543 2730; x_wconf 83' lang='grc' dir='ltr'>αὐτοῦ</span> <span class='ocrx_word' id='word_1_744' title='bbox 562 2704 676 2740; x_wconf 76' lang='grc' dir='ltr'>Ἀμμὼς</span> <span class='ocrx_word' id='word_1_745' title='bbox 701 2707 772 2741; x_wconf 75' lang='grc' dir='ltr'><strong>οὐχὶ,</strong></span> <span class='ocrx_word' id='word_1_746' title='bbox 791 2707 850 2734; x_wconf 78' lang='grc' dir='ltr'>ἀλλ’</span> <span class='ocrx_word' id='word_1_747' title='bbox 870 2709 930 2735; x_wconf 79' lang='grc' dir='ltr'><strong>ὲΟέ-</strong></span> 
     </span>
    </p>
   </div>
   <div class='ocr_carea' id='block_1_100' title="bbox 115 2748 929 2790">
    <p class='ocr_par' dir='ltr' id='par_1_100' title="bbox 115 2748 929 2790">
     <span class='ocr_line' id='line_1_100' title="bbox 115 2748 929 2790; baseline 0.006 -14"><span class='ocrx_word' id='word_1_748' title='bbox 115 2759 222 2789; x_wconf 82' lang='grc' dir='ltr'>ρισεν</span> <span class='ocrx_word' id='word_1_749' title='bbox 245 2748 328 2776; x_wconf 64' lang='grc' dir='ltr'>αὐτὸν</span> <span class='ocrx_word' id='word_1_750' title='bbox 358 2749 405 2783; x_wconf 74' lang='grc' dir='ltr'>ἔτη</span> <span class='ocrx_word' id='word_1_751' title='bbox 435 2748 482 2775; x_wconf 84' lang='grc' dir='ltr'><strong>δύο</strong></span> <span class='ocrx_word' id='word_1_752' title='bbox 510 2749 719 2784; x_wconf 76' lang='grc' dir='ltr'>βασιλεύσαντα.</span> <span class='ocrx_word' id='word_1_753' title='bbox 745 2753 813 2788; x_wconf 73' lang='grc' dir='ltr'>Φησὶ</span> <span class='ocrx_word' id='word_1_754' title='bbox 832 2754 884 2788; x_wconf 85' lang='grc' dir='ltr'>γὰρ</span> <span class='ocrx_word' id='word_1_755' title='bbox 913 2757 929 2790; x_wconf 86' lang='grc' dir='ltr'><strong>ἠ</strong></span> 
     </span>
    </p>
   </div>
   <div class='ocr_carea' id='block_1_101' title="bbox 112 2794 930 2833">
    <p class='ocr_par' dir='ltr' id='par_1_101' title="bbox 112 2794 930 2833">
     <span class='ocr_line' id='line_1_101' title="bbox 112 2794 930 2833; baseline -0.007 -7"><span class='ocrx_word' id='word_1_756' title='bbox 112 2795 250 2833; x_wconf 64' lang='grc' dir='ltr'>Γρειφὴ,</span> <span class='ocrx_word' id='word_1_757' title='bbox 267 2804 276 2820; x_wconf 67' lang='grc' dir='ltr'><strong><em>ε</em></strong></span> <span class='ocrx_word' id='word_1_758' title='bbox 297 2796 351 2822; x_wconf 76' lang='lat' dir='ltr'><strong>Ka‘t</strong></span> <span class='ocrx_word' id='word_1_759' title='bbox 367 2794 565 2830; x_wconf 56' lang='grc' dir='ltr'>παρελογίτκτο</span> <span class='ocrx_word' id='word_1_760' title='bbox 584 2796 697 2830; x_wconf 77' lang='grc' dir='ltr'><strong>’Δμμὼς</strong></span> <span class='ocrx_word' id='word_1_761' title='bbox 727 2798 855 2830; x_wconf 67' lang='grc' dir='ltr'>λογισμὸν</span> <span class='ocrx_word' id='word_1_762' title='bbox 883 2810 930 2827; x_wconf 69' lang='grc' dir='ltr'><strong>τεο-</strong></span> 
     </span>
    </p>
   </div>
   <div class='ocr_carea' id='block_1_102' title="bbox 987 2148 1775 2188">
    <p class='ocr_par' dir='ltr' id='par_1_102' title="bbox 987 2148 1775 2188">
     <span class='ocr_line' id='line_1_102' title="bbox 987 2148 1775 2188; baseline -0.008 -8"><span class='ocrx_word' id='word_1_763' title='bbox 987 2162 1002 2181; x_wconf 85' lang='lat' dir='ltr'><strong>a</strong></span> <span class='ocrx_word' id='word_1_764' title='bbox 1022 2160 1083 2188; x_wconf 73' lang='lat' dir='ltr'><strong>rege</strong></span> <span class='ocrx_word' id='word_1_765' title='bbox 1098 2152 1247 2188; x_wconf 83' lang='lat' dir='ltr'><strong>Babylonio</strong></span> <span class='ocrx_word' id='word_1_766' title='bbox 1265 2151 1426 2179; x_wconf 89' lang='lat' dir='ltr'><strong>conclusum</strong></span> <span class='ocrx_word' id='word_1_767' title='bbox 1444 2150 1549 2182; x_wconf 83' lang='lat' dir='ltr'><strong>fuisse;</strong></span> <span class='ocrx_word' id='word_1_768' title='bbox 1578 2149 1605 2175; x_wconf 92' lang='lat' dir='ltr'><strong>in</strong></span> <span class='ocrx_word' id='word_1_769' title='bbox 1623 2157 1678 2184; x_wconf 91' lang='lat' dir='ltr'><strong>quo</strong></span> <span class='ocrx_word' id='word_1_770' title='bbox 1695 2148 1775 2175; x_wconf 86' lang='lat' dir='ltr'><strong>dein-</strong></span> 
     </span>
    </p>
   </div>
   <div class='ocr_carea' id='block_1_103' title="bbox 987 2193 1772 2234">
    <p class='ocr_par' dir='ltr' id='par_1_103' title="bbox 987 2193 1772 2234">
     <span class='ocr_line' id='line_1_103' title="bbox 987 2193 1772 2234; baseline -0.011 -7"><span class='ocrx_word' id='word_1_771' title='bbox 987 2207 1051 2234; x_wconf 81' lang='lat' dir='ltr'><strong>ceps</strong></span> <span class='ocrx_word' id='word_1_772' title='bbox 1071 2199 1157 2226; x_wconf 90' lang='lat' dir='ltr'><strong>Deum</strong></span> <span class='ocrx_word' id='word_1_773' title='bbox 1178 2197 1289 2232; x_wconf 80' lang='lat' dir='ltr'><strong>agnovit</strong></span> <span class='ocrx_word' id='word_1_774' title='bbox 1304 2200 1328 2224; x_wconf 90' lang='lat' dir='ltr'><strong>et</strong></span> <span class='ocrx_word' id='word_1_775' title='bbox 1345 2203 1457 2223; x_wconf 87' lang='lat' dir='ltr'><strong>carmen</strong></span> <span class='ocrx_word' id='word_1_776' title='bbox 1480 2194 1548 2221; x_wconf 90' lang='lat' dir='ltr'><strong>illud</strong></span> <span class='ocrx_word' id='word_1_777' title='bbox 1565 2201 1644 2221; x_wconf 91' lang='lat' dir='ltr'><strong>suum</strong></span> <span class='ocrx_word' id='word_1_778' title='bbox 1660 2193 1772 2219; x_wconf 77' lang='lat' dir='ltr'><strong>cecinit.</strong></span> 
     </span>
    </p>
   </div>
   <div class='ocr_carea' id='block_1_104' title="bbox 987 2239 1774 2279">
    <p class='ocr_par' dir='ltr' id='par_1_104' title="bbox 987 2239 1774 2279">
     <span class='ocr_line' id='line_1_104' title="bbox 987 2239 1774 2279; baseline -0.009 -8"><span class='ocrx_word' id='word_1_779' title='bbox 987 2245 1159 2279; x_wconf 88' lang='lat' dir='ltr'><strong>Quapropter</strong></span> <span class='ocrx_word' id='word_1_780' title='bbox 1175 2242 1268 2270; x_wconf 71' lang='lat' dir='ltr'><strong>divina</strong></span> <span class='ocrx_word' id='word_1_781' title='bbox 1285 2242 1309 2269; x_wconf 88' lang='lat' dir='ltr'><strong>vi</strong></span> <span class='ocrx_word' id='word_1_782' title='bbox 1325 2240 1474 2268; x_wconf 80' lang='lat' dir='ltr'><strong>simulacro</strong></span> <span class='ocrx_word' id='word_1_783' title='bbox 1491 2243 1571 2274; x_wconf 88' lang='lat' dir='ltr'><strong>rupto</strong></span> <span class='ocrx_word' id='word_1_784' title='bbox 1586 2239 1698 2273; x_wconf 76' lang='lat' dir='ltr'><strong>angelus</strong></span> <span class='ocrx_word' id='word_1_785' title='bbox 1714 2246 1774 2265; x_wconf 89' lang='lat' dir='ltr'><strong>eum</strong></span> 
     </span>
    </p>
   </div>
   <div class='ocr_carea' id='block_1_105' title="bbox 987 2284 1774 2324">
    <p class='ocr_par' dir='ltr' id='par_1_105' title="bbox 987 2284 1774 2324">
     <span class='ocr_line' id='line_1_105' title="bbox 987 2284 1774 2324; baseline -0.01 -8"><span class='ocrx_word' id='word_1_786' title='bbox 987 2289 1171 2324; x_wconf 82' lang='lat' dir='ltr'><strong>Hierosolyma</strong></span> <span class='ocrx_word' id='word_1_787' title='bbox 1192 2287 1311 2319; x_wconf 75' lang='lat' dir='ltr'><strong>reduxit,</strong></span> <span class='ocrx_word' id='word_1_788' title='bbox 1332 2286 1377 2313; x_wconf 90' lang='lat' dir='ltr'><strong>ubi</strong></span> <span class='ocrx_word' id='word_1_789' title='bbox 1402 2286 1532 2319; x_wconf 84' lang='lat' dir='ltr'><strong>deinceps</strong></span> <span class='ocrx_word' id='word_1_790' title='bbox 1545 2284 1571 2310; x_wconf 92' lang='lat' dir='ltr'><strong>in</strong></span> <span class='ocrx_word' id='word_1_791' title='bbox 1587 2287 1774 2310; x_wconf 82' lang='lat' dir='ltr'><strong>anteactoruxn</strong></span> 
     </span>
    </p>
   </div>
   <div class='ocr_carea' id='block_1_106' title="bbox 986 2328 1776 2371">
    <p class='ocr_par' dir='ltr' id='par_1_106' title="bbox 986 2328 1776 2371">
     <span class='ocr_line' id='line_1_106' title="bbox 986 2328 1776 2371; baseline -0.009 -9"><span class='ocrx_word' id='word_1_792' title='bbox 986 2335 1147 2371; x_wconf 72' lang='lat' dir='ltr'><strong>pmnitentia</strong></span> <span class='ocrx_word' id='word_1_793' title='bbox 1169 2334 1235 2361; x_wconf 80' lang='lat' dir='ltr'><strong>vixit</strong></span> <span class='ocrx_word' id='word_1_794' title='bbox 1260 2338 1288 2360; x_wconf 90' lang='lat' dir='ltr'><strong>et</strong></span> <span class='ocrx_word' id='word_1_795' title='bbox 1305 2333 1395 2367; x_wconf 86' lang='lat' dir='ltr'><strong>priora</strong></span> <span class='ocrx_word' id='word_1_796' title='bbox 1413 2331 1513 2358; x_wconf 81' lang='lat' dir='ltr'><strong>delicta</strong></span> <span class='ocrx_word' id='word_1_797' title='bbox 1529 2329 1696 2356; x_wconf 81' lang='lat' dir='ltr'><strong>emendavit.</strong></span> <span class='ocrx_word' id='word_1_798' title='bbox 1723 2328 1776 2355; x_wconf 79' lang='lat' dir='ltr'><strong>Tot</strong></span> 
     </span>
    </p>
   </div>
   <div class='ocr_carea' id='block_1_107' title="bbox 986 2375 1775 2414">
    <p class='ocr_par' dir='ltr' id='par_1_107' title="bbox 986 2375 1775 2414">
     <span class='ocr_line' id='line_1_107' title="bbox 986 2375 1775 2414; baseline -0.009 -6"><span class='ocrx_word' id='word_1_799' title='bbox 986 2387 1076 2409; x_wconf 84' lang='lat' dir='ltr'><strong>autem</strong></span> <span class='ocrx_word' id='word_1_800' title='bbox 1104 2385 1233 2414; x_wconf 83' lang='lat' dir='ltr'><strong>tantaque</strong></span> <span class='ocrx_word' id='word_1_801' title='bbox 1264 2379 1387 2406; x_wconf 71' lang='lat' dir='ltr'><strong>facinora</strong></span> <span class='ocrx_word' id='word_1_802' title='bbox 1416 2377 1555 2403; x_wconf 82' lang='lat' dir='ltr'><strong>Manasses</strong></span> <span class='ocrx_word' id='word_1_803' title='bbox 1580 2375 1714 2411; x_wconf 84' lang='lat' dir='ltr'><strong>patravit,</strong></span> <span class='ocrx_word' id='word_1_804' title='bbox 1745 2380 1775 2401; x_wconf 90' lang='lat' dir='ltr'><strong>ut</strong></span> 
     </span>
    </p>
   </div>
   <div class='ocr_carea' id='block_1_108' title="bbox 953 2424 1775 2460">
    <p class='ocr_par' dir='ltr' id='par_1_108' title="bbox 953 2424 1775 2460">
     <span class='ocr_line' id='line_1_108' title="bbox 953 2424 1775 2460; baseline -0.009 -3"><span class='ocrx_word' id='word_1_805' title='bbox 953 2430 995 2457; x_wconf 71' lang='lat' dir='ltr'><strong>uSi</strong></span> <span class='ocrx_word' id='word_1_806' title='bbox 1011 2431 1162 2457; x_wconf 85' lang='lat' dir='ltr'><strong>Manassem</strong></span> <span class='ocrx_word' id='word_1_807' title='bbox 1195 2429 1265 2455; x_wconf 85' lang='lat' dir='ltr'><strong>Deus</strong></span> <span class='ocrx_word' id='word_1_808' title='bbox 1293 2427 1424 2460; x_wconf 84' lang='lat' dir='ltr'><strong>servavit,</strong></span> <span class='ocrx_word' id='word_1_809' title='bbox 1441 2426 1568 2460; x_wconf 83' lang='lat' dir='ltr'><strong>equidem</strong></span> <span class='ocrx_word' id='word_1_810' title='bbox 1581 2425 1668 2452; x_wconf 78' lang='lat' dir='ltr'><strong>ausim</strong></span> <span class='ocrx_word' id='word_1_811' title='bbox 1683 2424 1775 2451; x_wconf 83' lang='lat' dir='ltr'><strong>dicere</strong></span> 
     </span>
    </p>
   </div>
   <div class='ocr_carea' id='block_1_109' title="bbox 952 2476 1380 2506">
    <p class='ocr_par' dir='ltr' id='par_1_109' title="bbox 952 2476 1380 2506">
     <span class='ocr_line' id='line_1_109' title="bbox 952 2476 1380 2506; baseline -0.012 0"><span class='ocrx_word' id='word_1_812' title='bbox 952 2478 1053 2506; x_wconf 79' lang='lat' dir='ltr'><strong>reverti</strong></span> <span class='ocrx_word' id='word_1_813' title='bbox 1072 2477 1105 2504; x_wconf 88' lang='lat' dir='ltr'><strong>ad</strong></span> <span class='ocrx_word' id='word_1_814' title='bbox 1123 2477 1208 2504; x_wconf 90' lang='lat' dir='ltr'><strong>Deum</strong></span> <span class='ocrx_word' id='word_1_815' title='bbox 1222 2476 1380 2503; x_wconf 63' lang='lat' dir='ltr'><strong>voluisset.»</strong></span> 
     </span>
    </p>
   </div>
   <div class='ocr_carea' id='block_1_110' title="bbox 1024 2519 1771 2556">
    <p class='ocr_par' dir='ltr' id='par_1_110' title="bbox 1024 2519 1771 2556">
     <span class='ocr_line' id='line_1_110' title="bbox 1024 2519 1771 2556; baseline -0.009 -4"><span class='ocrx_word' id='word_1_816' title='bbox 1024 2526 1089 2552; x_wconf 84' lang='lat' dir='ltr'><strong>Post</strong></span> <span class='ocrx_word' id='word_1_817' title='bbox 1115 2524 1269 2551; x_wconf 85' lang='lat' dir='ltr'><strong>Manassem</strong></span> <span class='ocrx_word' id='word_1_818' title='bbox 1295 2525 1414 2549; x_wconf 86' lang='lat' dir='ltr'><strong>Amosus</strong></span> <span class='ocrx_word' id='word_1_819' title='bbox 1445 2521 1517 2548; x_wconf 82' lang='lat' dir='ltr'><strong>ﬁlius</strong></span> <span class='ocrx_word' id='word_1_820' title='bbox 1541 2520 1602 2556; x_wconf 86' lang='lat' dir='ltr'><strong>ejus</strong></span> <span class='ocrx_word' id='word_1_821' title='bbox 1626 2519 1771 2554; x_wconf 90' lang='lat' dir='ltr'><strong>imperium</strong></span> 
     </span>
    </p>
   </div>
   <div class='ocr_carea' id='block_1_111' title="bbox 986 2568 1773 2605">
    <p class='ocr_par' dir='ltr' id='par_1_111' title="bbox 986 2568 1773 2605">
     <span class='ocr_line' id='line_1_111' title="bbox 986 2568 1773 2605; baseline -0.011 -6"><span class='ocrx_word' id='word_1_822' title='bbox 986 2571 1115 2599; x_wconf 89' lang='lat' dir='ltr'><strong>obtinuit.</strong></span> <span class='ocrx_word' id='word_1_823' title='bbox 1137 2571 1160 2598; x_wconf 91' lang='lat' dir='ltr'><strong>Is</strong></span> <span class='ocrx_word' id='word_1_824' title='bbox 1173 2576 1313 2605; x_wconf 84' lang='lat' dir='ltr'><strong>paternam</strong></span> <span class='ocrx_word' id='word_1_825' title='bbox 1329 2568 1438 2603; x_wconf 89' lang='lat' dir='ltr'><strong>quidem</strong></span> <span class='ocrx_word' id='word_1_826' title='bbox 1457 2568 1623 2602; x_wconf 86' lang='lat' dir='ltr'><strong>impietatem</strong></span> <span class='ocrx_word' id='word_1_827' title='bbox 1635 2570 1676 2593; x_wconf 85' lang='lat' dir='ltr'><strong>est</strong></span> <span class='ocrx_word' id='word_1_828' title='bbox 1687 2572 1773 2592; x_wconf 70' lang='lat' dir='ltr'><strong>wmu-</strong></span> 
     </span>
    </p>
   </div>
   <div class='ocr_carea' id='block_1_112' title="bbox 984 2610 1775 2652">
    <p class='ocr_par' dir='ltr' id='par_1_112' title="bbox 984 2610 1775 2652">
     <span class='ocr_line' id='line_1_112' title="bbox 984 2610 1775 2652; baseline -0.014 -7"><span class='ocrx_word' id='word_1_829' title='bbox 984 2619 1064 2650; x_wconf 89' lang='lat' dir='ltr'><strong>latus,</strong></span> <span class='ocrx_word' id='word_1_830' title='bbox 1080 2621 1108 2645; x_wconf 91' lang='lat' dir='ltr'><strong>at</strong></span> <span class='ocrx_word' id='word_1_831' title='bbox 1125 2625 1179 2645; x_wconf 91' lang='lat' dir='ltr'><strong>non</strong></span> <span class='ocrx_word' id='word_1_832' title='bbox 1193 2615 1395 2652; x_wconf 69' lang='lat' dir='ltr'><strong>pmniteutiam.</strong></span> <span class='ocrx_word' id='word_1_833' title='bbox 1425 2613 1519 2641; x_wconf 77' lang='lat' dir='ltr'><strong>Fuerit</strong></span> <span class='ocrx_word' id='word_1_834' title='bbox 1544 2618 1633 2640; x_wconf 87' lang='lat' dir='ltr'><strong>autem</strong></span> <span class='ocrx_word' id='word_1_835' title='bbox 1651 2610 1775 2646; x_wconf 80' lang='lat' dir='ltr'><strong>pretium</strong></span> 
     </span>
    </p>
   </div>
   <div class='ocr_carea' id='block_1_113' title="bbox 983 2656 1775 2698">
    <p class='ocr_par' dir='ltr' id='par_1_113' title="bbox 983 2656 1775 2698">
     <span class='ocr_line' id='line_1_113' title="bbox 983 2656 1775 2698; baseline -0.013 -7"><span class='ocrx_word' id='word_1_836' title='bbox 983 2671 1074 2698; x_wconf 68' lang='lat' dir='ltr'><strong>operte</strong></span> <span class='ocrx_word' id='word_1_837' title='bbox 1087 2664 1225 2698; x_wconf 89' lang='lat' dir='ltr'><strong>inquirere</strong></span> <span class='ocrx_word' id='word_1_838' title='bbox 1237 2661 1417 2697; x_wconf 86' lang='lat' dir='ltr'><strong>quamobrem</strong></span> <span class='ocrx_word' id='word_1_839' title='bbox 1431 2661 1502 2687; x_wconf 86' lang='lat' dir='ltr'><strong>Deus</strong></span> <span class='ocrx_word' id='word_1_840' title='bbox 1516 2658 1649 2686; x_wconf 65' lang='lat' dir='ltr'><strong>Mausssis</strong></span> <span class='ocrx_word' id='word_1_841' title='bbox 1660 2656 1775 2692; x_wconf 80' lang='lat' dir='ltr'><strong>quidem&quot;</strong></span> 
     </span>
    </p>
   </div>
   <div class='ocr_carea' id='block_1_114' title="bbox 983 2702 1770 2745">
    <p class='ocr_par' dir='ltr' id='par_1_114' title="bbox 983 2702 1770 2745">
     <span class='ocr_line' id='line_1_114' title="bbox 983 2702 1770 2745; baseline -0.01 -9"><span class='ocrx_word' id='word_1_842' title='bbox 983 2710 1170 2745; x_wconf 70' lang='lat' dir='ltr'><strong>ptenitentiam</strong></span> <span class='ocrx_word' id='word_1_843' title='bbox 1197 2707 1414 2744; x_wconf 80' lang='lat' dir='ltr'><strong>exspectaverit,</strong></span> <span class='ocrx_word' id='word_1_844' title='bbox 1449 2707 1494 2734; x_wconf 86' lang='lat' dir='ltr'><strong>scd</strong></span> <span class='ocrx_word' id='word_1_845' title='bbox 1525 2714 1578 2733; x_wconf 90' lang='lat' dir='ltr'><strong>non</strong></span> <span class='ocrx_word' id='word_1_846' title='bbox 1603 2705 1697 2731; x_wconf 82' lang='lat' dir='ltr'><strong>itidem</strong></span> <span class='ocrx_word' id='word_1_847' title='bbox 1722 2702 1770 2729; x_wconf 75' lang='lat' dir='ltr'><strong>lilii</strong></span> 
     </span>
    </p>
   </div>
   <div class='ocr_carea' id='block_1_115' title="bbox 983 2750 1777 2791">
    <p class='ocr_par' dir='ltr' id='par_1_115' title="bbox 983 2750 1777 2791">
     <span class='ocr_line' id='line_1_115' title="bbox 983 2750 1777 2791; baseline -0.013 -8"><span class='ocrx_word' id='word_1_848' title='bbox 983 2764 1091 2791; x_wconf 83' lang='lat' dir='ltr'><strong>quoque</strong></span> <span class='ocrx_word' id='word_1_849' title='bbox 1114 2755 1201 2790; x_wconf 85' lang='lat' dir='ltr'><strong>ipsius</strong></span> <span class='ocrx_word' id='word_1_850' title='bbox 1215 2754 1324 2787; x_wconf 80' lang='lat' dir='ltr'><strong>Amesi,</strong></span> <span class='ocrx_word' id='word_1_851' title='bbox 1350 2761 1432 2788; x_wconf 88' lang='lat' dir='ltr'><strong>quem</strong></span> <span class='ocrx_word' id='word_1_852' title='bbox 1465 2752 1546 2779; x_wconf 84' lang='lat' dir='ltr'><strong>annis</strong></span> <span class='ocrx_word' id='word_1_853' title='bbox 1562 2750 1669 2778; x_wconf 88' lang='lat' dir='ltr'><strong>duobus</strong></span> <span class='ocrx_word' id='word_1_854' title='bbox 1685 2756 1777 2781; x_wconf 68' lang='lat' dir='ltr'><strong>regtm&#39;</strong></span> 
     </span>
    </p>
   </div>
   <div class='ocr_carea' id='block_1_116' title="bbox 982 2795 1778 2830">
    <p class='ocr_par' dir='ltr' id='par_1_116' title="bbox 982 2795 1778 2830">
     <span class='ocr_line' id='line_1_116' title="bbox 982 2795 1778 2830; baseline -0.01 0"><span class='ocrx_word' id='word_1_855' title='bbox 982 2802 1107 2830; x_wconf 86' lang='lat' dir='ltr'><strong>oolitum.</strong></span> <span class='ocrx_word' id='word_1_856' title='bbox 1122 2795 1151 2829; x_wconf 83' lang='lat' dir='ltr'><strong>ut</strong></span> <span class='ocrx_word' id='word_1_857' title='bbox 1165 2809 1248 2830; x_wconf 75' lang='lat' dir='ltr'><strong>sacra:</strong></span> <span class='ocrx_word' id='word_1_858' title='bbox 1262 2800 1369 2828; x_wconf 63' lang='lat' dir='ltr'><strong>Litterae</strong></span> <span class='ocrx_word' id='word_1_859' title='bbox 1383 2799 1540 2829; x_wconf 73' lang='lat' dir='ltr'><strong>loauuntnr,</strong></span> <span class='ocrx_word' id='word_1_860' title='bbox 1558 2798 1643 2824; x_wconf 80' lang='lat' dir='ltr'><strong>instar</strong></span> <span class='ocrx_word' id='word_1_861' title='bbox 1657 2800 1778 2823; x_wconf 64' lang='lat' dir='ltr'><strong>matura.r</strong></span> 
     </span>
    </p>
   </div>
  </div>
