1966 3075
165 166 220 197 393

786 169 989 200 ANNALIUM
1009 171 1105 201 PARS
1126 171 1185 202 lIl'.

1733 180 1784 211 Sil

165 225 290 251 κατοικεῖ
302 224 356 250 πᾶν
372 223 402 250 τὸ
417 224 554 260 πλήρωμα
569 225 618 260 τῆς
635 225 761 261 θεότητος
774 227 929 261 σωματιχῶι

982 234 990 261 ι
1005 231 1088 262 atque
1103 228 1223 263 Spiritus
1236 235 1347 258 sanctus
1361 239 1470 260 carnem
1485 236 1636 262 assumenti
1651 237 1783 269 aderant,

163 269 306 296 τουτέστιν
325 269 473 301 ούσιωδῶς.

1001 274 1112 308 quando
1127 274 1257 302 identitas
1271 276 1432 305 substantia:
1448 279 1531 307 dividi
1548 282 1659 316 nequit,
1679 287 1708 309 ut
1727 283 1785 310 exi-

165 317 235 343 mius
255 315 301 343 ille
314 321 410 344 noster
426 317 592 345 Athanasius
607 317 737 352 loquitur.
769 318 874 346 Idcirco
908 319 1008 347 Paulus
1039 321 1122 348 etiam
1157 321 1226 348 dixit
1241 323 1264 338 ¹⁰
1283 323 1310 350 in
1324 323 1435 352 Christo
1457 330 1540 354 totam
1559 327 1710 355 divinitatis
1731 328 1785 363 ple-

163 361 317 389 nitudinem
345 363 525 397 corporaliter
552 363 696 396 habitare,
723 362 750 390 id
779 368 823 391 est
846 364 1043 392 essentialiter.

205 408 368 443 Ὲγκυμονεῖ
381 409 534 443 τηνικαῦτα
548 409 653 442 λοιπὸν,
665 409 796 443 ὀγκοῦται
813 410 830 445 ἡ
848 410 950 445 παρθε-

161 454 224 489 νικὴ
242 455 351 489 γαστὴρ
363 455 460 490 αὐτῆς.
476 455 514 482 Οΰ
535 456 643 491 μικρῶς
666 457 714 482 sui.
727 456 833 488 τούτοις
853 457 867 483 ό
891 457 949 483 Ἰω-

163 501 217 535 σὴφ
237 500 414 535 ταράσσεται,
434 500 572 535 λαθραίως
586 501 723 528 ἀπολῦσαι
741 502 791 536 τὴν
807 502 947 536 ἐγκύμονα

163 547 274 582 μελετᾷ.
291 547 367 579 Θεῖος
387 548 461 582 αὑτῷ
486 548 630 582 ἐφίσταται
655 548 770 582 ἄγγελος
782 549 843 576 κατ’
859 549 945 585 ὄναρ,

161 601 173 619 ι
194 593 240 627 Μὴ
257 592 390 628 φοϐηθῇς,
405 593 503 627 λόγων,
518 593 688 628 παραλαϐεῖν
703 594 823 629 Μαριὰμ
834 594 884 630 τὴν
898 603 947 629 γυ-

157 639 242 666 ναῖκά
259 646 306 665 σου
317 647 323 654 ”
339 639 371 666 τὸ
382 639 435 673 γὰρ
450 640 480 665 ὲν
492 639 563 674 αὐτῇ
583 639 715 674 γεννηθὲν
732 640 765 666 ὲκ
786 640 945 676 Πνεύματός

158 685 233 711 ἔστιν
247 684 337 718 ἁγίου.
354 693 364 711 ι
384 685 520 717 Ἔξυπνος
536 684 584 712 οὖν
598 684 721 720 γεγονὼς
737 686 879 721 παρέλαὸε
894 687 944 722 τὴν

158 731 277 764 γυναῖκα
301 730 397 768 αὐτοῦ,
424 731 472 757 καὶ
496 731 546 757 οὐκ
571 731 723 765 ἐγίνωσκεν
738 732 835 767 αὐτὴν,
851 732 904 764 ἕως
914 729 946 759 οὗ

156 775 236 802 hex:
263 777 310 802 τὸν
320 777 386 804 Υιδν
402 777 487 812 αὐτῆς
506 778 553 804 τὸν
570 778 754 813 πρωτότοκον.
779 780 808 806 '0
831 780 881 815 μὲν
899 778 946 808 οὗν

156 821 249 857 μέγας
261 822 402 855 Βασίλειός
418 832 501 860 φησιν
518 825 560 851 ὅτι
573 824 636 851 οὔτε
655 825 709 860 πρὸ
724 825 771 852 τοῦ
786 826 867 853 τόκου
882 825 945 853 οὔτε

156 868 226 901 μετὰ
236 868 282 895 τὸν
294 868 373 895 τόκον
384 869 454 902 ἔγνω
468 871 518 904 τὴν
530 870 670 905 πάναγνον
683 871 697 898 6
713 871 824 907 Ἰωσήφ.
841 872 879 898 Τὸ
889 872 944 908 γὰρ

1035 411 1094 439 Hoc
1112 417 1191 446 pacto
1212 413 1257 440 illa
1276 418 1356 442 utero
1376 416 1509 451 concipit,
1526 418 1667 452 virgineus
1690 426 1784 448 venter

1001 458 1158 486 intumescit
1172 468 1178 487 :
1194 467 1250 487 non
1270 468 1364 495 parum
1381 461 1517 497 Iosephus
1534 471 1566 491 eo
1589 466 1700 493 nomine
1715 474 1780 500 per-

1001 502 1136 534 turbatur.
1153 511 1338 539 praeguantem
1355 514 1370 533 a
1389 514 1419 534 se
1432 507 1502 534 clam
1518 509 1657 536 dimittere
1671 512 1783 546 cogitat.

999 546 1100 575 Verum
1122 548 1231 576 divinus
1253 551 1367 585 angelus
1382 551 1406 580 ei
1425 560 1473 586 per
1486 561 1613 581 somnum
1629 556 1718 583 adstat
1734 562 1759 584 et
1772 577 1781 588 .

1002 603 1011 618 ι
1028 593 1067 621 Ne
1089 598 1214 627 metuas,
1242 595 1348 630 inquit,
1373 597 1511 626 asciscere
1533 600 1645 628 Mariam
1670 610 1782 630 uxorem

1001 642 1074 666 tuam
1090 648 1096 666 :
1112 647 1174 667 nam
1190 641 1264 675 quod
1287 642 1312 668 in
1335 650 1366 669 ea
1394 645 1515 678 genitum
1543 650 1602 680 est,
1629 655 1662 674 ex
1687 653 1783 676 sancto

1000 683 1102 719 Spiritu
1119 690 1160 713 est
1172 686 1207 724 "f.
1222 696 1231 712 ι
1247 686 1420 722 Quapropter
1445 695 1619 725 experrectus
1645 700 1661 719 a
1684 700 1782 722 somno

998 730 1140 766 coniugem
1172 739 1249 759 suam
1274 733 1394 767 ascivit;
1422 743 1473 763 nec
1493 745 1553 764 eam
1576 740 1722 774 cognovit,
1737 743 1778 767 do-

997 784 1049 804 nec
1066 785 1098 805 ea
1113 778 1217 813 peperit
1233 779 1334 807 Filium
1351 788 1431 808 suum
1448 783 1672 819 primogenitum.
1694 786 1782 821 Atque

995 821 1048 849 hoc
1071 823 1131 850 loco
1151 831 1266 858 magnus
1289 825 1335 853 ille
1358 825 1474 854 Basilius
1494 829 1533 855 ait
1551 829 1702 864 Josephum
1733 840 1782 860 nec

994 872 1058 894 ante
1073 871 1192 902 partum,
1210 876 1262 896 nec
1278 876 1293 896 a
1311 874 1390 904 partu
1409 871 1591 899 castissimam
1611 873 1680 902 hanc
1698 875 1781 910 virgi-

153 914 210 946 ἕως
221 911 258 941 οὗ
276 913 412 950 πολλαχοῦ
432 915 482 949 τῆς
493 916 607 952 Γραφῆς
622 916 750 952 ἀόριστον
767 918 893 954 εὓρηται,
905 919 927 946 ὠ

995 920 1056 939 nem
1072 914 1245 948 cognovisse.
1260 914 1328 942 Nam
1346 916 1509 944 vocabulum
1523 922 1621 950 donec,
1636 919 1691 952 ait,
1709 921 1780 947 mul-

152 961 219 987 ὃταν
239 959 305 997 λέγῃ
316 968 323 975 ·
352 969 362 986 ι
378 961 432 988 Καὶ
447 961 497 996 οὐχ
523 962 696 998 ὑπέστρεψεν
716 964 729 990 ό
740 964 825 999 κόραξ
839 965 892 997 ἓως
910 961 940 992 οὗ

153 1005 290 1040 ἐξηράνθη
308 1006 324 1041 ή
345 1006 398 1041 γῆ·
417 1016 428 1032 ι
457 1007 505 1034 καὶ
533 1008 588 1043 γὰρ
614 1009 630 1035 ὁ
643 1010 728 1044 κόραξ
751 1011 813 1037 οὐδὲ
828 1012 896 1046 μετὰ
910 1011 941 1038 τὸ

152 1051 323 1086 Εηρανθῆναι
351 1052 402 1087 τὴν
430 1053 483 1087 γῆν
514 1054 685 1090 ὑπέστρεψε.
715 1057 770 1083 Καὶ
800 1056 938 1092 ἀλλαχοῦ·

153 1106 164 1123 ι
180 1095 266 1124 Eli-civ
294 1098 308 1124 ό
323 1097 424 1132 Κύριος
443 1098 482 1134 τῷ
498 1100 594 1135 Κυρίῳ
610 1109 673 1136 μου,
695 1102 781 1129 κάθου
797 1103 828 1129 ὲκ
844 1103 939 1136 δεξιῶν

151 1151 215 1178 μου,
227 1143 279 1175 ἕως
294 1144 328 1170 ἂν
345 1144 384 1170 θῶ
398 1146 460 1176 τοὺς
474 1145 590 1180 ἐχθρούς
607 1155 654 1174 σου
666 1147 811 1176 ὑποπόδιον
825 1150 878 1175 τῶν
891 1158 939 1177 πο-

148 1189 202 1216 δῶν
217 1198 276 1216 σου.
298 1199 307 1216 ι
325 1190 410 1225 Εἴπερ
422 1192 472 1218 οὐκ
488 1190 522 1227 ἦν
550 1193 676 1227 ἀόριστον
691 1194 722 1220 τὺ
732 1195 800 1227 ἕως,
820 1195 937 1232 ἐγερθῆ-

148 1244 193 1262 vat
207 1235 300 1263 λοιπὸν
313 1238 432 1271 εἴπαμεν
447 1237 492 1264 τὸν
507 1238 609 1274 Κύριον
624 1240 694 1274 μετὰ
705 1240 734 1266 τὸ
751 1240 863 1274 τεθῆναι
875 1242 936 1274 τοὺς

144 1281 264 1315 ἐχθροὺς
276 1282 359 1309 αὐτοῦ
375 1283 428 1309 ὑπὸ
451 1285 517 1315 τοὺς
536 1285 619 1316 πόδας
644 1286 739 1313 αὐτοῦ.
773 1287 853 1314 Ἀλλὰ
867 1288 912 1314 καὶ¹
923 1290 937 1315 ὁ

145 1327 244 1363 Σωτὴρ
266 1329 384 1363 Χριστὸς
406 1331 465 1361 τοῖς
492 1330 628 1366 μαθηταῖς
641 1332 724 1358 αὑτοῦ
741 1332 819 1367 ἔλεγε
831 1342 838 1348 ·
853 1343 862 1361 ι
881 1334 936 1361 Καὶ

144 1372 244 1408 ἔσομαι
262 1375 323 1409 μεθ’
336 1375 414 1409 ὑμῶν
429 1375 520 1408 πάσας
534 1377 582 1409 τὰς
598 1377 706 1413 ἡμέρας
730 1378 783 1411 ἕως
798 1379 847 1414 τῆς
869 1388 935 1407 συν-

144 1419 264 1452 τελείας.
281 1429 290 1446 ι
309 1421 340 1447 Et
353 1419 400 1448 οὖν
417 1422 467 1449 οὐκ
482 1420 517 1458 ἦν
532 1423 658 1458 ἀόριστον
673 1425 704 1451 τὸ
717 1425 784 1458 ἕως,
801 1426 870 1461 μετὰ
887 1427 935 1462 τὴν

145 1465 304 1492 συντέλειαν
314 1466 406 1495 λοιπὸν
418 1469 448 1495 ού
465 1469 609 1496 συνέσεται
623 1471 679 1502 τοῖς
691 1471 825 1506 μαθηταῖς
836 1473 850 1499 ὁ
863 1473 934 1508 Χρι-

144 1509 218 1540 στός.
232 1511 287 1537 Καὶ
302 1511 356 1547 μὴν
373 1514 386 1540 ό
399 1514 505 1545 Παῦλος
521 1514 592 1542 οὕτω
604 1516 703 1551 φησιν’
728 1526 737 1542 ι
758 1517 933 1554 Ἀρπαγησό-

140 1554 214 1590 “eo:
226 1556 254 1581 ιν
266 1557 392 1591 νεφέλαις
401 1559 441 1590 είς
453 1560 606 1595 ἀπάντησιν
619 1561 665 1588 τοῦ
678 1562 780 1597 Κυρίου
793 1564 832 1595 εἰς
847 1565 930 1599 ἀέρα,

142 1601 190 1627 καὶ
201 1601 274 1628 οὕτω
288 1603 403 1630 πάντοτε
421 1605 469 1631 σὺν
483 1606 578 1641 Κυρίῳ
591 1607 720 1642 ἐσόμεθα.
737 1617 747 1634 ι
767 1609 823 1635 Καὶ
841 1609 928 1637 ταῦτα

142 1646 195 1681 μιν
210 1647 306 1676 τοῦτον
319 1648 374 1684 ἔχει
388 1650 434 1678 τὸν
450 1653 562 1686 τρόπον,
582 1653 596 1679 ό
614 1652 641 1680 δὲ
658 1653 745 1688 μέγας
769 1654 928 1688 Ἀθανάσιός

136 1701 225 1727 φησιν
239 1694 279 1720 ὅτι
295 1695 345 1721 οὐκ
360 1695 509 1728 ἐγίνωσκεν
524 1697 610 1733 αὐτὴν
621 1699 728 1734 ἀληθῶς
743 1699 796 1732 ἕως
810 1697 840 1728 οὗ
852 1701 929 1729 ἔτεκε

136 1739 185 1765 τὸν
195 1738 309 1773 Κύριον.
323 1740 380 1767 οὐκ
393 1741 451 1776 ᾔδει
466 1742 493 1768 τί
504 1742 535 1769 τὸ
547 1744 575 1769 ὲν
586 1744 667 1779 αὐτῇ.
681 1744 769 1771 Μόνον
783 1746 827 1772 ὅτε
839 1746 926 1779 ἔτεκε,

137 1784 199 1811 τότε
212 1785 245 1821 δὴ
260 1787 308 1812 καὶ
323 1787 466 1823 ἐγνώρισε.
485 1789 551 1815 Τότε
563 1789 633 1824 ἔγνω
648 1792 661 1816 ό
678 1790 776 1826 Ἰωσὴφ
796 1792 837 1823 τίς
853 1793 926 1827 ἡδύ-

138 1839 223 1865 ναμις
249 1832 300 1867 τῆς
331 1833 478 1868 παρθένου.
505 1835 573 1862 Τότε
589 1836 670 1870 ἔγνω,
694 1837 738 1863 ὅτε
768 1837 925 1873 ἐξελόχευσε

137 1878 186 1902 καὶ
201 1876 236 1903 τὰ
262 1877 317 1903 τῶν
333 1877 419 1913 λεχῶν
437 1879 467 1906 οὐ
494 1881 671 1915 κατενόησεν,
686 1883 730 1909 ὅτε
752 1883 822 1916 γάλα
857 1892 926 1919 παρ-

133 1921 194 1955 εῖχε
233 1920 377 1957 ξινορῤυὲς
412 1924 460 1950 καὶ
488 1924 573 1960 θηλὴν
599 1927 648 1961 τῆς
684 1929 803 1962 φυσικῆς
838 1929 925 1964 νομῆς

132 1966 292 2002 ἀλλοτρίαν,
319 1968 362 1995 ὅτε
383 1968 469 2004 μαζὸν
486 1970 570 1998 ἔδωκε
597 1974 642 1999 καὶ
666 1973 846 2007 φλεὸοσυλίαν
875 1976 924 2011 οὐχ

134 2014 294 2048 ὑπέμεινεν.
335 2014 416 2042 Ἀλλὰ
446 2016 483 2051 μὴ
516 2017 591 2049 ξένον
622 2018 653 2044 τὸ
683 2020 799 2054 πρᾶγμα
842 2021 920 2056 ὴγοῦ.

131 2059 245 2095 Ἐπειδὴ
259 2060 313 2094 γὰρ
336 2060 402 2093 Θεὸς
415 2059 449 2097 ἦν
475 2062 523 2088 καὶ
544 2063 687 2097 ἄνθρωπος
704 2065 734 2092 τὸ
750 2067 921 2102 τικτόμενον,

132 2106 163 2139 ἐξ
190 2106 314 2140 ἀνάγκης
344 2107 433 2142 ἑαυτῴ
462 2108 604 2141 συνέζευξα
628 2110 663 2137 τά
690 2119 720 2137 τε
749 2112 808 2139 θεῖα
838 2114 872 2140 τα
891 2123 921 2141 τε

127 2151 303 2187 ἀνθρώπινα.
340 2154 396 2180 Καὶ
427 2154 586 2189 ἀνθρώπινα
620 2157 670 2190 μὲν
705 2158 719 2183 ὁ
750 2157 832 2192 ὄγκος
871 2160 921 2195 τῆς

129 2197 261 2232 γαστρὸς,
282 2198 297 2224 ὀ
327 2198 379 2233 τῆς
411 2200 560 2234 κυοφορίας
590 2201 784 2237 ὲνναμηνιαῖος
812 2205 918 2241 καιρὸς,

995 959 1028 985 tis
1042 959 1069 985 in
1083 959 1150 986 locis
1163 967 1304 988 sacrarum
1319 961 1485 990 Litterarum
1501 963 1644 992 indeﬁnite
1656 966 1777 1000 positum

993 1006 1144 1040 reperitur.
1163 1006 1244 1035 Verbi
1266 1008 1353 1043 gratia
1374 1016 1437 1036 cum
1459 1009 1577 1042 dicitur:
1594 1021 1603 1037 ‹
1620 1011 1714 1047 Neque
1736 1022 1779 1041 re—

978 1057 1089 1080 ,versus
1112 1056 1153 1078 est
1176 1059 1293 1085 corvus,
1312 1052 1401 1081 donec
1413 1054 1551 1083 exsiccala
1566 1061 1609 1083 est
1626 1061 1698 1084 terra
1715 1059 1746 1086 ³⁸.
1765 1069 1775 1085 ο

990 1095 1125 1125 Nimirum
1151 1105 1187 1130 ne
1211 1103 1306 1133 postea
1324 1099 1433 1134 quidem
1449 1108 1532 1136 quam
1549 1103 1686 1131 exsiccata
1705 1109 1776 1132 terra

990 1141 1075 1175 foret,
1093 1151 1191 1171 corvus
1209 1144 1254 1172 ille
1272 1154 1400 1174 reversus
1417 1151 1468 1174 est.
1488 1148 1556 1176 Item
1575 1149 1601 1176 in
1621 1150 1675 1177 alio
1693 1151 1753 1179 loco
1769 1161 1776 1179 :

993 1198 1002 1215 ι
1017 1188 1089 1216 Dixit
1104 1189 1236 1218 Dominus
1255 1191 1369 1220 Domino
1384 1202 1456 1226 meo,
1472 1194 1543 1222 Sede
1558 1195 1591 1223 ad
1608 1204 1695 1224 meam
1711 1197 1776 1225 dex-

986 1239 1092 1267 teram,
1111 1236 1198 1264 donec
1214 1237 1297 1272 208
1317 1243 1378 1267 tuos
1395 1240 1488 1269 hostes
1510 1242 1660 1269 scabellum
1678 1243 1776 1278 pedum

989 1285 1096 1309 tuorum
1112 1281 1231 1310 ell‘ecoro
1246 1284 1281 1310 ".
1297 1293 1306 1310 ι
1323 1284 1423 1317 Quodsi
1441 1286 1524 1313 donec
1548 1287 1691 1316 indeﬁnite
1719 1297 1774 1316 non

987 1331 1144 1361 usurpatur.
1159 1333 1242 1356 restat
1256 1334 1285 1356 ut
1299 1329 1422 1359 dicamus
1436 1331 1561 1360 desinere
1575 1334 1719 1361 Dominum
1734 1343 1776 1362 se~

986 1364 1062 1406 dere,
1081 1378 1256 1409 posteaquam
1269 1376 1363 1404 hostes
1378 1377 1463 1411 ipsius
1476 1379 1526 1405 sub
1541 1378 1625 1414 pedes
1634 1379 1693 1413 eius
1708 1380 1775 1408 sub-

984 1418 1048 1452 jecti
1063 1418 1176 1447 fuerint.
1205 1422 1290 1449 Etiam
1307 1423 1450 1458 discipulis
1466 1425 1523 1452 suis
1540 1425 1671 1453 Servatur
1685 1426 1772 1454 dixit:

987 1473 996 1489 ι
1011 1464 1161 1493 Adfuturus
1182 1475 1242 1494 sum
1273 1469 1351 1496 vobis
1372 1475 1532 1504 perpetuo,
1564 1470 1652 1499 donec
1679 1473 1773 1500 sayculi

985 1509 1047 1538 linis
1069 1516 1189 1545 appetat.
1206 1521 1214 1537 ι
1233 1512 1260 1540 Si
1278 1520 1329 1540 vox
1352 1502 1439 1541 donec
1463 1515 1603 1544 indetinita
1629 1525 1683 1544 non
1710 1523 1772 1551 est,

983 1556 1107 1590 sequitur
1119 1557 1261 1586 Christum
1288 1567 1306 1593 a
1324 1560 1418 1588 mundi
1435 1563 1671 1590 consummatione
1688 1564 1773 1591 disci-

981 1602 1053 1637 pulis
1070 1603 1126 1630 suis
1143 1611 1197 1631 non
1215 1605 1386 1633 adiuturum».
1404 1608 1486 1642 Atqui
1504 1607 1606 1636 Paulus
1624 1610 1662 1637 ait
1678 1610 1702 1626 ³³
1728 1610 1771 1637 fu-

981 1653 1071 1676 turum
1087 1654 1116 1676 ut
1129 1650 1156 1677 iu
1166 1651 1259 1678 'nubes
1275 1652 1380 1687 abrepti
1405 1658 1432 1681 et
1462 1654 1552 1689 ipsum
1581 1656 1609 1682 in
1637 1664 1700 1684 aera
1716 1656 1771 1684 Do-

979 1695 1054 1723 mino
1070 1703 1265 1736 occurramus,
1281 1702 1363 1734 atque
1378 1700 1414 1727 ita
1427 1706 1560 1735 perpetuo
1576 1710 1638 1730 cum
1655 1703 1768 1731 Domino

978 1742 1074 1769 simus.
1093 1742 1155 1771 llaec
1179 1752 1193 1771 a
1222 1744 1323 1772 Basilio
1351 1746 1390 1773 sic
1419 1747 1526 1782 prodita
1551 1752 1626 1775 sunt.
1653 1749 1687 1777 At
1712 1758 1769 1777 ma-

977 1796 1046 1823 gnus
1069 1789 1113 1816 ille
1135 1789 1299 1819 Athanasius
1330 1792 1368 1820 ait
1402 1801 1497 1828 reapse
1532 1794 1681 1830 Josepbnm
1712 1805 1767 1824 non

977 1834 1136 1868 cognovisse
1169 1835 1276 1870 ipsam,
1308 1837 1395 1865 donec
1428 1839 1573 1868 Dominum
1604 1842 1764 1876 peperisset.

975 1878 1120 1914 ignorabat
1134 1879 1239 1908 scilicet
1262 1881 1328 1916 quid
1354 1883 1421 1911 illud
1448 1890 1523 1912 esset
1551 1887 1627 1920 quod
1652 1893 1711 1914 erat
1735 1887 1762 1914 in

975 1924 1044 1959 ipsa.
1061 1924 1164 1952 Saltem
1183 1926 1228 1954 ubi
1245 1929 1414 1962 peperisset,
1441 1932 1562 1965 agnovit.
1578 1932 1656 1960 Tunc
1683 1934 1765 1960 nimi-

974 1978 1034 1998 rum
1061 1971 1195 2000 intellexit
1220 1972 1356 2009 Josephus
1382 1984 1442 2011 quae
1462 1977 1500 2004 vis
1515 1983 1588 2005 esset
1605 1979 1677 2007 illius
1707 1982 1762 2009 vir-

973 2017 1056 2052 ginis.
1080 2017 1156 2046 Tunc
1180 2021 1308 2055 cognovit
1324 2029 1384 2049 eam
1404 2028 1512 2058 partqu
1531 2025 1651 2053 edidisse
1667 2028 1757 2055 trullas

963 2056 1024 2090 [tori
1042 2063 1116 2099 leges
1132 2070 1293 2100 expertam,
1320 2076 1381 2095 cum
1409 2069 1450 2097 lac
1477 2079 1549 2098 novo
1573 2076 1600 2099 et
1625 2072 1756 2101 inusitato

973 2110 1053 2137 modo
1072 2119 1184 2138 manans
1201 2113 1383 2152 suppeditavit
1398 2120 1426 2142 et
1445 2113 1646 2145 nutrimentum
1672 2128 1687 2146 a
1712 2128 1759 2147 ua-

973 2156 1052 2182 turali
1069 2156 1225 2190 diversum;
1243 2166 1303 2185 cum
1322 2168 1466 2188 mammam
1486 2163 1599 2197 pnebuit
1612 2185 1618 2197 ,
1637 2173 1668 2192 at:
1683 2167 1760 2193 venis

973 2205 1062 2228 tanicu
1079 2209 1113 2228 ne
1125 2203 1274 2237 quidquam
1290 2205 1448 2234 decederet.
1467 2208 1521 2235 Nec
1537 2209 1689 2237 abhorrere
1708 2220 1758 2246 pu-

128 2242 146 2276 ή
174 2242 222 2268 τοῦ
249 2243 408 2278 τικτομένου
442 2243 562 2279 συνήθης
597 2244 705 2278 ἔξοδος,
737 2248 753 2282 ὴ
787 2249 920 2282 γαλακτο-

983 2246 1042 2273 abis
1059 2246 1116 2275 haec
1129 2256 1143 2274 a
1159 2257 1233 2276 vero.
1254 2249 1320 2276 Nam
1337 2251 1400 2285 quia
1424 2254 1530 2287 pariter
1550 2255 1630 2282 homo
1650 2261 1710 2283 erat
1731 2259 1756 2285 id

127 2288 228 2323 τροφέα
252 2288 300 2315 καὶ
335 2289 351 2324 ή
374 2289 428 2316 ἀπὸ
451 2289 498 2316 τοῦ
527 2291 628 2325 μικροῦ
655 2292 702 2318 ἐπὶ
732 2293 762 2319 τὸ
795 2295 917 2330 καθῆκον

127 2334 212 2361 αὐτοῦ
236 2334 364 2369 σώματος
388 2334 520 2369 αὔξησις·
543 2337 616 2362 κατὰ
639 2337 692 2372 γὰρ
707 2338 753 2365 τὸν
780 2341 916 2376 μακάριον

126 2380 234 2406 Παῦλον
245 2380 355 2407 πάντων
373 2381 538 2416 πεπείραται
553 2383 607 2408 τῶν
621 2383 768 2418 ἡμετέρων
783 2385 848 2413 ἄνευ
866 2388 915 2422 μό-

124 2434 173 2460 νης
187 2426 238 2461 τῆς
251 2426 398 2461 ἁμαρτίας.
417 2427 482 2453 Θεῑι
507 2427 535 2454 δὲ
548 2428 629 2455 πάλιν
645 2431 661 2464 ὴ
678 2431 800 2466 ἄσπορος
817 2433 915 2469 σύλλη-

123 2473 179 2505 ψις,
199 2472 379 2507 ἡπαράδοξος
401 2473 501 2508 κύησις
515 2475 563 2501 καὶ
579 2476 755 2511 ἁῤῥύπαντος
770 2479 911 2514 γέννησις.

124 2519 180 2545 Καὶ
205 2518 285 2545 τοῦτό
312 2520 387 2546 ἐστιν
409 2520 478 2555 ὅπερ
504 2521 520 2556 ἡ
541 2520 666 2556 θεολόγος
689 2523 767 2558 ἔλεγε
783 2524 910 2558 γλῶττα·

124 2574 134 2590 ι
149 2564 238 2599 Νόμοι
257 2563 366 2598 φύσεως
380 2565 571 2594 καταλύονται.
585 2577 594 2593 ι
610 2568 680 2603 Πρὸς
693 2570 748 2602 τοῖς
758 2570 847 2603 ἄλλοις
858 2572 912 2608 γὰρ

123 2610 172 2635 καὶ
185 2609 327 2644 μητρικών
351 2609 455 2638 ὠδίνων
472 2611 584 2638 ἄνευθεν
599 2614 719 2648 Χριστὸν
734 2616 750 2651 ὴ
772 2617 912 2651 πάναγνος

118 2656 215 2682 ἔτεκε·
240 2655 310 2682 κατὰ
326 2656 381 2691 γὰρ
410 2657 455 2683 τὸν
477 2659 669 2694 Δαμασκηνὸν,
701 2661 764 2688 ἔνθα
780 2663 863 2699 ἡδονὴ
880 2665 909 2691 οὐ

121 2703 308 2737 προηγήσατο.
337 2703 450 2735 εἰκότως
479 2705 541 2731 οὐδὲ
566 2705 646 2739 ὀδύνη
675 2707 908 2743 ἐπηκολούθησεν.

120 2749 181 2775 Ὀτι
207 2748 237 2774 δὲ
253 2748 287 2775 τὰ
311 2748 363 2784 τῆς
394 2750 541 2785 κυοφορίας
569 2751 710 2786 παράδοξα
734 2751 816 2788 ἦσαν,
833 2755 880 2781 καὶ
895 2756 909 2782 ό

125 2793 327 2830 Ἀρεοπαγίτης
351 2794 491 2827 Διονύσιος
514 2796 623 2830 ἔδειξεν,
641 2797 728 2830 οὕτως
744 2799 829 2826 εἰπὼν
846 2803 910 2836 περὶ

122 2853 181 2913 1""
193 2851 303 2880 Coluss.
324 2861 354 2885 ιι,
369 2853 394 2881 9.
434 2854 455 2870 '°
467 2853 561 2883 Matth.
578 2863 598 2888 ι,
612 2855 657 2883 20.
697 2857 717 2872 "
741 2856 809 2886 Gen.
826 2866 883 2892 vni,
899 2859 925 2887 7.

139 2896 164 2913 ο.

139 2896 164 2913 ο.

969 2294 1042 2328 quod
1059 2294 1231 2329 gignebatur,
1247 2300 1276 2323 et.
1294 2296 1381 2329 Deus,
1400 2300 1556 2327 necessario
1583 2307 1638 2328 tam
1665 2303 1756 2332 divina

969 2340 1094 2374 quaedam
1112 2350 1193 2376 quam
1212 2343 1330 2370 humana
1348 2345 1503 2379 conjunxit.
1527 2347 1650 2376 ll‘umana
1676 2356 1757 2378 erant.

970 2390 1060 2414 tumor
1074 2387 1125 2414 alvi
1140 2407 1147 2418 ,
1165 2392 1272 2423 tempus
1288 2397 1386 2417 novem
1403 2392 1559 2426 mensium,
1576 2402 1631 2429 quo
1647 2402 1753 2424 uterum

968 2437 1054 2460 mater
1081 2433 1213 2471 gerebat,
1238 2435 1309 2463 fetus
1339 2436 1366 2463 in
1392 2437 1481 2465 lucem
1511 2439 1596 2467 editio
1611 2449 1661 2476 pro
1679 2451 1755 2471 more

968 2478 1056 2510 facta.
1074 2479 1193 2508 lacteum
1215 2482 1414 2511 nutrimentum
1427 2504 1434 2516 .
1451 2493 1465 2511 a
1489 2493 1574 2519 parvo
1594 2488 1628 2515 ad
1652 2497 1755 2518 convc-

968 2525 1088 2552 nientem
1104 2527 1228 2560 corporis
1243 2529 1598 2558 staturamincrementum.
1613 2531 1691 2565 Nam,
1716 2535 1752 2560 uti

968 2571 1064 2598 beatus
1078 2570 1123 2598 ille
1136 2571 1235 2599 Paulus
1248 2574 1285 2599 ait
1295 2573 1327 2604 ³⁸,
1341 2580 1471 2609 expertus
1485 2578 1629 2605 est’omnia
1643 2584 1749 2611 nostra,

965 2617 1023 2644 solo
1040 2623 1152 2651 percalo
1166 2623 1290 2653 excepto.
1307 2620 1424 2647 liursnm
1446 2622 1537 2650 divina
1554 2629 1633 2651 erant
1652 2632 1749 2659 expers

964 2662 1079 2690 seminis
1096 2664 1253 2698 conceptio,
1271 2671 1365 2700 partus
1383 2667 1547 2701 inusitatus,
1576 2669 1642 2695 nulli
1668 2669 1748 2696 foedi—

965 2708 1013 2735 tati
1039 2709 1175 2744 nullisque
1197 2711 1325 2738 sordibus
1351 2712 1469 2740 obnoxia
1489 2713 1629 2741 uativitas.
1657 2714 1747 2750 Atque

963 2755 1016 2782 hoc
1044 2755 1111 2783 illud
1137 2761 1179 2784 est
1206 2757 1278 2792 quod
1301 2757 1447 2794 Gregorius
1471 2759 1625 2793 Theologus
1653 2761 1746 2788 dixit:

963 2811 973 2828 ‹
990 2801 1077 2838 Leges
1103 2807 1207 2831 naturae
1231 2803 1387 2832 solvuntur.
1405 2815 1413 2831 ι
1437 2804 1503 2832 Nam
1521 2805 1592 2833 inter
1607 2806 1658 2834 alia
1676 2807 1745 2835 citra

988 2860 1010 2877 ³³
1024 2860 1093 2888 Psal.
1111 2868 1166 2893 ctx,
1186 2862 1207 2888 Ι.
1248 2861 1290 2888 ³³1
1307 2862 1403 2890 Thess.
1420 2871 1454 2895 IV,
1477 2863 1518 2891 l0.
1556 2863 1577 2880 ³³
1592 2864 1673 2893 llcbr.
1690 2874 1745 2899 xiv,
