1966 3075
112 153 163 185 παπ

739 163 940 196 ANNALIUM
962 166 1058 197 PARS
1079 167 1135 200 Ill.

1689 174 1740 205 398

112 224 181 246 τοις.
208 214 291 241 Ἀλλὰ
319 215 358 250 μὴ
387 217 432 243 ἐπὶ
451 217 533 244 πλέον
550 217 723 253 ᾶμφίόαλλε’
738 221 799 248 οῦδὲ
818 221 873 256 γὰρ
889 222 901 248 ὁ

955 223 1067 255 tionem,
1088 224 1123 251 de
1141 223 1251 252 sublimi
1280 225 1456 261 descensum,
1472 228 1579 264 aliaque
1597 230 1670 258 talia.
1688 233 1740 259 Vc-

111 261 233 291 τοεοῦτος
259 262 348 298 ἀστὴρ
374 261 413 295 εἷς
441 264 574 300 ἐτύγχανε
601 266 658 293 τῶν
684 267 802 301 πολλῶν,
827 267 902 299 οὓςὸ

113 307 181 339 Θεὸς
201 308 230 333 ὲν
242 307 282 342 τῷ
295 308 468 343 στερεώματι
490 311 551 338 κατ’
571 311 659 346 ἀρχὰς
674 312 761 344 ἔθετο,
777 312 846 340 άλλά
858 313 904 340 δύ-

114 356 196 388 ναμίς
225 363 268 385 τις
292 356 409 391 ἀόρατος
435 354 480 391 ἦν,
496 358 537 388 είς
568 358 671 393 ταύτην
697 367 903 394 μετασχηματι-

115 400 210 428 οθείσα
245 401 295 438 τὴν
317 402 401 437 ὖψιν,
432 403 470 435 ὡς
499 405 513 430 ὁ
541 405 745 440 χρυσορῤήμων
776 406 903 442 Ἰωάννης

114 448 208 482 φησίν.
223 449 298 475 Ἔδει
314 449 368 484 γὰρ
381 451 427 477 καὶ
443 450 490 477 ἐπὶ
511 451 658 486 παραδόξῳ
675 452 789 488 τοιαύτῃ
805 454 904 487 γεννή-

115 503 156 520 σει
181 494 229 521 καὶ
254 495 407 530 παράδοξον
429 497 534 532 ἀστέρα
555 497 682 531 γενέσθαι
709 499 834 533 μηνυτὴν
856 500 903 526 καὶ

113 541 296 576 προάγγελον,
324 542 362 574 ὡς
389 542 404 568 ὁ
433 542 571 576 οειότατός
605 553 672 580 φησι
697 545 847 580 Κύριλλος·
879 547 904 573 εῐ

115 588 153 623 μὴ
185 588 239 623 γὰρ
266 588 346 616 τοῦτο
379 587 425 624 ἦν,
456 590 506 618 οὐκ
527 591 560 618 ἂν
586 591 633 618 ἰπὶ
667 592 796 619 τοσοῦτον
824 592 905 626 ἔφαι-

114 640 170 664 νεν,
186 632 236 658 οὐκ
263 632 296 659 ἂν
323 633 352 659 ὲν
375 634 469 669 ἡμέρᾳ
495 636 565 670 μέσῃ
588 636 638 668 τὰς
656 637 772 672 ἡλιακὰς
787 638 904 670 ἀκτῖνας

116 678 343 713 ὑπερηκόντιζεν.
358 678 389 706 El
409 680 447 714 μὴ
467 680 548 707 τοῦτο
558 681 602 715 ἦν,
619 681 670 708 οὐκ
685 683 718 708 ἂν
732 683 824 709 ἔπεισε
840 683 903 715 τοὺς

114 724 226 758 Μάγους
241 724 350 752 ἐκεῖθεν
363 726 513 761 ἐγερθῆναι
530 729 578 755 καὶ
599 729 736 763 τοσαύτην
752 729 812 756 ὁδὸν
828 730 903 757 στείη

114 769 226 803 λαοθιι,
252 771 303 797 οὐκ
325 771 360 798 ἂν
381 771 454 799 οὕτω
478 773 642 807 θαυμασίως
664 776 705 806 εἰς
726 776 903 811 Ἰεροσόλυμα

113 816 229 852 ἤγαγεν,
248 817 299 844 οὐκ
320 817 354 844 ἂν
379 817 409 850 ἐξ
434 818 518 853 ὕψους
543 821 722 854 συγκατασὰς
745 822 838 848 ὲπάνω
854 821 902 849 τοῦ

113 862 258 896 τεχθέντος
273 862 339 898 ἔστη
354 864 477 897 παιδίου,
489 865 540 891 οὐκ
557 865 589 892 ἂν
601 867 720 901 ἄφαντος
733 869 804 902 μετὰ.
817 868 904 895 ταῦτα

114 908 351 944 ὲγένετο.¹Επειδὴ
374 910 428 945 γὰρ
443 900 704 947 ὸδηγοὺμενοιγπαᾴ
719 900 802 939 αὐτοῦ
818 922 903 948 προσ-
920 900 939 927 Β

115 955 263 990 εληλύθασι
287 956 325 991 τῷ
348 956 460 991 Χριστῷ
486 958 534 984 καὶ
553 958 588 993 τῇ
603 959 669 985 κατ’
679 959 760 986 αὐτὸν
786 960 904 986 άπλανεϊ

66 1029 72 1034 ,
115 1002 346 1036 πίστειγεγόνασι
363 1003 486 1038 κάτοχοι,
497 1004 788 1038 χειραγωγίαςοὺκέτι
806 1004 902 1031 τοιαύ-

113 1050 294 1084 της,ὲδέοντο.
317 1049 413 1076 Ἐνοεν
436 1058 479 1076 τοι
509 1046 556 1077 καὶ
587 1051 647 1077 κατ’
675 1051 743 1092 ὕναρ
760 1060 903 1087 χρηματι-

115 1096 224 1128 σθέντες
248 1096 282 1123 δι’
301 1096 386 1131 mm
402 1096 463 1124 ὀδοῦ
483 1097 664 1134 ἀνεχώρησαν
683 1099 723 1130 εἰς
741 1100 792 1134 τὴν
806 1099 903 1135 χώραν

114 1143 219 1170 αὐτῶν.

150 1238 223 1274 Πρὸς
238 1238 344 1269 τούτοις
359 1237 398 1271 δὲ,
417 1238 553 1273 ἀγαπητὲ,
568 1238 618 1274 τὴν
640 1238 688 1266 τοῦ
701 1239 731 1265 ἐν
743 1239 902 1276 Βουλγαρίᾳ

113 1285 335 1319 ἀρχιιπισκόπου
361 1284 493 1320 ἐξήγησιν
512 1285 558 1311 ἐπὶ
572 1285 655 1319 μέσου
669 1287 817 1320 παράγεις,
834 1287 902 1314 κάν-

113 1327 209 1354 τεῦθεν
225 1328 379 1364 διισχυρίζῃ
397 1329 435 1363 μὴ
456 1330 486 1355 ἑν
500 1329 576 1364 αὐτῷ
590 1330 630 1365 τῷ
643 1330 780 1366 σπηλαίῳ,
798 1332 856 1358 ἀλλ’
873 1333 902 1359 ἐν

112 1373 187 1409 οίκίᾳ
212 1373 341 1408 γενέσθαι
356 1375 409 1401 τινὶ
428 1375 478 1409 τὴν
491 1376 568 1410 παρὰ
584 1376 639 1402 τῶν
656 1376 759 1410 Μάγων
777 1378 901 1411 προσκύ-

112 1429 202 1456 νησιν.
221 1421 251 1447 Ὀ
266 1422 319 1456 γὰρ
342 1421 415 1452 θεῖος
442 1417 520 1453 οὗτος
546 1422 617 1456 ἀνὴρ
634 1423 666 1449 ὲκ
692 1423 748 1450 τῶν
765 1423 812 1450 τοῦ
830 1424 901 1450 κατὰ

112 1467 255 1494 Ματθαῖον
269 1467 450 1501 Εὐαγγελίου,
467 1469 504 1498 ὼς
529 1469 628 1500 ἔοικεν,
650 1469 823 1504 ὁρμώμενος,
845 1470 901 1497 τῶν

112 1513 185 1540 οὕτω
202 1513 266 1546 περὶ
282 1513 335 1539 τῶν
347 1513 449 1547 Μάγων
462 1513 610 1548 λεγόντων·
630 1524 639 1540 ι
653 1515 705 1540 Καὶ
722 1515 845 1546 ἐλθόντες
860 1517 902 1548 εἰς

954 276 1014 296 rum
1034 269 1092 297 haec
1110 270 1194 298 nolim
1210 271 1258 298 tibi
1272 271 1388 299 nimium
1404 274 1505 308 negotii
1521 274 1664 304 facessere.
1680 278 1739 304 Non

953 316 1024 342 enim
1051 316 1109 343 haec
1125 317 1203 345 stella
1222 317 1255 345 de
1278 318 1386 346 illorum
1409 320 1529 348 siderum
1546 329 1664 356 numero
1680 323 1739 355 fuit,

953 369 1014 396 qua:
1039 362 1120 390 initio
1139 371 1229 391 rerum
1249 363 1320 392 Deus
1343 365 1369 392 in
1389 365 1561 395 ﬁrmamento
1583 369 1738 402 collocavit,

954 407 1001 435 sed
1022 413 1143 443 potestas
1161 410 1284 444 qumdam
1302 409 1515 446 inaspectabilis,
1535 414 1563 440 in
1580 413 1738 449 hujusmodi

954 454 1072 488 speciem
1105 454 1317 490 transformata,
1355 458 1584 492 quemadmodum
1616 459 1738 488 Joannes

953 499 1164 534 Chrysostomus
1195 500 1243 528 ait.
1268 500 1419 536 Oportebat
1442 494 1514 529 enim
1542 503 1568 530 in
1597 505 1740 531 nativitatc

953 545 1108 573 admirabili
1135 551 1162 574 et
1185 547 1315 576 inusitata
1338 548 1420 576 etiam
1448 549 1554 577 stellam
1579 559 1679 578 novam
1709 560 1741 579 ac

955 591 1116 620 inusitatam
1140 593 1219 626 oriri,
1239 601 1300 628 quae
1326 595 1407 622 iudex
1434 600 1509 623 esset
1530 603 1561 624 ac
1576 596 1658 632 210
1673 605 1741 632 pra:-

954 637 1062 669 nnntia.
1090 638 1170 666 sicuti
1193 639 1304 668 divinus
1330 639 1375 667 ille
1393 640 1510 677 Cyrillus
1526 642 1656 676 loquitur.
1675 643 1739 670 Nam

954 682 1057 718 absque
1078 683 1123 711 illo
1138 685 1219 716 foret,
1236 692 1290 711 non
1317 689 1421 712 tantum
1442 686 1510 714 lucis
1537 691 1564 714 et
1586 687 1740 721 splendoris

955 727 1108 760 habuisset,
1125 737 1181 756 non
1201 731 1293 758 medio
1308 731 1351 758 die
1369 732 1463 759 radios
1488 733 1592 761 solares
1614 741 1742 769 Superas-

953 778 1005 805 set,
1024 782 1079 802 non
1099 775 1185 810 Magis
1208 778 1390 811 persuasisset
1416 783 1446 805 ut
1468 786 1484 806 e
1509 779 1595 813 patria
1624 779 1742 814 profecti

955 824 1060 848 tantum
1088 821 1194 849 itineris
1219 823 1401 858 susciperent,
1427 831 1482 851 non
1508 832 1555 852 eos
1582 826 1661 853 modo
1686 830 1741 853 tant

954 867 1106 895 admirabili
1122 869 1300 903 perduxisset
1315 869 1545 905 Hierosolymam,
1561 880 1616 899 non
1639 880 1671 900 ex
1688 873 1742 900 alto

955 919 985 939 se
1006 912 1155 940 demittens
1174 921 1255 949 supra
1283 920 1376 942 natum
1400 916 1530 943 infantem
1556 917 1742 949 constitisset.

955 966 1009 986 non
1026 959 1155 994 deinceps
1171 961 1294 996 conspici
1310 961 1445 990 desiisset.
1462 962 1644 997 Posteaquam
1667 963 1742 992 enim

954 1005 988 1032 ab
1003 1005 1122 1032 ea'ducti
1141 1006 1173 1033 ad
1192 1006 1332 1034 Christum
1356 1013 1528 1035 accesserant
1543 1013 1570 1036 et
1585 1016 1648 1036 vera
1665 1009 1740 1036 illum

955 1051 1007 1078 fide
1023 1052 1139 1087 amplexi
1168 1052 1288 1085 fuerant,
1313 1061 1368 1080 non
1392 1054 1447 1088 jam
1469 1055 1585 1089 amplius
1609 1055 1741 1089 ejusmodi

955 1094 1178 1126 manuduetioni's
1219 1099 1346 1134 egebant.
1385 1100 1504 1134 ldeoque
1548 1101 1660 1128 oraculo
1693 1109 1743 1136 per

953 1144 1073 1178 quietem
1095 1144 1226 1172 admoniti
1252 1145 1304 1172 alia
1327 1144 1371 1173 via
1390 1146 1472 1173 'suam
1492 1146 1520 1174 in
1538 1147 1652 1182 pati-iant
1677 1151 1742 1174 sunt

955 1191 1069 1217 reversi.
1515 1185 1519 1188 ’

988 1234 1125 1264 Fortassis
1138 1241 1243 1270 autem,
1264 1237 1363 1265 dilecte
1389 1238 1437 1268 fili.
1455 1237 1589 1273 Bulgaria:
1604 1238 1742 1274 pontificis

953 1282 1155 1310 enarrationem
1171 1283 1198 1310 in
1214 1283 1334 1310 medium
1353 1284 1487 1319 prolatam
1509 1285 1590 1312 nobis
1605 1293 1741 1320 apportes,

952 1333 979 1355 et
997 1335 1029 1354 ex
1050 1335 1081 1354 ea
1097 1328 1227 1362 probabis
1241 1336 1297 1356 non
1313 1329 1340 1355 in
1358 1329 1500 1363 spelunca,
1517 1329 1564 1357 sed
1575 1330 1656 1358 domo
1673 1339 1740 1366 qua-

952 1373 1014 1400 dam
1031 1373 1168 1401 Christum
1186 1381 1201 1400 a
1230 1373 1314 1409 Magis
1332 1374 1475 1402 adoratum
1500 1382 1572 1402 esse.
1602 1375 1737 1403 Nimirum

952 1419 1062 1446 divinus
1079 1414 1126 1447 illé
1144 1420 1196 1452 vir,
1212 1421 1358 1448 occasione
1376 1421 1409 1448 de
1426 1421 1517 1449 verbis
1535 1421 1673 1457 Evangelii
1692 1429 1740 1456 per

951 1465 1108 1493 Matthzeum
1134 1466 1282 1501 conscripti
1312 1471 1430 1502 sumpta,
1459 1475 1519 1502 quae
1541 1468 1574 1494 de
1598 1467 1683 1503 Magis
1705 1467 1741 1494 ita

952 1511 1122 1545 loquuntur:
1143 1521 1152 1538 ι
1180 1512 1298 1547 ingressi
1317 1513 1427 1540 domum
1446 1513 1547 1541 ibidem
1567 1521 1628 1540 cum
1657 1518 1744 1540 matre

112 1559 162 1593 τὴν
178 1559 267 1585 οἰκίαν
281 1557 394 1589 εἶδον,τδ
410 1559 516 1586 παιδίον
534 1559 603 1594 μετὰ
612 1560 721 1594 Μαρίας
734 1561 781 1596 τῆς
795 1563 899 1597 μητρὸς

953 1557 1036 1584 Maria
1055 1565 1171 1592 puerum
1189 1557 1319 1585 viderunt
1330 1558 1364 1591 ",
1386 1568 1394 1584 ι
1415 1558 1511 1585 scribit
1525 1564 1744 1587 cnnsrntaneum

111 1603 207 1636 αὑτοῦ,
226 1612 236 1628 ι
255 1603 302 1629 καὶ
326 1603 389 1630 τάδε
415 1605 509 1638 φησὶν,
525 1605 566 1630 ὅτι
587 1604 657 1639 μετὰ
678 1605 708 1631 τὸ
734 1605 899 1640 γεννηθῆναι

111 1649 158 1674 τὸν
177 1649 280 1683 Κύριον
309 1649 356 1687 καὶ
380 1650 409 1675 ὲν
424 1651 457 1684 τῇ
478 1652 565 1684 φάτνῃ
582 1650 762 1685 ἀνακλιθῆναι
775 1652 850 1684 εἰκὸς
865 1650 900 1687 ἦν

112 1694 259 1729 εὑρεθῆναι
288 1696 334 1721 καὶ
359 1696 448 1722 οἰκίαν
469 1697 540 1729 τινὰ,
558 1698 588 1723 ὲν
640 1698 712 1733 παρὰ
726 1697 779 1724 τῶν
795 1699 900 1732 Μάγων

113 1740 164 1774 τὴν
185 1739 376 1774 προσκύνησιν
404 1739 545 1772 δέξασθαι.
563 1741 618 1767 Καὶ
631 1741 645 1767 ό
663 1740 712 1775 μὲν
737 1741 899 1775 διαληφθεὶς

111 1788 184 1822 ἀνὴρ
200 1787 273 1814 ἔοικε
302 1787 451 1823 προφανῶς
479 1787 570 1820 λέγειν
600 1787 638 1822 μὴ
656 1788 684 1812 ἐν
701 1787 741 1822 τῷ
761 1788 898 1822 σπηλαίῳ,

111 1831 176 1867 ὲνῷ
192 1833 240 1860 καὶ
256 1834 272 1868 ἡ
288 1833 389 1868 φάτνη,
408 1832 471 1864 τοὺς
491 1833 606 1866 Μάγους
623 1832 688 1858 ἰδεῖν
703 1832 748 1859 τὸν
764 1833 898 1866 Χρκττόνο

111 1882 126 1907 ὁ
137 1880 166 1907 δὲ
179 1880 229 1914 τὴν
245 1879 370 1913 γλῶτταν
389 1878 508 1914 χρυσοῦς
533 1878 570 1904 τά
585 1887 615 1904 τε
630 1879 680 1913 τῆς
695 1878 786 1909 οἰκίας
801 1878 900 1912 tsqut-

111 1927 206 1958 σάςων
224 1926 272 1952 καὶ
302 1927 336 1952 τὰ
359 1926 409 1959 τῆς
438 1925 543 1959 φάτνης
563 1924 649 1960 αὐτῆς
663 1924 736 1951 οὕτω
748 1926 841 1959 φησὶν,
857 1925 899 1950 ὅτι

109 1972 232 1999 τεκοῦσα
255 1972 306 2007 μὲν
322 1971 423 2003 εὐθέως
443 1971 620 1998 κατέκλινεν·
647 1972 705 1997 ἐκεῖ
731 1971 837 1997 πολλῶν
853 1972 900 1997 καὶ

111 2019 165 2054 γὰρ
183 2019 332 2045 συνιόντων
357 2018 402 2044 διὰ
419 2017 469 2053 τὴν
487 2018 653 2052 ἀπογραφὴν
673 2018 723 2044 οὐκ
750 2015 784 2053 ἦν
810 2018 900 2044 οἰκίαν

111 2066 216 2100 εὗρεῖν.
233 2065 358 2100 Παράγει
385 2063 414 2090 δὲ
441 2064 489 2090 καὶ
503 2064 548 2090 τὸν
561 2063 700 2090 θειότατον
715 2064 824 2090 Λουκᾶν
842 2066 902 2090 ἑπι-

111 2111 285 2147 σημαίνρντα
310 2108 392 2135 τοῦτο
406 2108 454 2135 καὶ
468 2108 583 2142 λέγοντα
598 2109 640 2135 ὅτι
667 2109 712 2135 διὰ
731 2108 762 2134 τὺ
780 2107 818 2144 μὴ
829 2107 900 2135 εἶναι

110 2157 196 2183 τόπον
224 2156 253 2181 ὲν
276 2154 316 2190 τῷ
347 2154 531 2189 καταλύματι,
547 2155 687 2181 ἀνέκλινεν
707 2154 789 2181 αὐτὸν
816 2156 844 2181 ὲν
866 2156 899 2190 τῇ

111 2203 212 2236 φάτνῃ,
231 2199 300 2235 μετὰ
310 2199 338 2226 δὲ
348 2199 427 2225 τοῦτο
442 2199 565 2225 ἀνείλετο
580 2199 627 2225 καὶ
646 2198 760 2225 ἐπὶτῶν
776 2198 900 2231 γονάτων

110 2247 196 2284 εἶχεν.
218 2247 300 2273 Ἀλλὰ.
315 2245 363 2272 καὶ
380 2246 409 2272 ὲν
433 2247 465 2280 τῇ
496 2245 544 2272 τού
571 2246 642 2272 κατὰ
666 2245 808 2273 Ματθαῐον
832 2241 899 2280 Exim

110 2294 206 2329 ὁμιλίᾳ
223 2293 289 2327 περὶ
315 2291 371 2319 τῶν
384 2292 491 2326 Μάγων
507 2290 578 2318 οὕτω
595 2292 681 2326 φησί·
697 2300 707 2317 ι
724 2291 757 2318 Τί
779 2291 808 2318 δὲ
829 2291 899 2323 ὅλως

111 2341 159 2367 καὶ
175 2339 315 2375 βασιλείας
331 2338 467 2373 σύμϐολον
484 2335 566 2371 εἶδον,
591 2338 714 2373 καλύὸην
728 2338 775 2365 καὶ
794 2337 900 2373 φάτνην

111 2387 159 2413 καὶ
172 2385 280 2412 παιδίον
290 2385 319 2410 ἐν
334 2384 502 2421 σπαργάνοις
517 2384 563 2410 καὶ
579 2385 685 2420 μητέρα
705 2384 823 2419 πτωχὴν,
832 2384 900 2410 ἰδόν-

110 2437 174 2461 τε;;
188 2439 198 2454 ι
215 2429 270 2461 Καὶ
283 2428 344 2463 μετ’
360 2428 454 2462 ὀλίγα·
474 2437 483 2454 ι
500 2428 562 2460 [ιὼς
579 2428 609 2454 δὲ
636 2429 683 2454 κα)⁸
697 2428 711 2454 ό
727 2429 825 2463 ἀστὴρ,
838 2427 901 2454 είπέ

111 2485 169 2511 μοι,
183 2475 268 2502 τόπον
280 2474 353 2502 οὕτω
369 2475 463 2501 στενὸν
478 2474 584 2510 φάτνης
594 2498 598 2502 Α
609 2474 658 2501 καὶ
682 2474 806 2510 καλύσην
830 2475 902 2501 sset-

111 2530 204 2555 κνυεν,
223 2523 247 2549 εί
267 2523 305 2556 μὴ
324 2522 355 2548 τὺ
380 2521 482 2557 ὑψηλὸν
498 2521 588 2547 ἐκεῖνο
604 2521 684 2555 ἀφεὶς
707 2521 782 2548 κάτω
797 2521 900 2562 κατέϐη

111 2570 161 2594 καὶ
177 2568 248 2603 ὑπὲρ
264 2568 350 2603 αὐτῆς
370 2569 435 2602 ἔστη
456 2568 506 2602 τῆς
522 2566 648 2602 κεφαλῆς
678 2566 726 2594 τοῦ
750 2567 875 2600 παιδίου;
888 2577 898 2593 ι

112 2615 168 2642 Καὶ
185 2615 255 2649 μετὰ
272 2614 361 2641 ταῦτα
372 2621 380 2629 ο
396 2624 405 2639 ι
426 2614 505 2640 Ἐπεὶ
517 2613 564 2640 οὖν
580 2614 669 2649 ἤγαγε
685 2614 732 2640 καὶ
752 2613 903 2648 ἐχειραγώο

110 2655 193 2696 imae,
209 2661 256 2687 καὶ
269 2661 338 2694 πρὸς
352 2661 401 2696 τὴν
413 2661 518 2695 φάτνην
527 2660 652 2694 ἔστησεν⁷
669 2660 762 2686 ούκέτι
774 2660 809 2686 δι’
820 2660 901 2687 ἀστέ-

112 2715 168 2742 ρος,
190 2706 260 2732 ἀλλὰ
277 2706 311 2732 δι’
327 2706 444 2740 ἀγγέλου
460 2706 554 2732 λοιπὸν
584 2705 677 2736 αὐτοῖς
705 2705 873 2739 διαλέγεται.
890 2716 898 2731 ι

112 2753 165 2780 Καὶ
192 2753 222 2779 ὲν
249 2753 283 2788 τῇ
312 2752 393 2788 ὀγδόῃ
412 2753 440 2779 δὲ
461 2753 557 2788 ὁμιλίᾳ
572 2753 643 2779 κατὰ
658 2751 731 2785 λέξιν
747 2751 819 2778 οὕτω
835 2752 903 2787 φησὶ

111 2799 175 2836 περὶ
188 2798 244 2825 τῶν
256 2798 378 2833 Μάγων·
398 2797 496 2825 ιἈ),λὰ
509 2799 536 2824 τί
550 2798 580 2825 τὸ
589 2799 688 2826 πεῖσαν
704 2798 802 2830 αὐτοὺς
817 2807 902 2834 προσ-

121 2878 125 2882 .
146 2893 277 2922 "Matth.
296 2901 326 2927 ll,
358 2893 397 2921 ll.
438 2895 458 2911 ³⁷
472 2893 539 2922 Luc.
563 2902 593 2926 ιι,
615 2891 643 2922 7.¹

951 1610 1023 1635 esse,
1042 1609 1104 1638 post
1119 1603 1144 1631 id
1167 1604 1296 1638 temporis
1310 1612 1364 1638 quo
1377 1605 1470 1631 editus
1492 1605 1518 1631 in
1539 1605 1628 1632 lucem
1646 1606 1685 1634 Do
1697 1606 1738 1632 mi-

951 1657 1003 1677 nus
1019 1651 1045 1676 in
1065 1650 1181 1685 prmsepi
1200 1651 1350 1677 reclinatus
1378 1650 1471 1683 fuerit,
1496 1651 1634 1679 inventam
1652 1652 1737 1680 fuisse

951 1696 1061 1723 domum
1077 1696 1223 1731 quamdam
1239 1696 1265 1722 in
1283 1703 1334 1730 qua
1360 1696 1427 1732 Magi
1453 1705 1514 1724 cum
1529 1703 1737 1726 venerarentur.

950 1741 1080 1776 Adeoque
1115 1743 1204 1777 palam
1233 1741 1460 1777 Theopbylaetus
1489 1742 1613 1770 indicare
1637 1744 1745 1771 videtur

951 1786 1044 1822 Magos
1058 1786 1198 1814 Christum
1213 1787 1240 1814 in
1255 1791 1336 1815 antro
1351 1787 1399 1815 illo
1410 1795 1464 1815 non
1479 1789 1666 1823 conspexisse,
1687 1797 1743 1824 quo

951 1839 1074 1868 praesepe
1089 1832 1292 1860 continebatur.
1312 1832 1414 1860 Verum
1435 1833 1650 1869 Cbrysostomus
1671 1835 1745 1864 inter

951 1885 982 1904 se
1011 1881 1065 1903 tam
1087 1884 1118 1903 ea
1134 1884 1195 1911 quae
1217 1876 1251 1903 de
1273 1877 1352 1903 domo
1372 1877 1504 1905 dicuntur
1530 1886 1611 1913 quam
1630 1887 1692 1914 quae
1708 1880 1743 1907 de

950 1923 1066 1957 praescpi
1085 1922 1246 1961 concilians,
1263 1922 1315 1950 Ubi
1333 1923 1462 1957 primum,
1474 1925 1665 1958 inquit,mater
1677 1934 1740 1954 eum

953 1969 1115 2002 peperisset,
1135 1968 1161 1995 in
1175 1968 1291 2003 praasepi
1307 1969 1459 1997 reclinavit.
1473 1969 1580 2005 Quippe
1595 1972 1666 2004 quod
1682 1979 1742 1999 ma-

951 2023 1011 2050 gnae
1027 2015 1168 2042 hominum
1193 2014 1279 2048 copim
1303 2022 1404 2042 census
1425 2023 1507 2042 causa
1533 2016 1742 2049 confluxissent,

951 2061 1062 2088 domum
1085 2061 1210 2088 invenire
1227 2069 1280 2088 non
1306 2066 1465 2096 potuerant.
1491 2062 1557 2097 Ejus
1575 2063 1616 2090 rei
1644 2068 1741 2091 testem

951 2107 1017 2135 citat
1029 2107 1142 2139 Lucam,
1156 2107 1202 2141 qni
1218 2106 1308 2134 verbis
1321 2107 1396 2134 hisce
1410 2107 1481 2134 idem
1496 2108 1634 2136 innuerit:
1651 2117 1659 2133 ι
1673 2108 1742 2141 Quia

952 2152 979 2178 in
996 2152 1148 2179 diversorio
1163 2152 1240 2179 locus
1261 2159 1315 2178 non
1332 2155 1416 2184 esset,
1438 2151 1466 2178 in
1486 2148 1603 2187 praesepi
1620 2161 1683 2180 eum
1697 2161 1742 2180 re-

952 2197 1065 2224 clinavit
1083 2197 1116 2224 ".
1135 2206 1144 2222 )
1172 2197 1261 2231 Atque
1285 2196 1348 2224 inde
1372 2201 1434 2231 post
1459 2205 1523 2224 eum
1551 2198 1690 2225 sublatum
1714 2199 1741 2226 in

953 2251 1042 2278 genua
1065 2243 1220 2270 collocavit.
1237 2243 1311 2270 idem
1338 2243 1366 2269 in
1385 2250 1479 2270 earum
1496 2243 1650 2271 orationum
1666 2249 1742 2272 sexta

953 2289 1052 2318 uitibus
1077 2288 1254 2321 Erangelinm
1276 2288 1396 2316 Matthzei
1418 2289 1587 2323 explanavit,
1613 2291 1641 2317 in
1671 2291 1743 2318 hunc

954 2331 1065 2363 moduni
1095 2336 1129 2362 de
1151 2334 1236 2370 Magis
1263 2335 1407 2370 loquitur:
1430 2343 1440 2360 ι
1460 2335 1529 2362 Cum
1553 2336 1691 2371 tugurium
1716 2341 1744 2364 et

955 2389 1075 2417 prasepe
1099 2385 1126 2408 et
1153 2381 1246 2408 fasciis
1269 2381 1422 2408 involutum
1444 2389 1560 2416 puerum
1576 2386 1604 2409 et
1626 2387 1747 2410 matrem

955 2435 1104 2464 pauperem
1132 2431 1290 2459 cernerent,
1323 2427 1476 2462 quodnam,
1505 2427 1635 2460 obsecro,
1666 2429 1742 2463 regni

952 2475 1058 2510 signum
1074 2474 1201 2501 videbant
1216 2474 1228 2500 ἵ
1246 2482 1255 2500 ι
1273 2474 1305 2500 Et
1323 2474 1404 2508 paulo
1421 2478 1494 2508 post.
1519 2483 1528 2500 ι
1546 2473 1686 2506 Quonam,
1701 2475 1746 2501 in—

951 2522 1020 2556 quit,
1038 2524 1116 2554 pacto
1134 2520 1187 2556 (dic
1201 2519 1280 2554 mihi)
1297 2519 1373 2547 stella
1394 2523 1448 2546 tam
1466 2524 1555 2546 artum
1570 2520 1701 2555 praesepis
1715 2524 1743 2547 et

953 2567 1052 2602 tugurii
1070 2567 1159 2594 loeutn
1185 2566 1334 2603 indicabat,
1352 2566 1375 2593 si
1393 2573 1447 2593 non
1473 2565 1571 2593 relicto
1587 2566 1696 2594 sublimi
1712 2574 1742 2593 se

951 2613 1062 2641 demisit
1086 2617 1113 2640 et
1137 2620 1219 2647 supra
1244 2617 1327 2647 caput
1354 2612 1441 2647 ipsius
1467 2613 1544 2647 pueri
1564 2612 1709 2640 constitit?
1729 2621 1739 2637 ι

951 2660 1070 2687 Rursum
1089 2663 1149 2693 post
1174 2659 1250 2686 haec:
1271 2667 1280 2684 ι
1302 2657 1425 2692 Ubi.jam
1452 2659 1611 2686 adduxisset
1638 2666 1685 2685 eos
1712 2665 1744 2684 ac

949 2707 1026 2742 juxta
1044 2713 1166 2740 pra‘sepe
1190 2704 1316 2738 stitisset,
1341 2713 1396 2732 non
1421 2704 1539 2739 amplius
1564 2712 1611 2738 per
1623 2704 1741 2736 stellam,

952 2752 1000 2780 sed
1018 2759 1066 2786 per
1084 2751 1210 2786 angrlum
1228 2758 1275 2778 eos
1287 2750 1419 2785 deinceps
1437 2750 1594 2784 alloquitur.
1616 2759 1625 2774 ι
1645 2749 1741 2777 Itidem

953 2799 980 2826 in
1003 2798 1125 2826 oratione
1143 2802 1238 2826 octava
1258 2797 1293 2825 de
1311 2797 1392 2834 Magis
1410 2796 1443 2824 ad
1469 2797 1581 2823 verbum
1599 2796 1657 2823 haec
1685 2800 1743 2823 tra-
