1966 3075
426 62 443 82 ι

114 99 167 140 trs

727 96 929 128 ANNALIUM
951 96 1050 126 T’ARS
1072 94 1130 126 Ιῐῐ.

1691 96 1752 128 4ἷο

123 156 181 182 Καὶ
202 153 279 180 τοῦτο
301 154 389 188 δηλῶν
408 154 422 180 ὁ
447 149 644 189 εὐαγγιλιςτὴς
669 154 762 187 ἔλεγεν
792 154 834 180 δτι
857 153 904 178 καὶ

961 151 1048 179 Facite.
1070 161 1079 178 ι
1099 152 1173 178 Inter
1204 152 1273 180 alios
1300 157 1326 180 et
1351 151 1435 180 Judas
1465 152 1623 187 participat.
1654 160 1744 188 eoque

114 200 206 228 λαϐὼν
230 200 261 226 τὸ
285 200 393 234 ψωμίον
409 200 520 234 ἐξῆλθεν
534 207 542 215 ·
558 198 594 234 ἢν
613 200 640 226 δὲ
657 199 715 231 νύξ.
737 200 901 234 Ἀπέρχεται

114 245 160 273 οὖν
180 246 250 282 πρὸς
285 246 333 277 οὒς
367 245 541 281 συνεφώνησε
572 245 741 281 παραδοῦναι
767 245 815 271 τὸν
845 244 903 271 Κύ-

114 300 183 328 ριον.

957 197 1029 224 facto
1054 205 1084 224 se
1109 198 1142 224 ad
1170 197 1281 225 .luda‘os
1310 198 1427 229 confert.
1445 203 1475 225 ut
1498 206 1559 233 quae
1583 206 1597 225 a
1632 198 1748 226 Domino

957 248 1017 271 aeta
1035 244 1153 271 iuuissent
1168 244 1234 278 ipsis
1260 244 1407 272 indicaret.
1434 244 1463 272 ld
1496 245 1570 272 enim
1591 245 1748 280 signiﬁcare

955 291 1052 318 volens
1064 298 1161 319 auctor
1179 291 1300 318 historiae
1317 292 1481 327 evangelicae
1493 292 1562 319 dixit
1575 301 1582 320 :
1596 302 1605 317 ι
1618 292 1705 320 Simul
1717 299 1748 318 ac

115 341 233 374 sumpsit
247 340 380 367 bucceam
392 339 488 373 exivit,
504 347 566 367 cum
583 339 694 374 quidem
722 346 775 366 nox
791 343 863 366 esset
875 339 926 366 π’.»
947 339 1010 366 Abit
1038 340 1122 373 igitur
1148 339 1181 366 ad
1211 347 1259 366 eos
1295 339 1460 373 quibuscum
1475 345 1572 375 pactus
1600 339 1690 367 fuerat
1717 348 1746 367 se

116 387 260 414 Dominum
276 386 342 422 ipsis
362 386 537 414 traditurum.

150 433 206 460 Καὶ
219 434 232 459 6
246 432 296 467 μὲν
308 432 411 467 Κύριος
423 432 456 458 τὰ
468 432 612 459 τελευταῖα
626 433 683 464 τοῖς
699 432 834 467 μαθηταῖς
847 431 906 457 δια-

115 479 230 506 τίθεται·
245 476 297 504 εῐθ¹
316 477 402 507 οὓτως
421 479 461 509 εἰς
479 479 564 504 τόπον
578 479 690 512 ἔρχεται
707 478 737 504 ὃν
752 478 811 513 ᾗδει
826 478 875 504 καὶ
892 476 906 501 6

116 525 262 559 προδότης.
290 524 319 555 ὃς
343 523 443 550 αὐτίκα
472 524 520 550 καὶ
548 523 639 551 λαϐὼν
661 524 709 559 τὴν
734 525 848 558 σπεῖραν
874 523 907 549 ἐκ

116 570 171 597 τῶν
198 570 352 605 ἀρχιερέων
378 570 426 595 καὶ
444 569 600 604 Φαρισαίων
627 570 769 604 ὑπηρέτας
792 568 904 604 ἔρχεται

115 618 173 643 ἐκεῖ
198 616 268 650 μετὰ
286 615 380 650 φανῶν
404 615 451 642 καὶ
466 616 628 651 λαμπάδων.
649 616 793 651 Ἐπερωτᾷ
811 615 905 642 λοιπὸν

117 660 216 691 αὐτούς
229 668 238 676 ·
260 660 392 686 πίπτουσι
417 661 516 696 χαμαί.
539 654 703 687 Ἇποκόπτει
717 661 748 687 τὸ
761 661 842 686 ὠτίον
857 659 904 686 τοῦ

118 706 230 741 Μάλχου
245 706 260 732 6
280 706 394 741 Πέτρος,
415 707 439 733 εί
453 707 501 733 καὶ
520 706 570 741 τὴν
591 706 675 733 αὑτοῦ
699 707 823 742 κεφαλὴν
838 707 905 733 ἀπο-

117 752 211 785 τεμεῖν
230 751 279 777 οὐκ
294 751 399 786 ἴσχυσε·
417 751 496 778 τοῦτο
507 753 554 778 καὶ
567 753 621 788 γὰρ
635 750 669 788 ἦν
686 749 761 788 αὖτῴ
776 753 806 779 τὸ
822 761 906 779 σπου-

117 796 276 831 δαζόμενον.
295 797 361 823 Τότε
377 797 410 833 δὴ
425 798 486 824 τότε
501 799 548 824 καὶ
561 799 630 832 πρὸς
645 799 726 826 αὐτὸν
745 799 796 833 ἔφη
815 799 829 824 ό
847 799 904 826 Κύ-

993 430 1104 458 lnterim
1134 429 1266 458 Dominus
1290 429 1373 457 rebus
1400 431 1458 457 suis
1483 436 1652 464 postremum
1677 433 1746 460 inter

957 476 1107 511 discipulus
1134 477 1268 503 ordinatis
1294 481 1375 510 atque
1405 476 1564 511 dispositis,
1602 478 1627 504 in
1658 478 1747 505 locum

957 521 1103 556 quemdam
1118 529 1147 549 se
1165 521 1262 556 recipit
1279 521 1411 556 proditori
1428 530 1483 548 non
1499 522 1633 557 ignotum.
1645 523 1671 550 is
1685 532 1749 552 vero

956 569 1071 595 cohorte
1085 568 1203 595 militum
1217 568 1350 595 continuo
1365 568 1447 603 216
1457 575 1550 595 secum
1566 573 1673 603 sumpta
1687 577 1749 596 cum

957 614 1134 649 pontilicibus
1145 619 1172 640 et
1186 614 1331 641 Phariszuis
1345 614 1489 645 ministris,
1505 621 1539 641 eo
1554 622 1615 641 cum
1631 615 1751 643 lucernis

958 663 986 686 et
1009 659 1116 686 facibus
1144 659 1266 686 advolat.
1291 659 1329 686 lbi
1354 659 1464 686 Christo
1491 667 1538 686 eos
1563 660 1750 695 interrogante

959 705 1034 731 humi
1057 709 1201 732 corruunt.
1214 705 1311 732 Petrus
1325 705 1430 732 Malcho
1443 702 1594 734 auriculam
1604 707 1749 736 abscindit.

959 758 1021 778 cum
1038 755 1121 786 caput
1135 751 1240 778 homini
1264 751 1427 780 abscindere
1442 760 1496 779 non
1512 759 1615 787 posset,
1633 753 1659 781 id
1675 755 1749 789 quod

959 796 1083 824 studiose
1107 797 1200 824 facere
1228 797 1391 824 conabatur.
1410 798 1480 825 Tum
1509 799 1551 826 his
1572 807 1634 826 eum
1658 801 1749 827 verbis

120 851 177 877 ριος
188 851 196 860 ·
217 851 227 868 ι
241 841 280 869 Ἦ
295 843 370 870 δοκεῖ
395 852 436 870 σοι
463 845 504 872 ὅτι
519 844 549 871 οὺ
565 843 682 879 δύναμαι
697 845 760 881 ἄρτι
777 854 906 882 παρακα-

961 843 1090 870 Domiuus
1116 843 1288 878 compellat:
1308 853 1318 868 ‹
1337 846 1378 870 An
1409 851 1464 870 non
1494 843 1637 871 existimas
1669 853 1750 880 posse

117 889 194 916 λέσαι
208 889 255 917 τὸν
275 889 386 925 Πατέρα
404 899 466 925 μου,
479 892 526 917 καὶ
544 891 718 926 παραστήσει
736 900 781 927 μοι
793 892 904 925 πλείους

116 936 133 970 ἢ
154 936 259 962 δώδεκα
282 936 419 970 λεγεῶνας
445 937 589 971 ἀγγέλωνς
606 937 665 969 πῶς
683 935 730 965 οὖν
755 937 908 973 πληρωθῶ-

120 990 164 1008 σιν
176 983 203 1008 al
218 982 337 1017 Γραφαὶ.
354 983 394 1009 ὅτι
415 982 502 1014 οὕτως
516 983 558 1010 δεῖ
570 984 698 1018 γενέσθαι
711 993 719 1017 ;
737 993 747 1011 ι
768 984 861 1011 Ταῦτα
878 984 906 1010 δὲ

116 1029 172 1060 τοῖς
191 1029 326 1064 μαθηταῖς
343 1029 437 1063 ἔλεγεν
451 1030 465 1056 6
482 1030 589 1066 Σωτὴρ,
607 1031 733 1065 ἐκφοϐῶν
746 1031 846 1063 αὐτοὺς
859 1031 907 1058 καὶ

119 1075 224 1101 πείθων
239 1075 365 1102 ἐντεῦθεν
379 1075 464 1110 μηδέν
474 1084 501 1102 τι
512 1076 566 1102 τῶν
577 1077 729 1111 γινομένων
744 1076 905 1112 πολυπραγ-

117 1123 220 1154 μονεῖν.
239 1121 270 1148 ΕΙ
284 1123 340 1156 γὰρ
352 1123 413 1154 ταῖς
429 1122 562 1157 Γραφαῖς,
582 1123 661 1157 φησὶ,
680 1123 760 1149 τοῦτο
780 1123 864 1155 δοκεῖ,
876 1123 907 1150 τδ

118 1166 216 1193 παθεῖν
235 1167 286 1202 ἐμὲ
303 1167 437 1202 δηλονότι,
451 1168 510 1200 πῶς
521 1169 601 1203 ὑμεῖς
616 1168 790 1196 ἑναντιοῦσθε
807 1168 908 1204 μαχαί-

118 1221 179 1248 ραις
198 1214 336 1248 χρώμενοι
350 1222 357 1246 ;
373 1214 404 1241 τὸ
422 1216 555 1250 ποτήριον
570 1215 584 1241 ὃ
598 1215 699 1242 δέδωκέ
712 1221 756 1250 μοι
770 1216 784 1242 ὸ
800 1215 905 1251 Πατὴρ,

115 1260 147 1286 οὺ
169 1259 207 1295 μὴ
219 1260 275 1287 πίω
290 1261 374 1294 αὑτός

150 1347 290 1382 Δήσαντες
307 1347 355 1374 οὖν
369 1348 415 1380 τὸν
439 1348 544 1384 Ἰησοῦν
557 1349 703 1385 ἀπήγαγον
726 1351 794 1385 πρὸς
807 1351 906 1378 Ι’.Ανναν

117 1393 240 1428 πρῶτον,
255 1395 367 1421 κάκεῖσε
391 1394 525 1430 κρίνεται.
542 1395 610 1430 Περὶ
627 1396 677 1431 τῆς
691 1396 774 1423 αὐτοῦ
794 1397 906 1434 διδαχῆς

119 1440 170 1466 καὶ
182 1440 239 1466 τῶν
256 1440 387 1475 μαθητῶν
399 1442 546 1475 ἐρωτᾶται.
567 1441 758 1477 Ἀποκρίνεται
772 1444 808 1474 ὡς
819 1444 904 1475 εἰκός.

122 1486 266 1521 Ῥάπισμα
282 1487 401 1522 δέχεται,
419 1488 467 1514 καί
483 1497 577 1523 φησιν·
595 1498 605 1514 ι
625 1489 655 1515 El
675 1489 724 1523 μὲν
739 1490 832 1522 κακῶς
843 1491 904 1517 ὲλά-
919 1507 941 1537 C

117 1531 206 1566 λησα,
223 1541 233 1558 ι
256 1534 304 1558 aut
328 1533 363 1559 τὰ
389 1533 465 1568 ἑξῆς.
498 1534 620 1561 Ἐκεῖθεν
647 1534 693 1561 οὖν
714 1535 813 1568 ἄγεται
839 1537 907 1572 πρὸς

119 1579 259 1612 Καϊάφαν,
273 1578 370 1606 ἔπειτα
388 1579 458 1614 πρὶς
479 1580 595 1616 Πιλάτου
612 1581 718 1616 πρωϊας
733 1581 828 1618 οὔσης·
843 1584 908 1618 πρὶν

117 1625 134 1660 ἢ
166 1625 215 1659 μὲν
243 1625 379 1660 ἀλέκτορα
403 1627 529 1661 φωνῆσαι
552 1628 620 1662 πρὸς
643 1628 771 1662 Καϊάφαν
799 1629 906 1663 ἄγεται,

118 1671 194 1706 πρωϊ
217 1671 246 1698 δὲ
267 1671 342 1707 ’πρὸς
373 1672 500 1699 Πιλάτου.
519 1674 664 1700 Δεικννσιν
681 1675 695 1700 6
711 1675 908 1710 εὐαγγελιστὴς

117 1718 159 1744 ὅτι
172 1717 203 1744 τὸ
215 1718 303 1753 ἥμισυ
318 1718 371 1752 τῆς
388 1719 484 1750 νυκτὸς
502 1717 575 1745 ἅπαν
595 1719 649 1745 ὑπὸ
667 1720 783 1754 Καῖάφα
799 1720 908 1757 ἐρωτώ-

121 1772 201 1798 μενος
217 1764 296 1791 οὺδὲν
313 1764 486 1800 ἐξηλέγχετο,
507 1765 548 1791 διὸ
568 1765 615 1792 καὶ
631 1766 813 1802 παρέπεμψεν
826 1767 907 1793 αὑτὸν

117 1810 158 1844 τῷ
174 1811 293 1846 Πιλὰτῳ.
308 1811 364 1837 Καὶ
389 1811 404 1836 6
428 1811 478 1845 μὲν
491 1812 605 1847 Μάρκος
616 1813 680 1848 περὶ
697 1812 748 1847 τῆς
761 1813 908 1849 ἀλεκτορο-

119 1856 223 1890 φωνίας
240 1855 346 1888 διεξιὼν
365 1856 437 1883 οὕτω
455 1857 538 1892 φησιν
553 1865 560 1873 ·
585 1866 594 1882 ι
614 1857 681 1892 Πρὶν
702 1857 836 1894 ἀλέκτορα
852 1867 908 1892 φω-

117 1903 200 1937 νῆσαι
212 1903 266 1934 δῖςν
279 1902 341 1938 τρῖς
358 1903 506 1939 ἀπαρνήσῃ
517 1912 551 1938 με
571 1912 580 1929 ι
598 1904 653 1939 (δτι
668 1904 722 1939 γάρ
737 1904 811 1936 ἅπαξ
825 1904 907 1940 ἠρνή-

119 1956 198 1979 σατο,
221 1947 363 1983 ἐφώνησεν
390 1948 404 1974 6
432 1948 591 1984 ἀλεκτρυὼν
617 1950 648 1976 τὸ
669 1950 788 1984 πρῶτον,
809 1950 853 1977 ὅτε
879 1951 909 1977 δὲ

119 1994 215 2029 τριτον
228 1994 380 2030 ἠρνήσατο,
405 1995 436 2021 τὸ
458 1995 586 2031 δεύτερον
611 1995 781 2031 ἐφώνησεν),
796 1997 908 2032 ἀκριϐές

119 2050 216 2076 στερον
230 2040 416 2076 ἐξηγούμενος
424 2040 473 2076 τὴν
487 2041 536 2068 τοῦ
551 2041 655 2076 Πέτρου
671 2041 827 2076 ἀσθένειαν,
843 2044 908 2078 παρ’

118 2088 203 2115 αὑτοῦ
234 2087 282 2114 τοῦ
309 2087 472 2115 διδασκάλου
498 2088 612 2122 μαθὼν,
636 2089 678 2116 ὅτι
704 2089 751 2116 καὶ
777 2091 909 2124 φοιτητὴς

118 2135 227 2162 ἐκείνου
242 2133 287 2170 ἦν.
308 2134 338 2161 '0
348 2134 375 2160 ὁὶ
385 2134 521 2167 Martiale;
537 2135 622 2162 εἰπὼν
636 2137 676 2162 ὅτι
690 2144 698 2161 t
712 2135 781 2171 Πρὶν
796 2136 908 2162 ἀλέκτο-

959 896 1002 915 me
1015 889 1122 916 Patrem
1139 896 1253 916 exorare
1264 889 1346 915 modo
1358 894 1387 916 ut
1402 890 1495 923 plures
1510 889 1575 916 mihi
1589 898 1669 924 quam
1684 891 1751 917 duo—

958 935 1047 962 decim
1069 935 1193 970 legiones
1209 935 1369 970 angelorum
1393 936 1569 970 suppeditet?
1586 941 1613 963 at
1630 945 1749 971 quonam

957 986 1038 1017 pacto
1056 981 1210 1009 conﬁerent
1229 989 1290 1016 qute
1307 982 1366 1009 ﬁeri
1392 989 1525 1016 oportere-
1549 983 1635 1011 sacris
1654 984 1748 1018 prodi,-

959 1032 1016 1054 tum
1032 1033 1074 1055 est
1090 1027 1203 1055 Lizteris
1214 1028 1260 1054 ³³2
1276 1036 1285 1053 ι
1304 1027 1369 1061 Qum
1380 1035 1446 1055 sane
1460 1029 1592 1056 Dominus
1609 1030 1642 1056 ad
1665 1030 1750 1057 disci-

958 1075 1037 1109 pulos
1064 1075 1101 1101 ita
1129 1075 1254 1110 protulit,
1282 1079 1311 1102 ut
1340 1079 1443 1102 metttm
1470 1075 1511 1103 eis
1539 1076 1687 1108 incuteret,
1718 1085 1749 1103 ac

957 1121 1136 1155 persuaderet
1161 1129 1194 1148 ne
1215 1121 1281 1156 quid
1309 1129 1408 1148 eorum
1425 1129 1487 1156 qua
1514 1122 1672 1149 acciderent
1698 1130 1748 1150 eu-

958 1167 1059 1194 riosius
1075 1171 1276 1194 scrutarentur.
1292 1167 1360 1194 Nam
1385 1166 1407 1194 si
1433 1168 1520 1194 sacris
1544 1169 1580 1194 ita
1602 1167 1689 1195 visum
1707 1174 1750 1195 est

959 1213 1072 1240 Litteris
1099 1217 1129 1239 ιιι
1143 1213 1305 1248 patiendum
1323 1213 1389 1240 mihi
1406 1213 1451 1246 sit,
1466 1213 1513 1248 qui
1530 1213 1560 1241 ﬁt
1581 1220 1610 1241 ut
1627 1222 1676 1242 vos
1691 1215 1750 1250 gla-

957 1260 1011 1286 diis
1026 1264 1135 1286 utentes
1150 1259 1290 1286 adrersari
1306 1259 1416 1286 velitis?
1431 1261 1561 1294 poculum
1580 1261 1660 1293 illud,
1675 1262 1748 1296 quod

958 1306 1038 1333 Pater
1051 1306 1117 1332 mihi
1134 1306 1218 1337 dedit,
1235 1314 1288 1332 non
1306 1306 1419 1333 bibam?

995 1352 1079 1386 Igitur
1096 1352 1251 1386 colligatum
1266 1352 1385 1380 vinculis
1403 1351 1498 1380 Jesum
1517 1353 1550 1379 ad
1571 1353 1677 1380 Annam
1692 1355 1750 1388 pri-

958 1406 1031 1425 mum
1047 1398 1199 1430 abducunt,
1212 1398 1306 1433 ibique
1319 1398 1425 1434 judicio
1440 1398 1560 1428 sistitur.
1576 1399 1610 1427 de
1626 1400 1750 1428 doctrina

959 1449 986 1472 ct
1003 1444 1148 1479 discipulis
1169 1444 1378 1479 interrogatur:
1395 1445 1544 1479 respondet
1569 1450 1598 1473 ut
1616 1454 1665 1481 par
1680 1454 1750 1474 erat.

957 1489 1025 1516 Cum
1042 1489 1147 1523 alapam
1167 1489 1320 1524 accepisset
1337 1498 1345 1516 :
1364 1498 1373 1514 ι
1393 1489 1421 1517 Si
1449 1491 1520 1518 male
1543 1490 1653 1518 locutus
1678 1499 1752 1524 sum,

961 1535 1060 1570 inquit,
1089 1535 1237 1562 testificare
1261 1536 1294 1563 de
1323 1539 1396 1562 malo
1418 1544 1426 1563 :
1455 1536 1498 1563 sin
1530 1536 1611 1570 bene,
1635 1545 1685 1564 cur
1708 1545 1753 1564 me

959 1580 1083 1608 cadis?»
1107 1581 1173 1608 [nde
1201 1581 1235 1608 ad
1262 1580 1412 1615 Caiapham
1439 1581 1570 1614 ducitur;
1588 1590 1602 1609 a
1631 1582 1754 1617 Caiapha

959 1634 1054 1654 rursus
1068 1627 1101 1654 ad
1119 1626 1247 1654 Pilatum.
1271 1626 1361 1662 Atque
1384 1627 1431 1655 hic
1445 1628 1567 1655 ostendit
1586 1629 1755 1664 evangelica:

960 1671 1082 1698 historia;
1100 1672 1220 1706 scriptor
1234 1676 1289 1699 tota
1313 1673 1428 1700 dimidia
1445 1677 1529 1700 nocte
1549 1674 1751 1709 interrogatum

959 1726 973 1744 a
987 1718 1107 1752 Caiapha
1128 1718 1232 1745 nullius
1258 1719 1391 1754 improba:
1408 1719 1449 1745 rei
1467 1718 1594 1746 convinci
1618 1720 1750 1755 potuisse,

960 1765 1078 1800 ideoque
1093 1765 1126 1792 ad
1145 1765 1264 1792 Pilatum
1281 1772 1296 1792 τι
1319 1765 1440 1800 Caiapha
1465 1766 1580 1793 missum
1605 1774 1677 1794 esse.
1695 1766 1753 1794 Ca:-

960 1817 1049 1839 tcrum
1080 1811 1115 1839 de
1133 1812 1195 1847 galli
1224 1816 1306 1839 cantu
1340 1811 1450 1840 Marcus
1475 1813 1511 1839 ita
1539 1813 1661 1840 locutum
1691 1821 1754 1841 esse

959 1858 1105 1885 Dominum
1121 1858 1207 1885 refert
1233 1865 1240 1884 :
1260 1867 1269 1884 ι
1289 1858 1453 1893 Priusquam
1478 1858 1521 1885 bis
1543 1859 1631 1893 gallus
1647 1864 1759 1891 δίδωθι,-

960 1909 1002 1932 ter
1027 1912 1070 1932 me
1093 1905 1208 1940 negabis
1218 1904 1250 1930 ".
1273 1913 1283 1930 ι
1304 1904 1411 1939 Quippe
1431 1912 1494 1931 cum
1509 1905 1569 1931 vice
1595 1905 1684 1940 prima
1702 1913 1752 1932 ne-

959 1956 1045 1987 garet,
1061 1951 1181 1986 primum
1202 1951 1291 1986 gallus
1314 1951 1436 1978 cantavit
1453 1959 1460 1977 ε
1477 1958 1540 1978 cum
1555 1958 1621 1977 vero
1637 1957 1753 1986 negaret

960 1998 1084 2030 tertium,
1102 1998 1190 2033 gallus
1214 1997 1337 2024 secundo
1351 1997 1462 2024 ccrinit.
1481 1997 1539 2024 Hoc
1564 1997 1647 2024 modo
1671 2005 1753 2024 aecu-

959 2045 1047 2072 ratius
1058 2045 1103 2072 ille
1117 2043 1335 2071 imbecillitatem
1351 2044 1425 2071 Petri
1444 2043 1582 2078 exposuit,
1600 2050 1630 2070 re
1644 2048 1699 2070 tota
1719 2047 1752 2070 de

960 2091 1047 2126 ipsius
1069 2090 1190 2125 magistri
1214 2090 1257 2116 sui
1282 2089 1441 2116 narratione
1456 2089 1586 2124 cognita;
1602 2089 1654 2116 fuit
1680 2090 1752 2115 enim

960 2137 1067 2164 Marcus
1078 2136 1152 2164 Petri
1167 2141 1288 2164 sectator
1302 2141 1330 2164 et
1354 2135 1519 2170 discipulus.
1544 2135 1690 2163 Matthzeus
1706 2143 1753 2162 au-

118 2191 153 2215 ρα
169 2182 296 2216 φωνῆσαι
309 2181 369 2216 τρὶς
383 2182 530 2218 ἀπαρνήσῃ
544 2177 612 2217 μεθ
624 2182 673 2217 τὴν
683 2182 746 2217 ὃλην
759 2183 907 2218 ἀλεκτορο-

962 2189 1015 2212 tcm
1030 2191 1092 2211 cum
1112 2184 1151 2211 ait
1172 2192 1178 2210 :
1196 2193 1205 2209 ι
1220 2183 1382 2217 Priusquam
1411 2182 1500 2217 gallus
1525 2186 1627 2213 cantet,
1645 2187 1686 2209 ter
1711 2190 1755 2209 me

117 2230 224 2262 φωνίαν
251 2228 381 2262 ἐνέφηνε,
404 2227 479 2255 τοῦτ’
495 2229 553 2256 ἐστι
573 2230 624 2263 τὴν
649 2229 775 2264 πρώτην.
790 2230 850 2265 ἥτις
864 2229 908 2256 διὰ

117 2275 261 2310 διαφόρων
285 2275 469 2310 ὲκφωνήσεων
489 2275 605 2309 γίνεται,
633 2274 728 2310 ὥσπερ
749 2271 797 2302 οὖν
822 2275 869 2302 καὶ
891 2276 908 2310 ή
939 2271 947 2279 ’

117 2321 237 2355 δευτέρα
250 2319 473 2355 ἁλεκτοροςξωνία
487 2321 534 2346 καὶ
548 2321 564 2355 ἡ
579 2320 669 2356 τρίτη.
690 2321 758 2356 Πρὶν
779 2319 826 2347 οὖν
845 2321 909 2347 ἀλέ-

118 2375 205 2400 κτορα
221 2365 358 2400 φωνῆσαι,
374 2366 388 2392 6
411 2367 550 2398 Ματοαῖος
565 2367 661 2399 εἰπὼν,
678 2367 740 2402 τρὶς
765 2367 911 2403 ἀπαρνήσῃ

119 2421 166 2448 με,
184 2412 266 2439 τοῦτο
293 2412 395 2439 ὡσανεὶ
423 2413 526 2446 ἔλεγεν,
549 2414 590 2440 ὃτι
605 2414 660 2441 Καὶ
673 2414 726 2448 πρὸ
745 2413 793 2440 τοῦ
809 2415 910 2448 φθάσαι

118 2463 170 2494 τὴν
188 2459 303 2493 πρώτην
323 2458 468 2492 παρελθεῖν
487 2455 724 2495 ἀλεγὲοροφωνίαν
745 2461 805 2495 τρὶς
820 2461 910 2496 ἀπαρ-

119 2507 192 2542 νήσῃ
211 2515 256 2542 με.

159 2556 235 2583 Μετὰ
254 2555 348 2590 μέντοι
377 2555 408 2581 τὸ
434 2555 566 2591 κριθῆναι
592 2555 639 2582 τὸν
660 2556 762 2591 Κύριον
788 2555 841 2582 ὑπὸ
865 2555 910 2582 τοῦ

121 2602 242 2628 Πιλάτου
272 2600 434 2635 μαστίζεται
461 2602 506 2627 τὸν
538 2601 623 2628 νῶτον
649 2601 747 2637 λώροις
772 2603 909 2634 πλεκτοῖς

121 2648 246 2673 τοιοῦτον
263 2647 310 2673 καὶ
326 2647 381 2682 γὰρ
396 2647 427 2673 τὸ
441 2647 633 2682 φραγγὲλλιον.
648 2646 706 2674 Εἶθ’
723 2647 810 2679 οὕτως
825 2649 865 2679 εἰς
879 2649 908 2674 1‘)

121 2693 316 2729 σταυρωθῆναι
332 2693 519 2727 παραδίδοται.
536 2693 629 2720 Ταῦτα
643 2693 672 2720 δὲ
688 2694 776 2720 πάντα
790 2693 908 2729 πεποίη-

120 2748 168 2766 κεν
182 2741 199 2775 ἡ
212 2740 327 2774 ἄκαιρος
338 2739 468 2774 ἀνανδρία
480 2739 526 2765 τοῦ
545 2739 671 2766 Πιλάτου·
688 2740 750 2770 τοὺς
766 2739 821 2774 γὰρ
842 2740 908 2765 ’1ου-

158 2831 180 2846 ⁸¹
197 2830 278 2858 Joan.
296 2839 356 2874 stu,
380 2833 425 2860 50.
462 2833 485 2848 ⁸³
500 2833 594 2860 .ilatth.
629 2841 702 2865 “Vt,
729 2833 773 2859 Eii.
812 2833 834 2848 5‘
853 2832 933 2859 .ilarc.

962 2230 1074 2265 negabis
1089 2230 1124 2261 ",
1145 2238 1153 2254 ι
1172 2233 1258 2256 totutn
1278 2227 1343 2262 galli
1369 2231 1481 2253 cantum
1507 2227 1630 2254 indicare
1656 2227 1753 2258 voluit,

962 2276 1092 2305 videlicet
1106 2275 1236 2310 primum,
1265 2274 1311 2308 qui
1337 2272 1454 2300 diversis
1470 2272 1563 2299 editur
1580 2272 1703 2304 vocibus,
1727 2278 1755 2298 ct

962 2322 1125 2353 secundum,
1140 2324 1168 2347 et
1187 2319 1309 2347 tertium.
1325 2318 1499 2353 Quapropter
1525 2325 1590 2344 eum
1613 2317 1756 2344 Mattheus

964 2367 1056 2402 inquit
1072 2375 1078 2393 :
1107 2375 1115 2391 ι
1132 2365 1296 2400 Priusquam
1316 2364 1403 2399 gallus
1420 2368 1521 2396 cantet,
1540 2371 1584 2390 me
1607 2368 1648 2390 ter
1672 2371 1756 2396 nega-

962 2413 1014 2445 bis,
1033 2422 1042 2438 ι
1069 2412 1228 2447 huiusmodi
1246 2411 1376 2446 quiddam
1390 2411 1482 2437 dicere
1495 2409 1614 2441 videtur,
1632 2410 1754 2436 luturum

961 2459 1067 2488 scilicet
1095 2463 1125 2485 ut
1153 2457 1252 2485 Petrus
1268 2465 1330 2484 eum
1348 2462 1389 2484 ter
1415 2457 1492 2492 prius
1515 2461 1638 2490 negaret,
1671 2464 1755 2491 quam

961 2508 1023 2543 galli
1040 2511 1137 2535 cantus
1154 2506 1234 2532 linem
1253 2505 1377 2532 haberet.

998 2553 1181 2587 Posteaquam
1210 2551 1239 2578 in
1253 2551 1401 2578 Dominum
1421 2549 1526 2577 Pilatus
1553 2548 1753 2584 inquisivisset.

963 2605 1070 2635 tergunt
1087 2599 1111 2626 ei
1125 2599 1190 2626 loris
1208 2598 1334 2633 implexis
1350 2597 1465 2624 caeditur
1480 2604 1487 2623 :
1505 2597 1557 2623 hoc
1579 2595 1653 2622 enim
1678 2593 1755 2620 vocis

963 2645 1062 2680 ﬂagelli
1076 2649 1118 2672 est
1130 2645 1326 2680 signiﬁcatum.
1350 2643 1454 2670 Deinde
1480 2639 1754 2674 ad_cruciligcndutn

965 2692 1093 2719 traditur.
1107 2691 1195 2726 Atqtte
1210 2691 1268 2718 haec
1283 2690 1376 2718 omnia
1399 2697 1448 2724 per
1464 2688 1648 2722 importunam
1669 2685 1754 2711 animi

963 2738 1144 2773 dejectionem
1171 2738 1199 2764 in
1219 2737 1306 2765 Pilato
1323 2735 1495 2766 acciderunt,
1517 2734 1564 2768 qui
1588 2732 1697 2759 Judzeos
1712 2738 1754 2757 re—

961 2840 1003 2858 xtv
1015 2852 1022 2863 ,
1052 2831 1098 2858 30.
1137 2831 1159 2846 ⁸⁵
1176 2818 1365 2862 Μιιιιιιδκςνι,
1382 2827 1428 2854 Si.
