1966 3075
121 100 169 131 lli

735 101 936 132 ANNALIUM
959 99 1055 130 PARS
1078 98 1134 131 ill.
1609 98 1622 107 ’

1681 95 1731 129 413

121 167 170 192 γαν
187 156 335 193 τηνικαῦτα
351 156 459 192 λέγουσι
477 157 613 192 γενέσθαι,
636 157 682 183 καὶ
699 157 793 188 uri-:0;
807 155 900 182 τῖσοῦ-

964 159 1064 189 :roplcr
1086 154 1144 181 illas
1161 153 1243 180 trium
1263 152 1394 181 horarum
1410 151 1537 180 tenebras
1551 160 1558 186 ;
1574 159 1623 180 nec
1640 160 1734 187 reapse

121 213 165 231 τον
181 204 251 230 ὥστε
271 204 387 239 ἀστέρας
403 204 530 239 φανῆναι.

956 208 1009 227 nox
1025 205 1085 227 erat
1101 203 1213 234 propter
1227 206 1287 226 eam
1311 199 1400 226 lucem
1413 218 1421 232 ,
1435 206 1495 234 quae
1506 205 1609 226 seriam
1638 199 1733 226 horam

120 251 267 277 antecessit
291 254 320 277 et
344 257 444 276 nonam
479 254 522 277 est
547 249 702 277 subsecuta.
725 248 802 281 Quod
825 248 913 282 ipsum
935 253 1045 282 quoque
1072 249 1148 272 vates
1174 246 1293 272 innuens
1326 244 1438 280 subjicit
1457 253 1465 272 :
1484 254 1493 271 ι
1511 245 1568 273 Sub
1593 253 1734 279 vesperam

121 291 165 321 lux
182 296 245 322 crit.
265 304 274 319 ι
306 294 400 328 Neque
420 298 524 321 tantum
560 293 638 325 haec,
656 293 756 320 dilecte
772 293 830 325 fili,
858 293 898 321 sic
922 301 936 321 a
957 293 1065 320 vatibus
1090 291 1213 327 exposita
1244 292 1326 323 sunt,
1355 298 1448 318 verum
1477 291 1559 318 etiam
1586 292 1613 318 in
1643 293 1738 320 multa
1777 287 1782 301 ³

120 340 273 369 Graecorum
297 340 487 367 monumentis
506 344 532 367 et
548 340 752 367 commentariis
763 340 951 374 reperiuntur,
969 340 1015 374 qui
1052 346 1085 366 eo
1104 344 1227 373 tempore
1255 338 1368 365 tradunt
1398 342 1477 365 tcrrze
1514 344 1618 366 motum
1639 339 1731 375 ingen-

121 394 173 417 tem
190 387 336 419 accidisse,
356 390 499 420 tantasque
512 385 651 417 tenebras,
670 390 700 412 ut
722 386 781 420 ipsa
797 391 907 420 qttoquc
927 386 1019 427 sidera
1039 385 1277 419 conspicerentur.

154 436 222 461 Τότε
233 434 276 469 δὴ,
291 433 353 459 τότε
367 432 415 459 καὶ
432 431 605 466 προφητικὴν
618 431 743 466 ἐπιφέρει
763 432 841 467 ῥῆσιν
856 432 902 458 ἐπὶ

121 480 235 516 σταυροῦ
249 480 298 513 τὴν
313 477 385 504 οὕτω
400 477 530 509 λέγουσαν
545 485 554 502 ι
567 476 618 503 Θεέ
634 485 695 510 μου,
714 476 765 502 Θεέ
782 485 844 510 μου,
859 475 903 503 ῐηα

119 527 144 553 τί
167 535 201 560 με
225 523 420 558 ὲγκατέλιπεςς
440 531 450 549 ι
474 522 614 557 Ἐϐραϊστί
632 522 660 548 δὲ
686 521 774 548 ταῦτα
797 521 901 555 ἔλεγεν,

125 573 196 604 Ἠλὶ,
208 572 263 606 ὴλὶ,
279 570 377 604 λαμμᾶ
389 568 551 603 σαϐαχθανί.
568 568 645 599 Τίνος
656 567 767 600 ἕνεκεν;
782 568 840 594 Ἴνα
856 568 904 594 καὶ

119 620 174 649 τοῖς
196 616 332 646 Ἰουδαίοις
347 615 433 642 ταῦτα
453 613 593 648 κατάδηλα
609 613 734 648 γένηται.
756 613 828 640 Ἀλλ’
856 613 902 639 ἐπὶ

119 663 245 690 τοσοῦτον
258 661 401 689 ἀκόλαστοι
415 659 462 686 καὶ
473 658 598 692 ἀσελγεῖς
605 658 690 689 ’ὅντες
705 660 818 688 ἐκεῖνοι.
830 658 902 684 καθά

120 717 201 743 φησιν
230 709 243 734 ὁ
273 707 322 741 τὴν
347 705 468 739 γλῶτταν
495 704 622 740 χρυσοῦς,
650 705 781 739 ἐνόμισαν
811 703 904 729 Ἠλίαν

120 755 221 782 καλεῖν.
239 753 295 779 Καὶ
314 749 387 779 οὗτοι
409 752 457 786 μὲν
473 750 569 782 οὕτως.
593 750 664 777 Ἀλλ’
681 751 697 786 ἡ
717 750 793 784 φωνὴ
811 749 903 784 ἐκείνη

108 802 165 827 ικαὶ
179 801 210 826 τὸ
225 800 426 833 καταπέτασμα
440 798 546 833 ἔσχισε,
570 798 615 825 καὶ
630 797 664 823 τὰ
674 796 805 831 ’μνημεῖα
819 796 903 830 ἀνέῳ-

989 431 1106 457 Protulit
1121 434 1177 456 tum
1194 430 1321 458 Christus
1336 430 1361 456 in
1377 436 1458 456 cruce
1476 429 1588 456 verbum
1607 430 1677 458 istuc
1689 440 1736 458 va-

955 475 989 503 tis
1007 484 1013 502 :
1030 485 1039 501 ι
1059 474 1092 502 Ξίίί
1111 475 1191 506 Dcus,
1209 475 1244 501 mi
1261 475 1343 506 Deus,
1359 483 1407 500 cur
1419 482 1461 501 me
1475 475 1654 503 deseruisti?)
1671 477 1737 504 Pro—

956 523 1017 550 tulit
1033 527 1124 550 autem
1147 522 1262 549 vocibus
1289 522 1430 549 Hebraicis
1448 521 1627 557 hujusmndi:
1649 532 1658 548 ι
1678 523 1717 550 Eli
1730 544 1737 555 ,

955 569 1016 601 Eli,
1035 568 1286 596 latnasabachthani
1302 568 1336 594 ".
1360 577 1368 593 ι
1388 567 1444 595 Cur
1470 567 1568 595 istuc?
1597 573 1627 596 ut
1652 569 1738 596 Juda'i

955 622 986 641 ea
1001 614 1196 649 intelligerent.
1213 613 1252 640 illi
1269 619 1335 640 vero
1351 618 1424 640 tanta
1442 613 1571 640 furebant
1589 614 1738 648 petulantia

956 665 983 686 ct
997 660 1174 694 procacitate,
1193 659 1422 694 quemadmodum
1447 658 1659 695 Chrysosmmus
1679 661 1738 689 ait.

957 711 986 732 ut
999 705 1087 739 ipsum
1103 705 1292 732 existimarent
1304 705 1389 732 Eliam
1405 713 1514 732 vocare.
1528 706 1626 733 Verum
1640 713 1672 733 ea
1688 714 1738 733 vox

955 756 983 777 et
1000 751 1096 785 templi
1118 751 1207 778 velum
1222 750 1320 778 dillldit
1343 755 1370 778 et
1394 751 1502 786 aperuit
1518 752 1659 786 sepulcra;
1680 760 1741 787 qua:

957 797 1065 823 tametsi
1078 799 1226 823 cernerent
1242 796 1367 823 homines
1391 796 1427 823 illi
1451 797 1556 829 stolidi,
1571 804 1684 831 prorsus
1699 802 1741 824 ta-

121 848 174 879 ξεν.
195 846 265 873 Ἀλλ’
278 846 303 872 οἱ
322 846 433 880 μάταιοι
458 845 505 871 καὶ
525 844 638 870 τοιαῦτα
654 843 799 878 βλέποντες
817 842 905 869 συνιέ-

964 849 1021 868 men
1042 841 1194 876 intelligere
1226 841 1367 868 nolebant.
1399 842 1456 869 Imo
1487 842 1569 869 etiam
1587 843 1679 870 verbis
1691 843 1743 870 bu-

120 902 163 919 ναι
181 894 249 923 ὅλως
270 892 320 918 οὐκ
335 891 441 926 ἤθελον.
459 890 565 916 Μᾶλλον
582 890 630 924 μὲν
647 888 706 921 οὖν,
728 898 737 914 ι
752 888 908 915 Καταίῖάτω

121 939 150 964 ἐκ
164 937 212 964 τοῦ
232 936 379 971 σταυροῦ,›
401 935 505 969 ελεγον,
520 944 530 960 ί
549 934 591 960 ἵνα
615 935 715 969 ἴδωμεν
730 935 776 960 καὶ
798 932 907 959 πιστεύ-

122 991 224 1017 σωμεν.
245 992 255 1008 ι
280 981 350 1008 Ἀλλ’
368 981 471 1011 ἐκεῖνος
485 981 515 1006 ἐν
535 979 574 1015 τῷ
591 979 702 1014 σταυρῷ
720 979 817 1013 μένων,
836 977 873 1008 ὡς
894 977 907 1002 6

121 1027 329 1062 Χρυσορρήμων
351 1026 445 1061 φησὶν,
460 1025 489 1052 ιν
506 1026 561 1056 τοῖς
584 1024 639 1051 τῶν
659 1023 759 1050 δούλων
785 1024 908 1056 σώμασιν

121 1074 153 1100 lx
179 1072 341 1107 περιουσίας
366 1071 488 1097 ἐδείκνυε
515 1070 596 1096 τοῦτο
621 1070 740 1102 πολλῆς·
756 1071 781 1095 εί
800 1069 856 1103 γὰρ
878 1068 908 1094 τὸ

120 1119 283 1153 τεταρταῖον
297 1117 416 1149 ἐξελθεῖν
430 1117 475 1143 τὸν
490 1116 618 1151 Λάζαρον
633 1116 715 1151 μέγα,
735 1114 824 1150 πολλῷ
838 1115 906 1149 pax.

122 1165 167 1191 λον
190 1164 221 1190 τὸ
247 1163 362 1194 πολλοὺς
383 1162 437 1188 τῶν
461 1162 546 1190 πάλαι
574 1161 762 1196 κοιμηθέντων
789 1161 908 1195 φανῆναι

123 1210 227 1243 ζῶντας
246 1209 356 1244 ἁθρόον.
366 1209 422 1235 Kal.
434 1208 570 1243 πρόσσχις
584 1208 623 1242 τῷ
638 1207 768 1242 θειοτάτῳ
777 1207 910 1242 Ματοαίῳ

123 1255 188 1289 περὶ
201 1253 303 1280 τούτων
317 1253 389 1280 οὕτω
404 1253 528 1285 λέγον-τις
548 1261 557 1278 ι
570 1251 661 1279 Πολλὰ
682 1252 710 1278 δὲ
726 1251 841 1287 σώματα
855 1251 909 1277 τῶν

123 1300 333 1335 κεκοιμημένων
359 1299 444 1333 ἁγίων
467 1297 636 1333 ἠγέρθησαν,
660 1298 708 1324 καὶ
726 1297 853 1332 εἰσῆλθον
870 1297 909 1329 είς

123 1347 172 1382 τὴν
192 1347 273 1380 ἁγίαν
297 1345 384 1378 πόλιν,
399 1345 447 1372 καὶ
465 1345 685 1379 ινεφανίσθησαν
710 1345 818 1376 πολλοῖς
840 1344 909 1380 μετὰ

122 1393 172 1428 τὴν
191 1393 300 1426 ἔγερσιν
318 1391 411 1419 αὐτοῦ.
430 1400 440 1417 ι
471 1390 542 1418 Ἀλλ’
569 1390 686 1417 ἐνταῦοα
704 1390 850 1425 προσέχειν
880 1398 910 1415 σε

123 1438 210 1471 ἀξιον.
226 1438 256 1463 El
276 1438 330 1472 γὰρ
343 1437 414 1464 κατὰ
430 1436 475 1463 τὸν
490 1437 701 1472 χρυσορρήμονα
722 1436 847 1470 Ἰωάννην
862 1436 910 1462 ἐπὶ

123 1483 242 1518 σταυροῦ
259 1483 299 1509 ἔτι
314 1483 392 1514 ὄντος
404 1482 452 1508 τοῦ
466 1483 586 1518 Χριστοῦ
600 1483 634 1509 τὰ
653 1482 766 1508 τοιαῦτα
787 1481 908 1516 ἠγέρθη-

123 1538 173 1556 σαν
188 1529 313 1563 σώματα,
331 1528 389 1560 πῶς
403 1527 605 1562 ἐμφανισθῆναι
617 1527 703 1554 ταῦτα
719 1527 788 1560 μετὰ
800 1527 849 1562 τὴν
863 1526 909 1552 τοῦ
924 1517 947 1548 C

123 1574 245 1611 Χριστοῦ
278 1574 387 1609 ἔγερσιν
411 1575 425 1599 ὁ
454 1573 652 1609 εὐαγγελιστὴς
684 1573 804 1607 ἱστορεῖς
841 1571 911 1605 Ἐγὼ

122 1621 233 1647 δέδοικα
256 1621 359 1655 μήποτε
385 1620 416 1646 τὸ
432 1619 527 1646 αὐτοῦ
542 1620 601 1645 ἀντὶ
627 1619 672 1646 τοῦ
689 1618 788 1646 αὐτῶν
811 1619 913 1652 ὁμίλει

123 1666 362 1700 ἀναγινώσκεσθαι
375 1674 382 1682 ·
405 1667 440 1693 τὰ
461 1668 516 1702 γὰρ
531 1667 648 1701 σώματα
667 1668 760 1693 ἐκεὶνα
778 1666 847 1701 μετὰ
864 1667 912 1700 τὴν

124 1715 156 1740 ὲκ
171 1712 278 1747 νεκρῶν
295 1712 403 1747 ἔγερσιν
430 1713 520 1739 αὐτῶν
549 1713 598 1738 καὶ
626 1712 785 1746 είσήλθοσαν
805 1712 845 1743 εἰς
862 1712 912 1746 τὴν

124 1759 208 1792 ἁγίαν
226 1758 302 1784 πόλιν
328 1757 376 1784 καὶ
399 1757 615 1792 ἐνεφανίσθησαν
644 1757 761 1788 πολλοῖς.
777 1756 844 1782 Τότε
870 1756 913 1791 δὴ,

124 1804 187 1830 τότε
201 1804 276 1838 καὶὴ
293 1804 450 1838 προφητιὶιὴ
465 1803 544 1838 ῥῆσις
560 1803 640 1829 ἔλαὸε
654 1803 740 1837 πέρας
758 1804 775 1837 ἡ
792 1803 912 1836 λέγουσα

125 1851 183 1880 τοῖς
207 1850 236 1875 ὲν
261 1849 382 1883 δεσμοῖς,
405 1849 553 1882 Ἐξέλθετε,
568 1857 614 1874 κα.
634 1850 690 1880 τοῖς
710 1849 738 1875 ἐν
754 1849 794 1883 τῷ
812 1849 914 1881 σκότει,

134 1893 384 1922 ’Δνακαλὺπτεσθε.
399 1894 452 1920 Καὶ
463 1894 536 1920 κατὰ
552 1895 602 1929 μὲν
613 1895 662 1928 τὴν
677 1894 761 1928 ἕκτην
777 1894 862 1929 ὦραν,
876 1894 914 1926 ῶς

127 1950 212 1975 φασιν
240 1941 268 1967 al
294 1940 412 1976 Γραφαὶ,
435 1941 598 1976 σταυροῦται
628 1942 642 1967 ὸ
669 1940 781 1975 Κύριτς,
798 1941 868 1967 κατὰ
887 1941 916 1966 δὲ

126 1984 177 2019 τὴν
192 1984 306 2018 ὲννάτην
320 1983 351 2010 τὸ
363 1983 473 2018 πνεῦμα
489 1985 548 2016 ταῖς
569 1984 713 2019 πατρικαῖς
732 1985 810 2019 χερσὶ
825 1990 916 2018 παρα-

125 2030 246 2066 τίθησιν.

955 886 1077 922 jusmodi
1097 886 1302 921 ohgaunicbaut
1318 895 1325 914 :
1350 896 1360 912 ι
1389 887 1541 914 Descendat
1556 887 1590 915 de
1602 896 1695 921 cruce,
1714 894 1743 915 ut

958 939 990 960 ea
1009 940 1038 959 re
1057 933 1115 960 visa
1139 932 1219 959 fidem
1245 933 1296 967 ipsi
1324 933 1475 960 habeamus
1488 933 1520 961 ".
1543 943 1552 960 ι
1569 934 1668 961 Verum
1684 934 1743 969 ipsc

960 979 987 1005 in
1008 986 1089 1006 cruce
1112 986 1238 1012 manens,
1254 983 1284 1005 ut
1312 979 1527 1015 Chrysostomus
1553 979 1653 1014 inquit,
1669 980 1743 1014 quod

959 1024 993 1051 ab
1008 1032 1041 1051 eo
1056 1025 1258 1058 postulabatur,
1279 1025 1306 1052 in
1326 1032 1440 1052 suorum
1465 1032 1606 1052 servorum
1620 1026 1744 1060 corpori-

960 1069 1011 1096 bus
1024 1070 1150 1096 excitatis
1169 1078 1183 1096 a
1198 1075 1286 1097 morte
1300 1069 1417 1104 quadam
1434 1070 1507 1097 velut
1521 1078 1554 1097 ex
1576 1070 1744 1098 abundantia

961 1114 1127 1142 declarabat.
1143 1114 1306 1150 Quanquam
1328 1110 1402 1143 enim
1424 1122 1551 1150 magnum
1576 1115 1678 1151 aliquid
1695 1117 1745 1143 fuit

960 1160 1092 1187 Lazarum
1112 1165 1169 1187 toto
1192 1161 1246 1197 jam
1261 1161 1407 1195 quatriduo
1421 1166 1560 1189 mortuum
1582 1169 1597 1189 e
1619 1162 1745 1197 sepulcro

959 1206 1047 1238 exire,
1067 1207 1147 1242 longe
1165 1210 1257 1234 tamen
1276 1207 1364 1242 majus
1386 1207 1413 1234 id
1430 1212 1489 1234 erat
1506 1207 1578 1241 quod
1596 1208 1673 1234 multi
1689 1208 1744 1242 jam

961 1251 1026 1278 olim
1039 1252 1094 1278 vita
1109 1251 1195 1279 iuncti
1207 1252 1299 1279 subito
1316 1252 1370 1279 vivi
1384 1252 1620 1287 conspicerentur.
1633 1253 1745 1280 Factum

961 1303 1052 1326 autem
1080 1298 1133 1325 hoc
1149 1298 1262 1326 omnino
1281 1305 1361 1332 esse,
1387 1298 1453 1326 licet
1477 1306 1510 1326 ex
1535 1299 1611 1327 hisce
1627 1298 1746 1326 Matthxi

961 1344 1054 1372 verbis
1068 1351 1238 1379 cognoscas:
1258 1353 1267 1369 ι
1286 1344 1369 1371 Multa
1387 1352 1504 1379 corpora
1519 1348 1687 1377 sanctorum,
1699 1345 1747 1379 qui
1774 1381 1777 1385 Ι

964 1389 1203 1422 obdormivcrant,
1219 1390 1349 1417 suscitata
1369 1395 1444 1423 sunt,
1460 1395 1488 1417 et
1503 1390 1553 1425 ipsi
1574 1391 1670 1418 urbem
1684 1398 1748 1418 san-

963 1441 1033 1464 ctam
1061 1435 1189 1469 ingressi,
1211 1440 1272 1470 post
1293 1435 1524 1462 resurrectionem
1551 1435 1611 1470 eius
1625 1443 1640 1463 a
1654 1436 1748 1463 multis

963 1487 1028 1510 sunt
1052 1483 1192 1517 conspecti
1206 1483 1238 1510 '°.
1260 1491 1269 1508 ›
1293 1481 1399 1514 Quibus
1417 1482 1509 1509 verbis
1522 1489 1612 1517 operae
1629 1482 1747 1517 pretium

965 1529 1047 1556 fuerit
1064 1533 1089 1556 te
1106 1528 1267 1564 diligentius
1278 1529 1399 1556 animum
1415 1529 1570 1556 advertere.
1594 1527 1660 1555 Nam
1675 1528 1697 1556 si
1714 1528 1750 1556 de

964 1574 1079 1602 Joannis
1092 1575 1281 1610 Chrysostomi
1297 1576 1431 1601 sententia
1444 1574 1554 1601 Christo
1570 1574 1660 1602 adhuc
1674 1575 1750 1602 cruci

964 1620 1059 1647 suffixo
1069 1627 1183 1655 corpora
1199 1620 1249 1647 ista
1263 1625 1327 1648 sunt
1339 1621 1513 1653 resuscitata,
1527 1619 1572 1654 qui
1585 1620 1613 1646 lit
1626 1624 1657 1647 ut
1668 1627 1752 1647 evan-

964 1666 1058 1701 gelica:
1068 1664 1165 1692 auctffr
1177 1664 1300 1693 historiae
1313 1666 1386 1693 dicat
1403 1673 1434 1693 ea
1451 1671 1512 1700 post
1527 1666 1629 1694 Christi
1650 1674 1665 1693 e
1679 1674 1752 1694 mor-

966 1711 1021 1738 tuis
1036 1711 1268 1739 rcsurrectioncm
1293 1711 1478 1746 apparuisse?
1510 1713 1611 1739 Vereor
1623 1712 1750 1747 equidem

966 1765 999 1784 ne
1025 1764 1074 1791 pro
1095 1757 1231 1784 vocabulo
1259 1757 1317 1792 ejus
1334 1756 1480 1792 legendum
1503 1758 1540 1784 sit
1560 1763 1659 1785 eorum.
1683 1758 1750 1785 Nam

967 1803 1014 1830 illa
1029 1811 1144 1838 corpora
1161 1808 1306 1838 postquam
1322 1811 1335 1830 a
1349 1803 1465 1830 mortuis
1484 1804 1645 1831 rcsuscitata
1661 1810 1751 1838 erant,

967 1842 1060 1876 urbein
1079 1853 1200 1876 sanctam
1218 1849 1296 1884 221
1322 1850 1445 1883 ingressa
1469 1853 1533 1876 sunt
1549 1854 1577 1876 et
1596 1850 1690 1877 multis
1704 1858 1751 1885 ap-

967 1899 1130 1929 paruerunt.
1155 1894 1232 1922 Tunc
1248 1900 1275 1922 ct
1302 1895 1368 1922 illud
1386 1895 1457 1922 vatis
1475 1895 1496 1911 ‘”
1512 1896 1652 1923 oraculum
1668 1896 1748 1924 linem

969 1940 1075 1973 habuit,
1102 1941 1174 1975 quod
1196 1941 1313 1968 vinculis
1331 1940 1458 1976 alligatos
1480 1942 1555 1970 exire
1572 1941 1659 1976 jubet,
1680 1942 1750 1969 etin

970 1987 1090 2014 tenebris
1118 1992 1261 2014 versantes
1292 1987 1382 2013 lucem
1409 1988 1543 2022 accipere.
1574 1988 1637 2016 Fuit
1659 1992 1750 2017 autem

969 2032 1034 2059 hora
1053 2037 1140 2063 sexta.
1167 2031 1398 2067 quemadmodum
1418 2031 1527 2060 Littera:
1546 2039 1630 2060 sacrae
1648 2033 1752 2068 signifi-

968 2082 1043 2110 cant,
1071 2077 1205 2105 Dominus
1237 2077 1386 2105 crucifixus
1405 2087 1412 2105 :
1433 2086 1505 2105 nona
1532 2086 1598 2106 vero
1624 2079 1750 2114 spiritqu

968 2131 1047 2151 suum
1065 2123 1093 2150 iu
1110 2130 1207 2150 manus
1222 2127 1350 2158 paternas
1366 2124 1502 2159 deposuit.

164 2170 198 2196 El.
215 2169 244 2196 δὲ
262 2170 309 2196 καὶ
330 2169 396 2204 πρὸς
414 2168 480 2203 ᾅδην
503 2167 614 2198 ἀκούεις
629 2167 678 2202 τὴν
692 2166 775 2193 αὑτοῦ
792 2165 910 2192 κατιέναι

1003 2174 1043 2201 Ad
1060 2182 1156 2201 orcutu
1174 2174 1352 2202 descendisse
1378 2182 1438 2201 cum
1457 2179 1582 2201 sanctam
1607 2174 1691 2209 ipsius
1705 2183 1754 2202 ειν

125 2218 210 2252 ἁγίαν
225 2216 326 2252 ψυχὴν,
340 2216 376 2251 μὴ
395 2216 519 2250 θαύμαζε
543 2216 639 2242 τούτου
661 2217 764 2246 ἕνεκεν,
783 2214 916 2241 ἀδύνατον

127 2264 199 2290 εἶναι
211 2263 300 2296 λέγων
317 2264 366 2289 καὶ
383 2263 450 2295 πρὸς
461 2261 528 2297 ᾅδην
540 2263 626 2296 αὐτὴν
640 2261 782 2288 κατελθεῖν
796 2261 843 2287 καὶ
855 2260 917 2291 ταῖς

126 2309 174 2335 τοῦ
194 2308 302 2342 Πατρὶος
324 2307 515 2342 παρατεθῆναι
539 2308 642 2343 χερσίν.
666 2307 696 2334 'll
715 2308 770 2341 γὰρ
788 2306 834 2333 τοῦ
850 2305 918 2332 Θεοῦ

126 2358 200 2390 χετρ,
217 2354 280 2389 ήτὰ
293 2355 381 2381 πάντα
403 2355 505 2390 δηλαδὴ
523 2355 715 2390 συγκρατοῦσα
729 2354 856 2388 δύναμις,
872 2355 919 2380 καὶ

127 2410 185 2427 ανω
208 2401 282 2427 ἐστὶν
295 2401 323 2427 ἐν
341 2401 449 2437 οὖρανῷ
475 2401 522 2427 καὶ
540 2401 616 2427 κάτω
640 2401 687 2427 ἐπὶ
713 2401 762 2435 τῆς
787 2401 848 2435 γῆς,
870 2400 916 2426 καὶ

127 2447 183 2473 τῶν
194 2446 242 2473 τοῦ
257 2445 321 2482 ᾅδου
336 2447 429 2481 μυχῶν
445 2447 475 2473 οὺ
491 2447 624 2473 διαλείπει
640 2447 716 2473 mre.
732 2446 815 2472 Ὥστε
828 2447 852 2472 εἱ
869 2447 916 2472 καὶ

129 2493 198 2526 πρὸς
217 2491 283 2527 ᾅδην
295 2493 312 2527 ἡ
327 2492 392 2525 ἁγία
408 2492 455 2518 τοῦ
466 2491 585 2526 Χριστοῦ
605 2492 679 2526 ψυχὴ
698 2491 851 2526 τηνικαῦτα
868 2499 917 2517 και

128 2541 256 2574 τὴρχετο,
280 2538 350 2564 ἀλλὰ
371 2537 422 2572 τῆς
447 2538 483 2564 τὰ
499 2539 587 2564 πάντα
612 2538 820 2572 συγκρατοὺσης
834 2537 915 2563 δυνά-

131 2593 217 2619 μεως,
238 2583 366 2619 καθάπερ
387 2583 516 2618 εἴπομεν,
543 2584 573 2609 οὐ
597 2583 828 2617 κατελιμπάνετο,
859 2583 917 2616 εῖγε

129 2632 179 2657 καὶ
197 2630 298 2665 μᾶλλον
308 2629 424 2665 δύναμις
441 2630 489 2656 τοῦ
508 2629 612 2663 Πατρδς
634 2629 715 2660 αὑτός
727 2630 799 2655 ἐστιν
819 2630 832 2655 ὁ
852 2629 918 2663 Χρι-

131 2679 204 2709 orig,
221 2677 258 2707 ὡς
281 2677 295 2703 ὁ
313 2676 419 2707 Παῦλος
436 2684 514 2710 φησι.
536 2676 707 2710 Παρατίοησι
727 2675 775 2709 μὲν
793 2673 839 2701 οὖν
858 2676 918 2706 ταῖς

132 2724 281 2758 πατρικαῖς
298 2723 375 2758 χερσὶ
390 2723 439 2757 τὴν
449 2722 550 2757 ψυχὴν,
561 2722 597 2753 ὡς
612 2721 737 2748 ἐντεῦθεν
755 2722 801 2748 καὶ
817 2722 918 2752 πάσαις

969 2221 1011 2247 dis
1027 2220 1159 2251 animam,
1176 2220 1232 2247 noli
1249 2219 1458 2254 obstupescere,
1476 2228 1563 2255 neque
1579 2220 1670 2248 dicere
1695 2221 1752 2248 fieri

970 2266 1181 2300 haudquaquam
1211 2266 1332 2300 potuisse
1348 2269 1378 2293 ut
1400 2267 1496 2293 eadem
1519 2267 1609 2294 anima
1625 2267 1755 2302 migraret

971 2313 1003 2337 ad
1032 2319 1127 2338 orcum
1146 2316 1171 2338 ct
1199 2311 1321 2344 paternis
1353 2311 1380 2336 in
1408 2310 1536 2338 manibus
1561 2311 1754 2345 deponeretur.

971 2357 1076 2391 Quippe
1093 2357 1140 2383 Dei
1160 2365 1272 2387 manus,
1291 2356 1420 2383 \‘idelitct
1437 2356 1481 2383 illa
1505 2357 1650 2384 continens
1665 2359 1755 2384 omnia

972 2401 1013 2428 vis
1026 2406 1054 2428 ct
1079 2405 1209 2435 potestas,
1225 2405 1283 2428 tum
1308 2401 1334 2428 itt
1358 2402 1429 2428 cmlo
1445 2405 1487 2429 est
1511 2409 1629 2437 superne
1645 2407 1702 2429 tum
1727 2403 1753 2429 in

975 2447 1057 2474 terris
1073 2446 1215 2478 deorSuut,
1233 2453 1323 2481 neque
1345 2447 1414 2474 adeo
1439 2447 1506 2481 ipsis
1523 2448 1557 2474 ab
1576 2449 1632 2475 orci
1649 2449 1754 2484 angulis
1781 2449 1785 2482 ί

973 2500 1092 2527 unquam
1107 2494 1195 2520 abest.
1210 2492 1270 2526 Quo
1285 2493 1314 2519 fit
1333 2498 1362 2519 ut
1377 2493 1398 2520 si
1415 2493 1532 2520 maxime
1548 2499 1640 2522 sancta
1652 2494 1752 2522 Christi

969 2541 1059 2566 anima
1072 2538 1098 2565 id
1113 2538 1244 2573 temporis
1266 2538 1298 2565 ad
1318 2546 1413 2566 orcum
1432 2540 1468 2566 sit
1486 2538 1617 2574 profecta,
1641 2539 1753 2565 minimc

972 2589 1062 2611 tamen
1078 2592 1093 2611 a
1113 2584 1137 2610 vi
1155 2588 1345 2619 potestateque
1361 2584 1405 2611 illa
1419 2603 1426 2617 ,
1448 2591 1497 2611 ceu
1514 2584 1643 2615 diximus,
1662 2583 1754 2610 omnia

972 2629 1132 2656 continente
1157 2630 1289 2656 abfuerit.
1307 2630 1364 2657 lmo
1386 2629 1532 2657 dicendum
1553 2630 1645 2664 potius
1659 2634 1756 2662 poten-

973 2675 1038 2702 tiam
1064 2675 1153 2703 Patris
1168 2675 1258 2710 ipsum
1270 2683 1331 2702 esse
1354 2675 1506 2706 Christum,
1522 2674 1754 2709 quemadmodum

973 2721 1073 2748 Paulus
1094 2721 1226 2755 loquitur.
1242 2721 1358 2755 Deponit
1382 2721 1464 2756 igitur
1479 2720 1597 2746 animam
1616 2727 1694 2747 suam
1709 2727 1758 2755 pa-

169 2800 191 2816 "
206 2799 278 2828 Psal.
295 2807 348 2832 ut,
361 2800 389 2827 2.
426 2799 448 2816 ⁸³
468 2799 562 2826 Matth.
582 2807 665 2831 xxvu,
681 2799 724 2827 42.
756 2799 777 2815 θ’
794 2798 910 2829 1ὒί(1.52.

964 2801 968 2815 ¹
985 2799 1035 2827 lsa.
1055 2807 1126 2832 xux,
1142 2799 1168 2826 9.

256 2849 389 2876 l’xrnot“
409 2848 465 2877 GK.
494 2847 627 2878 CLVIII.

1524 2844 1560 2874 fit
