1966 3075
223 134 274 165 41‘)

857 125 1063 156 MICIIAELIS
1083 125 1213 155 GLYCE

1783 120 1835 151 420

223 197 315 217 ternas
338 189 363 215 in
390 193 504 218 manus,
520 191 549 212 ut
567 185 618 212 hoc
646 183 726 210 modo
742 181 848 210 eunetis
861 182 997 216 justoruut

1070 181 1113 212 αῖς
1132 181 1187 206 τῶν
1203 179 1314 206 δικαίων
1329 178 1427 213 ψυχαῖς
1451 177 1498 213 τὴν
1523 177 1569 204 ἐπὶ
1591 176 1623 202 τὰ
1649 176 1704 202 ἄνω
1726 175 1838 209 πορείαν

222 235 366 262 :mimubus
379 233 430 259 iter
448 231 480 257 ad
496 237 613 264 superna
628 228 806 262 caelestiaque
830 226 976 260 largiretur
994 234 1000 251 :

222 290 276 309 non
289 281 362 307 enim
376 277 460 312 gratis
474 280 501 303 et
518 276 616 302 frustra
631 282 680 309 pro
699 273 778 300 nobis
801 277 843 300 est
866 276 1001 299 mortuus.

220 328 260 354 Ad
277 332 370 352 oreum
398 329 463 349 vero
484 319 637 352 descendit,
660 323 690 346 ut
709 319 791 345 etiam
809 317 842 344 iis
865 317 912 352 qui
940 315 1003 343 istic

222 373 412 399 detinerentur
433 366 608 403 prazdiearet,
631 372 663 391 ae
682 363 838 399 religiosam
854 363 926 389 illam
948 362 1004 398 pie-

223 424 304 446 tatem
327 415 453 443 docendo
467 415 706 442 commonstraret,
725 417 806 444 quam
823 409 900 444 prius
925 408 1003 443 igno-

223 468 340 492 tassent.
358 463 452 490 Fidem
467 461 519 487 liae
542 460 568 486 in
584 463 662 493 parte
677 463 785 484 summo
798 455 836 482 illi
858 455 940 482 Petro
954 454 1004 480 ha-

224 513 298 541 beto.
314 509 362 545 qui
380 508 414 535 de
428 507 511 534 rebus
528 505 605 533 hisce
620 504 647 530 in
660 503 732 530 hunc
748 501 858 529 modum
872 499 983 527 disserit
997 509 1004 527 :

227 578 233 588 .
243 564 330 591 Etiam
344 558 489 595 spiritibus
507 556 554 592 qui
571 558 649 583 erant
665 554 692 581 in
705 560 814 580 carcere
828 551 1005 587 praedicatum

224 610 284 640 ivit.
299 607 347 642 qui
361 609 440 633 antea
455 602 537 629 ﬁdem
555 607 609 627 non
626 596 839 626 habuerant‘m
860 595 925 628 Quae
941 602 1006 622 sane

225 640 316 682 verba
327 656 440 679 secutus
461 646 610 682 Gregorius
627 645 673 672 ille
697 643 854 677 Theologus
866 661 874 673 ,
888 641 916 668 in
932 640 1008 668 hunc

226 700 338 728 modum
353 695 453 730 haczde
466 702 496 721 re
512 693 633 728 disputat
648 699 654 718 :
674 690 757 721 Num,
772 695 876 723 quaeso,
890 694 1008 721 conspe-

226 752 287 773 (tus
301 744 327 771 in
345 739 410 769 orco
424 738 542 768 salvavit
553 743 650 765 omnes
666 735 797 762 Dominus
809 754 816 767 ,
834 741 868 760 an
884 740 933 760 eos
947 737 1008 760 tan—

228 798 285 819 tum
301 790 347 825 qui
366 784 563 815 crediderant?
580 782 640 811 Noli
656 781 760 809 scilicet
773 781 823 808 hac
832 779 865 807 de
879 787 908 807 re
921 778 1009 806 ambi-

228 823 555 870 gere-Quemadmodum
571 827 645 855 enim
663 825 819 853 hominibus
838 824 865 851 in
878 828 950 851 terra
965 823 1010 850 de-

1053 225 1218 260 χαρίσασθαι
1234 224 1304 260 (οὐδὲ
1318 225 1371 258 γὰρ
1386 224 1505 251 ἀπέθανε
1518 222 1622 257 δωρεὰν
1637 221 1708 256 ὑπὲρ
1724 220 1837 254 αὐτῶν),

1054 271 1161 297 κάτεισι
1177 270 1206 297 δὲ
1223 269 1291 303 πρὸς
1305 270 1351 296 τὸν
1363 270 1441 304 ᾅδην,
1457 269 1501 296 ἴνα
1517 268 1564 294 καὶ
1578 268 1633 298 τοῖς
1649 267 1738 293 ἐκεῖσε
1757 274 1839 292 κατε-

1055 316 1180 351 χομένοις
1203 314 1310 350 κηρύξῃ
1336 316 1383 341 καὶ
1401 313 1496 349 διδάξῃ
1513 313 1617 343 πάντας
1633 312 1666 346 ἢν
1684 311 1840 346 ἠγνοήκασι

1056 361 1222 388 θεοσέϐειαν.
1240 361 1295 386 Καὶ
1314 359 1409 387 πείθου
1431 359 1470 394 τῷ
1488 358 1630 393 κορυφαίῳ
1656 357 1751 392 Πέτρῳ
1775 355 1841 390 περὶ

1057 407 1161 434 τούτων
1180 405 1252 433 οὕτω
1262 405 1399 438 διεξιόντι.
1419 413 1428 431 ι
1445 405 1500 431 Καὶ.
1512 405 1569 435 τοῖς
1585 405 1613 430 ὲν
1630 403 1736 436 φυλακῇ
1757 401 1842 427 πνεύ-

1058 461 1125 488 μασι
1140 452 1285 488 πορευθεὶς
1301 451 1434 487 ἐκήρυξεν
1449 449 1616 484 ἀπειθήσασι
1632 457 1708 475 ποτε.
1727 457 1736 473 ι
1761 447 1842 474 Ἀλλὰ

1057 501 1103 526 καὶ
1116 501 1129 526 ὁ
1147 500 1270 533 θεολόγος
1285 499 1435 534 Γρηγόριος
1451 497 1576 525 ἐντεῦθεν
1596 495 1757 531 ὁρμώμενος
1776 493 1844 529 περὶ

1057 545 1160 572 τούτων
1174 545 1246 572 οὕτω
1262 545 1356 580 φησιν.
1369 541 1458 579 (τΑρα
1468 543 1572 574 πάντας
1585 541 1687 568 ἔσωσεν
1701 539 1844 574 ἐπιφανεὶς

1058 593 1086 618 ἐν
1102 591 1153 627 ᾃεῃ
1168 592 1181 618 ό
1199 591 1310 626 Κύριος,
1325 591 1341 626 ἦ
1355 591 1436 617 κάκεῖ
1455 589 1518 621 τοὺς
1534 587 1752 620 πιστεύσαντας;
1773 595 1782 611 ι
1798 586 1845 620 Μὴ

1058 636 1106 664 οὖν
1129 636 1303 672 ἀμφίὸαλλε·
1323 635 1449 669 καθάπερ
1465 635 1521 670 γὰρ
1551 635 1607 666 τοῖς
1631 633 1660 660 ὲν
1675 633 1709 667 γῇ
1729 632 1845 666 εὐαγγε-

1058 683 1153 709 λίσατο
1168 683 1292 717 εἰρήνην,
1308 682 1355 708 καὶ
1381 682 1437 712 τοῖς
1455 681 1505 716 μὲν
1523 679 1686 707 πιστεύσασι
1704 678 1845 712 σωτηρίας

1060 729 1155 762 γέγονε
1191 727 1333 763 πρόξενος,
1357 728 1414 758 τοῖς
1439 727 1467 753 δὲ
1497 726 1679 760 ἀπειθήσασιν
1715 723 1845 754 ἀπιστίας

1059 773 1180 807 ἔλεγχος,
1204 772 1241 804 ὡς
1265 773 1280 798 ό
1304 771 1484 806 Δαμασκηνὸς
1505 771 1633 804 Ἰωάννης
1659 769 1752 805 φησὶν,
1773 768 1846 795 οὕτω

1061 819 1109 846 καὶ
1124 819 1180 850 τοῖς
1189 818 1218 844 ὲν
1233 817 1308 853 ᾅδου.
1324 818 1369 852 Μὴ
1381 816 1506 851 θαύμαζε
1520 816 1559 849 δὲ,
1574 815 1711 849 ἀγαπητὲ,
1726 814 1783 848 εἴγε
1799 814 1847 840 καὶ

245 856 301 863 ν.-.
321 856 499 867 νηηηενηη

227 856 356 915 :jentibus
369 877 461 904 laetum
478 873 551 908 pacis
560 871 686 899 nuntium
701 869 837 905 exposuit,
850 873 877 896 et
894 868 1010 896 creden-

1067 864 1145 900 ζιυχαί
1165 872 1238 895 τινες
1258 863 1287 889 ὲν
1301 861 1364 898 ᾅδου
1386 861 1568 897 κατεχόμεναι
1581 860 1611 888 τὸ
1635 859 1706 887 κατὰ
1727 859 1847 894 Χριστὸν

227 913 301 953 tibus
325 922 438 958 quidem
466 918 566 947 salutis
589 915 696 944 exstitit
723 919 830 946 auctor,
860 913 1010 941 incredulis

227 979 292 999 vero
306 968 424 1005 propriae
439 963 640 993 incredulitatis
655 961 748 992 iudex,
765 965 795 987 ut
818 959 939 987 Joannes
954 959 1009 986 Da—

229 1004 372 1043 masceuus
388 1011 523 1046 loquitur,
540 1011 577 1036 ita
591 1015 653 1035 cum
669 1006 703 1034 iis
713 1006 795 1033 etiam
804 1005 859 1040 egit
873 1004 920 1039 qui
932 1008 1010 1032 erant

229 1064 255 1089 in
267 1068 343 1089 orco.
355 1059 412 1087 Nec
424 1057 536 1089 mirum,
547 1054 646 1082 dilecte
662 1052 710 1085 ﬁli,
732 1051 782 1079 tibi
793 1050 919 1078 videatur
932 1046 1014 1085 quas-

228 1109 289 1134 dam
308 1106 336 1134 in
354 1111 420 1132 orco
436 1104 561 1130 detentas
575 1099 680 1127 animas
698 1097 918 1133 praedicationem
933 1094 1012 1123 Chri-

228 1153 263 1180 sti
292 1155 464 1186 nequaquam
495 1145 652 1174 admisisse.
682 1143 760 1171 Sicut
781 1142 854 1170 enim
879 1141 1012 1170 accidisse

228 1199 352 1226 videmus
378 1201 408 1223 ut
420 1195 477 1222 Deo
493 1192 570 1221 Pauli
585 1198 666 1218 causa
682 1189 854 1231 succutiente
878 1188 937 1223 ipsa
952 1195 1007 1215 car-

1063 910 1113 936 οὑκ
1128 909 1263 944 ἠθέλησαν
1280 908 1409 940 δέξασθαι
1420 908 1555 942 κήρυγμα
1565 915 1571 922 ·
1588 905 1715 940 καθάπερ
1736 904 1784 931 ἐπὶ
1798 903 1847 930 τοῦ

1065 954 1202 990 μακαρίου
1231 953 1349 986 Παύλου,
1367 953 1450 988 ἡνίκα
1476 952 1512 979 τὰ
1534 952 1584 986 τῆς
1608 951 1732 985 φυλακῆς
1758 949 1848 977 ἔσεισε

1064 1000 1188 1036 θεμέλια,
1203 1000 1218 1026 ό
1234 1000 1283 1034 μὲν
1297 997 1469 1034 δεσμοφύλαξ
1482 997 1582 1029 εὐθέως
1595 997 1767 1027 ἐπίστευσεν.
1781 995 1806 1021 oi
1820 994 1850 1021 δὲ

1066 1047 1203 1082 δεσμῶται
1219 1047 1251 1080 τῇ
1266 1045 1381 1080 ἀπιστίᾳ
1403 1043 1597 1078 ὲναπέμειναν,
1619 1043 1668 1069 καὶ
1690 1041 1777 1068 ταῦτα
1798 1040 1850 1070 τὰς

1066 1094 1177 1129 σιδηρᾶς
1202 1093 1277 1128 αὐτῷ
1306 1091 1469 1127 χειροπέδας
1491 1089 1643 1125 ἑωρακότες
1673 1089 1751 1122 ἄφνω
1772 1087 1851 1122 διαρ-

1067 1141 1208 1176 ραγείσας,
1224 1139 1295 1167 οὕτω
1322 1139 1373 1165 κάν
1395 1138 1451 1169 τοῖς
1477 1137 1506 1163 ἐν
1531 1136 1595 1172 ᾅδου
1612 1133 1778 1170 γενήσεσθαι
1801 1133 1850 1159 πί-

1065 1193 1155 1212 στευε.

229 1245 302 1273 ceris
330 1243 509 1271 fundamenta
524 1244 618 1267 custos
647 1228 835 1272 quidenripse
868 1236 987 1264 carceris
1019 1235 1151 1262 continuo
1177 1233 1258 1261 ﬁdem
1290 1232 1514 1267 amplecteretur,
1542 1237 1574 1257 ac
1609 1227 1709 1263 reliqui
1732 1226 1852 1256 vinculis

229 1291 333 1320 astricti
348 1297 397 1317 sua
412 1287 592 1323 persisterent
622 1285 650 1312 in
667 1283 871 1314 incredulitate,
896 1288 1053 1317 quanquam
1073 1281 1184 1316 pedicas
1205 1288 1268 1308 suas
1288 1280 1392 1307 ferreas
1412 1279 1505 1307 subito
1527 1278 1650 1313 diruptas
1666 1276 1853 1310 laceratasquo

230 1341 384 1368 cernerent,
401 1336 438 1363 ita
455 1338 551 1369 putato
573 1340 636 1359 cum
661 1331 696 1358 iis
717 1330 800 1357 etiam
823 1332 914 1356 actum
927 1328 1012 1356 fuisse
1031 1328 1079 1363 qui
1093 1335 1159 1356 orco
1173 1328 1380 1355 detinebantur.

266 1383 371 1417 Quodsi
386 1387 497 1408 causam
510 1385 619 1413 quoque
635 1375 714 1411 cupis
726 1381 903 1410 cognoscere,
916 1381 969 1408 qua
983 1373 1017 1401 de

231 1437 313 1458 causa
343 1428 472 1456 Servator
499 1424 583 1452 etiam
609 1423 644 1450 iis
665 1420 808 1449 animabus
831 1420 1021 1455 praedicavcrit

231 1479 380 1511 quat‘erant
395 1473 423 1500 in
436 1478 511 1504 orco,
535 1469 606 1497 scito
623 1468 699 1495 illam
717 1467 790 1494 hanc
803 1473 873 1495 esse.
887 1465 1018 1494 Naturam

232 1527 353 1549 nostram
382 1518 511 1545 Servator
528 1514 681 1548 assumpsit
710 1519 782 1539 anno
810 1512 844 1539 ab
861 1511 929 1538 urbe
955 1518 1020 1538 con-

234 1567 292 1594 dito
307 1564 387 1593 5500.
401 1562 482 1598 222
498 1559 682 1594 Quamobrem
705 1557 793 1585 istuc?
808 1556 885 1590 Quod
903 1564 936 1584 eo
955 1562 1018 1583 tem-
1032 1574 1053 1603 ϐ

233 1620 300 1647 pore
313 1610 346 1638 ad
364 1610 453 1637 lucem
468 1615 499 1634 ea
513 1605 710 1641 perduceretur
719 1611 779 1638 quae
793 1602 922 1638 mysterio
937 1602 1016 1630 Chri-

234 1659 268 1685 sti
289 1655 425 1684 servitura
440 1657 517 1686 erat,
533 1657 563 1679 ut
589 1657 704 1686 magnus
726 1649 771 1676 ille
787 1648 904 1675 Basilius
918 1648 1016 1681 inquit.

234 1703 341 1731 Etenim
354 1698 514 1728 vitiositatis
530 1697 652 1726 morbus,
665 1702 715 1722 ceu
731 1693 874 1728 Nyssensis
891 1692 935 1719 illc
949 1693 1019 1719 Gre-

234 1749 328 1785 gorius
343 1746 473 1782 loquitur,
498 1746 546 1778 qui
562 1743 596 1770 ab
626 1741 705 1769 initio
726 1744 853 1767 naturam
872 1739 1019 1765 humanam

235 1797 382 1826 invaserat,
410 1792 531 1826 vigorem
557 1789 612 1824 jam
647 1794 726 1814 suum
750 1785 890 1812 amiserat.
913 1784 1018 1818 Quippe

209 1871 214 1874 _
235 1844 331 1877 gentes
347 1845 422 1866 nunc
443 1844 492 1871 per
507 1834 680 1862 vocationem
696 1832 843 1860 crediturae
860 1836 953 1860 erant,
979 1829 1019 1856 uti

235 1873 350 1920 magnus
361 1883 444 1911 etiam
465 1880 566 1908 Paulus
586 1878 631 1905 ille
652 1876 743 1904 verbis
770 1875 844 1902 hisee
860 1873 993 1907 signiﬁcat
1011 1881 1018 1899 :

239 1941 258 1961 ι,
269 1919 450 1964 Posteaquam
470 1923 614 1961 plenitudo
631 1921 763 1957 temporis
779 1919 902 1951 advenit,
921 1919 1020 1946 Filium

236 1983 317 2005 suum
343 1976 416 2003 Deus
444 1970 625 2006 ablegavit”.
646 1979 655 1996 ι
671 1968 755 1995 Recte
773 1966 856 2002 igitur
871 1973 943 1992 anno
964 1965 1020 2000 jam

236 2022 357 2050 indicato
372 2025 483 2048 carnem
504 2016 638 2044 Dominus
664 2013 792 2045 assumit,
813 2011 886 2047 quod
899 2015 972 2038 esset
997 2009 1021 2037 is

237 2069 270 2096 ad
288 2068 359 2095 hanc
383 2073 441 2093 rem
456 2063 569 2091 omnino
585 2060 728 2096 appositus
747 2063 831 2093 atque
849 2056 1019 2084 commodus.

236 2114 304 2147 Quia
330 2118 394 2140 vero
412 2107 537 2137 nonnulli
562 2113 658 2134 eorum
681 2104 730 2139 qui
755 2104 839 2130 vitam
866 2103 893 2129 in
912 2102 1022 2137 pietatis

238 2146 408 2192 ignoratione
430 2159 507 2180 suam
525 2151 702 2182 clauserant,
728 2153 783 2175 tam
808 2146 927 2182 egregiis
944 2149 1023 2172 erant

238 2191 337 2231 animis
351 2199 459 2237 przediti
470 2219 478 2231 ,
494 2202 524 2225 ut
540 2196 631 2224 vocati
660 2194 773 2222 omnino
793 2192 931 2221 aecessuri
952 2191 1021 2219 [οἰδα

1107 1374 1139 1401 Εἰ
1154 1374 1182 1400 δὲ
1199 1375 1247 1400 καὶ
1260 1374 1311 1408 τὴν
1327 1374 1417 1400 αίτῖαν
1431 1372 1521 1408 βούλει
1536 1371 1632 1407 μαθεῖν
1643 1371 1677 1397 δι’
1689 1371 1722 1406 ἢν
1733 1369 1853 1405 ἐκήρυξε

1069 1420 1117 1448 καὶ
1135 1421 1194 1451 ταῖς
1213 1420 1241 1446 ἐν
1256 1420 1320 1455 ᾅδου
1337 1420 1437 1454 ψυχαῖς
1457 1419 1471 1445 ὁ
1487 1419 1593 1454 Σωτὴρ,
1611 1417 1680 1452 αὕτη
1704 1417 1787 1444 ἐστίν.
1806 1415 1854 1443 Ἐν

1069 1466 1108 1500 τῷ
1124 1464 1164 1499 εφ¹
1183 1465 1238 1491 ἔτει
1254 1465 1367 1500 γέγονεν
1383 1465 1400 1499 ή
1415 1464 1462 1491 τοῦ
1476 1465 1603 1498 Σωτῆρος
1617 1464 1696 1498 ήμῶν
1714 1461 1854 1497 ἐνανθρώ-

1069 1517 1152 1542 πησις
1166 1509 1233 1544 (57).
1252 1509 1331 1539 Τίνος
1346 1509 1455 1541 ἓνεκεν;
1476 1509 1537 1535 Ὀτι
1552 1509 1614 1534 κατ’
1636 1508 1739 1534 ἐκεῖνον
1755 1508 1854 1542 καιρὸν

1069 1555 1194 1590 προήχθη
1221 1555 1261 1587 εἰς
1286 1555 1344 1588 φῶς
1372 1555 1389 1590 ή
1408 1554 1447 1589 τῷ
1471 1554 1543 1581 κατὰ
1566 1553 1684 1589 Χριστὸν
1708 1553 1854 1588 μυστηρίῳ

1070 1600 1256 1636 ὑπηρετοῦσα,
1273 1601 1310 1632 ὡς
1327 1601 1341 1626 ὁ
1368 1600 1456 1634 μέγας
1481 1599 1533 1634 ἔφη
1556 1598 1709 1630 Βασίλειος,
1738 1598 1779 1625 δτι
1802 1597 1854 1632 τῆς

1069 1649 1168 1678 κακίας
1184 1648 1200 1682 ή
1220 1647 1309 1678 νόσος,
1326 1647 1364 1678 ὡς
1386 1646 1400 1672 ό
1421 1646 1565 1676 Νυσσαεὺς
1583 1645 1635 1680 ἔφη
1660 1645 1731 1676 θεῖος
1748 1644 1855 1679 Γρηγό-

1070 1702 1138 1729 ριος,
1150 1693 1302 1728 τηνικαῦτα
1319 1692 1512 1727 παρήκμαςεν,
1530 1691 1678 1727 ήὰρχῆθεν
1694 1691 1856 1726 ἑνσκήψασα

1070 1742 1102 1774 τῇ
1116 1740 1194 1774 φύσει
1213 1740 1262 1773 τῆς
1282 1738 1503 1773 ἁνθρωπότητος,
1519 1739 1559 1765 ὅτι
1576 1738 1610 1764 τὰ
1622 1738 1685 1771 ἑθνη
1697 1737 1855 1771 καλούμενα

1070 1787 1130 1814 τότε
1147 1785 1290 1812 πείθεσθαι
1316 1784 1450 1817 ἔμελλον
1477 1784 1524 1811 καὶ
1552 1783 1632 1810 τοῦτό
1663 1784 1738 1809 ἐστιν
1757 1782 1825 1817 ὅπερ
1841 1783 1855 1808 ὁ

1071 1833 1222 1867 πάμμεγας
1237 1831 1313 1864 ἔλεγε
1326 1829 1441 1863 Παῦλος,
1452 1830 1494 1856 ὅτι
1513 1839 1522 1856 ι
1536 1830 1580 1856 ὅτι
1593 1827 1659 1865 ἦλθε
1671 1829 1702 1855 τδ
1717 1829 1856 1863 πλήρωμα.

1071 1877 1117 1905 τοῦ
1137 1877 1244 1911 χρόνου,
1266 1875 1456 1907 ἐξαπέστειλεν
1474 1876 1488 1901 ό
1503 1873 1569 1906 Θεὸς
1595 1875 1640 1900 τὸν
1655 1873 1720 1900 Υἱδν
1734 1872 1829 1900 αὑτοῦ.
1844 1881 1854 1898 ι

1072 1922 1170 1952 Καλῶς
1183 1918 1230 1948 οὖν
1245 1922 1274 1947 ὲν
1286 1920 1326 1955 τῷ
1343 1919 1517 1954 διαληφθέντι
1529 1919 1584 1945 ἔτει
1600 1918 1751 1953 σαρχοῦται
1773 1919 1786 1944 ό
1799 1918 1857 1944 Κύ-

1073 1976 1140 2004 ριος,
1159 1968 1200 1994 ὅτι
1224 1967 1271 1993 καὶ
1291 1966 1363 1992 κατὰ
1385 1966 1476 1992 πάντα
1489 1966 1521 1991 τὸ
1534 1964 1656 1991 τοιοῦτον
1679 1963 1788 1990 εὔθετον
1804 1961 1855 1998 ἦν.

1079 2013 1148 2040 ’Δλλ’
1173 2012 1267 2047 ἐπειδὴ
1285 2011 1330 2038 καί
1350 2019 1423 2042 τινες
1447 2010 1502 2036 τῶν
1527 2010 1556 2036 ἐν
1582 2009 1695 2044 ἀσεϐείᾳ
1721 2008 1770 2043 τὴν
1784 2007 1858 2042 ζωὴν

1072 2059 1283 2087 καταλυσάντων
1311 2056 1418 2091 ἀγαθῆς
1451 2055 1580 2082 τοσοῦτον
1615 2055 1739 2089 ὑπῆρχον
1766 2053 1858 2089 ψυχῆς

1072 2105 1140 2132 ὥστε
1170 2105 1217 2130 καὶ
1241 2102 1402 2138 προσελθεῖν
1429 2101 1613 2135 καλουμένους
1639 2100 1739 2131 αὐτοὺς
1763 2100 1812 2126 καὶ
1825 2100 1858 2125 τὸ

1072 2151 1143 2177 κατὰ
1157 2150 1274 2184 Χριστὸν
1294 2148 1410 2181 ἑτοίμως
1429 2146 1599 2181 Εὑαγγὲλιον
1617 2145 1756 2178 δέξασθαι,
1777 2145 1860 2180 εἰπερ

1073 2196 1142 2224 εἶδον
1159 2195 1241 2222 αὐτὸν
1261 2195 1290 2220 ὲν
1309 2194 1365 2225 τοῖς
1377 2193 1533 2228 ἔμπροσθεν
1547 2192 1654 2227 χρόνοις
1672 2191 1742 2226 μετὰ
1757 2190 1860 2225 σαρκὸς

238 2253 299 2277 sent
313 2252 340 2275 et
355 2244 535 2280 Evangelium
551 2243 585 2270 de
599 2241 710 2270 Christo
726 2239 878 2275 amplexuri
891 2258 898 2271 ,
922 2238 944 2265 si
961 2238 1014 2272 quia

1075 2243 1121 2268 ἐπὶ
1142 2242 1194 2276 γῆς
1208 2239 1395 2274 διατρίϐοντα,
1409 2238 1504 2265 τούτου
1527 2239 1607 2273 χάριν
1631 2237 1661 2264 οὺ
1680 2237 1861 2271 παραιτεῖται

238 2296 300 2321 dem
314 2300 375 2321 eum
389 2288 578 2326 superioribus
593 2286 700 2315 saeculis
713 2293 777 2313 cum
801 2291 884 2311 carne
901 2284 928 2310 in
944 2284 1023 2310 terris

207 2332 208 2335 Ἴ
238 2341 382 2375 degentem
409 2335 637 2371 conspexissent,
666 2336 810 2367 propterea
843 2337 898 2357 non
917 2333 1023 2356 recusat

238 2373 320 2414 etiam
344 2383 378 2411 ad
397 2389 492 2410 orcum
516 2379 684 2408 descendere
699 2386 730 2405 ac
746 2376 865 2405 detentis
881 2375 943 2402 istic
961 2373 1023 2400 atti-

239 2431 335 2459 mabus
351 2428 523 2465 praedicare,
551 2429 581 2452 ut
606 2425 659 2452 hoc
677 2424 757 2451 modo
781 2421 884 2449 nemini
900 2421 970 2448 ullus
994 2426 1024 2446 sc

240 2477 372 2512 purgandi
388 2475 466 2503 locus
479 2473 694 2506 relinqueretur,
718 2476 769 2496 nec
784 2468 827 2495 uel
852 2467 916 2494 boni
947 2472 1024 2493 suam

239 2509 388 2550 bonitatem
411 2519 578 2555 perderent,
600 2516 643 2543 vel
659 2515 720 2542 mali
742 2509 909 2548 respondere
936 2511 1026 2538 verbis

240 2567 395 2604 huiusmodi
412 2568 543 2600 possent:
559 2573 568 2588 ι
584 2562 611 2590 Si
625 2561 799 2590 vidissemus,
811 2559 924 2586 omnino
945 2556 1024 2582 adni-

240 2615 394 2642 buisscutus
409 2611 499 2639 iidem.
520 2619 528 2636 ι
550 2609 612 2636 Haec
623 2607 657 2634 de
672 2607 714 2633 his
728 2607 800 2633 dicta
816 2611 908 2631 sunto.

274 2699 296 2713 ⁶¹
315 2697 323 2723 1
345 2697 417 2724 Petr.
437 2703 477 2726 Ill,
495 2694 537 2721 l9.
567 2692 589 2708 "
607 2691 695 2718 Galat.
710 2699 747 2722 tv,
763 2691 789 2716 ι.

276 2768 332 2805 (57)
350 2767 446 2802 Glycas
465 2770 556 2805 noster
575 2771 662 2791 annos
693 2764 727 2789 ab
751 2755 827 2801 orbis
854 2761 965 2805 conditu
987 2760 1020 2787 ad

243 2796 459 2832 inearnationem
476 2800 555 2827 Verbi
573 2803 698 2825 numerat
714 2798 861 2831 qttiuqtucs
892 2796 966 2823 mille
990 2803 1022 2823 ac

245 2840 420 2872 quingentos,
446 2843 507 2863 cutu
533 2834 578 2860 alii
604 2842 634 2860 ex
663 2833 763 2859 Graecis
794 2837 839 2858 aut
862 2832 952 2866 plures
976 2835 1023 2858 aut

1076 2288 1124 2315 καὶ
1151 2287 1219 2322 πρὸς
1245 2287 1311 2321 ᾅδην
1334 2286 1414 2313 αὑτὸν
1439 2283 1582 2312 κατελθεῖν
1608 2284 1657 2310 καὶ⁸
1681 2284 1742 2314 ταῖς
1769 2283 1862 2308 ἐκείῖε

1077 2333 1194 2368 κηρῦξαι
1215 2332 1326 2367 ψυχαῖς,
1342 2331 1379 2362 ὡς
1402 2329 1527 2357 ἐντεῦθεν
1544 2328 1765 2363 ἀναπολογήτους
1789 2324 1863 2353 εἶναι

1077 2379 1211 2410 ἃπαντας,
1230 2378 1277 2404 καὶ
1308 2378 1377 2413 μήτε
1408 2376 1471 2407 τοὺς
1498 2375 1619 2409 ἀγαθοὺς
1651 2373 1785 2400 ἀπολέσαι
1811 2373 1875 2407 τὴν

1076 2425 1180 2451 ἑαυτῶν
1203 2424 1368 2458 ἀγαθότητα,
1385 2424 1454 2458 μήτε
1480 2422 1544 2453 τοὺς
1564 2421 1614 2448 οὐκ
1640 2419 1759 2454 ἀγαθοὺς
1785 2420 1864 2445 ἀντι-

1075 2470 1164 2504 λέγειν
1189 2469 1317 2496 δύνασθαι
1337 2469 1374 2499 ὠς
1399 2478 1408 2495 ι
1423 2467 1509 2502 Εἴπερ
1524 2467 1640 2501 εἴδομεν,
1662 2465 1866 2500 ἐπιστεύσαμεν

1076 2516 1117 2543 ἄν.
1136 2525 1145 2541 ι
1164 2516 1217 2542 Καὶ
1233 2516 1296 2550 περὶ
1309 2515 1358 2550 μὲν
1378 2514 1478 2541 τούτων
1489 2513 1584 2544 οὕτως.

1076 2760 1156 2787 etiam
1176 2758 1319 2793 pauciores
1336 2757 1485 2792 assignent.
1512 2756 1580 2793 Vide
1595 2764 1655 2791 qua:
1684 2764 1739 2791 prre
1759 2756 1866 2788 ueteris

1077 2797 1109 2821 de
1127 2791 1349 2828 hue‘argumeuto
1375 2791 1523 2826 disputavit
1535 2792 1663 2820 Petavius
1677 2798 1771 2820 ιιυδιοι-
1786 2791 1867 2819 libris

1078 2831 1114 2857 Dc
1132 2830 1257 2857 doctrma
1273 2833 1433 2862 temporum.
