1966 3075
74 131 120 162 421
690 135 892 167 ANNALIUM
914 137 1010 168 PARS
1030 137 1086 168 Ill.

1650 142 1700 172 422

106 192 140 220 Οί
158 193 185 220 δὲ
216 194 348 228 ’Ῑοαδαῖικ
366 195 408 223 ἵνα
433 196 471 232 μὴ
498 196 579 231 μείνῃ
600 197 648 223 ἐπὶ
673 198 720 223 τοῦ
746 197 850 232 σταυροί

950 198 1084 225 Caeterum
1097 199 1182 226 Judaei
1197 208 1230 227 ne
1247 201 1272 227 in
1289 208 1370 228 cruce
1387 208 1501 235 Corpora
1523 208 1571 236 per
1594 201 1700 228 Saltim-

73 239 104 265 τὰ
118 239 231 273 σώματα
247 241 276 267 ὲν
293 242 436 278 Σαϐϐάτῳ,
446 243 506 269 ἐπεὶ
522 244 687 279 παρασκευὴ
702 241 736 278 ἦν
750 241 794 279 (ἦν
804 244 858 278 γὰρ

73 287 177 322 μεγάλη
196 288 287 323 ἡμέρα
299 290 390 325 ἐκείνη
413 290 462 316 τοῦ
477 289 639 324 Σαϐὅάτου),
654 290 800 327 ὴρῴτησαν
812 290 858 316 τὸν

73 333 196 366 Πιλᾶτον,
229 335 276 361 καὶ
298 336 332 362 τὰ
357 336 431 370 ἑξῆς.
460 336 636 370 Κατάγουσιν
655 336 702 363 οὖν
729 337 783 363 ἀπὸ
809 336 857 363 τοῦ

73 378 148 410 ξύλου
171 379 217 405 τὸν
236 380 354 416 Ἰησοῦν,
375 382 424 409 καὶ
441 383 563 418 μνήματι
589 382 676 418 καινῷ
699 383 858 409 κατατίθεν-

71 433 125 451 ται.
157 425 227 452 Ἀλλ’
257 427 308 462 ὅρα
332 427 462 462 κάνταῦθ’
486 429 535 463 τὴν
560 429 606 455 τοῦ
640 428 708 455 Θεοῦ
740 428 856 462 σοφίαν,

71 472 208 507 ἀγαπητὲ,
225 473 268 499 ἵνα
292 473 329 508 μὴ
353 473 400 501 τὸν
426 475 542 510 σταυρδν
562 474 644 501 αὐτον
660 475 855 509 ζημιωοῶμεν,

70 517 112 544 ἵνα
136 518 175 553 μὴ
188 518 218 544 τὸ
239 520 372 553 πανὰγιον
387 519 434 546 τοῦ
454 520 558 555 Κυρίου
577 519 658 556 σῶμα
674 522 759 555 πυρδς
774 520 789 556 ἢ
805 519 854 547 θα-

69 563 170 599 λάσσης
189 564 269 599 ἔργον
284 566 431 601 ποιήσωσι,
445 568 476 602 τῇ
502 566 612 601 συνήθει
629 567 681 593 κάν
696 567 783 602 τούτῳ
802 575 855 602 μαι

68 611 112 644 νία
124 611 303 646 χρησάμενοι,
322 612 367 639 τὸν
383 612 536 646 Αὔγουστον
553 613 649 648 ἤγειρε
665 613 792 649 Καίσαρα
805 614 855 650 τὴν

68 656 230 691 ιιίκουμένην
252 657 363 685 ἅπασαν
389 659 615 694 ἀπογράψασθαι.
629 660 735 686 Γίνεται
755 660 853 692 ταῦτα,

68 702 115 728 καὶ
131 703 162 728 τὸ
177 703 230 730 τῶν
248 703 383 739 Ἐϐραίων
407 705 485 738 γένος
500 707 532 740 τῇ
550 705 604 732 τῶν
622 706 767 740 Ῥωμαίων
789 707 854 733 ὑπο-

69 749 163 775 πίπτει
177 750 260 785 ὰρχῇ.
278 749 371 786 Ταύτῃ
384 760 425 778 τοι
439 751 536 786 καὶτῷ
548 752 658 786 λαχόντι
679 753 787 787 Πιλάτῳ
805 752 853 787 τὴν

67 793 215 828 ἡγεμονίαν
230 795 319 821 αὐτῶν
335 795 489 830 παριστῶσι
503 796 548 822 τὸν
563 797 674 832 Κύριον,
696 797 732 831 μὴ
747 806 854 833 συγχω-

69 838 194 872 ρούμενοι
223 841 253 866 τὸ
278 840 407 876 βουλητὸν
431 842 523 873 αὐτοῖς
551 842 594 869 ἐπ’
612 843 686 877 αὐτῷ
701 843 853 878 διαπράξα-

68 883 139 911 σθαι.
161 885 214 911 Καὶ
235 886 289 921 γὰρ
308 888 333 913 εί
365 888 606 924 ιτυνεχωρήθησαν⁹
637 889 724 920 λίθοις
747 889 780 916 ἂν
807 889 855 916 τὸν

66 931 183 964 Χριστὶν
202 932 378 960 ἐθανάτωσαν
400 933 416 968 ἢ
442 933 543 969 ξυλίνῳ
558 935 731 969 κατέπρισαν
753 935 854 969 πρίονι,

66 976 214 1004 κάντεῦθεν
240 979 319 1012 ἡμεῖς
347 979 392 1006 τὸν
416 979 525 1014 φύλακα
552 980 632 1015 ἡμῶν
663 982 869 1016 ὲζημιοὺμεθα¹

67 1022 193 1056 σταυρόν.
212 1022 243 1048 Et
262 1023 317 1059 γὰρ
339 1023 387 1050 τὸν
409 1024 533 1059 φιλόθεον
561 1025 697 1060 Ἰερεμίαν
724 1026 856 1061 βορϐόρου

67 1067 160 1102 λάκκῳ
175 1068 312 1101 ὲνέῦαλον,
329 1069 356 1096 τί
371 1070 422 1096 οὐκ
436 1070 468 1096 ἂν
482 1071 522 1102 είς
544 1071 574 1097 τὸ
591 1071 637 1098 τοῦ
654 1072 758 1106 Κυρίου
775 1072 856 1106 σῶμα

65 1113 210 1148 ἐποίησαν,
225 1115 249 1141 εἰ
267 1115 304 1150 μή
322 1123 353 1149 γε
377 1115 423 1142 τὸν
442 1116 596 1152 Ῥωμαϊκὸν
612 1114 685 1152 εἶχον
709 1118 792 1152 νόμον
809 1119 857 1145 αὐ-

65 1159 127 1191 τοὺς
161 1160 378 1194 ἀναστέλλοντα;
394 1162 502 1189 Γίνεται
525 1162 622 1190 λοιπὸν
647 1164 663 1198 ἡ
691 1163 854 1199 ἀπογραφὴ,

65 1206 98 1232 τὰ
111 1205 161 1240 τῆς
177 1205 303 1238 εὐταξίας
318 1207 469 1242 εἰσάγεται,
480 1208 631 1236 κάντεῦθεν
645 1209 675 1235 τὸ
688 1209 734 1235 τοῦ
751 1209 854 1244 Κυρίου

66 1251 145 1286 σῶμα
161 1252 252 1287 τελείᾳ
266 1254 339 1288 ταφῇ
355 1253 542 1288 παραδίδοται.

98 1296 166 1323 Οἶδα
189 1296 228 1330 δὲ,
249 1297 384 1333 ἀγαπητὲ,
406 1299 447 1325 ὅτι
473 1300 520 1325 καὶ
547 1300 611 1335 περὶ
631 1301 681 1336 τῆς
700 1303 854 1338 τριημέρου

64 1343 153 1377 ταφῆς
182 1342 230 1370 τοῦ
260 1344 364 1379 Κυρίου
395 1344 495 1380 πολλὴν
531 1347 652 1382 ἐποιήσω
684 1349 851 1386 συζήτησιν,

63 1389 170 1422 ἡμέρας
185 1390 354 1426 ἐκμετρῆσαι
371 1391 452 1426 δῆθεν
472 1393 519 1419 ἐπὶ
531 1393 635 1429 ταύτης
654 1397 728 1430 τρεῖς
753 1397 791 1431 μὴ
810 1398 854 1424 δυ-

66 1435 191 1469 νάμενος.
213 1435 279 1463 Ἀλλ’
294 1435 372 1470 ἄφες,
392 1439 415 1464 εί
435 1437 537 1473 βούλει,
552 1439 607 1465 τῶν
624 1440 739 1475 πολλῶν,
749 1443 791 1469 ὃτι
806 1444 853 1470 καὶ

63 1480 202 1514 λογισμῶν
220 1477 400 1518 ἀνθρωπίνων
415 1484 485 1511 εἰσὶν
499 1485 685 1521 ὲφευρέματα.
710 1488 808 1515 Πείοου
823 1489 851 1516 δὲ

64 1527 163 1561 μᾶλλον
185 1527 314 1564 Ἰσιδώρῳ
326 1529 365 1564 τῷ
383 1529 561 1568 Πηλουσιώτῃ
584 1532 690 1566 λέγοντι
706 1534 747 1560 ὅτι
763 1535 850 1562 καθά-

63 1581 116 1607 περ
136 1574 183 1599 ἐπὶ
210 1573 264 1600 τῶν
283 1575 472 1603 τελευτώντων
495 1579 583 1604 ποιεῖν
606 1579 754 1614 είώθαμεν,
771 1581 850 1617 ὁποίᾳ

60 1619 83 1645 δ’
97 1619 130 1645 ἂν
150 1620 212 1656 ὥρᾳ
229 1621 380 1658 τελευτήσῃ
403 1631 455 1655 τις,
474 1624 524 1659 τὴν
541 1624 605 1659 ἑξῆς
630 1626 715 1661 μόνην
736 1627 850 1662 ὑπερτι-

62 1667 176 1700 οέμεθα,
199 1668 234 1702 τῇ
259 1668 288 1694 δὲ
311 1669 394 1705 ἑτέρᾳ
409 1669 495 1697 ἒωοεν
511 1672 637 1706 τριταίαν
653 1673 757 1708 ἄγομεν
783 1676 852 1709 ἡμέ-

61 1723 112 1748 ραν
125 1714 209 1740 αὐτοῦ
221 1723 228 1730 ”
241 1716 288 1741 καὶ
300 1715 372 1742 οὕτω
383 1716 429 1742 καὶ
441 1717 486 1742 ἐπὶ
498 1717 582 1744 αὑτοῦ
598 1718 645 1745 τοῦ
658 1719 776 1754 Χριστοῦ
789 1720 848 1747 δια-

59 1759 179 1786 νοείσθαί
202 1769 232 1786 σε
258 1761 321 1796 χρή.
339 1763 394 1788 Καὶ
416 1763 471 1798 γὰρ
495 1765 566 1791 κατὰ
592 1764 643 1800 τὴν
667 1765 849 1803 Παρασκευὴν

59 1807 204 1840 παρέδωκε
217 1808 248 1833 τὸ
264 1807 389 1842 πνεῦμα”
403 1808 482 1836 τοῦτο
495 1810 544 1844 μία
560 1811 663 1845 ἡμέρα.
681 1812 717 1838 Τὸ
741 1813 849 1840 Σάϐϐα-

58 1861 103 1878 τον
129 1853 191 1879 ὅλον
215 1854 244 1879 ὲν
269 1853 309 1889 τῷ
333 1855 411 1891 τάφῳ
425 1856 573 1891 ἐποίησεν·
590 1857 645 1884 ίδοὺ
668 1858 715 1885 δύο
731 1859 846 1895 ἡμέραι.

57 1898 135 1924 Πετά
151 1899 178 1925 δὲ
193 1898 271 1926 τοῦτο
291 1899 342 1934 τῆς
367 1901 511 1936 Κυριακῆς
528 1903 738 1939 ὲπιφωσκούσης
754 1905 786 1931 εκ
801 1906 848 1933 τά-

58 1952 108 1978 ςμ-ου
125 1945 290 1979 ἐγήγερταιο
310 1947 365 1973 ἰδοὺ
381 1949 429 1974 καὶ
447 1948 544 1984 τρίτην
560 1949 633 1984 ἔχεις
654 1951 772 1986 ἡμέραν.
790 1953 847 1980 Καὶ

57 1990 153 2017 πείθου
172 1992 228 2022 τοῖς
246 1993 309 2026 περὶ
321 1993 430 2020 Λουχᾶν
448 1995 495 2021 καὶ
509 1995 635 2022 Κλεόπαν
650 1995 721 2024 οὕτω
736 1997 846 2032 λέγουσι

57 2037 124 2070 πρὸς
139 2036 221 2063 αὐτὸν
234 2036 422 2073 τὺνΧριστὸν,
440 2039 535 2068 ι’Λλλά
544 2049 576 2074 γε
593 2041 641 2068 σὺν
659 2042 726 2068 πᾶσι
741 2042 846 2075 τούτοις

55 2082 151 2116 τρίτην
163 2082 266 2117 ταύτην
282 2083 388 2118 ἡμέραν
403 2085 465 2119 ἄγει
485 2086 618 2120 σήμερον,
636 2087 683 2120 ἀφ’
706 2085 737 2115 οὗ
758 2089 846 2116 ταῦτα

56 2126 177 2158 ἐγένετο.
195 2136 204 2152 ι
224 2127 254 2153 Εί
270 2128 298 2154 δὲ
310 2129 357 2154 καὶ
369 2129 462 2164 τάχιον
484 2131 517 2157 ὲκ
532 2131 619 2166 τάφου
633 2133 796 2168 ἐγήγερται,
812 2135 843 2160 οὐ

918 250 974 271 tum
996 251 1157 278 manerent,
1186 246 1296 281 quando
1319 251 1374 285 tum
1406 247 1614 282 preparatiouis
1640 248 1700 274 dies

913 296 984 322 erat.
1009 291 1120 319 Salibati
1143 298 1236 320 autem
1259 293 1318 321 dies
1336 293 1453 321 celebris
1478 298 1560 329 atque
1583 302 1678 329 magna
1692 315 1699 324 .

913 344 1026 366 exorato
1038 339 1167 373 precibus
1180 339 1267 366 Pilato
1281 338 1375 367 Jesum
1391 340 1424 367 de
1450 340 1524 374 ligno
1540 340 1664 367 demittu-
1679 345 1699 370 I.

913 385 992 421 isque
1009 386 1109 412 novuni
1127 385 1154 413 in
1170 390 1379 413 monumentum
1394 386 1552 420 deponitur.
1570 385 1619 412 llic
1633 394 1700 419 quo-

913 439 978 467 que.
995 431 1095 459 dilecte
1111 432 1148 459 illi
1160 452 1167 463 ,
1185 432 1347 466 sapientiam
1362 431 1429 458 mihi
1446 431 1565 458 divinant
1580 431 1698 458 intuere.

913 477 1020 512 Quippe
1033 485 1068 505 ne
1085 477 1174 504 crucis
1196 475 1331 504 beneficio
1343 476 1535 511 spoliaremur,
1561 483 1630 502 neve
1654 484 1699 502 sa-

913 527 1088 551 crosanctum
1108 523 1175 551 illud
1189 523 1299 550 Domini
1311 530 1413 558 corpus
1422 523 1509 550 Judaei
1525 523 1566 550 vel
1581 523 1643 557 igne
1658 523 1699 549 ιιι-1

913 571 982 597 mari
999 571 1154 605 perderent,
1173 571 1266 598 furore
1283 569 1410 597 videlicet
1424 574 1556 597 consueto
1574 571 1626 600 usi,
1643 569 1700 596 An-

911 622 1020 652 gustum
1036 617 1170 645 Caesar-cm
1193 617 1294 644 excitat
1318 621 1348 644 ut
1375 617 1508 643 mundum
1539 616 1697 643 universum

911 669 1046 691 censeret.
1062 663 1122 697 Quo
1139 663 1212 691 facto
1227 662 1406 690 Hebrmorum
1419 663 1494 690 natio
1511 661 1698 690 Romanorum

913 710 939 736 in
952 714 1115 744 potestatem
1130 709 1253 737 devenit.
1271 708 1416 744 Propterea
1431 714 1540 743 captum
1555 709 1588 735 ab
1599 715 1628 735 se
1644 708 1698 734 Do-

910 756 1015 784 minum
1029 756 1116 784 Pilato
1128 757 1240 789 sistunt,
1259 756 1305 790 qui
1321 756 1446 790 praetoris
1458 755 1529 790 apud
1545 755 1619 790 ipsos
1636 763 1698 782 ιιιιι-

911 810 978 829 nere
995 801 1172 837 fungebatur.
1182 802 1220 829 lla
1229 806 1349 836 potestas
1365 802 1404 828 eis
1422 801 1548 836 adempta
1564 806 1617 834 est,
1631 809 1699 836 qun-

910 848 1002 876 minus
1032 856 1064 875 ex
1092 848 1176 876 animi
1203 847 1246 875 sui
1270 848 1386 875 libidine
1405 856 1467 875 cum
1489 848 1549 882 ipso
1573 853 1698 882 agerent.

875 878 894 904 Β
912 894 1021 922 Etenim
1036 894 1059 922 si
1073 895 1239 929 permissum
1259 894 1312 922 hoc
1325 894 1365 922 eis
1380 893 1485 926 fuisset,
1502 894 1545 920 vel
1560 893 1699 928 lapidibus

910 940 944 967 ad
962 947 1085 977 mortem.
1101 948 1188 975 usque
1204 940 1345 968 Christum
1366 940 1535 973 obruissent,
1560 939 1602 966 vel
1623 948 1697 966 serra

909 986 999 1022 lignea
1017 987 1226 1019 dissecuissent,
1242 994 1331 1022 eoque
1352 991 1432 1022 pacto
1449 986 1528 1014 nobis
1543 992 1636 1014 custos
1652 986 1697 1012 illa

909 1039 1003 1069 nostra
1018 1041 1085 1060 crux
1102 1035 1241 1068 periisset.
1253 1034 1361 1070 Quippe
1380 1034 1404 1062 si
1423 1035 1468 1062 Dei
1489 1035 1607 1061 amicum
1620 1034 1694 1061 .lere-

908 1079 990 1106 miam
1007 1079 1034 1106 in
1056 1080 1212 1115 voraginem
1225 1080 1342 1108 lutosam
1367 1081 1537 1115 abjecerunt,
1552 1081 1616 1114 quil
1641 1088 1696 1106 non

908 1126 936 1154 in
955 1126 1044 1161 ipsum
1070 1127 1176 1154 Domini
1197 1134 1296 1162 corpus
1309 1127 1509 1163 designassent,
1526 1128 1552 1154 ni
1569 1129 1626 1162 lege
1645 1128 1697 1154 llo-

908 1180 988 1199 mana
1001 1173 1118 1208 repressi
1136 1173 1276 1201 fuissent?
1292 1173 1346 1201 Hac
1357 1174 1441 1209 igitur
1454 1174 1487 1200 de
1503 1182 1586 1200 causa
1597 1181 1695 1200 Ct‘ltstts

909 1219 1051 1246 institutus
1068 1219 1130 1247 fuit.
1147 1224 1176 1247 et
1200 1220 1308 1255 egregie
1324 1220 1449 1246 ordinata
1465 1227 1509 1247 res
1530 1220 1648 1254 publica,
1666 1223 1695 1246 ut

908 1264 1016 1292 Domini
1035 1273 1145 1299 quoque
1157 1273 1257 1300 corpus
1273 1272 1371 1300 expers
1383 1265 1531 1299 sepultura:
1547 1273 1599 1291 non
1615 1265 1694 1291 foret.

942 1311 1053 1338 Memini
1081 1312 1163 1338 etiam
1178 1333 1184 1345 ,
1211 1312 1311 1339 dilecte
1327 1311 1376 1344 fili,
1396 1316 1421 1339 te
1437 1319 1543 1338 mecum
1560 1311 1646 1338 multa
1661 1311 1694 1338 dc

909 1356 1034 1384 triduana
1050 1357 1190 1392 sepultura
1204 1357 1364 1389 contulisse.
1390 1365 1452 1384 cum
1477 1358 1558 1384 trium
1585 1356 1693 1383 dierum

906 1403 951 1429 hic
965 1404 1083 1437 spatium
1099 1404 1190 1430 metiri
1205 1412 1257 1431 non
1273 1411 1374 1439 posses.
1391 1403 1477 1431 Velim
1497 1408 1522 1431 te
1536 1408 1626 1430 autem
1643 1403 1694 1430 hac

906 1448 933 1474 in
950 1454 1027 1483 parte
1046 1449 1192 1483 opiniones
1209 1450 1402 1484 plerarumque
1415 1451 1511 1477 missas
1528 1449 1618 1476 facere
1636 1453 1694 1476 tan-

905 1502 985 1528 quam
1005 1495 1185 1529 humanarum
1209 1496 1448 1523 ratiocinationum
1463 1496 1582 1522 inventa.
1598 1495 1693 1522 Potius

905 1539 985 1574 223
1002 1539 1105 1567 Isidoro
1125 1540 1270 1567 Pelusiotae
1293 1541 1373 1568 fidem
1401 1540 1531 1568 adhillcto
1547 1561 1554 1572 ,
1576 1540 1623 1575 qui
1642 1541 1692 1567 hu-

902 1584 1024 1619 jnsmodi
1039 1584 1162 1619 quaedam
1178 1585 1269 1612 tradit.
1286 1585 1363 1618 Quod
1379 1586 1405 1612 in
1419 1585 1453 1612 iis
1468 1585 1556 1612 facere
1570 1594 1692 1613 consue-

906 1630 998 1657 vimus
1009 1630 1055 1664 qui
1073 1630 1128 1657 vita
1141 1630 1331 1662 decesserunt,
1348 1636 1381 1658 -ιιι
1393 1639 1557 1666 quacunque
1581 1632 1690 1659 tandem

904 1677 970 1703 hora
986 1677 1047 1711 quis
1068 1677 1210 1709 moriatur,
1241 1677 1321 1704 modo
1349 1678 1408 1704 dies
1431 1678 1500 1705 alter
1515 1678 1688 1710 intercedat.

901 1726 965 1751 e‘urn
981 1731 1088 1750 sunnno
1104 1723 1176 1750 tertii
1194 1723 1248 1750 diei
1267 1731 1347 1750 mane
1362 1723 1454 1751 triduo
1475 1724 1531 1757 jam
1548 1729 1689 1750 mortuum

901 1769 1107 1804 perhibeamus,
1121 1768 1193 1797 idem
1211 1769 1245 1796 de
1265 1769 1377 1796 Christo
1400 1775 1522 1803 cogitare
1542 1777 1591 1797 nos
1607 1778 1689 1804 opor-

903 1819 951 1842 tet.
977 1814 1044 1841 Nam
1071 1815 1093 1841 is
1115 1816 1174 1850 ipso
1190 1815 1400 1850 prmparalionis
1416 1816 1460 1843 die
1487 1817 1613 1851 spiritum
1633 1817 1688 1844 Deo

901 1861 1031 1892 tradidit;
1047 1861 1107 1888 dies
1123 1862 1206 1895 igitur
1220 1861 1264 1888 hic
1278 1870 1348 1888 unus
1365 1867 1416 1889 est.
1434 1862 1582 1889 Sahbatum
1601 1867 1686 1890 totum

900 1908 928 1934 in
944 1908 1071 1941 sepulcro
1083 1908 1200 1940 mansit;
1216 1915 1250 1934 en
1265 1908 1337 1935 diem
1349 1908 1465 1935 alterunt
1479 1908 1572 1936 habes.
1587 1909 1686 1936 Deinde

899 1961 962 1981 cum
985 1954 1043 1988 jam
1070 1954 1231 1981 Dominicus
1248 1954 1308 1981 dies
1333 1954 1493 1985 diluxissct.
1520 1963 1534 1982 c
1559 1957 1686 1989 sepulcro

900 2000 1019 2032 resurgit
1033 2008 1039 2026 :
1057 2007 1091 2026 en
1110 1999 1182 2026 diem
1197 1999 1245 2026 tibi
1264 2001 1387 2027 tertium.
1401 1999 1461 2027 Ihee
1478 2009 1539 2027 Vera
1555 2001 1644 2032 dabis,
1663 2003 1684 2028 si

898 2044 981 2072 Lucae
997 2045 1072 2072 voles
1088 2050 1115 2072 et
1132 2045 1239 2080 Cleopm
1251 2046 1376 2078 credere,
1391 2039 1438 2081 qui
1453 2046 1486 2073 ad
1500 2047 1588 2081 ipsum
1606 2048 1687 2074 Chri-

897 2096 968 2118 stum
978 2091 1055 2119 aiunt
1073 2100 1080 2118 :
1098 2100 1107 2117 ι
1126 2091 1280 2118 Aceeditad
1299 2092 1356 2119 hrec
1369 2099 1461 2120 omnia
1474 2112 1482 2125 ,
1502 2094 1575 2127 quod
1589 2095 1686 2122 tertius

897 2137 943 2165 hic
958 2137 1018 2165 dies
1031 2139 1132 2173 agitur,
1147 2146 1180 2165 ex
1199 2146 1254 2173 quo
1276 2138 1333 2166 haac
1353 2136 1423 2166 l‘hcta
1439 2145 1504 2168 sunt
1524 2140 1557 2167 “.
1570 2150 1579 2166 ι
1599 2140 1687 2168 Citius

55 2172 128 2199 κατὰ
144 2172 224 2199 τοῦτο
240 2174 348 2206 πάντως
383 2176 581 2211 αίτιαθήσεται,
607 2179 707 2212 μᾶλλον
727 2180 777 2215 μὲν
797 2178 845 2208 οὖν

905 2189 991 2211 iutem
1004 2184 1145 2219 aliquanto
1164 2183 1304 2213 Christum
1322 2193 1336 2213 e
1350 2187 1477 2220 sepulcro
1490 2190 1684 2222 resurrexisse,

55 2219 104 2244 καὶ
132 2219 390 2256 προσκυνηθήσεται
414 2223 489 2257 παρὰ
512 2224 632 2257 πάντων,
653 2226 694 2252 ὁτι
723 2227 774 2261 μὲν
794 2228 844 2262 τὴν

53 2264 251 2299 ὲμπρόθεσμον
266 2266 440 2302 καρτερήσας
457 2267 604 2304 ὑπόσχεσιν
620 2272 669 2303 τὴν
686 2273 719 2298 ἐκ
736 2273 844 2306 νεκρῶν

52 2309 139 2336 αὐτοῦ
172 2311 267 2345 τάχιον
288 2312 438 2347 ἐποιήσατο
466 2314 585 2349 ἔγερσιν.
620 2317 675 2344 Καὶ
703 2319 768 2353 περὶ
794 2320 845 2353 μὲν

52 2354 158 2382 τούτων
185 2355 272 2387 οὓτως
295 2357 309 2382 ὁ
331 2357 489 2392 διαληφθεὶς
511 2359 580 2391 θεῖος
601 2361 681 2397 ἀνὴρ,
698 2364 711 2388 ὁ
735 2363 763 2389 δὲ
777 2373 845 2398 χρυ-

53 2401 204 2436 σορῤήμων
235 2402 362 2438 Ἰωάννης
392 2405 474 2438 φησὶν
497 2406 537 2432 ὅτι
566 2408 612 2433 καὶ
643 2408 703 2435 λίαν
728 2410 842 2444 ἐποίησε

52 2447 146 2478 καλῶς
161 2448 175 2473 ὁ
192 2449 308 2482 Χριστὸς
323 2451 376 2485 πρὸ
393 2451 442 2485 τῆς
466 2452 520 2478 τῶν
544 2453 629 2487 τριῶν
645 2455 758 2490 ἡμερῶν
773 2466 842 2492 συμ-

52 2494 224 2529 πληρώσεως
249 2497 374 2532 ἐγερθεὶς
398 2499 430 2525 ἐκ
456 2501 572 2535 νεκρῶν.
591 2502 621 2527 Εἰ
647 2502 684 2538 μὴ
708 2504 762 2538 γὰρ
782 2505 842 2531 τότε

51 2543 154 2576 ἀνέστη
168 2543 332 2578 καθημένων
353 2545 449 2572 αὐτόθι
461 2546 516 2572 τῶν
535 2545 712 2582 στρατιωτῶν
730 2550 777 2578 καὶ
793 2560 844 2586 φυ-

50 2586 221 2618 λασσόντων,
237 2589 295 2615 ἀλλ’
314 2590 552 2626 ἀναχωρησάντων
577 2595 647 2628 μετὰ
674 2596 724 2630 τὴν
745 2597 842 2632 τρίτην

49 2633 170 2667 ἡμέραν,
188 2633 260 2668 εἶχον
286 2635 320 2662 ἄν
344 2644 371 2663 τι
396 2638 444 2663 καὶ
471 2637 561 2672 λέγειν
575 2640 598 2665 οἱ
616 2639 751 2668 κάκιστοι.
769 2642 841 2677 [lpo-

49 2679 154 2711 ἐ-ροασε
170 2679 262 2707 λοιπον
280 2682 410 2714 ἀναστάς.
431 2684 505 2710 Ἔδει
525 2686 579 2720 γὰρ
599 2687 841 2722 παρακαθημένων

50 2725 142 2751 αὐτῶν
156 2727 284 2759 γενέσθαι
299 2729 348 2763 τὴν
367 2730 527 2757 ἀνάστασιν.
547 2732 652 2758 Οὐκοῦν
669 2734 842 2768 ἠναγκάζετο

51 2772 97 2797 καὶ
111 2772 168 2799 τῶν
184 2773 268 2808 τριῶν
283 2775 394 2810 ἡμερῶν
413 2777 487 2808 ἐντὸς
508 2778 539 2804 ἐκ
558 2778 665 2813 νεκρῶν
681 2779 840 2814 ἐγερθῆναι,

88 2852 110 2868 6‘
131 2853 201 2880 LuC.
223 2861 295 2884 sxw.
310 2855 357 2884 21.

896 2229 1004 2263 culpam
1022 2229 1136 2256 omnitto
1159 2230 1262 2256 nullam
1289 2235 1411 2258 meretur
1429 2241 1435 2258 :
1452 2233 1498 2260 sed
1515 2234 1607 2267 potius
1631 2235 1684 2262 hoc

896 2275 1008 2303 nomine
1026 2276 1112 2310 magis
1134 2276 1217 2302 etiam
1242 2276 1276 2303 ab
1302 2277 1430 2305 omnibus
1452 2283 1496 2305 est
1516 2279 1684 2312 adorandus.

894 2320 967 2355 quod
982 2321 1104 2355 praestita
1121 2322 1272 2349 toleranter
1283 2323 1474 2357 promissione,
1493 2326 1560 2352 certi
1579 2331 1684 2362 tempo-

896 2367 934 2393 ris
945 2367 1034 2401 spatio
1048 2366 1172 2398 definita,
1189 2368 1306 2394 celerius
1324 2371 1553 2398 resurrectionem
1565 2380 1596 2399 ex
1612 2382 1684 2400 mor-

897 2413 952 2439 tuis
976 2420 1053 2439 suam
1078 2414 1268 2441 maturaverit.
1293 2414 1321 2441 in
1339 2415 1412 2442 hunc
1427 2417 1547 2444 'modum
1572 2419 1683 2447 divinus

898 2459 943 2487 ille
959 2460 1012 2492 vir,
1026 2468 1107 2495 quem
1125 2460 1255 2494 diximus,
1273 2462 1323 2489 hac
1338 2464 1371 2490 de
1390 2471 1419 2490 re
1442 2464 1582 2494 disseruit.
1600 2466 1683 2494 Joan-

897 2513 946 2533 nes
957 2510 1048 2533 autent
1063 2505 1277 2541 Chrysostomus
1288 2509 1327 2535 ait
1340 2509 1481 2537 Christum
1501 2512 1582 2538 etiam
1605 2514 1684 2540 valde

897 2551 924 2578 in
938 2559 971 2579 eo
989 2552 1118 2586 przeclare
1134 2553 1242 2586 fecisse,
1261 2555 1333 2589 quod
1349 2561 1413 2583 ante
1427 2556 1486 2584 dies
1499 2563 1554 2585 tres
1565 2559 1685 2593 complc‘

897 2602 939 2625 tos
957 2599 1148 2627 resurrexerit.
1173 2600 1280 2628 Etenim
1309 2602 1332 2629 si
1351 2610 1385 2629 eo
1403 2604 1463 2637 ipso
1491 2609 1612 2640 tempore
1627 2613 1682 2631 non

894 2645 1102 2678 resurrexisset,
1118 2648 1355 2676 commorantibus
1366 2649 1455 2677 adhuc
1474 2650 1535 2677 istic
1551 2651 1683 2678 militibus

896 2690 1110 2726 sepulcrumque
1126 2693 1349 2722 eustodientibns
1363 2716 1370 2726 ,
1398 2697 1523 2732 adeoque
1540 2698 1562 2724 si
1582 2697 1683 2724 milites

896 2736 973 2764 illinc
990 2739 1071 2766 tertio
1086 2739 1131 2766 die
1151 2740 1360 2774 discessissent.
1386 2744 1510 2772 homines
1533 2746 1683 2780 improbis-

895 2782 959 2811 simi
977 2783 1092 2813 fortasse
1119 2787 1245 2815 nonnihil
1273 2788 1435 2818 habuissent
1455 2799 1510 2826 quo
1531 2799 1560 2819 se
1583 2800 1684 2827 purga-
