1966 3075
254 123 309 154 12)

881 119 907 147 Μ
915 119 1090 149 lCHAELIS
1109 117 1240 148 GLYC/E

1823 114 1875 144 424

258 188 330 210 rent.
348 180 518 214 Quapmpter
532 175 699 212 resurgendo
715 175 788 210 ipsos
800 175 955 207 antevertit,
967 174 1038 209 quod

1094 173 1130 205 ὡς
1145 172 1202 206 εῐγε
1219 171 1411 207 παρελθουσῶν
1426 171 1515 198 αὐτῶν
1530 171 1664 198 κάκείνων
1679 170 1875 206 ἀναχωρησάν-

258 231 398 263 uporterct
412 224 525 252 omnino
551 223 605 250 illis
622 222 713 249 adhuc
728 221 885 256 sepulcrum
909 220 1039 247 obsiden-

257 274 332 301 tibus
344 271 572 299 resurrectionem
590 268 659 296 ﬁeri.
678 267 755 300 Quod
780 266 802 294 si
817 265 941 293 accidere
954 265 1039 292 debe-

256 319 312 350 bat,
333 315 488 344 necessario
504 315 574 341 intra
600 313 674 340 diem
693 311 803 339 tertittm
820 311 871 346 ipsi
890 318 905 337 a
924 310 1040 338 mortuis

257 362 455 398 resurgendum
483 365 553 388 erat.
585 359 690 394 Quippe
719 358 741 385 si
772 358 842 384 facta
873 356 1040 384 resurrectio

256 409 354 436 fuisset
369 407 462 435 triduo
477 406 532 442 jam
551 404 688 440 praeterito
703 408 732 430 ct
754 402 808 430 illis
821 410 835 429 a
855 401 981 437 sepulcro
997 401 1039 428 di-

255 455 374 490 gressis,
390 453 504 480 omuiuo
520 459 563 479 res
579 453 706 485 suspecta
730 448 838 476 fuisset.
859 446 915 474 Hac
933 447 989 482 ipsa
1005 447 1039 474 de

254 509 336 529 causa
354 500 473 527 Pilatum
503 497 657 525 concedere
688 496 779 523 voluit.
803 494 875 522 Deus
895 498 925 520 ut
950 493 1039 528 sigillo

255 547 412 582 sepulcrum
428 543 633 578 obsignaretur.
659 542 724 575 Qua:
740 548 802 568 eum
832 540 868 567 ita
893 539 957 568 sint.
973 545 1039 565 eave

255 594 284 620 in
301 592 457 620 divinarum
474 590 640 617 Litterarum
654 587 736 614 verba
753 586 890 613 curiosius
905 584 1038 619 inquiras,

255 647 325 666 neve
342 643 397 665 tres
413 637 534 671 integros
549 635 608 662 dies
623 641 685 661 cum
703 632 790 659 tribus
811 626 938 658 noctibus
955 631 983 657 in
995 636 1040 657 se--

255 685 364 721 pultura
375 683 476 712 Christi
492 689 523 709 ac
534 679 686 709 Servatoris
704 677 790 705 nostri
806 676 956 708 desideres,
971 682 1039 710 prae-

255 730 349 758 sertim
370 736 433 756 cum
450 727 583 754 Isidorum
599 725 678 760 plane
695 724 818 751 divinant
835 722 972 750 hominem
989 721 1038 748 ha-

256 776 330 807 beas,
349 774 395 809 qui
414 772 531 808 spatium
550 772 602 798 hoc
616 770 665 798 tibi
687 769 810 797 metitur.
833 767 914 795 Sexta
936 773 1039 802 praepa-

257 821 351 848 ratorii
371 819 425 847 diei
454 819 519 846 hora
545 817 677 844 Dominus
691 821 732 843 est
748 815 907 843 cruciﬁxus.
928 813 968 839 Ab
987 812 1037 839 hac

255 868 288 894 ad
319 873 420 893 nonam
449 872 536 899 usque
568 863 663 890 lteram
686 861 773 896 caligo
789 859 913 887 exstitit:
932 866 991 886 eam
1010 863 1037 885 tu

256 913 323 941 mihi
340 920 390 948 pro
406 916 487 938 nocte
502 909 606 937 ducito.
623 909 726 936 Rursus
740 907 774 934 ab
792 907 858 933 hora
867 912 938 932 nona
952 912 1038 939 usque

257 959 291 986 ad
310 965 451 993 vesperam
478 957 523 982 lux
543 954 614 987 fuit;
631 954 676 981 hie
701 953 800 980 iterum
825 950 874 978 tibi
896 950 955 977 dies
969 954 1035 977 esto.

256 1003 440 1038 Quamobrem
463 1001 518 1036 jam
538 1000 675 1034 integrum
693 997 747 1024 diei
764 996 906 1030 noctisque
922 995 1038 1029 spatium

257 1050 351 1077 habes.
369 1048 467 1075 Secuta
492 1051 534 1074 est
550 1045 621 1072 diem
638 1042 845 1079 praeparationis
873 1049 926 1068 nox
937 1061 944 1074 ,
960 1040 1038 1067 inde-

1092 227 1147 246 των
1174 218 1191 252 ἡ
1222 218 1371 249 ἀνάστασις
1399 217 1522 253 γέγονεν,
1542 217 1663 244 ὕποπτον
1690 217 1724 243 ἃν
1750 213 1820 243 εἶναι
1845 217 1874 243 τὸ

1092 265 1209 300 πρᾶγμα
1233 263 1331 299 ἔμελλε
1343 271 1350 278 ·
1366 263 1406 290 διὸ
1428 263 1476 290 καὶ
1503 252 1654 298 σφραγισαι
1668 262 1716 289 τὸν
1729 262 1824 296 τάφον,
1837 262 1875 293 ὡς

1091 310 1243 342 ἐϐούλοντο,
1274 309 1465 344 συνεχώρησεν
1494 310 1508 336 ὸ
1530 308 1654 339 Πιλᾶτος.
1679 307 1712 334 Εί
1735 307 1763 334 δὲ
1790 307 1876 333 ταῦτα

1090 356 1176 388 οὕτως
1204 356 1270 391 ἔχει,
1290 355 1328 390 μὴ
1355 355 1401 381 ἐπὶ
1435 353 1516 381 πλέον
1544 354 1578 380 τὰ
1602 353 1662 380 θεῖα
1689 351 1874 388 περιεργάζου

1091 402 1171 438 ῥητὰ,
1187 402 1254 437 μηδὲ
1276 401 1353 436 ζήτει
1380 400 1453 435 τρεῖς
1473 399 1581 434 ἡμέρας
1607 398 1656 425 καὶ
1682 399 1757 433 τρεῖς
1773 398 1875 428 νύκτας

1090 448 1133 474 é‘rr‘
1152 448 1184 482 τῇ
1203 447 1274 481 ταφῇ
1293 446 1339 472 τοῦ
1352 444 1471 480 Χριστοῦ
1491 444 1538 471 καὶ
1561 443 1687 478 Σωτῆρος
1702 442 1791 477 ἡμῶν,
1805 442 1874 469 ὅπου

1090 503 1122 528 γε
1137 494 1185 521 καὶ
1202 492 1313 525 ταύτας,
1331 492 1356 518 ει
1375 490 1476 526 βούλει,
1495 490 1541 516 τδν
1557 489 1696 515 θειότατον
1717 487 1789 523 ἔχεις
1813 487 1876 514 Ἰσι-

1090 541 1175 573 δωρον
1190 536 1376 574 ἐκμετροῦντὰ
1392 545 1444 564 σοι.
1457 536 1545 571 ’Ἐκτῃ
1560 534 1620 570 ὥρᾳ
1630 534 1679 567 τῆς
1691 533 1875 568 Παρασκευῆς

1090 584 1250 620 ἐσταυρώθη
1266 585 1280 610 ὁ
1298 583 1409 619 Κύριος.
1428 582 1496 608 Ἀπὸ
1516 581 1618 615 ταύτης
1635 580 1686 611 ἕως
1707 579 1781 614 ὥρας
1801 579 1876 605 ἐννά-

1090 640 1139 665 της
1154 631 1248 662 σκότος
1263 629 1372 664 ἐγένετο
1384 636 1391 644 '
1406 627 1483 655 τοῦτό
1499 620 1544 662 μοι
1560 626 1646 653 νύκτα
1662 625 1771 660 νόησον.
1787 623 1875 651 Πάλιν

1089 675 1143 702 ἀπὸ
1158 676 1271 709 ὲννάτης
1281 674 1333 705 ἕως
1346 673 1464 708 ἑσπέρας
1479 672 1566 706 αὐτῆς
1580 671 1638 706 φῶς
1650 678 1658 686 ·
1678 669 1759 696 τοῦτο
1779 669 1876 703 νόησον

1089 717 1168 750 αὖθις
1179 718 1296 753 ἡμέραν.
1316 717 1410 752 Ἔχεις
1434 716 1488 743 ἰδοὺ
1505 715 1678 750 νυχθήμερον
1696 713 1737 739 ἓν.
1753 712 1841 739 Πάλιν
1858 712 1875 746 ἡ

1094 764 1143 797 νὺξ
1166 765 1215 798 τῆς
1231 757 1414 798 ιιαρασκευῆς
1439 762 1487 788 καὶ
1512 762 1528 796 ἡ
1550 760 1597 787 τοῦ
1620 759 1761 786 Σαὸὀὰτου
1782 758 1876 791 ἡμέρα

1089 809 1276 845 νυχθήμερον·
1302 807 1374 843 ἔχεις
1404 807 1458 833 ἰδοὺ
1486 805 1646 841 νυχθήμερα
1674 803 1731 830 δύο.
1755 803 1841 830 Πάλιν
1857 803 1874 836 ἡ

1088 856 1135 883 τοῦ
1161 856 1302 883 Σαϐὃάτου
1332 855 1380 887 νὺξ
1409 853 1456 881 καὶ
1482 854 1496 880 ὁ
1527 853 1577 888 τῆς
1609 851 1752 887 Κυριακῆ;
1777 850 1876 885 ὖρθρος

1087 901 1286 937 νυχθήμερον·’
1306 900 1377 935 ἔχεις
1403 899 1458 926 ῐδοὺ
1483 898 1655 934 νυχθήμερον
1679 898 1782 931 τρίτον,
1798 896 1828 921 ὲν
1853 893 1876 928 ᾧ

1087 949 1135 989 διαὶ
1148 948 1246 983 ἀνέστη
1262 948 1275 973 ὀ
1290 946 1403 981 Κύριος,
1417 945 1475 979 εἴγε
1488 946 1534 971 καὶ
1549 943 1646 980 ἄδηλος
1663 940 1697 978 ἦν
1716 943 1733 977 ὴ
1751 942 1810 977 ὥρα
1827 941 1876 976 τῆς

1087 986 1273 1026 ἀναστάσεως,
1287 992 1359 1019 καθὰ
1370 992 1402 1027 δὴ
1417 991 1464 1017 καὶ
1480 991 1496 1025 ἡ
1514 990 1562 1024 τῆς
1577 988 1708 1023 δευτέρας
1723 986 1876 1022 παρουσίας

1088 1039 1181 1066 αὑτοῦ.

255 1102 309 1130 que
323 1094 382 1121 dies
396 1092 507 1119 Sabhati
522 1100 529 1124 ;
547 1084 607 1126 quae
625 1078 677 1116 duo
696 1096 805 1116 rursum
840 1087 894 1114 diei
913 1087 1056 1121 noctisque
1076 1086 1194 1121 spatium
1219 1085 1355 1120 integrum
1390 1082 1579 1114 constituunt,
1600 1085 1630 1108 ut
1648 1081 1703 1116 jam
1729 1079 1789 1107 dies
1805 1078 1877 1105 duos

257 1141 426 1175 totidemque
453 1143 548 1166 noctes
564 1138 675 1165 habeas.
695 1137 760 1164 Post
785 1136 842 1162 hazc
859 1134 969 1162 Sabhati
1003 1141 1054 1161 nox
1091 1138 1119 1161 et
1147 1133 1280 1160 Dominici
1299 1132 1450 1160 diluculum
1474 1134 1581 1158 noctem
1607 1129 1735 1163 diemque
1750 1127 1877 1155 similiter

256 1187 398 1219 alliciunt;
418 1184 490 1220 quod
513 1184 570 1219 jam
586 1184 714 1210 diurnum
750 1185 971 1214 nocturnumque
1008 1178 1126 1214 spatium
1145 1179 1255 1206 tertium
1277 1178 1340 1211 erit,
1374 1185 1428 1213 quo
1458 1177 1591 1204 Dominus
1605 1175 1772 1207 resurrexit,
1787 1181 1877 1208 quan-

256 1243 337 1271 quam
355 1234 459 1261 incerta
478 1232 561 1259 fuerit
587 1231 655 1257 hora
680 1227 889 1257 resurrectionis
914 1227 984 1262 ejus,
1004 1226 1075 1253 sicut
1108 1230 1136 1253 et
1167 1225 1201 1253 de
1236 1224 1349 1252 alterius
1366 1224 1498 1251 adventus
1527 1223 1693 1249 hora'nemo
1712 1226 1804 1247 certus
1815 1226 1877 1247 esse

257 1280 371 1317 poterit.

292 1328 375 1364 22η.
388 1326 497 1355 Memini
514 1333 590 1358 vero,
608 1325 706 1352 dilecte
731 1323 782 1356 ﬁli,
805 1326 831 1350 te
847 1321 918 1349 inter
934 1321 986 1348 alia
1008 1319 1042 1347 de

257 1376 311 1402 hoe
327 1375 409 1402 etiam
437 1371 607 1408 quaesivisse,
622 1369 802 1404 quamobrem
820 1365 1041 1395 scilicetDomini

259 1422 403 1456 sepultura
419 1418 545 1445 triduana
570 1416 662 1448 fuerit,
678 1423 732 1442 non
749 1413 860 1449 majoris
873 1412 913 1440 vel
928 1411 1042 1439 minoris

258 1464 410 1494 intervalli.
433 1462 568 1490 Nimirum
583 1468 632 1496 pro
648 1460 773 1487 universa
787 1457 928 1485 hominum
943 1461 1041 1484 natura

258 1512 399 1540 Christum
417 1508 485 1535 mori
501 1506 656 1542 oportebat,
677 1512 726 1539 pro
753 1504 786 1531 iis
805 1503 907 1530 scilicet
923 1502 969 1537 qui
984 1502 1038 1536 iam
1055 1523 1076 1553 c

259 1564 323 1586 ante
347 1557 374 1583 in
392 1555 445 1582 fata
460 1555 663 1581 concesserant.
682 1558 730 1585 pro
747 1550 814 1576 vivis
832 1549 933 1580 adhuc,
948 1552 975 1574 et
991 1554 1039 1581 pro

259 1601 402 1629 cristiluris
418 1597 576 1633 aliquando.
592 1596 697 1630 Quippe
717 1594 767 1621 tria
794 1600 903 1628 quoque
918 1597 1039 1626 tempora

259 1653 334 1681 sunt,
350 1645 531 1682 praeteritum,
550 1643 684 1675 futurum,
703 1648 833 1676 prwsetts.
855 1640 908 1667 Eos
926 1640 972 1675 qui
985 1641 1040 1675 jam

259 1697 452 1731 pecesserant,
478 1689 597 1717 servavit
619 1688 652 1715 ad
670 1695 765 1714 oreum
785 1685 970 1718 desecudens;
996 1693 1041 1712 su-

258 1739 388 1775 perstites
415 1741 506 1763 autent
524 1734 550 1761 id
570 1732 701 1768 temporis
713 1752 719 1764 ,
737 1736 766 1758 ut
785 1732 831 1765 qui
858 1730 1042 1757 credidissent

261 1789 288 1814 iu
309 1786 417 1820 ipsum;
435 1782 586 1810 exstituros
603 1780 721 1813 denique
737 1776 893 1812 aliquando,
912 1780 1041 1810 tauquam

261 1831 288 1858 in
303 1829 490 1865 apostolorum
509 1825 729 1862 prtedicationem
758 1822 912 1850 credituros
933 1825 961 1849 et
976 1821 1042 1855 bap-

260 1877 372 1904 tistuum
399 1878 606 1902 consecuturos.
630 1870 657 1897 Si
674 1877 738 1904 ergo
756 1874 838 1896 totam
855 1872 979 1895 naturam
994 1874 1042 1893 no-

259 1929 344 1950 stram
361 1920 524 1954 assumpsit,
545 1917 719 1952 perspicuum
741 1918 783 1942 est
798 1914 879 1941 etiam
897 1918 979 1940 totam
995 1919 1042 1939 na-

261 1975 349 1995 turam
373 1970 493 1993 nostram
517 1964 606 1998 ipsum
621 1962 772 1988 reduxisse.
791 1959 975 1993 Quamobrem
990 1957 1042 1985 Do-

263 2013 327 2041 tniui
343 2012 483 2047 sepultura
501 2018 554 2036 non
569 2009 618 2035 abs
634 2016 662 2034 re
680 2007 807 2034 triduana
822 2006 883 2032 fuit.

297 2059 354 2086 iloe
371 2057 452 2084 modo
469 2064 502 2084 ex
532 2055 649 2082 mortuis
675 2053 808 2080 Dominus
836 2050 974 2086 resurgit,
994 2048 1042 2078 sed

262 2112 316 2131 non
333 2103 423 2130 statim
449 2101 481 2128 ad
499 2101 584 2128 C(nlos
610 2098 782 2127 subvehitur.
808 2095 876 2124 Nam
901 2097 934 2123 de
954 2094 1043 2130 magni

263 2149 404 2177 Athanasii
434 2147 571 2175 sententia
599 2149 744 2179 propterea
765 2143 823 2170 dies
854 2143 880 2169 iu
906 2141 988 2169 terris
1009 2141 1044 2168 40

1126 1316 1192 1345 υῐδα
1215 1318 1254 1350 δὲ,
1270 1316 1409 1351 ἀγαπητέ,
1433 1315 1481 1342 καὶ
1503 1315 1581 1342 τοῦτο
1608 1314 1677 1350 πρὸς
1703 1315 1760 1346 τοῖς
1785 1314 1876 1346 ἄλλοις

1091 1364 1223 1399 ζητοῦντά
1240 1372 1279 1396 σε,
1298 1363 1369 1394 τινος
1383 1362 1477 1388 ἕνεκεν
1496 1362 1512 1397 ἡ
1528 1361 1576 1388 τοῦ
1591 1361 1695 1396 Κυρίου
1708 1361 1779 1396 ταφὴ
1798 1362 1875 1396 τριή-

1091 1419 1172 1446 μερος
1187 1410 1234 1436 καὶ
1249 1410 1279 1436 οὺ
1296 1408 1397 1436 πλείων
1408 1408 1424 1444 ἢ
1437 1408 1557 1434 ἐλάσσων
1569 1407 1639 1443 αὕτη
1651 1408 1769 1441 ἐγένετο.
1786 1407 1874 1441 ’Υπὲρ

1089 1457 1179 1491 πάσης
1201 1456 1306 1490 ἔπρεπε
1329 1454 1381 1489 τῆς
1396 1454 1451 1480 τῶν
1472 1453 1622 1488 ἀνθρώπων
1645 1453 1752 1487 φύσεως
1769 1453 1873 1479 ἀποθα-

1091 1502 1146 1528 νεῖν
1165 1501 1210 1527 τὸν
1227 1500 1356 1536 Χριστὸν,
1373 1499 1444 1534 ὺπέρ
1467 1507 1497 1525 τε
1519 1498 1620 1533 δηλαδὴ
1637 1497 1690 1524 τῶν
1714 1498 1875 1532 προαποθα-

1092 1547 1192 1574 νόντων
1210 1546 1265 1573 τῶν
1276 1554 1305 1572 τε
1325 1545 1476 1581 περιόντων
1493 1544 1539 1571 καὶ
1552 1544 1608 1570 τῶν
1628 1543 1781 1578 μελλόντων
1800 1543 1877 1576 γενέ-

1092 1593 1166 1626 σθαι,
1185 1592 1280 1627 ἐπειδὴ
1295 1593 1344 1618 καὶ
1357 1591 1432 1626 τρεῖς
1458 1591 1512 1616 εισι
1538 1590 1641 1624 καιροὶ,
1666 1588 1874 1624 παρεληλυθὼς,

1091 1638 1216 1671 ἐνεστὼς,
1239 1638 1353 1674 μέλλων.
1383 1638 1437 1664 Καὶ
1465 1636 1529 1667 τοὺς
1557 1636 1607 1670 μὲν
1633 1635 1876 1671 προαποθανόντας

1092 1684 1177 1711 ἔσωσε
1195 1682 1334 1710 κατελθὼν
1350 1682 1379 1708 ἒν
1393 1682 1432 1717 τῷ
1449 1681 1511 1718 ᾄδῃ,
1525 1681 1590 1712 τοὺς
1610 1681 1638 1707 δὲ
1655 1682 1715 1708 τότε
1732 1682 1877 1715 περιόντας

1091 1731 1193 1757 ἔσωσεν
1222 1729 1259 1761 ὡς
1290 1727 1489 1758 πιστεύσαντας
1509 1727 1549 1758 εἰς
1573 1727 1667 1759 αὐτὸν,
1683 1727 1745 1758 τοὺς
1761 1727 1789 1752 δὲ
1807 1723 1877 1761 μετὰ

1092 1777 1177 1803 ταῦτα
1203 1775 1403 1810 γενησομένους
1429 1774 1466 1805 ὼς
1492 1773 1692 1805 πιστεύσαντας
1712 1773 1752 1804 είς
1774 1773 1805 1798 τὸ
1820 1772 1876 1798 τῶν

1092 1822 1249 1849 ἁπνιστόλων
1270 1821 1399 1855 κήρυγμα
1415 1820 1460 1846 καὶ
1484 1818 1694 1854 βαπτισθέντος.
1711 1819 1742 1845 El
1759 1818 1806 1845 οὖν
1826 1819 1877 1854 τὴν

1093 1868 1157 1903 ὅλην
1183 1867 1260 1902 ἡμῶν
1285 1866 1366 1905 φύειν
1387 1865 1477 1897 ἔλαϐε.
1502 1865 1580 1900 δῆλον
1603 1866 1645 1892 ὃτι
1670 1866 1717 1892 καὶ
1739 1865 1789 1900 τὴν
1809 1865 1877 1900 ὃλην

1093 1915 1172 1951 ἡμῶν
1197 1914 1278 1949 φύσιν
1302 1913 1448 1940 ἀνέπλασε.
1466 1913 1563 1945 Καλῶς
1588 1912 1635 1940 οὖν
1652 1913 1669 1948 ἡ
1697 1913 1744 1939 τοῦ
1771 1913 1876 1948 Κυρίου

1094 1961 1166 1996 ταφὴ
1185 1961 1332 1996 τριήμερος
1346 1960 1469 1993 γέγονεν.

1136 2048 1290 2075 Ἀνίσταται
1305 2045 1353 2074 οὖν
1369 2048 1382 2074 ὸ
1397 2047 1498 2082 Κύριος
1514 2048 1546 2074 ὲκ
1560 2047 1674 2081 νεκρῶν,
1687 2047 1744 2074 ἀλλ’
1758 2047 1808 2074 οὐκ
1827 2048 1878 2074 αὒ-

1094 2094 1158 2120 τίκα
1174 2094 1241 2128 πρὸς
1260 2094 1392 2128 οὐρανοὺς
1405 2094 1547 2127 ἀνάγεται,
1563 2093 1642 2120 Κατὰ
1656 2093 1710 2129 γὰρ
1727 2094 1772 2120 τὸν
1789 2094 1879 2128 μέγαν

1102 2140 1272 2171 Ἀθανάσιον,
1289 2140 1351 2172 τοὺς
1369 2139 1496 2175 μαθητὰς
1520 2139 1697 2175 ἐπιστηρίξαι
1713 2139 1879 2174 βουλόμενης

263 2198 447 2222 commoratus
462 2196 504 2219 cst
520 2191 662 2223 Dominus,
680 2189 752 2223 quod
770 2188 918 2222 discipulos
942 2187 1040 2214 coullr-

1095 2187 1200 2223 ἡμέρας
1215 2185 1331 2213 ἐνταῦθα
1347 2186 1419 2212 ποιεῖ
1435 2188 1474 2221 μ’,
1495 2185 1681 2221 ὀπτανόμενος
1696 2186 1787 2217 αὐτοῖς
1803 2187 1880 2212 ἐστιν

265 2248 339 2268 mare
366 2239 455 2267 vellet.
486 2237 590 2265 idcirco
606 2244 634 2263 se
661 2234 885 2270 conspiciendum
902 2233 942 2261 eis
958 2233 1043 2260 inter-

263 2287 328 2314 dum
343 2286 456 2320 prtcbet,
481 2285 566 2311 amice
582 2281 748 2317 paciﬂceque
767 2288 829 2308 cum
847 2280 888 2307 eis
910 2279 1043 2314 loquitur,

264 2331 407 2358 ticatrices
419 2331 445 2356 in
461 2336 576 2363 corpore
591 2327 685 2355 ιιὶιὶιιςν
705 2330 909 2358 commousmtt,
927 2325 1045 2352 comedit

265 2383 345 2412 atque
366 2376 436 2403 bibit
452 2383 504 2402 una
515 2394 522 2407 ,
539 2379 637 2401 cmtcra
653 2373 771 2407 denique
794 2371 860 2398 facit
879 2371 969 2398 omnia
984 2377 1044 2405 quae

264 2424 298 2451 ad
314 2421 516 2450 conﬁrmandos
526 2419 676 2446 imbecillos
691 2417 792 2452 aliquid
801 2416 898 2443 aﬂcrrc
913 2415 1042 2442 momenti

266 2473 387 2503 possent.
411 2467 534 2494 Primum
559 2465 682 2492 omnium
707 2471 722 2490 a
739 2463 846 2490 duabus
876 2460 1044 2488 mulierculis

264 2518 430 2548 conspectus
451 2507 503 2545 est,
520 2519 575 2546 quo
591 2516 712 2545 tempore
724 2509 840 2544 pedibus
856 2507 908 2534 illa:
920 2513 1045 2540 campre-

266 2559 359 2587 hensis
371 2566 434 2586 eutn
447 2556 694 2593 amplectebantur.
717 2554 820 2582 Deinde
855 2553 905 2581 soli
934 2552 1043 2586 Magda-

265 2608 334 2633 leua:
361 2608 488 2639 apparet;
519 2603 584 2630 hinc
608 2603 688 2629 Petro
713 2600 897 2635 apostolorum
916 2597 1043 2633 principi,

266 2652 307 2679 vel
333 2651 394 2685 ipso
411 2649 495 2676 Paulo
511 2652 597 2680 teste,
611 2647 656 2682 qui
674 2646 712 2674 ait
730 2655 736 2673 :
761 2654 770 2671 ι
803 2644 990 2672 Resuscitatus
1012 2651 1045 2670 ex

265 2698 381 2723 mortuis
397 2694 527 2720 Dotniuus
541 2693 628 2727 printo
638 2699 652 2718 a
666 2691 756 2726 Ccpha
767 2695 929 2724 conspectus
942 2689 1042 2716 est“.t

264 2743 422 2770 secundum
441 2741 497 2767 haec
523 2744 687 2774 conspectus
713 2743 753 2765 est
770 2745 784 2764 a
804 2737 876 2764 Luca
893 2741 920 2763 et
934 2735 1043 2770 Cleopa,

301 2833 344 2860 "l
361 2832 424 2860 Cor.
443 2839 486 2862 xv.
501 2832 528 2859 5.

1093 2234 1137 2260 ὅτε
1154 2232 1248 2259 καὶτὰ
1264 2232 1333 2266 πρὸς
1353 2232 1465 2267 εἰρήνην
1495 2231 1696 2266 διαλεγόμενος,
1714 2232 1831 2263 ὠτειλὰς
1852 2233 1881 2258 ἐν

1093 2279 1133 2313 τῷ
1161 2279 1274 2306 θεοειδεῐ
1306 2278 1435 2305 δεικνύων
1460 2277 1558 2313 ἐκείνῳ
1589 2279 1707 2313 σώματι,
1726 2277 1880 2304 συνεσθίων

1093 2325 1185 2357 αὐτοῖς
1210 2324 1267 2359 ἅμα
1294 2324 1342 2351 καὶ
1361 2324 1456 2357 πίνων,
1476 2324 1526 2359 οὐχ
1551 2324 1589 2355 ὡς
1618 2324 1721 2359 τροφῆς
1750 2324 1882 2359 δεόμενος

1093 2371 1162 2399 ἀλλὰ.
1177 2371 1366 2406 πιστούμενος,
1387 2371 1435 2398 καὶ
1452 2370 1542 2398 τᾶλλα
1555 2370 1644 2397 πάντα
1666 2370 1751 2397 ποιῶν
1773 2370 1882 2405 ὅσαπερ

1099 2417 1177 2444 εἴωθε
1195 2417 1257 2448 τοὺς
1275 2416 1398 2448 ἀσθενεῖς
1414 2415 1624 2450 ἀσφαλίζεσοαι.
1646 2416 1700 2442 Καὶ
1716 2415 1814 2452 πρῶτα
1832 2417 1882 2451 μὲν

1098 2461 1174 2496 (ibqu
1198 2461 1261 2487 δυσὶ
1277 2460 1410 2495 γυναιξὶν,
1426 2462 1508 2496 ἡνίκα
1532 2461 1579 2487 καὶ
1605 2460 1667 2492 τοὺς
1685 2460 1768 2491 πόδας
1794 2461 1883 2487 αὑτοῦ

1098 2507 1271 2543 κρατήσασαι
1290 2507 1507 2542 κατησπάζοντο.
1526 2506 1644 2533 Ἔπειτα
1659 2507 1692 2542 τῇ
1710 2506 1882 2543 Μαγδαληνῇ

1100 2555 1168 2589 μόνῃ
1191 2553 1348 2585 ὀπτάνιται,
1367 2553 1436 2588 μετὰ.
1456 2553 1485 2579 δὲ
1502 2552 1588 2579 ταῦτα
1611 2552 1650 2588 τῷ
1670 2552 1812 2587 κορυφαίῳ
1831 2553 1886 2579 Πέ-

1096 2609 1163 2635 τρῳ,
1182 2599 1253 2626 καθὰ
1274 2599 1322 2625 καὶ
1339 2598 1445 2630 Παῦλος
1460 2598 1552 2633 φησιν.
1565 2598 1617 2625 «Ὀ
1631 2598 1731 2631 Κύριῡς
1756 2598 1885 2632 ἐγερθεὶς

1098 2647 1130 2671 ὲκ
1145 2644 1250 2680 νεκρῶν
1267 2643 1346 2678 ὤφθη
1367 2643 1476 2679 πρῶτον
1492 2644 1587 2679 Κηφᾷ..
1602 2655 1611 2670 ι
1631 2643 1720 2678 Ὠφθη
1737 2644 1794 2675 τοῖς
1817 2645 1885 2678 περὶ

1098 2692 1206 2718 Λουκᾱν
1232 2691 1279 2716 καὶ
1307 2689 1442 2722 Κλεόπαν,
1463 2689 1541 2724 ὤφθη
1564 2691 1621 2721 τοῖς
1648 2690 1724 2721 δέκα,
1745 2687 1807 2717 εἶτα
1827 2691 1884 2720 toi,-

1099 2737 1194 2763 Ξνδεκα
1208 2743 1215 2752 ⁸
1237 2735 1315 2771 ὤφθη
1339 2735 1409 2762 κατὰ
1434 2735 1483 2770 τὴν
1497 2735 1642 2762 Γαλιλαίαν
1662 2736 1762 2767 αὑτοῖέ,
1779 2736 1880 2770 ὁμοίως
