1966 3075
79 149 134 180 425

701 147 904 179 ANNALIUM
925 146 1024 177 PARS
1045 146 1101 178 III.

1645 144 1707 175 496'-

79 208 109 233 έν
137 207 170 242 τῇ
193 205 352 242 Τιϐεριάδι·
378 205 456 240 ὤφθη
478 204 599 239 Ἰακώϐῳ
627 204 666 239 τῷ
689 204 845 238 ἀδελφοθέῳ
859 212 865 220 υ

926 210 1084 241 :onspectus
1101 213 1115 232 a
1130 204 1273 239 discipulis
1291 203 1384 231 decem
1400 222 1407 234 ,
1421 206 1584 237 conspectus
1600 201 1632 229 ab
1647 210 1699 228 uu-

80 252 159 287 ὤφθη
177 253 271 280 ἐπάνω
295 251 483 279 πεντακοσίων
499 251 615 286 ἀνδρῶν.
633 250 688 277 Kal
710 250 866 276 τελευταῖον

79 298 166 332 ὲράνη
183 297 274 328 αὐτοῖς
285 298 314 324 ὲν
331 297 369 332 τῷ
386 297 444 331 ὄρει
459 296 512 324 τῶν
524 297 650 327 Ἐλαιῶν,
666 297 695 322 έν
707 293 729 330 ᾧ
750 297 798 322 καὶ
814 297 864 331 τὴν

79 343 201 378 χαμόθεν
218 343 366 379 ἐποιήσατο
381 342 497 378 ἔπαρσιν
518 341 578 378 μεθ’
594 341 713 378 ἡμέρας,
735 341 772 374 ὡς
792 343 867 377 εἴρη-

81 399 137 425 ται,
155 394 194 426 μ’.

117 524 147 550 Εἰ
161 523 190 550 δὲ
205 523 254 550 καὶ
268 522 346 550 τοῦτο
362 523 453 558 βούλει
469 523 578 558 μαθεῖν,
595 523 667 555 τίνος
681 523 775 551 ἕνεκεν
798 523 868 558 μετὰ

82 569 131 604 τὴν
162 569 195 595 ἐκ
229 568 335 603 νεκρῶν
365 568 448 595 αὑτοῦ
472 569 582 603 ἔγερσιν
609 569 714 603 ἡμέρας
742 568 789 594 ἐπὶ
816 569 867 603 γῆς

81 614 197 650 ιποίησε
216 614 241 649 μ’
257 614 305 640 καὶ
320 614 350 641 οὐ
370 614 463 642 πλεῖον
485 614 501 649 ἡ
530 614 654 647 ἔλασσον,
673 614 687 640 ό
703 613 790 649 μέγας
813 614 868 641 ἰδοὺ

86 660 247 694 Ἐπιφάνιος
274 659 308 687 δι’
335 661 435 695 ὀλίγων
462 660 586 687 ὲπιλύσει
622 668 663 686 σοι
691 660 721 687 τὺ
748 659 868 686 τοιοῦτον

81 705 249 740 ἀπόρρητον.
269 715 279 732 ι
308 706 357 732 ’ον
380 705 434 741 γὰρ
457 705 568 741 τρόπον,
584 715 593 732 ι
613 705 691 740 φησὶ,
722 714 731 730 ι
746 705 815 739 μετὰ
838 705 869 732 τὺ

82 751 249 786 γεννηθῆναι
266 752 280 777 ὀ
302 751 422 786 Χριστὸς
442 751 571 786 ἁνεκλίθη
595 751 624 778 ἐν
647 752 745 785 φάτνῃ.
766 743 869 786 ἐσπαρ-

81 796 204 830 γανώθη,
221 796 268 823 καὶ
295 796 355 831 μεθ’
377 796 486 832 ἡμέρας
518 799 545 832 μ’
570 796 713 832 προσήχθη
744 796 783 830 τῷ
805 796 869 830 θείῳ

81 841 139 876 ναῷ
154 843 201 869 καὶ
216 841 287 870 κατὰ
303 843 350 869 τὸν
375 843 423 869 τοῦ
444 843 567 874 Μωσέως
590 843 673 877 νόμον
690 842 814 878 παρέστη
830 842 868 877 τῷ

81 889 153 924 Θεῷ,
182 888 254 915 οὕτω
277 890 326 916 καὶ
357 890 533 925 πρωτότοκος
560 890 592 916 ὲκ
621 890 725 924 νεκρῶν
749 889 869 923 γεγονὼς

81 934 189 968 ἡμέρας
208 934 326 961 ἐνταῦθα
337 935 411 961 ποιεῖ
437 935 475 970 μ’,
490 933 541 962 εἴθ’
556 934 644 966 οὕτως
660 935 729 970 πρὸς
743 936 794 969 τὴν
812 936 868 963 ἄνω

85 979 269 1014 Ἰερουσαλὴμ
300 979 477 1014 ἐπανάγεται,
496 981 535 1015 τῷ
560 980 698 1016 προσώπῳ
722 980 770 1007 τοῦ
801 981 867 1008 Θεοῦ

81 1025 354 1060 ὲμφανισθησόμενος
379 1026 448 1062 ὑπὲρ
472 1026 561 1061 ἡμῶν.
591 1036 601 1052 ι
629 1026 687 1054 Καὶ
709 1027 804 1053 πείθου
829 1027 869 1063 τῷ

83 1071 197 1106 μεγάλῳ
216 1071 313 1106 Παύλῳ
332 1071 436 1105 λέγοντι
452 1080 459 1088 ·
479 1081 488 1098 ι
509 1072 547 1098 Οὐ
563 1072 616 1107 γὰρ
632 1073 673 1104 είς
695 1074 869 1109 χειροποίητα

84 1118 152 1150 ἆγια
173 1117 298 1152 εἰσῆλθεν
317 1118 330 1144 ὁ
349 1118 477 1153 Χριστὸς,
493 1117 627 1144 ἀντίτυπα
637 1118 694 1145 τῶν
718 1118 864 1153 ἀληθινῶν,

81 1162 140 1188 ἀλλ’
159 1162 200 1194 είς
222 1162 305 1189 αὑτὸν
332 1163 376 1189 τὸν
406 1163 522 1198 οὐρανὸν
548 1163 597 1190 νῦν
613 1163 814 1199 ἐμφανισθῆναι
830 1163 869 1198 τῷ

82 1208 223 1243 προσώπῳ
239 1209 285 1235 τοῦ
303 1207 371 1235 Θεοῦ
387 1208 458 1244 ὑπὲρ
475 1209 564 1244 ἡμῶν.
585 1219 596 1236 ι

117 1298 225 1325 Οὐκοῦν
244 1299 383 1334 ἀνελήφθη
399 1301 413 1327 ὁ
430 1299 542 1335 Κύριος.
564 1300 683 1336 Ἡμέραι
703 1301 772 1336 μετὰ
782 1301 869 1328 ταῦτα

82 1344 237 1380 διέρχονται
268 1345 344 1377 δέκα,
358 1346 404 1372 καὶ
428 1346 444 1381 ἡ
470 1346 518 1373 τοῦ
545 1346 678 1381 παναγίου
709 1347 869 1382 Πνεύματος

83 1391 191 1423 γίνεται
219 1391 343 1424 κάθοδος.
359 1393 437 1419 Μετὰ
453 1392 519 1419 δέκα
534 1392 561 1419 δὲ
578 1393 777 1429 συμπλήρωσιν
800 1395 870 1429 ἡμε-

83 1435 140 1470 ρῶν
171 1435 187 1470 ἡ
216 1436 329 1471 τοιαύτη
359 1437 464 1471 γίνεται
491 1436 617 1470 κάθοδος,
640 1438 710 1466 διότι
734 1439 839 1472 τέλειος
855 1441 869 1466 ὁ

81 1482 197 1514 δέκατος
212 1482 338 1518 ἀριθμός.
354 1483 464 1519 Ἐπειδὴ
480 1483 570 1511 τοίνυν
581 1484 611 1510 τὸ
622 1485 736 1520 Πνεῦμα
749 1485 779 1512 τὸ
791 1486 870 1520 ἅγιον

918 252 1006 280 decim
1019 259 1027 284 ;
1040 252 1074 278 ab
1091 251 1189 278 iisdem
1210 254 1372 284 conspectus
1388 249 1416 276 in
1433 248 1552 278 Galiltca.
1570 247 1700 275 consimi-

918 299 981 326 liter
998 298 1032 325 ad
1055 296 1248 329 Tiberiadem;
1266 301 1429 331 conspectus
1449 303 1462 322 a
1477 295 1580 323 Jacoho
1595 292 1699 321 Christi

917 344 965 372 Dei
983 343 1079 377 fratre,
1094 348 1259 378 conspectus
1274 349 1288 369 a
1305 342 1429 377 pluribus
1443 348 1524 376 quam
1540 339 1700 374 quingentis

919 390 1099 422 hominibus;
1123 393 1288 424 conspectus
1301 393 1470 423 postremum
1488 387 1522 414 ab
1536 386 1575 414 eis
1595 386 1622 413 in
1645 385 1702 413 Oli—

919 444 1013 463 varum
1032 440 1136 469 monte,
1151 435 1198 462 ubi
1215 435 1298 463 etiam
1314 442 1328 461 a
1343 439 1414 461 terra
1434 433 1559 461 sublatus
1584 435 1625 460 est
1640 435 1701 465 post

918 482 1002 515 diem,
1020 489 1069 509 ceu
1084 481 1213 514 diximus,
1232 480 1480 515 quadragesimum.

953 530 1055 563 Quodsi
1083 531 1137 565 jam
1169 529 1236 558 illttd
1266 536 1377 564 quoque
1406 534 1571 561 cognoscere
1601 525 1701 559 cupis,

920 575 1099 609 quamobrem
1132 579 1193 610 post
1218 574 1410 602 excitationem
1438 573 1472 600 de
1506 571 1619 599 mortuis
1643 570 1702 597 dies

919 620 981 647 illos
993 620 1028 648 40
1044 621 1071 647 in
1085 620 1167 647 terris
1185 620 1273 655 egerit
1285 640 1293 651 ,
1311 627 1364 647 non
1382 619 1473 653 plures
1483 617 1524 644 vel
1538 616 1681 651 pauciores
1694 635 1701 647 .

919 673 952 693 en
965 674 1079 701 magnus
1096 666 1262 701 Epiphanius
1273 666 1343 693 hanc
1359 665 1408 692 tibi
1424 663 1623 691 dubitationem
1635 669 1702 696 pau-

919 711 959 738 cis
971 710 1114 738 dissolvet.
1131 710 1190 743 Quo
1211 715 1300 744 pacto.
1325 709 1425 745 inquit,
1439 709 1567 736 Christus
1579 707 1670 735 statim
1687 714 1702 734 a

920 757 1064 784 nativitate
1089 764 1137 784 sua
1155 756 1307 791 reclinatus
1330 760 1372 783 est
1400 755 1426 782 in
1450 754 1582 789 prmsepi,
1609 752 1702 780 fasciis

920 803 1069 834 involutus,
1088 807 1149 837 post
1168 802 1408 838 quadragesimum
1432 800 1503 828 diem
1520 800 1554 827 ad
1572 799 1701 834 templum

921 849 1081 883 deportatus
1104 851 1141 875 ’ac
1171 848 1320 876 secundum
1349 847 1472 875 Mosaicae
1492 847 1560 881 legis
1579 845 1704 881 praeseri-

922 900 997 930 ptum
1011 895 1119 922 oblatus
1133 895 1199 927 Deo,
1212 893 1252 922 sic
1263 894 1345 921 etiam
1358 898 1427 926 tum,
1437 900 1498 920 cum
1508 891 1705 926 primogenitus

922 943 1094 967 mortuorum
1110 940 1196 966 factus
1208 943 1298 971 esset,
1313 938 1372 966 dies
1389 939 1416 965 iu
1435 937 1515 965 terris
1527 937 1561 964 40
1581 943 1704 964 commo-

922 991 1010 1019 ratur,
1035 990 1117 1020 atque
1133 987 1168 1013 ita
1195 985 1295 1013 deinde
1322 992 1468 1020 supernam
1488 983 1703 1019 Hierosolymam

923 1033 1081 1064 revertitur.
1101 1040 1192 1059 coram
1216 1031 1292 1059 vultu
1315 1031 1362 1059 Dei
1384 1035 1477 1058 nostra
1495 1038 1576 1058 causa
1595 1037 1705 1063 compa-

922 1079 1036 1106 riturus.
1050 1077 1219 1106 Persuadeat
1233 1077 1286 1104 hoc
1302 1077 1358 1112 ipse
1374 1076 1423 1103 tibi
1447 1076 1556 1107 Paulus.
1574 1082 1636 1102 cum
1648 1075 1703 1102 ait:

926 1134 935 1150 ι
964 1125 1024 1152 Non
1042 1125 1068 1152 in
1099 1123 1217 1151 sacraria
1244 1122 1400 1150 manufacta
1419 1121 1546 1149 Christus
1565 1121 1705 1156 ingressus

921 1175 964 1199 est
979 1191 985 1202 ,
1002 1178 1062 1205 qua:
1087 1177 1216 1197 verorum
1247 1169 1432 1197 sacrariorum
1451 1168 1597 1195 simulacra
1617 1171 1704 1195 sunt:

922 1218 970 1245 sed
985 1217 1013 1244 in
1028 1217 1126 1245 coelum
1148 1216 1248 1251 ipSum,
1266 1219 1296 1243 ut
1311 1214 1392 1242 modo
1400 1220 1493 1242 nosua
1508 1221 1590 1242 causa
1609 1220 1702 1240 coram

922 1262 969 1290 Dei
988 1262 1055 1289 facie
1072 1261 1272 1296 compareat“.
1293 1270 1303 1288 ι

957 1307 1037 1343 225
1053 1307 1235 1342 Posteaquam
1248 1314 1315 1335 vero
1328 1312 1486 1342 assumptus
1502 1306 1598 1334 fuisset
1611 1305 1705 1333 Domi-

922 1361 985 1385 nus,
1011 1353 1106 1381 decem
1124 1352 1224 1388 elapsis
1242 1352 1340 1380 diebus
1364 1355 1475 1380 sanctus
1493 1352 1539 1380 ille
1554 1351 1673 1386 Spiritus
1689 1359 1705 1378 ε

923 1400 992 1428 ccelo
1016 1399 1170 1427 descendit.
1186 1399 1298 1426 Factum
1322 1399 1374 1426 hoc
1390 1402 1432 1426 est
1449 1398 1557 1426 decimo
1581 1403 1644 1433 post
1662 1398 1711 1426 die

922 1451 1079 1480 propterea,
1099 1445 1172 1480 quod
1199 1452 1330 1472 numerus
1355 1444 1485 1472 denarius
1501 1444 1535 1471 sit
1557 1443 1705 1479 perfectus.

924 1492 1057 1525 Quoniam
1076 1492 1162 1527 igitur
1187 1491 1308 1526 Spiritus
1334 1495 1444 1518 sanctus
1462 1490 1565 1518 idcirco
1581 1490 1708 1527 demitte-

83 1527 132 1553 ἐπὶ
148 1527 230 1554 τοῦτο
247 1529 460 1564 κατερχόμενον,
478 1530 521 1556 ἵνα
547 1532 594 1557 καὶ
613 1531 676 1563 τοὺς
692 1531 799 1564 ἀτελεῖς
819 1541 869 1567 μα-

926 1523 1014 1570 batur,
1044 1541 1073 1564 ut
1088 1523 1272 1570 imperfectos
1299 1535 1388 1563 adhue
1408 1534 1556 1569 discipulos
1571 1523 1708 1570 perfectos

83 1574 170 1608 θητὰς
200 1574 321 1607 τελείους
356 1576 568 1611 ἀπεργάσηται,
599 1579 696 1604 τούτου
728 1579 808 1614 χάριν
841 1580 869 1605 ὲν

926 1582 1053 1614 είῙὶοοι-οῐ,
1068 1589 1099 1609 ea
1114 1582 1148 1608 de
1163 1589 1245 1609 causa
1260 1581 1285 1608 in
1301 1581 1424 1616 perfecto
1439 1589 1549 1616 quoque
1570 1589 1686 1609 numero
1698 1601 1707 1612 .

83 1618 195 1654 ἀριθμῷ
212 1619 316 1655 τελείῳ,
333 1622 475 1648 τουτέστιν
498 1622 527 1648 έν
554 1623 646 1658 ἡμέρᾳ
676 1624 787 1660 δεκάτῃ,
801 1625 869 1659 πρὸς

926 1628 1028 1656 decimo
1058 1628 1188 1655 nimirum
1209 1627 1265 1659 die,
1280 1634 1363 1661 super
1382 1633 1430 1654 eos
1454 1626 1606 1653 descendit.
1629 1626 1706 1658 Quod

83 1664 185 1695 αὐτοὺς
208 1666 396 1701 ὲπεφοίτησεν.
412 1668 474 1694 Ὀτι
503 1668 532 1695 δὲ
560 1669 681 1701 τελείους
707 1669 792 1703 ἔδειξε
807 1672 869 1702 τοὺς

926 1678 1015 1701 autem
1031 1680 1062 1700 ex
1080 1671 1247 1706 imperfectis
1258 1671 1402 1706 discipulis
1416 1671 1552 1706 perfectos
1564 1671 1686 1699 elfecerit
1698 1692 1706 1704 ,

83 1711 191 1742 ἀτελεῖς
217 1711 350 1747 μαθητὰς,
365 1714 379 1740 6
397 1716 545 1749 κορυφαῖος
563 1716 665 1750 Πέτρος
689 1717 768 1743 τοῦτο
786 1718 869 1752 παρέ-

926 1726 1047 1746 summus
1072 1717 1118 1745 ille
1141 1717 1239 1744 Petrus
1265 1716 1332 1743 satis
1354 1716 1486 1743 ostendit.
1503 1716 1570 1743 Nam
1590 1716 1612 1743 si
1635 1716 1708 1743 hunc

85 1764 197 1791 στησεν,
217 1756 288 1791 Ὅρα
305 1758 359 1793 γὰρ
374 1759 508 1794 νουνεχῶς
522 1761 562 1787 ὅτι
583 1761 713 1798 παιδίσκῃ
728 1763 787 1789 τινὶ
806 1763 869 1798 πρό-

926 1765 1072 1799 diligenter
1093 1763 1229 1797 inspicere
1257 1762 1343 1793 voles,
1363 1761 1471 1789 videbis
1484 1761 1560 1789 illum
1576 1770 1591 1789 a
1607 1762 1707 1790 misera

83 1810 164 1837 τερον
179 1803 277 1838 οἰκτρᾷ
293 1803 422 1838 θροηθεὶς
438 1806 484 1831 τὸν
499 1806 659 1833 διδάσκαλον
677 1808 768 1843 τρίτον
785 1809 869 1844 ἡρνή⁴

926 1811 1048 1838 territum
1078 1807 1208 1837 ancillula
1235 1808 1395 1842 magistrum
1421 1815 1501 1835 suum
1521 1812 1562 1835 ter
1582 1816 1708 1843 negasse.

85 1857 161 1880 σατο,
177 1849 216 1883 τῷ
231 1849 357 1883 παναγίῳ
373 1850 401 1876 δὲ
424 1851 567 1887 Πνιύματι
591 1853 745 1888 στομωθεὶς
758 1854 869 1891 ὕστερον

926 1855 1060 1888 Deinceps
1078 1862 1145 1881 vero
1165 1853 1343 1880 conﬁrmatus
1368 1861 1383 1880 a
1406 1858 1501 1881 sancto
1527 1854 1628 1888 Spiritu
1651 1862 1709 1882 ma—

87 1895 158 1930 μετὰ
173 1897 327 1931 παρρησίας
345 1898 386 1925 ὅτι
401 1898 502 1934 πολλῆς
517 1901 683 1938 ἐδημηγόρει
694 1905 776 1938 μέσον
791 1905 869 1938 λαοῦ,

85 1942 237 1968 κάντεῦθεν
254 1943 363 1970 ἔπειθεν
387 1944 519 1985 ἅπαντας
535 1947 734 1981 ἁνενδοιάστως
754 1952 872 1986 προσέρ-

85 1987 183 2021 χεσθαι
197 1987 236 2022 τῷ
251 1988 372 2023 Χριστῷ.

120 2033 189 2059 Μεθ’
201 2034 307 2069 ἡμέρας
322 2034 383 2067 οὖν,
399 2035 434 2068 ὡς
451 2036 575 2072 εἴρηται,
591 2040 762 2075 πεντήκοντα
776 2041 827 2077 τῆς
843 2044 875 2070 ἐκ

85 2079 192 2113 νεκρῶν
206 2080 343 2114 ὲγέρσεως
355 2080 403 2108 τοῦ
420 2083 538 2117 Χριστοῦ
551 2085 567 2119 ἡ
580 2085 627 2111 τοῦ
642 2087 776 2121 παναγίου
791 2088 875 2115 Πνεύ-

88 2133 173 2158 ματος
199 2124 305 2158 γίνεται
329 2127 453 2159 κάθοδος.
481 2129 560 2160 Τίνος
585 2130 695 2165 ἓνεκενς
713 2133 774 2160 Ὅτι
791 2135 838 2160 καὶ
862 2136 876 2161 ὁ

87 2171 202 2202 παλαιὸς
218 2171 300 2205 νόμος
317 2172 346 2198 ἐν
362 2173 453 2209 ἡμέρᾳ
471 2179 641 2212 πεντηκοστῇ
659 2177 727 2204 Θεοῦ
745 2181 874 2213 φανέντος

85 2216 197 2244 ἐδίδοτο.
224 2218 302 2244 Κατὰ
328 2219 382 2253 γὰρ
409 2220 454 2247 τὸν
480 2223 693 2258 χρυσορῤήμονα
724 2224 771 2251 καὶ
799 2225 871 2254 θεῖον

91 2262 236 2297 Ἰωάννην,
253 2262 352 2297 μᾶλλον
366 2264 394 2290 δὲ
408 2265 479 2291 κατὰ
493 2266 544 2300 τὴν
557 2267 605 2293 τοῦ
622 2267 736 2295 θεόπτου
751 2269 873 2303 Μωσέως

87 2308 219 2343 ἱστορίαν,
241 2310 414 2344 πεντήκοντα
433 2311 539 2345 διῆλθον
559 2313 661 2348 ἡμέραι
685 2315 755 2350 μετὰ
773 2316 824 2351 τὴν
843 2317 872 2348 ἐξ

86 2355 228 2388 Αἰγύπτου
247 2354 300 2381 τῶν
318 2355 451 2383 Ἰουδαίων
470 2357 569 2390 ἔξοδον,
590 2361 637 2386 καὶ
654 2361 804 2395 τηνικαῦτα
822 2364 872 2395 τὰς

926 1901 998 1928 xima
1011 1907 1072 1927 oum
1090 1898 1190 1926 fiducia
1201 1903 1228 1925 et
1243 1898 1298 1925 oris
1318 1897 1444 1926 libertate
1459 1899 1549 1926 medio
1565 1899 1591 1926 in
1608 1901 1707 1935 populo

925 1946 1080 1982 perorabat,
1107 1944 1292 1980 omnibusque
1310 1945 1494 1979 persuadebat
1517 1950 1547 1973 ut
1572 1946 1605 1973 ad
1617 1947 1708 1980 λοιπῆ-

925 1997 997 2020 stum
1013 1991 1082 2019 citra
1092 1990 1290 2018 dubitationem
1307 1997 1414 2018 omnem
1429 1991 1603 2019 accederent.

960 2036 1024 2064 Post
1036 2035 1107 2063 diem
1119 2042 1194 2071 ergo,
1207 2042 1256 2062 ceu
1268 2034 1400 2068 diximus,
1418 2035 1676 2071 quinquagesimum
1692 2045 1712 2064 a-

926 2083 1028 2111 Cltristi
1047 2083 1080 2110 de
1093 2081 1208 2110 mortuis
1223 2082 1446 2116 (resurrectione,
1472 2082 1593 2117 Spiritus
1620 2083 1714 2110 sancti-

927 2129 1076 2157 descensus
1093 2127 1203 2155 accidit.
1219 2127 1402 2160 Quamobrem
1418 2127 1505 2155 illud?
1531 2128 1600 2162 Quia
1631 2133 1711 2156 vetus

928 2176 1010 2203 etiam
1025 2175 1068 2201 lex
1085 2173 1314 2208 quinquagesimo
1326 2173 1370 2201 die
1386 2177 1447 2208 post
1471 2174 1519 2201 Dei
1549 2175 1710 2209 patefactio-

926 2229 988 2248 nem
1006 2220 1067 2248 (lata
1085 2220 1186 2247 fuerat.
1203 2219 1271 2246 Nam
1285 2223 1316 2246 ut
1330 2220 1442 2247 divinus
1457 2220 1502 2247 ille
1529 2220 1572 2247 vir
1588 2220 1708 2248 Joannes

925 2267 1137 2303 Chrysostomus
1157 2264 1282 2301 scripsit,
1303 2266 1346 2292 vel
1361 2266 1453 2301 potius
1478 2270 1548 2293 teste
1562 2266 1644 2294 Mosis
1662 2267 1708 2294 Dei

925 2313 1088 2346 spectatoris
1104 2313 1230 2341 historia.
1246 2311 1306 2339 dies
1333 2312 1367 2340 ab
1381 2312 1457 2339 exitu
1476 2311 1652 2339 Hebraeorum
1676 2320 1708 2340 ex

926 2360 1043 2396 [Egypto
1059 2360 1093 2387 EO
1109 2360 1195 2394 elapsi
1212 2363 1304 2392 erant,
1320 2367 1382 2386 cum
1397 2358 1566 2393 perscriptas
1576 2358 1709 2386 divinitus

87 2400 289 2435 θιοχαράκτους
304 2402 318 2428 ὁ
332 2403 433 2438 Μωσῆς
449 2403 554 2435 πλάκας
569 2403 675 2433 ἐλαϐεν.
693 2407 724 2433 Εί
737 2407 828 2435 τοίνυν
843 2409 869 2435 ὲν

926 2405 1033 2433 tabulas
1045 2405 1136 2432 Moses
1150 2404 1266 2439 accepit.
1283 2403 1374 2437 Quare
1386 2403 1409 2431 si
1429 2403 1519 2438 prisca
1531 2403 1573 2430 lex
1592 2403 1636 2430 illa
1647 2402 1709 2430 data

85 2447 205 2481 ἡμέραις
226 2447 393 2482 πεντήκοντα
413 2449 426 2475 ὁ
449 2449 563 2482 παλαιὸς
584 2450 683 2478 ἐδίδοτο
706 2452 799 2488 νόμος,
820 2455 869 2481 ἔδει

926 2451 979 2479 fuit
995 2451 1067 2478 intra
1085 2451 1158 2478 diem
1181 2450 1453 2485 quinquagesimum,
1481 2449 1628 2484 oportebat
1650 2457 1709 2475 om-

85 2491 197 2522 πάντως
219 2491 280 2518 κατ’
292 2493 401 2527 ἐκείνην
423 2493 472 2529 τὴν
493 2495 600 2530 ἡμέραν
619 2496 730 2530 δοθῆναι
754 2498 802 2524 καὶ
823 2499 869 2534 τὴν

926 2494 991 2526 nino
1009 2498 1104 2526 eadem
1119 2498 1164 2525 die
1178 2498 1266 2525 sancti
1279 2497 1360 2524 etiam
1376 2496 1496 2530 Spiritus
1509 2495 1625 2530 gratiam
1638 2495 1710 2522 dari.

86 2536 133 2562 τοῦ
150 2537 284 2571 πιιιαγίου
304 2538 461 2572 Πνεύματος
477 2541 576 2575 χάριν,
592 2541 629 2573 ὡς
645 2543 787 2577 ἐντεῦθεν,
804 2545 869 2580 ἀγα.

926 2544 1045 2580 Dequo.
1060 2544 1099 2571 ﬁli
1114 2544 1224 2576 dilecte,
1255 2543 1345 2578 colligi
1362 2546 1451 2577 potest
1482 2546 1537 2570 tam
1567 2541 1595 2568 in
1620 2541 1711 2576 prisco

86 2584 167 2616 πητὲ,
182 2583 253 2609 κατά
266 2592 298 2617 γε
311 2584 360 2619 τὴν
373 2585 493 2612 Παλαιὰν
506 2587 553 2613 καὶ
566 2588 616 2622 τὴν
627 2588 707 2622 Νέαν,
722 2591 869 2626 ἀδιαίρετοι

926 2598 1007 2624 quam
1023 2598 1097 2618 novo
1112 2581 1217 2618 {uadere
1232 2589 1314 2617 nobis
1331 2588 1452 2621 ostendi,
1467 2587 1541 2623 quod
1558 2592 1658 2614 natura
1670 2586 1710 2613 di~

86 2629 226 2664 δειχθῆναι
239 2630 287 2665 τὴν
300 2630 382 2666 φύσιν
394 2632 443 2667 τῆς
457 2632 592 2668 θεότητος,
606 2636 652 2662 καὶ
664 2636 704 2663 ὅτι
716 2637 746 2662 τὸ
760 2637 869 2672 Πνεῦμα

926 2636 1047 2664 trinitatis
1063 2636 1180 2663 indivisa
1196 2634 1243 2668 sit,
1258 2638 1426 2669 sanctusque
1454 2632 1574 2668 Spiritus
1604 2636 1660 2659 tam
1683 2631 1709 2658 id

87 2676 116 2701 τὸ
132 2676 210 2708 ἅγιον
227 2677 382 2710 ὶνομοθέτει
396 2679 443 2704 καὶ
457 2680 518 2705 τότε
536 2681 583 2706 καὶ
599 2681 658 2708 νῦν.

122 2722 177 2747 Καὶ
189 2721 322 2757 ὤφθησαν
334 2723 425 2755 αὐτοῖς
437 2724 664 2761 διαμεριζόμεναι
677 2728 796 2761 γλῶσσαι
808 2729 875 2758 ὡσεὶ

91 2768 184 2802 πυρός.
203 2768 252 2794 Διά
270 2768 296 2794 τί
312 2769 450 2803 γλῶσσαις
470 2771 564 2807 ἐπειδὴ
583 2773 760 2809 κηρύγματος
778 2775 872 2810 χρεία,

117 2860 137 2873 ¹⁶
151 2859 232 2888 Hebr.
253 2862 345 2895 mal.
387 2863 407 2879 ⁸⁷
425 2863 484 2890 Act.
509 2872 538 2897 ll,
551 2864 577 2892 5.

926 2682 1058 2717 temporis
1071 2688 1153 2716 quam
1169 2680 1250 2708 tuodo
1263 2680 1352 2715 legem
1371 2678 1536 2714 promulget.

960 2728 1121 2762 Conspecta:
1136 2731 1200 2754 sunt
1216 2730 1308 2753 autem
1323 2726 1351 2753 in
1365 2724 1496 2760 apostolis
1514 2723 1614 2759 linguae
1634 2723 1710 2750 velut

927 2775 1012 2810 ignea:
1033 2772 1184 2807 dispertita:
1196 2771 1230 2798 ".
1245 2769 1311 2803 Cur,
1328 2770 1455 2802 obsecro,
1481 2768 1580 2802 lingua:
1593 2775 1709 2802 conspe-
