1966 3075
262 121 313 148 ΔΖἹ

897 126 1103 156 MICHAELIS
1122 128 1249 157 GLYCE
1831 129 1878 158 423

262 179 314 203 cla:
330 176 412 203 sunt?
431 177 498 209 Quia
516 177 709 211 pra-dicatione
727 187 796 215 opus
812 185 884 212 erat,
903 187 931 209 et
942 186 970 209 ut
984 181 1041 216 ipsa

1100 183 1143 210 καὶ
1165 184 1208 210 ἴνα
1226 185 1256 209 τὸ
1276 183 1369 218 σχῆμα
1387 183 1436 218 τὴν
1453 183 1597 218 ἐνέργειαν
1615 183 1771 219 ἕρμηνεύσῃ
1783 204 1789 214 ,
1811 185 1879 211 καθα

265 222 350 256 tigura
364 223 516 250 declararet
535 224 722 256 eﬂectionem.
739 226 977 261 quemadmodum
994 235 1046 254 au-

262 274 327 294 reus
343 268 389 294 ille
403 274 495 296 noster
513 275 608 297 orator
637 272 738 306 inquit.
764 272 871 307 Quippe
893 273 1044 307 piscatores

261 318 339 339 erant
356 314 486 346 apostoli.
502 319 529 342 et
541 315 566 342 vi
577 317 710 344 orationis
721 317 754 344 ad
771 318 973 352 praedicandum
984 326 1046 353 ege-

262 357 336 384 bant.
355 358 520 394 Dispertitas
534 366 626 389 autem
653 362 737 390 fuisse
767 363 844 396 dicit,
868 364 943 398 quod
975 364 1046 399 ignis

262 402 408 432 uniformis
419 404 505 432 dividi
516 407 657 436 videretur
668 416 700 436 ac
711 409 738 436 in
750 409 891 444 apostolos
904 409 1044 438 distribui.

260 448 294 474 Et
311 449 382 482 ignis
393 450 438 478 ille
456 459 511 479 non
525 452 583 487 ipse
597 453 717 488 Spiritus
727 459 797 489 erat,
810 455 858 482 sed
870 455 912 482 vis
921 454 1045 490 quaedam

261 494 390 528 Spiritus.
406 497 494 532 Atque
510 498 551 525 ιω
566 498 665 534 lingua:
682 507 736 527 non
753 501 781 528 in
802 507 899 528 eorum
915 509 964 528 ora
987 501 1047 529 fue-

261 545 325 567 runt
338 541 478 574 immissae,
495 543 541 570 sed
557 545 695 579 capitibus
720 545 885 574 insidebant.
903 547 972 574 Nam
997 548 1048 574 hoc

260 587 342 613 modo
360 589 476 622 apostoli
494 589 740 624 confirmabantur,
764 596 792 620 et
807 592 1047 620 constituebantur

261 631 340 667 quasi
356 634 572 669 quidammundi
590 638 728 673 principes
743 644 772 666 et
802 647 951 674 prmcones.
978 639 1046 667 Nam

261 680 340 708 vides
353 680 491 716 hodieque
508 690 612 710 morem
628 683 704 711 illum
719 684 858 716 obtinere,
881 689 911 712 ut
939 685 1048 719 pontiﬁ-

262 725 303 753 cis
332 727 515 755 conﬁrmandi
547 729 631 763 capiti
663 729 840 763 Evangelinm
872 731 1047 765 imponatur;

261 772 335 806 quod
355 773 402 800 ubi
414 774 497 801 fuerit
511 774 681 809 impositum,
700 775 769 803 nihil
792 781 834 804 est
852 776 945 804 videre
973 777 1046 804 aliud

263 824 345 851 quam
361 819 442 853 capiti
459 819 581 854 linguam
598 819 677 847 talem
694 820 908 848 incumbentem.
931 820 960 848 lu
977 821 1048 856 ignis

1097 237 1179 263 φησιν
1195 230 1208 255 ὁ
1224 229 1273 264 τὴν
1289 229 1412 262 γλῶτταν
1429 229 1565 265 Χρυσοΰς.
1588 229 1686 261 Ἁλιεῖς
1703 230 1756 264 γὰρ
1774 228 1842 265 ἦσαν
1857 231 1880 256 οἱ

1096 275 1253 307 ἀπόστολοι,
1267 275 1314 301 καὶ
1331 275 1398 309 πρὸς
1412 275 1441 302 τὸ
1454 276 1587 311 κήρυγμα
1601 275 1681 309 λόγου
1698 269 1813 302 ἐδέοντο.
1828 277 1881 303 Με-

1097 314 1241 355 ριζόμεναι
1263 320 1290 347 δὲ
1314 319 1408 352 εἶπεν,
1431 322 1471 348 ὅτι
1497 321 1552 356 πῦρ
1574 321 1660 356 ἐφάνη
1685 321 1882 355 κατερχόμενον

1099 368 1242 400 μονοειδὲς,
1257 365 1317 394 εἶτα
1329 368 1385 398 τοῖς
1399 367 1557 399 ἀποστόλοις
1571 366 1723 402 ἐμερίζετο.
1739 367 1775 394 Τὸ
1789 368 1816 394 δὲ
1829 367 1882 402 πῦρ

1098 413 1185 438 ἐκεῖνο
1200 413 1249 438 οὐκ
1265 413 1329 440 αὐτὸ
1346 410 1380 449 ἦν
1395 412 1424 439 το
1441 413 1568 448 Πνεῦμα,
1585 413 1652 439 ἀλλὰ
1668 413 1781 447 δύναμις
1799 413 1883 439 Πνεύ-

1100 466 1193 492 ματος.
1212 458 1270 484 Οὐκ
1291 459 1319 484 ὲν
1335 458 1373 492 τῷ
1395 459 1510 492 στόματι
1530 458 1558 485 δὲ
1579 458 1669 485 αὐτῶν
1685 458 1838 494 ἐϐλήθησαν
1855 459 1883 484 αἱ

1097 502 1231 537 γλῶσσαι,
1247 503 1305 529 ἀλλ’
1318 504 1365 530 ἐπὶ
1381 505 1502 538 κεφαλῆς
1519 504 1650 530 ἐκάθισαν
1663 512 1670 519 ο
1688 504 1817 539 ἄρχοντες
1831 504 1884 539 γὰρ

1099 548 1149 583 τῆς
1172 549 1337 584 οἰκουμένης
1360 549 1578 585 ὲχιιροτονοῦντο
1600 550 1648 577 καὶ
1670 550 1802 585 κήρυκες.
1815 550 1885 586 Ὅρα

1098 593 1151 628 γὰρ
1167 594 1209 620 ὃτι
1225 595 1271 621 καὶ
1287 595 1340 627 ἕως
1355 596 1416 630 ἄρτι
1431 596 1512 622 τοῦτο
1528 597 1642 630 κρατεῖ·
1661 596 1816 623 ἐπιτίθεται
1832 597 1884 631 γὰρ

1098 639 1131 674 τῇ
1148 640 1252 674 κεφαλῇ
1269 640 1317 666 τοῦ
1335 641 1478 675 μέλλοντος
1495 642 1719 677 χειροτονηθῆναι
1736 642 1885 677 ἀρχιερέως

1098 685 1128 710 τὸ
1143 685 1320 720 Εὐαγγὲλιον,
1345 688 1393 713 καὶ
1413 687 1478 714 ὅταν
1501 687 1626 724 ἑπιτεθῇ,
1648 689 1707 715 οὐδὲ
1730 688 1794 714 ἄλλο
1813 688 1885 714 ἔστιν

1101 731 1165 757 ἰδεῖν
1187 731 1204 764 ἢ
1227 732 1353 765 γλῶσσαν
1375 733 1626 768 προσεπικειμένην
1645 735 1680 768 τῇ
1706 734 1823 769 κεφαλῇ.
1843 733 1886 759 Ἐν

1100 777 1163 804 εῖδει
1180 777 1208 804 δὲ
1227 778 1311 813 πυρὸς
1327 779 1371 806 διὰ
1385 779 1431 806 τὸν
1447 780 1570 806 εἰπόντα·
1592 788 1601 805 ι
1616 779 1675 814 Πῦρ
1691 777 1772 815 ἦλθον
1788 780 1828 811 εις
1841 780 1886 806 τὶν

1101 823 1205 857 κόσμον
1220 823 1310 858 βαλεῖν
1329 834 1338 850 ι
1357 825 1437 860 χάριν
1452 825 1505 852 τῶν
1521 826 1728 860 ὑλομανούντων
1744 825 1849 852 παθῶν.

260 866 353 893 autem
367 865 454 893 forma
471 870 635 902 conspectus
663 871 705 893 est
720 866 839 901 Spiritus
857 871 969 902 propter
988 866 1064 894 illum
1084 868 1130 902 qui
1149 868 1235 896 dixit:
1259 879 1268 896 ι
1283 869 1374 906 Ignem
1401 871 1428 898 in
1445 870 1578 898 mundum
1593 871 1768 899 immissurus
1794 871 1882 903 veni,»

260 917 373 946 propter
386 912 573 939 excrescentia
588 912 693 940 scilicet
709 913 846 948 quasique
871 913 1044 941 silvescentia
1064 913 1180 940 nimium
1193 915 1270 942 vitia.

297 957 373 985 Sedit
400 963 491 986 autem
509 958 536 986 in
552 966 649 986 eorum
665 959 800 994 quolibet.
818 959 948 995 Quisquis
967 959 1045 995 226

1137 960 1191 986 Καὶ
1209 961 1336 988 ἐκάθισεν
1353 962 1397 996 ἐφ’
1409 962 1458 988 ἕνα
1475 962 1594 990 ἕκαστον
1611 963 1713 990 αὐτῶν.
1731 963 1789 994 Πᾶς
1811 960 1857 990 οὖν
1872 963 1886 988 ὁ

259 1002 345 1038 igitur
360 1003 406 1031 Dci
423 1003 690 1035 ministerium-obit,
711 1004 827 1031 thronus
845 1008 927 1038 atque
947 1004 1047 1030 solium

260 1048 307 1076 Dei
323 1053 375 1077 est.
399 1049 469 1077 Nam
482 1057 515 1077 ea
539 1049 573 1077 de
589 1057 670 1077 causa
685 1048 788 1076 dicitur
799 1048 933 1083 Spiritum
957 1049 985 1076 in
1007 1048 1048 1076 eis

261 1095 428 1124 consedisse.

295 1142 384 1178 Atque
397 1143 449 1171 hoc
471 1143 552 1170 modo
579 1143 675 1178 repleti
702 1142 812 1170 fuerunt
838 1150 933 1170 omnes
953 1147 1048 1169 sancto

262 1189 377 1224 Spiritu,
403 1193 603 1225 coeperuntque
632 1189 707 1223 loqui
735 1189 837 1223 linguis
868 1188 941 1218 aliis.
967 1192 1048 1222 pruul.

261 1236 381 1268 Spiritus
401 1236 445 1264 ille
465 1235 549 1263 dabat
571 1235 611 1263 eis
634 1235 719 1270 loqui.
750 1235 899 1269 Propterea
920 1233 1048 1260 dicebant

260 1287 383 1309 astantes
397 1289 406 1310 :
424 1282 539 1309 «Annon
552 1289 617 1309 ecce
632 1288 730 1308 omnes
747 1281 867 1315 isti._qui
884 1281 1045 1315 loquuntur,

258 1327 363 1355 Galilad
379 1327 463 1354 sunt?
491 1327 630 1361 quomodo
660 1327 743 1361 igitur
764 1334 815 1353 nos
842 1326 970 1353 audimus
1000 1334 1047 1354 eos

259 1381 310 1401 sua
327 1373 445 1408 quisque
460 1373 563 1406 lingua,
590 1373 616 1399 in
642 1380 695 1407 qua
718 1373 774 1399 nati
791 1380 895 1405 sumus,
912 1373 1004 1399 Parthi
1017 1377 1044 1400 et

258 1419 330 1447 Medi
350 1424 379 1446 et
403 1419 530 1446 Elamitaa
545 1423 573 1446 et
601 1417 747 1446 wrteri“?
764 1427 773 1443 ι
801 1418 962 1450 Quindecim
982 1427 1046 1446 vero

258 1465 413 1500 linguarum
432 1465 504 1492 dona
525 1469 591 1492 tunc
605 1469 773 1498 acceperunt
796 1465 924 1498 apostoli,
951 1473 1047 1499 quem-

259 1511 406 1539 admodum
423 1511 637 1546 Chrysostomus
655 1511 744 1545 inquit
757 1531 764 1543 ,
791 1511 825 1538 ad
840 1519 918 1538 usum
935 1511 1045 1538 illorum

258 1558 306 1592 qui
321 1561 472 1592 prasentes
489 1562 578 1584 erant.
592 1556 663 1590 Quid
671 1557 745 1584 enim
760 1565 830 1592 opus
847 1556 943 1584 luisset
953 1557 1045 1592 lingua

258 1605 367 1632 Persica
380 1604 420 1632 vel
435 1604 505 1636 aliis,
535 1612 590 1632 non
608 1604 791 1639 praesentibus
820 1604 853 1631 iis
867 1604 915 1638 qui
931 1608 1043 1631 uteren-

258 1654 304 1677 tur
311 1651 323 1678 ?
330 1651 363 1677 Et
374 1650 484 1677 fuerunt
493 1651 606 1678 omnino
616 1651 715 1685 linguae
724 1651 880 1685 quindecim
890 1655 1045 1685 propterea,

259 1702 289 1723 ut
304 1696 370 1724 hinc
396 1697 597 1731 intelligeretur
615 1701 797 1724 sacrosanctae
826 1696 971 1723 Trinitatis
990 1695 1047 1723 clli-

259 1742 361 1770 caeitas
378 1750 440 1770 eum
458 1743 594 1770 ministris
607 1742 754 1770 duodecim
775 1743 931 1778 conjuncta.
949 1742 1047 1770 Videre

259 1795 316 1817 tum
329 1795 389 1816 erat
404 1790 525 1822 Petrum,
540 1789 586 1824 qui
602 1789 728 1817 Galilatus
742 1794 825 1821 esset,
850 1789 972 1816 Romana
991 1789 1047 1815 lin-

259 1842 312 1869 gua
327 1838 461 1867 utentem,
475 1842 557 1870 quam
578 1842 719 1868 nunquam
740 1839 821 1862 antea
837 1834 970 1862 discendo
984 1842 1046 1869 per-

259 1879 388 1914 cepisset,
405 1879 557 1914 itidemque
574 1880 696 1915 singulos
720 1880 888 1914 reliquorum
914 1879 1045 1914 peculiari

259 1925 376 1960 quadam
392 1925 486 1960 lingua
501 1925 655 1960 loquentes.
672 1925 729 1954 llnc
743 1926 818 1953 enim
835 1926 956 1961 Spiritus
980 1933 1047 1953 san-

259 1975 321 1998 ctus
334 1971 467 2006 singulari
484 1971 603 2005 quodam
624 1971 742 1999 consilio
761 1972 803 1999 sic
823 1970 1045 2004 administravit,

259 2024 293 2044 ne
308 2024 361 2051 qua
374 2017 445 2044 inter
459 2017 601 2051 apostolus
624 2021 698 2045 esset
723 2025 755 2045 ea
783 2018 817 2044 de
845 2025 876 2045 re
891 2017 1043 2050 discordia,

259 2070 314 2096 quo
331 2062 438 2090 scilicet
467 2062 617 2097 unicuique
633 2063 793 2090 abeundum
816 2063 900 2091 foret.
927 2063 1046 2098 Ideoque

260 2106 378 2141 singulis
390 2114 439 2134 sua
457 2107 483 2133 in
501 2107 594 2142 lingua
608 2107 672 2135 data
686 2113 727 2136 est
740 2110 863 2143 quaedam
886 2111 964 2145 quasi
983 2119 1046 2138 nor-

263 2159 305 2178 ma
324 2157 352 2179 ct
369 2153 472 2187 regula.
489 2153 570 2180 Verbi
582 2155 679 2188 gratia.
693 2155 817 2182 Romana
834 2156 920 2183 uteris
931 2157 1023 2191 lingua
1037 2166 1044 2185 :

262 2197 377 2224 Romam
393 2198 476 2232 igitur
493 2197 578 2225 abito.
609 2198 718 2226 Persice
736 2199 859 2234 loqueris
876 2209 883 2228 :
902 2201 935 2228 ad
951 2202 1046 2230 Persas

261 2244 456 2279 proﬁciscitor.
470 2244 546 2272 lianc
560 2245 644 2280 igitur
660 2246 689 2273 in
710 2250 785 2273 certa
801 2246 895 2281 lingua
924 2248 1045 2282 regulam

1099 1006 1230 1033 διακονῶν
1252 1007 1292 1041 τῷ
1313 1008 1373 1043 Θεῷ
1396 1008 1490 1044 θρόνος
1511 1010 1569 1036 ἐστὶ
1587 1009 1634 1036 τοῦ
1657 1009 1726 1036 Θεοῦ
1739 1017 1746 1026 ·
1767 1010 1812 1036 διὰ.
1833 1010 1887 1044 γὰρ

1099 1053 1177 1080 τοῦτο
1193 1054 1241 1080 καὶ
1255 1055 1382 1082 ἐκάθισεν
1396 1053 1468 1083 εἷπε.

1135 1148 1190 1174 Καὶ
1211 1147 1388 1182 ἐπλήσθησαν
1408 1147 1529 1179 ἂπαντες
1551 1147 1710 1182 Πνεύματος
1732 1147 1820 1181 ἁγξου,
1841 1147 1887 1173 καὶ

1100 1193 1216 1229 ἤρξαντο
1230 1193 1321 1220 λαλεῖν
1335 1193 1441 1228 ἑτέραις
1457 1193 1605 1227 γλώσσαις,
1623 1193 1714 1224 καθὼς
1728 1193 1758 1219 τὸ
1775 1193 1886 1227 Πνεῦμα

1100 1238 1185 1265 ἐδίδου
1204 1238 1296 1269 αὐτοῖς
1316 1238 1551 1272 ἀποφθέγγεσθαι.
1572 1239 1631 1272 Ἐφ’
1646 1236 1667 1273 ᾧ
1688 1239 1736 1265 καὶ
1755 1239 1779 1264 οἱ
1800 1248 1885 1273 παρε-

1100 1285 1200 1315 στῶτες
1212 1283 1316 1317 ἕλεγοψ
1334 1284 1404 1310 «Οὐχ
1417 1284 1470 1310 ἰδοὺ
1491 1284 1592 1314 πάντες
1611 1284 1636 1310 οι
1647 1283 1794 1315 λαλοῦντες
1806 1285 1887 1311 Γαλιο

1099 1331 1168 1357 λαίοι
1187 1326 1262 1357 οὗτοι
1282 1331 1352 1363 sint;
1373 1330 1422 1356 καὶ
1441 1330 1500 1361 πῶς
1521 1331 1602 1365 ἡμεῖς
1621 1330 1756 1365 ἀκούομεν
1773 1331 1888 1363 ἕκαστος

1098 1378 1130 1411 τῇ
1147 1376 1199 1411 ἰδίᾳ
1211 1376 1291 1411 ἡμῶν
1304 1376 1447 1410 διαλέκτῳ.
1465 1376 1567 1410 Πάρθοι
1583 1376 1630 1402 καὶ
1645 1376 1731 1410 Μῆδοι
1746 1377 1793 1403 καὶ
1809 1376 1888 1402 Ἐλα-

1100 1424 1176 1458 μῖται
1188 1423 1234 1449 καὶ
1244 1423 1269 1449 οἱ
1278 1422 1366 1448 λοιποί
1376 1431 1399 1454 ς»
1418 1421 1448 1448 ιε’
1461 1422 1490 1448 δὲ
1505 1421 1635 1456 γλωσσῶν
1649 1421 1716 1453 τέως
1731 1421 1826 1447 ἔλαϐον
1840 1431 1875 1456 χα

1101 1469 1238 1503 ρίσματα,
1253 1467 1325 1494 καθά
1339 1476 1421 1502 φησιν
1437 1467 1450 1493 ὁ
1465 1467 1515 1502 τὴν
1531 1467 1653 1500 γλῶτταν
1667 1467 1808 1501 Χρυσοῦς,
1825 1469 1888 1494 ὅσον

1099 1514 1168 1549 πρὸς
1184 1514 1246 1545 τοὺς
1262 1513 1409 1548 παρόντας.
1427 1513 1475 1544 Τίς
1492 1512 1547 1547 γὰρ
1564 1510 1598 1548 ἦν
1615 1513 1631 1548 ἡ
1650 1514 1730 1547 χρεία
1747 1513 1887 1548 Περσικῆς

1099 1560 1221 1595 γλώττης
1238 1561 1275 1595 μὴ
1291 1560 1432 1595 παρόντων
1447 1559 1576 1594 Repetam;
1592 1559 1745 1586 Δεκαπέντε
1759 1559 1786 1586 δὲ
1801 1559 1889 1592 γλῶσ-

1103 1615 1147 1634 σαι
1163 1606 1301 1641 ὲφάνησαν
1315 1606 1363 1633 καὶ
1377 1605 1420 1631 διὰ
1435 1605 1524 1636 τοῦτο,
1542 1605 1584 1631 ἵνα
1600 1606 1647 1631 καὶ
1663 1605 1680 1640 ἡ
1696 1605 1822 1639 ἐνέργεια
1837 1605 1887 1638 τῆς

1104 1651 1219 1687 Τριάδος
1236 1652 1306 1686 φανῇ
1323 1651 1370 1678 καὶ
1388 1650 1522 1685 ὑπηρέται
1539 1650 1563 1676 οι
1580 1649 1693 1677 δώδεκα.
1710 1647 1808 1684 Καὶῆν
1824 1649 1888 1676 ξδεῖν

1100 1699 1146 1725 τὸν
1161 1697 1301 1724 Γαλιλαῖον
1315 1697 1419 1732 Πέτρον
1438 1697 1589 1731 Ῥωμαϊστὶ
1603 1696 1747 1729 λαλοῦντα,
1759 1696 1888 1730 γλῶσσαν

1100 1745 1135 1779 ἦν
1149 1744 1198 1770 οὐκ
1214 1743 1315 1778 ἔμαθεν
1327 1762 1334 1775 ,
1351 1742 1445 1778 ὥσπερ
1460 1743 1491 1778 δὴ
1507 1743 1554 1769 καὶ
1569 1742 1617 1773 ἕνα
1632 1742 1747 1770 ἕκαστον
1761 1742 1816 1769 τῶν
1831 1741 1888 1768 λοι-

1101 1790 1161 1816 πῶν
1179 1789 1247 1816 ἰδίαν
1263 1789 1391 1823 γλῶσσαν
1408 1788 1552 1817 λαλοῦντα.
1570 1790 1717 1823 Οἰκονομεϊ
1736 1788 1791 1823 γὰρ
1807 1788 1889 1814 τοῦτο

1100 1836 1130 1863 τὸ
1143 1835 1256 1870 Πνεῦμα
1268 1836 1298 1862 τὺ
1312 1835 1398 1869 ἅγιον,
1413 1835 1457 1862 ἵνα
1473 1835 1510 1870 μὴ
1525 1835 1619 1866 στάσις
1662 1836 1691 1862 ὲν
1703 1837 1758 1866 τοῖς
1772 1835 1890 1861 ἀποστό-

1088 1881 1156 1911 λοις
1172 1881 1238 1915 περὶ
1253 1880 1301 1907 τοῦ
1318 1881 1369 1907 ποῦ
1385 1880 1425 1908 δεῖ
1440 1880 1555 1908 ἕκαστον
1569 1881 1711 1908 ἀπελθεῖν.
1731 1879 1790 1914 Ἐφ’
1801 1877 1823 1914 ᾧ
1840 1881 1889 1907 καὶ

1099 1928 1201 1955 δίδοται
1219 1928 1328 1962 ἑκάστῳ
1346 1928 1400 1954 ἰδία
1416 1928 1528 1961 γλῶσσα
1545 1927 1641 1962 ὥσπερ
1657 1926 1754 1954 κανών.
1769 1927 1888 1961 Ἦγουν,

1105 1973 1256 2008 Ῥωμαϊστὶ
1268 1972 1374 2005 λαλεῖς;
1389 1971 1490 2000 ἄπελθε
1505 1973 1544 2004 εἰς
1557 1972 1606 2008 τὴν
1621 1971 1740 2006 Ῥώμην.
1755 1972 1889 2006 Περσιστὶ

1099 2019 1206 2052 λαλείς;
1223 2019 1287 2046 ἀπε)
1295 2018 1324 2045 Os
1342 2020 1380 2050 ei;
1396 2019 1445 2053 τὴν
1461 2018 1592 2053 Περσεαν.
1609 2019 1665 2045 Καὶ
1681 2019 1710 2045 ὲν
1724 2019 1757 2053 τῇ
1775 2018 1889 2054 γλώσσῃ

1102 2065 1166 2099 μὲν,
1187 2064 1224 2096 ὡς
1246 2063 1369 2099 εἴρηται,
1389 2063 1486 2089 ἐλαδον
1508 2064 1554 2089 τὸν
1574 2063 1675 2089 κανόνα
1689 2070 1695 2077 ·
1718 2061 1775 2089 ἀλλ’
1790 2061 1888 2096 ἐπειδὴ

1100 2112 1181 2138 πάλιν
1195 2110 1279 2145 ἐχρῆν
1295 2110 1392 2141 αὐτοὺς
1409 2109 1615 2145 ἀπερχομένους
1629 2110 1668 2140 εἰς
1685 2108 1798 2143 Ῥώμην
1813 2109 1890 2143 διὲρ⁴

1099 2157 1194 2193 χςςοαι
1211 2157 1255 2183 διὰ
1272 2155 1377 2182 πολλῶν
1394 2155 1479 2181 ὲθνῶν
1490 2175 1497 2186 ,
1514 2154 1668 2189 ἐλάμϐανον
1681 2153 1776 2189 ὥσπερ
1794 2162 1891 2188 παρα-

1100 2203 1214 2238 ϐοηθοὺς
1230 2203 1326 2237 ἐτέρας
1341 2202 1480 2235 γλώσσας,
1495 2201 1543 2236 τὴν
1559 2202 1672 2236 πρώτην
1688 2201 1748 2227 ἀντὶ
1763 2209 1891 2235 χειροτο-

1099 2249 1159 2279 νίας
1171 2248 1287 2283 ἔχοντες.
1300 2247 1464 2281 Εὖρξσλεται
1476 2247 1529 2281 γὰρ
1540 2245 1656 2277 ἕκαστος
1665 2246 1719 2273 τῶν
1728 2245 1891 2272 ἀποστόλων

263 2295 440 2325 acceperunt.
460 2291 580 2319 Rursum
594 2299 671 2324 vero,
694 2293 759 2327 quia
776 2293 891 2320 Romam
906 2294 1045 2328 profectu-

1101 2294 1146 2320 καὶ
1162 2293 1300 2328 διαφόροις
1315 2292 1451 2326 γλώσσαις
1468 2291 1569 2324 λαλῶν,
1586 2291 1681 2325 ἐπειδὴ
1699 2290 1746 2317 καὶ
1762 2290 1807 2316 διὰ
1824 2290 1893 2317 πολ-

261 2336 300 2364 ris
316 2345 365 2371 per
382 2336 507 2364 nationes
523 2337 624 2365 multas
649 2337 703 2365 iter
731 2337 890 2365 faciundum
905 2344 976 2372 erat,
1004 2340 1047 2366 id-

261 2383 335 2410 circo
353 2383 460 2418 linguas
482 2383 550 2410 alias
568 2388 698 2418 tanquam
724 2384 915 2419 opitulatrices
941 2386 1044 2420 prioris

1101 2340 1154 2366 λῶν
1172 2338 1312 2375 παρῄεσαν
1329 2339 1423 2366 ἐθνῶν.
1440 2339 1526 2373 Δῆλον
1542 2339 1572 2372 ἐξ
1589 2335 1626 2365 ὧν
1642 2339 1656 2364 ὁ
1671 2338 1776 2369 Παῦλος
1792 2339 1890 2373 φησιν·

1103 2385 1280 2420 ιΙ-ὶὺχαριστῶ
1293 2384 1332 2420 τῷ
1343 2385 1413 2420 Θεῷ.
1425 2384 1534 2412 πάντων
1551 2385 1628 2420 ὑμῶν
1643 2383 1871 2418 γλώσσαιςλαλῶ.
1880 2394 1889 2409 ι

262 2430 444 2465 accipiebant.
462 2437 525 2457 cum
546 2430 621 2457 illam
641 2429 758 2464 primam
787 2431 972 2459 ordinationis
1001 2432 1079 2466 quasi
1099 2433 1161 2460 loco
1182 2432 1326 2460 haberent.
1348 2431 1479 2459 Videmus
1501 2430 1576 2458 enim
1601 2430 1725 2465 singulos
1746 2431 1893 2464 apostolos

260 2477 344 2504 ctiam
361 2476 480 2504 diversis
494 2483 564 2504 usos
573 2475 658 2504 fuisse
672 2476 785 2512 linguis.
817 2482 848 2504 ut
863 2478 963 2512 quibus
980 2478 1062 2506 variae
1081 2478 1207 2517 nationes
1241 2478 1419 2514 peragranda:
1436 2477 1551 2505 fuerint.
1579 2477 1660 2504 Licet
1681 2476 1733 2503 hoc
1756 2475 1791 2503 de
1809 2475 1892 2503 Pauli

260 2525 353 2552 verbis
368 2525 443 2552 hisce
456 2524 590 2559 colligas:
608 2524 682 2560 «Ago
700 2525 758 2553 Deo
775 2533 836 2553 meo
849 2525 963 2561 gratias,
974 2525 1049 2561 quod
1068 2527 1156 2562 magis
1172 2534 1256 2562 quam
1267 2530 1389 2553 vestrum
1424 2525 1572 2560 quisquam
1596 2524 1704 2559 linguas
1735 2527 1817 2550 teneo
1838 2531 1892 2558 pe-

261 2570 388 2606 regrinas
396 2569 447 2596 “.t

295 2620 429 2648 Cancrum
439 2618 466 2646 id
476 2619 612 2654 temporis
618 2619 701 2647 etiam
711 2619 967 2647 divinissimiloelis
977 2620 1047 2647 vati-

1133 2619 1154 2646 Τ
1156 2619 1200 2645 ἁτε
1213 2618 1256 2654 δὴ,
1270 2618 1331 2644 τότε
1345 2617 1391 2644 καὶ
1404 2617 1421 2652 ἠ
1433 2616 1480 2643 τοῦ
1493 2616 1631 2643 θειοτάτου
1640 2615 1717 2650 Ἰωὴλ
1729 2617 1893 2650 προφητεία

260 2667 335 2695 clnio
352 2666 497 2701 respondit
514 2669 642 2699 eventus,
669 2665 748 2700 cujus
763 2665 874 2700 quidem
903 2666 960 2693 haec
981 2670 1045 2694 sunt

1100 2664 1184 2699 πέρας
1202 2663 1353 2698 ἐλάμϐανεν
1369 2663 1386 2697 ἡ
1399 2662 1470 2688 οὕτω
1487 2661 1638 2695 λέγουσιν(
1651 2660 1754 2695 Ἐχχεῶ
1768 2661 1822 2686 ἀπὸ
1840 2661 1892 2687 τοῦ

261 2712 341 2739 verba
360 2720 368 2738 :
386 2721 395 2738 ι
417 2710 584 2738 Perfundam
613 2718 676 2738 meo
708 2710 814 2746 Spiritu
845 2718 953 2738 omnem
984 2719 1045 2739 car-

1097 2710 1252 2745 πνεύματός
1274 2718 1328 2744 μου
1350 2709 1398 2735 ἐπὶ
1421 2709 1511 2735 πᾶσαν
1534 2707 1635 2743 σάρκα,
1663 2716 1672 2733 ι
1699 2707 1892 2733 πιστεύσασαν

261 2760 385 2791 below,»
405 2758 533 2785 videlicet
550 2757 719 2786 credentem.
747 2756 806 2785 Non
832 2757 906 2786 enim
929 2757 1045 2792 apostoli

1100 2757 1210 2793 δηλαδή.
1229 2756 1268 2785 Οὐ
1293 2755 1372 2792 μόνον
1389 2755 1445 2791 γὰρ
1461 2756 1486 2782 oi
1503 2753 1650 2782 ἀπόστολοι
1668 2753 1804 2789 γλώσσαις
1823 2754 1893 2781 ἐλά-

296 2847 318 2863 ⁸³
330 2847 392 2875 Act.
409 2855 441 2882 tt,
455 2848 482 2876 8.
519 2847 568 2875 "1
590 2847 654 2876 Cor.
679 2854 735 2880 xw,
755 2846 798 2874 '18.
839 2846 930 2874 7o.locl
949 2853 979 2879 tt,
997 2845 1042 2873 9.8.
