1966 3075
120 143 173 175 4‘29

120 204 201 233 λουν,
217 201 284 228 ἀλλὰ
303 211 347 228 κα.
366 201 465 233 πάντες

119 249 150 275 τὺ
165 247 284 275 τοιοῦτον
300 247 420 282 ἐδέχοντο
436 248 568 283 χάρισμα.
587 249 638 276 Καὶ
655 249 733 275 τοῦτό
747 250 821 275 ἐστιν
835 250 902 284 ὅπερ

119 293 134 317 ὁ
154 291 253 326 Κύριος
271 291 359 324 ἔλεγε·
382 301 391 316 ι
408 291 508 326 Σημεῖα
521 292 548 319 δὲ
565 294 620 324 τοῖς
640 293 801 321 πιστεύσασι
819 295 904 320 ταῦτα

123 336 377 371 παρακολουθήσει·
393 338 422 362 ὲν
438 337 476 371 τῷ
491 337 603 372 ὀνόματι
617 347 667 373 μου
681 338 807 373 δαιμόνια
824 339 904 366 ἑκϐα-

121 381 194 407 )οὖσι
207 402 214 413 ,
231 380 369 415 γλώσσαις
384 381 534 416 λαλήσουσι
551 383 668 414 καιναῖς.
689 392 698 408 ι
717 383 771 409 Καὶ
787 383 838 417 δρα
855 382 904 408 δώ-

121 428 186 453 δεκα
202 428 232 452 ἐν
251 427 353 460 Ἐφέσῳ
369 426 484 461 ἄνδρας,
501 427 538 458 ὡς
554 428 567 453 ὁ
582 428 689 459 Λουκᾶς
705 428 822 463 ἱστορεῖ,
839 438 906 464 προ-

123 472 323 504 ὖκπτισθέντοις
350 472 399 506 μὲν
423 473 463 503 εἰς
487 473 515 498 τὸ
538 473 584 499 τοῦ
602 474 726 501 Ἰωάννου
752 474 904 509 βάπτισμα,

124 516 235 549 Πνεῦμα
255 516 282 542 δὲ
304 518 341 550 μὴ
360 516 459 542 εἰδέναι
476 517 501 543 τί
523 518 588 544 ποτέ
607 519 665 545 ἐστι
683 518 828 553 λέγοντας·
848 520 905 546 ἀλλ’

123 561 204 595 ἡνίκα
222 562 268 592 τὰς
289 563 382 596 χεῖρας
401 564 414 588 ὁ
435 562 541 594 Παῦλος
561 563 691 598 ἐπέθηκε,
708 565 860 599 τηνικαῦτα
877 565 908 592 τὸ

122 606 177 631 τῶν
202 606 332 639 γλωσσῶν
358 606 481 641 ἐδέχοντο
507 608 640 642 χάρισμα.
663 608 772 645 Ἐπειδὴ
798 610 852 644 γὰρ
877 610 907 636 τὸ

125 651 237 684 Πνεῦμα
251 651 280 677 τὸ
297 652 374 685 ᾶγίιον
388 651 503 685 ἀόρατον
518 649 566 686 ἦν,
581 652 634 679 ἔδει
650 653 756 684 πάντως
772 655 820 688 τῆς
835 655 907 680 ἐκεί-

125 705 170 722 νου
189 696 340 730 παρουσίας
358 697 486 731 αἰσθητόν
503 706 564 723 τινα
582 698 706 731 γίνεσθαι
723 699 851 734 ἔλεγχον,
870 701 907 732 ὡς

125 741 248 767 ἐντεῦθεν
266 742 434 773 ἀδιστάκτως
453 743 498 768 ἐπὶ
514 743 545 769 τὺ
565 743 636 770 θεῖον
655 743 765 779 λουτρδρν
784 746 908 778 ἅπαντας

124 787 263 821 ἔρχεσθαι.
280 787 365 814 Τοῦτο
383 788 476 822 μέντοι
492 789 523 815 τὸ
539 789 661 824 χάρισμα
677 790 783 826 ἠρέθισε
802 794 848 818 καὶ
862 793 908 820 τὸν

125 832 235 866 Σίμωνα
249 834 304 864 τοῖς
320 834 477 865 ἀποστόλοις
490 842 520 861 τε
535 835 694 869 προσελθεῖν
705 837 752 863 καὶ
765 838 793 864 τὸ
811 837 908 872 βάπτι-

126 885 182 910 σμα
198 879 382 913 αἰτήσασθαι·
399 880 422 906 εἰ
441 879 478 914 μὴ
494 881 547 915 γὰρ
562 880 693 916 αίσθητὴν
709 883 783 917 ἑώρα
797 884 846 918 τὴν
862 883 908 911 τοῦ

127 923 283 957 ΙΙιείματος
306 924 431 959 δύναμιν,
457 925 507 952 οὐκ
528 926 560 952 ἂν
584 927 689 959 ἐκεῖνος
712 929 767 959 τοῖς
790 930 908 964 Χριστοῦ

126 971 297 1004 προςήρχετο
324 971 469 1006 μαθηταῖς,
490 972 539 998 οὐκ
562 972 594 999 ἂν
618 974 728 1009 ἐπιδεὴς
750 975 840 1002 αὐτῶν
863 977 909 1003 ἐπὶ

125 1013 251 1064 τοσοῦτον
266 1015 398 1064 ἐφαίνετο.
416 1016 470 1042 Καὶ
487 1017 547 1043 τότε
563 1017 614 1052 μὲν
627 1019 652 1044 οἱ
668 1019 860 1056 βαπτιζόμενοι
876 1024 909 1058 τῇ

126 1061 173 1085 τοῦ
192 1061 323 1094 παναιτίου
342 1062 499 1096 Πνεύματος
517 1064 689 1100 ἐπιφοιτήσει
706 1066 736 1092 τὸ
751 1067 806 1094 τῶν
823 1069 911 1101 γλωσ-

128 1106 183 1131 σῶν
196 1106 316 1141 ἐδέχοντο
330 1107 452 1143 χάρισμα
464 1116 470 1124 ·
485 1110 532 1136 ἐπὶ
545 1110 572 1136 δέ
586 1118 616 1144 γε
628 1111 693 1143 τοὺς
706 1114 770 1148 περὶ
781 1114 827 1140 τὸν
841 1116 910 1151 Κορ-

127 1151 219 1185 νήλιον
233 1153 281 1179 καὶ
295 1153 348 1188 πρδ
362 1154 408 1180 τοῦ
425 1155 607 1190 βαπτισθῆναι
623 1157 740 1185 ἐπέπεσε
754 1160 783 1186 τὸ
798 1161 910 1197 Πνεῦμα

127 1197 269 1243 τὺᾷἂγιον,
286 1199 334 1226 καὶ
351 1200 460 1227 ἐλάλουν
474 1201 621 1236 γλώσσαις.
639 1204 688 1231 Διὰ
702 1206 729 1232 τί
747 1206 775 1232 δὲ
792 1208 840 1234 καὶ
857 1209 911 1243 πρὸ

127 1241 175 1268 τοῦ
192 1242 373 1279 βαπτισθῆναι
387 1245 436 1281 τὴν
451 1247 497 1273 τοῦ
514 1249 646 1283 παναγίου
663 1251 819 1286 Πνεύματος
834 1241 910 1289 ἐνέρο

128 1296 206 1321 γειαν
225 1289 363 1325 ἐδέχοντο;
384 1292 428 1318 διὰ
446 1292 495 1326 τὴν
514 1294 615 1328 πολλὴν
633 1296 688 1322 τῶν
708 1297 740 1324 ὲκ
762 1300 915 1335 περιτομῆς

129 1335 331 1381 πιστευσάντων
351 1337 498 1372 διάκρισιν.
519 1339 691 1376 Διεκρινοντο
711 1342 765 1378 γὰρ
784 1340 856 1370 οὗτοι
878 1345 915 1381 μὴ

130 1380 254 1451 Θέλοᾌτες
279 1383 327 1408 καὶ
354 1383 565 1420 βαπτιζομένους
591 1387 647 1419 τοῖς
672 1388 789 1421 ἐθνικοῖς
816 1380 916 1426 ἀναμίέ

130 1433 198 1451 γνυσ
218 1433 257 1451 αι.

129 1433 257 1458 γνυσυαι.

735 146 935 177 ANNALIUM
956 146 1052 176 PARS
1074 145 1127 176 llL

482 203 505 228 οἱ
525 203 589 238 παρ’
603 203 694 230 αὐτῶν
710 204 903 239 βαπτιζόμενοι

968 208 1062 231 autum
1081 202 1180 237 linguis
1196 202 1351 237 peregrinis
1366 202 1562 237 loquebantur,
1587 202 1633 229 sed
1653 201 1734 229 etiam

1684 144 1736 176 430

955 250 1046 277 caeteri
1064 256 1170 279 attines,
1194 253 1330 282 quotquot
1355 248 1566 283 baptizabantur
1598 247 1632 274 ab
1659 247 1735 281 ipsis.

956 297 1058 323 donum
1074 293 1208 330 ejusmodi
1223 294 1477 328 consequebantur.
1500 293 1589 327 Atque
1603 293 1655 319 hoc
1670 293 1735 319 illud

955 345 997 368 est
1011 339 1083 374 quod
1102 339 1233 366 Dominus
1258 339 1328 366 dixit
1352 348 1359 366 :
1382 348 1390 364 ι
1410 339 1492 374 Signa
1519 338 1663 365 credentes
1681 338 1738 364 lucc

956 386 1165 414 comitabuntur
1180 393 1187 412 :
1206 385 1233 412 in
1262 384 1375 413 nomine
1392 391 1453 411 meo
1475 384 1571 419 genios
1587 383 1736 418 expellenti,

956 436 984 458 et
999 430 1101 465 linguis
1116 430 1195 458 novis
1212 430 1406 463 inusitatisque
1433 428 1640 463 loquentur“.n
1670 427 1737 454 Vide

956 476 1022 511 quid
1039 477 1105 505 viris
1119 477 1173 504 illis
1189 475 1333 503 duodecim
1350 474 1491 505 acciderit,
1508 474 1554 508 qui
1571 473 1671 508 Ephesi
1689 473 1738 500 dc-

958 527 1062 558 gentes,
1079 527 1108 550 ut
1125 523 1214 550 Lucas
1233 524 1441 552 commemorat,
1467 519 1598 554 baptizati
1626 519 1737 553 quidem

957 568 1077 596 erantin
1093 569 1260 603 baptismum
1274 566 1401 598 Joannis,
1416 565 1538 592 nondum
1557 569 1649 591 tamen
1665 564 1738 591 scire

957 623 986 642 se
1003 614 1203 650 proﬁtebantur
1217 613 1283 647 quid
1303 616 1378 640 esset
1404 610 1534 645 Spiritus.
1552 610 1650 637 Verum
1666 614 1739 643 post-

957 666 1071 694 eaquam
1087 659 1186 686 Paulus
1200 658 1240 685 eis
1257 664 1364 684 manus
1377 656 1563 690 imposuisset,
1584 654 1740 689 linguarum

959 705 1061 732 donum
1080 705 1148 732 illud
1162 702 1348 738 accipiebant.
1378 702 1446 729 Nam
1462 701 1526 736 quia
1543 699 1665 735 Spiritus
1678 707 1740 726 san-

959 755 1019 778 ctus
1034 755 1095 778 erat
1119 749 1334 785 inaspectabilis,
1358 749 1439 783 227
1461 746 1742 783 oportebatomnino

959 796 1060 825 sensile
1086 795 1225 831 quoddam
1250 799 1443 830 argumentum
1472 792 1625 828 praesentiae
1653 791 1741 826 ipsius

960 843 1017 874 edi,
1033 846 1063 869 ut
1078 841 1147 869 citra
1162 841 1245 868 ullam
1274 840 1475 868 haesitationem
1501 845 1599 865 omnes
1618 837 1742 864 divinum

960 887 1028 915 illud
1046 886 1079 913 ad
1093 887 1234 913 lavacrum
1253 885 1428 913 accederent.
1454 883 1512 910 Hoc
1533 886 1624 910 autem
1638 881 1742 908 donum

959 932 1099 960 Simonem
1109 932 1192 960 etiam
1206 931 1342 963 incitavit,
1360 935 1390 958 ut
1403 929 1434 956 ad
1450 929 1590 964 apostolos
1599 927 1744 955 accederet

961 985 993 1004 ac
1010 978 1178 1012 baptismum
1191 977 1364 1012 postularet:
1380 975 1483 1010 quippe
1512 974 1566 1001 nisi
1593 974 1648 1000 vim
1665 977 1743 1008 pote-

961 1027 1115 1058 statemque
1124 1022 1246 1057 Spiritus
1259 1021 1454 1055 aspectabilem
1464 1018 1632 1052 vidisset,ad
1642 1018 1744 1046 Christi

963 1068 1112 1103 discipulos
1127 1076 1183 1096 non
1203 1068 1375 1099 accessisset,
1399 1074 1451 1094 nec
1477 1073 1507 1093 se
1534 1065 1656 1100 ipsorum
1671 1065 1747 1092 indi-

964 1122 1028 1151 gere
1044 1123 1127 1150 opera
1143 1118 1277 1149 putasset.
1291 1114 1329 1141 Ac
1347 1118 1412 1141 tunc
1427 1120 1494 1141 sane
1505 1112 1552 1147 qui
1565 1111 1746 1146 baptizaban-

965 1165 1021 1192 tur,
1040 1160 1144 1187 donum
1159 1159 1315 1194 linguarum
1331 1158 1503 1193 accipiebant
1515 1165 1568 1185 una
1580 1164 1643 1185 eum
1657 1157 1746 1191 Spiri-

965 1211 1010 1234 tus
1026 1206 1114 1234 sancti
1127 1205 1311 1233 immissione.
1324 1205 1358 1232 At
1376 1204 1404 1231 in
1419 1211 1468 1231 eos
1481 1203 1528 1238 qul
1540 1210 1602 1230 cum
1616 1202 1746 1230 Cornelio

964 1255 1055 1284 erant,
1071 1251 1143 1279 idem
1157 1251 1277 1286 Spiritus
1293 1255 1407 1278 sanctus
1429 1250 1514 1277 etiam
1538 1248 1641 1276 decidit
1665 1252 1746 1275 ante-

964 1306 1046 1334 quam
1063 1298 1281 1333 baptizarentur,
1298 1297 1445 1331 itidemque
1458 1295 1558 1330 linguis
1573 1299 1637 1322 ante
1656 1294 1746 1328 bapti-

964 1350 1054 1371 smum
1073 1342 1190 1370 diversis
1205 1341 1402 1376 loquebantur.
1418 1340 1473 1368 Cur
1491 1339 1530 1373 lii,
1544 1346 1649 1374 quteso,
1670 1338 1746 1372 prius

964 1394 1048 1417 etiam
1062 1389 1149 1418 sancti
1170 1388 1291 1424 Spiritus
1321 1387 1514 1415 etlicacitatem
1529 1384 1747 1420 experiebantur

964 1443 1046 1473 quam
1083 1434 1315 1471 baptizarentur?
1340 1434 1456 1468 Propter
1483 1431 1599 1459 nimium
1628 1429 1746 1465 superba

130 1471 237 1507 scilicet
253 1480 349 1501 eorum
374 1474 541 1510 praeiudicia,
570 1477 617 1511 qui
646 1482 726 1506 antea
757 1479 913 1510 circumcisi

966 1471 1122 1511 ediderant.
1155 1483 1263 1509 Etenim
1281 1481 1320 1508 illi
1335 1487 1364 1508 se
1392 1479 1427 1507 ab
1440 1478 1502 1507 aliis
1515 1477 1706 1513 segregabam,
1720 1481 1749 1502 ct

131 1526 166 1544 ηε
182 1526 244 1545 ευτη
264 1519 406 1554 δημιῑιδιίε
419 1521 532 1556 (ιυίἀοω
558 1524 678 1556 ethnicis
698 1529 848 1564 quidquam
862 1530 963 1558 habere
977 1529 1135 1558 commercii
1155 1529 1295 1556 volebant.

167 1564 232 1592 Οἶδα
304 1568 445 1603 ἀγαπητὲ,
459 1570 499 1596 ὅτι
513 1572 560 1600 καὶ
571 1574 617 1602 τὸν
630 1577 725 1612 καιρὸν
737 1577 851 1614 ἐκδιάζῃ
867 1587 913 1613 μα-

1004 1578 1139 1606 Praeterea
1151 1584 1205 1604 non
1219 1576 1327 1612 ignoro,
1341 1574 1440 1602 dilecte
1454 1573 1502 1605 ﬁli,
1520 1579 1621 1607 cupere
1633 1576 1658 1599 te
1679 1571 1747 1598 illud

132 1613 190 1638 θεῖν
205 1613 266 1639 καθ’
277 1613 306 1639 ὃν
321 1615 337 1649 ή
352 1614 398 1640 τοῦ
418 1619 552 1654 μακαρίου
571 1621 678 1648 Παύλου
697 1622 791 1657 γέγονε
808 1625 915 1659 κλῆσις.

133 1659 188 1685 Καὶ
204 1660 275 1686 κατὰ
291 1662 366 1696 τινὰς
385 1662 434 1700 μὲν
452 1666 618 1701 ἱστορικοὺς,
638 1668 684 1694 καὶ
703 1669 803 1702 μᾶλλον
822 1670 916 1697 Ἱππό-

133 1703 212 1732 λυτον
225 1706 271 1733 τὸν
282 1705 414 1743 θηῦαϊον,
430 1711 549 1737 ἐνιαυτοὶ
563 1711 670 1747 διῆλθον
683 1704 708 1745 ζ’
725 1716 792 1749 μετὰ
806 1715 856 1750 τὴν
870 1715 917 1742 τοῦ

133 1751 239 1788 κυρίου
261 1755 293 1781 ἐκ
311 1756 415 1791 νεκρῶν
436 1757 596 1791 ἀνάστασιν,
616 1761 662 1785 καὶ
683 1761 697 1787 ὁ
717 1763 917 1797 πρωτομάρτυς

134 1798 268 1832 Στέφανος
282 1801 311 1826 τὸ
327 1802 462 1836 μακάριον
476 1804 551 1835 τέλος
565 1804 674 1837 ἐδέξατο
685 1811 693 1821 ’
709 1806 778 1841 μετὰ
791 1807 819 1833 δὲ
831 1807 918 1834 ταῦτα

132 1844 200 1870 ὡσεὶ
223 1847 307 1880 μῆνες
329 1847 435 1881 διῆλθον
454 1848 493 1881 ἒξ,
515 1851 563 1876 καὶ
584 1851 600 1885 ἡ
623 1851 670 1877 τοῦ
692 1851 799 1879 Παύλου
824 1853 918 1887 γέγονε

133 1890 240 1925 κλῆσις.
255 1891 350 1927 Ἀλλ’ή
367 1893 497 1920 Εὺσεϐὶου
511 1895 556 1922 τοῦ
573 1897 715 1930 Παμφίλου
731 1898 834 1933 ἱστορία
850 1897 919 1930 διέξ-

132 1945 203 1962 εισιν
226 1937 263 1968 ὡς
282 1937 358 1964 οὔπω
382 1937 423 1971 εἷς
442 1940 566 1973 ἐνιαυτὸς
584 1943 765 1977 ἐπεπλήρωτο
784 1943 853 1977 μετὰ
869 1944 918 1978 τὴν

132 1983 166 2008 ὲκ
181 1984 284 2017 νεκρῶν
300 1984 346 2010 τοῦ
364 1986 467 2020 Κυρίου
482 1987 632 2014 ἀνάστασιν
643 2008 650 2021 ,
667 1989 714 2015 καὶ
728 1989 814 2015 ταῦτα
829 1991 918 2016 πάντα.

132 2027 258 2060 ἐγένετο,
276 2029 300 2054 oi
318 2026 394 2056 ἆθλοί
411 2038 440 2056 τε
457 2031 505 2057 τοῦ
524 2034 757 2068 πρωτομάρτυρος
775 2035 822 2060 καὶ
839 2035 855 2069 ὴ
871 2035 917 2061 τοῦ

133 2073 274 2109 μακαρίου
301 2075 408 2102 Παύλου
433 2077 621 2111 προσέλευςις.
643 2079 712 2106 Ἀλλ’
725 2077 760 2114 ἦν
786 2080 850 2107 ἰδεῖν
875 2081 918 2106 ἐπ’

131 2119 208 2153 αὐτῷ
232 2119 382 2153 τηνικαῦτα
406 2121 595 2156 πληρούμενον
617 2124 648 2150 τὸ
671 2124 760 2156 λόγιον
776 2125 807 2151 τὸ
823 2126 918 2160 λέγον·

136 2174 144 2190 ι
167 2165 221 2191 Ποῦ
238 2165 363 2199 ὑπάγεις,
380 2164 451 2198 οἶδας
464 2177 471 2184 ·
489 2169 515 2195 τι
529 2169 557 2195 δὲ
574 2168 680 2204 μέλλεις
697 2171 801 2204 παθεῖν,
817 2173 866 2199 οὐκ
881 2171 919 2199 οἷ-

132 2210 190 2241 δις.
216 2220 225 2236 ι
248 2212 406 2245 Ἐπιπολὰς
428 2214 482 2249 γὰρ
506 2215 560 2242 ἀπὸ
581 2217 635 2243 τῶν
657 2218 807 2252 ἀρχιερέων
828 2219 918 2246 λαϐὼν

133 2257 204 2283 ὥστε
223 2257 350 2284 ἀπελθεῖν
367 2259 414 2285 καὶ
429 2261 492 2291 τοὺς
508 2261 676 2296 ὁπουδήποτε
694 2266 918 2299 παρευρισκομέ-

133 2309 195 2332 van;
218 2301 399 2336 Χριστιανοὺς
423 2305 556 2340 ἀναιρεῖν,
577 2306 712 2341 πηροῦται
732 2309 795 2339 τοὺς
815 2309 917 2344 ὀφθαλ-

136 2347 202 2380 μοῦς
229 2346 311 2373 αὑτοῦ
338 2348 398 2375 καθ’
413 2349 470 2376 ὀδόν
485 2357 492 2365 ⁴
519 2351 709 2386 περιήστραψε
734 2353 788 2387 γὰρ
812 2354 916 2380 ἄνωθεν

134 2392 216 2418 αύτὶν
231 2393 350 2427 ἄρρητον
364 2395 438 2428 φῶς,
455 2395 502 2421 καὶ
519 2395 606 2428 οὕτως
622 2398 646 2423 οἱ
662 2397 709 2424 τοῦ
727 2398 852 2433 σώματος
870 2401 917 2426 αύ-

134 2437 182 2463 τοῡ
195 2437 286 2472 λύχνοι
299 2440 469 2474 παραχρῆμα
482 2441 660 2477 ὲσϐἐσθησαν.
677 2443 756 2471 ’Λλλὰ
768 2445 816 2471 καὶ
827 2445 918 2480 φωνῆς

134 2483 238 2510 ἀνωθεν
253 2483 352 2519 ἢκουσε
371 2486 440 2520 πρὸς
451 2486 532 2513 αὐτὸν
546 2486 618 2514 οὕτω
633 2488 776 2525 λεγούσης
799 2499 808 2516 ι
822 2491 917 2524 Σαοὺλ,

135 2529 222 2555 Σαοὺλ
238 2538 247 2555 ι
262 2530 408 2564 (τουτέστιν
419 2532 526 2566 ἁδελφὲ,
537 2534 658 2569 ὰδελιρὲ),
674 2536 714 2562 «τι
726 2545 760 2570 με
769 2537 891 2571 διώκεις;
907 2546 916 2563 ι

136 2575 278 2601 Στέλλεται
292 2575 384 2603 λοιπον
398 2577 463 2612 πρὸς
480 2578 616 2611 Ἀνανίαν,
629 2582 676 2606 καὶ
692 2581 834 2616 βάπτισμα
846 2583 919 2618 δέχε-

135 2629 196 2652 ται,
214 2621 360 2647 κάντεῦθεν
376 2623 522 2656 φωτίζεται
538 2625 601 2656 τούς
615 2633 644 2651 τε
659 2625 792 2660 ψυχιιοὺς
806 2629 854 2655 καὶ
868 2636 920 2655 σω-

137 2666 269 2700 ματικοὺς
287 2667 453 2701 ὀφθαλμούς.
472 2670 610 2704 Κηρύσσει
628 2671 721 2698 λοιπὸν
736 2673 749 2698 6
767 2673 919 2708 πάμμεγας

137 2714 242 2745 Παῦλος
257 2715 306 2748 ἔτη
321 2713 367 2741 λε’.
377 2715 421 2741 Ἐν
435 2716 487 2750 γὰρ
502 2717 540 2750 τῷ
556 2716 660 2752 δεκάτῳ
673 2717 759 2752 ὀγδόῳ
772 2718 826 2745 ἔτει
839 2719 919 2745 Τιϐε-

139 2760 196 2794 ρίου
221 2759 356 2793 Καίσαρος
371 2759 400 2786 τὸ
421 2761 553 2796 σωτήριον
571 2761 655 2794 πάθος
674 2763 770 2798 γέγονε
785 2764 831 2791 τοῦ
852 2764 872 2791 Χ
879 2773 921 2800 ρι-

175 2853 194 2867 ⁷λ
214 2853 299 2878 .llar'r.
316 2860 368 2879 ‘Vl.
392 2854 413 2879 l.
447 2854 484 2869 7“
506 2854 565 2881 Act.
585 2862 620 2883 Ix.
638 2854 664 2880 In.

968 1624 1049 1651 etiam
1063 1629 1171 1658 tempus
1186 1629 1267 1650 nosse
1279 1628 1334 1656 quo
1352 1621 1450 1648 beatus
1465 1619 1511 1647 ille
1523 1618 1623 1646 Paulus
1637 1621 1750 1644 vocatus

968 1670 1060 1697 fuerit.
1080 1670 1115 1696 De
1129 1669 1323 1696 nonnullorum
1341 1665 1452 1700 quidem
1469 1663 1665 1692 historicorum
1685 1669 1733 1689 sen

969 1716 1064 1748 tentia,
1084 1714 1235 1750 praesertim
1255 1711 1391 1747 Hippolyti
1405 1709 1541 1741 Thebani,
1557 1713 1619 1742 post
1642 1706 1749 1734 Domini

968 1769 1000 1789 ex
1013 1760 1129 1788 mortuis
1147 1758 1379 1787 resurrectionem
1396 1755 1462 1783 anni
1475 1759 1581 1789 septem
1601 1752 1748 1788 praeterie-

967 1809 1038 1838 rant,
1053 1812 1114 1832 cum
1127 1803 1236 1831 testium
1252 1801 1377 1830 veritatis
1389 1799 1517 1835 princeps
1533 1798 1578 1825 ille
1592 1797 1749 1831 Stephanus

968 1852 1079 1879 beatum
1096 1850 1158 1877 vitae
1174 1850 1254 1876 ﬁnem
1270 1852 1312 1876 est
1323 1850 1505 1879 consecutus;
1531 1845 1565 1872 ab
1586 1844 1644 1878 ejus
1659 1847 1749 1870 autem

969 1901 1057 1924 morte
1081 1896 1223 1924 mensibus
1246 1901 1332 1929 prope
1357 1900 1404 1920 sex
1423 1891 1524 1926 elapsis
1547 1890 1625 1918 Pauli
1644 1889 1751 1916 vocatio

969 1943 1040 1970 laeta
1069 1948 1122 1969 est.
1152 1940 1254 1968 Verum
1281 1938 1393 1966 Eusebii
1421 1937 1556 1972 Pamphili
1585 1935 1631 1962 ﬁlii
1659 1939 1752 1961 narrat

969 1988 1086 2015 historia
1100 1986 1222 2014 nondum
1249 1984 1387 2012 aDomini
1417 1982 1621 2012 resurrectione
1650 1988 1751 2007 annum

970 2040 1056 2060 unum
1068 2036 1196 2060 exactum
1213 2030 1309 2062 fuisse,
1322 2037 1384 2057 cum
1403 2029 1460 2056 hate
1475 2027 1567 2055 omnia
1581 2026 1689 2056 ﬁerent,
1709 2025 1752 2051 ni-

970 2079 1070 2105 mirum
1097 2076 1228 2112 principis
1253 2075 1328 2103 illius
1363 2074 1440 2102 testis
1460 2072 1611 2101 certamina
1626 2071 1752 2105 beatique

970 2123 1046 2151 Pauli
1061 2123 1094 2150 ad
1109 2123 1190 2150 ﬁdem
1205 2121 1339 2149 acceSsio.
1351 2121 1418 2148 Erat
1437 2124 1528 2147 autem
1558 2118 1586 2145 in
1613 2125 1645 2145 c0
1659 2117 1753 2144 videre

972 2169 1065 2204 perﬁci
1079 2173 1135 2196 tum
1152 2168 1285 2202 temporis
1298 2166 1443 2194 oraculum
1469 2165 1532 2196 hoc,
1557 2171 1612 2198 quo
1628 2163 1729 2190 dicitur
1744 2171 1753 2188 :

973 2215 1065 2242 «Nosti
1079 2222 1135 2249 quo
1159 2221 1268 2249 pergas,
1297 2212 1330 2240 ad
1347 2211 1413 2246 quid
1440 2215 1602 2238 eventurum
1632 2209 1681 2236 tibi
1706 2208 1752 2239 sit,

972 2261 1109 2296 ignoras.»
1130 2260 1239 2288 Etenim
1253 2267 1316 2287 cum
1335 2259 1442 2285 litteras
1457 2265 1473 2284 a
1487 2255 1664 2291 pontiﬁcibus
1675 2262 1753 2281 acce-

972 2307 1068 2342 pisset,
1086 2311 1117 2333 ut
1127 2305 1268 2340 profectus
1287 2305 1314 2331 in
1330 2304 1381 2331 alia
1395 2303 1454 2330 loca
1472 2302 1562 2329 ubivis
1573 2300 1694 2335 gentium
1708 2300 1756 2325 dc-

972 2353 1124 2387 preliensos
1141 2351 1314 2378 Christianos
1339 2357 1354 2376 c
1380 2348 1472 2376 medio
1495 2347 1612 2377 tolleret.
1640 2345 1700 2379 ipso
1728 2345 1754 2370 ia

971 2399 1071 2425 itinere
1086 2404 1152 2425 suos
1164 2397 1260 2424 oculos
1274 2395 1385 2423 amittit.
1406 2394 1474 2422 Nam
1493 2393 1539 2420 lux
1564 2392 1688 2427 quaedam
1714 2391 1754 2417 iu-

971 2443 1142 2479 cxplicabilis
1155 2451 1218 2470 cum
1238 2442 1347 2470 cmlitus
1363 2439 1557 2471 circumtulsit,
1579 2447 1634 2473 quo
1651 2438 1752 2465 faction

973 2494 1003 2516 ut
1020 2487 1146 2523 corporis
1160 2488 1246 2523 ipsius
1262 2487 1336 2514 faces
1348 2486 1482 2514 continuo
1498 2484 1753 2518 exstinguerenzur.

972 2535 1106 2563 Prteterea
1122 2541 1216 2561 vocem
1254 2541 1270 2561 c
1285 2533 1397 2561 sublimi
1418 2539 1447 2560 se
1474 2531 1682 2565 compcllautcm
1714 2529 1755 2555 his

972 2581 1063 2608 verbis
1076 2580 1200 2608 audivit:
1224 2579 1331 2612 tb‘aule,
1348 2579 1441 2609 Saule,
1459 2578 1524 2613 quid
1546 2586 1588 2604 me
1607 2583 1755 2612 perseque-

974 2627 1042 2654 ris"
1055 2627 1098 2653 “li
1114 2626 1183 2654 l'linc
1199 2626 1233 2653 ad
1253 2624 1384 2652 Ananiam
1407 2623 1568 2656 remittitur,
1589 2621 1755 2656 baptismum

974 2673 1097 2708 recepit;
1115 2673 1187 2700 oculi
1205 2672 1266 2706 ejus
1277 2676 1331 2698 tam
1344 2671 1475 2698 animales
1492 2677 1572 2704 quam
1595 2665 1754 2702 corporales

974 2719 1189 2752 collustrantur;
1209 2718 1329 2752 denique
1345 2718 1386 2744 vir
1396 2716 1515 2744 eximius
1529 2715 1563 2756 ab
1580 2721 1613 2741 eo
1631 2718 1755 2746 tempore

975 2765 1038 2793 totis
1054 2765 1088 2793 55
1105 2765 1184 2793 anuis
1198 2763 1400 2800 prmdicationis
1411 2769 1526 2790 munere
1542 2761 1674 2796 fungitur.
1687 2758 1762 2785 Nam.
