1966 3075
217 150 267 182 83!

849 159 1060 191 Mlt’illAELlS
1079 162 1209 195 GLYC/E

1779 167 1831 198 ΗΞ

218 208 326 236 decimo
347 215 373 236 et
388 215 483 238 octavo
500 211 602 240 Tiberii
625 212 738 241 Caesaris
758 221 831 242 anno
855 215 994 243 salutifera

1049 219 1121 246 στοῦ.
1137 220 1220 248 Οὔπω
1235 221 1264 248 ’.δ
1278 223 1397 249 τοιοῦτον
1413 226 1448 258 ιη’
1460 223 1517 254 ἔτος
1533 222 1720 257 πεπλήρωται,
1737 222 1783 248 καὶ
1797 224 1831 248 τὰ

214 254 316 282 Christi
334 256 424 289 passio
440 257 564 292 contigit.
595 258 618 285 Is
632 266 696 286 vero
715 260 746 287 18
761 268 848 288 annus
876 262 996 289 nondum

217 305 328 327 i-xartus
341 307 412 333 erat,
427 309 491 329 cuni
505 310 720 332 cotnmenmrata
739 306 873 335 hactenus
889 308 998 336 accide-

216 350 289 372 runt.
309 345 362 373 Ubi
378 347 410 374 l9
422 355 512 375 annus
529 348 633 376 Tiberii
656 350 771 378 (Ia-saris
801 359 913 380 cttrrere
941 361 998 382 ca:-

216 390 310 424 pissct.
325 391 427 418 Paulus
443 392 550 419 initiqu
569 393 739 427 praedicandi
767 395 841 429 facit,
861 398 996 431 quemad-

216 436 324 462 modum
347 437 403 471 ipsa
419 437 533 465 historia
551 438 732 468 demonstrat.
749 441 919 470 Pristereunt
931 443 997 471 hinc

215 481 322 515 imperii
339 482 440 510 Tiberii
453 483 536 519 228
544 484 660 512 Caesaris
667 490 786 520 quatuor
801 488 865 515 anni
877 488 996 524 reliqui;

216 535 278 554 num
293 527 329 554 22
342 535 430 556 annos
445 529 471 556 in
495 530 654 558 universum
670 531 798 561 Tiberius
815 540 908 561 rerum
923 535 996 568 poti-

216 579 260 600 tus
274 581 334 601 esse
348 575 494 609 reperitur.
509 575 697 604 Consimiliter
712 578 819 611 imperii
837 580 893 606 (Tali
908 579 996 608 Cresa-

218 618 254 645 ris
268 625 388 652 quatuor
402 621 467 648 anni
481 621 639 654 elabuntur,
670 623 791 659 itemque
807 625 913 652 Claudii
932 634 996 660 pro-

215 663 361 696 pemodum
379 664 410 692 Η
427 666 502 693 anni.
519 665 589 693 Huic
602 667 754 702 inimperio
768 669 901 697 successit
910 670 994 702 Nero,

214 711 260 742 qui
275 717 348 737 anno
362 711 439 743 regni
455 711 497 738 sui
521 712 553 739 i3
572 712 686 740 Paulum
700 715 846 743 interfecit.
871 715 996 751 Quapro-

215 760 274 787 pter
287 755 351 782 anni
367 763 428 784 esse
451 757 561 791 triginta
587 759 709 794 quinque
739 760 994 795 deprehenduntur,

214 807 283 834 quos
300 801 326 828 iu
347 802 542 836 praedicatione
556 804 658 831 Paulus
686 807 818 840 exegerit.
850 807 917 834 Tam
933 807 996 835 dili-

213 851 308 880 geuter
319 852 411 874 autem
426 848 610 877 ministerium
626 858 707 878 suum
736 851 841 885 obibat,
870 857 899 880 ut
915 853 993 881 Jaco-

215 893 277 918 bum
293 899 404 928 quoque
424 893 533 922 Domini
548 894 661 923 fratrem
681 883 853 930 conveniret,
879 899 994 933 ejusque
1013 883 1033 911 Β

213 937 358 966 consilium
373 939 532 974 exploraret
553 948 619 968 num
643 949 673 970 se
692 942 804 971 tondere
822 951 854 971 ac
875 944 994 972 lustrare
1039 943 1042 947 ’

213 982 369 1012 Judaeorum
385 992 467 1013 causa
479 986 602 1015 deberet.

251 1029 298 1057 Ilio
327 1030 449 1059 Jacobus
476 1033 583 1067 primus
608 1033 858 1070 Hierosolymorum
874 1036 994 1071 pontifex

215 1076 276 1109 fuit,
292 1077 416 1106 delectus
428 1079 463 1106 ad
476 1079 528 1107 hoc
541 1081 674 1114 muneris,
687 1089 721 1109 ne
730 1083 826 1110 Petrus
840 1088 867 1111 et
876 1084 995 1112 Joannes

214 1127 242 1150 et
260 1123 378 1152 Jacobus
392 1124 486 1160 gloriae
515 1133 598 1153 causa
624 1127 834 1161 contenderent,
864 1130 995 1164 quemad-

214 1168 325 1195 modum
341 1169 468 1197 Clemens
487 1170 533 1197 ille
550 1170 722 1199 Stromateus
743 1173 884 1200 memoriae
898 1175 993 1208 prodi-

214 1215 264 1242 dit.
282 1215 413 1243 Eumdem
433 1216 568 1243 Jacobum
597 1222 624 1244 et
645 1217 749 1252 justum
777 1219 885 1246 virtutis
912 1228 995 1248 causa

218 1261 424 1295 nuncupabant.
439 1261 543 1296 Estque
556 1262 601 1289 ille
618 1262 675 1296 ipse
690 1263 736 1297 qui
750 1263 784 1291 de
803 1264 894 1299 templi
905 1265 995 1298 pinnis

215 1307 400 1340 prrecipitatus
424 1310 478 1339 est,
502 1311 531 1334 et
554 1315 568 1334 a
583 1307 685 1334 fullone
710 1309 784 1344 ligno
810 1310 927 1344 quodam
957 1312 994 1338 ita

215 1359 363 1386 percussus
373 1352 398 1378 in
415 1357 499 1387 caput
512 1357 543 1379 ut
565 1357 730 1380 moreretur.
762 1353 868 1381 Etenim
895 1355 994 1389 .ludwi,

214 1404 277 1424 cum
292 1396 327 1424 ad
341 1397 478 1425 Caesarem
495 1397 596 1425 Paulus
608 1403 784 1432 provocasset
806 1403 833 1426 ct
856 1399 890 1427 ad
907 1400 996 1428 Catsa-

216 1452 272 1472 rcm
290 1443 394 1472 aFesto
410 1449 527 1479 praetore
542 1444 643 1472 missus
661 1450 743 1478 esset,
774 1453 821 1480 spe
856 1454 903 1474 sua
934 1447 994 1474 fru-

213 1490 293 1518 strati
309 1493 421 1525 propter
431 1497 513 1524 quam
528 1489 641 1518 insidias
655 1491 681 1518 ci
695 1495 863 1525 struxerant,
876 1494 908 1521 ad
921 1494 995 1521 hunc

215 1542 245 1562 se
256 1535 387 1562 Jacobum
402 1534 557 1566 conferunt.
586 1542 706 1570 eumque
734 1537 774 1563 sic
802 1538 968 1572 compellant
985 1547 991 1565 :
1007 1556 1029 1587 ο

218 1579 357 1607 rlnbibeto
379 1579 510 1614 populum
537 1579 622 1612 hunc,
651 1580 873 1615 quandoquidem
901 1590 994 1610 errore

215 1625 333 1663 quodam
347 1624 480 1655 inlesum
493 1624 655 1663 propendet.
687 1625 754 1656 Nam
775 1625 823 1653 tibi
847 1634 897 1654 nos
917 1628 995 1655 testi-

215 1676 306 1702 monio
319 1683 425 1708 sumus,
441 1682 474 1702 ac
486 1675 603 1710 populus
618 1675 687 1702 adeo
702 1676 858 1708 universus,
872 1673 944 1712 quod
957 1675 994 1705 si‘s

215 1723 255 1748 rir
268 1722 371 1757 justus.
389 1730 398 1747 ι
421 1721 497 1754 Erat,
528 1728 590 1748 cum
617 1721 675 1748 bac
703 1727 860 1757 agerentur,
883 1722 995 1750 Pascha:

213 1768 312 1795 festum
338 1767 428 1800 Quare
445 1774 507 1794 cum
522 1767 549 1794 iu
566 1767 664 1802 pinnas
682 1775 745 1795 eum
761 1768 856 1802 templi
881 1769 994 1797 statuis-

213 1817 284 1846 sent,
301 1813 412 1840 aiebant
426 1821 433 1840 :
451 1812 539 1846 «Tibi,
555 1820 572 1840 ο
584 1814 668 1848 justo,
696 1813 789 1841 cuncti
815 1813 896 1842 fidem
913 1815 994 1842 adhi-

213 1861 319 1887 bemus.
338 1858 408 1892 Quia
434 1866 500 1886 vero
514 1859 631 1894 populus
651 1867 746 1888 errore
756 1860 890 1896 impulsus
901 1861 994 1890 Jcsum

212 1907 287 1934 illum
304 1907 465 1935 crucifixum
486 1912 617 1940 sectatur.
647 1907 769 1936 iudicato
793 1909 874 1937 nobis
902 1909 992 1944 quod-

213 1961 274 1981 nam
294 1953 340 1981 Dei
361 1954 396 1981 sit
417 1954 547 1981 ostium.»
576 1953 614 1981 lbi
634 1961 698 1982 eum
719 1955 778 1989 ipse
802 1955 995 1989 respondisset

210 2001 302 2028 Jesum
317 2001 344 2028 in
359 2000 429 2028 cmlo
447 2000 480 2027 ad
494 2000 636 2028 dexteram
662 2009 766 2036 magna:
781 2001 852 2028 illius
869 2005 994 2036 potesta-

213 2047 248 2074 iis
262 2046 407 2074 considere
423 2053 455 2073 ac
469 2045 496 2072 in
513 2045 585 2073 aeris
601 2045 723 2072 nubibus
733 2045 881 2080 aliquando
900 2052 994 2072 rever-

213 2098 309 2118 surum
323 2111 330 2123 ,
347 2091 539 2118 exclamarunt
554 2098 650 2118 omnes
669 2099 675 2117 :
689 2101 699 2117 ι
714 2091 790 2119 Heul
813 2091 870 2119 lleu
882 2092 888 2118 !
902 2092 994 2127 justus

212 2137 296 2163 etiam
310 2137 336 2163 in
352 2143 474 2164 errorem
492 2136 643 2171 perductus
657 2141 728 2164 est.»
757 2137 853 2172 Itaque
871 2137 905 2164 ad
925 2142 994 2164 tern-

213 2179 249 2213 pli
266 2179 363 2214 pinnas
379 2179 560 2207 ascendentes
572 2186 636 2206 eum
653 2180 815 2215 dejecerunt
841 2185 869 2208 et
896 2180 992 2215 lapidi-

213 2226 263 2252 bus
275 2224 438 2252 obruerunt.
451 2224 545 2259 Neque
561 2224 648 2251 multo
665 2229 727 2259 post
752 2224 934 2260 Vespasianus
943 2233 992 2252 eos
1007 2225 1029 2252 ι)

211 2269 332 2297 obsedit.
346 2269 465 2297 Iacobus
478 2270 537 2304 ipse
553 2273 608 2297 tam
620 2270 712 2305 justus
727 2276 798 2300 erat.
821 2275 851 2298 ut
865 2271 990 2298 homines

212 2314 284 2350 apud
301 2314 412 2342 Judaaos
428 2320 520 2342 mente
535 2315 643 2350 przediti
666 2315 856 2343 existimarent
870 2315 992 2343 obsideri

213 2362 308 2389 urbem
327 2362 414 2396 ipsius
429 2362 514 2390 caedis
527 2369 622 2390 causa.
639 2362 776 2397 Josepbus
793 2361 904 2396 quidem
917 2365 992 2389 certe

211 2409 239 2434 in
255 2407 312 2434 lucc
330 2407 412 2434 verba
426 2407 523 2435 scribit
541 2416 548 2434 :
565 2408 739 2435 «Evenerunt
754 2407 810 2434 hasc
823 2407 925 2435 Iuda-is
938 2426 945 2438 ,
964 2412 994 2435 ut

211 2453 278 2487 justi
292 2453 365 2480 illius
387 2453 483 2481 Jacobi
508 2453 598 2481 credes
613 2453 810 2485 vindicaretur,
832 2453 878 2487 qui
907 2452 992 2480 frater

167 2530 172 2535 ,
210 2505 270 2528 erat
297 2500 356 2535 eius
367 2499 432 2528 Jcsu
455 2507 537 2535 quem
548 2499 689 2528 Christum
714 2504 883 2534 ntmcupant.
898 2508 908 2526 ι
931 2499 991 2530 Ouo

211 2550 294 2582 pacto
309 2546 462 2575 exstinctus
477 2547 524 2578 sit,
547 2547 676 2574 nimirum
693 2546 765 2581 quod
795 2546 991 2580 praecipitatus,

210 2593 282 2626 quod
298 2592 436 2627 lapidibus
449 2592 579 2624 obrutus,
592 2592 665 2627 quod
684 2592 782 2626 positis
801 2591 917 2626 genibus
942 2599 992 2624 pro

209 2639 375 2669 adversariis
395 2640 478 2667 Deum
494 2645 635 2674 precatus,
653 2639 726 2674 quod
751 2639 824 2673 ligno
847 2644 993 2672 percussus

211 2685 320 2713 tandem
340 2690 466 2712 mortuus
479 2684 574 2714 fuerit.
594 2683 800 2712 Alexandrinus
812 2682 992 2710 illeCletuens

212 2732 311 2760 Iltteris
341 2731 522 2768 consignavit.
535 2730 721 2758 Additantem
742 2729 876 2764 Josephus
895 2727 992 2763 hujus-

171 2800 177 2806 .
210 2779 286 2806 modi
302 2788 309 2807 :
325 2779 440 2807 «Vinum
450 2783 478 2807 et
492 2779 607 2806 siceram
627 2785 681 2804 non
698 2775 826 2808 bibebat;
839 2774 991 2801 animatum

1049 264 1230 298 διαληφθέντα
1243 267 1391 301 τηνικαῦτα
1408 268 1546 302 γεγόνασι.
1559 268 1673 304 Τριχειν
1688 268 1788 303 ἤρξατο
1802 270 1832 294 τὸ

1050 310 1080 336 ιϐ’
1093 309 1152 342 ἔτος
1167 312 1218 346 τῆς
1236 313 1374 347 βασιλείας
1391 304 1519 349 Τιϐερίου
1537 315 1677 350 Καίσαρος
1688 335 1696 346 ,
1715 315 1762 342 καὶ
1779 323 1830 347 κη-

1049 355 1160 389 ρύσσειν
1177 358 1191 383 ὁ
1211 358 1316 390 Παῦλος
1336 358 1460 393 ἄρχεται,
1475 359 1512 392 ὡς
1532 360 1637 394 ῐστορία
1658 360 1733 394 φησί.
1752 360 1830 395 Διέρ-

1048 409 1140 435 χονται
1154 402 1243 429 τοίνυν
1255 403 1301 438 ἔτη
1315 403 1336 430 δ’
1347 404 1380 431 τὰ
1393 405 1522 432 ἐπίλοιπα
1534 405 1584 440 τῆς
1599 405 1735 439 βασιλείας
1748 406 1830 432 Τιϐε-

1049 447 1108 481 ρίου
1118 455 1126 463 υ
1140 448 1186 475 καὶ
1199 449 1253 483 γὰρ
1266 449 1351 476 εἴκοσι
1363 450 1409 476 καὶ
1421 449 1468 476 δύο
1480 450 1527 485 ἔτη
1539 450 1574 477 τὰ
1587 451 1675 478 πάντα
1689 451 1831 486 κρατήσας

1049 490 1217 524 εὑρίσκεται.
1234 493 1393 528 Διέρχονται
1409 494 1438 521 δὲ
1454 494 1554 529 ὁμοίως
1571 496 1618 522 καὶ
1635 496 1668 523 τὰ
1684 495 1733 531 τῆς
1750 495 1830 530 βασι-

1048 535 1122 567 λείας
1137 537 1218 564 Γαῖου
1233 538 1279 572 ἐτη
1294 538 1327 571 δ’,
1341 540 1388 566 καὶ
1402 540 1538 568 Κλαυδίου
1552 541 1580 567 δὲ
1593 541 1693 575 ὁμοίως
1707 541 1814 577 διέρχον
1824 556 1831 561 -

1047 592 1093 610 ται
1107 584 1154 618 ἐτη
1168 585 1234 612 ὡσεὶ
1250 585 1291 614 ιδ’.
1306 586 1407 613 Τοῦτον
1418 587 1432 614 ὁ
1446 587 1540 622 Νέρων
1555 587 1715 622 διαδέχεται,
1730 589 1777 614 καὶ
1793 588 1832 622 τῷ

1048 632 1082 662 ιγ¹
1094 629 1148 655 ἔτει
1164 630 1214 664 τῆς
1231 631 1313 657 αὑτοῦ
1333 631 1471 666 βασιλείας
1481 632 1587 667 ἀναιρεῖ
1601 633 1646 659 τδν
1656 632 1829 659 ’Δπόστολον.

1047 674 1201 708 Τριάκοντα
1219 676 1311 703 λοιπὸν
1332 677 1379 704 καὶ
1397 677 1478 704 πέντε
1498 677 1669 712 εὑρίσκονται
1687 679 1721 705 τὰ
1738 678 1784 712 ἐτη
1803 678 1833 704 ἐν

1046 717 1087 751 οἷς
1109 721 1122 746 ὁ
1145 720 1251 753 Παῦλος
1274 722 1403 757 ἐκήρυξε.
1423 722 1556 750 Τοσοῦτον
1573 723 1601 749 δὲ
1621 723 1655 749 τὰ
1676 723 1725 757 τῆς
1747 723 1832 750 αὑτοῦ

1048 764 1251 800 μετεχειρίζετο
1268 766 1405 797 διακονίας
1416 787 1423 799 ,
1438 766 1476 798 ὥς
1493 767 1541 794 καὶ
1558 767 1626 802 πρὸς
1644 767 1771 794 Ἰάκωϐον
1787 767 1832 794 τὸν

1046 810 1207 845 ἀδελφόθεον
1227 811 1357 838 είσελθεῖν
1377 812 1424 839 καὶ
1446 812 1600 848 συμϐουλὴν
1617 813 1647 846 ἐξ
1667 812 1771 839 ἐκείνου
1791 813 1834 839 δέ·

1048 857 1144 890 ξασθαι
1173 857 1324 892 ξυρηθῆναι
1353 858 1399 884 καὶ
1427 857 1588 893 άγνισθῆναι
1616 858 1671 885 τῶν
1697 857 1833 886 Ἰουδαίων

1046 903 1149 930 ἕνεκεν.

1082 1033 1165 1067 Οὗτος
1179 1037 1193 1063 ὁ
1210 1036 1338 1067 Ἰάκωεος
1354 1036 1499 1072 ἀρχιερεὺς
1514 1035 1708 1071 Ἰεροσολύμων
1721 1036 1832 1072 πρῶτος·

1045 1081 1214 1118 ιχρημάτισε
1228 1091 1235 1097 ·
1251 1081 1410 1117 προείλοντο
1425 1082 1479 1117 γὰρ
1492 1082 1573 1109 αὐτὸν
1588 1081 1657 1109 ὥστε
1674 1082 1711 1117 μὴ
1727 1083 1830 1117 Πέτρον

1046 1129 1094 1155 καὶ
1111 1128 1241 1162 Ἰωάννην
1257 1128 1305 1155 καὶ
1323 1127 1450 1155 Ἰάκωϐον
1468 1127 1546 1164 δόξης
1563 1128 1655 1154 ἕνεκεν
1673 1127 1830 1160 ἐπιδικάζε-

1048 1174 1121 1206 oﬂat,
1140 1173 1212 1200 καθὰ
1230 1173 1347 1208 Κλήμης
1369 1174 1383 1199 ὸ
1396 1173 1577 1208 Στρωματεὺς
1597 1173 1708 1207 ἱστορεῖ.
1727 1173 1830 1199 Τοῦτον

1048 1218 1139 1251 μέντοι
1154 1217 1200 1244 τὶν
1215 1217 1343 1244 Ἰάκωϐον
1355 1217 1402 1243 καὶ
1415 1217 1520 1244 δῖκαιον
1535 1217 1648 1244 ἐκάλουν
1662 1217 1704 1244 διὰ
1718 1217 1767 1252 τὴν
1781 1217 1830 1244 αὖ-

1046 1262 1093 1289 τοῦ
1107 1262 1217 1297 ἀρετήν.
1233 1258 1317 1292 οὗτός
1334 1261 1408 1288 ἔστιν
1423 1262 1436 1288 ὀ
1451 1262 1521 1288 κατὰ
1536 1261 1582 1288 τοῦ
1598 1260 1747 1295 πτερυγίου
1762 1260 1828 1295 βλη-

1046 1307 1104 1338 θεὶς
1117 1307 1163 1334 καὶ
1176 1307 1251 1341 παρὰ
1260 1307 1306 1333 τοῦ
1319 1307 1442 1341 κναφέως
1453 1306 1524 1341 ξύλῳ
1536 1307 1649 1341 πληγεὶς
1661 1307 1731 1333 κατὰ
1742 1315 1829 1341 κεφα-

1046 1352 1095 1384 λῆς
1109 1352 1149 1383 είς
1165 1351 1289 1379 θάνατον.
1309 1351 1432 1378 Ἰουδαῖοι
1447 1351 1500 1387 γὰρ
1513 1352 1561 1379 τοῦ
1577 1352 1683 1379 Παύλου
1700 1352 1830 1387 Καίσαρα.

1046 1398 1259 1433 ἐπικαλουμένου
1275 1398 1321 1425 καὶ
1336 1398 1388 1425 ὑπὸ
1401 1399 1507 1434 Φήστου
1522 1408 1555 1426 πε
1560 1399 1705 1434 μφθέντος,
1719 1399 1768 1434 τῆς
1782 1399 1828 1425 ἐλ-

1046 1444 1120 1476 πίδος
1139 1443 1200 1470 καθ’
1213 1444 1246 1479 ἢν
1267 1443 1396 1479 ἐξήρτυον
1416 1444 1490 1480 αὐτῷ
1507 1445 1557 1480 τὴν
1579 1445 1724 1479 ὲπιὸουλὴν
1744 1445 1830 1472 ἐκπε-

1046 1489 1137 1521 σόντες
1146 1510 1153 1523 ,
1169 1489 1213 1516 ἔπ’
1225 1489 1304 1517 αὐτὸν
1318 1490 1473 1523 τρέπονται,
1488 1491 1534 1517 καὶ
1547 1490 1668 1524 λέγουσιν
1681 1500 1691 1516 ι
1703 1490 1828 1526 Ἐπίσχες

1046 1537 1091 1563 τον
1113 1536 1188 1568 λαὸν,
1213 1535 1276 1565 ἐπεὶ
1298 1535 1437 1571 ἐπλανήθη
1461 1537 1502 1567 είς
1524 1536 1645 1571 Ἰησοῦν·
1670 1537 1751 1571 ἡμεῖς
1774 1538 1829 1572 γὰρ

1048 1581 1240 1616 μαρτυροῦμέν
1256 1590 1297 1607 σοι
1307 1602 1315 1614 ,
1330 1582 1377 1608 καὶ
1393 1582 1448 1613 πᾶς
1463 1583 1477 1608 ὁ
1490 1582 1551 1613 λαὸς
1561 1603 1570 1615 ,
1585 1582 1625 1608 ὅτι
1640 1581 1744 1614 δίκαιος
1759 1579 1795 1610 εἴ.
1815 1592 1825 1608 ι

1045 1626 1099 1654 Ἦν
1114 1627 1142 1654 δὲ
1160 1627 1266 1663 Πάσχα.
1284 1628 1339 1654 Καὶ
1357 1628 1504 1663 στήσαντες
1522 1628 1602 1655 αὐτὸν
1620 1627 1666 1654 ἐπὶ
1682 1628 1712 1654 τὸ
1728 1629 1830 1664 πτερὺ-

1043 1684 1103 1712 γιον
1117 1671 1203 1705 εἷπον.
1223 1675 1343 1708 ιΔίκαιε,
1359 1675 1402 1702 σοὶ
1415 1674 1515 1706 πάντες
1531 1668 1692 1710 πειθόμεθα·
1711 1675 1785 1702 Ἐπεὶ
1798 1675 1828 1702 δὲ

1045 1726 1059 1752 δ
1081 1724 1144 1755 λαδς
1167 1723 1300 1751 πλανᾶται
1323 1723 1412 1748 ὀπίσω
1430 1721 1518 1756 Ἰησοῦ
1541 1721 1588 1747 τοῦ
1613 1721 1826 1756 σταυρωθέντος,

1045 1770 1212 1804 ἀπάγγειλον
1225 1770 1291 1804 ἡμῖν
1303 1769 1345 1799 τίς
1360 1769 1377 1803 ἡ
1392 1768 1462 1802 Θύρα
1475 1767 1523 1795 τοῦ
1537 1767 1616 1796 Θεοῦ.
1636 1777 1645 1794 ι
1664 1768 1785 1796 Ἐκείνου
1798 1768 1827 1794 δὲ

1045 1815 1239 1850 ἀποκριθέντος
1256 1814 1296 1841 ὅτι
1315 1814 1417 1849 Ἰησοῦς
1436 1813 1552 1849 κάθηται
1571 1814 1598 1840 ἐν
1616 1814 1654 1848 τῷ
1672 1813 1778 1849 οὖρανῷ
1796 1814 1828 1840 ὲκ

1045 1861 1139 1894 δεξιῶν
1151 1861 1201 1896 τῆς
1218 1860 1338 1895 μεγάλης
1355 1860 1514 1894 δυνάμεως,
1531 1861 1577 1886 καὶ
1594 1860 1685 1894 μέλλει
1699 1860 1828 1895 ἔρχεσθαι

1045 1909 1089 1934 ἐπὶ
1102 1907 1155 1933 τῶν
1170 1907 1288 1940 νεφελῶν
1302 1905 1349 1933 τοῦ
1365 1906 1489 1940 οὐρανοῦ,
1504 1905 1632 1938 ἐκραξανμ
1646 1907 1693 1933 ιὬ
1705 1906 1737 1938 ὣ,
1752 1907 1800 1933 καὶ
1813 1908 1828 1934 ὁ

1044 1954 1146 1985 δίκαιος
1162 1952 1314 1988 ἐπλανήθη.
1335 1961 1344 1978 ι
1363 1951 1536 1979 Κατέὸαλλον
1552 1949 1597 1978 οὖν
1613 1952 1693 1978 αὐτὸν
1707 1951 1828 1978 ἀναϐάν-

1044 2007 1102 2030 τες,
1123 1998 1170 2024 καὶ
1193 1997 1304 2032 ἔβαλλον
1324 1996 1419 2028 λίθοις.
1441 1997 1497 2023 Καὶ
1518 1997 1600 2028 εὐθὺς
1623 1996 1828 2028 Οὐεσπασιανὸς

1044 2044 1183 2079 πολιορκεῖ
1201 2043 1309 2074 αὐτούς.
1330 2042 1464 2068 Τοσοῦτον
1482 2041 1510 2068 δὲ
1531 2039 1565 2077 ἦν
1584 2042 1687 2073 δίκαιος
1708 2042 1746 2073 ὡς
1764 2042 1829 2073 τοὺς

1044 2090 1182 2124 ἔμφρονας
1193 2087 1247 2114 τῶν
1262 2087 1395 2114 Ἰουδαίων
1408 2086 1528 2121 νομίζειν
1541 2086 1574 2113 δι’
1587 2087 1668 2113 αὐτὸν
1681 2086 1766 2113 ταῦτα
1781 2095 1828 2120 ys.

1044 2135 1146 2164 νέσθαι.
1165 2133 1268 2166 Γράφει
1287 2132 1315 2159 δὲ
1333 2132 1379 2159 καὶ
1397 2131 1536 2166 Ἰώσηποςο
1556 2131 1663 2158 (Ταῦτα
1680 2131 1707 2157 δὲ
1726 2131 1830 2166 συμϐέο

1045 2182 1129 2217 6ηκεν
1140 2179 1277 2211 Ἰουδαίοις
1291 2178 1350 2205 κατ’
1360 2178 1499 2213 ἐκδίκησιν
1511 2177 1638 2204 Ἰακώϐου
1651 2177 1697 2204 τοῦ
1709 2178 1828 2209 δικαίου,

1043 2225 1072 2256 ὃς
1088 2223 1122 2260 ἦν
1137 2223 1249 2258 ἀδελφὸς
1267 2222 1357 2257 Ἰησοῦ
1370 2222 1417 2249 τοῦ
1433 2222 1581 2257 λεγομένου
1598 2222 1718 2256 Χριστοῦ
1737 2231 1758 2248 ι.
1775 2223 1829 2248 Τὸν

1043 2270 1093 2306 μὲν
1107 2269 1153 2296 οὖν
1166 2268 1267 2304 τρόπον
1290 2269 1340 2303 τῆς
1354 2267 1486 2300 τελευτῆς
1499 2267 1593 2299 αὑτοῦ,
1614 2268 1698 2302 ἧγουν
1716 2268 1746 2294 τὺ
1761 2276 1831 2302 κρη-

1043 2315 1189 2350 μνισοῆναι
1205 2316 1252 2342 καὶ
1266 2313 1428 2347 λιθασθῆναι
1437 2314 1483 2340 καὶ
1493 2313 1674 2348 γονυπετῆσαι
1689 2314 1735 2341 καὶ
1748 2313 1829 2345 εὔξα-

1043 2361 1104 2388 σθαι
1119 2360 1189 2395 ὑπὲρ
1204 2359 1293 2387 αὐτῶν
1307 2359 1353 2385 καὶ
1367 2358 1438 2393 ξύλῳ
1453 2359 1591 2393 πληγέντα
1603 2359 1796 2393 τελειωθῆναι,
1814 2361 1829 2386 ὀ

1042 2408 1159 2442 Κλήμης
1175 2407 1318 2442 ῑστόρησεν
1328 2425 1336 2438 ,
1350 2407 1364 2433 ὁ
1377 2407 1405 2432 δὲ
1415 2405 1547 2440 Ἰώσηπος
1562 2405 1648 2432 ταῦτα
1660 2414 1666 2420 ·
1686 2403 1765 2432 Οἶνον
1780 2406 1830 2432 καὶ

1047 2453 1143 2486 σίκερα
1161 2452 1211 2478 οὐκ
1230 2452 1320 2483 ἔπιεν,
1340 2451 1459 2486 ἔμψυχον
1476 2451 1526 2477 οὐχ
1545 2450 1662 2483 ἔφαγεν,
1684 2450 1763 2486 ξυρὸν
1781 2451 1830 2477 ἐπὶ

1045 2498 1094 2533 τὴν
1109 2497 1229 2532 κεφαλὴν
1244 2497 1326 2524 αὐτοῦ
1340 2498 1389 2523 οὐκ
1403 2496 1497 2530 ὰιιέὸη,
1515 2496 1604 2522 ἔλαιον
1618 2496 1669 2522 οὐκ
1684 2495 1827 2530 ἠλείψατοέ

1046 2545 1092 2570 καὶ
1107 2543 1239 2578 βαλανείῳ
1251 2543 1302 2570 οὐκ
1316 2544 1457 2578 ἐχρήσατο.
1471 2542 1565 2576 Τούτῳ
1580 2541 1652 2578 μόνῳ
1667 2541 1729 2578 ἐξῆν
1741 2543 1781 2574 είς
1794 2542 1830 2570 τὰ

1044 2589 1109 2623 ἅγια
1125 2590 1238 2616 εἰσιέναι
1254 2589 1302 2616 καὶ
1317 2589 1425 2615 δέεσθαι
1440 2589 1511 2621 ὑπὲρ
1523 2588 1570 2614 τοῦ
1585 2587 1649 2615 λαοῦ
1660 2608 1667 2620 ,
1681 2588 1718 2620 ὡς
1734 2588 1830 2616 ὲντεῦ-

1045 2635 1090 2661 θεν
1105 2634 1307 2670 ἀπεσκληκέναι
1323 2636 1356 2660 τὰ.
1372 2634 1475 2668 γόνατα
1491 2634 1572 2660 αὑτοῦ
1588 2634 1668 2669 δίκην
1683 2635 1808 2669 καμήλου
1819 2655 1828 2668 ,

1044 2681 1256 2715 γονυπετοῠντος
1275 2680 1322 2706 καὶ
1341 2680 1468 2715 δεομένου
1489 2679 1586 2714 ἄφεσιν
1604 2680 1643 2715 τῷ
1661 2679 1729 2715 λαῷ.
1748 2680 1829 2707 ’Λπέ-

1043 2735 1153 2753 κτειναν
1167 2727 1196 2753 δὲ
1211 2727 1291 2753 αὐτον
1307 2727 1332 2752 οἱ
1349 2726 1472 2753 Ἰουδαῖοι
1489 2726 1559 2760 μετὰ
1571 2725 1619 2761 τὴν
1633 2725 1760 2761 τελευτὴν
1774 2726 1829 2760 Φή-

1045 2781 1107 2799 στου
1122 2771 1253 2807 ἀναρχίαν
1266 2771 1402 2807 εὑρόντες.

211 2825 279 2854 nihil
297 2826 474 2859 comedebat;
492 2826 653 2853 novaculam
671 2823 698 2851 in
721 2827 803 2858 caput
824 2823 926 2850 trullam
962 2821 1127 2854 admiserat;
1160 2821 1221 2848 oleo
1252 2828 1281 2848 se
1319 2828 1373 2848 non
1410 2820 1596 2855 peruugcbat;
1628 2821 1725 2849 balneo
1750 2819 1827 2847 nullo

170 2887 173 2891 -
212 2871 350 2903 utebatur.
368 2872 400 2900 Et
411 2872 522 2907 quidem
539 2872 563 2899 ci
577 2872 628 2899 soli
651 2871 691 2899 fas
723 2875 781 2898 crat
818 2869 845 2897 iu
882 2869 961 2902 adyta
979 2868 1068 2902 templi
1089 2872 1116 2896 ct
1147 2866 1294 2901 penetralia
1321 2867 1444 2901 ingredi,
1478 2872 1507 2894 ut
1534 2876 1629 2900 preces
1649 2876 1697 2899 pro
1722 2867 1825 2900 prquulu
