1966 3075
209 176 261 207 435

855 173 881 202 Μ
890 172 1025 203 [CIIAEL
1031 170 1067 200 BS
1087 169 1218 200 GLYCE

1783 165 1833 196 ιιι

210 233 236 258 in
258 231 352 258 umbra
366 230 494 262 vixerint,
518 229 632 256 omnino
650 233 714 255 sunt
731 228 764 254 iis
781 227 926 254 inferiores
948 227 992 260 qui

1050 233 1134 260 ρητος
1150 222 1317 258 σφάλλεσθαι
1330 222 1404 256 λέγει
1419 222 1483 254 τοὺς
1497 221 1568 249 οὕτω
1585 221 1650 256 περὶ
1662 221 1716 248 τῶν
1730 230 1828 256 προπα-

210 279 236 304 in
252 279 310 312 ipso
323 277 415 311 vigore
426 275 550 303 veritatis
563 275 737 302 exstiterunt.
753 273 815 300 llaec
828 273 993 307 Chrysosto-

210 332 278 350 Inus.
298 322 488 350 Thcodoretns
506 326 596 348 autem
622 329 716 347 errare
732 320 797 347 dicit
816 327 864 347 eos
879 320 925 354 qui
943 320 995 346 hoc

209 370 289 397 modo
310 368 343 396 de
363 369 460 404 priscis
477 369 529 395 illis
554 367 679 402 patribus
698 371 726 393 et.
752 367 872 393 sentiant
897 370 925 393 et
951 366 994 393 lo-

208 421 336 450 quantur.
354 414 515 447 Quanquam
537 413 609 439 enim
625 412 664 438 illi
692 411 836 438 Dominum
857 410 994 437 sensiliter

205 469 261 488 non
291 460 421 491 viderint,
446 458 546 485 mentis
565 462 653 484 tamen
673 456 852 491 intelligentia
879 464 994 490 conspe-

207 510 281 533 ctum
300 505 333 532 ab
347 505 380 532 iis
393 512 462 531 esse.
478 504 512 530 Et
528 503 574 537 qui
600 503 661 530 aliis
680 502 793 529 inferior
808 506 889 536 atque
903 502 993 529 minor

207 552 242 577 sit
258 552 281 578 is
293 551 339 585 qui
355 550 415 577 sinu
438 557 488 576 suo
507 553 616 576 sanctos
630 549 753 583 excipit?
770 548 820 581 Qui
834 548 932 579 Moses,
947 549 993 583 qui

209 597 400 623 transformata
423 595 539 622 Dmnino
564 599 592 621 et
618 595 676 629 ipse
696 593 906 621 transformatus
931 597 992 626 est,

208 640 265 667 Elia
282 647 388 674 quoque
404 639 548 674 praesente,
565 643 638 666 tanta
654 646 715 665 cum
731 638 871 673 majestate
889 646 921 665 ac
933 639 992 673 glo-

209 685 259 718 ria,
279 690 309 712 ut
325 686 405 712 etiam
433 693 496 712 cum
516 685 574 720 ipso
590 690 643 713 tam
661 687 695 713 de
710 693 792 713 cruce
809 693 890 720 quam
905 691 992 713 morte

207 735 333 758 secutura
349 731 595 766 colloquerentur?
610 732 672 759 [hee
689 731 856 759 Theodoreti
872 736 914 758 est
930 738 993 758 sen-

209 777 304 803 tentia.
323 776 363 803 Tu
377 784 453 809 vero,
475 778 574 804 dilecte
595 777 644 809 iiIi,
673 777 766 812 potius
784 777 900 804 oratoris
920 777 992 804 illius

207 821 284 848 aurei
305 821 396 849 verbis
411 822 544 850 accedito.
566 823 600 850 Et
614 830 732 857 quanam
748 822 781 850 de
797 823 901 853 causa?
917 822 992 854 Quo-

208 868 278 894 niam
296 874 327 894 ca
345 875 405 895 cum
422 867 529 895 Domini
546 868 636 895 verbis
648 869 834 900 consentiunt,
848 868 895 902 qui
908 867 990 894 etiam

209 913 235 939 in
265 913 413 948 Evangelio
439 923 489 949 per
514 914 614 942 Lucam
641 914 739 943 litteris
767 914 926 950 consignato
954 914 994 941 sic

207 959 343 993 apostolos
361 959 526 994 alloquitur:
558 970 566 987 ι
587 960 691 988 Felices
717 960 790 988 oculi
805 980 813 993 ,
842 960 944 995 quibus
962 967 994 988 ea

207 1005 301 1032 datum
315 1009 358 1033 est
374 1006 473 1033 intueri
486 1014 544 1042 quae
559 1014 607 1034 vos
621 1007 745 1034 cernitis.
762 1007 819 1035 Hoc
833 1009 906 1034 enim
917 1007 997 1035 vobis

207 1053 350 1085 conﬁrmo,
368 1052 524 1086 complures
543 1056 619 1080 vates
636 1057 717 1087 atque
735 1060 811 1087 reges
833 1052 928 1080 videre
945 1059 995 1079 cu-

207 1095 307 1129 pivisse
320 1104 380 1131 quae
394 1105 444 1124 vos
460 1097 570 1129 videtis,
589 1105 640 1125 nec
656 1102 745 1125 tamen
764 1097 880 1130 vidisse;
900 1105 931 1124 ac
947 1105 996 1124 au-

208 1139 267 1168 nlire
284 1142 421 1177 cupivissc
447 1151 508 1178 quae
529 1150 577 1170 vos
599 1143 712 1174 auditis.
743 1151 793 1170 nec
811 1147 901 1170 tamen
918 1141 996 1169 audi-

1046 270 1135 304 τύρων
1151 268 1200 296 καὶ
1220 268 1388 303 φρονοῦντας
1403 269 1449 295 καὶ
1464 268 1604 302 λέγοντας.
1619 268 1649 294 Et
1664 267 1716 303 γὰρ
1729 269 1776 294 καὶ
1795 269 1832 304 μὴ

1045 316 1181 350 αἰσθητῶς
1199 316 1298 342 ἐκεῖνοι
1312 315 1358 342 τὸν
1372 315 1475 350 Κύριον
1494 313 1577 347 εἶδον,
1594 314 1660 341 ἀλλὰ
1677 314 1781 349 νοητῶς
1796 313 1834 341 εἷς

1044 362 1088 388 δον
1101 361 1195 389 αὐτόν.
1210 362 1272 393 Πῶς
1285 361 1312 387 δὲ
1330 361 1378 387 καὶ
1391 361 1512 387 ἐλάσσων
1525 361 1539 386 ὸ
1553 361 1613 391 τοὺς
1627 361 1724 394 ἁγίους
1737 361 1776 392 είς
1788 361 1834 386 τὸν

1045 407 1144 434 κόλπον
1161 406 1244 433 αὑτοῦ
1257 407 1413 442 δεχόμενος,
1429 406 1477 432 καὶ
1491 406 1505 432 ὁ
1521 407 1553 441 τῇ
1565 405 1612 432 τοῦ
1628 405 1732 441 Κυρίου
1750 415 1834 440 μετα-

1046 453 1189 488 μορφώσει
1207 452 1496 487 συμμεταμορφωθεὶς
1508 452 1626 487 Μωῦσῆς
1645 452 1704 486 ἅμα
1726 452 1766 487 τῷ
1787 452 1834 478 Ἦ-

1044 498 1089 533 λία
1106 499 1175 533 μετὰ
1189 498 1323 533 τοσαύτης
1337 498 1417 532 δόξης
1435 497 1506 524 ὥστε
1525 498 1667 524 συλλαϐεῖν
1682 498 1758 533 αὐτῷ
1769 499 1833 534 περί

1043 553 1073 571 τε
1103 544 1222 580 σταυροῦ
1252 545 1299 571 καὶ
1324 544 1461 576 θανάτου;
1483 543 1538 570 Καὶ
1555 545 1568 570 ὀ
1597 545 1645 578 μὲν
1661 544 1833 580 Θεοδώρητος

1043 589 1115 616 οὕτω
1128 598 1135 605 '
1152 590 1183 616 σὺ
1204 590 1243 621 δὲ,
1260 589 1398 625 ἁγαπητὲ,
1410 591 1529 621 τοῖς¹τοῦ
1542 591 1774 626 Χρυσορρἠμονος
1786 591 1833 617 ἐπὶ

1045 637 1127 663 πλέον
1141 637 1299 671 πρόσκεισο.
1320 636 1400 667 Τίνος
1415 636 1527 669 ἕνεκεν;
1541 636 1582 663 ὅτι
1595 638 1652 668 τοῖς
1663 636 1710 662 τοῦ
1727 637 1832 671 Κυρίου

1045 683 1135 716 λόγοις
1158 681 1191 708 τὰ
1217 682 1332 709 τοιαῦτα
1350 682 1520 718 συνᾴδουσιν.
1542 682 1604 709 Ἐπὶ
1625 683 1679 718 γὰρ
1705 683 1744 718 τῷ
1762 684 1834 710 κατὰ

1042 726 1151 753 Λουκᾶν
1170 726 1333 762 Εὐαγγελίῳ
1349 727 1397 753 καὶ
1407 727 1470 754 τάδε
1487 728 1542 758 τοῖς
1557 727 1719 759 ἀποστόλοις
1735 727 1813 761 ἔλεγε
1823 736 1831 744 ο

1046 772 1197 806 «Μακάριοι
1207 773 1231 799 οι
1245 772 1380 806 ὀφθαλμοὶ
1390 773 1414 799 οἱ
1429 773 1572 808 βλέποντες
1582 772 1599 800 ἃ
1613 773 1737 807 βλέπετε.
1752 773 1832 807 Λέγω

1043 819 1096 854 γὰρ
1108 818 1173 853 ὑμῖν
1188 818 1329 845 ὄτιπολλοὶ
1343 819 1482 854 προφῆται
1499 819 1547 846 καὶ
1562 818 1682 854 βασιλεῖς
1696 819 1832 854 ἠθέλησαν

1046 865 1143 893 ιδείνιᾱ
1159 865 1238 900 ὑμεῖς
1256 865 1381 900 βλέπετε,
1395 865 1504 900 καὶξοῦκ
1518 864 1599 898 εἶδον,
1621 866 1668 892 καὶ
1682 865 1798 892 ἀκοῦσαι
1815 865 1834 892 ἃ

1048 911 1174 945 ἀκούετε,
1189 910 1238 937 καὶ
1249 911 1298 937 οὐκ
1314 911 1461 946 ἥκουσαν.»
1479 910 1543 938 Τίνα
1556 911 1584 938 δὲ
1597 910 1701 944 rubra;
1716 913 1749 938 τὰ
1763 913 1834 939 κατὰ

1048 959 1097 993 τὴν
1114 958 1247 992 Ενσαρκον
1268 957 1379 989 πάντως
1393 957 1562 992 οἰκονομίαν,
1577 954 1616 984 ὧν
1640 959 1663 985 οι
1688 958 1833 985 ἀπόστολοι

1049 1004 1126 1039 μόνοι
1147 1003 1370 1039 κατηξιώθησαν.
1395 1004 1473 1031 Κατὰ
1489 1004 1535 1031 δύο
1557 1004 1649 1031 λοιπὸν
1665 1005 1834 1040 ὑπερέχουσι

1046 1049 1102 1075 τῶν
1119 1049 1267 1084 προφητῶν
1291 1048 1316 1075 oi.
1338 1049 1495 1082 ἀπόστολοι,
1521 1051 1568 1076 καὶ
1591 1051 1662 1077 κατὰ
1686 1051 1716 1076 ττδ
1740 1059 1835 1085 σωμα-

1047 1095 1132 1126 τικῶς
1145 1095 1211 1122 ἰδεῖν
1224 1095 1271 1121 καὶ
1295 1095 1366 1122 κατὰ
1380 1095 1412 1122 τὸ
1436 1096 1630 1130 πνευματικῶς
1653 1095 1787 1132 μυηθῆναι
1802 1097 1835 1123 τὰ

1049 1141 1119 1169 θεῖα.

208 1187 278 1214 visse
292 1189 341 1213 ⁷³.)
360 1187 488 1221 Qumnam
505 1197 570 1216 vero
597 1189 641 1216 illa
666 1189 751 1216 sunt?
770 1188 889 1216 Omnino
914 1187 1020 1215 scilicet
1039 1195 1070 1214 ea
1087 1194 1148 1221 quae
1161 1193 1176 1213 a
1200 1186 1310 1214 Christo
1328 1185 1564 1214 administratione
1588 1187 1672 1222 ipsius
1707 1188 1733 1215 in
1750 1195 1833 1216 carne

207 1234 323 1261 durante
339 1240 412 1269 gesta
426 1239 500 1267 sunt,
518 1243 636 1269 quorum
666 1234 878 1269 spectandorum
914 1237 1035 1268 potestas
1055 1232 1121 1259 solis
1138 1232 1269 1266 apostolis
1286 1232 1410 1267 contigit.
1436 1233 1608 1268 Quapropter
1623 1235 1736 1268 apostoli
1765 1235 1834 1261 dua-

207 1282 260 1309 hus
275 1281 358 1309 rebus
390 1287 467 1309 vates
493 1286 633 1316 superant,
654 1287 712 1309 tum
732 1282 806 1317 quod
832 1282 1012 1316 corporaliter
1030 1280 1172 1308 Christum
1187 1281 1315 1314 viderint,
1341 1285 1400 1309 tum
1425 1282 1498 1317 quod
1534 1283 1714 1318 spiritualiter
1736 1283 1770 1311 ab
1786 1291 1834 1311 eo-

208 1327 269 1354 dem
289 1327 371 1353 rebus
387 1326 486 1354 divinis
503 1326 605 1354 fuerint
623 1327 736 1356 initiati.

243 1396 345 1429 Quodsi
370 1396 453 1424 etiam
471 1403 637 1431 cognoscere
654 1397 702 1424 tibi
726 1397 794 1424 libet
808 1404 890 1432 quam
917 1396 996 1424 multi

208 1449 242 1468 cr
259 1442 375 1469 mortuis
391 1442 447 1469 sint
465 1442 631 1474 resuscitati,
652 1447 680 1469 et
694 1444 805 1477 quinam
827 1443 864 1470 illi
881 1442 995 1474 fuerint,

210 1487 259 1514 has
276 1487 348 1522 ipsas
371 1487 551 1514 excitationes
574 1488 744 1514 recensendo
766 1487 995 1515 commemorabi-

209 1540 280 1560 mus.
297 1532 463 1560 Acciderunt
477 1533 562 1568 igitur
579 1533 606 1560 in
618 1534 776 1560 universum
794 1538 857 1562 oeto
879 1541 994 1561 numero

1087 1395 1170 1422 Ἀλλὰ
1187 1395 1235 1423 καὶ
1263 1396 1312 1427 τὰς
1329 1397 1361 1423 ἐκ
1387 1396 1492 1431 νεκρῶν
1513 1396 1638 1431 ἑγέρσεις
1660 1398 1717 1432 εἴγε
1735 1399 1833 1434 μαθεῖν

1045 1441 1196 1477 ἐπιζητεῖς,
1211 1441 1293 1468 πόσαι
1317 1442 1388 1468 είσὶν
1408 1439 1495 1469 αὗται
1512 1443 1558 1469 καὶ
1579 1443 1660 1470 τίνων
1678 1445 1757 1475 εἰσὶν,
1777 1446 1832 1472 ἰδού

1045 1496 1087 1513 σοι
1108 1487 1210 1519 ταύτας
1232 1487 1482 1522 ἁπαριθμήσασθαι
1501 1488 1552 1515 οὐκ
1570 1489 1722 1525 ὀκνήσομεν
1745 1491 1833 1518 Ὀκτὼ

1045 1531 1094 1566 μὲν
1111 1530 1157 1558 οὖν
1172 1532 1228 1558 εἰσι
1250 1532 1297 1558 τὸν
1314 1532 1441 1567 ἀριθμὸν.
1455 1533 1503 1559 τοῦ
1529 1533 1579 1567 τῆς
1596 1534 1754 1568 Σαραφθίας
1771 1536 1831 1562 υίοῦ

209 1583 382 1605 ntortuorum
407 1578 643 1606 resuscitationes.
663 1579 766 1611 Prima.
788 1579 885 1606 revixit
914 1579 992 1606 Sara-

1046 1578 1072 1604 ὗν
1085 1578 1099 1604 ὁ
1120 1577 1211 1610 Ἠλίας
1227 1578 1336 1614 ἧγειρε,
1353 1577 1400 1604 τοῦ
1415 1578 1465 1612 τῆς
1488 1579 1674 1614 Σωμανίτιδος
1695 1580 1753 1608 υίοῦ
1772 1581 1801 1608 ὃν
1818 1583 1832 1608 ὁ

209 1624 338 1659 phthante
357 1624 481 1651 mulieris
500 1624 581 1656 ﬁlius,
598 1631 678 1659 quem
693 1625 768 1652 Elias
787 1629 862 1653 vates
875 1625 938 1652 vitae
949 1633 992 1652 re-

208 1670 309 1697 stituit.
328 1669 428 1702 Altera,
457 1669 635 1697 Somanitidis
661 1670 733 1698 ﬁlius
747 1690 754 1703 ,
780 1679 861 1706 quem
878 1671 992 1699 Eliseeus

208 1716 348 1743 excitavit.
364 1717 467 1749 Tertia,
479 1716 558 1743 miles
573 1717 629 1749 ille,
645 1717 693 1751 qui
713 1724 775 1744 cum
793 1717 923 1752 reliquias
935 1717 992 1745 Eli—

208 1761 254 1788 szei
269 1761 439 1796 contigisset.
457 1765 584 1796 tanquam
603 1769 636 1789 ex
650 1761 711 1796 igne
730 1762 856 1796 prosiliit.
876 1755 989 1796 Quarta,

207 1807 312 1842 collegii
322 1807 452 1842 principis
461 1807 527 1834 lilia.
539 1807 653 1842 Quinta,
669 1808 757 1836 viduae
769 1808 892 1836 mulieris
908 1809 989 1837 illius.

208 1854 298 1885 Sexta,
315 1853 443 1881 Lazarus.
455 1854 588 1888 Septima,
602 1857 687 1881 multa
698 1859 855 1881 sanctorum
865 1862 990 1889 corpora.

207 1899 308 1928 Octava
319 1899 439 1935 denique
452 1900 646 1928 resuscitatum
662 1905 704 1928 est
712 1900 914 1928 sanctissimum
924 1901 992 1928 illud

206 1954 309 1981 corpus
331 1947 518 1980 dominicum;
545 1954 703 1982 quanquam
735 1947 856 1974 haeretici
881 1947 992 1980 quidam

207 1992 340 2027 Apelliaui
359 1992 455 2025 fuere,
484 1992 530 2028 qui
551 1993 654 2021 furiose
672 1993 782 2021 aiebant
794 1984 904 2020 bomini
928 2001 990 2021 cor.

207 2046 259 2072 pus
284 2038 311 2064 in
339 2038 466 2072 sepulcro
494 2038 648 2066 resolutum
675 2039 702 2066 in
720 2039 854 2066 elementa
874 2044 992 2074 quatuor

206 2089 277 2115 esse,
292 2081 326 2109 de
342 2083 443 2117 quibus
456 2086 485 2110 et
500 2083 680 2111 constitisset.
695 2082 829 2110 Caeterum
844 2083 929 2110 multa
946 2084 991 2111 illa

207 2131 388 2159 sanctorum,
414 2127 460 2162 qui
486 2127 722 2161 obdormiverant,
741 2136 856 2163 corpora
880 2129 991 2164 potissi-

207 2179 282 2198 mum
307 2171 412 2199 idcirco
437 2177 682 2205 ressurrexerunt,
708 2177 738 2200 ut
763 2181 811 2208 per
826 2174 877 2201 hoc
901 2174 991 2209 ipsum

207 2216 363 2252 prodigium
384 2217 493 2252 publice
520 2217 707 2246 declararetur
721 2219 806 2246 Deum
826 2219 903 2247 illum
929 2227 990 2248 esse

1054 1623 1204 1656 Ἐλισσαίος
1220 1624 1327 1659 ἤγειρε,
1344 1624 1392 1651 καὶ
1414 1624 1461 1650 τοῦ
1487 1626 1657 1659 στρατιώτου
1677 1627 1780 1654 ἐκείνου
1802 1628 1833 1658 ὃς

1046 1669 1158 1703 ἐγγίσας
1182 1670 1238 1701 τοῖς
1253 1669 1301 1696 τοῦ
1321 1669 1478 1696 Ἐλισσαίου
1494 1669 1631 1705 λειψάνοις
1649 1671 1686 1703 ὡς
1708 1673 1762 1699 ἀπὸ
1782 1682 1834 1700 πυ-

1047 1715 1093 1751 ρδς
1118 1715 1278 1751 ἐξεπήδησε,
1297 1716 1347 1750 τῆς
1374 1716 1422 1742 τοῦ
1437 1717 1662 1752 ἀρχισυναγώγου
1686 1719 1832 1754 θυγατρὸς,

1045 1761 1093 1787 τοῦ
1108 1762 1157 1796 τῆς
1171 1763 1257 1797 χήρας
1271 1761 1342 1795 υίοῦ,
1360 1762 1407 1788 τοῦ
1423 1762 1561 1797 Λαζάρου,
1580 1763 1635 1790 τῶν
1654 1765 1760 1791 πολλῶν
1778 1775 1832 1793 σω-

1047 1806 1151 1840 μάτων,
1167 1807 1214 1834 καὶ
1227 1807 1309 1834 αὐτοῦ
1325 1807 1371 1834 τοῦ
1382 1808 1516 1841 παναγίου
1531 1809 1578 1835 καὶ
1589 1810 1729 1845 Κυριακοῦ
1740 1811 1834 1847 σώμα-

1048 1859 1104 1884 τος,
1121 1852 1146 1878 ει
1159 1852 1205 1878 καὶ
1218 1853 1349 1886 μανέντες
1360 1853 1385 1879 oi
1399 1852 1567 1880 Ἀπελλιανοὶ
1577 1855 1668 1888 ἔλεγον
1676 1857 1703 1883 ἐν
1710 1857 1748 1892 τῷ
1755 1858 1834 1893 τάφῳ

1045 1895 1204 1931 διαλυθῆναι
1222 1897 1252 1924 τὸ
1268 1898 1349 1933 σῶμα
1366 1898 1413 1925 τοῦ
1436 1899 1539 1933 Κυρίου
1561 1901 1601 1933 είς
1621 1902 1744 1937 τέσσαρα
1759 1913 1834 1930 στοι-

1045 1942 1105 1976 χεῖα
1120 1942 1149 1974 ἐξ
1160 1938 1197 1970 ὧν
1209 1942 1256 1968 καὶ
1274 1944 1434 1978 συνέστηκε.
1454 1945 1494 1971 Τὰ
1506 1946 1598 1980 μέντοι
1614 1947 1701 1974 πολλὰ
1716 1948 1833 1982 σώματα

1045 1986 1101 2012 τῶν
1125 1988 1335 2023 κεκοιμημένων
1362 1989 1449 2023 ἁγίων
1473 1990 1626 2027 ἀνέστησαν
1644 1992 1681 2024 ὡς
1705 1993 1834 2021 ἐντεῦθεν

1044 2032 1109 2059 Θεὸν
1132 2033 1354 2068 ἀνακηρυχθῆναι
1376 2035 1423 2062 τὸν
1440 2036 1591 2072 πάσχοντα,
1613 2039 1783 2075 πιστωθῆναι
1800 2050 1832 2067 τε

1044 2078 1094 2113 τῆς
1105 2078 1265 2111 τελευταίας
1277 2081 1323 2107 καὶ
1338 2082 1432 2115 κοινῆς
1447 2083 1624 2116 ἀναστάσεως
1635 2085 1665 2111 τὸ
1678 2086 1833 2121 μυστήριον

1045 2125 1090 2152 καὶ
1103 2125 1156 2152 τῶν
1172 2127 1362 2161 κατεχομένων
1374 2128 1403 2155 ὲν
1416 2128 1479 2164 ᾇδου
1495 2129 1590 2165 ψυχῶν
1607 2131 1657 2166 τὴν
1672 2132 1833 2168 ἐλευθερίαν

1045 2170 1112 2204 ὁμοῦ
1132 2170 1179 2196 καὶ
1198 2170 1337 2198 ἐπάνοδον.
1355 2172 1409 2199 Καὶ
1423 2172 1479 2208 γὰρ
1493 2174 1520 2200 ai.
1542 2175 1728 2203 πιστεύσασαι
1746 2177 1835 2212 ψυχαὶ

1044 2215 1082 2250 τῷ
1096 2215 1207 2251 Χριστῷ
1223 2216 1372 2244 καταὸάντι
1387 2218 1453 2253 πρὸς
1467 2219 1532 2255 ᾅδην
1546 2221 1628 2252 εὐθὺς
1643 2222 1832 2258 ἀπελύθησαν.

206 2262 254 2296 qui
280 2266 336 2289 tum
352 2261 524 2296 patiebatur;
549 2269 581 2289 ac
598 2263 693 2290 eadem
707 2264 798 2297 fopera
815 2264 945 2299 mysterio
958 2264 992 2291 de

1046 2261 1100 2287 Καὶ
1114 2261 1177 2288 ἐπεὶ
1191 2261 1321 2289 ἀδύνατον
1335 2261 1369 2299 ἦν
1381 2264 1470 2299 ψυχὰς
1487 2265 1558 2292 οὕτω
1569 2268 1676 2302 γυμνὰς
1690 2269 1834 2303 αἰσθητοῖς

207 2313 342 2342 postrema
351 2313 378 2336 et
390 2308 528 2336 communi
537 2308 615 2344 23],
626 2310 828 2337 resurrectione
836 2310 992 2338 mortalium

208 2352 275 2380 ﬁdes
291 2353 497 2386 conciliaretur,
513 2358 543 2380 ut
559 2354 704 2382 manifesta
725 2354 844 2389 denique
859 2356 935 2383 ﬁeret
946 2363 992 2383 ea-

208 2406 269 2425 rum
289 2399 443 2426 animarum
458 2399 585 2426 liberutio
607 2399 689 2427 simul
705 2404 733 2427 ct
753 2400 868 2433 reditus,
886 2400 912 2426 in
926 2408 990 2428 orco

207 2443 326 2471 detenta:
343 2451 403 2478 qua
415 2444 534 2472 fuerant.
553 2444 662 2472 Etenim
677 2444 775 2472 anima:
791 2452 852 2479 qua:
865 2445 899 2472 ad
912 2444 991 2472 Chri-

1046 2307 1178 2342 ὁραθῆναι
1201 2307 1364 2343 ὀφθαλμοῖς,
1397 2310 1538 2347 οἰκονομίᾳ
1554 2312 1615 2348 θείᾳ
1641 2313 1710 2347 πρὸς
1740 2315 1834 2341 πίστιν

1047 2353 1116 2386 μετὰ
1128 2353 1261 2387 σωμάτων
1274 2355 1413 2388 ἐφάνησαν
1425 2357 1452 2382 αἱ
1461 2357 1516 2383 τῶν
1528 2360 1737 2393 κεκοιμημένων
1746 2361 1834 2394 ἁγίων

1043 2399 1138 2433 ψυχαὶ,
1154 2397 1302 2431 εἷθ”οὒτως
1316 2401 1357 2432 εις
1371 2401 1434 2433 τοὺς
1448 2403 1603 2437 ἀνήκοντας
1619 2405 1717 2435 αὐταῖς
1731 2405 1834 2438 τόπους

1043 2445 1217 2480 ἀπέπτησαν.

208 2494 280 2517 stum
306 2491 338 2518 ad
355 2498 451 2518 orcum
481 2491 693 2519 descendentem
716 2491 904 2523 crediderunt.
930 2498 992 2518 mox
1011 2490 1130 2518 dimissa:
1154 2492 1332 2527 liberamque
1357 2498 1432 2521 sunt.
1453 2493 1486 2521 Et
1513 2495 1644 2530 quoniam
1682 2497 1738 2524 ﬁeri
1775 2505 1832 2524 non

208 2542 316 2573 poterat
333 2542 364 2565 ut
379 2538 476 2566 anima:
504 2539 584 2566 nuda:
609 2539 755 2566 sensilibus
774 2539 862 2566 oculis
880 2538 1118 2573 conspicerentur.
1152 2539 1247 2567 divino
1285 2541 1401 2574 quodam
1437 2542 1554 2569 consilio
1583 2548 1739 2571 sanctorum
1769 2545 1834 2570 illo-

209 2593 269 2613 rum
285 2585 438 2616 homiuum.
452 2585 499 2620 qui
529 2585 747 2617 obdormierant,
760 2587 856 2612 anima:
870 2593 932 2612 cum
965 2585 1030 2620 ipsis
1047 2585 1211 2621 corporibus
1235 2592 1433 2622 apparuerunt,
1454 2592 1482 2615 nt
1507 2589 1575 2617 ﬁdes
1604 2590 1720 2625 amplior
1741 2596 1832 2623 esset;

208 2633 363 2669 deindeque
388 2640 485 2661 rursus
515 2633 549 2660 ad
567 2634 627 2661 loca
649 2633 701 2661 sibi
727 2633 863 2660 destinata
887 2634 1076 2661 convolarunt.

245 2699 316 2726 Cave
341 2705 454 2731 autem,
480 2699 581 2726 dilecte
602 2697 651 2732 illi,
679 2706 713 2726 nc
738 2697 808 2726 forte
832 2706 879 2733 per
892 2706 922 2726 ea
938 2706 992 2734 qua

1082 2699 1154 2734 Ὅρα
1171 2699 1208 2732 δὲ,
1228 2700 1365 2736 ἀγαπητὲ,
1386 2702 1455 2736 μήτε
1470 2702 1526 2732 τοῖς
1544 2696 1594 2727 ὧδε
1619 2702 1729 2728 κάκεῖσε
1748 2701 1831 2736 μυθο-

211 2745 275 2773 hinc
297 2745 361 2773 itide
385 2744 509 2773 fabulosa
527 2750 706 2780 sparguntur,
732 2750 776 2772 tua
794 2753 903 2780 quoque
922 2753 992 2773 ment

1046 2744 1218 2778 λογουμένοις
1234 2746 1282 2771 καὶ
1299 2746 1311 2779 ἡ
1331 2747 1363 2780 σὴ
1383 2746 1487 2772 διάνοια
1505 2747 1752 2781 περιτραπήπετιι.
1769 2747 1833 2772 Ὂτι

211 2796 393 2826 pervcrtatur.
411 2791 521 2819 Famam
534 2792 606 2820 enim
627 2792 698 2827 apud
719 2791 818 2820 multos
833 2791 992 2825 obtinuisse

1049 2792 1098 2826 μὲν
1115 2791 1169 2826 γὰρ
1194 2791 1345 2826 φημίζεται
1362 2792 1436 2827 παρὰ
1463 2793 1518 2824 τοῖς
1539 2792 1644 2823 πολλοῖς
1666 2795 1698 2828 τῇ
1719 2791 1833 2826 Μαγδα-

241 2881 263 2896 ⁷³
283 2872 352 2908 Luc:
372 2890 398 2913 Χ,
416 2883 461 2910 ‘23.
