1966 3075
164 185 218 217 43]
795 173 967 206 MlCllAEL

1027 170 1160 202 GLYC/E
1740 164 1791 195 4Ἇο

166 242 261 279 hymni
273 242 479 270 commemorat,
491 236 538 272 qui
549 235 642 264 divino
656 233 773 270 quodam
787 237 862 259 motu
873 235 950 258 extra
965 254 968 260 λ

1018 238 1040 261 ›ς
1057 228 1130 258 ἅπας
1148 225 1242 261 σχεδὸν
1254 224 1309 252 τῶν
1321 223 1478 251 ἀποστόλων
1503 223 1517 249 ὁ
1535 222 1627 253 θίασος
1642 221 1689 247 καὶ
1703 221 1792 248 αὐτῶν

1022 275 1027 279 ι
1072 274 1085 279 -
1123 272 1167 279 an-
1211 273 1218 279 ι
1379 270 1387 279 \
1421 270 1429 279 \
1457 269 1549 279 κκκμὶν.
1566 269 1650 279 l_.A!,._
1667 268 1777 279 _=.ﬂ-_

166 268 288 323 seipsum
305 290 398 321 raptus
410 289 437 311 et
449 283 524 318 quasi
538 281 680 309 traductus
691 279 743 306 alio
753 285 861 306 sacrutn
877 276 954 303 illum

1019 275 1035 309 ὴ
1053 274 1106 302 τῶν
1121 272 1307 307 ἑϐδομήκοντα
1326 270 1392 305 περὶ
1406 270 1434 296 τὺ
1452 269 1550 296 σεπτὸν
1564 269 1653 295 ὲκεῐνο
1666 268 1716 302 τῆς
1728 268 1792 294 Θεο-

166 313 276 360 canrtum
287 313 436 365 occeperit.
452 313 521 361 Quid
540 327 624 354 multa
637 325 754 361 proferri
768 329 877 351 necesse
893 320 955 348 est?

1018 321 1124 355 ιήτορος
1142 319 1322 352 συνήθροιστο
1340 317 1465 352 θέατρον,
1486 316 1534 342 καὶ
1558 316 1600 341 ὅτι
1630 313 1690 340 κατ’
1714 314 1794 340 aut?”

166 378 290 406 Ostendit
308 377 334 403 in
348 376 398 403 hac
411 374 568 402 narratione
583 379 660 400 sacer
673 371 719 398 ille
735 368 880 404 Dionysius
892 365 952 393 uni-

1018 366 1106 396 πάντες
1122 364 1290 399 συνήλθοσαν
1302 364 1326 389 oi
1339 362 1392 389 ἀνὰ
1408 362 1498 388 πᾶσαν
1514 359 1726 394 ἐσκορπισμένοι
1745 358 1794 393 τὴν

166 431 276 452 versum
295 429 379 458 prope
393 425 494 448 emtum
516 417 703 453 apostolorum
726 419 755 442 et
769 415 890 448 ipsorum
911 418 951 438 se‘

1020 413 1052 446 ἦν
1065 411 1194 445 μαθηταὶ,
1206 407 1242 436 ὧν
1250 408 1289 441 εἷς
1298 408 1430 443 ἐτύγχανε
1443 407 1490 433 καὶ
1504 407 1584 437 aut)”;
1595 405 1701 438 σύναιμα
1709 404 1795 438 Τιμο-

167 448 310 506 ptuagint;
327 448 541 501 discipulorum.
552 463 586 490 ad
606 460 791 489 venerandum
820 459 873 486 hoc
892 464 956 491 spe-

1020 457 1055 491 έῳ
1069 455 1259 491 καὶῚεροθέῳ.
1273 455 1327 481 Kal
1341 454 1419 488 δῆλον
1430 452 1459 485 ἐξ
1473 448 1510 478 ὧν
1520 451 1600 481 αὐτὸς
1613 451 1715 484 ἔγραφε
1728 449 1795 482 πρὸς

1018 502 1029 506 -
1071 501 1090 506 ..
1250 500 1256 506 .
1331 499 1337 506 .
1446 498 1453 506 ι
1516 497 1522 506 ι
1553 496 1629 506 Las.
1718 493 1793 506 -τ-η-

168 493 304 544 ἕιοοιῖὶυω
330 517 525 548 congregatum
557 510 660 540 fuisse;
684 512 742 535 tum
761 505 833 540 quod
857 504 953 531 eodem

1018 501 1156 534 Γιμόθεον’
1176 500 1293 526 (Ἥνίκα
1307 499 1372 534 γὰρ,
1390 498 1457 533 φησὶ
1479 497 1526 523 καὶ
1549 496 1640 531 ἡμεῖς,
1664 496 1700 526 ὡς
1717 493 1796 520 οἶσθα

170 539 304 544 -._-_._...
334 539 398 548 μην
434 539 448 547 υ
771 539 776 540 γ

170 567 293 596 tempore
315 558 441 592 discipuli
467 563 563 584 omnes
582 563 630 589 per
640 554 800 580 universum
818 549 954 577 te'rrarum

1018 548 1055 574 ta‘:
1073 547 1165 579 αὐτὸς,
1184 547 1231 573 καὶ
1246 545 1339 572 πολλοὶ
1353 545 1408 571 τῶν
1425 543 1505 579 ἱερῶν
1519 542 1598 578 ἡμῶν
1615 540 1737 574 ἀδελφῶν
1749 539 1796 566 ἐπὶ

1028 593 1033 596 λ
1077 592 1103 596 ..
1189 591 1231 596 ,μ
1359 591 1372 596 -
1416 590 1422 596 .

171 586 214 588 ’ἡὴ
227 586 239 596 Ι’
249 586 256 588 ⁷
281 586 289 587 7
386 586 391 592 I
582 586 590 589 -

168 608 263 634 orbem
284 605 396 638 dispersi
415 601 604 632 convenerint,
617 606 733 634 quorum
752 597 780 624 in
795 601 909 623 numero
928 596 957 620 et

1018 593 1058 627 τὴν
1075 592 1138 619 θέαν
1156 592 1202 619 τοῦ
1216 591 1373 626 ζωαρχικοῦ
1390 590 1516 623 σώματος
1533 586 1763 626 συνεληλύθαμεν.
1783 593 1793 610 ι

170 652 227 685 ipse
240 631 391 677 fueritIuna
403 656 464 675 cum
481 647 626 674 Timotheo
646 649 673 671 et
695 642 855 670 llierotheo.
871 638 955 665 Audi-

1018 638 1066 664 Καὶ
1082 638 1153 664 οὕτω
1171 637 1219 671 μὲν
1234 638 1247 663 ὁ
1263 636 1419 671 διαληφθεὶς
1436 635 1507 665 θεῖος
1525 633 1661 662 Διονύσιος
1677 631 1743 665 (60).

168 679 229 724 visti
247 698 320 725 enim
343 696 402 723 hazc
417 694 503 730 ipsius
514 693 547 720 ad
559 691 734 719 Timotheum
753 688 854 716 verba:
871 695 880 711 ι
895 685 952 712 Nos
971 684 1082 718 quidem
1099 692 1152 712 una
1183 689 1272 711 tecum
1290 683 1438 717 multisque
1473 681 1558 709 sacris
1575 679 1715 710 iratribus,
1743 685 1792 704 ceu

171 743 331 775 meministi,
348 741 380 768 ad
398 728 576 774 spectandum
608 744 709 772 corpus
730 734 808 766 illud.
825 730 899 767 quod
919 729 980 756 Vita:
999 730 1164 765 principium
1184 729 1332 765 aliquando
1350 728 1533 760 continuerat,
1543 730 1767 753 conveneramus.
1781 731 1792 748 ι

171 787 234 815 llaec
248 796 262 814 a
281 786 408 821 praedicto
426 783 557 819 Dionysio
577 788 641 810 sunt
657 781 767 809 tradita.

205 836 340 863 Caeterum
354 832 462 860 tametsi
476 832 558 865 Virgo
575 835 661 858 mater
675 833 778 856 natura:
787 826 895 862 legibus
903 823 957 852 fuit

1047 819 1121 856 Πλὴν
1137 820 1162 848 ει
1180 823 1236 852 τοῖς
1253 821 1301 856 τῆς
1317 821 1425 855 φύσεως
1438 820 1530 855 νόμοις
1551 819 1698 850 ὑπέπεσεν,
1712 820 1736 845 εί
1748 816 1797 847 καὶ

171 879 289 907 obnoxia
305 899 313 910 ,
337 877 444 904 tametsi
473 881 590 903 mortem
610 874 775 910 degustarit,
797 872 905 900 tametsi
927 875 957 898 ut

1018 866 1127 893 lava-nov
1143 867 1284 900 ἐγεύσατο,
1303 867 1328 893 εί
1342 867 1389 894 καὶ
1404 867 1526 902 μνήματι
1548 866 1681 900 κατετέθη
1697 867 1734 898 ὡς
1751 867 1798 893 άν-

172 926 256 952 hon;o
278 924 305 950 in
337 923 493 957 sepulcrum
515 927 557 949 est
579 922 713 956 deposita,
736 925 840 947 natura:
868 924 959 946 tamen

175 971 242 997 ﬁnes
264 975 346 1004 atque
363 969 497 996 terminos
515 968 654 1002 superavit
677 971 705 994 et
727 966 854 998 excessit,
870 971 961 999 neque

176 1015 334 1050 sepulcrum
359 1020 388 1042 et
407 1014 562 1042 mortalitas
574 1020 634 1040 eam
650 1013 678 1040 in
697 1016 829 1047 potestate
854 1017 903 1037 sua
919 1017 962 1036 re-

179 1063 266 1088 tinere
284 1061 383 1096 potuit.
400 1061 466 1088 Nam
482 1064 509 1087 et
531 1061 588 1094 ipsa
605 1058 640 1085 de
655 1058 782 1092 sepulcro
801 1055 961 1087 resurrexit,

177 1117 290 1144 prorsus
303 1109 343 1136 uti
364 1108 436 1135 ﬁlius
454 1108 514 1142 ejus
530 1108 658 1141 idemque
680 1106 751 1132 Deus
764 1105 876 1136 fecerat,
895 1103 962 1131 solis

177 1155 377 1189 sepulcralibus
402 1153 510 1180 exuviis
527 1153 554 1179 in
570 1156 747 1179 monumento
765 1149 876 1177 relictis.
892 1149 963 1176 Huic

176 1199 329 1227 narrationi
352 1199 432 1226 ﬁdem
459 1198 525 1225 facit
548 1197 660 1225 divinus
684 1196 729 1223 ille
745 1195 894 1226 Iuvenalis,
916 1194 961 1228 qui

177 1245 433 1280 Hierosolymorum
458 1243 575 1270 antistes
603 1242 663 1268 fuit.
691 1241 810 1276 Exponit
838 1240 882 1266 ille
907 1247 963 1273 quo

178 1295 258 1324 pacto
272 1290 298 1317 id
317 1289 446 1324 temporis
455 1289 576 1316 Thomas
588 1287 716 1319 abfuerit,
728 1294 783 1320 quo
797 1290 876 1320 pacto
888 1284 964 1311 deiu-

176 1343 241 1369 ceps
271 1335 304 1361 ad
333 1334 490 1368 sepulcrum
519 1333 668 1360 accesserit
683 1351 690 1363 ,
715 1338 770 1365 quo
794 1335 871 1364 pacto
896 1329 964 1356 illud

179 1380 269 1413 ipsqu
282 1379 488 1413 perquisiverit.
508 1378 616 1404 Etenim
634 1377 748 1411 προδιοιὶ
768 1375 879 1402 Thomae
905 1382 965 1408 gra-

181 1428 218 1454 tia
231 1427 389 1460 sepulcrum
415 1424 513 1458 aperiri
528 1424 680 1457 jusserunt,
706 1421 778 1455 quod
802 1421 877 1447 illum
903 1427 964 1446 cer-

179 1477 276 1499 nerent
295 1471 446 1499 absentiam
475 1469 503 1496 in
521 1472 609 1496 morte
630 1467 750 1502 Virginis
773 1473 850 1493 suam
876 1465 963 1492 mole-

180 1518 300 1544 stissimo
328 1516 401 1543 ferre
426 1515 529 1542 animo.
554 1513 648 1547 Itaque
674 1512 829 1546 sepulcrum
853 1511 963 1545 quidem

181 1562 312 1596 aperitur,
325 1565 353 1588 at
370 1560 427 1595 ipse
450 1559 594 1586 thesaurus
611 1558 638 1584 in
654 1565 687 1584 eo
715 1556 872 1584 reconditus
897 1563 964 1583 nus-

181 1614 261 1640 quam
280 1604 428 1640 apparebat
453 1612 461 1631 :
480 1603 555 1636 solm,
570 1602 643 1637 quod
663 1603 765 1629 dictum
794 1606 846 1633 est.
874 1601 964 1634 sepulv

181 1651 270 1678 erales
288 1650 393 1677 exuviae
417 1648 636 1683 reperiebantur.
663 1647 805 1675 Consimili
833 1646 964 1673 nimirum

187 1695 267 1723 modo
294 1701 322 1723 et
340 1696 424 1729 ipsam
449 1694 496 1721 Dei
522 1693 634 1720 Matrem
651 1701 685 1720 ex
709 1693 824 1720 mortuis
841 1699 965 1719 resurre‘

182 1747 289 1769 cturam
305 1740 400 1779 fuisse,
419 1747 475 1773 quo
498 1739 571 1766 ﬁlius
586 1742 783 1770 resurrexerat,
803 1738 889 1764 multo
902 1740 966 1764 ante

184 1788 282 1814 beatus
298 1786 343 1813 ille
363 1786 481 1813 Davides
501 1784 660 1820 huiusmodi
683 1783 774 1810 verbis
796 1782 967 1818 signiﬁcave-

186 1839 245 1860 rat:
265 1841 276 1859 ι
292 1833 389 1867 Surge,
407 1831 532 1863 Domine,
552 1831 578 1857 in
592 1829 742 1864 requietem
759 1825 843 1860 tuan't,
859 1833 898 1861 tu,
926 1829 968 1854 in-

184 1887 279 1914 quam,
295 1878 365 1913 ipse.
381 1882 409 1905 et
422 1884 486 1904 area
501 1876 652 1904 sanctitatis
672 1880 724 1902 tua:
739 1875 772 1902 ⁷⁸.
790 1884 799 1900 ›
817 1874 885 1901 Nam
903 1874 966 1908 quia

185 1930 265 1952 norat
280 1923 395 1950 Davides
409 1929 468 1949 eam
483 1929 543 1956 quae
564 1921 705 1948 Christum
721 1925 801 1947 utero
821 1919 900 1954 233
917 1927 967 1946 suo

185 1973 319 2004 gestasset
344 1975 377 1994 ac
393 1967 466 1994 illam
489 1966 576 2000 ipsam
592 1966 626 1993 ob
653 1972 763 1992 causam
779 1972 842 1991 area
868 1964 968 1990 sancti-

186 2014 251 2041 tatis
267 2019 340 2041 esset
367 2018 453 2047 atquc
470 2015 686 2046 nuncuparetur,
702 2010 798 2037 eodem
823 2014 900 2044 pacto
927 2017 969 2036 re-

185 2065 373 2087 surrecturum
386 2067 401 2086 e
417 2059 544 2094 sepulcro
558 2066 612 2092 quo
631 2061 658 2084 et
674 2061 754 2083 natus
769 2064 801 2083 ex
819 2056 875 2091 ipsa
891 2055 970 2082 Chri-

187 2112 245 2133 stus
263 2106 308 2132 Dei
324 2105 409 2132 Filius
425 2110 451 2131 et
469 2105 540 2131 Deus
564 2102 722 2134 resurrexit,
738 2101 840 2128 idcirco
851 2109 904 2128 non
920 2101 970 2128 abs

188 2159 218 2178 re
234 2150 406 2177 consimilem
426 2149 571 2182 utriusque
590 2147 826 2174 resuscitationem
851 2154 884 2173 ex
897 2154 970 2174 mor-

1012 911 1130 946 θρωπος,
1147 913 1214 939 ἀλλὰ
1227 912 1289 944 τοὺς
1303 913 1382 949 ὃροιις
1394 913 1521 947 νενίκηκε
1533 913 1585 947 τῆς
1598 912 1715 945 φύσεως,
1729 912 1799 939 ἀλλὰ

1011 957 1096 992 τάφος
1108 957 1155 984 καὶ
1169 958 1302 992 νέκρωσις
1321 958 1408 993 αὐτὴν
1425 958 1456 984 οὐ
1475 958 1633 993 κεκράτηκε
1647 966 1654 974 ·
1678 957 1727 984 τοῦ
1743 958 1796 993 γὰρ

1013 1004 1156 1038 μνήματος
1170 1003 1304 1038 ἐξανέστη
1324 1004 1370 1030 καὶ
1386 1003 1456 1038 αὕτη
1480 1003 1681 1038 παραπλησίως
1695 1003 1734 1037 τῷ
1749 1003 1798 1038 υίῷ

1012 1048 1097 1083 αὐτῆς
1111 1048 1159 1075 καὶ
1172 1048 1243 1083 Θεῷ,
1262 1048 1330 1083 μόνα
1354 1049 1430 1082 παρὰ
1445 1048 1484 1083 τῷ
1512 1048 1591 1083 τάφῳ
1609 1047 1798 1082 καταλείψασα

1013 1093 1047 1119 τὰ
1065 1094 1191 1128 ἐντάφια.
1209 1093 1262 1120 Καὶ
1277 1093 1423 1120 πιστοῦται
1436 1093 1482 1120 τὸν
1497 1093 1576 1127 λόγον
1590 1093 1766 1124 Ίουὸενάλιος
1784 1093 1799 1119 ό

1012 1139 1068 1165 τῶν
1087 1139 1286 1174 Ἱεροσολύμων
1301 1139 1476 1175 χρηματίσας
1489 1139 1560 1170 θεῖος
1576 1139 1735 1170 ἐπίσκοπος,
1749 1139 1799 1174 τήν

1013 1192 1043 1210 τε
1058 1183 1106 1211 τοῦ
1120 1184 1206 1219 Θωμᾶ
1227 1185 1431 1220 διηγησάμενος
1449 1184 1604 1219 ἀπόλειψιν,
1625 1185 1676 1219 τὴν
1690 1184 1802 1211 ἐσύστε-

1014 1238 1061 1264 ρον
1081 1230 1164 1257 αὺτοῦ
1189 1232 1266 1266 παρὰ
1287 1231 1326 1266 τῷ
1339 1231 1418 1265 τάφῳ
1433 1231 1611 1265 προσέλευσιν
1629 1230 1676 1257 καὶ
1691 1230 1741 1265 τὴν
1756 1229 1800 1256 ἐπ’

1014 1276 1088 1311 αὐτῷ
1100 1276 1139 1311 τῷ
1156 1276 1235 1312 τάφῳ
1252 1278 1398 1310 γεγονυῖαν
1421 1277 1488 1312 παρ’
1509 1276 1592 1304 αὑτοῦ
1611 1276 1799 1308 κατεξὲτασιν.

1014 1322 1046 1348 Οἱ
1063 1322 1117 1357 γὰρ
1130 1323 1273 1349 ἀπόστολοι
1301 1322 1452 1358 τηνικαῦτα
1468 1322 1636 1357 διανοιγῆναι
1653 1322 1698 1349 τδν
1716 1322 1801 1355 τάφον

1015 1368 1174 1394 κελεύουσιν
1194 1369 1241 1395 ἅτε
1267 1368 1313 1395 τὸν
1328 1369 1429 1404 Θωμᾶν
1453 1368 1569 1402 ὁρῶντες
1584 1368 1630 1394 ἐπὶ
1645 1369 1677 1403 τῇ
1693 1368 1801 1394 ἀπολεί-

1014 1413 1060 1447 ψει
1076 1413 1161 1439 πολλὰ
1176 1414 1398 1449 δυσχεραίνοντα.
1410 1413 1467 1440 Καὶ
1480 1414 1493 1440 ὁ
1506 1414 1555 1449 μὲν
1570 1414 1654 1448 τάφος
1665 1415 1799 1448 ἡνοίγετο,

1014 1459 1027 1484 ὁ
1046 1458 1073 1484 δὲ
1093 1459 1232 1493 Θησαυρδς
1250 1459 1325 1490 ὲντδς
1339 1457 1373 1493 ἦν
1387 1459 1524 1494 οὐδαμῶς,
1543 1459 1614 1494 μόνα
1628 1459 1657 1485 δὲ
1673 1461 1799 1494 κείμενα,

1015 1503 1139 1538 καθάπερ
1154 1503 1272 1537 εἴρηται,
1287 1503 1322 1530 τὰ
1337 1505 1462 1538 ἐντάφια.
1484 1504 1546 1531 Ὅτι
1561 1504 1590 1530 δὲ
1601 1505 1617 1538 ὴ
1634 1505 1702 1540 αὑτὴ
1718 1505 1767 1531 καὶ
1780 1506 1798 1539 ἡ

1015 1550 1062 1575 ἐπὶ
1075 1550 1123 1583 τῆς
1141 1550 1312 1585 Θ.ομήτορος
1325 1550 1422 1585 ἔμελλε
1438 1551 1565 1585 γενέσθαι
1580 1551 1740 1583 ἀνάστασις,
1753 1551 1802 1578 καὶ

1015 1595 1119 1630 ταύτην
1137 1597 1170 1623 ἐκ
1188 1597 1294 1631 νεκρῶν
1312 1597 1458 1631 ἐγερθῆναι
1474 1597 1547 1623 καθὰ
1568 1597 1600 1632 δὴ
1615 1597 1663 1624 καὶ.
1683 1597 1727 1624 τὸν
1744 1598 1802 1624 υῐὸν

1016 1640 1111 1673 αὐτῆς,
1127 1642 1141 1666 ὁ
1153 1641 1287 1676 μακάριος
1296 1641 1377 1668 Δαὸὶδ
1393 1641 1555 1676 προφθάσας
1569 1642 1704 1676 ἐδήλωσεν
1715 1642 1801 1674 οὕτως

1016 1686 1116 1713 εἰπών·
1134 1696 1142 1712 ι
1154 1687 1308 1722 Ἀνάστηθι,
1324 1687 1421 1722 Κύριε,
1437 1688 1477 1719 εις
1497 1687 1547 1722 τὴν
1571 1687 1723 1715 ἀνάπαυσιν
1741 1696 1800 1720 σου,

1018 1732 1050 1758 σὺ
1065 1732 1113 1758 καὶ
1138 1733 1156 1767 ή
1172 1732 1287 1764 κισωτὸς
1312 1732 1359 1759 τοῦ
1383 1733 1554 1767 άγιάσματός
1573 1741 1632 1760 σου.
1658 1742 1667 1758 ι
1692 1733 1801 1768 Ἐπειδὴ

1017 1778 1071 1811 γὰρ
1083 1777 1133 1813 τὴν
1150 1778 1180 1804 ὲν
1190 1779 1290 1814 γαστρὶ
1306 1779 1482 1814 βαστάσασαν
1496 1778 1578 1805 αὑτὸν
1587 1778 1740 1805 αάντεῡθεν
1760 1787 1803 1805 κι-

1018 1822 1104 1849 ϐωτὸν
1121 1823 1293 1857 άγιάσματος
1306 1823 1529 1859 χρηματίσασαν,
1544 1824 1631 1855 οὕτως
1647 1824 1802 1859 ἐγηγερμέ-

1018 1876 1066 1903 νην
1083 1869 1116 1895 ὲκ
1138 1868 1223 1902 τάφου
1237 1870 1410 1904 προέγνωκεν
1424 1872 1438 1896 ὀ
1451 1869 1534 1896 Δσϐὶδ
1559 1869 1631 1896 καθὰ
1648 1870 1679 1904 δὴ
1692 1870 1739 1896 καὶ
1756 1870 1803 1896 τὸν

1019 1913 1048 1944 ὲξ
1062 1913 1148 1948 αὐτῆς
1162 1913 1326 1949 γεννηθέντα
1339 1914 1456 1949 Χριστὸν
1470 1915 1515 1943 τὸν
1528 1915 1592 1943 Υίὺν
1612 1916 1658 1943 τοῦ
1672 1916 1739 1943 θεοῦ
1756 1918 1803 1944 καὶ

1019 1958 1097 1990 Θεὸν,
1110 1959 1222 1990 εἰκότως
1235 1959 1289 1994 ἄρα
1303 1961 1351 1987 καὶ
1365 1961 1411 1987 ἐπὶ
1425 1960 1513 1996 ταύτῃ
1534 1962 1584 1997 τὴν
1604 1962 1701 1996 ὁμοίαν
1722 1963 1801 1996 προέ-

1019 2005 1124 2040 γραψεν
1137 2005 1257 2039 ἔγερσιν.
1270 2006 1301 2032 El
1317 2005 1355 2041 μὴ
1370 2007 1423 2042 γὰρ
1439 2006 1517 2033 τοῦτο
1530 2004 1575 2042 ἦν,
1592 2008 1641 2033 οὐκ
1654 2008 1687 2034 ἃν
1700 2009 1802 2041 ἐκεῖνος

1020 2050 1123 2077 εἰπών’
1142 2061 1151 2077 ι
1167 2051 1324 2085 Ἀνάστηθι,
1341 2052 1439 2087 Κύριε,
1462 2053 1505 2084 σὺ,
1525 2062 1535 2078 ι
1563 2054 1713 2088 τηνικαῦτα
1734 2055 1804 2089 ἐπή-

1020 2105 1108 2131 γαγε·
1131 2106 1140 2122 ι
1159 2098 1211 2124 Καὶ
1224 2099 1241 2132 ὴ
1258 2097 1374 2128 κιϐωτὸς
1393 2098 1440 2124 τοῦ
1462 2098 1633 2133 άγιάσματός
1651 2108 1709 2126 σου.
1730 2109 1740 2127 ι
1756 2101 1803 2134 Μὴ

1021 2142 1067 2169 οὖν
1085 2142 1250 2176 ἀμφίϐαλλε.
1267 2143 1378 2178 Ἐπειδὴ
1394 2143 1448 2178 γὰρ
1462 2144 1496 2170 τὰ
1513 2143 1558 2170 δύο
1569 2144 1623 2171 τῶν
1642 2145 1804 2179 πρωτοπλά-

190 2197 244 2223 tuis
269 2196 354 2223 multo
370 2199 432 2222 ante
452 2193 529 2229 quasi
555 2193 661 2228 pictura
678 2192 794 2227 quadam
823 2192 967 2227 expressit.

1022 2197 1091 2215 στων
1105 2188 1218 2223 σώματα
1229 2190 1263 2224 τῇ
1280 2189 1356 2227 λύμῃ
1373 2189 1425 2223 τῆς
1440 2189 1543 2224 φθορᾶς
1563 2189 1684 2216 ὑπέπεσε
1696 2191 1740 2217 διὰ
1755 2192 1805 2226 τὴν

188 2241 296 2268 Etenim
313 2239 339 2267 ni
352 2247 397 2267 res
413 2240 448 2266 ita
463 2247 492 2266 se
506 2238 630 2270 haberet,
647 2246 701 2265 non
714 2245 778 2265 sane
796 2242 971 2272 posteaquam

187 2287 312 2314 dixerat:
332 2295 341 2312 ί
360 2286 457 2320 Surge,
470 2284 594 2321 Domine,
611 2293 620 2309 ι
638 2283 816 2318 subjecisset:
835 2292 843 2308 ι
864 2283 895 2310 Ει
908 2290 972 2310 arca

186 2331 340 2360 sanctitatis
356 2335 418 2357 tuae.
440 2339 449 2356 ι
468 2330 640 2364 Quapropter
658 2328 710 2355 hac
723 2327 835 2362 quidem
853 2327 881 2354 in
895 2332 972 2362 parte

187 2377 304 2411 amplius
321 2376 448 2403 hmsitare
465 2375 532 2403 noli.
548 2375 616 2401 Nam
632 2373 696 2409 quia
719 2373 774 2400 duo
792 2373 836 2400 illa
853 2374 971 2407 primum

188 2423 312 2449 ninnium
339 2426 496 2448 ereatorum
527 2419 671 2446 hominum
702 2426 817 2452 corpora
848 2418 972 2445 interitui

187 2469 258 2495 l'neta
275 2471 339 2494 sunt
353 2466 471 2495 obnoxia
483 2469 595 2500 propter
612 2463 840 2495 inobedientiam,
854 2463 973 2497 indeque

186 2521 269 2548 porro
285 2513 464 2540 subsecutum
479 2511 564 2543 aliud,
586 2511 715 2538 nimirum
734 2515 764 2537 ut
783 2510 884 2537 malum
897 2511 973 2546 ejus-

187 2560 260 2587 modi
287 2559 370 2586 latius
386 2566 501 2594 serpens
516 2558 543 2585 in
561 2557 716 2585 universam
733 2561 858 2584 naturam
875 2556 974 2583 huma-

191 2613 254 2634 nam
281 2613 341 2632 sese
368 2600 485 2636 dideret,
505 2603 608 2631 ideirco
625 2611 699 2630 nunc
725 2610 834 2637 quoque
854 2603 972 2638 primum

188 2653 310 2680 omnium
327 2651 381 2679 duo
399 2657 513 2685 corpora
527 2657 644 2677 excusso
660 2649 841 2684 depositoque
860 2649 972 2676 interitu

188 2697 260 2725 facta
288 2701 353 2725 sunt
377 2696 503 2731 primitiae
519 2695 597 2730 quasi
614 2694 737 2729 quaedam
753 2694 814 2729 ejus
832 2694 974 2722 immorta-

186 2742 282 2776 litatis,
313 2750 395 2778 quam
412 2750 461 2778 spe
480 2747 556 2770 certa
580 2740 661 2770 nobis
679 2740 850 2776 pollicemur.
882 2741 972 2776 Atque

223 2818 246 2834 "
260 2819 331 2847 Psal.
351 2827 441 2852 ωιτη,
458 2818 485 2846 8.

224 2877 280 2911 (60)
313 2879 387 2911 Πρὸς
422 2878 549 2910 τούτους
577 2877 620 2904 δὲ.
637 2896 643 2904 .
661 2897 667 2904 .
686 2898 691 2904 .
712 2897 718 2904 .
738 2876 906 2909 Διονύσιος.
933 2875 969 2904 Ex
992 2875 1021 2904 ν.

1021 2235 1189 2271 παράϐασιν,
1219 2235 1366 2261 κάντεῦθεν
1382 2235 1413 2261 τὸ
1434 2235 1556 2262 τοιοῦτον
1573 2236 1695 2271 ὑφέρπον
1719 2238 1807 2264 κακὸν

1020 2281 1177 2316 διαδόσιμον
1186 2280 1228 2315 ἐφ’
1242 2281 1315 2307 ἅπαν
1328 2281 1424 2315 γέγονε
1438 2281 1469 2307 τὸ
1480 2281 1661 2315 ἀνθρώπινον,
1675 2282 1718 2308 διὰ
1726 2282 1807 2309 τοῦτο
1855 2306 1859 2309 έ

1020 2326 1068 2353 καὶ
1081 2326 1129 2353 νῦν
1142 2327 1258 2361 πρώτως
1271 2326 1319 2353 δύο
1330 2326 1445 2361 σώματα
1459 2326 1681 2361 άποτιναξάμενα
1695 2327 1807 2362 ἀπαρχὴ

1020 2374 1076 2404 τοῖς
1089 2372 1281 2407 ὲλτιιζομένοις
1300 2372 1456 2408 ἀφθαρσίας
1473 2374 1610 2406 γεγόνασι.
1627 2374 1683 2400 Kal.
1701 2374 1738 2408 μὴ
1755 2374 1807 2408 μῦ-

1024 2418 1070 2445 θον
1089 2418 1157 2453 ἡγοῦ
1176 2418 1211 2444 τὰ
1225 2418 1373 2453 λεγόμενα,
1386 2419 1459 2454 "Ope.
1480 2418 1534 2454 γὰρ
1551 2419 1685 2454 νουνεχῶς
1702 2419 1744 2445 ὅτι
1761 2420 1808 2446 καὶ

1023 2466 1037 2491 ὀ
1050 2466 1077 2490 ὲν
1091 2465 1276 2499 πατριάρχαις
1292 2465 1444 2498 άγιώτατος
1460 2465 1600 2500 Γερμανὸς
1614 2467 1663 2497 τὰς
1679 2466 1807 2501 ἀφορμὰς

1024 2510 1127 2536 ἐκεῖθεν
1146 2509 1237 2536 λαϐὼν
1261 2511 1289 2536 ὲν
1304 2509 1343 2543 τῷ
1360 2510 1400 2541 εἰς
1419 2509 1468 2544 τὴν
1484 2510 1612 2545 κοίμησιν
1630 2510 1701 2545 λόγῳ
1724 2510 1808 2536 αὑτοῦ

1025 2556 1072 2583 καὶ
1100 2556 1163 2583 τάδε
1192 2555 1264 2583 κατὰ
1290 2556 1364 2591 ῥῆμα
1395 2555 1532 2589 διέξεισιν,
1556 2555 1597 2582 ὃτι
1620 2564 1630 2581 (
1649 2557 1686 2590 Ζῇ
1719 2564 1764 2582 σου
1780 2556 1809 2582 το

1025 2601 1135 2636 πνεῦμα
1164 2601 1207 2628 διὰ
1222 2601 1333 2633 παντὸς,
1351 2602 1397 2628 καὶ
1413 2602 1429 2635 ἡ
1442 2601 1511 2636 σάρξ
1527 2609 1574 2627 σου
1594 2600 1744 2636 διαφθορὰν
1759 2600 1809 2634 οὐχ
1855 2609 1859 2613 ’

1027 2647 1156 2681 ὑπέμεινε
1175 2648 1272 2682 τάφου.
1287 2648 1377 2674 Πάντα
1391 2647 1556 2682 ἐπισκέπτῃ,
1572 2647 1620 2673 καὶ
1633 2647 1651 2681 ἡ
1672 2647 1808 2681 ὲπισκοπή

1027 2701 1074 2720 σου
1089 2694 1157 2728 πρ“ς
1172 2694 1271 2726 πάντα,
1288 2692 1358 2719 ὥστε
1372 2692 1424 2719 κᾶν
1445 2693 1468 2719 oi
1494 2691 1630 2726 ὀφθαλμοὶ
1657 2691 1736 2726 ἡμῶν
1766 2699 1811 2717 κε-

1027 2741 1177 2776 κράτηνται
1207 2740 1244 2775 μὴ
1269 2739 1379 2775 βλέπειν
1404 2747 1446 2770 σε,
1473 2737 1540 2764 ἀλλὰ
1558 2738 1592 2764 σὺ
1620 2737 1740 2771 παναγία
1754 2737 1808 2767 vi;
