  <div class='ocr_page' id='page_1' title='image "/cluster/home/n/w/nwhite01/storage/ocr_20150623/158/njp.32101077773230/260.png"; bbox 0 0 1966 3075; ppageno 0'>
   <div class='ocr_carea' id='block_1_1' title="bbox 175 123 223 154">
    <p class='ocr_par' dir='ltr' id='par_1_1' title="bbox 175 123 223 154">
     <span class='ocr_line' id='line_1_1' title="bbox 175 123 223 154; baseline 0 0"><span class='ocrx_word' id='word_1_1' title='bbox 175 123 223 154; x_wconf 69' lang='lat' dir='ltr'><strong>Ml</strong></span> 
     </span>
    </p>
   </div>
   <div class='ocr_carea' id='block_1_2' title="bbox 799 98 1192 154">
    <p class='ocr_par' dir='ltr' id='par_1_2' title="bbox 799 98 1192 154">
     <span class='ocr_line' id='line_1_2' title="bbox 799 98 1192 154; baseline 0.008 -3"><span class='ocrx_word' id='word_1_2' title='bbox 799 121 999 152; x_wconf 74' lang='lat' dir='ltr'><strong>ANNALIUM</strong></span> <span class='ocrx_word' id='word_1_3' title='bbox 1019 122 1116 153; x_wconf 85' lang='lat' dir='ltr'><strong>PARS</strong></span> <span class='ocrx_word' id='word_1_4' title='bbox 1136 98 1192 154; x_wconf 70' lang='lat' dir='ltr'><strong>lii.</strong></span> 
     </span>
    </p>
   </div>
   <div class='ocr_carea' id='block_1_3' title="bbox 1748 125 1803 158">
    <p class='ocr_par' dir='ltr' id='par_1_3' title="bbox 1748 125 1803 158">
     <span class='ocr_line' id='line_1_3' title="bbox 1748 125 1803 158; baseline 0.036 -2"><span class='ocrx_word' id='word_1_5' title='bbox 1748 125 1803 158; x_wconf 68' lang='lat' dir='ltr'><strong>HE!</strong></span> 
     </span>
    </p>
   </div>
   <div class='ocr_carea' id='block_1_4' title="bbox 179 177 960 215">
    <p class='ocr_par' dir='ltr' id='par_1_4' title="bbox 179 177 960 215">
     <span class='ocr_line' id='line_1_4' title="bbox 179 177 960 215; baseline -0.006 -8"><span class='ocrx_word' id='word_1_6' title='bbox 179 182 264 213; x_wconf 76' lang='grc' dir='ltr'><strong>ἀξίοις</strong></span> <span class='ocrx_word' id='word_1_7' title='bbox 285 179 386 215; x_wconf 82' lang='grc' dir='ltr'>ἑαυτὴν</span> <span class='ocrx_word' id='word_1_8' title='bbox 410 178 584 214; x_wconf 79' lang='grc' dir='ltr'>ἐμφανίζεις·</span> <span class='ocrx_word' id='word_1_9' title='bbox 606 178 622 213; x_wconf 78' lang='grc' dir='ltr'><strong>ἡ</strong></span> <span class='ocrx_word' id='word_1_10' title='bbox 640 178 692 213; x_wconf 85' lang='grc' dir='ltr'>γὰρ</span> <span class='ocrx_word' id='word_1_11' title='bbox 714 177 784 212; x_wconf 56' lang='grc' dir='ltr'>σὰρξ</span> <span class='ocrx_word' id='word_1_12' title='bbox 808 177 857 203; x_wconf 73' lang='grc' dir='ltr'><strong>οὐκ</strong></span> <span class='ocrx_word' id='word_1_13' title='bbox 877 177 960 211; x_wconf 73' lang='grc' dir='ltr'>ἐμπο-</span> 
     </span>
    </p>
   </div>
   <div class='ocr_carea' id='block_1_5' title="bbox 1012 177 1802 215">
    <p class='ocr_par' dir='ltr' id='par_1_5' title="bbox 1016 177 1802 214">
     <span class='ocr_line' id='line_1_5' title="bbox 1016 177 1802 214; baseline 0.005 -10"><span class='ocrx_word' id='word_1_14' title='bbox 1016 177 1074 205; x_wconf 72' lang='lat' dir='ltr'><strong>hzec</strong></span> <span class='ocrx_word' id='word_1_15' title='bbox 1098 186 1159 212; x_wconf 76' lang='lat' dir='ltr'><strong>qua:</strong></span> <span class='ocrx_word' id='word_1_16' title='bbox 1186 178 1304 206; x_wconf 82' lang='lat' dir='ltr'><strong>dicimus</strong></span> <span class='ocrx_word' id='word_1_17' title='bbox 1331 185 1396 206; x_wconf 87' lang='lat' dir='ltr'><strong>cave</strong></span> <span class='ocrx_word' id='word_1_18' title='bbox 1423 185 1471 214; x_wconf 92' lang='lat' dir='ltr'><strong>pro</strong></span> <span class='ocrx_word' id='word_1_19' title='bbox 1487 179 1578 207; x_wconf 80' lang='lat' dir='ltr'><strong>fabula</strong></span> <span class='ocrx_word' id='word_1_20' title='bbox 1593 179 1716 208; x_wconf 77' lang='lat' dir='ltr'><strong>duxeris.</strong></span> <span class='ocrx_word' id='word_1_21' title='bbox 1734 181 1802 209; x_wconf 81' lang='lat' dir='ltr'><strong>Nam</strong></span> 
     </span>
    </p>
   </div>
   <div class='ocr_carea' id='block_1_6' title="bbox 175 222 960 260">
    <p class='ocr_par' dir='ltr' id='par_1_6' title="bbox 175 222 960 260">
     <span class='ocr_line' id='line_1_6' title="bbox 175 222 960 260; baseline -0.008 -8"><span class='ocrx_word' id='word_1_22' title='bbox 175 227 241 258; x_wconf 75' lang='grc' dir='ltr'>δεζει</span> <span class='ocrx_word' id='word_1_23' title='bbox 255 227 288 260; x_wconf 73' lang='grc' dir='ltr'><strong>τῇ</strong></span> <span class='ocrx_word' id='word_1_24' title='bbox 304 224 418 258; x_wconf 63' lang='grc' dir='ltr'>δυνάμει</span> <span class='ocrx_word' id='word_1_25' title='bbox 434 224 480 250; x_wconf 83' lang='grc' dir='ltr'><strong>καὶ</strong></span> <span class='ocrx_word' id='word_1_26' title='bbox 497 223 623 258; x_wconf 69' lang='grc' dir='ltr'>ἐνεργείᾳ</span> <span class='ocrx_word' id='word_1_27' title='bbox 633 223 679 249; x_wconf 81' lang='grc' dir='ltr'>τοῦ</span> <span class='ocrx_word' id='word_1_28' title='bbox 698 222 852 257; x_wconf 82' lang='grc' dir='ltr'>πνεύματός</span> <span class='ocrx_word' id='word_1_29' title='bbox 873 230 930 249; x_wconf 84' lang='grc' dir='ltr'><strong>σου.</strong></span> <span class='ocrx_word' id='word_1_30' title='bbox 951 230 960 246; x_wconf 84' lang='grc'><strong>›</strong></span> 
     </span>
    </p>
   </div>
   <div class='ocr_carea' id='block_1_7' title="bbox 176 266 962 303">
    <p class='ocr_par' dir='ltr' id='par_1_7' title="bbox 176 266 962 303">
     <span class='ocr_line' id='line_1_7' title="bbox 176 266 962 303; baseline -0.006 -6"><span class='ocrx_word' id='word_1_31' title='bbox 176 272 230 297; x_wconf 71' lang='grc' dir='ltr'><strong>Καὶ</strong></span> <span class='ocrx_word' id='word_1_32' title='bbox 247 269 325 301; x_wconf 70' lang='grc' dir='ltr'>αὖθις</span> <span class='ocrx_word' id='word_1_33' title='bbox 337 278 344 285; x_wconf 82' lang='lat'>&#39;</span> <span class='ocrx_word' id='word_1_34' title='bbox 363 278 372 295; x_wconf 84' lang='grc'><strong>‹</strong></span> <span class='ocrx_word' id='word_1_35' title='bbox 391 269 427 295; x_wconf 79' lang='grc' dir='ltr'>Τὸ</span> <span class='ocrx_word' id='word_1_36' title='bbox 448 268 498 303; x_wconf 80' lang='grc' dir='ltr'>μὲν</span> <span class='ocrx_word' id='word_1_37' title='bbox 516 267 596 302; x_wconf 83' lang='grc' dir='ltr'>σῶμά</span> <span class='ocrx_word' id='word_1_38' title='bbox 611 275 658 294; x_wconf 84' lang='grc' dir='ltr'>σου</span> <span class='ocrx_word' id='word_1_39' title='bbox 675 267 706 293; x_wconf 79' lang='grc' dir='ltr'>τὸ</span> <span class='ocrx_word' id='word_1_40' title='bbox 719 266 883 302; x_wconf 61' lang='grc' dir='ltr'>παρθενικὴν</span> <span class='ocrx_word' id='word_1_41' title='bbox 902 266 962 292; x_wconf 76' lang='grc' dir='ltr'>ὅλον</span> 
     </span>
    </p>
   </div>
   <div class='ocr_carea' id='block_1_8' title="bbox 176 311 964 350">
    <p class='ocr_par' dir='ltr' id='par_1_8' title="bbox 176 311 964 350">
     <span class='ocr_line' id='line_1_8' title="bbox 176 311 964 350; baseline -0.006 -8"><span class='ocrx_word' id='word_1_42' title='bbox 176 317 253 350; x_wconf 77' lang='grc' dir='ltr'>ἆγιόν</span> <span class='ocrx_word' id='word_1_43' title='bbox 267 317 350 348; x_wconf 74' lang='grc' dir='ltr'>ἐστιν,</span> <span class='ocrx_word' id='word_1_44' title='bbox 366 314 482 348; x_wconf 76' lang='grc' dir='ltr'>ἀλλαγὲν</span> <span class='ocrx_word' id='word_1_45' title='bbox 496 314 545 348; x_wconf 79' lang='grc' dir='ltr'>μὲν</span> <span class='ocrx_word' id='word_1_46' title='bbox 558 314 596 345; x_wconf 82' lang='grc' dir='ltr'>ὡς</span> <span class='ocrx_word' id='word_1_47' title='bbox 611 314 780 348; x_wconf 80' lang='grc' dir='ltr'>ἀνθρώπινον</span> <span class='ocrx_word' id='word_1_48' title='bbox 797 312 864 347; x_wconf 71' lang='grc' dir='ltr'><strong>πρὸς</strong></span> <span class='ocrx_word' id='word_1_49' title='bbox 876 311 964 345; x_wconf 73' lang='grc' dir='ltr'>ἄκραν</span> 
     </span>
    </p>
   </div>
   <div class='ocr_carea' id='block_1_9' title="bbox 174 357 964 397">
    <p class='ocr_par' dir='ltr' id='par_1_9' title="bbox 174 357 964 397">
     <span class='ocr_line' id='line_1_9' title="bbox 174 357 964 397; baseline -0.005 -8"><span class='ocrx_word' id='word_1_50' title='bbox 174 361 329 397; x_wconf 59' lang='grc' dir='ltr'>ἀψοαραίαν</span> <span class='ocrx_word' id='word_1_51' title='bbox 359 360 442 396; x_wconf 77' lang='grc' dir='ltr'><strong>ζωῆς,</strong></span> <span class='ocrx_word' id='word_1_52' title='bbox 461 359 530 394; x_wconf 76' lang='grc' dir='ltr'>σῶον</span> <span class='ocrx_word' id='word_1_53' title='bbox 556 359 584 385; x_wconf 79' lang='grc' dir='ltr'><strong>δὲ</strong></span> <span class='ocrx_word' id='word_1_54' title='bbox 616 360 630 385; x_wconf 84' lang='grc'>6</span> <span class='ocrx_word' id='word_1_55' title='bbox 653 358 733 384; x_wconf 78' lang='grc' dir='ltr'>τοῦτο</span> <span class='ocrx_word' id='word_1_56' title='bbox 762 357 894 389; x_wconf 62' lang='lat' dir='ltr'><strong>(morale:</strong></span> <span class='ocrx_word' id='word_1_57' title='bbox 916 359 964 385; x_wconf 70' lang='lat' dir='ltr'><strong>mi.</strong></span> 
     </span>
    </p>
   </div>
   <div class='ocr_carea' id='block_1_10' title="bbox 177 404 963 442">
    <p class='ocr_par' dir='ltr' id='par_1_10' title="bbox 177 404 963 442">
     <span class='ocr_line' id='line_1_10' title="bbox 177 404 963 442; baseline -0.004 -8"><span class='ocrx_word' id='word_1_58' title='bbox 177 409 328 442; x_wconf 77' lang='grc' dir='ltr'><strong>ἀκοίμητον</strong></span> <span class='ocrx_word' id='word_1_59' title='bbox 359 407 396 438; x_wconf 78' lang='grc' dir='ltr'><strong>ὡς</strong></span> <span class='ocrx_word' id='word_1_60' title='bbox 424 406 521 437; x_wconf 85' lang='grc' dir='ltr'>σκεῦος</span> <span class='ocrx_word' id='word_1_61' title='bbox 543 405 667 440; x_wconf 80' lang='grc' dir='ltr'>ὑπάρχον</span> <span class='ocrx_word' id='word_1_62' title='bbox 690 404 821 439; x_wconf 79' lang='grc' dir='ltr'>θεοδόχον.</span> <span class='ocrx_word' id='word_1_63' title='bbox 844 405 963 440; x_wconf 80' lang='grc' dir='ltr'>Ἐρῤέτω</span> 
     </span>
    </p>
   </div>
   <div class='ocr_carea' id='block_1_11' title="bbox 174 451 964 488">
    <p class='ocr_par' dir='ltr' id='par_1_11' title="bbox 174 451 964 488">
     <span class='ocr_line' id='line_1_11' title="bbox 174 451 964 488; baseline -0.004 -8"><span class='ocrx_word' id='word_1_64' title='bbox 174 455 270 488; x_wconf 79' lang='grc' dir='ltr'>τάφος,</span> <span class='ocrx_word' id='word_1_65' title='bbox 298 453 404 488; x_wconf 56' lang='lat' dir='ltr'><strong>sepem</strong></span> <span class='ocrx_word' id='word_1_66' title='bbox 421 451 485 487; x_wconf 84' lang='grc' dir='ltr'><strong>χοῦς</strong></span> <span class='ocrx_word' id='word_1_67' title='bbox 509 451 558 478; x_wconf 79' lang='grc' dir='ltr'><strong>ἐπὶ</strong></span> <span class='ocrx_word' id='word_1_68' title='bbox 573 451 625 483; x_wconf 85' lang='grc' dir='ltr'>σοὶ,</span> <span class='ocrx_word' id='word_1_69' title='bbox 646 451 771 478; x_wconf 82' lang='grc' dir='ltr'>Θεοτόκε.</span> <span class='ocrx_word' id='word_1_70' title='bbox 789 461 797 476; x_wconf 77' lang='grc' dir='ltr'><strong>ι</strong></span> <span class='ocrx_word' id='word_1_71' title='bbox 818 451 888 486; x_wconf 84' lang='grc' dir='ltr'><strong>Πρὸς</strong></span> <span class='ocrx_word' id='word_1_72' title='bbox 902 451 964 478; x_wconf 82' lang='grc' dir='ltr'>τού-</span> 
     </span>
    </p>
   </div>
   <div class='ocr_carea' id='block_1_12' title="bbox 174 497 964 533">
    <p class='ocr_par' dir='ltr' id='par_1_12' title="bbox 174 497 964 533">
     <span class='ocr_line' id='line_1_12' title="bbox 174 497 964 533; baseline -0.003 -7"><span class='ocrx_word' id='word_1_73' title='bbox 174 509 231 531; x_wconf 59' lang='grc' dir='ltr'>τνις</span> <span class='ocrx_word' id='word_1_74' title='bbox 243 499 270 526; x_wconf 90' lang='grc' dir='ltr'>δὲ</span> <span class='ocrx_word' id='word_1_75' title='bbox 287 499 301 525; x_wconf 89' lang='lat'><strong>6</strong></span> <span class='ocrx_word' id='word_1_76' title='bbox 315 497 467 533; x_wconf 73' lang='grc' dir='ltr'>ἀγιώτατος</span> <span class='ocrx_word' id='word_1_77' title='bbox 486 497 614 532; x_wconf 79' lang='grc' dir='ltr'><strong>’Δνδρέας</strong></span> <span class='ocrx_word' id='word_1_78' title='bbox 628 497 642 522; x_wconf 91' lang='lat'><strong>6</strong></span> <span class='ocrx_word' id='word_1_79' title='bbox 661 497 774 532; x_wconf 76' lang='grc' dir='ltr'>Κρήτης</span> <span class='ocrx_word' id='word_1_80' title='bbox 796 497 881 532; x_wconf 72' lang='grc' dir='ltr'>αὐτὴν</span> <span class='ocrx_word' id='word_1_81' title='bbox 897 497 964 524; x_wconf 84' lang='grc' dir='ltr'>ταύ-</span> 
     </span>
    </p>
   </div>
   <div class='ocr_carea' id='block_1_13' title="bbox 174 543 964 580">
    <p class='ocr_par' dir='ltr' id='par_1_13' title="bbox 174 543 964 580">
     <span class='ocr_line' id='line_1_13' title="bbox 174 543 964 580; baseline -0.004 -8"><span class='ocrx_word' id='word_1_82' title='bbox 174 554 224 580; x_wconf 76' lang='grc' dir='ltr'><strong>την</strong></span> <span class='ocrx_word' id='word_1_83' title='bbox 251 545 355 579; x_wconf 69' lang='grc' dir='ltr'>εἰσάγει</span> <span class='ocrx_word' id='word_1_84' title='bbox 384 544 515 578; x_wconf 79' lang='grc' dir='ltr'><strong>λέγουσαν</strong></span> <span class='ocrx_word' id='word_1_85' title='bbox 528 544 569 570; x_wconf 82' lang='grc' dir='ltr'>ὅτι</span> <span class='ocrx_word' id='word_1_86' title='bbox 585 543 624 577; x_wconf 81' lang='grc' dir='ltr'>Τῇ</span> <span class='ocrx_word' id='word_1_87' title='bbox 649 543 698 577; x_wconf 79' lang='grc' dir='ltr'>μὲν</span> <span class='ocrx_word' id='word_1_88' title='bbox 724 543 798 577; x_wconf 73' lang='grc' dir='ltr'><strong>ψυχῇ</strong></span> <span class='ocrx_word' id='word_1_89' title='bbox 820 543 964 576; x_wconf 82' lang='grc' dir='ltr'>μεγαλύνω</span> 
     </span>
    </p>
   </div>
   <div class='ocr_carea' id='block_1_14' title="bbox 175 587 964 626">
    <p class='ocr_par' dir='ltr' id='par_1_14' title="bbox 175 587 964 626">
     <span class='ocr_line' id='line_1_14' title="bbox 175 587 964 626; baseline -0.003 -9"><span class='ocrx_word' id='word_1_90' title='bbox 175 591 220 616; x_wconf 79' lang='grc' dir='ltr'><strong>τὸν</strong></span> <span class='ocrx_word' id='word_1_91' title='bbox 235 590 336 626; x_wconf 84' lang='grc' dir='ltr'>Κύριον</span> <span class='ocrx_word' id='word_1_92' title='bbox 349 590 397 616; x_wconf 84' lang='grc' dir='ltr'><strong>καὶ</strong></span> <span class='ocrx_word' id='word_1_93' title='bbox 413 588 633 624; x_wconf 82' lang='grc' dir='ltr'>ἁγαλλιῶμαιτῷ</span> <span class='ocrx_word' id='word_1_94' title='bbox 646 588 795 623; x_wconf 86' lang='grc' dir='ltr'>πνεύματι,</span> <span class='ocrx_word' id='word_1_95' title='bbox 809 587 847 623; x_wconf 83' lang='grc' dir='ltr'>τῷ</span> <span class='ocrx_word' id='word_1_96' title='bbox 860 587 964 623; x_wconf 84' lang='grc' dir='ltr'>σώματι</span> 
     </span>
    </p>
   </div>
   <div class='ocr_carea' id='block_1_15' title="bbox 176 633 964 670">
    <p class='ocr_par' dir='ltr' id='par_1_15' title="bbox 176 633 964 670">
     <span class='ocr_line' id='line_1_15' title="bbox 176 633 964 670; baseline -0.004 -8"><span class='ocrx_word' id='word_1_97' title='bbox 176 635 204 662; x_wconf 72' lang='grc' dir='ltr'><strong>δὲ</strong></span> <span class='ocrx_word' id='word_1_98' title='bbox 221 636 440 670; x_wconf 82' lang='grc' dir='ltr'>μεταλλάττομαι</span> <span class='ocrx_word' id='word_1_99' title='bbox 452 636 498 662; x_wconf 76' lang='grc' dir='ltr'>καὶ</span> <span class='ocrx_word' id='word_1_100' title='bbox 513 634 669 670; x_wconf 77' lang='grc' dir='ltr'>μορφοῦμαι</span> <span class='ocrx_word' id='word_1_101' title='bbox 681 634 730 668; x_wconf 85' lang='grc' dir='ltr'>τὴν</span> <span class='ocrx_word' id='word_1_102' title='bbox 748 634 776 659; x_wconf 79' lang='grc' dir='ltr'>ἐν</span> <span class='ocrx_word' id='word_1_103' title='bbox 792 633 884 668; x_wconf 79' lang='grc' dir='ltr'>χάριτι</span> <span class='ocrx_word' id='word_1_104' title='bbox 897 633 964 660; x_wconf 83' lang='grc' dir='ltr'>θέω-</span> 
     </span>
    </p>
   </div>
   <div class='ocr_carea' id='block_1_16' title="bbox 174 679 663 716">
    <p class='ocr_par' dir='ltr' id='par_1_16' title="bbox 174 679 663 716">
     <span class='ocr_line' id='line_1_16' title="bbox 174 679 663 716; baseline -0.002 -9"><span class='ocrx_word' id='word_1_105' title='bbox 174 690 226 708; x_wconf 83' lang='grc' dir='ltr'>σιν.</span> <span class='ocrx_word' id='word_1_106' title='bbox 246 682 300 709; x_wconf 77' lang='grc' dir='ltr'><strong>Καὶ</strong></span> <span class='ocrx_word' id='word_1_107' title='bbox 313 681 398 708; x_wconf 68' lang='grc' dir='ltr'>ταῦτα</span> <span class='ocrx_word' id='word_1_108' title='bbox 417 681 467 716; x_wconf 82' lang='grc' dir='ltr'>μὲν</span> <span class='ocrx_word' id='word_1_109' title='bbox 483 682 511 712; x_wconf 73' lang='grc' dir='ltr'><strong>ἐς</strong></span> <span class='ocrx_word' id='word_1_110' title='bbox 527 679 663 707; x_wconf 81' lang='grc' dir='ltr'>τοσοῦτον.</span> 
     </span>
    </p>
   </div>
   <div class='ocr_carea' id='block_1_17' title="bbox 1015 223 1802 259">
    <p class='ocr_par' dir='ltr' id='par_1_17' title="bbox 1015 223 1802 259">
     <span class='ocr_line' id='line_1_17' title="bbox 1015 223 1802 259; baseline 0.006 -10"><span class='ocrx_word' id='word_1_111' title='bbox 1015 230 1081 250; x_wconf 85' lang='lat' dir='ltr'><strong>ecce</strong></span> <span class='ocrx_word' id='word_1_112' title='bbox 1106 223 1298 251; x_wconf 88' lang='lat' dir='ltr'><strong>sanctissimus</strong></span> <span class='ocrx_word' id='word_1_113' title='bbox 1317 224 1362 251; x_wconf 89' lang='lat' dir='ltr'><strong>ille</strong></span> <span class='ocrx_word' id='word_1_114' title='bbox 1381 225 1538 259; x_wconf 71' lang='lat' dir='ltr'><strong>patriarcha</strong></span> <span class='ocrx_word' id='word_1_115' title='bbox 1559 225 1712 253; x_wconf 82' lang='lat' dir='ltr'><strong>Germanus</strong></span> <span class='ocrx_word' id='word_1_116' title='bbox 1736 227 1802 255; x_wconf 83' lang='lat' dir='ltr'><strong>hinc</strong></span> 
     </span>
    </p>
   </div>
   <div class='ocr_carea' id='block_1_18' title="bbox 1013 268 1799 305">
    <p class='ocr_par' dir='ltr' id='par_1_18' title="bbox 1013 268 1799 305">
     <span class='ocr_line' id='line_1_18' title="bbox 1013 268 1799 305; baseline 0.005 -11"><span class='ocrx_word' id='word_1_117' title='bbox 1013 268 1158 295; x_wconf 79' lang='lat' dir='ltr'><strong>occasione</strong></span> <span class='ocrx_word' id='word_1_118' title='bbox 1174 272 1301 305; x_wconf 73' lang='lat' dir='ltr'><strong>sumpta,</strong></span> <span class='ocrx_word' id='word_1_119' title='bbox 1323 268 1363 295; x_wconf 91' lang='lat' dir='ltr'><strong>sic</strong></span> <span class='ocrx_word' id='word_1_120' title='bbox 1378 268 1410 296; x_wconf 88' lang='lat' dir='ltr'><strong>ad</strong></span> <span class='ocrx_word' id='word_1_121' title='bbox 1428 269 1541 296; x_wconf 83' lang='lat' dir='ltr'><strong>verbum</strong></span> <span class='ocrx_word' id='word_1_122' title='bbox 1558 269 1584 296; x_wconf 90' lang='lat' dir='ltr'><strong>in</strong></span> <span class='ocrx_word' id='word_1_123' title='bbox 1605 271 1732 298; x_wconf 89' lang='lat' dir='ltr'><strong>oratione</strong></span> <span class='ocrx_word' id='word_1_124' title='bbox 1752 280 1799 298; x_wconf 83' lang='lat' dir='ltr'><strong>sua</strong></span> 
     </span>
    </p>
   </div>
   <div class='ocr_carea' id='block_1_19' title="bbox 1012 313 1802 351">
    <p class='ocr_par' dir='ltr' id='par_1_19' title="bbox 1012 313 1802 351">
     <span class='ocr_line' id='line_1_19' title="bbox 1012 313 1802 351; baseline 0.005 -11"><span class='ocrx_word' id='word_1_125' title='bbox 1012 313 1046 340; x_wconf 90' lang='lat' dir='ltr'><strong>de</strong></span> <span class='ocrx_word' id='word_1_126' title='bbox 1061 313 1266 341; x_wconf 89' lang='lat' dir='ltr'><strong>obdormitione</strong></span> <span class='ocrx_word' id='word_1_127' title='bbox 1279 314 1399 348; x_wconf 78' lang='lat' dir='ltr'><strong>Virginis</strong></span> <span class='ocrx_word' id='word_1_128' title='bbox 1416 315 1556 349; x_wconf 92' lang='lat' dir='ltr'><strong>loquitur:</strong></span> <span class='ocrx_word' id='word_1_129' title='bbox 1577 325 1586 342; x_wconf 73' lang='grc' dir='ltr'><strong>ι</strong></span> <span class='ocrx_word' id='word_1_130' title='bbox 1605 316 1719 351; x_wconf 76' lang='lat' dir='ltr'><strong>Semper</strong></span> <span class='ocrx_word' id='word_1_131' title='bbox 1735 318 1802 344; x_wconf 81' lang='lat' dir='ltr'><strong>vivit</strong></span> 
     </span>
    </p>
   </div>
   <div class='ocr_carea' id='block_1_20' title="bbox 1013 359 1802 398">
    <p class='ocr_par' dir='ltr' id='par_1_20' title="bbox 1013 359 1802 398">
     <span class='ocr_line' id='line_1_20' title="bbox 1013 359 1802 398; baseline 0.006 -13"><span class='ocrx_word' id='word_1_132' title='bbox 1013 359 1127 394; x_wconf 77' lang='lat' dir='ltr'><strong>spiritus</strong></span> <span class='ocrx_word' id='word_1_133' title='bbox 1151 363 1225 390; x_wconf 87' lang='lat' dir='ltr'><strong>tuus.</strong></span> <span class='ocrx_word' id='word_1_134' title='bbox 1251 364 1279 387; x_wconf 91' lang='lat' dir='ltr'><strong>et</strong></span> <span class='ocrx_word' id='word_1_135' title='bbox 1299 368 1363 387; x_wconf 88' lang='lat' dir='ltr'><strong>caro</strong></span> <span class='ocrx_word' id='word_1_136' title='bbox 1380 365 1424 387; x_wconf 92' lang='lat' dir='ltr'><strong>tua</strong></span> <span class='ocrx_word' id='word_1_137' title='bbox 1441 362 1621 396; x_wconf 86' lang='lat' dir='ltr'><strong>sepulcralem</strong></span> <span class='ocrx_word' id='word_1_138' title='bbox 1647 364 1802 398; x_wconf 83' lang='lat' dir='ltr'><strong>corruptio-</strong></span> 
     </span>
    </p>
   </div>
   <div class='ocr_carea' id='block_1_21' title="bbox 1012 407 1801 444">
    <p class='ocr_par' dir='ltr' id='par_1_21' title="bbox 1012 407 1801 444">
     <span class='ocr_line' id='line_1_21' title="bbox 1012 407 1801 444; baseline 0.003 -10"><span class='ocrx_word' id='word_1_139' title='bbox 1012 414 1074 434; x_wconf 90' lang='lat' dir='ltr'><strong>nem</strong></span> <span class='ocrx_word' id='word_1_140' title='bbox 1091 415 1145 434; x_wconf 93' lang='lat' dir='ltr'><strong>non</strong></span> <span class='ocrx_word' id='word_1_141' title='bbox 1158 412 1200 434; x_wconf 90' lang='lat' dir='ltr'><strong>est</strong></span> <span class='ocrx_word' id='word_1_142' title='bbox 1214 411 1336 442; x_wconf 80' lang='lat' dir='ltr'><strong>experta.</strong></span> <span class='ocrx_word' id='word_1_143' title='bbox 1355 407 1452 434; x_wconf 83' lang='lat' dir='ltr'><strong>Omnia</strong></span> <span class='ocrx_word' id='word_1_144' title='bbox 1471 408 1599 440; x_wconf 91' lang='lat' dir='ltr'><strong>intueris,</strong></span> <span class='ocrx_word' id='word_1_145' title='bbox 1625 415 1651 435; x_wconf 93' lang='lat' dir='ltr'><strong>ct</strong></span> <span class='ocrx_word' id='word_1_146' title='bbox 1668 409 1801 444; x_wconf 84' lang='lat' dir='ltr'><strong>inspectio</strong></span> 
     </span>
    </p>
   </div>
   <div class='ocr_carea' id='block_1_22' title="bbox 1012 453 1802 490">
    <p class='ocr_par' dir='ltr' id='par_1_22' title="bbox 1012 453 1802 490">
     <span class='ocr_line' id='line_1_22' title="bbox 1012 453 1802 490; baseline 0.003 -10"><span class='ocrx_word' id='word_1_147' title='bbox 1012 457 1058 480; x_wconf 90' lang='lat' dir='ltr'><strong>tua</strong></span> <span class='ocrx_word' id='word_1_148' title='bbox 1074 458 1285 480; x_wconf 79' lang='lat' dir='ltr'><strong>versuscnncta</strong></span> <span class='ocrx_word' id='word_1_149' title='bbox 1312 453 1450 488; x_wconf 81' lang='lat' dir='ltr'><strong>dirigitur.</strong></span> <span class='ocrx_word' id='word_1_150' title='bbox 1481 453 1541 486; x_wconf 85' lang='lat' dir='ltr'><strong>Quo</strong></span> <span class='ocrx_word' id='word_1_151' title='bbox 1570 454 1599 481; x_wconf 79' lang='lat' dir='ltr'><strong>tit</strong></span> <span class='ocrx_word' id='word_1_152' title='bbox 1623 460 1653 482; x_wconf 93' lang='lat' dir='ltr'><strong>ut</strong></span> <span class='ocrx_word' id='word_1_153' title='bbox 1676 456 1802 490; x_wconf 73' lang='lat' dir='ltr'><strong>quamvis</strong></span> 
     </span>
    </p>
   </div>
   <div class='ocr_carea' id='block_1_23' title="bbox 1013 498 1799 533">
    <p class='ocr_par' dir='ltr' id='par_1_23' title="bbox 1013 498 1799 533">
     <span class='ocr_line' id='line_1_23' title="bbox 1013 498 1799 533; baseline 0.001 -9"><span class='ocrx_word' id='word_1_154' title='bbox 1013 498 1085 524; x_wconf 83' lang='lat' dir='ltr'><strong>oculi</strong></span> <span class='ocrx_word' id='word_1_155' title='bbox 1114 498 1201 525; x_wconf 84' lang='lat' dir='ltr'><strong>nostri</strong></span> <span class='ocrx_word' id='word_1_156' title='bbox 1231 499 1434 533; x_wconf 62' lang='lat' dir='ltr'><strong>praepediuntur</strong></span> <span class='ocrx_word' id='word_1_157' title='bbox 1461 499 1609 533; x_wconf 88' lang='lat' dir='ltr'><strong>quominus</strong></span> <span class='ocrx_word' id='word_1_158' title='bbox 1631 504 1656 526; x_wconf 90' lang='lat' dir='ltr'><strong>te</strong></span> <span class='ocrx_word' id='word_1_159' title='bbox 1675 505 1799 530; x_wconf 78' lang='lat' dir='ltr'><strong>cernant.</strong></span> 
     </span>
    </p>
   </div>
   <div class='ocr_carea' id='block_1_24' title="bbox 1015 543 1802 578">
    <p class='ocr_par' dir='ltr' id='par_1_24' title="bbox 1015 543 1802 578">
     <span class='ocr_line' id='line_1_24' title="bbox 1015 543 1802 578; baseline 0.003 -9"><span class='ocrx_word' id='word_1_160' title='bbox 1015 547 1042 569; x_wconf 93' lang='lat' dir='ltr'><strong>tu</strong></span> <span class='ocrx_word' id='word_1_161' title='bbox 1064 547 1168 575; x_wconf 81' lang='lat' dir='ltr'><strong>tamen,</strong></span> <span class='ocrx_word' id='word_1_162' title='bbox 1188 543 1268 577; x_wconf 75' lang='lat' dir='ltr'><strong>Virgo</strong></span> <span class='ocrx_word' id='word_1_163' title='bbox 1295 543 1469 570; x_wconf 88' lang='lat' dir='ltr'><strong>sanctissima</strong></span> <span class='ocrx_word' id='word_1_164' title='bbox 1484 564 1491 575; x_wconf 89' lang='lat'><strong>,</strong></span> <span class='ocrx_word' id='word_1_165' title='bbox 1519 543 1609 578; x_wconf 74' lang='lat' dir='ltr'><strong>dignis</strong></span> <span class='ocrx_word' id='word_1_166' title='bbox 1627 550 1710 571; x_wconf 76' lang='lat' dir='ltr'><strong>temet</strong></span> <span class='ocrx_word' id='word_1_167' title='bbox 1736 552 1802 571; x_wconf 88' lang='lat' dir='ltr'><strong>con-</strong></span> 
     </span>
    </p>
   </div>
   <div class='ocr_carea' id='block_1_25' title="bbox 1012 587 1800 623">
    <p class='ocr_par' dir='ltr' id='par_1_25' title="bbox 1012 587 1800 623">
     <span class='ocr_line' id='line_1_25' title="bbox 1012 587 1800 623; baseline 0.001 -9"><span class='ocrx_word' id='word_1_168' title='bbox 1012 587 1183 621; x_wconf 86' lang='lat' dir='ltr'><strong>spiciendam</strong></span> <span class='ocrx_word' id='word_1_169' title='bbox 1200 588 1333 623; x_wconf 69' lang='lat' dir='ltr'><strong>praebeas.</strong></span> <span class='ocrx_word' id='word_1_170' title='bbox 1363 588 1430 615; x_wconf 88' lang='lat' dir='ltr'><strong>Nam</strong></span> <span class='ocrx_word' id='word_1_171' title='bbox 1457 597 1522 616; x_wconf 91' lang='lat' dir='ltr'><strong>caro</strong></span> <span class='ocrx_word' id='word_1_172' title='bbox 1539 589 1564 616; x_wconf 96' lang='lat' dir='ltr'><strong>vi</strong></span> <span class='ocrx_word' id='word_1_173' title='bbox 1591 594 1618 616; x_wconf 89' lang='lat' dir='ltr'><strong>ct</strong></span> <span class='ocrx_word' id='word_1_174' title='bbox 1647 589 1800 617; x_wconf 83' lang='lat' dir='ltr'><strong>etlicaeitati</strong></span> 
     </span>
    </p>
   </div>
   <div class='ocr_carea' id='block_1_26' title="bbox 1014 633 1799 670">
    <p class='ocr_par' dir='ltr' id='par_1_26' title="bbox 1014 633 1799 670">
     <span class='ocr_line' id='line_1_26' title="bbox 1014 633 1799 670; baseline 0.005 -11"><span class='ocrx_word' id='word_1_175' title='bbox 1014 633 1127 668; x_wconf 91' lang='lat' dir='ltr'><strong>spiritus</strong></span> <span class='ocrx_word' id='word_1_176' title='bbox 1146 634 1182 660; x_wconf 91' lang='lat' dir='ltr'><strong>tui</strong></span> <span class='ocrx_word' id='word_1_177' title='bbox 1197 634 1293 668; x_wconf 83' lang='lat' dir='ltr'><strong>nequit</strong></span> <span class='ocrx_word' id='word_1_178' title='bbox 1309 633 1420 662; x_wconf 72' lang='lat' dir='ltr'><strong>ofﬁcere</strong></span> <span class='ocrx_word' id='word_1_179' title='bbox 1435 635 1476 662; x_wconf 87' lang='lat' dir='ltr'><strong>vel</strong></span> <span class='ocrx_word' id='word_1_180' title='bbox 1491 635 1688 670; x_wconf 88' lang='lat' dir='ltr'><strong>impedimento</strong></span> <span class='ocrx_word' id='word_1_181' title='bbox 1703 643 1773 663; x_wconf 88' lang='lat' dir='ltr'><strong>esse.</strong></span> <span class='ocrx_word' id='word_1_182' title='bbox 1791 646 1799 662; x_wconf 74' lang='grc' dir='ltr'><strong>ι</strong></span> 
     </span>
    </p>
   </div>
   <div class='ocr_carea' id='block_1_27' title="bbox 1015 679 1802 716">
    <p class='ocr_par' dir='ltr' id='par_1_27' title="bbox 1015 679 1802 716">
     <span class='ocr_line' id='line_1_27' title="bbox 1015 679 1802 716; baseline 0.005 -11"><span class='ocrx_word' id='word_1_183' title='bbox 1015 680 1052 706; x_wconf 79' lang='lat' dir='ltr'><strong>Ae</strong></span> <span class='ocrx_word' id='word_1_184' title='bbox 1067 687 1175 706; x_wconf 84' lang='lat' dir='ltr'><strong>rursum</strong></span> <span class='ocrx_word' id='word_1_185' title='bbox 1189 688 1195 706; x_wconf 87' lang='lat'><strong>:</strong></span> <span class='ocrx_word' id='word_1_186' title='bbox 1212 689 1220 705; x_wconf 76' lang='grc' dir='ltr'><strong>ι</strong></span> <span class='ocrx_word' id='word_1_187' title='bbox 1236 679 1342 714; x_wconf 90' lang='lat' dir='ltr'><strong>Corpus</strong></span> <span class='ocrx_word' id='word_1_188' title='bbox 1359 684 1434 706; x_wconf 87' lang='lat' dir='ltr'><strong>tuutn</strong></span> <span class='ocrx_word' id='word_1_189' title='bbox 1446 681 1599 716; x_wconf 80' lang='lat' dir='ltr'><strong>virgineum</strong></span> <span class='ocrx_word' id='word_1_190' title='bbox 1612 681 1725 709; x_wconf 88' lang='lat' dir='ltr'><strong>omnino</strong></span> <span class='ocrx_word' id='word_1_191' title='bbox 1739 690 1802 709; x_wconf 87' lang='lat' dir='ltr'><strong>san-</strong></span> 
     </span>
    </p>
   </div>
   <div class='ocr_carea' id='block_1_28' title="bbox 174 726 1804 763">
    <p class='ocr_par' dir='ltr' id='par_1_28' title="bbox 174 726 1804 763">
     <span class='ocr_line' id='line_1_28' title="bbox 174 726 1804 763; baseline -0.001 -6"><span class='ocrx_word' id='word_1_192' title='bbox 174 735 248 756; x_wconf 90' lang='lat' dir='ltr'><strong>ctum</strong></span> <span class='ocrx_word' id='word_1_193' title='bbox 261 734 314 760; x_wconf 85' lang='lat' dir='ltr'><strong>est,</strong></span> <span class='ocrx_word' id='word_1_194' title='bbox 331 734 358 757; x_wconf 93' lang='lat' dir='ltr'><strong>et</strong></span> <span class='ocrx_word' id='word_1_195' title='bbox 372 729 522 756; x_wconf 90' lang='lat' dir='ltr'><strong>humanum</strong></span> <span class='ocrx_word' id='word_1_196' title='bbox 536 727 659 762; x_wconf 84' lang='lat' dir='ltr'><strong>quidem,</strong></span> <span class='ocrx_word' id='word_1_197' title='bbox 676 727 722 754; x_wconf 90' lang='lat' dir='ltr'><strong>sed</strong></span> <span class='ocrx_word' id='word_1_198' title='bbox 744 727 816 762; x_wconf 91' lang='lat' dir='ltr'><strong>quod</strong></span> <span class='ocrx_word' id='word_1_199' title='bbox 839 726 872 754; x_wconf 83' lang='lat' dir='ltr'><strong>ad</strong></span> <span class='ocrx_word' id='word_1_200' title='bbox 904 734 1039 754; x_wconf 88' lang='lat' dir='ltr'><strong>sunnnam</strong></span> <span class='ocrx_word' id='word_1_201' title='bbox 1062 726 1278 753; x_wconf 76' lang='lat' dir='ltr'><strong>immortalitatis</strong></span> <span class='ocrx_word' id='word_1_202' title='bbox 1315 727 1397 754; x_wconf 82' lang='lat' dir='ltr'><strong>vitam</strong></span> <span class='ocrx_word' id='word_1_203' title='bbox 1432 730 1588 762; x_wconf 80' lang='lat' dir='ltr'><strong>pervenerit</strong></span> <span class='ocrx_word' id='word_1_204' title='bbox 1609 729 1733 763; x_wconf 83' lang='lat' dir='ltr'><strong>adeoque</strong></span> <span class='ocrx_word' id='word_1_205' title='bbox 1762 730 1804 757; x_wconf 90' lang='lat' dir='ltr'><strong>in-</strong></span> 
     </span>
    </p>
   </div>
   <div class='ocr_carea' id='block_1_29' title="bbox 173 773 1803 810">
    <p class='ocr_par' dir='ltr' id='par_1_29' title="bbox 173 773 1803 810">
     <span class='ocr_line' id='line_1_29' title="bbox 173 773 1803 810; baseline 0 -8"><span class='ocrx_word' id='word_1_206' title='bbox 173 781 280 809; x_wconf 83' lang='lat' dir='ltr'><strong>tegrum</strong></span> <span class='ocrx_word' id='word_1_207' title='bbox 299 775 334 803; x_wconf 91' lang='lat' dir='ltr'><strong>sit</strong></span> <span class='ocrx_word' id='word_1_208' title='bbox 349 780 377 803; x_wconf 87' lang='lat' dir='ltr'><strong>et</strong></span> <span class='ocrx_word' id='word_1_209' title='bbox 408 775 534 802; x_wconf 87' lang='lat' dir='ltr'><strong>absolute</strong></span> <span class='ocrx_word' id='word_1_210' title='bbox 551 774 640 800; x_wconf 83' lang='lat' dir='ltr'><strong>rivum</strong></span> <span class='ocrx_word' id='word_1_211' title='bbox 657 778 685 801; x_wconf 87' lang='lat' dir='ltr'><strong>et</strong></span> <span class='ocrx_word' id='word_1_212' title='bbox 701 773 896 800; x_wconf 80' lang='lat' dir='ltr'><strong>obdormitioni</strong></span> <span class='ocrx_word' id='word_1_213' title='bbox 913 781 968 800; x_wconf 90' lang='lat' dir='ltr'><strong>non</strong></span> <span class='ocrx_word' id='word_1_214' title='bbox 987 773 1148 805; x_wconf 71' lang='lat' dir='ltr'><strong>obnoxium,</strong></span> <span class='ocrx_word' id='word_1_215' title='bbox 1168 773 1269 808; x_wconf 89' lang='lat' dir='ltr'><strong>quippe</strong></span> <span class='ocrx_word' id='word_1_216' title='bbox 1285 773 1356 807; x_wconf 88' lang='lat' dir='ltr'><strong>quod</strong></span> <span class='ocrx_word' id='word_1_217' title='bbox 1379 781 1424 800; x_wconf 80' lang='lat' dir='ltr'><strong>ras</strong></span> <span class='ocrx_word' id='word_1_218' title='bbox 1450 774 1495 801; x_wconf 87' lang='lat' dir='ltr'><strong>Dei</strong></span> <span class='ocrx_word' id='word_1_219' title='bbox 1530 782 1614 810; x_wconf 83' lang='lat' dir='ltr'><strong>capax</strong></span> <span class='ocrx_word' id='word_1_220' title='bbox 1639 775 1732 802; x_wconf 80' lang='lat' dir='ltr'><strong>fuerit.</strong></span> <span class='ocrx_word' id='word_1_221' title='bbox 1752 776 1803 803; x_wconf 79' lang='lat' dir='ltr'><strong>Va-</strong></span> 
     </span>
    </p>
   </div>
   <div class='ocr_carea' id='block_1_30' title="bbox 172 820 1805 857">
    <p class='ocr_par' dir='ltr' id='par_1_30' title="bbox 172 820 1805 857">
     <span class='ocr_line' id='line_1_30' title="bbox 172 820 1805 857; baseline 0.001 -8"><span class='ocrx_word' id='word_1_222' title='bbox 172 822 237 853; x_wconf 84' lang='lat' dir='ltr'><strong>leat,</strong></span> <span class='ocrx_word' id='word_1_223' title='bbox 252 827 279 849; x_wconf 88' lang='lat' dir='ltr'><strong>te</strong></span> <span class='ocrx_word' id='word_1_224' title='bbox 292 822 365 857; x_wconf 89' lang='lat' dir='ltr'><strong>quod</strong></span> <span class='ocrx_word' id='word_1_225' title='bbox 382 822 491 852; x_wconf 85' lang='lat' dir='ltr'><strong>attinet.</strong></span> <span class='ocrx_word' id='word_1_226' title='bbox 518 821 693 855; x_wconf 86' lang='lat' dir='ltr'><strong>sepulcrum;</strong></span> <span class='ocrx_word' id='word_1_227' title='bbox 712 820 799 857; x_wconf 68' lang='lat' dir='ltr'><strong>valeat</strong></span> <span class='ocrx_word' id='word_1_228' title='bbox 819 820 918 854; x_wconf 89' lang='lat' dir='ltr'><strong>pulvis,</strong></span> <span class='ocrx_word' id='word_1_229' title='bbox 941 828 957 847; x_wconf 96' lang='grc' dir='ltr'><strong>ο</strong></span> <span class='ocrx_word' id='word_1_230' title='bbox 979 820 1103 854; x_wconf 83' lang='lat' dir='ltr'><strong>Deipara.</strong></span> <span class='ocrx_word' id='word_1_231' title='bbox 1125 829 1133 845; x_wconf 75' lang='grc' dir='ltr'><strong>ι</strong></span> <span class='ocrx_word' id='word_1_232' title='bbox 1155 820 1226 852; x_wconf 87' lang='lat' dir='ltr'><strong>Quin</strong></span> <span class='ocrx_word' id='word_1_233' title='bbox 1245 821 1329 857; x_wconf 83' lang='lat' dir='ltr'><strong>etiam</strong></span> <span class='ocrx_word' id='word_1_234' title='bbox 1362 822 1554 849; x_wconf 86' lang='lat' dir='ltr'><strong>sanctissimus</strong></span> <span class='ocrx_word' id='word_1_235' title='bbox 1587 823 1632 851; x_wconf 92' lang='lat' dir='ltr'><strong>ille</strong></span> <span class='ocrx_word' id='word_1_236' title='bbox 1665 823 1805 851; x_wconf 88' lang='lat' dir='ltr'><strong>Cretensis</strong></span> 
     </span>
    </p>
   </div>
   <div class='ocr_carea' id='block_1_31' title="bbox 174 864 1801 902">
    <p class='ocr_par' dir='ltr' id='par_1_31' title="bbox 174 864 1801 902">
     <span class='ocr_line' id='line_1_31' title="bbox 174 864 1801 902; baseline 0.001 -7"><span class='ocrx_word' id='word_1_237' title='bbox 174 868 272 902; x_wconf 65' lang='grc' dir='ltr'><strong>[πωδυί</strong></span> <span class='ocrx_word' id='word_1_238' title='bbox 289 867 412 895; x_wconf 85' lang='lat' dir='ltr'><strong>Andreas</strong></span> <span class='ocrx_word' id='word_1_239' title='bbox 431 868 457 894; x_wconf 95' lang='lat' dir='ltr'><strong>in</strong></span> <span class='ocrx_word' id='word_1_240' title='bbox 477 867 551 894; x_wconf 91' lang='lat' dir='ltr'><strong>hunc</strong></span> <span class='ocrx_word' id='word_1_241' title='bbox 564 866 675 893; x_wconf 88' lang='lat' dir='ltr'><strong>modum</strong></span> <span class='ocrx_word' id='word_1_242' title='bbox 697 866 783 900; x_wconf 81' lang='lat' dir='ltr'><strong>ipsam</strong></span> <span class='ocrx_word' id='word_1_243' title='bbox 817 866 974 899; x_wconf 89' lang='lat' dir='ltr'><strong>loquentem</strong></span> <span class='ocrx_word' id='word_1_244' title='bbox 996 864 1164 892; x_wconf 86' lang='lat' dir='ltr'><strong>introducit:</strong></span> <span class='ocrx_word' id='word_1_245' title='bbox 1198 874 1207 890; x_wconf 81' lang='grc' dir='ltr'><strong>ι</strong></span> <span class='ocrx_word' id='word_1_246' title='bbox 1229 865 1326 892; x_wconf 78' lang='lat' dir='ltr'><strong>Animo</strong></span> <span class='ocrx_word' id='word_1_247' title='bbox 1346 866 1457 900; x_wconf 88' lang='lat' dir='ltr'><strong>quidem</strong></span> <span class='ocrx_word' id='word_1_248' title='bbox 1485 867 1627 901; x_wconf 79' lang='lat' dir='ltr'><strong>magniﬁce</strong></span> <span class='ocrx_word' id='word_1_249' title='bbox 1652 869 1801 896; x_wconf 84' lang='lat' dir='ltr'><strong>Dominum</strong></span> 
     </span>
    </p>
   </div>
   <div class='ocr_carea' id='block_1_32' title="bbox 173 909 1805 947">
    <p class='ocr_par' dir='ltr' id='par_1_32' title="bbox 173 909 1805 947">
     <span class='ocr_line' id='line_1_32' title="bbox 173 909 1805 947; baseline 0.001 -7"><span class='ocrx_word' id='word_1_250' title='bbox 173 913 282 942; x_wconf 81' lang='lat' dir='ltr'><strong>celebro</strong></span> <span class='ocrx_word' id='word_1_251' title='bbox 308 917 335 940; x_wconf 91' lang='lat' dir='ltr'><strong>et</strong></span> <span class='ocrx_word' id='word_1_252' title='bbox 372 913 469 947; x_wconf 85' lang='lat' dir='ltr'><strong>spiritu</strong></span> <span class='ocrx_word' id='word_1_253' title='bbox 494 912 619 942; x_wconf 80' lang='lat' dir='ltr'><strong>exsulto,</strong></span> <span class='ocrx_word' id='word_1_254' title='bbox 656 918 769 945; x_wconf 79' lang='lat' dir='ltr'><strong>corpore</strong></span> <span class='ocrx_word' id='word_1_255' title='bbox 796 918 861 938; x_wconf 86' lang='lat' dir='ltr'><strong>\cro</strong></span> <span class='ocrx_word' id='word_1_256' title='bbox 880 910 1012 937; x_wconf 88' lang='lat' dir='ltr'><strong>itnmutor</strong></span> <span class='ocrx_word' id='word_1_257' title='bbox 1031 915 1059 937; x_wconf 80' lang='lat' dir='ltr'><strong>et</strong></span> <span class='ocrx_word' id='word_1_258' title='bbox 1084 910 1115 936; x_wconf 89' lang='lat' dir='ltr'><strong>ad</strong></span> <span class='ocrx_word' id='word_1_259' title='bbox 1147 909 1316 937; x_wconf 77' lang='lat' dir='ltr'><strong>divinitatem</strong></span> <span class='ocrx_word' id='word_1_260' title='bbox 1331 918 1363 938; x_wconf 80' lang='lat' dir='ltr'><strong>ex</strong></span> <span class='ocrx_word' id='word_1_261' title='bbox 1388 911 1475 946; x_wconf 78' lang='lat' dir='ltr'><strong>gratia</strong></span> <span class='ocrx_word' id='word_1_262' title='bbox 1500 913 1650 946; x_wconf 79' lang='lat' dir='ltr'><strong>profectam</strong></span> <span class='ocrx_word' id='word_1_263' title='bbox 1673 915 1805 942; x_wconf 77' lang='lat' dir='ltr'><strong>transfor-</strong></span> 
     </span>
    </p>
   </div>
   <div class='ocr_carea' id='block_1_33' title="bbox 175 959 725 994">
    <p class='ocr_par' dir='ltr' id='par_1_33' title="bbox 175 959 725 994">
     <span class='ocr_line' id='line_1_33' title="bbox 175 959 725 994; baseline -0.007 -5"><span class='ocrx_word' id='word_1_264' title='bbox 175 970 244 989; x_wconf 88' lang='lat' dir='ltr'><strong>mor.</strong></span> <span class='ocrx_word' id='word_1_265' title='bbox 265 971 274 986; x_wconf 70' lang='grc' dir='ltr'><strong>ι</strong></span> <span class='ocrx_word' id='word_1_266' title='bbox 295 960 334 988; x_wconf 84' lang='lat' dir='ltr'><strong>Ac</strong></span> <span class='ocrx_word' id='word_1_267' title='bbox 351 960 384 987; x_wconf 83' lang='lat' dir='ltr'><strong>de</strong></span> <span class='ocrx_word' id='word_1_268' title='bbox 400 960 442 987; x_wconf 88' lang='lat' dir='ltr'><strong>his</strong></span> <span class='ocrx_word' id='word_1_269' title='bbox 456 960 566 994; x_wconf 86' lang='lat' dir='ltr'><strong>quidem</strong></span> <span class='ocrx_word' id='word_1_270' title='bbox 583 959 725 986; x_wconf 82' lang='lat' dir='ltr'><strong>hactenus.</strong></span> 
     </span>
    </p>
   </div>
   <div class='ocr_carea' id='block_1_34' title="bbox 209 1007 995 1043">
    <p class='ocr_par' dir='ltr' id='par_1_34' title="bbox 209 1007 995 1043">
     <span class='ocr_line' id='line_1_34' title="bbox 209 1007 995 1043; baseline -0.005 -7"><span class='ocrx_word' id='word_1_271' title='bbox 209 1010 286 1036; x_wconf 74' lang='grc' dir='ltr'>Μετὰ</span> <span class='ocrx_word' id='word_1_272' title='bbox 304 1010 332 1035; x_wconf 83' lang='grc' dir='ltr'><strong>δὲ</strong></span> <span class='ocrx_word' id='word_1_273' title='bbox 360 1007 518 1042; x_wconf 64' lang='grc' dir='ltr'>Αὕγοιστον</span> <span class='ocrx_word' id='word_1_274' title='bbox 535 1008 592 1043; x_wconf 75' lang='grc'><strong>(61)</strong></span> <span class='ocrx_word' id='word_1_275' title='bbox 612 1008 742 1042; x_wconf 82' lang='grc' dir='ltr'>Καίσαρα</span> <span class='ocrx_word' id='word_1_276' title='bbox 766 1008 862 1042; x_wconf 85' lang='grc' dir='ltr'>κρατεῖ</span> <span class='ocrx_word' id='word_1_277' title='bbox 879 1007 959 1033; x_wconf 80' lang='grc' dir='ltr'><strong>Τιῦἐ-</strong></span> <span class='ocrx_word' id='word_1_278' title='bbox 975 1011 995 1037; x_wconf 80' lang='grc' dir='ltr'><strong>Β</strong></span> 
     </span>
    </p>
   </div>
   <div class='ocr_carea' id='block_1_35' title="bbox 175 1053 962 1090">
    <p class='ocr_par' dir='ltr' id='par_1_35' title="bbox 175 1053 962 1090">
     <span class='ocr_line' id='line_1_35' title="bbox 175 1053 962 1090; baseline -0.004 -9"><span class='ocrx_word' id='word_1_279' title='bbox 175 1063 231 1090; x_wconf 67' lang='lat' dir='ltr'><strong>pro;</strong></span> <span class='ocrx_word' id='word_1_280' title='bbox 245 1053 329 1086; x_wconf 73' lang='grc' dir='ltr'><strong>ὀύἱὺς</strong></span> <span class='ocrx_word' id='word_1_281' title='bbox 343 1053 425 1080; x_wconf 79' lang='grc' dir='ltr'>αὑτοῦ</span> <span class='ocrx_word' id='word_1_282' title='bbox 441 1053 488 1088; x_wconf 72' lang='grc' dir='ltr'>ἔτη</span> <span class='ocrx_word' id='word_1_283' title='bbox 508 1056 561 1087; x_wconf 82' lang='grc' dir='ltr'><strong>κγ’.</strong></span> <span class='ocrx_word' id='word_1_284' title='bbox 578 1053 663 1084; x_wconf 80' lang='grc' dir='ltr'>Οὗτος</span> <span class='ocrx_word' id='word_1_285' title='bbox 680 1053 776 1084; x_wconf 76' lang='grc' dir='ltr'>κτίσας</span> <span class='ocrx_word' id='word_1_286' title='bbox 792 1053 868 1079; x_wconf 79' lang='grc' dir='ltr'>πόλιν</span> <span class='ocrx_word' id='word_1_287' title='bbox 886 1053 962 1086; x_wconf 62' lang='grc' dir='ltr'>παρὰ</span> 
     </span>
    </p>
   </div>
   <div class='ocr_carea' id='block_1_36' title="bbox 173 1095 960 1136">
    <p class='ocr_par' dir='ltr' id='par_1_36' title="bbox 173 1095 960 1136">
     <span class='ocr_line' id='line_1_36' title="bbox 173 1095 960 1136; baseline -0.005 -9"><span class='ocrx_word' id='word_1_288' title='bbox 173 1102 206 1136; x_wconf 83' lang='grc' dir='ltr'>τῇ</span> <span class='ocrx_word' id='word_1_289' title='bbox 239 1100 322 1135; x_wconf 81' lang='grc' dir='ltr'>λίμνῃ</span> <span class='ocrx_word' id='word_1_290' title='bbox 352 1099 503 1134; x_wconf 71' lang='grc' dir='ltr'>Τιϐεριάδα</span> <span class='ocrx_word' id='word_1_291' title='bbox 534 1099 637 1132; x_wconf 79' lang='grc' dir='ltr'>ταύτην</span> <span class='ocrx_word' id='word_1_292' title='bbox 665 1098 818 1132; x_wconf 73' lang='grc' dir='ltr'>ὠνόμασεν.</span> <span class='ocrx_word' id='word_1_293' title='bbox 843 1098 901 1132; x_wconf 76' lang='grc' dir='ltr'><strong>Ἐφ’</strong></span> <span class='ocrx_word' id='word_1_294' title='bbox 930 1095 960 1124; x_wconf 74' lang='grc' dir='ltr'>οὗ</span> 
     </span>
    </p>
   </div>
   <div class='ocr_carea' id='block_1_37' title="bbox 175 1143 961 1181">
    <p class='ocr_par' dir='ltr' id='par_1_37' title="bbox 175 1143 961 1181">
     <span class='ocr_line' id='line_1_37' title="bbox 175 1143 961 1181; baseline -0.004 -8"><span class='ocrx_word' id='word_1_295' title='bbox 175 1147 286 1181; x_wconf 72' lang='grc' dir='ltr'>σεισμὺς</span> <span class='ocrx_word' id='word_1_296' title='bbox 303 1146 422 1181; x_wconf 81' lang='grc' dir='ltr'>γεγονὼς</span> <span class='ocrx_word' id='word_1_297' title='bbox 439 1145 453 1172; x_wconf 92' lang='grc' dir='ltr'>ι’</span> <span class='ocrx_word' id='word_1_298' title='bbox 467 1147 515 1173; x_wconf 70' lang='grc' dir='ltr'><strong>καὶ</strong></span> <span class='ocrx_word' id='word_1_299' title='bbox 530 1148 554 1179; x_wconf 88' lang='grc' dir='ltr'>γ’</span> <span class='ocrx_word' id='word_1_300' title='bbox 573 1145 665 1176; x_wconf 76' lang='grc' dir='ltr'>πόλεις</span> <span class='ocrx_word' id='word_1_301' title='bbox 681 1146 846 1180; x_wconf 82' lang='grc' dir='ltr'>κατέχωσεν.</span> <span class='ocrx_word' id='word_1_302' title='bbox 867 1145 896 1170; x_wconf 84' lang='grc' dir='ltr'>Ὀ</span> <span class='ocrx_word' id='word_1_303' title='bbox 914 1143 961 1171; x_wconf 79' lang='grc' dir='ltr'>Τι-</span> 
     </span>
    </p>
   </div>
   <div class='ocr_carea' id='block_1_38' title="bbox 173 1190 961 1227">
    <p class='ocr_par' dir='ltr' id='par_1_38' title="bbox 173 1190 961 1227">
     <span class='ocr_line' id='line_1_38' title="bbox 173 1190 961 1227; baseline -0.003 -9"><span class='ocrx_word' id='word_1_304' title='bbox 173 1193 263 1226; x_wconf 77' lang='grc' dir='ltr'><strong>6έριος</strong></span> <span class='ocrx_word' id='word_1_305' title='bbox 280 1190 357 1224; x_wconf 78' lang='grc' dir='ltr'>οὗτος</span> <span class='ocrx_word' id='word_1_306' title='bbox 375 1192 438 1224; x_wconf 75' lang='grc' dir='ltr'>τοὺς</span> <span class='ocrx_word' id='word_1_307' title='bbox 453 1192 547 1227; x_wconf 76' lang='grc' dir='ltr'>βαρεῖς</span> <span class='ocrx_word' id='word_1_308' title='bbox 564 1192 611 1218; x_wconf 74' lang='grc' dir='ltr'><strong>καὶ</strong></span> <span class='ocrx_word' id='word_1_309' title='bbox 626 1191 731 1222; x_wconf 76' lang='grc' dir='ltr'>δεινοὺς</span> <span class='ocrx_word' id='word_1_310' title='bbox 744 1191 908 1225; x_wconf 74' lang='grc' dir='ltr'>φορολόγους</span> <span class='ocrx_word' id='word_1_311' title='bbox 921 1191 961 1217; x_wconf 75' lang='grc' dir='ltr'><strong>αέ-</strong></span> 
     </span>
    </p>
   </div>
   <div class='ocr_carea' id='block_1_39' title="bbox 174 1236 962 1272">
    <p class='ocr_par' dir='ltr' id='par_1_39' title="bbox 174 1236 962 1272">
     <span class='ocr_line' id='line_1_39' title="bbox 174 1236 962 1272; baseline -0.003 -8"><span class='ocrx_word' id='word_1_312' title='bbox 174 1239 259 1269; x_wconf 76' lang='grc' dir='ltr'>κίζων</span> <span class='ocrx_word' id='word_1_313' title='bbox 283 1238 377 1269; x_wconf 82' lang='grc' dir='ltr'>δεινῶς</span> <span class='ocrx_word' id='word_1_314' title='bbox 402 1238 478 1271; x_wconf 73' lang='grc' dir='ltr'>ἔλεγε</span> <span class='ocrx_word' id='word_1_315' title='bbox 492 1246 500 1253; x_wconf 88' lang='grc'><strong>·</strong></span> <span class='ocrx_word' id='word_1_316' title='bbox 524 1246 533 1263; x_wconf 73' lang='grc' dir='ltr'><strong>ι</strong></span> <span class='ocrx_word' id='word_1_317' title='bbox 556 1237 752 1272; x_wconf 76' lang='grc' dir='ltr'>Κειρέσϐωσαν</span> <span class='ocrx_word' id='word_1_318' title='bbox 770 1237 819 1270; x_wconf 76' lang='grc' dir='ltr'><strong>μὲν</strong></span> <span class='ocrx_word' id='word_1_319' title='bbox 840 1236 874 1262; x_wconf 74' lang='grc' dir='ltr'>τὰ</span> <span class='ocrx_word' id='word_1_320' title='bbox 892 1236 962 1271; x_wconf 77' lang='grc' dir='ltr'>πρό·</span> 
     </span>
    </p>
   </div>
   <div class='ocr_carea' id='block_1_40' title="bbox 173 1277 960 1324">
    <p class='ocr_par' dir='ltr' id='par_1_40' title="bbox 173 1277 960 1324">
     <span class='ocr_line' id='line_1_40' title="bbox 173 1277 960 1324; baseline -0.004 -14"><span class='ocrx_word' id='word_1_321' title='bbox 173 1283 253 1316; x_wconf 76' lang='grc' dir='ltr'>ϐατα,</span> <span class='ocrx_word' id='word_1_322' title='bbox 271 1283 339 1318; x_wconf 82' lang='grc' dir='ltr'>πλὴν</span> <span class='ocrx_word' id='word_1_323' title='bbox 355 1283 386 1310; x_wconf 84' lang='grc' dir='ltr'>οὐ</span> <span class='ocrx_word' id='word_1_324' title='bbox 408 1283 504 1318; x_wconf 81' lang='grc' dir='ltr'><strong>μέχρις</strong></span> <span class='ocrx_word' id='word_1_325' title='bbox 522 1283 606 1318; x_wconf 81' lang='grc' dir='ltr'>αὐτῆς</span> <span class='ocrx_word' id='word_1_326' title='bbox 627 1283 811 1324; x_wconf 79' lang='grc' dir='ltr'>ἐπιδερμιδος.</span> <span class='ocrx_word' id='word_1_327' title='bbox 834 1290 843 1307; x_wconf 72' lang='lat' dir='ltr'><strong>t</strong></span> <span class='ocrx_word' id='word_1_328' title='bbox 867 1281 924 1316; x_wconf 79' lang='grc' dir='ltr'><strong>Ἐφ’</strong></span> 
     </span>
    </p>
   </div>
   <div class='ocr_carea' id='block_1_41' title="bbox 175 1327 959 1364">
    <p class='ocr_par' dir='ltr' id='par_1_41' title="bbox 175 1327 959 1364">
     <span class='ocr_line' id='line_1_41' title="bbox 175 1327 959 1364; baseline -0.004 -7"><span class='ocrx_word' id='word_1_329' title='bbox 175 1332 222 1357; x_wconf 80' lang='grc' dir='ltr'>καὶ</span> <span class='ocrx_word' id='word_1_330' title='bbox 235 1329 299 1361; x_wconf 68' lang='grc' dir='ltr'>τοὺς</span> <span class='ocrx_word' id='word_1_331' title='bbox 314 1331 353 1360; x_wconf 76' lang='grc' dir='ltr'><strong>εὶς</strong></span> <span class='ocrx_word' id='word_1_332' title='bbox 367 1329 444 1361; x_wconf 76' lang='grc' dir='ltr'>ἀξίαν</span> <span class='ocrx_word' id='word_1_333' title='bbox 460 1328 525 1364; x_wconf 79' lang='grc' dir='ltr'><strong>παρ’</strong></span> <span class='ocrx_word' id='word_1_334' title='bbox 541 1327 624 1355; x_wconf 81' lang='grc' dir='ltr'>αὐτοῦ</span> <span class='ocrx_word' id='word_1_335' title='bbox 641 1327 848 1363; x_wconf 82' lang='grc' dir='ltr'>προαγομένους</span> <span class='ocrx_word' id='word_1_336' title='bbox 861 1327 959 1354; x_wconf 84' lang='grc' dir='ltr'>Θᾶττον</span> 
     </span>
    </p>
   </div>
   <div class='ocr_carea' id='block_1_42' title="bbox 173 1373 960 1410">
    <p class='ocr_par' dir='ltr' id='par_1_42' title="bbox 173 1373 960 1410">
     <span class='ocr_line' id='line_1_42' title="bbox 173 1373 960 1410; baseline -0.004 -8"><span class='ocrx_word' id='word_1_337' title='bbox 173 1376 222 1402; x_wconf 81' lang='grc' dir='ltr'><strong>οὐκ</strong></span> <span class='ocrx_word' id='word_1_338' title='bbox 241 1375 365 1410; x_wconf 75' lang='grc' dir='ltr'>ἤμειϐεν.</span> <span class='ocrx_word' id='word_1_339' title='bbox 375 1374 537 1409; x_wconf 76' lang='grc' dir='ltr'>Ἐρωτηθεὶς</span> <span class='ocrx_word' id='word_1_340' title='bbox 559 1373 617 1405; x_wconf 82' lang='grc' dir='ltr'><strong>πῶς</strong></span> <span class='ocrx_word' id='word_1_341' title='bbox 629 1374 708 1400; x_wconf 85' lang='grc' dir='ltr'>τοῦτο</span> <span class='ocrx_word' id='word_1_342' title='bbox 723 1373 806 1405; x_wconf 83' lang='grc' dir='ltr'>ποιεῖ,</span> <span class='ocrx_word' id='word_1_343' title='bbox 831 1373 896 1408; x_wconf 60' lang='grc' dir='ltr'><strong>ἔψη,</strong></span> <span class='ocrx_word' id='word_1_344' title='bbox 909 1373 960 1399; x_wconf 79' lang='grc' dir='ltr'><strong>Διὰ</strong></span> 
     </span>
    </p>
   </div>
   <div class='ocr_carea' id='block_1_43' title="bbox 172 1418 959 1457">
    <p class='ocr_par' dir='ltr' id='par_1_43' title="bbox 172 1418 959 1457">
     <span class='ocr_line' id='line_1_43' title="bbox 172 1418 959 1457; baseline -0.005 -9"><span class='ocrx_word' id='word_1_345' title='bbox 172 1423 222 1457; x_wconf 83' lang='grc' dir='ltr'>τὴν</span> <span class='ocrx_word' id='word_1_346' title='bbox 239 1421 294 1448; x_wconf 81' lang='grc' dir='ltr'>τῶν</span> <span class='ocrx_word' id='word_1_347' title='bbox 312 1421 457 1455; x_wconf 79' lang='grc' dir='ltr'>ἀγομένων</span> <span class='ocrx_word' id='word_1_348' title='bbox 471 1419 709 1447; x_wconf 71' lang='grc' dir='ltr'>ἀνάπαυσιν.¹Επὶ</span> <span class='ocrx_word' id='word_1_349' title='bbox 723 1419 830 1450; x_wconf 78' lang='grc' dir='ltr'><strong>τούτοις</strong></span> <span class='ocrx_word' id='word_1_350' title='bbox 844 1418 867 1445; x_wconf 74' lang='grc' dir='ltr'><strong>δ’</strong></span> <span class='ocrx_word' id='word_1_351' title='bbox 877 1418 959 1453; x_wconf 79' lang='grc' dir='ltr'>ἔφερε</span> 
     </span>
    </p>
   </div>
   <div class='ocr_carea' id='block_1_44' title="bbox 172 1463 960 1502">
    <p class='ocr_par' dir='ltr' id='par_1_44' title="bbox 172 1463 960 1502">
     <span class='ocr_line' id='line_1_44' title="bbox 172 1463 960 1502; baseline -0.005 -9"><span class='ocrx_word' id='word_1_352' title='bbox 172 1468 221 1493; x_wconf 75' lang='grc' dir='ltr'><strong>καὶ</strong></span> <span class='ocrx_word' id='word_1_353' title='bbox 248 1467 434 1502; x_wconf 66' lang='grc' dir='ltr'>παράδειγμα.</span> <span class='ocrx_word' id='word_1_354' title='bbox 451 1465 631 1500; x_wconf 79' lang='grc' dir='ltr'>Τραυματίας</span> <span class='ocrx_word' id='word_1_355' title='bbox 658 1473 699 1495; x_wconf 80' lang='grc' dir='ltr'><strong>τις</strong></span> <span class='ocrx_word' id='word_1_356' title='bbox 733 1464 833 1494; x_wconf 80' lang='grc' dir='ltr'>ἔκειτο,</span> <span class='ocrx_word' id='word_1_357' title='bbox 853 1464 899 1490; x_wconf 81' lang='grc' dir='ltr'>καὶ</span> <span class='ocrx_word' id='word_1_358' title='bbox 927 1463 960 1490; x_wconf 84' lang='grc' dir='ltr'><strong>τὰ</strong></span> 
     </span>
    </p>
   </div>
   <div class='ocr_carea' id='block_1_45' title="bbox 173 1508 959 1547">
    <p class='ocr_par' dir='ltr' id='par_1_45' title="bbox 173 1508 959 1547">
     <span class='ocr_line' id='line_1_45' title="bbox 173 1508 959 1547; baseline -0.005 -8"><span class='ocrx_word' id='word_1_359' title='bbox 173 1513 238 1547; x_wconf 75' lang='grc' dir='ltr'>ἕλκη</span> <span class='ocrx_word' id='word_1_360' title='bbox 261 1512 343 1539; x_wconf 86' lang='grc' dir='ltr'><strong>αὺτοῦ</strong></span> <span class='ocrx_word' id='word_1_361' title='bbox 362 1512 463 1546; x_wconf 78' lang='grc' dir='ltr'>πλῆθος</span> <span class='ocrx_word' id='word_1_362' title='bbox 479 1510 566 1546; x_wconf 85' lang='grc' dir='ltr'><strong>μυιῶν</strong></span> <span class='ocrx_word' id='word_1_363' title='bbox 588 1510 764 1545; x_wconf 82' lang='grc' dir='ltr'>ἅνιμώμενον</span> <span class='ocrx_word' id='word_1_364' title='bbox 786 1508 831 1545; x_wconf 81' lang='grc' dir='ltr'><strong>ἦν.</strong></span> <span class='ocrx_word' id='word_1_365' title='bbox 849 1508 959 1544; x_wconf 79' lang='grc' dir='ltr'>Παριὼν</span> 
     </span>
    </p>
   </div>
   <div class='ocr_carea' id='block_1_46' title="bbox 171 1552 958 1592">
    <p class='ocr_par' dir='ltr' id='par_1_46' title="bbox 171 1552 958 1592">
     <span class='ocr_line' id='line_1_46' title="bbox 171 1552 958 1592; baseline -0.005 -8"><span class='ocrx_word' id='word_1_366' title='bbox 171 1559 199 1584; x_wconf 83' lang='grc' dir='ltr'><strong>δέ</strong></span> <span class='ocrx_word' id='word_1_367' title='bbox 226 1566 268 1588; x_wconf 86' lang='grc' dir='ltr'>τις</span> <span class='ocrx_word' id='word_1_368' title='bbox 289 1556 427 1592; x_wconf 75' lang='grc' dir='ltr'>ἐπεχείρει</span> <span class='ocrx_word' id='word_1_369' title='bbox 454 1556 554 1587; x_wconf 81' lang='grc' dir='ltr'>ταύτας</span> <span class='ocrx_word' id='word_1_370' title='bbox 578 1555 735 1582; x_wconf 75' lang='grc' dir='ltr'>ἀποσοϐεῖν.</span> <span class='ocrx_word' id='word_1_371' title='bbox 758 1555 787 1581; x_wconf 86' lang='lat'>&#39;0</span> <span class='ocrx_word' id='word_1_372' title='bbox 809 1555 838 1581; x_wconf 76' lang='grc' dir='ltr'><strong>δὲ</strong></span> <span class='ocrx_word' id='word_1_373' title='bbox 861 1552 958 1580; x_wconf 69' lang='grc' dir='ltr'>εἶπενο</span> 
     </span>
    </p>
   </div>
   <div class='ocr_carea' id='block_1_47' title="bbox 174 1599 959 1637">
    <p class='ocr_par' dir='ltr' id='par_1_47' title="bbox 174 1599 959 1637">
     <span class='ocr_line' id='line_1_47' title="bbox 174 1599 959 1637; baseline -0.005 -8"><span class='ocrx_word' id='word_1_374' title='bbox 174 1604 260 1637; x_wconf 78' lang='grc' dir='ltr'>’Δφες</span> <span class='ocrx_word' id='word_1_375' title='bbox 278 1603 372 1634; x_wconf 75' lang='grc' dir='ltr'>αὐτας.</span> <span class='ocrx_word' id='word_1_376' title='bbox 388 1601 568 1637; x_wconf 81' lang='grc' dir='ltr'>Κορεσθετσαι</span> <span class='ocrx_word' id='word_1_377' title='bbox 588 1601 642 1636; x_wconf 83' lang='grc' dir='ltr'><strong>γὰρ</strong></span> <span class='ocrx_word' id='word_1_378' title='bbox 660 1601 690 1627; x_wconf 81' lang='grc' dir='ltr'>οὗ</span> <span class='ocrx_word' id='word_1_379' title='bbox 714 1600 841 1627; x_wconf 83' lang='grc' dir='ltr'>τοσοῦτον</span> <span class='ocrx_word' id='word_1_380' title='bbox 863 1599 959 1631; x_wconf 74' lang='grc' dir='ltr'><strong>ὀδύνας</strong></span> 
     </span>
    </p>
   </div>
   <div class='ocr_carea' id='block_1_48' title="bbox 136 1637 957 1684">
    <p class='ocr_par' dir='ltr' id='par_1_48' title="bbox 136 1637 957 1684">
     <span class='ocr_line' id='line_1_48' title="bbox 136 1637 957 1684; baseline -0.005 -8"><span class='ocrx_word' id='word_1_381' title='bbox 136 1637 140 1641; x_wconf 38' lang='grc'><em>’</em></span> <span class='ocrx_word' id='word_1_382' title='bbox 174 1658 219 1684; x_wconf 86' lang='grc' dir='ltr'><strong>μοι</strong></span> <span class='ocrx_word' id='word_1_383' title='bbox 233 1649 408 1684; x_wconf 84' lang='grc' dir='ltr'>παρέχουσιν.</span> <span class='ocrx_word' id='word_1_384' title='bbox 433 1648 495 1674; x_wconf 70' lang='grc' dir='ltr'>Ἐὰν</span> <span class='ocrx_word' id='word_1_385' title='bbox 511 1647 626 1674; x_wconf 73' lang='grc' dir='ltr'>ἔλθωσιν</span> <span class='ocrx_word' id='word_1_386' title='bbox 654 1647 731 1673; x_wconf 80' lang='grc' dir='ltr'>ἄλλαι</span> <span class='ocrx_word' id='word_1_387' title='bbox 758 1647 957 1681; x_wconf 75' lang='grc' dir='ltr'>λιμώττουσαι,</span> 
     </span>
    </p>
   </div>
   <div class='ocr_carea' id='block_1_49' title="bbox 1047 1004 1802 1042">
    <p class='ocr_par' dir='ltr' id='par_1_49' title="bbox 1047 1004 1802 1042">
     <span class='ocr_line' id='line_1_49' title="bbox 1047 1004 1802 1042; baseline 0.008 -12"><span class='ocrx_word' id='word_1_388' title='bbox 1047 1004 1111 1031; x_wconf 64' lang='lat' dir='ltr'><strong>l’ost</strong></span> <span class='ocrx_word' id='word_1_389' title='bbox 1127 1004 1281 1039; x_wconf 78' lang='lat' dir='ltr'><strong>Augustum</strong></span> <span class='ocrx_word' id='word_1_390' title='bbox 1308 1012 1374 1032; x_wconf 87' lang='lat' dir='ltr'><strong>vero</strong></span> <span class='ocrx_word' id='word_1_391' title='bbox 1395 1004 1530 1033; x_wconf 70' lang='lat' dir='ltr'><strong>Caesarem</strong></span> <span class='ocrx_word' id='word_1_392' title='bbox 1555 1005 1683 1034; x_wconf 79' lang='lat' dir='ltr'><strong>Tiberius</strong></span> <span class='ocrx_word' id='word_1_393' title='bbox 1714 1008 1802 1042; x_wconf 85' lang='lat' dir='ltr'><strong>ipsius</strong></span> 
     </span>
    </p>
   </div>
   <div class='ocr_carea' id='block_1_50' title="bbox 1012 1050 1801 1085">
    <p class='ocr_par' dir='ltr' id='par_1_50' title="bbox 1012 1050 1801 1085">
     <span class='ocr_line' id='line_1_50' title="bbox 1012 1050 1801 1085; baseline 0.006 -9"><span class='ocrx_word' id='word_1_394' title='bbox 1012 1050 1084 1078; x_wconf 83' lang='lat' dir='ltr'><strong>titius</strong></span> <span class='ocrx_word' id='word_1_395' title='bbox 1100 1051 1179 1078; x_wconf 88' lang='lat' dir='ltr'><strong>annis</strong></span> <span class='ocrx_word' id='word_1_396' title='bbox 1190 1051 1224 1078; x_wconf 79' lang='grc'><strong>25</strong></span> <span class='ocrx_word' id='word_1_397' title='bbox 1240 1051 1355 1085; x_wconf 89' lang='lat' dir='ltr'><strong>imperio</strong></span> <span class='ocrx_word' id='word_1_398' title='bbox 1369 1051 1489 1085; x_wconf 68' lang='lat' dir='ltr'><strong>prmfuit.</strong></span> <span class='ocrx_word' id='word_1_399' title='bbox 1515 1052 1566 1080; x_wconf 89' lang='lat' dir='ltr'><strong>llic</strong></span> <span class='ocrx_word' id='word_1_400' title='bbox 1576 1053 1608 1080; x_wconf 91' lang='lat' dir='ltr'><strong>ad</strong></span> <span class='ocrx_word' id='word_1_401' title='bbox 1626 1053 1715 1081; x_wconf 85' lang='lat' dir='ltr'><strong>lacum</strong></span> <span class='ocrx_word' id='word_1_402' title='bbox 1734 1056 1801 1082; x_wconf 86' lang='lat' dir='ltr'><strong>urhe</strong></span> 
     </span>
    </p>
   </div>
   <div class='ocr_carea' id='block_1_51' title="bbox 977 1097 1802 1135">
    <p class='ocr_par' dir='ltr' id='par_1_51' title="bbox 977 1097 1802 1135">
     <span class='ocr_line' id='line_1_51' title="bbox 977 1097 1802 1135; baseline 0.006 -13"><span class='ocrx_word' id='word_1_403' title='bbox 977 1098 980 1100; x_wconf 73' lang='grc'><em>’</em></span> <span class='ocrx_word' id='word_1_404' title='bbox 1011 1097 1120 1123; x_wconf 90' lang='lat' dir='ltr'><strong>condita</strong></span> <span class='ocrx_word' id='word_1_405' title='bbox 1140 1097 1315 1124; x_wconf 86' lang='lat' dir='ltr'><strong>Tiberiadem</strong></span> <span class='ocrx_word' id='word_1_406' title='bbox 1340 1098 1505 1131; x_wconf 80' lang='lat' dir='ltr'><strong>appellavit.</strong></span> <span class='ocrx_word' id='word_1_407' title='bbox 1532 1097 1637 1125; x_wconf 82' lang='lat' dir='ltr'><strong>Eodem</strong></span> <span class='ocrx_word' id='word_1_408' title='bbox 1669 1106 1802 1135; x_wconf 81' lang='lat' dir='ltr'><strong>regnante</strong></span> 
     </span>
    </p>
   </div>
   <div class='ocr_carea' id='block_1_52' title="bbox 1012 1143 1801 1177">
    <p class='ocr_par' dir='ltr' id='par_1_52' title="bbox 1012 1143 1801 1177">
     <span class='ocr_line' id='line_1_52' title="bbox 1012 1143 1801 1177; baseline 0.005 -8"><span class='ocrx_word' id='word_1_409' title='bbox 1012 1146 1091 1169; x_wconf 77' lang='lat' dir='ltr'><strong>terra:</strong></span> <span class='ocrx_word' id='word_1_410' title='bbox 1110 1147 1199 1169; x_wconf 87' lang='lat' dir='ltr'><strong>motus</strong></span> <span class='ocrx_word' id='word_1_411' title='bbox 1214 1143 1329 1175; x_wconf 83' lang='lat' dir='ltr'><strong>exstitit,</strong></span> <span class='ocrx_word' id='word_1_412' title='bbox 1344 1143 1390 1177; x_wconf 91' lang='lat' dir='ltr'><strong>qui</strong></span> <span class='ocrx_word' id='word_1_413' title='bbox 1407 1143 1488 1171; x_wconf 88' lang='lat' dir='ltr'><strong>urbes</strong></span> <span class='ocrx_word' id='word_1_414' title='bbox 1502 1144 1634 1172; x_wconf 87' lang='lat' dir='ltr'><strong>tredecim</strong></span> <span class='ocrx_word' id='word_1_415' title='bbox 1652 1145 1801 1174; x_wconf 87' lang='lat' dir='ltr'><strong>subvertit.</strong></span> 
     </span>
    </p>
   </div>
   <div class='ocr_carea' id='block_1_53' title="bbox 1011 1187 1803 1226">
    <p class='ocr_par' dir='ltr' id='par_1_53' title="bbox 1011 1187 1803 1226">
     <span class='ocr_line' id='line_1_53' title="bbox 1011 1187 1803 1226; baseline 0.008 -13"><span class='ocrx_word' id='word_1_416' title='bbox 1011 1187 1124 1214; x_wconf 82' lang='lat' dir='ltr'><strong>Solebat</strong></span> <span class='ocrx_word' id='word_1_417' title='bbox 1138 1188 1266 1215; x_wconf 83' lang='lat' dir='ltr'><strong>Tiberius</strong></span> <span class='ocrx_word' id='word_1_418' title='bbox 1280 1196 1376 1222; x_wconf 71' lang='lat' dir='ltr'><strong>graves</strong></span> <span class='ocrx_word' id='word_1_419' title='bbox 1392 1189 1510 1217; x_wconf 88' lang='lat' dir='ltr'><strong>subditis</strong></span> <span class='ocrx_word' id='word_1_420' title='bbox 1537 1195 1565 1217; x_wconf 90' lang='lat' dir='ltr'><strong>et</strong></span> <span class='ocrx_word' id='word_1_421' title='bbox 1582 1195 1690 1218; x_wconf 87' lang='lat' dir='ltr'><strong>atroces</strong></span> <span class='ocrx_word' id='word_1_422' title='bbox 1711 1192 1803 1226; x_wconf 82' lang='lat' dir='ltr'><strong>publi-</strong></span> 
     </span>
    </p>
   </div>
   <div class='ocr_carea' id='block_1_54' title="bbox 1011 1234 1804 1274">
    <p class='ocr_par' dir='ltr' id='par_1_54' title="bbox 1011 1234 1804 1274">
     <span class='ocr_line' id='line_1_54' title="bbox 1011 1234 1804 1274; baseline 0.006 -14"><span class='ocrx_word' id='word_1_423' title='bbox 1011 1242 1106 1261; x_wconf 89' lang='lat' dir='ltr'><strong>eorum</strong></span> <span class='ocrx_word' id='word_1_424' title='bbox 1135 1234 1309 1269; x_wconf 78' lang='lat' dir='ltr'><strong>vectigalium</strong></span> <span class='ocrx_word' id='word_1_425' title='bbox 1329 1240 1471 1263; x_wconf 86' lang='lat' dir='ltr'><strong>exactores</strong></span> <span class='ocrx_word' id='word_1_426' title='bbox 1494 1241 1574 1264; x_wconf 86' lang='lat' dir='ltr'><strong>acute</strong></span> <span class='ocrx_word' id='word_1_427' title='bbox 1599 1237 1691 1264; x_wconf 83' lang='lat' dir='ltr'><strong>verbis</strong></span> <span class='ocrx_word' id='word_1_428' title='bbox 1703 1238 1804 1274; x_wconf 91' lang='lat' dir='ltr'><strong>hujus-</strong></span> 
     </span>
    </p>
   </div>
   <div class='ocr_carea' id='block_1_55' title="bbox 1011 1280 1802 1318">
    <p class='ocr_par' dir='ltr' id='par_1_55' title="bbox 1011 1280 1802 1318">
     <span class='ocr_line' id='line_1_55' title="bbox 1011 1280 1802 1318; baseline 0.008 -12"><span class='ocrx_word' id='word_1_429' title='bbox 1011 1280 1085 1307; x_wconf 90' lang='lat' dir='ltr'><strong>modi</strong></span> <span class='ocrx_word' id='word_1_430' title='bbox 1129 1287 1262 1314; x_wconf 57' lang='lat' dir='ltr'><strong>pungere,</strong></span> <span class='ocrx_word' id='word_1_431' title='bbox 1293 1280 1444 1308; x_wconf 85' lang='lat' dir='ltr'><strong>tondendas</strong></span> <span class='ocrx_word' id='word_1_432' title='bbox 1461 1281 1571 1316; x_wconf 90' lang='lat' dir='ltr'><strong>quidem</strong></span> <span class='ocrx_word' id='word_1_433' title='bbox 1595 1290 1655 1310; x_wconf 87' lang='lat' dir='ltr'><strong>esse</strong></span> <span class='ocrx_word' id='word_1_434' title='bbox 1671 1285 1802 1318; x_wconf 85' lang='lat' dir='ltr'><strong>pecudes,</strong></span> 
     </span>
    </p>
   </div>
   <div class='ocr_carea' id='block_1_56' title="bbox 1011 1326 1801 1363">
    <p class='ocr_par' dir='ltr' id='par_1_56' title="bbox 1011 1326 1801 1363">
     <span class='ocr_line' id='line_1_56' title="bbox 1011 1326 1801 1363; baseline 0.008 -11"><span class='ocrx_word' id='word_1_435' title='bbox 1011 1331 1106 1353; x_wconf 85' lang='lat' dir='ltr'><strong>atnon</strong></span> <span class='ocrx_word' id='word_1_436' title='bbox 1128 1326 1330 1360; x_wconf 72' lang='lat' dir='ltr'><strong>deglubendas.</strong></span> <span class='ocrx_word' id='word_1_437' title='bbox 1349 1327 1451 1354; x_wconf 86' lang='lat' dir='ltr'><strong>Eadem</strong></span> <span class='ocrx_word' id='word_1_438' title='bbox 1468 1328 1501 1355; x_wconf 92' lang='lat' dir='ltr'><strong>de</strong></span> <span class='ocrx_word' id='word_1_439' title='bbox 1523 1335 1605 1356; x_wconf 81' lang='lat' dir='ltr'><strong>causa</strong></span> <span class='ocrx_word' id='word_1_440' title='bbox 1621 1329 1644 1356; x_wconf 87' lang='lat' dir='ltr'><strong>si</strong></span> <span class='ocrx_word' id='word_1_441' title='bbox 1671 1338 1741 1363; x_wconf 86' lang='lat' dir='ltr'><strong>quos</strong></span> <span class='ocrx_word' id='word_1_442' title='bbox 1768 1331 1801 1357; x_wconf 86' lang='lat' dir='ltr'><strong>ad</strong></span> 
     </span>
    </p>
   </div>
   <div class='ocr_carea' id='block_1_57' title="bbox 1011 1371 1802 1407">
    <p class='ocr_par' dir='ltr' id='par_1_57' title="bbox 1011 1371 1802 1407">
     <span class='ocr_line' id='line_1_57' title="bbox 1011 1371 1802 1407; baseline 0.006 -10"><span class='ocrx_word' id='word_1_443' title='bbox 1011 1372 1218 1405; x_wconf 77' lang='lat' dir='ltr'><strong>magistratuum</strong></span> <span class='ocrx_word' id='word_1_444' title='bbox 1234 1371 1381 1407; x_wconf 74' lang='lat' dir='ltr'><strong>dignitates</strong></span> <span class='ocrx_word' id='word_1_445' title='bbox 1395 1377 1566 1407; x_wconf 83' lang='lat' dir='ltr'><strong>provexerat,</strong></span> <span class='ocrx_word' id='word_1_446' title='bbox 1582 1381 1637 1401; x_wconf 89' lang='lat' dir='ltr'><strong>non</strong></span> <span class='ocrx_word' id='word_1_447' title='bbox 1664 1375 1719 1402; x_wconf 89' lang='lat' dir='ltr'><strong>cito</strong></span> <span class='ocrx_word' id='word_1_448' title='bbox 1736 1376 1802 1402; x_wconf 86' lang='lat' dir='ltr'><strong>sub-</strong></span> 
     </span>
    </p>
   </div>
   <div class='ocr_carea' id='block_1_58' title="bbox 1012 1417 1799 1456">
    <p class='ocr_par' dir='ltr' id='par_1_58' title="bbox 1012 1417 1799 1456">
     <span class='ocr_line' id='line_1_58' title="bbox 1012 1417 1799 1456; baseline 0.005 -12"><span class='ocrx_word' id='word_1_449' title='bbox 1012 1422 1100 1445; x_wconf 89' lang='lat' dir='ltr'><strong>m0Ios</strong></span> <span class='ocrx_word' id='word_1_450' title='bbox 1116 1425 1178 1444; x_wconf 91' lang='lat' dir='ltr'><strong>cum</strong></span> <span class='ocrx_word' id='word_1_451' title='bbox 1197 1418 1259 1445; x_wconf 89' lang='lat' dir='ltr'><strong>aliis</strong></span> <span class='ocrx_word' id='word_1_452' title='bbox 1277 1417 1474 1446; x_wconf 83' lang='lat' dir='ltr'><strong>commutabat.</strong></span> <span class='ocrx_word' id='word_1_453' title='bbox 1492 1419 1618 1454; x_wconf 85' lang='lat' dir='ltr'><strong>Cumque</strong></span> <span class='ocrx_word' id='word_1_454' title='bbox 1644 1421 1799 1456; x_wconf 76' lang='lat' dir='ltr'><strong>interroga-</strong></span> 
     </span>
    </p>
   </div>
   <div class='ocr_carea' id='block_1_59' title="bbox 1013 1463 1800 1501">
    <p class='ocr_par' dir='ltr' id='par_1_59' title="bbox 1013 1463 1800 1501">
     <span class='ocr_line' id='line_1_59' title="bbox 1013 1463 1800 1501; baseline 0.005 -11"><span class='ocrx_word' id='word_1_455' title='bbox 1013 1468 1055 1490; x_wconf 88' lang='lat' dir='ltr'><strong>tus</strong></span> <span class='ocrx_word' id='word_1_456' title='bbox 1079 1468 1152 1490; x_wconf 90' lang='lat' dir='ltr'><strong>esset</strong></span> <span class='ocrx_word' id='word_1_457' title='bbox 1169 1463 1348 1498; x_wconf 81' lang='lat' dir='ltr'><strong>quamobrem</strong></span> <span class='ocrx_word' id='word_1_458' title='bbox 1366 1464 1438 1491; x_wconf 74' lang='lat' dir='ltr'><strong>istuc</strong></span> <span class='ocrx_word' id='word_1_459' title='bbox 1455 1465 1569 1496; x_wconf 82' lang='lat' dir='ltr'><strong>faceret.</strong></span> <span class='ocrx_word' id='word_1_460' title='bbox 1599 1471 1714 1501; x_wconf 88' lang='lat' dir='ltr'><strong>propter</strong></span> <span class='ocrx_word' id='word_1_461' title='bbox 1733 1468 1800 1494; x_wconf 85' lang='lat' dir='ltr'><strong>sub-</strong></span> 
     </span>
    </p>
   </div>
   <div class='ocr_carea' id='block_1_60' title="bbox 1012 1507 1803 1547">
    <p class='ocr_par' dir='ltr' id='par_1_60' title="bbox 1012 1507 1803 1547">
     <span class='ocr_line' id='line_1_60' title="bbox 1012 1507 1803 1547; baseline 0.006 -13"><span class='ocrx_word' id='word_1_462' title='bbox 1012 1509 1141 1539; x_wconf 89' lang='lat' dir='ltr'><strong>ditorum,</strong></span> <span class='ocrx_word' id='word_1_463' title='bbox 1152 1507 1251 1543; x_wconf 81' lang='lat' dir='ltr'><strong>inquit,</strong></span> <span class='ocrx_word' id='word_1_464' title='bbox 1267 1509 1439 1535; x_wconf 80' lang='lat' dir='ltr'><strong>cbmmodum</strong></span> <span class='ocrx_word' id='word_1_465' title='bbox 1452 1516 1476 1536; x_wconf 86' lang='lat' dir='ltr'><strong>et</strong></span> <span class='ocrx_word' id='word_1_466' title='bbox 1494 1507 1704 1538; x_wconf 77' lang='lat' dir='ltr'><strong>recreationcin.</strong></span> <span class='ocrx_word' id='word_1_467' title='bbox 1721 1511 1803 1547; x_wconf 51' lang='lat'><strong>23.7;</strong></span> 
     </span>
    </p>
   </div>
   <div class='ocr_carea' id='block_1_61' title="bbox 1012 1553 1800 1590">
    <p class='ocr_par' dir='ltr' id='par_1_61' title="bbox 1012 1553 1800 1590">
     <span class='ocr_line' id='line_1_61' title="bbox 1012 1553 1800 1590; baseline 0.004 -11"><span class='ocrx_word' id='word_1_468' title='bbox 1012 1553 1098 1580; x_wconf 90' lang='lat' dir='ltr'><strong>Simul</strong></span> <span class='ocrx_word' id='word_1_469' title='bbox 1123 1561 1180 1580; x_wconf 86' lang='lat' dir='ltr'><strong>rem</strong></span> <span class='ocrx_word' id='word_1_470' title='bbox 1196 1554 1320 1588; x_wconf 81' lang='lat' dir='ltr'><strong>exemplo</strong></span> <span class='ocrx_word' id='word_1_471' title='bbox 1345 1554 1513 1581; x_wconf 83' lang='lat' dir='ltr'><strong>declarabat.</strong></span> <span class='ocrx_word' id='word_1_472' title='bbox 1543 1554 1673 1587; x_wconf 77' lang='lat' dir='ltr'><strong>Quidam,</strong></span> <span class='ocrx_word' id='word_1_473' title='bbox 1698 1556 1800 1590; x_wconf 71' lang='lat' dir='ltr'><strong>inquit.</strong></span> 
     </span>
    </p>
   </div>
   <div class='ocr_carea' id='block_1_62' title="bbox 1011 1598 1802 1636">
    <p class='ocr_par' dir='ltr' id='par_1_62' title="bbox 1011 1598 1802 1636">
     <span class='ocr_line' id='line_1_62' title="bbox 1011 1598 1802 1636; baseline 0.004 -10"><span class='ocrx_word' id='word_1_474' title='bbox 1011 1599 1154 1626; x_wconf 78' lang='lat' dir='ltr'><strong>confectus</strong></span> <span class='ocrx_word' id='word_1_475' title='bbox 1166 1599 1339 1633; x_wconf 87' lang='lat' dir='ltr'><strong>vulneribus,</strong></span> <span class='ocrx_word' id='word_1_476' title='bbox 1355 1599 1433 1626; x_wconf 89' lang='lat' dir='ltr'><strong>humi</strong></span> <span class='ocrx_word' id='word_1_477' title='bbox 1445 1600 1564 1633; x_wconf 72' lang='lat' dir='ltr'><strong>jaceiat,</strong></span> <span class='ocrx_word' id='word_1_478' title='bbox 1582 1598 1696 1636; x_wconf 76' lang='lat' dir='ltr'><strong>ejusqde</strong></span> <span class='ocrx_word' id='word_1_479' title='bbox 1710 1602 1802 1629; x_wconf 84' lang='lat' dir='ltr'><strong>ulcera</strong></span> 
     </span>
    </p>
   </div>
   <div class='ocr_carea' id='block_1_63' title="bbox 1011 1645 1801 1681">
    <p class='ocr_par' dir='ltr' id='par_1_63' title="bbox 1011 1645 1801 1681">
     <span class='ocr_line' id='line_1_63' title="bbox 1011 1645 1801 1681; baseline 0.003 -9"><span class='ocrx_word' id='word_1_480' title='bbox 1011 1645 1107 1679; x_wconf 83' lang='lat' dir='ltr'><strong>ingens</strong></span> <span class='ocrx_word' id='word_1_481' title='bbox 1129 1652 1283 1672; x_wconf 88' lang='lat' dir='ltr'><strong>muscarum</strong></span> <span class='ocrx_word' id='word_1_482' title='bbox 1308 1645 1457 1672; x_wconf 88' lang='lat' dir='ltr'><strong>multitudo</strong></span> <span class='ocrx_word' id='word_1_483' title='bbox 1480 1646 1605 1681; x_wconf 79' lang='lat' dir='ltr'><strong>sugebat.</strong></span> <span class='ocrx_word' id='word_1_484' title='bbox 1637 1647 1801 1675; x_wconf 67' lang='lat' dir='ltr'><strong>Praeterieris</strong></span> 
     </span>
    </p>
   </div>
   <div class='ocr_carea' id='block_1_64' title="bbox 173 1684 960 1730">
    <p class='ocr_par' dir='ltr' id='par_1_64' title="bbox 173 1693 959 1730">
     <span class='ocr_line' id='line_1_64' title="bbox 173 1693 959 1730; baseline -0.003 -9"><span class='ocrx_word' id='word_1_485' title='bbox 173 1696 276 1730; x_wconf 78' lang='grc' dir='ltr'>σφόδρα</span> <span class='ocrx_word' id='word_1_486' title='bbox 295 1703 329 1730; x_wconf 89' lang='grc' dir='ltr'><strong>με</strong></span> <span class='ocrx_word' id='word_1_487' title='bbox 345 1694 538 1730; x_wconf 46' lang='lat' dir='ltr'><strong>estmagnum.</strong></span> <span class='ocrx_word' id='word_1_488' title='bbox 560 1703 569 1719; x_wconf 82' lang='grc'><strong>›</strong></span> <span class='ocrx_word' id='word_1_489' title='bbox 588 1694 704 1728; x_wconf 83' lang='grc' dir='ltr'>Λέγεται</span> <span class='ocrx_word' id='word_1_490' title='bbox 719 1694 747 1719; x_wconf 76' lang='grc' dir='ltr'><strong>δὲ</strong></span> <span class='ocrx_word' id='word_1_491' title='bbox 766 1693 808 1720; x_wconf 81' lang='grc' dir='ltr'>ὃτι</span> <span class='ocrx_word' id='word_1_492' title='bbox 827 1693 895 1727; x_wconf 85' lang='grc' dir='ltr'>μετὰ</span> <span class='ocrx_word' id='word_1_493' title='bbox 911 1693 959 1728; x_wconf 77' lang='grc' dir='ltr'>τὴν</span> 
     </span>
    </p>
   </div>
   <div class='ocr_carea' id='block_1_65' title="bbox 1012 1684 1801 1730">
    <p class='ocr_par' dir='ltr' id='par_1_65' title="bbox 1012 1690 1801 1725">
     <span class='ocr_line' id='line_1_65' title="bbox 1012 1690 1801 1725; baseline 0.006 -10"><span class='ocrx_word' id='word_1_494' title='bbox 1012 1698 1077 1717; x_wconf 87' lang='lat' dir='ltr'><strong>vero</strong></span> <span class='ocrx_word' id='word_1_495' title='bbox 1091 1690 1162 1716; x_wconf 89' lang='lat' dir='ltr'><strong>alius</strong></span> <span class='ocrx_word' id='word_1_496' title='bbox 1172 1697 1219 1717; x_wconf 83' lang='lat' dir='ltr'><strong>eas</strong></span> <span class='ocrx_word' id='word_1_497' title='bbox 1239 1690 1351 1725; x_wconf 80' lang='lat' dir='ltr'><strong>abigere</strong></span> <span class='ocrx_word' id='word_1_498' title='bbox 1367 1691 1517 1718; x_wconf 88' lang='lat' dir='ltr'><strong>nitebatur.</strong></span> <span class='ocrx_word' id='word_1_499' title='bbox 1535 1692 1605 1719; x_wconf 84' lang='lat' dir='ltr'><strong>Tum</strong></span> <span class='ocrx_word' id='word_1_500' title='bbox 1625 1693 1691 1720; x_wconf 87' lang='lat' dir='ltr'><strong>ille:</strong></span> <span class='ocrx_word' id='word_1_501' title='bbox 1709 1703 1717 1718; x_wconf 84' lang='grc'><strong>‹</strong></span> <span class='ocrx_word' id='word_1_502' title='bbox 1736 1693 1801 1720; x_wconf 84' lang='lat' dir='ltr'><strong>Mis-</strong></span> 
     </span>
    </p>
   </div>
   <div class='ocr_carea' id='block_1_66' title="bbox 171 1738 959 1776">
    <p class='ocr_par' dir='ltr' id='par_1_66' title="bbox 171 1738 959 1776">
     <span class='ocr_line' id='line_1_66' title="bbox 171 1738 959 1776; baseline -0.005 -8"><span class='ocrx_word' id='word_1_503' title='bbox 171 1741 306 1776; x_wconf 76' lang='grc' dir='ltr'>ὰνάληψιν</span> <span class='ocrx_word' id='word_1_504' title='bbox 330 1739 375 1767; x_wconf 82' lang='grc' dir='ltr'>τοῦ</span> <span class='ocrx_word' id='word_1_505' title='bbox 396 1740 548 1775; x_wconf 74' lang='grc' dir='ltr'><strong>Χριστοῦἠ</strong></span> <span class='ocrx_word' id='word_1_506' title='bbox 574 1739 741 1774; x_wconf 78' lang='grc' dir='ltr'>Μαγδαληνὴ</span> <span class='ocrx_word' id='word_1_507' title='bbox 760 1739 851 1773; x_wconf 76' lang='grc' dir='ltr'>Μαρία</span> <span class='ocrx_word' id='word_1_508' title='bbox 878 1738 959 1774; x_wconf 76' lang='grc' dir='ltr'>μέχρι</span> 
     </span>
    </p>
   </div>
   <div class='ocr_carea' id='block_1_67' title="bbox 172 1781 959 1821">
    <p class='ocr_par' dir='ltr' id='par_1_67' title="bbox 172 1781 959 1821">
     <span class='ocr_line' id='line_1_67' title="bbox 172 1781 959 1821; baseline -0.003 -8"><span class='ocrx_word' id='word_1_509' title='bbox 172 1787 220 1814; x_wconf 76' lang='grc' dir='ltr'><strong>καὶ</strong></span> <span class='ocrx_word' id='word_1_510' title='bbox 242 1781 469 1821; x_wconf 25' lang='grc' dir='ltr'><strong>Ῥώμηςίτρέχει⁷</strong></span> <span class='ocrx_word' id='word_1_511' title='bbox 485 1786 569 1812; x_wconf 78' lang='grc' dir='ltr'>πολλὰ</span> <span class='ocrx_word' id='word_1_512' title='bbox 584 1786 746 1812; x_wconf 65' lang='grc' dir='ltr'>κατοὸοῶτα</span> <span class='ocrx_word' id='word_1_513' title='bbox 767 1786 818 1811; x_wconf 81' lang='grc' dir='ltr'>τῶν</span> <span class='ocrx_word' id='word_1_514' title='bbox 841 1793 959 1819; x_wconf 77' lang='grc' dir='ltr'>παρηνο-</span> 
     </span>
    </p>
   </div>
   <div class='ocr_carea' id='block_1_68' title="bbox 173 1830 960 1867">
    <p class='ocr_par' dir='ltr' id='par_1_68' title="bbox 173 1830 960 1867">
     <span class='ocr_line' id='line_1_68' title="bbox 173 1830 960 1867; baseline -0.003 -9"><span class='ocrx_word' id='word_1_515' title='bbox 173 1831 301 1867; x_wconf 78' lang='grc' dir='ltr'>μηκότων</span> <span class='ocrx_word' id='word_1_516' title='bbox 318 1832 357 1862; x_wconf 82' lang='grc' dir='ltr'><strong>εἰς</strong></span> <span class='ocrx_word' id='word_1_517' title='bbox 369 1831 449 1858; x_wconf 80' lang='grc' dir='ltr'>αὐτὸν</span> <span class='ocrx_word' id='word_1_518' title='bbox 464 1832 510 1858; x_wconf 75' lang='grc' dir='ltr'>τὸν</span> <span class='ocrx_word' id='word_1_519' title='bbox 531 1831 659 1866; x_wconf 76' lang='grc' dir='ltr'>Χριστόν.</span> <span class='ocrx_word' id='word_1_520' title='bbox 676 1831 809 1858; x_wconf 69' lang='grc' dir='ltr'>Τοσοῦτον</span> <span class='ocrx_word' id='word_1_521' title='bbox 833 1831 861 1857; x_wconf 79' lang='grc' dir='ltr'><strong>δὲ</strong></span> <span class='ocrx_word' id='word_1_522' title='bbox 881 1830 960 1858; x_wconf 74' lang='grc' dir='ltr'><strong>Τιεέ-</strong></span> 
     </span>
    </p>
   </div>
   <div class='ocr_carea' id='block_1_69' title="bbox 171 1875 976 1912">
    <p class='ocr_par' dir='ltr' id='par_1_69' title="bbox 171 1875 976 1912">
     <span class='ocr_line' id='line_1_69' title="bbox 171 1875 976 1912; baseline -0.004 -9"><span class='ocrx_word' id='word_1_523' title='bbox 171 1886 229 1912; x_wconf 73' lang='grc' dir='ltr'>ριοε</span> <span class='ocrx_word' id='word_1_524' title='bbox 255 1877 300 1903; x_wconf 75' lang='grc' dir='ltr'>τὸν</span> <span class='ocrx_word' id='word_1_525' title='bbox 327 1876 412 1912; x_wconf 76' lang='grc' dir='ltr'>ουμὺν</span> <span class='ocrx_word' id='word_1_526' title='bbox 437 1876 540 1912; x_wconf 74' lang='grc' dir='ltr'>ἀνῆψεν</span> <span class='ocrx_word' id='word_1_527' title='bbox 554 1876 624 1903; x_wconf 82' lang='grc' dir='ltr'>ὥστε</span> <span class='ocrx_word' id='word_1_528' title='bbox 650 1877 758 1910; x_wconf 73' lang='grc' dir='ltr'>θανάτῳ</span> <span class='ocrx_word' id='word_1_529' title='bbox 778 1875 976 1902; x_wconf 63' lang='grc' dir='ltr'>καπδικάσαι¹</span> 
     </span>
    </p>
   </div>
   <div class='ocr_carea' id='block_1_70' title="bbox 170 1921 956 1958">
    <p class='ocr_par' dir='ltr' id='par_1_70' title="bbox 170 1921 956 1958">
     <span class='ocr_line' id='line_1_70' title="bbox 170 1921 956 1958; baseline -0.006 -8"><span class='ocrx_word' id='word_1_530' title='bbox 170 1925 233 1955; x_wconf 75' lang='grc' dir='ltr'>τοὺς</span> <span class='ocrx_word' id='word_1_531' title='bbox 255 1924 337 1958; x_wconf 80' lang='grc' dir='ltr'>ἱερεῖς</span> <span class='ocrx_word' id='word_1_532' title='bbox 358 1923 405 1949; x_wconf 82' lang='grc' dir='ltr'><strong>καὶ</strong></span> <span class='ocrx_word' id='word_1_533' title='bbox 423 1924 599 1958; x_wconf 71' lang='grc' dir='ltr'><strong>γραμματεῖς</strong></span> <span class='ocrx_word' id='word_1_534' title='bbox 621 1924 669 1949; x_wconf 76' lang='grc' dir='ltr'>σὺν</span> <span class='ocrx_word' id='word_1_535' title='bbox 686 1922 760 1957; x_wconf 76' lang='grc' dir='ltr'>αὐτῷ</span> <span class='ocrx_word' id='word_1_536' title='bbox 776 1922 814 1956; x_wconf 82' lang='grc' dir='ltr'>τῷ</span> <span class='ocrx_word' id='word_1_537' title='bbox 836 1921 956 1956; x_wconf 43' lang='lat' dir='ltr'><strong>tnta—4;),</strong></span> 
     </span>
    </p>
   </div>
   <div class='ocr_carea' id='block_1_71' title="bbox 170 1966 956 2004">
    <p class='ocr_par' dir='ltr' id='par_1_71' title="bbox 170 1966 956 2004">
     <span class='ocr_line' id='line_1_71' title="bbox 170 1966 956 2004; baseline -0.006 -8"><span class='ocrx_word' id='word_1_538' title='bbox 170 1971 196 1996; x_wconf 76' lang='grc' dir='ltr'><strong>ει</strong></span> <span class='ocrx_word' id='word_1_539' title='bbox 212 1969 257 1996; x_wconf 71' lang='grc' dir='ltr'>καί</span> <span class='ocrx_word' id='word_1_540' title='bbox 272 1977 344 2000; x_wconf 88' lang='grc' dir='ltr'>τινες</span> <span class='ocrx_word' id='word_1_541' title='bbox 368 1968 457 2004; x_wconf 73' lang='grc' dir='ltr'>ἕτεροι</span> <span class='ocrx_word' id='word_1_542' title='bbox 471 1968 621 2004; x_wconf 81' lang='grc' dir='ltr'>αὐτόχειρα</span> <span class='ocrx_word' id='word_1_543' title='bbox 644 1967 754 2002; x_wconf 78' lang='grc' dir='ltr'>λέγουσι</span> <span class='ocrx_word' id='word_1_544' title='bbox 768 1968 815 1993; x_wconf 68' lang='grc' dir='ltr'>τὸν</span> <span class='ocrx_word' id='word_1_545' title='bbox 840 1966 956 1992; x_wconf 76' lang='grc' dir='ltr'>Πιλᾶτον</span> 
     </span>
    </p>
   </div>
   <div class='ocr_carea' id='block_1_72' title="bbox 170 2016 419 2050">
    <p class='ocr_par' dir='ltr' id='par_1_72' title="bbox 170 2016 419 2050">
     <span class='ocr_line' id='line_1_72' title="bbox 170 2016 419 2050; baseline 0.004 -8"><span class='ocrx_word' id='word_1_546' title='bbox 170 2016 268 2042; x_wconf 69' lang='grc' dir='ltr'>ἑαυτοῦ</span> <span class='ocrx_word' id='word_1_547' title='bbox 281 2016 419 2050; x_wconf 70' lang='grc' dir='ltr'>γενέσθαι.</span> 
     </span>
    </p>
   </div>
   <div class='ocr_carea' id='block_1_73' title="bbox 1010 1735 1801 1770">
    <p class='ocr_par' dir='ltr' id='par_1_73' title="bbox 1010 1735 1801 1770">
     <span class='ocr_line' id='line_1_73' title="bbox 1010 1735 1801 1770; baseline 0.003 -7"><span class='ocrx_word' id='word_1_548' title='bbox 1010 1744 1063 1768; x_wconf 85' lang='lat' dir='ltr'><strong>S:\S,</strong></span> <span class='ocrx_word' id='word_1_549' title='bbox 1085 1736 1133 1767; x_wconf 86' lang='lat' dir='ltr'><strong>ait,</strong></span> <span class='ocrx_word' id='word_1_550' title='bbox 1161 1736 1209 1763; x_wconf 74' lang='lat' dir='ltr'><strong>has</strong></span> <span class='ocrx_word' id='word_1_551' title='bbox 1224 1735 1318 1763; x_wconf 83' lang='lat' dir='ltr'><strong>facito.</strong></span> <span class='ocrx_word' id='word_1_552' title='bbox 1350 1737 1417 1764; x_wconf 87' lang='lat' dir='ltr'><strong>Nam</strong></span> <span class='ocrx_word' id='word_1_553' title='bbox 1450 1737 1554 1765; x_wconf 70' lang='lat' dir='ltr'><strong>satiata:</strong></span> <span class='ocrx_word' id='word_1_554' title='bbox 1579 1745 1641 1766; x_wconf 90' lang='lat' dir='ltr'><strong>cum</strong></span> <span class='ocrx_word' id='word_1_555' title='bbox 1660 1739 1724 1770; x_wconf 91' lang='lat' dir='ltr'><strong>sint,</strong></span> <span class='ocrx_word' id='word_1_556' title='bbox 1742 1746 1801 1765; x_wconf 82' lang='lat' dir='ltr'><strong>ma-</strong></span> 
     </span>
    </p>
   </div>
   <div class='ocr_carea' id='block_1_74' title="bbox 1009 1781 1796 1817">
    <p class='ocr_par' dir='ltr' id='par_1_74' title="bbox 1009 1781 1796 1817">
     <span class='ocr_line' id='line_1_74' title="bbox 1009 1781 1796 1817; baseline 0.005 -10"><span class='ocrx_word' id='word_1_557' title='bbox 1009 1789 1061 1817; x_wconf 75' lang='lat' dir='ltr'><strong>gno</strong></span> <span class='ocrx_word' id='word_1_558' title='bbox 1080 1789 1123 1808; x_wconf 91' lang='lat' dir='ltr'><strong>me</strong></span> <span class='ocrx_word' id='word_1_559' title='bbox 1141 1781 1235 1809; x_wconf 81' lang='lat' dir='ltr'><strong>dolore</strong></span> <span class='ocrx_word' id='word_1_560' title='bbox 1250 1788 1304 1808; x_wconf 91' lang='lat' dir='ltr'><strong>non</strong></span> <span class='ocrx_word' id='word_1_561' title='bbox 1320 1782 1451 1810; x_wconf 85' lang='lat' dir='ltr'><strong>alliciunt.</strong></span> <span class='ocrx_word' id='word_1_562' title='bbox 1479 1783 1513 1810; x_wconf 82' lang='lat' dir='ltr'><strong>At</strong></span> <span class='ocrx_word' id='word_1_563' title='bbox 1534 1783 1557 1811; x_wconf 92' lang='lat' dir='ltr'><strong>si</strong></span> <span class='ocrx_word' id='word_1_564' title='bbox 1581 1784 1641 1811; x_wconf 77' lang='lat' dir='ltr'><strong>aliae</strong></span> <span class='ocrx_word' id='word_1_565' title='bbox 1666 1784 1796 1811; x_wconf 85' lang='lat' dir='ltr'><strong>advolent</strong></span> 
     </span>
    </p>
   </div>
   <div class='ocr_carea' id='block_1_75' title="bbox 1008 1827 1794 1864">
    <p class='ocr_par' dir='ltr' id='par_1_75' title="bbox 1008 1827 1794 1864">
     <span class='ocr_line' id='line_1_75' title="bbox 1008 1827 1794 1864; baseline 0.004 -11"><span class='ocrx_word' id='word_1_566' title='bbox 1008 1827 1182 1860; x_wconf 86' lang='lat' dir='ltr'><strong>esurientes,</strong></span> <span class='ocrx_word' id='word_1_567' title='bbox 1212 1836 1255 1854; x_wconf 92' lang='lat' dir='ltr'><strong>mc</strong></span> <span class='ocrx_word' id='word_1_568' title='bbox 1279 1827 1377 1855; x_wconf 87' lang='lat' dir='ltr'><strong>diriter</strong></span> <span class='ocrx_word' id='word_1_569' title='bbox 1397 1829 1544 1864; x_wconf 80' lang='lat' dir='ltr'><strong>pungendo</strong></span> <span class='ocrx_word' id='word_1_570' title='bbox 1566 1830 1794 1858; x_wconf 64' lang='lat' dir='ltr'><strong>excruciabunt.»</strong></span> 
     </span>
    </p>
   </div>
   <div class='ocr_carea' id='block_1_76' title="bbox 1010 1873 1800 1912">
    <p class='ocr_par' dir='ltr' id='par_1_76' title="bbox 1010 1873 1800 1912">
     <span class='ocr_line' id='line_1_76' title="bbox 1010 1873 1800 1912; baseline 0.006 -13"><span class='ocrx_word' id='word_1_571' title='bbox 1010 1873 1145 1900; x_wconf 63' lang='lat' dir='ltr'><strong>Caeterum</strong></span> <span class='ocrx_word' id='word_1_572' title='bbox 1178 1874 1306 1901; x_wconf 90' lang='lat' dir='ltr'><strong>nonnulli</strong></span> <span class='ocrx_word' id='word_1_573' title='bbox 1327 1875 1475 1909; x_wconf 83' lang='lat' dir='ltr'><strong>perhibent</strong></span> <span class='ocrx_word' id='word_1_574' title='bbox 1493 1881 1555 1910; x_wconf 86' lang='lat' dir='ltr'><strong>post</strong></span> <span class='ocrx_word' id='word_1_575' title='bbox 1583 1877 1800 1912; x_wconf 87' lang='lat' dir='ltr'><strong>assumptionem</strong></span> 
     </span>
    </p>
   </div>
   <div class='ocr_carea' id='block_1_77' title="bbox 1010 1919 1799 1958">
    <p class='ocr_par' dir='ltr' id='par_1_77' title="bbox 1010 1919 1799 1958">
     <span class='ocr_line' id='line_1_77' title="bbox 1010 1919 1799 1958; baseline 0.006 -13"><span class='ocrx_word' id='word_1_576' title='bbox 1010 1919 1111 1946; x_wconf 89' lang='lat' dir='ltr'><strong>Christi</strong></span> <span class='ocrx_word' id='word_1_577' title='bbox 1132 1919 1242 1947; x_wconf 85' lang='lat' dir='ltr'><strong>Mariam</strong></span> <span class='ocrx_word' id='word_1_578' title='bbox 1270 1920 1344 1947; x_wconf 89' lang='lat' dir='ltr'><strong>illam</strong></span> <span class='ocrx_word' id='word_1_579' title='bbox 1364 1920 1550 1956; x_wconf 74' lang='lat' dir='ltr'><strong>Ilagdalenam</strong></span> <span class='ocrx_word' id='word_1_580' title='bbox 1569 1922 1682 1950; x_wconf 82' lang='lat' dir='ltr'><strong>Romam</strong></span> <span class='ocrx_word' id='word_1_581' title='bbox 1700 1931 1799 1958; x_wconf 80' lang='lat' dir='ltr'><strong>perve-</strong></span> 
     </span>
    </p>
   </div>
   <div class='ocr_carea' id='block_1_78' title="bbox 1009 1965 1800 2003">
    <p class='ocr_par' dir='ltr' id='par_1_78' title="bbox 1009 1965 1800 2003">
     <span class='ocr_line' id='line_1_78' title="bbox 1009 1965 1800 2003; baseline 0.006 -12"><span class='ocrx_word' id='word_1_582' title='bbox 1009 1965 1094 1997; x_wconf 88' lang='lat' dir='ltr'><strong>nisse,</strong></span> <span class='ocrx_word' id='word_1_583' title='bbox 1118 1965 1292 2000; x_wconf 80' lang='lat' dir='ltr'><strong>graviterque</strong></span> <span class='ocrx_word' id='word_1_584' title='bbox 1318 1973 1463 1994; x_wconf 86' lang='lat' dir='ltr'><strong>accusasse</strong></span> <span class='ocrx_word' id='word_1_585' title='bbox 1490 1975 1597 2001; x_wconf 91' lang='lat' dir='ltr'><strong>omnes,</strong></span> <span class='ocrx_word' id='word_1_586' title='bbox 1614 1974 1750 2003; x_wconf 81' lang='lat' dir='ltr'><strong>quorquot</strong></span> <span class='ocrx_word' id='word_1_587' title='bbox 1773 1970 1800 1996; x_wconf 88' lang='lat' dir='ltr'><strong>in</strong></span> 
     </span>
    </p>
   </div>
   <div class='ocr_carea' id='block_1_79' title="bbox 1008 2011 1799 2050">
    <p class='ocr_par' dir='ltr' id='par_1_79' title="bbox 1008 2011 1799 2050">
     <span class='ocr_line' id='line_1_79' title="bbox 1008 2011 1799 2050; baseline 0.008 -13"><span class='ocrx_word' id='word_1_588' title='bbox 1008 2011 1150 2038; x_wconf 84' lang='lat' dir='ltr'><strong>Christum</strong></span> <span class='ocrx_word' id='word_1_589' title='bbox 1178 2012 1362 2046; x_wconf 82' lang='lat' dir='ltr'><strong>deliquerant.</strong></span> <span class='ocrx_word' id='word_1_590' title='bbox 1381 2013 1471 2047; x_wconf 86' lang='lat' dir='ltr'><strong>Usque</strong></span> <span class='ocrx_word' id='word_1_591' title='bbox 1489 2013 1558 2041; x_wconf 87' lang='lat' dir='ltr'><strong>adeo</strong></span> <span class='ocrx_word' id='word_1_592' title='bbox 1575 2014 1650 2042; x_wconf 87' lang='lat' dir='ltr'><strong>illam</strong></span> <span class='ocrx_word' id='word_1_593' title='bbox 1678 2015 1799 2050; x_wconf 73' lang='lat' dir='ltr'><strong>denique</strong></span> 
     </span>
    </p>
   </div>
   <div class='ocr_carea' id='block_1_80' title="bbox 171 2056 1800 2098">
    <p class='ocr_par' dir='ltr' id='par_1_80' title="bbox 171 2056 1800 2098">
     <span class='ocr_line' id='line_1_80' title="bbox 171 2056 1800 2098; baseline 0.001 -9"><span class='ocrx_word' id='word_1_594' title='bbox 171 2063 274 2090; x_wconf 83' lang='lat' dir='ltr'><strong>Tiberii</strong></span> <span class='ocrx_word' id='word_1_595' title='bbox 302 2062 423 2090; x_wconf 84' lang='lat' dir='ltr'><strong>animum</strong></span> <span class='ocrx_word' id='word_1_596' title='bbox 449 2063 625 2095; x_wconf 87' lang='lat' dir='ltr'><strong>accendisse,</strong></span> <span class='ocrx_word' id='word_1_597' title='bbox 645 2067 674 2090; x_wconf 94' lang='lat' dir='ltr'><strong>ut</strong></span> <span class='ocrx_word' id='word_1_598' title='bbox 692 2066 720 2089; x_wconf 89' lang='lat' dir='ltr'><strong>et</strong></span> <span class='ocrx_word' id='word_1_599' title='bbox 743 2060 902 2088; x_wconf 86' lang='lat' dir='ltr'><strong>sacerdotes</strong></span> <span class='ocrx_word' id='word_1_600' title='bbox 928 2065 955 2088; x_wconf 89' lang='lat' dir='ltr'><strong>et</strong></span> <span class='ocrx_word' id='word_1_601' title='bbox 972 2056 1077 2087; x_wconf 75' lang='lat' dir='ltr'><strong>scribas</strong></span> <span class='ocrx_word' id='word_1_602' title='bbox 1091 2065 1118 2087; x_wconf 92' lang='lat' dir='ltr'><strong>et</strong></span> <span class='ocrx_word' id='word_1_603' title='bbox 1145 2059 1235 2095; x_wconf 89' lang='lat' dir='ltr'><strong>ipsum</strong></span> <span class='ocrx_word' id='word_1_604' title='bbox 1271 2061 1525 2095; x_wconf 73' lang='lat' dir='ltr'><strong>quoque‘Pilalum</strong></span> <span class='ocrx_word' id='word_1_605' title='bbox 1559 2063 1659 2098; x_wconf 90' lang='lat' dir='ltr'><strong>capitis</strong></span> <span class='ocrx_word' id='word_1_606' title='bbox 1685 2063 1800 2091; x_wconf 84' lang='lat' dir='ltr'><strong>damna-</strong></span> 
     </span>
    </p>
   </div>
   <div class='ocr_carea' id='block_1_81' title="bbox 172 2106 1585 2144">
    <p class='ocr_par' dir='ltr' id='par_1_81' title="bbox 172 2106 1585 2144">
     <span class='ocr_line' id='line_1_81' title="bbox 172 2106 1585 2144; baseline -0.001 -10"><span class='ocrx_word' id='word_1_607' title='bbox 172 2113 223 2135; x_wconf 81' lang='lat' dir='ltr'><strong>ret.</strong></span> <span class='ocrx_word' id='word_1_608' title='bbox 240 2108 310 2142; x_wconf 81' lang='lat' dir='ltr'><strong>Sunt.</strong></span> <span class='ocrx_word' id='word_1_609' title='bbox 329 2114 417 2136; x_wconf 85' lang='lat' dir='ltr'><strong>tamen</strong></span> <span class='ocrx_word' id='word_1_610' title='bbox 432 2109 478 2136; x_wconf 91' lang='lat' dir='ltr'><strong>alii</strong></span> <span class='ocrx_word' id='word_1_611' title='bbox 494 2109 541 2144; x_wconf 94' lang='lat' dir='ltr'><strong>qui</strong></span> <span class='ocrx_word' id='word_1_612' title='bbox 558 2109 673 2136; x_wconf 86' lang='lat' dir='ltr'><strong>Pilatum</strong></span> <span class='ocrx_word' id='word_1_613' title='bbox 702 2108 813 2136; x_wconf 79' lang='lat' dir='ltr'><strong>sibimet</strong></span> <span class='ocrx_word' id='word_1_614' title='bbox 833 2107 884 2142; x_wconf 85' lang='lat' dir='ltr'><strong>ipsi</strong></span> <span class='ocrx_word' id='word_1_615' title='bbox 900 2114 998 2134; x_wconf 85' lang='lat' dir='ltr'><strong>manus</strong></span> <span class='ocrx_word' id='word_1_616' title='bbox 1015 2106 1138 2133; x_wconf 85' lang='lat' dir='ltr'><strong>attulisse</strong></span> <span class='ocrx_word' id='word_1_617' title='bbox 1157 2111 1388 2134; x_wconf 82' lang='lat' dir='ltr'><strong>cmnmemorant.</strong></span> <span class='ocrx_word' id='word_1_618' title='bbox 1582 2112 1585 2114; x_wconf 77' lang='lat'><strong>&#39;</strong></span> 
     </span>
    </p>
   </div>
   <div class='ocr_carea' id='block_1_82' title="bbox 205 2153 955 2192">
    <p class='ocr_par' dir='ltr' id='par_1_82' title="bbox 205 2153 955 2192">
     <span class='ocr_line' id='line_1_82' title="bbox 205 2153 955 2192; baseline -0.004 -9"><span class='ocrx_word' id='word_1_619' title='bbox 205 2157 282 2183; x_wconf 81' lang='grc' dir='ltr'>Μετὰ</span> <span class='ocrx_word' id='word_1_620' title='bbox 296 2157 389 2183; x_wconf 79' lang='grc' dir='ltr'>τοῦτον</span> <span class='ocrx_word' id='word_1_621' title='bbox 401 2159 496 2192; x_wconf 76' lang='grc' dir='ltr'>κρατεί</span> <span class='ocrx_word' id='word_1_622' title='bbox 508 2157 585 2189; x_wconf 75' lang='grc' dir='ltr'>Γάϊος</span> <span class='ocrx_word' id='word_1_623' title='bbox 599 2157 644 2191; x_wconf 77' lang='grc' dir='ltr'>ἔτη</span> <span class='ocrx_word' id='word_1_624' title='bbox 660 2156 691 2183; x_wconf 84' lang='grc' dir='ltr'><strong>δ’.</strong></span> <span class='ocrx_word' id='word_1_625' title='bbox 705 2153 790 2188; x_wconf 67' lang='grc' dir='ltr'>Οὗτος</span> <span class='ocrx_word' id='word_1_626' title='bbox 807 2155 955 2189; x_wconf 76' lang='grc' dir='ltr'>πάμπολλα</span> 
     </span>
    </p>
   </div>
   <div class='ocr_carea' id='block_1_83' title="bbox 170 2200 955 2236">
    <p class='ocr_par' dir='ltr' id='par_1_83' title="bbox 170 2200 955 2236">
     <span class='ocr_line' id='line_1_83' title="bbox 170 2200 955 2236; baseline 0 -10"><span class='ocrx_word' id='word_1_627' title='bbox 170 2201 245 2226; x_wconf 76' lang='grc' dir='ltr'>δεινὰ</span> <span class='ocrx_word' id='word_1_628' title='bbox 266 2202 383 2236; x_wconf 73' lang='grc' dir='ltr'>ποιήσας</span> <span class='ocrx_word' id='word_1_629' title='bbox 407 2203 561 2236; x_wconf 79' lang='grc' dir='ltr'>ἀναιρεῖται</span> <span class='ocrx_word' id='word_1_630' title='bbox 590 2202 641 2228; x_wconf 68' lang='grc' dir='ltr'>ὑπο</span> <span class='ocrx_word' id='word_1_631' title='bbox 667 2201 843 2235; x_wconf 79' lang='grc' dir='ltr'>στρατιωτῶν</span> <span class='ocrx_word' id='word_1_632' title='bbox 866 2202 895 2227; x_wconf 82' lang='grc' dir='ltr'>ὲν</span> <span class='ocrx_word' id='word_1_633' title='bbox 917 2200 955 2235; x_wconf 83' lang='grc' dir='ltr'>τῷ</span> 
     </span>
    </p>
   </div>
   <div class='ocr_carea' id='block_1_84' title="bbox 170 2247 956 2283">
    <p class='ocr_par' dir='ltr' id='par_1_84' title="bbox 170 2247 956 2283">
     <span class='ocr_line' id='line_1_84' title="bbox 170 2247 956 2283; baseline 0.003 -11"><span class='ocrx_word' id='word_1_634' title='bbox 170 2247 293 2281; x_wconf 75' lang='grc' dir='ltr'><strong>).ο·.ιτρῷ’</strong></span> <span class='ocrx_word' id='word_1_635' title='bbox 304 2247 334 2273; x_wconf 83' lang='grc' dir='ltr'>οὑ</span> <span class='ocrx_word' id='word_1_636' title='bbox 355 2247 408 2282; x_wconf 80' lang='grc' dir='ltr'><strong>γὰρ</strong></span> <span class='ocrx_word' id='word_1_637' title='bbox 430 2248 529 2282; x_wconf 72' lang='grc' dir='ltr'>ἔφερον</span> <span class='ocrx_word' id='word_1_638' title='bbox 545 2247 623 2274; x_wconf 71' lang='grc' dir='ltr'>αὑτὸν</span> <span class='ocrx_word' id='word_1_639' title='bbox 637 2249 703 2283; x_wconf 73' lang='grc' dir='ltr'>ὁρᾷν</span> <span class='ocrx_word' id='word_1_640' title='bbox 715 2248 763 2282; x_wconf 84' lang='grc' dir='ltr'>τὴν</span> <span class='ocrx_word' id='word_1_641' title='bbox 785 2248 853 2274; x_wconf 71' lang='grc' dir='ltr'>ἰδίαν</span> <span class='ocrx_word' id='word_1_642' title='bbox 870 2247 956 2281; x_wconf 71' lang='grc' dir='ltr'>θύγα-</span> 
     </span>
    </p>
   </div>
   <div class='ocr_carea' id='block_1_85' title="bbox 169 2293 954 2328">
    <p class='ocr_par' dir='ltr' id='par_1_85' title="bbox 169 2293 954 2328">
     <span class='ocr_line' id='line_1_85' title="bbox 169 2293 954 2328; baseline 0 -10"><span class='ocrx_word' id='word_1_643' title='bbox 169 2293 236 2326; x_wconf 73' lang='grc' dir='ltr'><strong>τὲρι</strong></span> <span class='ocrx_word' id='word_1_644' title='bbox 260 2293 434 2328; x_wconf 77' lang='grc' dir='ltr'>προσάγοντα</span> <span class='ocrx_word' id='word_1_645' title='bbox 459 2293 498 2328; x_wconf 86' lang='grc' dir='ltr'>τῷ</span> <span class='ocrx_word' id='word_1_646' title='bbox 517 2293 619 2328; x_wconf 81' lang='grc' dir='ltr'>εἰδώλῳ</span> <span class='ocrx_word' id='word_1_647' title='bbox 642 2293 736 2326; x_wconf 80' lang='grc' dir='ltr'>αὑτοῦ,</span> <span class='ocrx_word' id='word_1_648' title='bbox 754 2294 801 2320; x_wconf 77' lang='grc' dir='ltr'><strong>καὶ</strong></span> <span class='ocrx_word' id='word_1_649' title='bbox 824 2293 954 2327; x_wconf 83' lang='grc' dir='ltr'>λέγοντα·</span> 
     </span>
    </p>
   </div>
   <div class='ocr_carea' id='block_1_86' title="bbox 173 2338 953 2374">
    <p class='ocr_par' dir='ltr' id='par_1_86' title="bbox 173 2338 953 2374">
     <span class='ocr_line' id='line_1_86' title="bbox 173 2338 953 2374; baseline 0.001 -11"><span class='ocrx_word' id='word_1_650' title='bbox 173 2346 182 2363; x_wconf 79' lang='grc' dir='ltr'><strong>ι</strong></span> <span class='ocrx_word' id='word_1_651' title='bbox 199 2338 235 2363; x_wconf 57' lang='grc' dir='ltr'><strong>Σ)</strong></span> <span class='ocrx_word' id='word_1_652' title='bbox 257 2338 360 2372; x_wconf 69' lang='grc' dir='ltr'>ταύτης</span> <span class='ocrx_word' id='word_1_653' title='bbox 381 2338 482 2374; x_wconf 80' lang='grc' dir='ltr'>πατὴρ,</span> <span class='ocrx_word' id='word_1_654' title='bbox 508 2340 556 2366; x_wconf 75' lang='grc' dir='ltr'><strong>καὶ</strong></span> <span class='ocrx_word' id='word_1_655' title='bbox 580 2340 611 2366; x_wconf 78' lang='grc' dir='ltr'><strong>σὺ</strong></span> <span class='ocrx_word' id='word_1_656' title='bbox 630 2340 731 2374; x_wconf 73' lang='grc' dir='ltr'>ταύτην</span> <span class='ocrx_word' id='word_1_657' title='bbox 744 2340 922 2374; x_wconf 81' lang='grc' dir='ltr'>γεγέννηκας.</span> <span class='ocrx_word' id='word_1_658' title='bbox 944 2348 953 2364; x_wconf 78' lang='grc' dir='ltr'><strong>ι</strong></span> 
     </span>
    </p>
   </div>
   <div class='ocr_carea' id='block_1_87' title="bbox 171 2380 956 2420">
    <p class='ocr_par' dir='ltr' id='par_1_87' title="bbox 171 2380 956 2420">
     <span class='ocr_line' id='line_1_87' title="bbox 171 2380 956 2420; baseline 0.001 -11"><span class='ocrx_word' id='word_1_659' title='bbox 171 2380 255 2414; x_wconf 70' lang='grc' dir='ltr'>Οὗτος</span> <span class='ocrx_word' id='word_1_660' title='bbox 285 2385 299 2410; x_wconf 85' lang='lat'><strong>6</strong></span> <span class='ocrx_word' id='word_1_661' title='bbox 324 2384 407 2416; x_wconf 79' lang='grc' dir='ltr'>Γαῖος</span> <span class='ocrx_word' id='word_1_662' title='bbox 433 2385 582 2417; x_wconf 81' lang='grc' dir='ltr'>ὁλονύκτως</span> <span class='ocrx_word' id='word_1_663' title='bbox 605 2385 731 2412; x_wconf 71' lang='grc' dir='ltr'>κυϐεύειν</span> <span class='ocrx_word' id='word_1_664' title='bbox 749 2385 854 2420; x_wconf 70' lang='grc' dir='ltr'>ἤθελεν.</span> <span class='ocrx_word' id='word_1_665' title='bbox 874 2384 956 2411; x_wconf 78' lang='grc' dir='ltr'>’Ὁοεν</span> 
     </span>
    </p>
   </div>
   <div class='ocr_carea' id='block_1_88' title="bbox 170 2429 955 2466">
    <p class='ocr_par' dir='ltr' id='par_1_88' title="bbox 170 2429 955 2466">
     <span class='ocr_line' id='line_1_88' title="bbox 170 2429 955 2466; baseline 0.001 -11"><span class='ocrx_word' id='word_1_666' title='bbox 170 2430 216 2457; x_wconf 75' lang='grc' dir='ltr'><strong>ἐπὶ</strong></span> <span class='ocrx_word' id='word_1_667' title='bbox 230 2430 318 2465; x_wconf 80' lang='grc' dir='ltr'>τούτῳ</span> <span class='ocrx_word' id='word_1_668' title='bbox 330 2429 507 2466; x_wconf 73' lang='grc' dir='ltr'>δυσουμήσας</span> <span class='ocrx_word' id='word_1_669' title='bbox 518 2432 531 2458; x_wconf 95' lang='lat'><strong>6</strong></span> <span class='ocrx_word' id='word_1_670' title='bbox 547 2431 683 2466; x_wconf 72' lang='grc' dir='ltr'>βασιλεὺς,</span> <span class='ocrx_word' id='word_1_671' title='bbox 700 2432 746 2458; x_wconf 71' lang='grc' dir='ltr'><strong>ἐπὶ</strong></span> <span class='ocrx_word' id='word_1_672' title='bbox 762 2431 886 2458; x_wconf 74' lang='grc' dir='ltr'>τοσοῦτον</span> <span class='ocrx_word' id='word_1_673' title='bbox 902 2431 955 2465; x_wconf 66' lang='grc' dir='ltr'><strong>γὰρ</strong></span> 
     </span>
    </p>
   </div>
   <div class='ocr_carea' id='block_1_89' title="bbox 170 2476 954 2512">
    <p class='ocr_par' dir='ltr' id='par_1_89' title="bbox 170 2476 954 2512">
     <span class='ocr_line' id='line_1_89' title="bbox 170 2476 954 2512; baseline 0 -10"><span class='ocrx_word' id='word_1_674' title='bbox 170 2476 351 2507; x_wconf 77' lang='grc' dir='ltr'>ἐξεκεκένωτο</span> <span class='ocrx_word' id='word_1_675' title='bbox 365 2477 394 2503; x_wconf 83' lang='grc' dir='ltr'>τὸ</span> <span class='ocrx_word' id='word_1_676' title='bbox 409 2477 521 2512; x_wconf 80' lang='grc' dir='ltr'>χρυσίον</span> <span class='ocrx_word' id='word_1_677' title='bbox 546 2477 629 2510; x_wconf 69' lang='grc' dir='ltr'><strong>ἅπαν⁷</strong></span> <span class='ocrx_word' id='word_1_678' title='bbox 644 2477 713 2503; x_wconf 75' lang='grc' dir='ltr'>ὥστε</span> <span class='ocrx_word' id='word_1_679' title='bbox 726 2478 772 2504; x_wconf 72' lang='grc' dir='ltr'>καὶ</span> <span class='ocrx_word' id='word_1_680' title='bbox 787 2480 831 2504; x_wconf 70' lang='grc' dir='ltr'>τὸν</span> <span class='ocrx_word' id='word_1_681' title='bbox 850 2477 954 2510; x_wconf 70' lang='grc' dir='ltr'><strong>θησαυ-</strong></span> 
     </span>
    </p>
   </div>
   <div class='ocr_carea' id='block_1_90' title="bbox 170 2522 956 2559">
    <p class='ocr_par' dir='ltr' id='par_1_90' title="bbox 170 2522 956 2559">
     <span class='ocr_line' id='line_1_90' title="bbox 170 2522 956 2559; baseline 0 -11"><span class='ocrx_word' id='word_1_682' title='bbox 170 2522 311 2557; x_wconf 72' lang='grc' dir='ltr'>ροφύλακα</span> <span class='ocrx_word' id='word_1_683' title='bbox 326 2523 514 2558; x_wconf 76' lang='grc' dir='ltr'>δυσθυμοῦντα</span> <span class='ocrx_word' id='word_1_684' title='bbox 527 2524 597 2559; x_wconf 78' lang='grc' dir='ltr'><strong>ὁρῶν</strong></span> <span class='ocrx_word' id='word_1_685' title='bbox 612 2526 674 2555; x_wconf 72' lang='grc' dir='ltr'>τοὺς</span> <span class='ocrx_word' id='word_1_686' title='bbox 693 2524 858 2558; x_wconf 79' lang='grc' dir='ltr'>ὁπουδήποτε</span> <span class='ocrx_word' id='word_1_687' title='bbox 875 2524 956 2549; x_wconf 70' lang='grc' dir='ltr'><strong>π),,υ‹</strong></span> 
     </span>
    </p>
   </div>
   <div class='ocr_carea' id='block_1_91' title="bbox 205 2613 950 2651">
    <p class='ocr_par' dir='ltr' id='par_1_91' title="bbox 205 2613 950 2651">
     <span class='ocr_line' id='line_1_91' title="bbox 205 2613 950 2651; baseline 0.001 -11"><span class='ocrx_word' id='word_1_688' title='bbox 205 2613 263 2648; x_wconf 84' lang='grc'><strong>(61)</strong></span> <span class='ocrx_word' id='word_1_689' title='bbox 275 2614 427 2649; x_wconf 85' lang='lat' dir='ltr'><strong>Antequam</strong></span> <span class='ocrx_word' id='word_1_690' title='bbox 445 2616 479 2643; x_wconf 86' lang='lat' dir='ltr'><strong>ad</strong></span> <span class='ocrx_word' id='word_1_691' title='bbox 490 2615 634 2651; x_wconf 87' lang='lat' dir='ltr'><strong>sequentia</strong></span> <span class='ocrx_word' id='word_1_692' title='bbox 650 2615 819 2651; x_wconf 78' lang='lat' dir='ltr'><strong>progrediar,</strong></span> <span class='ocrx_word' id='word_1_693' title='bbox 834 2622 950 2651; x_wconf 85' lang='lat' dir='ltr'><strong>monen-</strong></span> 
     </span>
    </p>
   </div>
   <div class='ocr_carea' id='block_1_92' title="bbox 171 2649 957 2685">
    <p class='ocr_par' dir='ltr' id='par_1_92' title="bbox 171 2649 957 2685">
     <span class='ocr_line' id='line_1_92' title="bbox 171 2649 957 2685; baseline 0.001 -9"><span class='ocrx_word' id='word_1_694' title='bbox 171 2649 222 2685; x_wconf 72' lang='lat' dir='ltr'><strong>dos</strong></span> <span class='ocrx_word' id='word_1_695' title='bbox 238 2656 300 2677; x_wconf 76' lang='lat' dir='ltr'><strong>esse</strong></span> <span class='ocrx_word' id='word_1_696' title='bbox 327 2651 442 2678; x_wconf 82' lang='lat' dir='ltr'><strong>lectores</strong></span> <span class='ocrx_word' id='word_1_697' title='bbox 467 2649 607 2683; x_wconf 76' lang='lat' dir='ltr'><strong>existimo,</strong></span> <span class='ocrx_word' id='word_1_698' title='bbox 628 2649 656 2677; x_wconf 78' lang='lat' dir='ltr'><strong>in</strong></span> <span class='ocrx_word' id='word_1_699' title='bbox 680 2649 804 2685; x_wconf 78' lang='lat' dir='ltr'><strong>pluribus</strong></span> <span class='ocrx_word' id='word_1_700' title='bbox 829 2650 957 2677; x_wconf 78' lang='lat' dir='ltr'><strong>aberrare</strong></span> 
     </span>
    </p>
   </div>
   <div class='ocr_carea' id='block_1_93' title="bbox 169 2683 959 2720">
    <p class='ocr_par' dir='ltr' id='par_1_93' title="bbox 169 2683 959 2720">
     <span class='ocr_line' id='line_1_93' title="bbox 169 2683 959 2720; baseline 0.003 -11"><span class='ocrx_word' id='word_1_701' title='bbox 169 2683 280 2720; x_wconf 57' lang='lat' dir='ltr'><strong>(Eiycam</strong></span> <span class='ocrx_word' id='word_1_702' title='bbox 294 2689 429 2716; x_wconf 87' lang='lat' dir='ltr'><strong>nostrum,</strong></span> <span class='ocrx_word' id='word_1_703' title='bbox 441 2693 502 2720; x_wconf 81' lang='lat' dir='ltr'><strong>qua:</strong></span> <span class='ocrx_word' id='word_1_704' title='bbox 526 2686 559 2713; x_wconf 87' lang='lat' dir='ltr'><strong>ad</strong></span> <span class='ocrx_word' id='word_1_705' title='bbox 577 2683 714 2713; x_wconf 78' lang='lat' dir='ltr'><strong>Romanos</strong></span> <span class='ocrx_word' id='word_1_706' title='bbox 725 2686 909 2720; x_wconf 81' lang='lat' dir='ltr'><strong>imperatores</strong></span> <span class='ocrx_word' id='word_1_707' title='bbox 926 2692 959 2711; x_wconf 91' lang='lat' dir='ltr'><strong>ac</strong></span> 
     </span>
    </p>
   </div>
   <div class='ocr_carea' id='block_1_94' title="bbox 169 2718 956 2755">
    <p class='ocr_par' dir='ltr' id='par_1_94' title="bbox 169 2718 956 2755">
     <span class='ocr_line' id='line_1_94' title="bbox 169 2718 956 2755; baseline 0 -10"><span class='ocrx_word' id='word_1_708' title='bbox 169 2718 490 2755; x_wconf 75' lang='lat' dir='ltr'><strong>Constantinopolitanos</strong></span> <span class='ocrx_word' id='word_1_709' title='bbox 505 2721 645 2755; x_wconf 85' lang='lat' dir='ltr'><strong>pertinent</strong></span> <span class='ocrx_word' id='word_1_710' title='bbox 663 2729 669 2747; x_wconf 92' lang='lat'>:</span> <span class='ocrx_word' id='word_1_711' title='bbox 691 2728 752 2755; x_wconf 67' lang='lat' dir='ltr'><strong>quae</strong></span> <span class='ocrx_word' id='word_1_712' title='bbox 765 2718 792 2747; x_wconf 58' lang='lat' dir='ltr'><strong>&#39;si</strong></span> <span class='ocrx_word' id='word_1_713' title='bbox 809 2721 843 2747; x_wconf 82' lang='lat' dir='ltr'><strong>ad</strong></span> <span class='ocrx_word' id='word_1_714' title='bbox 859 2728 956 2755; x_wconf 84' lang='lat' dir='ltr'><strong>amns-</strong></span> 
     </span>
    </p>
   </div>
   <div class='ocr_carea' id='block_1_95' title="bbox 170 2754 957 2790">
    <p class='ocr_par' dir='ltr' id='par_1_95' title="bbox 170 2754 957 2790">
     <span class='ocr_line' id='line_1_95' title="bbox 170 2754 957 2790; baseline 0.003 -11"><span class='ocrx_word' id='word_1_715' title='bbox 170 2754 221 2780; x_wconf 91' lang='lat' dir='ltr'><strong>sim</strong></span> <span class='ocrx_word' id='word_1_716' title='bbox 234 2758 315 2790; x_wconf 87' lang='lat' dir='ltr'><strong>atque</strong></span> <span class='ocrx_word' id='word_1_717' title='bbox 329 2762 444 2782; x_wconf 75' lang='lat' dir='ltr'><strong>examen</strong></span> <span class='ocrx_word' id='word_1_718' title='bbox 461 2754 684 2790; x_wconf 79' lang='lat' dir='ltr'><strong>clrronologicum</strong></span> <span class='ocrx_word' id='word_1_719' title='bbox 701 2754 834 2782; x_wconf 74' lang='lat' dir='ltr'><strong>revocare</strong></span> <span class='ocrx_word' id='word_1_720' title='bbox 858 2754 957 2782; x_wconf 72' lang='lat' dir='ltr'><strong>voluis-</strong></span> 
     </span>
    </p>
   </div>
   <div class='ocr_carea' id='block_1_96' title="bbox 170 2789 959 2826">
    <p class='ocr_par' dir='ltr' id='par_1_96' title="bbox 170 2789 959 2826">
     <span class='ocr_line' id='line_1_96' title="bbox 170 2789 959 2826; baseline 0.001 -12"><span class='ocrx_word' id='word_1_721' title='bbox 170 2795 242 2826; x_wconf 83' lang='lat' dir='ltr'><strong>sem,</strong></span> <span class='ocrx_word' id='word_1_722' title='bbox 268 2789 359 2823; x_wconf 84' lang='lat' dir='ltr'><strong>plures</strong></span> <span class='ocrx_word' id='word_1_723' title='bbox 384 2789 497 2824; x_wconf 75' lang='lat' dir='ltr'><strong>implere</strong></span> <span class='ocrx_word' id='word_1_724' title='bbox 516 2789 628 2826; x_wconf 74' lang='lat' dir='ltr'><strong>paginas</strong></span> <span class='ocrx_word' id='word_1_725' title='bbox 655 2796 682 2818; x_wconf 82' lang='grc' dir='ltr'><strong>‹·ι</strong></span> <span class='ocrx_word' id='word_1_726' title='bbox 707 2791 805 2824; x_wconf 71' lang='lat' dir='ltr'><strong>ingens</strong></span> <span class='ocrx_word' id='word_1_727' title='bbox 835 2795 959 2817; x_wconf 81' lang='lat' dir='ltr'><strong>notarum</strong></span> 
     </span>
    </p>
   </div>
   <div class='ocr_carea' id='block_1_97' title="bbox 171 2823 956 2859">
    <p class='ocr_par' dir='ltr' id='par_1_97' title="bbox 171 2823 956 2859">
     <span class='ocr_line' id='line_1_97' title="bbox 171 2823 956 2859; baseline 0.003 -9"><span class='ocrx_word' id='word_1_728' title='bbox 171 2823 299 2850; x_wconf 81' lang='lat' dir='ltr'><strong>volumen</strong></span> <span class='ocrx_word' id='word_1_729' title='bbox 331 2823 527 2854; x_wconf 75' lang='lat' dir='ltr'><strong>consarcinare</strong></span> <span class='ocrx_word' id='word_1_730' title='bbox 552 2823 618 2854; x_wconf 72' lang='lat' dir='ltr'><strong>inihi</strong></span> <span class='ocrx_word' id='word_1_731' title='bbox 650 2834 719 2859; x_wconf 81' lang='lat' dir='ltr'><strong>opus</strong></span> <span class='ocrx_word' id='word_1_732' title='bbox 740 2823 854 2853; x_wconf 36' lang='lat' dir='ltr'><strong>&#39;t&#39;uissct.</strong></span> <span class='ocrx_word' id='word_1_733' title='bbox 887 2826 956 2852; x_wconf 75' lang='lat' dir='ltr'><strong>Cum</strong></span> 
     </span>
    </p>
   </div>
   <div class='ocr_carea' id='block_1_98' title="bbox 1047 2154 1799 2192">
    <p class='ocr_par' dir='ltr' id='par_1_98' title="bbox 1047 2154 1799 2192">
     <span class='ocr_line' id='line_1_98' title="bbox 1047 2154 1799 2192; baseline 0.003 -10"><span class='ocrx_word' id='word_1_734' title='bbox 1047 2155 1111 2182; x_wconf 85' lang='lat' dir='ltr'><strong>Post</strong></span> <span class='ocrx_word' id='word_1_735' title='bbox 1121 2154 1260 2182; x_wconf 89' lang='lat' dir='ltr'><strong>Tiberium</strong></span> <span class='ocrx_word' id='word_1_736' title='bbox 1275 2154 1360 2182; x_wconf 87' lang='lat' dir='ltr'><strong>Caius</strong></span> <span class='ocrx_word' id='word_1_737' title='bbox 1375 2155 1492 2189; x_wconf 89' lang='lat' dir='ltr'><strong>imperio</strong></span> <span class='ocrx_word' id='word_1_738' title='bbox 1503 2155 1520 2182; x_wconf 69' lang='grc' dir='ltr'><strong>ι</strong></span> <span class='ocrx_word' id='word_1_739' title='bbox 1530 2163 1617 2183; x_wconf 82' lang='lat' dir='ltr'><strong>annos</strong></span> <span class='ocrx_word' id='word_1_740' title='bbox 1631 2157 1733 2192; x_wconf 84' lang='lat' dir='ltr'><strong>potitus</strong></span> <span class='ocrx_word' id='word_1_741' title='bbox 1747 2163 1799 2185; x_wconf 81' lang='lat' dir='ltr'><strong>est.</strong></span> 
     </span>
    </p>
   </div>
   <div class='ocr_carea' id='block_1_99' title="bbox 1009 2195 1800 2238">
    <p class='ocr_par' dir='ltr' id='par_1_99' title="bbox 1009 2195 1800 2238">
     <span class='ocr_line' id='line_1_99' title="bbox 1009 2195 1800 2238; baseline 0.001 -9"><span class='ocrx_word' id='word_1_742' title='bbox 1009 2202 1035 2229; x_wconf 88' lang='lat' dir='ltr'><strong>ls</strong></span> <span class='ocrx_word' id='word_1_743' title='bbox 1048 2209 1110 2229; x_wconf 90' lang='lat' dir='ltr'><strong>eum</strong></span> <span class='ocrx_word' id='word_1_744' title='bbox 1129 2201 1214 2228; x_wconf 86' lang='lat' dir='ltr'><strong>multa</strong></span> <span class='ocrx_word' id='word_1_745' title='bbox 1230 2201 1380 2228; x_wconf 84' lang='lat' dir='ltr'><strong>crudeliter</strong></span> <span class='ocrx_word' id='word_1_746' title='bbox 1401 2201 1549 2229; x_wconf 89' lang='lat' dir='ltr'><strong>admodum</strong></span> <span class='ocrx_word' id='word_1_747' title='bbox 1575 2195 1757 2238; x_wconf 74' lang='lat' dir='ltr'><strong>designasset,</strong></span> <span class='ocrx_word' id='word_1_748' title='bbox 1786 2212 1800 2230; x_wconf 88' lang='lat' dir='ltr'><strong>a</strong></span> 
     </span>
    </p>
   </div>
   <div class='ocr_carea' id='block_1_100' title="bbox 1011 2245 1801 2275">
    <p class='ocr_par' dir='ltr' id='par_1_100' title="bbox 1011 2245 1801 2275">
     <span class='ocr_line' id='line_1_100' title="bbox 1011 2245 1801 2275; baseline 0.003 -2"><span class='ocrx_word' id='word_1_749' title='bbox 1011 2246 1144 2274; x_wconf 84' lang='lat' dir='ltr'><strong>militibus</strong></span> <span class='ocrx_word' id='word_1_750' title='bbox 1158 2246 1185 2272; x_wconf 94' lang='lat' dir='ltr'><strong>in</strong></span> <span class='ocrx_word' id='word_1_751' title='bbox 1206 2245 1303 2272; x_wconf 89' lang='lat' dir='ltr'><strong>balneo</strong></span> <span class='ocrx_word' id='word_1_752' title='bbox 1316 2250 1428 2273; x_wconf 83' lang='lat' dir='ltr'><strong>necatus</strong></span> <span class='ocrx_word' id='word_1_753' title='bbox 1439 2251 1491 2273; x_wconf 83' lang='lat' dir='ltr'><strong>est.</strong></span> <span class='ocrx_word' id='word_1_754' title='bbox 1510 2246 1578 2273; x_wconf 87' lang='lat' dir='ltr'><strong>Nam</strong></span> <span class='ocrx_word' id='word_1_755' title='bbox 1594 2249 1708 2275; x_wconf 80' lang='lat' dir='ltr'><strong>moleste</strong></span> <span class='ocrx_word' id='word_1_756' title='bbox 1729 2249 1801 2275; x_wconf 87' lang='lat' dir='ltr'><strong>t&#39;ere-</strong></span> 
     </span>
    </p>
   </div>
   <div class='ocr_carea' id='block_1_101' title="bbox 1010 2291 1801 2327">
    <p class='ocr_par' dir='ltr' id='par_1_101' title="bbox 1010 2291 1801 2327">
     <span class='ocr_line' id='line_1_101' title="bbox 1010 2291 1801 2327; baseline 0.001 -8"><span class='ocrx_word' id='word_1_757' title='bbox 1010 2293 1084 2325; x_wconf 88' lang='lat' dir='ltr'><strong>bant,</strong></span> <span class='ocrx_word' id='word_1_758' title='bbox 1099 2292 1171 2327; x_wconf 81' lang='lat' dir='ltr'><strong>quod</strong></span> <span class='ocrx_word' id='word_1_759' title='bbox 1188 2299 1251 2318; x_wconf 91' lang='lat' dir='ltr'><strong>eum</strong></span> <span class='ocrx_word' id='word_1_760' title='bbox 1264 2291 1398 2319; x_wconf 84' lang='lat' dir='ltr'><strong>vidissent</strong></span> <span class='ocrx_word' id='word_1_761' title='bbox 1414 2292 1552 2327; x_wconf 87' lang='lat' dir='ltr'><strong>propriam</strong></span> <span class='ocrx_word' id='word_1_762' title='bbox 1566 2293 1649 2320; x_wconf 83' lang='lat' dir='ltr'><strong>ﬁliam</strong></span> <span class='ocrx_word' id='word_1_763' title='bbox 1669 2294 1702 2320; x_wconf 86' lang='lat' dir='ltr'><strong>ad</strong></span> <span class='ocrx_word' id='word_1_764' title='bbox 1715 2294 1801 2320; x_wconf 61' lang='lat' dir='ltr'><strong>sinino</strong></span> 
     </span>
    </p>
   </div>
   <div class='ocr_carea' id='block_1_102' title="bbox 1008 2338 1798 2374">
    <p class='ocr_par' dir='ltr' id='par_1_102' title="bbox 1008 2338 1798 2374">
     <span class='ocr_line' id='line_1_102' title="bbox 1008 2338 1798 2374; baseline 0.004 -9"><span class='ocrx_word' id='word_1_765' title='bbox 1008 2339 1113 2366; x_wconf 89' lang='lat' dir='ltr'><strong>lacrum</strong></span> <span class='ocrx_word' id='word_1_766' title='bbox 1125 2338 1262 2373; x_wconf 84' lang='lat' dir='ltr'><strong>quoddam</strong></span> <span class='ocrx_word' id='word_1_767' title='bbox 1279 2346 1342 2365; x_wconf 89' lang='lat' dir='ltr'><strong>cum</strong></span> <span class='ocrx_word' id='word_1_768' title='bbox 1358 2338 1516 2374; x_wconf 86' lang='lat' dir='ltr'><strong>hujusmodi</strong></span> <span class='ocrx_word' id='word_1_769' title='bbox 1530 2339 1622 2367; x_wconf 89' lang='lat' dir='ltr'><strong>verbis</strong></span> <span class='ocrx_word' id='word_1_770' title='bbox 1641 2340 1798 2368; x_wconf 82' lang='lat' dir='ltr'><strong>addnrcre:</strong></span> 
     </span>
    </p>
   </div>
   <div class='ocr_carea' id='block_1_103' title="bbox 1013 2384 1798 2420">
    <p class='ocr_par' dir='ltr' id='par_1_103' title="bbox 1013 2384 1798 2420">
     <span class='ocr_line' id='line_1_103' title="bbox 1013 2384 1798 2420; baseline 0 -8"><span class='ocrx_word' id='word_1_771' title='bbox 1013 2385 1076 2412; x_wconf 72' lang='lat' dir='ltr'><strong>«Tu</strong></span> <span class='ocrx_word' id='word_1_772' title='bbox 1097 2390 1172 2419; x_wconf 83' lang='lat' dir='ltr'><strong>pater</strong></span> <span class='ocrx_word' id='word_1_773' title='bbox 1188 2384 1269 2419; x_wconf 80' lang='lat' dir='ltr'><strong>linjus</strong></span> <span class='ocrx_word' id='word_1_774' title='bbox 1288 2392 1328 2416; x_wconf 88' lang='lat' dir='ltr'><strong>es,</strong></span> <span class='ocrx_word' id='word_1_775' title='bbox 1351 2389 1379 2412; x_wconf 93' lang='lat' dir='ltr'><strong>tu</strong></span> <span class='ocrx_word' id='word_1_776' title='bbox 1408 2386 1477 2412; x_wconf 86' lang='lat' dir='ltr'><strong>hanc</strong></span> <span class='ocrx_word' id='word_1_777' title='bbox 1502 2387 1662 2420; x_wconf 81' lang='lat' dir='ltr'><strong>procreasti.</strong></span> <span class='ocrx_word' id='word_1_778' title='bbox 1692 2396 1701 2411; x_wconf 76' lang='grc' dir='ltr'><strong>ι</strong></span> <span class='ocrx_word' id='word_1_779' title='bbox 1722 2387 1798 2413; x_wconf 65' lang='lat' dir='ltr'><strong>Sutu-</strong></span> 
     </span>
    </p>
   </div>
   <div class='ocr_carea' id='block_1_104' title="bbox 1010 2429 1796 2468">
    <p class='ocr_par' dir='ltr' id='par_1_104' title="bbox 1010 2429 1796 2468">
     <span class='ocr_line' id='line_1_104' title="bbox 1010 2429 1796 2468; baseline 0.001 -11"><span class='ocrx_word' id='word_1_780' title='bbox 1010 2430 1056 2457; x_wconf 86' lang='lat' dir='ltr'><strong>bat</strong></span> <span class='ocrx_word' id='word_1_781' title='bbox 1080 2429 1161 2457; x_wconf 85' lang='lat' dir='ltr'><strong>Caius</strong></span> <span class='ocrx_word' id='word_1_782' title='bbox 1191 2435 1260 2457; x_wconf 86' lang='lat' dir='ltr'><strong>totas</strong></span> <span class='ocrx_word' id='word_1_783' title='bbox 1287 2434 1381 2457; x_wconf 75' lang='lat' dir='ltr'><strong>noctes</strong></span> <span class='ocrx_word' id='word_1_784' title='bbox 1397 2430 1462 2458; x_wconf 68' lang='lat' dir='ltr'><strong>alca:</strong></span> <span class='ocrx_word' id='word_1_785' title='bbox 1479 2431 1540 2458; x_wconf 90' lang='lat' dir='ltr'><strong>lusu</strong></span> <span class='ocrx_word' id='word_1_786' title='bbox 1560 2433 1721 2468; x_wconf 76' lang='lat' dir='ltr'><strong>transigere.</strong></span> <span class='ocrx_word' id='word_1_787' title='bbox 1739 2432 1796 2464; x_wconf 81' lang='lat' dir='ltr'><strong>Qua</strong></span> 
     </span>
    </p>
   </div>
   <div class='ocr_carea' id='block_1_105' title="bbox 1010 2476 1794 2514">
    <p class='ocr_par' dir='ltr' id='par_1_105' title="bbox 1010 2476 1794 2514">
     <span class='ocr_line' id='line_1_105' title="bbox 1010 2476 1794 2514; baseline 0.003 -12"><span class='ocrx_word' id='word_1_788' title='bbox 1010 2476 1200 2511; x_wconf 78' lang='lat' dir='ltr'><strong>prodigalitate</strong></span> <span class='ocrx_word' id='word_1_789' title='bbox 1216 2476 1316 2503; x_wconf 80' lang='lat' dir='ltr'><strong>factum</strong></span> <span class='ocrx_word' id='word_1_790' title='bbox 1331 2484 1373 2503; x_wconf 83' lang='lat' dir='ltr'><strong>est</strong></span> <span class='ocrx_word' id='word_1_791' title='bbox 1390 2483 1418 2504; x_wconf 90' lang='lat' dir='ltr'><strong>ut</strong></span> <span class='ocrx_word' id='word_1_792' title='bbox 1435 2477 1544 2504; x_wconf 85' lang='lat' dir='ltr'><strong>tandem</strong></span> <span class='ocrx_word' id='word_1_793' title='bbox 1562 2485 1646 2514; x_wconf 83' lang='lat' dir='ltr'><strong>egens</strong></span> <span class='ocrx_word' id='word_1_794' title='bbox 1667 2486 1794 2512; x_wconf 78' lang='lat' dir='ltr'><strong>magnum</strong></span> 
     </span>
    </p>
   </div>
   <div class='ocr_carea' id='block_1_106' title="bbox 1010 2522 1795 2558">
    <p class='ocr_par' dir='ltr' id='par_1_106' title="bbox 1010 2522 1795 2558">
     <span class='ocr_line' id='line_1_106' title="bbox 1010 2522 1795 2558; baseline 0.001 -9"><span class='ocrx_word' id='word_1_795' title='bbox 1010 2523 1036 2550; x_wconf 87' lang='lat' dir='ltr'><strong>in</strong></span> <span class='ocrx_word' id='word_1_796' title='bbox 1062 2530 1208 2549; x_wconf 78' lang='lat' dir='ltr'><strong>maerorem</strong></span> <span class='ocrx_word' id='word_1_797' title='bbox 1233 2522 1376 2550; x_wconf 80' lang='lat' dir='ltr'><strong>incideret.</strong></span> <span class='ocrx_word' id='word_1_798' title='bbox 1407 2523 1472 2550; x_wconf 75' lang='lat' dir='ltr'><strong>Nam</strong></span> <span class='ocrx_word' id='word_1_799' title='bbox 1501 2531 1612 2558; x_wconf 87' lang='lat' dir='ltr'><strong>prorsus</strong></span> <span class='ocrx_word' id='word_1_800' title='bbox 1633 2524 1795 2551; x_wconf 80' lang='lat' dir='ltr'><strong>exliaustum</strong></span> 
     </span>
    </p>
   </div>
   <div class='ocr_carea' id='block_1_107' title="bbox 1005 2614 1796 2649">
    <p class='ocr_par' dir='ltr' id='par_1_107' title="bbox 1005 2614 1796 2649">
     <span class='ocr_line' id='line_1_107' title="bbox 1005 2614 1796 2649; baseline -0.003 -8"><span class='ocrx_word' id='word_1_801' title='bbox 1005 2614 1108 2649; x_wconf 88' lang='lat' dir='ltr'><strong>aliquid</strong></span> <span class='ocrx_word' id='word_1_802' title='bbox 1137 2614 1212 2642; x_wconf 89' lang='lat' dir='ltr'><strong>dubii</strong></span> <span class='ocrx_word' id='word_1_803' title='bbox 1239 2614 1401 2648; x_wconf 88' lang='lat' dir='ltr'><strong>occurrerit,</strong></span> <span class='ocrx_word' id='word_1_804' title='bbox 1423 2614 1456 2641; x_wconf 89' lang='lat' dir='ltr'><strong>ad</strong></span> <span class='ocrx_word' id='word_1_805' title='bbox 1493 2614 1641 2649; x_wconf 88' lang='lat' dir='ltr'><strong>scriptores</strong></span> <span class='ocrx_word' id='word_1_806' title='bbox 1679 2614 1796 2647; x_wconf 70' lang='grc' dir='ltr'>συγκρό-</span> 
     </span>
    </p>
   </div>
   <div class='ocr_carea' id='block_1_108' title="bbox 1009 2649 1791 2684">
    <p class='ocr_par' dir='ltr' id='par_1_108' title="bbox 1009 2649 1791 2684">
     <span class='ocr_line' id='line_1_108' title="bbox 1009 2649 1791 2684; baseline -0.003 -8"><span class='ocrx_word' id='word_1_807' title='bbox 1009 2658 1070 2680; x_wconf 77' lang='grc' dir='ltr'>νους</span> <span class='ocrx_word' id='word_1_808' title='bbox 1090 2651 1174 2676; x_wconf 86' lang='lat' dir='ltr'><strong>satius</strong></span> <span class='ocrx_word' id='word_1_809' title='bbox 1189 2650 1241 2676; x_wconf 89' lang='lat' dir='ltr'><strong>erit</strong></span> <span class='ocrx_word' id='word_1_810' title='bbox 1258 2657 1412 2681; x_wconf 85' lang='lat' dir='ltr'><strong>recurrere,</strong></span> <span class='ocrx_word' id='word_1_811' title='bbox 1447 2657 1528 2684; x_wconf 85' lang='lat' dir='ltr'><strong>quam</strong></span> <span class='ocrx_word' id='word_1_812' title='bbox 1551 2649 1674 2684; x_wconf 84' lang='lat' dir='ltr'><strong>turbidos</strong></span> <span class='ocrx_word' id='word_1_813' title='bbox 1700 2656 1791 2675; x_wconf 75' lang='lat' dir='ltr'><strong>recen—</strong></span> 
     </span>
    </p>
   </div>
   <div class='ocr_carea' id='block_1_109' title="bbox 1011 2683 1794 2722">
    <p class='ocr_par' dir='ltr' id='par_1_109' title="bbox 1011 2683 1794 2722">
     <span class='ocr_line' id='line_1_109' title="bbox 1011 2683 1794 2722; baseline -0.003 -11"><span class='ocrx_word' id='word_1_814' title='bbox 1011 2685 1114 2722; x_wconf 75' lang='lat' dir='ltr'><strong>tiorum</strong></span> <span class='ocrx_word' id='word_1_815' title='bbox 1130 2690 1293 2718; x_wconf 84' lang='lat' dir='ltr'><strong>arentesque</strong></span> <span class='ocrx_word' id='word_1_816' title='bbox 1305 2684 1410 2712; x_wconf 81' lang='lat' dir='ltr'><strong>rivulos</strong></span> <span class='ocrx_word' id='word_1_817' title='bbox 1419 2683 1597 2722; x_wconf 75' lang='lat' dir='ltr'><strong>eoiISectari._</strong></span> <span class='ocrx_word' id='word_1_818' title='bbox 1612 2683 1657 2722; x_wconf 72' lang='lat' dir='ltr'><strong>llis</strong></span> <span class='ocrx_word' id='word_1_819' title='bbox 1670 2684 1794 2722; x_wconf 56' lang='lat' dir='ltr'><strong>praemis-</strong></span> 
     </span>
    </p>
   </div>
   <div class='ocr_carea' id='block_1_110' title="bbox 1010 2718 1796 2754">
    <p class='ocr_par' dir='ltr' id='par_1_110' title="bbox 1010 2718 1796 2754">
     <span class='ocr_line' id='line_1_110' title="bbox 1010 2718 1796 2754; baseline -0.003 -8"><span class='ocrx_word' id='word_1_820' title='bbox 1010 2721 1049 2746; x_wconf 90' lang='lat' dir='ltr'><strong>sis</strong></span> <span class='ocrx_word' id='word_1_821' title='bbox 1069 2721 1171 2754; x_wconf 88' lang='lat' dir='ltr'><strong>reliqua</strong></span> <span class='ocrx_word' id='word_1_822' title='bbox 1189 2724 1341 2754; x_wconf 80' lang='lat' dir='ltr'><strong>pertcxam,</strong></span> <span class='ocrx_word' id='word_1_823' title='bbox 1362 2727 1466 2746; x_wconf 81' lang='lat' dir='ltr'><strong>menior</strong></span> <span class='ocrx_word' id='word_1_824' title='bbox 1489 2718 1632 2754; x_wconf 75' lang='lat' dir='ltr'><strong>propositi,</strong></span> <span class='ocrx_word' id='word_1_825' title='bbox 1653 2725 1686 2745; x_wconf 91' lang='lat' dir='ltr'><strong>ac</strong></span> <span class='ocrx_word' id='word_1_826' title='bbox 1707 2718 1796 2745; x_wconf 85' lang='lat' dir='ltr'><strong>brevi-</strong></span> 
     </span>
    </p>
   </div>
   <div class='ocr_carea' id='block_1_111' title="bbox 1010 2753 1797 2789">
    <p class='ocr_par' dir='ltr' id='par_1_111' title="bbox 1010 2753 1797 2789">
     <span class='ocr_line' id='line_1_111' title="bbox 1010 2753 1797 2789; baseline -0.004 -8"><span class='ocrx_word' id='word_1_827' title='bbox 1010 2755 1071 2786; x_wconf 84' lang='lat' dir='ltr'><strong>tati,</strong></span> <span class='ocrx_word' id='word_1_828' title='bbox 1088 2753 1219 2789; x_wconf 80' lang='lat' dir='ltr'><strong>quantum</strong></span> <span class='ocrx_word' id='word_1_829' title='bbox 1242 2754 1344 2787; x_wconf 74' lang='lat' dir='ltr'><strong>licebit,</strong></span> <span class='ocrx_word' id='word_1_830' title='bbox 1360 2754 1478 2781; x_wconf 87' lang='lat' dir='ltr'><strong>studebo</strong></span> <span class='ocrx_word' id='word_1_831' title='bbox 1494 2762 1501 2780; x_wconf 90' lang='lat'><strong>:</strong></span> <span class='ocrx_word' id='word_1_832' title='bbox 1518 2762 1550 2780; x_wconf 84' lang='lat' dir='ltr'><strong>ne</strong></span> <span class='ocrx_word' id='word_1_833' title='bbox 1568 2753 1665 2780; x_wconf 87' lang='lat' dir='ltr'><strong>similis</strong></span> <span class='ocrx_word' id='word_1_834' title='bbox 1679 2754 1797 2780; x_wconf 85' lang='lat' dir='ltr'><strong>nonnul—</strong></span> 
     </span>
    </p>
   </div>
   <div class='ocr_carea' id='block_1_112' title="bbox 1011 2788 1841 2824">
    <p class='ocr_par' dir='ltr' id='par_1_112' title="bbox 1011 2788 1841 2824">
     <span class='ocr_line' id='line_1_112' title="bbox 1011 2788 1841 2824; baseline -0.004 -8"><span class='ocrx_word' id='word_1_835' title='bbox 1011 2790 1046 2816; x_wconf 81' lang='lat' dir='ltr'><strong>lis</strong></span> <span class='ocrx_word' id='word_1_836' title='bbox 1058 2790 1171 2821; x_wconf 80' lang='lat' dir='ltr'><strong>etlieiar,</strong></span> <span class='ocrx_word' id='word_1_837' title='bbox 1186 2789 1233 2824; x_wconf 88' lang='lat' dir='ltr'><strong>qui</strong></span> <span class='ocrx_word' id='word_1_838' title='bbox 1251 2789 1399 2816; x_wconf 84' lang='lat' dir='ltr'><strong>adnotandi</strong></span> <span class='ocrx_word' id='word_1_839' title='bbox 1416 2789 1520 2815; x_wconf 87' lang='lat' dir='ltr'><strong>nullum</strong></span> <span class='ocrx_word' id='word_1_840' title='bbox 1536 2788 1616 2814; x_wconf 76' lang='lat' dir='ltr'><strong>littera</strong></span> <span class='ocrx_word' id='word_1_841' title='bbox 1634 2789 1746 2822; x_wconf 80' lang='lat' dir='ltr'><strong>iaciunt,</strong></span> <span class='ocrx_word' id='word_1_842' title='bbox 1763 2796 1796 2816; x_wconf 85' lang='lat' dir='ltr'><strong>ac</strong></span> <span class='ocrx_word' id='word_1_843' title='bbox 1838 2812 1841 2813; x_wconf 65' lang='lat'>,</span> 
     </span>
    </p>
   </div>
   <div class='ocr_carea' id='block_1_113' title="bbox 1010 2824 1640 2860">
    <p class='ocr_par' dir='ltr' id='par_1_113' title="bbox 1010 2824 1640 2860">
     <span class='ocr_line' id='line_1_113' title="bbox 1010 2824 1640 2860; baseline -0.002 -8"><span class='ocrx_word' id='word_1_844' title='bbox 1010 2824 1128 2853; x_wconf 82' lang='lat' dir='ltr'><strong>trivialia</strong></span> <span class='ocrx_word' id='word_1_845' title='bbox 1142 2833 1255 2860; x_wconf 63' lang='lat' dir='ltr'><strong>qua&#39;que</strong></span> <span class='ocrx_word' id='word_1_846' title='bbox 1272 2826 1298 2852; x_wconf 93' lang='lat' dir='ltr'><strong>in</strong></span> <span class='ocrx_word' id='word_1_847' title='bbox 1312 2824 1450 2852; x_wconf 90' lang='lat' dir='ltr'><strong>cumulum</strong></span> <span class='ocrx_word' id='word_1_848' title='bbox 1465 2824 1640 2857; x_wconf 74' lang='lat' dir='ltr'><strong>congerendi.</strong></span> 
     </span>
    </p>
   </div>
  </div>
