1966 3075
181 97 232 127 iit

181 202 283 228 fectum
298 201 396 228 atrario
414 201 519 226 tristem
542 199 694 234 imperator
709 199 857 234 aliquando
873 207 971 226 cerne-

183 252 232 278 ret.
243 248 326 282 jussit
344 250 375 273 ut
388 253 484 272 omnes
497 245 650 280 locupletes
666 253 681 272 e
695 245 784 272 medio
810 245 973 272 tollerentur

181 300 331 326 eorumque
346 291 491 318 facultates
509 289 710 324 diriperentur.
737 289 810 317 Idem
837 297 900 317 eum
920 289 974 316 Ro-

811 97 851 126 ’Μ
859 97 946 126 lCl'lA
953 97 1040 128 ELIS
1059 96 1191 128 GLYCrE

180 160 240 182 erat
255 155 392 181 :rrarium.
408 155 581 188 Quapropter
593 160 655 180 eum
673 152 735 187 ejus
754 152 793 180 rei
809 159 892 180 causa
902 160 969 187 pras<

1027 153 1101 185 σίους
1115 153 1297 189 ἀναιρεθῆναι
1309 153 1415 181 κελεύει
1431 155 1478 182 καὶ
1490 154 1540 186 τὰς
1554 153 1643 182 αὐτῶν
1657 157 1816 189 περιουσίας
1861 168 1863 170 τ

1764 99 1815 131 Mi

1027 199 1134 226 λαϐεῖν.
1154 197 1239 231 Οὗτος
1254 201 1283 226 ἐν
1304 201 1435 236 στενωπῷ
1453 203 1500 236 τῆς
1522 201 1632 236 Ῥώμης
1655 201 1740 236 πηλὸν
1758 202 1817 228 θεα-

1027 244 1145 278 σάμενος
1170 245 1282 276 κόλποις
1299 246 1506 272 Οὐεσπασιανοῦ
1527 246 1575 273 τοῦ
1590 247 1815 282 στρατηγικωτά-

1026 299 1073 316 του
1087 290 1221 325 βληθῆναι
1236 291 1401 326 προσέταξε.

182 340 359 375 ιιιιιιτιυοιιιιιιι
381 340 407 366 in
429 340 575 375 angiportu
594 340 683 366 lutum
713 339 829 372 videret,
854 338 994 366 mandavit
1014 345 1044 366 ut
1068 339 1095 367 in
1116 339 1207 367 sinum
1230 340 1401 375 Vespasiani,
1434 339 1485 367 viri
1504 340 1714 374 bellicosissimi,
1732 341 1815 377 conji-

179 393 298 414 ('t‘l‘Cllll'.

216 435 272 462 lloe
293 439 416 468 tempore
432 433 542 467 sapiens
559 434 603 461 ille
626 433 705 460 Philo
721 437 748 460 et
762 433 898 467 Iosephus
913 432 969 459 cla-

179 487 304 509 ruerunt.
321 481 459 515 .losephus
471 480 594 507 veritatis
610 487 706 507 amans
720 479 836 507 exstitit.
860 479 927 505 Nam
942 482 971 505 et

180 528 331 562 Baptistam
344 527 450 553 Domini
463 526 566 558 laudat,
585 530 613 553 et
631 518 769 553 Christum
789 525 970 552 consimiliter

179 576 267 601 virum
295 574 447 608 sapientem
465 581 681 607 magnorumque
703 573 891 607 prodigiorum
905 571 971 599 effe-

178 627 283 649 ctorem
298 620 427 654 appellat.
446 627 477 647 ae
493 625 668 655 posteaquam
696 619 846 646 crucifixus
861 617 968 650 fuisset,

178 668 222 694 die
241 667 322 694 tertio
339 667 431 692 \‘ivum‘
446 671 626 699 conspectum
641 673 701 692 esse
715 665 808 692 tradit.
824 664 968 695 Caeterum,

177 714 277 741 dilecte
294 712 342 744 fili,
361 712 455 738 mirari
468 712 564 739 desine
581 712 665 740 fuisse
682 711 818 738 Barbaros
835 710 970 745 quosdam

177 761 225 795 qui
256 759 366 786 virtutis
380 758 421 793 {et
451 758 559 784 honesti
578 765 672 784 amore
697 758 876 785 ducerentur.
902 756 970 784 Nam

177 815 239 833 eum
265 805 405 832 hominem
435 803 550 838 [ingeret
578 804 661 835 Deus,
690 803 782 830 eidem
804 802 915 830 honesti
943 806 971 829 et

1062 432 1130 458 Τότε
1146 432 1178 467 δὴ
1193 433 1254 459 τότε
1272 433 1360 460 Φίλων
1375 434 1389 460 ὁ
1407 434 1488 468 σοφὸς
1510 434 1556 462 καὶ
1574 434 1705 471 Ἰώσηπος
1725 437 1815 471 ἠκμα-

1024 479 1080 510 ζον.
1094 476 1178 511 Οὗτος
1198 479 1230 514 δὴ
1251 479 1402 515 φιλαλήθης
1418 480 1526 514 ἐλέγετο
1544 481 1588 508 διά
1602 490 1632 516 γε
1653 482 1683 509 τὸ
1703 483 1748 509 τὸν
1763 483 1814 509 Βι-

1025 525 1140 559 πτιστὴν
1151 526 1198 552 τοῦ
1216 527 1319 560 Κυρίου
1334 527 1463 560 ἐπαινεῖν,
1477 527 1524 554 καὶ
1538 529 1581 555 διὰ
1593 529 1623 555 τὸ
1641 530 1686 556 τὸν
1698 530 1814 565 Χριστδν

1024 571 1124 606 ὁμοίως
1136 572 1219 608 ἄνδρα
1233 573 1316 607 σοφὶν
1327 575 1479 608 μαρτυρεῖν
1492 575 1539 601 καὶ
1555 575 1680 609 μεγάλων
1693 577 1814 610 σημείων

1024 619 1154 653 ἐργάτην,
1174 619 1368 654 σταυρωθέντα
1389 620 1417 646 δὲ
1436 621 1524 653 ζῶντα
1536 623 1654 656 φανῆναι
1677 623 1746 656 μετὰ
1755 623 1813 657 τρί-

1021 672 1070 697 την
1088 664 1205 699 ἡμέραν.
1224 665 1260 690 Σὺ
1280 665 1320 698 δὲ,
1339 666 1476 700 ἀγαπμητὲ,
1500 667 1537 701 μὴ
1553 667 1677 703 θαύμαζε
1693 669 1751 703 εἴγε
1768 671 1814 697 καὶ

1022 709 1157 745 βάρϐαροί
1181 719 1254 742 τινες
1279 711 1438 746 προείλοντο
1463 712 1498 739 τὰ
1517 713 1604 739 καλά·
1630 714 1677 740 τὸν
1693 715 1748 749 γὰρ
1768 715 1814 742 ἄν-

1021 756 1131 790 θρωπον
1154 755 1282 782 πλάττων
1307 757 1320 782 ὁ
1342 756 1408 788 Θεὸς
1430 757 1585 784 ἐντέθεικεν
1601 758 1678 795 αὐτῷ
1699 760 1749 794 τὴν
1768 760 1814 786 τοῦ

1022 801 1106 827 καλοῦ
1128 801 1174 827 καὶ
1201 802 1288 828 κακοῦ
1324 802 1479 840 ῖιρὶγνωσιν.
1507 804 1608 838 Διόπερ
1625 805 1656 831 οὺ
1680 805 1763 839 μόνον
1790 806 1814 831 οἱ

178 853 251 886 pravi
276 851 424 878 discrimen
451 850 562 877 indidit.
588 850 647 883 Quo
669 849 770 876 factum
793 853 836 876 est
854 853 885 876 ut
913 856 969 875 non

1024 847 1088 882 περὶ
1108 848 1153 874 τὶν
1173 848 1303 874 Πλάτωνα
1329 848 1374 874 τὸν
1393 848 1486 875 ἄδικον
1507 849 1565 884 βίον
1578 850 1726 886 ἐμίσησαν,
1747 851 1815 878 ἀλλὰ

177 898 298 926 Platonis
314 897 395 924 modo
409 901 563 924 sectatores
581 896 665 922 vitam
691 895 824 931 injustam
840 900 869 922 et
890 895 974 922 seele-

178 950 265 972 ratam
286 944 350 971 odio
377 943 517 979 prosecuti
545 942 610 973 sint,
625 950 720 968 verum
747 942 830 969 etiam
850 942 974 969 homines

178 992 286 1018 barbari
303 999 358 1018 non
387 990 478 1024 pauci.
497 988 662 1023 Accepinius
682 987 755 1014 enim
784 987 975 1023 Hyperboreos

177 1037 310 1072 quosdam
335 1037 406 1063 nltra
429 1035 559 1069 Riphaeos
582 1039 689 1062 montes
716 1033 851 1064 habitare.
869 1034 915 1068 qui
931 1034 975 1068 ju-

177 1084 278 1110 stitiam
294 1082 417 1110 studiose
441 1082 544 1113 colant,
571 1081 758 1114 arborumque
781 1080 919 1107 fructibus
943 1085 971 1108 et

177 1138 246 1163 aqua
263 1129 399 1156 victitent.
427 1127 524 1155 Itidem
544 1127 729 1154 Brachmanas
748 1126 774 1152 in
799 1127 902 1153 virtute
926 1134 971 1152 co-

176 1175 255 1202 lenda
270 1182 352 1209 supra
369 1173 479 1200 modum
494 1174 644 1199 humanum
657 1179 789 1199 exercere
803 1178 833 1199 se
849 1172 969 1203 tradunt,

177 1231 238 1250 cum
255 1223 329 1249 foliis
343 1226 445 1248 tantum
461 1229 574 1255 corpora
593 1225 686 1255 tegant
705 1225 732 1247 et
752 1220 834 1246 vitam
851 1221 878 1246 in
894 1219 971 1247 silvis

176 1274 268 1304 agant.
286 1267 452 1295 Anacharsis
477 1267 591 1293 natione
618 1267 719 1301 Scytha
747 1270 822 1292 tanto
837 1265 974 1292 castitatis

176 1321 203 1341 et
220 1314 414 1341 (‘Xci‘t'llim‘lllll
433 1313 544 1339 virtutis
559 1319 652 1338 amore
666 1311 824 1343 tenebatur,
839 1315 870 1338 ut
886 1311 969 1338 etiam

176 1360 282 1386 cubans
301 1359 376 1385 labra
400 1358 576 1391 verendaqtte
596 1357 653 1383 suis
680 1357 738 1390 ipse
758 1356 886 1384 manibus
898 1364 971 1385 com-

1023 897 1069 921 καὶ
1087 894 1141 921 τῶν
1163 894 1370 929 βαρῆἀρωνούκ
1386 895 1481 929 ὀλίγοι.
1500 896 1554 923 Καὶ
1569 896 1622 931 γῖιρ
1644 897 1707 929 τοὺς
1729 897 1814 933 ὑπερ-

1023 941 1134 976 ϐορέους
1155 942 1238 967 οἰκεῖν
1267 942 1315 975 μὲν
1342 941 1413 976 ὑπὲρ
1441 942 1474 967 τὰ.
1506 941 1618 969 Ῥίποιια
1643 943 1692 978 ὅρη
1722 945 1814 978 φασὶν,

1025 989 1119 1015 ἀσκεῖν
1132 987 1159 1013 δὲ
1174 987 1358 1022 δικαιοσύνην,
1368 987 1528 1022 ἀκροδρύοις
1544 990 1592 1015 καὶ
1604 987 1683 1015 ὕδασι
1699 988 1815 1021 ζῶντας.

1029 1034 1111 1061 Ἀλλὰ
1123 1035 1171 1060 καὶ
1186 1034 1250 1065 τοὺς
1271 1033 1437 1068 Βραχμᾶνας
1452 1034 1523 1070 ὑπὲρ
1538 1035 1686 1070 ἄνθρωπον
1711 1037 1814 1070 ἀσκεῖν,

1026 1080 1136 1114 φύλλοις
1153 1081 1183 1106 τὸ
1199 1081 1278 1115 σῶμα
1292 1081 1482 1115 σκεπτομένους
1500 1081 1549 1108 καὶ
1576 1082 1604 1107 ὲν
1616 1081 1693 1113 ὕλαις
1708 1082 1816 1117 διάγον-

1024 1135 1083 1158 τας.
1101 1127 1155 1153 Καὶ
1172 1126 1336 1161 ’Λνὰχαρσιν
1358 1126 1386 1153 δὲ
1403 1126 1448 1152 τὸν
1465 1127 1573 1161 Σκύθην
1588 1128 1716 1154 τοσοῦτον
1735 1130 1749 1154 ὁ
1769 1129 1816 1164 τῆς

1026 1172 1206 1208 σωφροσύνης
1229 1173 1275 1198 καὶ
1299 1172 1350 1207 τῆς
1371 1173 1516 1207 ἀσκήσεως
1532 1173 1601 1208 ἔρως
1625 1174 1759 1209 κατέσχεν
1778 1175 1817 1208 ὡς

1025 1219 1072 1245 καὶ
1090 1219 1265 1253 κοιμώμενον
1278 1219 1311 1244 τὰ
1327 1218 1402 1253 χείλη
1417 1218 1502 1245 αὐτοῦ
1519 1218 1567 1245 καὶ
1581 1219 1615 1246 τὰ
1640 1221 1730 1247 αἰδοῖα
1750 1229 1818 1255 κρα-

1023 1266 1080 1291 τεῖν
1105 1264 1264 1291 διὀίκείων
1283 1263 1404 1299 χειρῶν·
1432 1264 1462 1290 οὐ
1490 1265 1571 1298 μόνον
1595 1265 1650 1299 γὰρ
1670 1266 1817 1301 γρηγορῶν

1024 1311 1094 1338 ἀλλὰ
1115 1311 1163 1338 καὶ
1185 1311 1333 1338 ὑπνώττων
1355 1311 1477 1338 ἐδείκνυε
1504 1311 1592 1347 πόσης
1613 1310 1765 1346 ἀσφαλείας
1781 1313 1816 1340 τὰ

1024 1357 1139 1385 τοιαῦτα
1155 1357 1262 1384 δέονται
1279 1358 1372 1392 μόρια.

178 1405 318 1440 primi-rel.
349 1404 485 1431 Nimirum
516 1410 570 1429 non
598 1403 715 1437 vigilans
739 1403 836 1434 modo,
876 1393 1058 1432 verunietiam
1100 1404 1240 1432 dormiens
1277 1403 1357 1439 235
1376 1405 1541 1433 ostendebat
1577 1413 1660 1441 quam
1688 1410 1815 1435 at-curata

177 1453 302 1480 custodia
314 1452 369 1478 duo
391 1451 467 1478 istmc
483 1451 610 1486 corporis
625 1450 749 1477 membra
764 1450 916 1486 indigeant.

216 1499 279 1526 l‘osl
296 1499 391 1533 Cajnm
406 1498 539 1525 Claudius
563 1497 708 1532 imperium
740 1497 772 1524 13
800 1498 879 1524 annis
897 1497 969 1525 obti-

178 1545 249 1572 nuit.
286 1545 451 1572 l’erhibetur
470 1548 560 1571 autem
576 1543 708 1571 Claudius
726 1550 812 1577 usque
829 1543 898 1570 adeo
913 1543 970 1570 for-

178 1592 330 1619 midolosus
359 1590 454 1623 fuisse,
481 1597 511 1618 ut
537 1596 659 1618 astantes
677 1591 729 1618 sibi
749 1590 923 1625 perquirerct
940 1598 971 1618 ac

181 1643 356 1664 scrutaretur
373 1645 443 1663 anne
467 1637 586 1671 gladium
604 1637 630 1663 in
647 1636 709 1663 sinu
727 1640 876 1671 gestarent.
904 1636 972 1663 Sue-

178 1691 314 1711 cessorem
343 1682 439 1710 habuit
469 1683 630 1714 Neronem,
653 1683 699 1717 qtti
723 1683 803 1711 annis
827 1683 859 1710 1.5
888 1684 972 1710 rebus

179 1729 298 1764 praefuit.
328 1728 536 1762 lmpurissimus
559 1727 604 1754 hic
632 1728 763 1763 princeps
790 1736 852 1765 cum
882 1735 972 1756 annos

178 1776 240 1810 plus
257 1776 348 1802 minus
366 1775 397 1801 17
414 1779 497 1802 natus
513 1779 598 1806 esset.
623 1775 729 1810 primus
745 1775 874 1809 persequi
891 1774 972 1801 Chri-

178 1823 283 1849 stianos
298 1821 393 1856 ςωρὶι,
413 1826 440 1849 et
457 1821 527 1848 duos
543 1828 669 1848 sutnmos
683 1821 757 1847 viros
772 1820 923 1852 interfecit,
942 1824 973 1846 ut

179 1868 304 1895 nonnulli
321 1867 433 1903 quidem
453 1867 580 1894 historici
596 1867 712 1900 volunt,
740 1875 796 1894 uno
822 1874 854 1894 ac
872 1867 971 1894 eodetn

178 1914 234 1946 die,
248 1921 343 1941 verum
356 1914 473 1941 diversis
485 1913 576 1946 annis,
588 1919 618 1940 ut
632 1913 770 1941 Eusebius
786 1918 877 1941 autem
892 1913 972 1941 Pam-

180 1959 247 1994 phili
276 1960 417 1986 memoriae
442 1959 588 1994 prodidit,
613 1963 642 1986 et
667 1967 740 1986 anno
759 1960 856 1987 eodem
877 1965 905 1987 et
923 1967 972 1987 ea~

178 2005 240 2031 detu
257 2005 312 2032 die.
330 2004 402 2038 Quin
418 2005 501 2032 etiam
514 2004 713 2036 Tertullianus.
729 2006 771 2033 vir
781 2005 853 2040 apud
870 2006 971 2033 Roma-

179 2059 229 2077 nos
246 2051 362 2078 illustris
377 2071 385 2084 ,
410 2055 439 2077 et
454 2051 537 2086 Cajus
555 2052 675 2086 scriptor
699 2051 922 2084 ecclesiasticus,
942 2057 971 2080 et

179 2098 326 2134 Dionysius
344 2098 471 2125 Corinthi
490 2099 640 2133 episcopus
653 2099 735 2126 simul
752 2103 780 2126 et
791 2099 888 2126 eodem
907 2106 973 2128 tetu-

179 2152 245 2178 pore
260 2145 370 2172 Petrum
384 2148 467 2179 atque
485 2145 600 2172 Paulum
623 2146 784 2173 testimonio
802 2154 852 2173 suo
868 2147 971 2174 doctri-

179 2197 240 2216 nam
257 2189 442 2217 Christianam
459 2190 619 2225 obsignasse
637 2191 779 2224 scribunt,
804 2200 878 2220 anno
895 2193 971 2221 vide-

179 2236 242 2262 licet
258 2236 366 2270 imperii
384 2236 504 2264 Neronis
520 2237 629 2264 decimo
656 2239 747 2266 tertio.
779 2239 891 2266 Petrum
907 2239 970 2274 qui-

177 2282 238 2309 detn
254 2282 326 2310 Nero
343 2283 501 2318 hujusmodi
526 2283 672 2318 quamdam
691 2285 726 2311 ob
752 2293 861 2312 causam
882 2286 969 2312 inter—
986 2293 1007 2320 υ

177 2328 254 2355 feeit.
286 2329 440 2362 imperante
466 2328 575 2356 Nerone
600 2329 668 2356 vixit
696 2330 771 2357 Simo
796 2330 908 2365 Magus,
935 2331 968 2358 ad

177 2383 259 2409 quem
276 2375 322 2401 ubi
343 2383 466 2414 summus
483 2375 529 2403 ille
546 2376 588 2402 vir
604 2377 779 2407 accessfsset.
796 2383 891 2403 canem
907 2377 970 2403 alli-

177 2428 270 2456 gatum
288 2426 392 2449 calente
413 2422 439 2448 in
462 2423 523 2457 ejus
545 2422 640 2449 litnine
660 2424 773 2456 reperit,
789 2422 967 2450 devorantem

176 2475 223 2495 eos
250 2472 386 2503 quotquot
412 2468 518 2502 injnssu
545 2468 577 2495 ad
596 2467 736 2495 Simonem
755 2468 860 2502 ingredi
887 2476 970 2495 cona-

178 2520 284 2541 rentttr.
303 2515 328 2541 Is
344 2522 410 2542 vero
426 2515 538 2542 Petrum
560 2515 665 2541 intrare
682 2515 773 2549 jussit,
794 2519 822 2541 et
849 2515 969 2541 humana

177 2569 243 2588 voce
261 2561 373 2588 Petrum
400 2561 494 2588 adesse
511 2561 658 2588 nuntiavit.
693 2561 753 2594 Quo
779 2561 851 2588 facto
877 2561 970 2588 euneti

178 2607 224 2642 qui
243 2612 322 2634 erant
339 2607 379 2644 qiu
410 2607 516 2634 avdibus
543 2606 758 2641 obstupuerunt.
789 2606 865 2633 Simo
897 2606 968 2633 Idem

178 2654 267 2681 facere
285 2654 357 2688 quod
375 2654 452 2681 canis
466 2659 546 2680 antea
565 2653 711 2685 factitarat,
729 2658 755 2680 et
767 2653 800 2680 ad
815 2661 843 2681 se
857 2654 967 2680 Petrum

177 2709 330 2729 arcessere.
361 2700 497 2736 Deinceps
516 2707 577 2730 cum
598 2707 707 2727 summo
725 2700 784 2726 viro
808 2700 969 2734 colloquens

179 2748 249 2774 inter
273 2748 324 2774 alia
346 2747 478 2782 quiddam
500 2747 658 2783 hujusmodi
684 2747 786 2780 objecit
805 2755 812 2773 :
833 2746 860 2774 Si
885 2746 969 2774 futuri

179 2793 305 2820 notitiam
334 2794 454 2822 Adamus
481 2794 595 2825 habuit,
621 2793 803 2828 quamobrem
833 2793 970 2827 SCl‘pi‘illiS

180 2841 303 2868 fraudem
316 2849 369 2869 non
384 2842 588 2875 prmcognovit?
604 2842 672 2870 Tum
686 2842 801 2870 Petrus:
816 2840 859 2869 «Si
872 2841 968 2873 futuri,

1055 1499 1133 1526 Μετὰ
1145 1499 1173 1526 δὲ
1189 1499 1269 1526 Γάϊον
1287 1499 1384 1534 κρατεῖ
1407 1498 1421 1525 ό
1442 1498 1577 1530 Κλαύδιος
1593 1499 1640 1534 ἐτη
1667 1503 1712 1534 ιγ’.
1728 1497 1813 1533 Οὗτος

1019 1546 1033 1571 ὁ
1050 1545 1184 1577 Κλαύδιος
1200 1545 1330 1571 τοσοῦτον
1340 1544 1451 1578 λέγεται
1468 1543 1539 1578 εἶναι
1553 1545 1641 1577 δειλὸς
1663 1545 1734 1574 ὥστε
1752 1550 1815 1581 τοὺς

985 1611 1007 1639 c
1025 1592 1248 1626 παρισταμένους
1263 1592 1389 1626 ἐρευνᾷν,
1411 1592 1447 1626 μή
1474 1600 1539 1618 ποτε
1559 1592 1637 1627 ξίφος
1658 1594 1687 1620 ὲν
1703 1595 1814 1626 κόλποις

1025 1638 1144 1672 φέροιεν.
1157 1637 1235 1664 Μετὰ
1250 1637 1278 1663 δὲ
1293 1636 1388 1663 τοῦτον
1402 1637 1499 1673 Νέρων
1513 1639 1527 1664 ὀ
1538 1639 1594 1669 υίὸς
1610 1640 1693 1666 αὑτοῦ
1707 1640 1754 1675 ἔτη
1770 1640 1812 1668 ιδ’.

1024 1680 1108 1714 iam;
1123 1684 1136 1709 ὁ
1162 1683 1326 1718 παμμίαρος
1357 1683 1427 1709 ἐτῶν
1439 1684 1506 1709 ὡσεὶ
1520 1682 1535 1710 ι’
1547 1685 1594 1711 καὶ
1610 1684 1632 1716 ζ’
1645 1685 1683 1711 ὢν
1705 1686 1814 1720 πρῶτος

1023 1729 1069 1755 τοῦ
1085 1728 1207 1763 διωγμοῦ
1232 1728 1345 1764 ἤρξατο,
1361 1730 1408 1755 καὶ
1433 1729 1497 1761 τοὺς
1509 1731 1677 1764 κορυφαίους
1693 1733 1813 1767 ἀναιρεῖ,

1021 1774 1058 1806 ὡς
1075 1775 1123 1809 μὲν
1141 1775 1274 1809 ἱστορικοί
1299 1783 1372 1806 τινες
1399 1775 1490 1810 ἕτεροι
1517 1775 1654 1810 λέγουσιν,
1676 1778 1705 1804 ὲν
1720 1778 1815 1814 ἡμέρᾳ.
1828 1796 1837 1806 κ

1024 1822 1083 1865 μιᾷΚ
1091 1822 1136 1848 καὶ
1152 1823 1185 1857 τῇ
1208 1821 1290 1856 αὐτῇ,
1319 1822 1348 1848 ὲν
1365 1821 1438 1856 ἄλλῳ
1452 1822 1479 1848 δὲ
1494 1822 1540 1848 καὶ
1559 1823 1632 1858 ἄλλῳ
1652 1824 1717 1858 ἔτει,
1730 1825 1768 1856 ὡς
1785 1826 1814 1852 δὲ

1023 1868 1151 1899 Εὐσέϐιος
1179 1868 1192 1894 ὁ
1209 1868 1255 1893 τοῦ
1282 1868 1438 1902 Παμφίλου,
1461 1870 1509 1894 καὶ
1537 1869 1592 1895 ἔτει
1616 1870 1656 1904 τῷ
1674 1871 1749 1905 αὐτῷ
1765 1874 1815 1899 καὶ

1022 1913 1115 1949 ἡμέρᾳ
1131 1915 1163 1949 τῇ
1177 1915 1257 1948 αὐτῇ.
1274 1914 1356 1940 Ἀλλὰ.
1374 1913 1588 1949 Τερτουλλιανός
1607 1925 1648 1948 τις
1663 1916 1733 1952 ἀνὴρ
1755 1918 1813 1944 τῶν

1021 1960 1068 1987 ἐπὶ
1087 1959 1181 1995 Ῥώμῃ
1197 1959 1333 1994 λαμπρῶν
1348 1959 1396 1986 καὶ
1412 1960 1492 1990 Γάϊος
1504 1960 1574 1996 ἀνὴρ
1586 1961 1815 1996 ὲκκλησιαστικὺς

1022 2006 1070 2033 καὶ
1099 2006 1237 2036 Διονύσιος
1266 2005 1419 2037 ἐπίσκοπος
1440 2006 1577 2040 Κορίνθου
1596 2004 1734 2042 γράφουσι
1750 2010 1814 2037 καθ’

1021 2051 1070 2078 ἕνα
1084 2050 1179 2086 καιρὸν
1196 2051 1244 2077 καὶ
1259 2050 1328 2085 ὁμοῦ
1352 2050 1530 2085 μαρτυρῆσαι
1551 2051 1654 2087 Πέτρον
1672 2055 1718 2080 καὶ
1739 2054 1816 2081 Παῦ-

1021 2097 1076 2128 λον,
1102 2096 1323 2131 τρισκαιδεκάτῳ
1351 2096 1406 2122 ἔτει
1424 2096 1475 2130 τῆς
1506 2096 1645 2131 βασιλείας
1673 2097 1814 2135 Νέρωνος.

1022 2143 1077 2169 Kat
1107 2142 1212 2177 Πέτρον
1229 2143 1278 2177 μὲν
1289 2143 1404 2177 ἀναιρεῖ
1417 2142 1453 2169 δι’
1479 2142 1572 2169 αἰτίαν
1586 2143 1726 2180 τοιαύτην.
1750 2145 1815 2172 Ἐπὶ

1022 2189 1068 2215 τοῦ
1085 2189 1211 2224 Νέρωνος
1227 2190 1240 2214 ὁ
1263 2189 1356 2224 Σίμων
1371 2190 1384 2215 ὀ
1400 2189 1496 2223 Μάγος
1514 2186 1560 2224 ἦν,
1571 2190 1641 2225 πρὶς
1657 2190 1687 2217 ὃν
1702 2192 1716 2218 ὀ
1729 2200 1815 2227 κορυ-

1022 2237 1100 2269 φαῖος
1113 2235 1198 2261 ἐλθὼν
1209 2231 1273 2270 εὗρε
1291 2234 1362 2262 κύνα
1375 2235 1519 2270 δεδεμένον
1547 2235 1642 2262 ἁλύσει
1656 2238 1686 2264 ὲν
1701 2237 1739 2272 τῷ
1758 2247 1815 2264 πυ-

1021 2282 1086 2308 λῶνι
1105 2281 1198 2312 αὑτοῦ,
1215 2281 1393 2308 κατεσθίοντα
1409 2283 1473 2313 τοὺς
1489 2282 1554 2309 ἄνευ
1568 2284 1730 2318 προτροπῆς
1751 2284 1816 2310 ἑπι-

1022 2327 1180 2362 χειρίιύντας
1195 2327 1329 2353 εἰσελθεῖν
1344 2328 1389 2353 ἐπὶ
1402 2327 1448 2354 τὸν
1460 2328 1582 2363 Σίμωνα.
1599 2327 1635 2364 τῼ
1650 2329 1682 2363 δὴ
1694 2329 1742 2355 καὶ
1753 2331 1816 2357 ἐκέ-

1023 2375 1118 2400 λευσεν
1129 2373 1271 2406 εἰσελθεῖν,
1291 2374 1337 2400 καὶ
1357 2374 1515 2410 ἀνθρωπίνῃ
1537 2376 1615 2410 φωνῇ
1629 2377 1694 2410 περὶ
1709 2375 1816 2410 Πέτρου

1022 2421 1194 2454 ἀναγγεῖλαι.
1212 2421 1268 2447 Καὶ
1285 2420 1438 2455 τηνικαῦτα
1450 2420 1529 2447 τοῦτο
1543 2422 1667 2457 ἐποίησε,
1682 2423 1728 2448 καὶ
1745 2422 1816 2449 πᾶν·

1023 2477 1067 2497 τες
1081 2470 1104 2495 οἱ
1120 2468 1195 2499 ὄντες
1209 2468 1285 2498 ἐντὸς
1298 2467 1505 2502 ἐξεπλάγησαν.
1536 2468 1610 2494 Αὐτὸ
1627 2468 1656 2494 δὲ
1672 2468 1750 2494 τοῦτο
1766 2470 1816 2495 καὶ

1022 2516 1035 2540 r'.
1048 2515 1139 2548 Σίμων
1155 2514 1279 2550 ἐποίησε,
1295 2514 1341 2540 καὶ
1356 2514 1401 2540 τον
1418 2514 1522 2549 Πέτρον
1536 2514 1678 2541 ἐκάλεσεν.
1704 2515 1733 2541 '0
1748 2515 1818 2548 μὲν-

1024 2570 1065 2587 τοι
1082 2562 1174 2596 Σίμων
1195 2561 1242 2587 καὶ
1268 2561 1332 2588 τάδε
1353 2560 1423 2596 πρὸς
1434 2561 1491 2592 τοῖς
1505 2560 1597 2593 ἄλλοις
1619 2559 1658 2595 τῷ
1669 2561 1817 2595 κορυφαίῳ

1022 2607 1214 2642 διαλεγόμενος
1226 2607 1329 2641 ἔλεγεν.
1351 2617 1359 2632 ι
1374 2606 1405 2633 ΕΙ
1420 2607 1577 2641 πρόγνωσιν
1589 2605 1663 2642 εἶχεν
1683 2608 1697 2633 ὁ
1715 2607 1816 2641 Ἀδὰμ,

1022 2654 1065 2680 δα
1076 2654 1100 2680 τί
1112 2654 1141 2680 οὐ
1168 2654 1293 2688 προέγνω
1311 2655 1360 2689 τὴν
1381 2653 1532 2686 “ro-38931»;
1550 2653 1675 2688 ἀπατηνς
1696 2663 1704 2678 ι
1725 2653 1781 2678 Καὶ
1801 2653 1818 2679 ἁ

1024 2701 1143 2736 Πέτρος·
1163 2710 1171 2726 ι
1204 2701 1233 2727 Εἰ
1261 2701 1417 2736 πρόγνωσιν
1441 2699 1492 2726 οὐκ
1510 2698 1579 2734 εἶχε,
1597 2699 1657 2731 πῶς
1675 2699 1731 2729 τοῖς
1746 2699 1819 2728 υἱοῖς

1024 2747 1105 2774 αὐτοῦ
1122 2747 1189 2782 πρὸς
1203 2747 1251 2778 τὰς
1266 2747 1398 2782 ἐσομένας
1412 2746 1528 2780 πράξεις
1545 2747 1604 2780 ἅμα
1620 2745 1660 2779 τῷ
1679 2743 1817 2778 γεννηοή-

1024 2802 1068 2820 vat
1084 2793 1220 2827 ἐπέθηκεν
1250 2793 1390 2828 ὸ·.όματα;
1416 2792 1461 2818 τὸν
1481 2791 1530 2825 μὲν
1545 2791 1599 2826 γὰρ
1617 2790 1686 2817 Καῒν
1705 2790 1819 2822 ὠνόμα-

1027 2840 1106 2872 σεν,ὅ
1127 2841 1184 2867 ἐστι
1201 2841 1280 2872 ζῆλος
1294 2849 1300 2854 ⁸
1321 2839 1446 2871 ζηλώσας
1457 2839 1512 2869 γὰρ
1535 2838 1624 2866 ἀνεῖλε
1639 2839 1683 2864 τὸν
1699 2836 1817 2870 aest-+2”
