1966 3075
128 104 176 135 4ίῦ

741 103 941 135 ANNALIUM
963 101 1061 133 PARS
1083 101 1142 131 III.

1691 90 1742 133 ac

127 160 216 187 αὑτοῦ.
237 158 288 186 Τὸν
304 159 333 186 δὲ
354 159 434 187 Ἀσὲλ
461 159 600 192 ἐκάλεσεν.
627 161 640 187 ὅ
654 161 713 187 ἐστι
727 160 842 191 πένθοςο
862 161 905 187 ἐπ’

966 159 1006 190 tit,
1032 158 1136 184 nullam
1165 157 1288 184 notitiam
1317 151 1505 191 habuit,‘quo
1528 155 1637 183 tandem
1663 160 1740 184 lttmit'

127 205 199 239 αὑτῷ
215 205 269 240 γὰρ
286 206 441 240 φονευθέντι
465 206 618 240 ἐπένθησαν
632 206 657 232 οἱ
669 207 760 240 γονεῖς
778 206 872 233 αὑτοῦ.
895 215 904 232 ι

128 251 155 277 Ei
178 251 206 276 δὲ
224 251 255 276 τδ
274 250 388 285 πλάσμα
423 251 623 286 προεγίνωσκε,
646 251 737 286 πολλῷ
768 251 869 286 μᾶλλον
894 252 908 277 6

128 296 248 329 πλάστης
266 296 357 329 αὐτὸς,
376 297 399 323 εί
416 297 462 323 καὶ
476 297 490 323 6
501 297 654 332 παράφρων
672 298 777 328 ἐκεῖνος
794 297 848 323 ἀπὸ
861 297 908 324 τοῦ

128 342 212 368 εἰπεῖν
223 340 271 376 τὴν
285 341 396 376 Γραφὴν
406 341 446 368 ὄτι
461 342 607 376 ἐπείραζεν
619 343 632 368 ὁ
645 343 710 374 Θεδς
724 342 768 368 τὸν
781 342 909 377 Ἀϐραὰμ

130 387 172 412 καὶ
187 388 237 416 ὅτι.
263 396 271 412 ι
291 388 419 419 Καταϐἁς
449 389 495 414 ἐπὶ
520 389 623 423 Σόδομα
650 389 762 423 ὂψομαι,
783 397 792 414 ι
817 388 909 420 ἔλεγεν

130 432 238 466 ἄγνοιαν
268 432 340 466 ἔχειν
366 433 411 458 τὸν
431 433 507 460 Θεόν.
533 434 605 468 Πρὸς
634 434 724 468 μέντοι
736 435 796 464 ταῖς
813 434 908 464 ἄλλαις

130 477 210 503 αὑτοῦ
241 478 403 512 φαντασίαις
423 478 470 504 καὶ¹
499 480 539 509 είς
551 479 620 512 ἀέρα
644 479 753 514 ἐπήρθη
777 481 790 506 6
806 479 909 514 Σίμων,

130 523 361 558 ἐπαγγειλάμενος
377 524 481 551 ἐκεῖθεν
492 525 582 558 ἀγαθὰ
594 525 776 551 καταϐιϐάσαι
789 526 828 560 τῷ
840 526 908 560 λαῷ.

137 568 204 601 Ἐγὼ
217 569 245 594 δὲ
271 569 284 594 6
300 569 403 604 Πέτρος
416 570 541 604 ηὐχόμην
558 571 618 596 καθ’
643 571 750 604 ἑαυτὸν,
767 572 813 597 καὶ
830 570 910 597 εἷπον

131 615 283 645 ἐνατενὶσας
309 614 400 649 αὐτῷ’
429 625 438 641 ι
455 616 486 642 Εἰ
511 617 659 648 ἀπόστολος
683 617 772 652 Ἰησοῦ
788 617 909 652 Χριστοῦ

130 660 186 694 εἰμὶ
200 660 254 693 ἐγὼ
270 662 315 687 καὶ
327 661 357 687 οὗ
374 661 484 693 πλάνος,
494 661 532 693 ὣς
548 671 613 697 φησι
627 663 729 698 Σίμων,
747 663 911 699 προστάσσω

132 707 190 736 ταῖς
217 707 347 740 πονηραῖς
375 707 521 741 δυνάμεσιν
551 709 659 742 ἀφεῖναι
685 709 734 743 τῆς
751 710 911 744 κρατήσεως

133 752 221 778 αὐτόν.
242 761 251 778 ι
283 752 336 778 Καὶ
365 753 538 788 παραχρῆμα
564 755 604 786 εἰς
625 754 678 789 γῆν
699 755 851 789 κατηνέχθη
866 755 911 781 καὶ

133 798 287 832 συνετρίῦη.
302 799 347 824 Διὸ
362 798 394 833 δὴ
412 800 457 825 καὶ
469 799 518 833 τὴν
533 800 640 834 ἡμέραν
650 800 758 834 ἐκείνην
775 800 911 834 ἐπίσημον

132 844 241 877 ἄγουσιν
256 843 281 869 οἱ
307 843 455 877 Ῥωμαῖον
476 844 615 870 Σάϐϐα-τον
639 845 692 879 γὰρ
719 843 763 879 ἦν,
785 846 812 870 ἐν
830 841 851 878 ᾧ
866 845 913 871 καὶ

132 889 268 923 προσευχὴ
295 890 342 915 καὶ
363 890 476 923 νηστεία
499 891 556 921 τοῖς
585 892 704 922 πιστοῖς,
731 892 778 917 καὶ
812 891 912 925 μᾶλλον

133 934 202 969 ὑπὲρ
222 935 268 961 τοῦ
298 935 473 962 διδασκάλου.
495 935 582 961 Τοῦτο
607 936 694 962 δὲκαὶ
709 936 849 971 μέχριτοῦ
865 936 913 963 νῦν

131 982 219 1007 ἐκεῖσε
235 982 340 1015 κρατεῖ.
353 981 445 1007 Ταῦτα
457 980 485 1007 δὲ
502 980 597 1015 μαθὼν
613 982 626 1007 ὁ
640 981 734 1016 Νέρων
751 982 795 1008 τὸν
811 983 914 1018 Πέτρον

132 1027 296 1061 ἑσταύρωσε.
334 1027 386 1053 Τὸν
413 1027 442 1053 δὲ
473 1027 591 1058 Παῦλον,
613 1027 684 1054 καί)σὶ
718 1037 800 1063 φησιν
829 1031 842 1055 6
865 1029 913 1063 τὴν

131 1073 252 1106 γλῶτταν
264 1072 387 1107 Χρυσοῦς
403 1073 431 1098 ὲν
443 1072 482 1108 τῷ
496 1073 564 1108 πρὸς
576 1074 639 1104 τοὺς
660 1075 813 1105 κωλύοντας
834 1075 914 1109 μονά-

133 1119 189 1150 ζειν
204 1118 276 1153 λόγῳ
294 1118 389 1150 αὑτοῦ,
413 1119 457 1145 διὰ
488 1118 582 1153 ξίφους
601 1119 759 1146 ἐτελείωσεν
786 1121 831 1146 ὅτε
847 1129 913 1146 κατ-

132 1165 273 1199 ηχὴσαντα
303 1164 470 1199 Ἐπέραστον
500 1165 583 1192 αὐτοῦ
610 1165 764 1200 παλλακήν.
788 1166 837 1193 Διὰ
862 1168 914 1203 γὰρ

132 1211 212 1238 τοῦτο
223 1211 271 1237 καλ⁵
285 1211 332 1238 τὸν
356 1211 476 1245 διωγμδν
502 1211 596 1245 ἤγειρε
607 1220 615 1227 ·
630 1211 726 1246 λάγνος
740 1213 793 1247 γὰρ
810 1212 848 1240 ὢν
866 1214 915 1240 οὐκ

134 1258 265 1292 ἠνέσχετο
288 1258 336 1289 τὰς
357 1257 439 1285 αὑτοῦ
468 1258 610 1289 παλλακὰς
639 1259 816 1294 ἐπιστρέφειν
848 1253 915 1294 πρὸς

134 1304 246 1338 Κύριον.
277 1304 306 1330 Ὀ
335 1303 426 1339 μέντοι
452 1303 524 1336 θεῖος
539 1303 666 1339 Ἰωάννης
691 1305 739 1331 καὶ
767 1305 830 1331 τάδε
847 1306 916 1340 πρὸς

134 1349 240 1375 Παῦλον
252 1347 365 1384 εὓρηται
375 1349 463 1383 λέγων
474 1357 480 1364 ·
493 1358 502 1374 ι
517 1349 596 1381 Ποῖος
608 1350 690 1380 τόπος
703 1349 732 1376 τὸ
747 1350 792 1376 σὺν
807 1350 916 1384 ἐδέξατο

133 1393 213 1429 αἷμα,
238 1394 268 1421 τὸ
283 1394 475 1428 γαλακτοειδὲς
500 1395 597 1428 ὁραθὲν
612 1395 639 1421 ὲν
658 1395 695 1429 τῷ
711 1396 806 1430 χιτῶνι
823 1395 869 1422 τοῦ
887 1403 916 1421 σε

134 1440 419 1472 ἀνασκολοπίσαντος;
439 1440 472 1466 Ὃ
497 1440 529 1474 δὴ
547 1441 594 1466 καὶ
610 1440 660 1475 τὴν
677 1440 814 1475 βάρὸαρον
833 1440 915 1467 αὐτοῦ

951 205 1023 232 Ἰὶιίἰε
1038 204 1096 231 suis
1111 203 1170 238 ipso
1186 202 1336 229 nativitatis
1357 207 1481 236 tempore
1500 203 1611 228 nomina
1632 202 1740 234 indidit,

962 258 1023 285 qua:
1033 250 1153 284 ipsortun
1162 249 1240 275 lactis
1247 252 1338 275 essent
1347 248 1553 275 accommodata
1562 248 1646 274 ?Naiu
1659 257 1738 274 untur

960 295 1106 330 appellavit
1119 294 1245 325 Cainum,
1259 301 1320 327 quae
1334 301 1384 319 vox
1400 293 1601 320 aemulationem
1614 294 1740 327 denotat;
1788 322 1796 325 ν

959 342 1062 370 etenim
1076 341 1211 375 impulsus
1223 339 1397 367 iemulatione
1412 339 1527 373 quadam
1540 339 1651 366 fratrem
1664 349 1740 366 suum

960 387 1073 414 occidit.
1092 387 1218 413 Alterum
1237 385 1345 413 vocavit
1360 386 1486 415 Abelmn,
1502 385 1574 419 quod
1587 393 1683 412 nomen
1704 387 1742 412 lu-

961 439 1034 461 ctutu
1047 432 1183 467 signiﬁcat
1197 441 1203 458 :
1222 439 1283 458 nam
1296 433 1355 465 ejus
1372 432 1602 458 ittlerl‘eeti'causa
1617 437 1744 466 parentes

962 480 988 507 in
1003 480 1078 506 luctu
1098 478 1217 505 fut-runt.
1235 477 1338 509 Quodsi
1355 477 1488 508 Adamus,
1506 477 1551 512 qui
1572 477 1616 503 Dei
1637 478 1746 510 ﬁgmen-

962 531 1018 553 tmn
1032 529 1100 556 erat,
1115 524 1269 550 futurorum
1285 524 1403 550 habebat
1416 523 1551 554 notitiam,
1566 524 1651 549 multo
1663 524 1746 558 magis

962 580 992 600 ea
1009 573 1090 599 debet
1105 571 1199 607 opiﬁci
1218 570 1330 597 tribui.»
1360 570 1395 596 At
1411 570 1525 596 insanus
1541 569 1586 596 ille
1602 569 1746 602 colligebat

962 617 990 644 in
1006 616 1090 644 Deum
1105 616 1250 651 quamdam
1268 615 1466 650 ignorationem
1479 619 1623 649 propterea
1639 615 1747 646 cadere,

963 662 1035 696 quod
1053 661 1164 688 Litterae
1187 668 1273 688 sacrae
1296 660 1391 687 dicant
1410 659 1495 687 Deum
1522 664 1643 686 tentasse
1661 659 1748 686 Abra-

963 708 1093 740 hatnum;
1122 708 1186 734 item
1212 706 1285 741 quod
1306 706 1483 733 meminerim
1497 706 1583 733 Deum
1605 707 1640 733 ita
1656 714 1748 733 secum

962 753 1084 780 locutum
1101 759 1178 779 esse:
1199 751 1382 778 «Descendam
1398 757 1425 778 et
1440 751 1556 778 Sodoma
1577 751 1747 786 inspiciam.-

963 800 1070 826 Deiude
1084 806 1146 834 post.
1165 800 1233 826 alias
1251 800 1400 834 praestigias
1413 800 1438 825 in
1457 807 1519 825 aera
1536 800 1611 826 Shno
1626 800 1750 826 sublatus

964 850 1014 875 est,
1031 844 1169 879 pollicitus
1187 845 1249 871 inde
1266 852 1294 871 se
1309 844 1380 872 bona
1397 845 1522 879 quadam
1537 846 1635 880 populo
1650 847 1757 876 demis-~

963 897 1069 917 surum.
1102 889 1142 916 lbi
1160 889 1258 916 Petrus
1276 897 1371 916 secum
1396 890 1520 924 precari,
1547 895 1575 916 et
1602 890 1697 916 deﬁxis
1723 891 1750 916 in

964 944 1024 963 eum
1054 935 1141 962 oculis
1157 935 1266 962 diecre:
1291 935 1334 962 «Si
1360 936 1502 969 apostolus
1525 944 1575 971 ego
1603 944 1663 964 sum
1685 937 1750 963 Jesu

965 982 1077 1012 Christi,
1097 989 1152 1008 non
1173 981 1316 1008 hominum
1336 982 1485 1016 impostor,
1514 987 1543 1009 ut
1562 982 1635 1009 Simo
1651 983 1751 1017 prmdi.

965 1032 1007 1054 cat
1020 1048 1026 1059 ,
1046 1027 1125 1054 malis
1142 1027 1323 1061 potestatibus
1345 1027 1450 1061 impero
1470 1033 1498 1054 ut
1523 1036 1584 1055 eum
1611 1028 1750 1055 dimittant

965 1082 1015 1101 nec
1031 1073 1149 1108 amplius
1167 1077 1306 1100 lateant.)
1335 1073 1416 1108 236
1439 1073 1498 1100 Mox
1525 1074 1551 1100 iu
1580 1079 1678 1100 terram
1705 1075 1750 1101 ille

967 1120 1096 1154 delapsus
1112 1120 1232 1146 minutas
1248 1119 1276 1154 in
1292 1124 1384 1153 partes
1397 1119 1536 1146 atteritur.
1563 1119 1652 1154 Atqtte
1674 1119 1749 1146 illum

966 1173 1030 1192 sane
1044 1165 1116 1191 diem
1131 1165 1289 1191 solemniter
1306 1165 1421 1191 Romani
1435 1165 1584 1192 celebrant.
1601 1165 1668 1192 Nam
1685 1165 1751 1192 Sab-

967 1211 1030 1238 bato
1045 1211 1102 1237 haec
1119 1212 1285 1245 gerebantur
1296 1230 1302 1242 ,
1331 1218 1386 1244 quo
1413 1210 1507 1237 ﬁdeles
1531 1211 1651 1245 magistri
1668 1219 1750 1238 causa

967 1257 1037 1284 cibis
1051 1256 1227 1283 abstinebant
1242 1261 1269 1282 et
1285 1256 1412 1290 precibus
1425 1263 1504 1290 opem
1522 1256 1642 1282 divinam
1655 1256 1751 1290 implo-

967 1303 1080 1335 rabant;
1102 1302 1129 1329 id
1142 1302 1214 1336 quod
1230 1301 1312 1329 etiam
1327 1310 1378 1329 usu
1396 1301 1584 1328 conﬁrmatum
1595 1323 1602 1335 ,
1619 1302 1708 1328 adltuc
1726 1303 1752 1328 in

968 1349 1133 1376 hodiernum
1154 1349 1190 1375 ibi
1206 1348 1278 1375 diem
1295 1353 1430 1375 servatur.
1451 1347 1523 1375 Nero
1537 1352 1628 1375 autem
1648 1348 1690 1375 his
1706 1355 1752 1375 co-

967 1395 1050 1430 gnitis
1065 1395 1176 1423 Petrum
1191 1395 1217 1421 in
1229 1402 1340 1422 crucem
1351 1394 1423 1429 egit;
1443 1394 1555 1421 Paulum
1569 1402 1642 1428 vero,
1659 1402 1753 1428 quem-

969 1441 1115 1468 admodum
1142 1448 1226 1467 aurea
1246 1440 1340 1475 lingua
1366 1439 1497 1475 prmditus
1514 1444 1608 1467 orator
1627 1441 1754 1467 meminit

133 1484 222 1520 ψυχὴν
231 1485 299 1519 ὑπὲρ
313 1484 374 1519 μέλι
383 1484 522 1518 γλυκᾶναν
536 1485 630 1511 πιστὸν
641 1486 753 1520 ἐποίησε
767 1486 914 1520 τηνικαῦτα

971 1487 997 1514 ἱιι
1013 1486 1137 1513 oratione
1153 1493 1212 1522 sua,
1228 1493 1309 1520 quam
1323 1485 1357 1512 ad
1368 1489 1494 1512 vetantes
1508 1485 1656 1512 solitariam
1669 1486 1753 1512 vitam

133 1531 179 1556 τὸν
205 1530 328 1558 ἄπιστον.
349 1539 359 1556 ι
391 1530 580 1565 Κεκοίμηνται
596 1531 635 1562 δὲ,
658 1531 696 1561 ὡς
723 1531 820 1557 ἐκεῖνοί
840 1539 918 1564 φασι,

134 1577 181 1602 καὶ
197 1577 346 1611 ἀμφότεροι
355 1577 384 1604 ὲν
401 1577 433 1611 τῇ
453 1576 528 1602 πόλει
546 1576 649 1611 Ῥώμῃ,
669 1577 735 1611 μηνὶ
750 1577 851 1612 Ἰουνίῳ
868 1576 918 1610 κο’,

133 1623 180 1648 tiri.
191 1623 315 1658 Νέρωνος
331 1622 476 1658 βασιλέως.

968 1531 1075 1563 habuit,
1094 1531 1184 1565 gladio
1202 1535 1348 1565 propterea
1368 1530 1445 1558 feriri
1465 1531 1547 1566 jussit
1564 1531 1637 1565 quod
1655 1532 1755 1565 Epera-

969 1583 1053 1608 stum,
1073 1584 1181 1604 autores
1193 1577 1357 1611 deliciasque
1368 1584 1443 1609 suas,
1456 1578 1488 1604 ad
1503 1577 1662 1611 religionem
1674 1577 1755 1604 Cliti-

970 1624 1086 1652 stianam
1103 1623 1278 1650 instituisset.
1298 1623 1356 1655 Qua
1373 1623 1431 1657 ipsa
1448 1624 1482 1650 de
1495 1630 1575 1650 causa
1588 1623 1757 1657 persecutio-

134 1677 197 1696 nem
212 1677 321 1705 quoque
336 1669 504 1703 concitavit;
532 1677 594 1696 nam
620 1669 683 1704 quia
710 1669 829 1696 lascivus
843 1674 913 1701 erat,
934 1670 1103 1696 concubinos
1118 1677 1182 1696 suos
1217 1669 1251 1695 ad
1285 1669 1431 1696 Dominum
1454 1677 1484 1696 se
1511 1674 1669 1697 convertere
1693 1678 1755 1704 gra-

133 1717 206 1744 viter
236 1717 348 1744 omnino
372 1716 488 1744 ferebat.
522 1715 595 1743 Idem
634 1715 755 1742 Joannes
778 1715 1002 1752 Chrysostomus,
1033 1716 1074 1742 vir
1108 1715 1187 1750 plane
1213 1715 1334 1747 diviutts,
1359 1715 1442 1742 etiam
1470 1715 1628 1750 hujusmodi
1663 1717 1756 1743 verbis

133 1763 234 1790 alicubi
249 1763 362 1790 Paulum
377 1761 540 1796 compellat:
561 1761 704 1793 «Quinam,
720 1768 822 1796 quaeso,
839 1761 914 1788 locus
932 1761 1051 1788 lacteum
1075 1761 1153 1788 illum
1187 1761 1348 1795 sanguinem
1377 1765 1453 1787 tuum
1489 1761 1617 1795 excepitu
1642 1769 1756 1796 coaspe-

132 1816 208 1839 etum
224 1811 252 1838 in
270 1810 330 1845 ejus
344 1815 419 1838 veste
443 1811 489 1846 qui
505 1815 532 1839 te
553 1811 582 1838 in
600 1811 691 1846 palum
707 1811 826 1838 suﬁixit?
856 1810 934 1844 Quod
956 1810 1045 1846 ipsum
1061 1818 1127 1837 sane
1161 1809 1307 1837 barbarum
1325 1810 1385 1844 ejus
1401 1809 1522 1836 animum
1539 1810 1640 1844 majore
1654 1810 1679 1837 vi
1693 1810 1756 1837 dul-

133 1865 193 1886 cem
209 1856 329 1884 eﬂiciens
350 1863 431 1892 quam
458 1857 511 1884 mel
541 1857 642 1892 ipsum,
675 1857 812 1884 inﬁdelem
836 1863 915 1885 antea
936 1857 1044 1884 ﬁdelem
1077 1856 1179 1884 cllecit.
1205 1866 1214 1881 ι
1236 1857 1367 1890 Uterque,
1385 1863 1434 1883 ceu
1450 1855 1662 1890 Chrysostomus
1683 1856 1754 1884 idem

135 1907 260 1935 testatur,
276 1901 441 1930 obdormivit
459 1903 486 1930 in
502 1903 570 1930 urbe
588 1902 690 1935 Roma,
709 1911 735 1930 a.
755 1903 783 1930 d.
799 1911 838 1930 tn.
857 1903 916 1931 Kal.
937 1903 1098 1936 Quinctiles,
1117 1903 1282 1936 imperatore
1295 1901 1412 1929 Nerone.

170 1947 234 1974 Οἶδα
246 1948 284 1979 δὲ,
296 1948 432 1983 ἁγαπητὲ,
445 1949 484 1975 ὅτι
503 1949 548 1975 καὶ
559 1949 607 1984 τὴν
615 1948 661 1975 τοῦ
679 1949 812 1984 οεηγόρου
828 1950 914 1976 Λουκᾶ

1006 1949 1142 1976 Caeterum
1158 1948 1283 1980 memini,
1297 1947 1397 1975 dilecte
1415 1947 1464 1980 ﬁli,
1481 1951 1506 1974 te
1520 1947 1606 1975 divini
1619 1947 1700 1976 Luca:
1715 1949 1757 1976 lti-

133 1995 198 2029 περὶ
215 1995 268 2021 τῶν
282 1994 411 2029 Πράξεων
427 1993 480 2021 τῶν
494 1994 650 2021 ἀποστόλων
665 1995 786 2022 ἐπελθὼν
802 1996 914 2031 ἱστορίαι

973 1994 1084 2022 storiam
1099 1993 1132 2021 de
1142 1993 1218 2021 Actis
1232 1993 1418 2028 apostolorum
1432 1992 1627 2027 pcrlcgcntem,
1645 2001 1698 2020 non
1708 1994 1756 2022 abs

133 2041 253 2074 εὐλόγως
283 2040 437 2074 ἠπόρηκας,
457 2040 514 2074 εῑγε
543 2041 577 2067 τὰ
600 2040 682 2067 λοιπὰ
700 2041 806 2068 Παύλου
824 2043 914 2077 διηγη⁴

972 2048 1002 2068 rc
1017 2040 1171 2073 dubitasse,
1195 2047 1259 2066 num
1277 2047 1343 2066 vero
1363 2039 1398 2066 sit
1411 2044 1636 2072 consentaneum,
1654 2040 1756 2067 Lucam

133 2088 251 2117 sittavo;
271 2087 285 2112 6
307 2085 416 2115 Λουκᾶς
442 2086 472 2112 τδ
493 2086 627 2122 μακάριον
656 2086 739 2113 αὐτοῦ
757 2088 834 2118 τέλος
849 2087 914 2114 σεσί-

970 2085 1080 2113 cwteris
1095 2093 1110 2112 a
1120 2085 1204 2112 Paulo
1218 2085 1302 2120 gestis
1317 2085 1400 2113 rebus
1411 2085 1541 2112 omnibus
1551 2086 1683 2121 expositis
1695 2087 1758 2114 bea-

131 2140 214 2166 γηκε.
233 2131 287 2158 Καὶ
317 2131 391 2157 ἐστιν
418 2131 506 2158 εἰπεῖν
523 2132 563 2158 ὅτι
579 2132 659 2167 μέχρι
686 2133 735 2168 τῆς
749 2134 788 2164 εὶς
809 2131 914 2168 Ῥώμηκ

974 2136 1028 2158 tam
1039 2131 1097 2166 ejus
1106 2139 1138 2157 ex
1154 2131 1204 2158 hac
1220 2131 1274 2158 vita
1289 2131 1479 2166 migrationem
1494 2132 1634 2167 praeterire
1649 2133 1758 2160 silentio

133 2178 245 2212 πρώτης
262 2170 380 2210 ἀφίξεως
395 2176 441 2203 τοῦ
459 2177 577 2212 μεγάλου
594 2177 700 2204 Παύλου
721 2177 852 2205 καταλύει
868 2178 914 2213 τὴν

971 2177 1101 2205 voluisse.
1113 2177 1188 2204 Licet
1196 2177 1229 2204 ad
1238 2185 1297 2204 eam
1308 2178 1487 2212 quaestionem
1498 2178 1548 2205 hoc
1558 2178 1637 2205 modo
1646 2187 1758 2213 respon—

133 2224 252 2258 ίστορίαν
271 2223 285 2249 6
299 2223 415 2254 Λουκᾶς.
437 2223 490 2249 Καὶ
507 2224 538 2249 ἐκ
552 2223 648 2249 τούτου
663 2224 787 2257 φαίνεται
803 2225 845 2251 ὅτι
859 2225 919 2250 δια-

134 2269 254 2304 σχισθεὶς
271 2269 285 2295 6
300 2269 406 2298 Λουκᾶς
428 2268 533 2295 Παύλου
562 2268 591 2294 τὸ
617 2269 671 2295 τῶν
690 2269 818 2304 Πράξεων
842 2278 919 2305 τηνι-

133 2315 222 2341 καῦτι
251 2314 440 2349 ουνεγράψατο
471 2314 584 2349 βιὸλὶον,
615 2315 677 2341 ὅθεν
703 2315 738 2342 τὰ
768 2315 849 2342 λοιπὰ
870 2315 920 2350 μὲν

135 2361 243 2387 Παύλου
258 2361 419 2395 διηγήσατο,
433 2361 462 2387 τὸ
472 2361 500 2387 δὲ
513 2361 664 2397 μαρτύριον
684 2363 722 2394 ὡς
741 2363 825 2398 μήπω
838 2371 919 2397 γεγο-

133 2408 177 2438 νὸς
213 2406 326 2438 εικόσως
354 2406 540 2442 παρέδραμεν.
573 2408 605 2434 '0
627 2407 680 2442 γὰρ
697 2407 803 2439 Παῦλος
818 2407 920 2434 διετίαν

132 2452 197 2487 ὅλην
221 2453 251 2480 ὲν
284 2451 378 2487 Ῥώμῃ
405 2452 499 2483 ἄνετος
527 2451 565 2479 ὢν
582 2453 739 2488 ἐκήρυσσε·
767 2454 849 2488 μέχρι
865 2453 920 2488 γὰρ

131 2497 211 2524 τοῦδε
228 2498 298 2524 καὶὸ
309 2498 417 2529 Λουκᾶς
436 2497 509 2532 αὺτῷ
522 2498 614 2534 συνῆν.
642 2497 698 2524 Εἶθ’
712 2497 799 2530 οὕτως
819 2499 920 2526 ἀπολο-

132 2544 289 2578 γησάμενος
306 2544 346 2574 είς
357 2542 387 2568 τὺ
404 2542 535 2579 κήρυγμα
547 2543 631 2569 πάλιν
645 2543 788 2569 ἐστέλλετο
802 2543 850 2569 καὶ
864 2544 920 2574 τοῖς

133 2590 226 2616 ἐκεῖσε
253 2589 400 2624 κηρύσσων
425 2587 471 2624 ἦν.
505 2589 552 2615 Ἐκ
577 2589 704 2624 δευτέρου
724 2589 751 2615 δὲ
768 2591 800 2624 τῇ
825 2589 920 2624 Ῥώμῃ

132 2635 318 2670 ἐπιδημήσας,
334 2635 381 2661 καὶ
398 2635 559 2670 κατηχήσας
581 2634 627 2661 τὸν
643 2634 762 2669 οἰνοχόον
793 2633 921 2668 Νέρωνος

134 2683 183 2709 καὶ
199 2681 340 2717 παλλακὴν
351 2680 433 2708 αὑτοῦ
452 2681 629 2716 Ἐπέραστον,
645 2682 675 2707 τὸ
693 2680 830 2716 μακάριον
843 2680 920 2712 τέλος

135 2728 255 2760 ἐδέξατο.
272 2728 334 2754 Ὂτι
359 2728 387 2754 δὲ
405 2727 453 2754 οὐκ
464 2725 498 2762 ἦν
514 2729 528 2754 6
552 2728 658 2758 Λουκᾶς
680 2728 749 2762 μετὰ
765 2727 873 2753 Παύλου
889 2727 920 2752 τὸ

136 2776 282 2809 πρότερον,
294 2773 374 2804 αὐτὸς
389 2781 455 2808 φησι
470 2773 538 2808 πρὸς
551 2773 686 2807 Τιμόθεον
699 2772 728 2798 ὲν
742 2773 774 2807 τῇ
790 2771 857 2806 πρὸς
872 2771 920 2797 αὑ-

136 2825 182 2849 τὸν
206 2821 321 2855 δευτέρᾳ
348 2821 486 2854 ἐπιστολῇ,
514 2822 546 2855 ἣν
564 2819 667 2854 ἔγραψε
686 2819 796 2854 δέσμιος
812 2817 849 2845 ὢν
866 2819 920 2844 ὑπὸ

971 2224 1047 2256 dere,
1064 2222 1164 2250 Lucam
1179 2223 1280 2250 librutn
1294 2225 1424 2250 Actorum
1437 2223 1463 2250 id
1476 2224 1605 2259 temporis
1617 2232 1757 2257 exarasse,

971 2277 1033 2296 cum
1052 2269 1154 2296 Paulus
1169 2270 1258 2304 prima
1274 2270 1333 2296 vice
1350 2270 1463 2297 ltotnam
1484 2270 1653 2305 appulisset;
1670 2279 1702 2298 ca
1725 2271 1759 2298 de

970 2323 1051 2343 causa
1071 2314 1172 2342 factum
1183 2323 1243 2343 esse
1260 2321 1288 2342 ut
1306 2321 1402 2343 caetera
1417 2316 1527 2351 quidem
1544 2321 1601 2344 acta
1618 2317 1696 2344 Pauli
1716 2325 1759 2344 re—

973 2366 1108 2395 censeret,
1132 2362 1299 2396 perhibitum
1325 2369 1391 2388 vero
1415 2362 1478 2389 lidei
1501 2362 1698 2395 testimonium,
1720 2364 1758 2390 uti

972 2408 1044 2442 quod
1063 2407 1182 2435 nccdunt
1202 2408 1356 2440 accidisset,
1381 2407 1530 2436 omitteret.
1550 2409 1650 2436 Paulus
1672 2409 1757 2442 enim,

971 2462 1033 2482 cuin
1049 2455 1191 2482 biennium
1211 2460 1296 2483 totum
1314 2455 1405 2482 Roma:
1418 2455 1489 2482 liber
1505 2459 1608 2490 ageret,
1627 2455 1759 2490 pnedica-

972 2499 1054 2527 tionis
1067 2508 1179 2527 munere
1189 2500 1370 2535 fungebatur;
1383 2501 1415 2527 ad
1426 2500 1498 2535 quod
1513 2507 1599 2534 usque
1611 2505 1718 2534 tempus
1732 2500 1757 2526 ei

971 2545 1062 2572 Lucas
1077 2545 1180 2572 aderat.
1195 2546 1298 2573 Deinde
1311 2545 1424 2573 Romam
1439 2546 1524 2573 altera
1545 2546 1606 2573 vice
1620 2553 1756 2576 reversus,

971 2599 1034 2619 cum
1044 2592 1185 2626 religionis
1198 2592 1364 2620 Christiana:
1380 2592 1535 2620 rudimenta
1551 2592 1693 2627 Eperasto.
1705 2591 1757 2618 Nc-

972 2639 1031 2664 roni
1045 2646 1060 2664 a
1078 2638 1184 2672 poeulis
1204 2642 1286 2672 atque
1302 2638 1383 2665 etiam
1407 2638 1572 2670 concubino,
1590 2636 1755 2667 tradidisset,

972 2681 1052 2709 beato
1062 2682 1106 2710 ille
1114 2683 1188 2710 exitu
1198 2683 1279 2709 vitam
1288 2681 1500 2710 clausit.Lucam
1513 2681 1602 2714 ipsum
1612 2680 1688 2714 prius
1695 2686 1756 2706 cum

971 2727 1057 2754 Paulo
1070 2736 1123 2754 non
1141 2727 1237 2761 fuisse,
1250 2728 1351 2755 fatetur
1364 2730 1390 2754 in
1402 2728 1522 2754 secunda
1536 2727 1568 2752 ad
1583 2725 1756 2752 Timotheum

973 2773 1092 2808 Epistula
1108 2769 1218 2806 Paulus,
1236 2782 1316 2808 quam
1332 2782 1346 2800 a
1362 2773 1469 2800 Nerone
1486 2772 1627 2807 conjectus
1646 2771 1671 2797 in
1698 2771 1756 2809 vin-

973 2819 1032 2846 cula
1051 2819 1169 2852 scripsit.
1191 2819 1240 2845 «lu
1265 2821 1350 2848 prima
1365 2839 1371 2850 ,
1387 2817 1489 2850 inquit,
1517 2816 1675 2844 defensioue
1700 2823 1756 2843 me.)
