1966 3075
727 66 741 77 δ

124 143 174 173 ait!)

730 144 929 173 ANNALlUM
951 144 1048 173 PARS
1066 145 1116 174 ιν.

1671 143 1725 174 470

123 199 216 232 ειηρος,
226 197 322 227 οἵτινες
338 198 438 229 οἷκους,
449 199 527 229 ναοὺς
542 200 586 224 καὶ
603 198 718 229 ξενῶνας
733 199 895 232 ἀνήγειραν.

956 204 1008 230 tus,
1036 199 1205 231 Maurianus.
1229 201 1345 228 Severus
1363 207 1390 228 et
1417 201 1550 232 Isidorus;
1577 201 1623 235 qui
1650 196 1727 234 Cpoli

123 241 239 272 Τούτους
264 242 311 276 μὲν
325 243 388 273 τοὺς
411 243 607 277 ὁιαληφθὲντας
630 242 782 276 Ῥωμαίους
802 243 900 276 ἄνδρας

123 288 339 321 τοιουτοτρόποις
365 288 481 315 ἐνταῦθα
500 289 646 322 μετοικίζει
669 291 682 315 ὁ
710 288 796 322 μέγας
823 289 901 313 Κων-

125 335 273 364 σταντίνος.
292 333 388 369 Λαϐὼν
404 335 457 370 γὰρ
473 335 536 365 τοὺς
551 334 712 365 δακτυλίους
733 334 822 361 αὐτῶν
836 335 903 360 ἁπο-

125 380 229 406 στελλει
245 380 340 411 αὐτοὺς
366 381 404 412 είς
426 381 470 407 τὸν
488 380 599 415 βασιλέα
616 382 727 416 Ιιερσών
750 382 900 416 Σάρόαρον,

123 424 153 450 ὃν
177 425 226 451 καὶ
247 426 407 460 νικήσαντες
434 426 624 460 ὑπέστρεψαν
648 428 676 453 ἐν
701 427 728 452 δὲ
753 426 791 461 τῷ
813 426 902 461 καιρῷ

126 471 176 504 τῆς
199 471 330 505 ἐκδημίας
355 471 445 498 αὐτῶν
460 472 623 502 ἀποστείλας
649 473 714 502 τοὺς
740 472 901 503 δακτυλίους

126 517 165 547 εἰς
183 516 291 551 Ῥώμην
319 517 380 550 ἄγει
407 517 458 548 τὰς
489 518 621 551 γυναῖκας
653 518 743 544 αὐτῶν
761 518 900 546 ἐνταυθοῖ.

129 561 224 593 Κτίζει
237 562 265 589 δὲ
281 564 328 589 καὶ
341 563 433 594 οἴκους
453 563 525 591 κατὰ
550 572 581 596 γε
596 564 626 590 τὸ
640 564 726 598 μῆκος
744 565 792 590 καὶ
808 565 901 599 σχῆμα

114 608 260 640 ’τοιούτους
286 608 359 640 οἴους
390 607 463 643 εἶχον
492 610 520 635 ἐν
541 609 645 644 Ῥώμῃ,
669 609 903 644 ’Υττοστρὲψαντες

125 653 173 680 οὖν
185 655 284 680 ἐκεῖνοι
298 656 346 681 καὶ
360 655 389 680 τὸ
406 656 497 689 δρᾶμα
514 655 645 687 μαθόντες
659 655 816 689 ἐξέστησαν.
834 655 902 681 Τού-

126 707 180 724 των
193 699 218 725 οἱ
241 699 290 734 μὲν
308 700 440 735 τέσσαρες
459 700 616 734 μάγισΐροι,
629 701 653 726 οἱ
669 700 697 726 δὲ
713 699 784 727 ὀκτὼ
807 700 904 734 πατρί-

126 752 192 770 κιοι.

952 246 1060 275 domos.
1089 246 1197 281 templa,
1217 247 1354 280 hospitum
1379 248 1450 274 :edcs
1473 250 1676 274 exstruxerunt.
1695 245 1727 272 Et

952 291 1062 324 quidem
1080 291 1130 318 hos
1144 292 1272 326 patricios
1289 292 1436 323 Romanos,
1448 300 1517 326 quos
1527 291 1727 322 reccnsniinus,

953 335 1004 362 hoc
1026 335 1142 369 quodam
1164 335 1246 363 modo
1266 337 1464 363 Constantinus
1479 343 1511 362 eo
1527 335 1643 369 migrare
1664 342 1727 368 per-

953 380 1031 415 pulit.
1047 380 1115 408 Cum
1128 382 1243 408 annulos
1257 389 1352 409 eorum
1368 382 1401 408 ad
1415 389 1443 408 se
1460 381 1618 414 recepisset,
1633 385 1726 407 contra

954 427 1099 454 Persarum
1113 435 1202 462 regem
1223 427 1369 454 Sarharum
1388 428 1459 461 ipsos
1475 435 1536 453 cum
1553 426 1639 460 copiis
1654 426 1728 452 able—

952 474 1042 508 gavit:
1058 482 1111 508 quo
1126 473 1164 500 illi
1187 473 1259 501 victo
1283 474 1391 501 tandem
1412 473 1513 500 reversi
1530 476 1603 499 sunt.
1621 473 1727 498 lrttcrea

951 528 1015 547 vero
1037 519 1100 546 dum
1125 519 1205 546 domo
1228 520 1353 552 aberant,
1375 519 1482 546 annnlis
1498 519 1611 544 Romam
1637 517 1727 543 missis

953 566 1085 593 uxoribus
1098 573 1193 592 eorum
1207 566 1352 600 persuadet
1366 569 1395 592 ut
1405 565 1508 599 Cpolitn
1520 572 1548 590 se
1560 563 1727 590 conferrent.

953 611 1108 638 Secundum
1126 611 1183 638 haec
1197 612 1262 646 ipsis
1279 612 1393 638 aedilicia
1409 610 1512 638 condit.
1527 616 1638 644 prorsus
1654 609 1727 642 ejus-

952 657 1024 684 modi
1043 663 1094 683 tam
1113 657 1294 691 amplitudine
1315 660 1395 692 qnaln
1411 657 1509 688 forma,
1526 655 1615 690 qualia
1638 655 1729 681 llorna:

953 703 1115 730 habuerant.
1130 703 1197 731 Cum
1214 704 1298 738 igitur
1311 704 1348 730 illi
1363 703 1466 730 reversi
1480 702 1603 730 luisse-nl.
1618 709 1650 727 ac
1671 707 1728 726 rem

954 749 992 775 uti
1008 753 1081 783 gesta
1107 749 1207 779 fuerat.
1225 749 1436 783 cognovissent:
1456 756 1516 775 cum
1534 752 1646 780 stupore
1663 753 1732 779 quo-

126 791 187 819 dam
205 792 304 820 factum
323 793 497 827 imperatoris
526 794 653 821 admirati
685 799 759 822 sunt.
795 794 880 821 Erant
913 800 1004 822 autem
1031 796 1103 824 inter
1128 798 1177 823 llOS
1199 801 1317 831 qualubr
1333 796 1370 823 illi
1391 795 1500 830 quidem
1517 793 1653 830 magistri.
1670 797 1731 819 octo

125 847 191 867 vero
209 840 373 874 posteriores
389 842 508 875 patricii.

160 887 277 913 Γὶνωσκε
304 887 341 917 δὲ,
366 887 503 921 ἀγαπητὲ,
518 888 558 914 ὅτι
575 889 625 922 τῆς
641 888 745 919 πόλεως
762 889 898 922 ἐξισουμέ-

989 886 1023 913 Ει
1040 886 1235 919 animadverte,
1254 886 1352 913 dilecte
1374 886 1422 918 tili,
1445 885 1512 913 urbe
1535 886 1561 912 id
1589 887 1729 921 temporis:

124 938 172 967 νης
199 933 260 959 καθ’
277 932 306 959 ὃν
323 933 446 965 ἐκτίζετο
474 934 573 968 καιρὸν
599 934 668 960 λίθοι
687 935 761 970 παρὰ
775 933 902 967 λιθοξόων

125 979 293 1014 ἐτμήθησαν,
319 978 363 1010 οὓς
386 980 567 1015 προτείχισμα
580 980 623 1006 διὰ
637 980 686 1014 τὴν
701 981 750 1014 τῆς
766 980 904 1014 θαλάσσης

125 1025 186 1059 βίαν
203 1024 304 1055 ἔθεντο,
321 1025 374 1050 ἀπὸ
400 1025 451 1059 τῆς
477 1025 622 1060 Βαρῦὰρας
635 1026 727 1060 σχεδὸν
741 1025 803 1056 ἓως-ν
815 1026 901 1059 αὐτῆς

128 1071 178 1104 τῆ;
196 1070 302 1104 χρυσῆς
330 1071 433 1104 πόρτης
459 1070 533 1101 ὲντὺς
552 1071 583 1096 τὸ
598 1071 687 1105 τεῖχος
704 1071 901 1104 φυλάσσοντας.

133 1115 251 1150 Ὁμοίως
277 1116 305 1142 δὲ
336 1116 516 1151 μετεκόμισεν
543 1116 658 1142 ἐνταῦθα
686 1117 733 1142 καὶ
759 1116 803 1143 τὸν
819 1115 904 1149 ἐντῷ

129 1163 202 1199 (pr;pr
236 1162 313 1187 κίονα
333 1161 472 1196 μονόλιθον
495 1161 570 1193 ῠντα,
598 1162 646 1188 καὶ
675 1162 782 1196 ἵδρυσεν
812 1162 905 1188 ἐπάνω

126 1207 209 1233 αὐτοῦ
223 1208 269 1233 τὸν
282 1207 429 1242 ἀνδριάντα
441 1208 546 1235 ἐκεῖνον
562 1207 596 1233 δν
606 1208 720 1242 ἤνεγκεν
733 1208 785 1233 ἀπὸ
801 1208 906 1234 Ἡλιου-

127 1254 233 1284 πόλεως
245 1254 295 1286 τῆς
313 1253 445 1287 Φρυγίας.
460 1253 490 1280 ’0
507 1253 535 1279 δὲ
552 1254 672 1285 τοιοῦτος
688 1253 761 1285 λίθος
779 1253 834 1288 (75)
857 1253 904 1289 ἐτη

127 1298 190 1333 τρία
220 1297 414 1330 διεπλωῖζετο,
439 1299 560 1325 ἐνιαυτὸν
588 1295 616 1325 δὲ
644 1299 704 1325 ὅλον
727 1299 905 1330 ἁνεὸιὸάξετο

125 1343 191 1370 ἔνθα
206 1343 252 1370 καὶ
269 1344 385 1371 ἵσταται.
409 1344 486 1370 Μετὰ
505 1344 534 1370 δὲ
549 1344 636 1371 ταῦτα
660 1345 778 1380 ποιήσας
801 1345 907 1372 Καίσα-

127 1396 176 1422 ρας
190 1387 354 1414 Κώνσταντα
372 1387 422 1421 μὲν
438 1388 568 1419 ἐνταῦθα,
585 1388 705 1415 Λικίνιον
724 1389 752 1414 δὲ
769 1389 814 1415 τὸν
832 1397 906 1424 γαμ-

126 1434 194 1468 ϐρὸν
209 1432 291 1459 αὑτοῦ
311 1435 339 1459 ὲν
357 1433 535 1468 Νικομηδείᾳ,
552 1435 621 1460 κατὰ
638 1435 748 1468 Περσῶν
760 1426 906 1469 ἐστράτευ-

129 1488 186 1506 σεν.
203 1476 286 1510 οὗτος
305 1479 334 1505 δὲ
352 1480 366 1506 ὁ
385 1480 506 1509 Λικίνιος
525 1480 596 1505 κατὰ.
613 1480 782 1514 Χριστιανῶν
805 1479 907 1514 ἤρξατο

126 1526 246 1559 διωγμὸν
274 1526 369 1552 κινεῖν.
395 1524 462 1551 Τότε
485 1525 527 1560 δὴ,
552 1526 612 1551 τότε
627 1525 674 1551 καὶ
694 1525 739 1551 τὸν
758 1525 906 1559 ’Λμασείας

126 1571 275 1596 ἐπίσκοπον
301 1570 416 1596 Βασιλέα
437 1569 508 1597 οὕτω
526 1570 691 1603 καλούμενον
709 1570 807 1596 ἀνεῖλε.
830 1570 898 1596 Τότε

129 1617 163 1652 δὴ
180 1617 240 1643 τότε
257 1617 304 1642 καὶ
321 1616 396 1649 ὄφεις
422 1617 450 1643 ὲν
471 1617 610 1651 Μελιτηνῇ
626 1615 750 1642 τοσοῦτον
768 1615 905 1651 ἐπολέμη-

128 1670 178 1688 σαν
192 1662 252 1688 κατ’
267 1661 389 1696 ἀλλήλων
405 1662 475 1688 ὥστε
498 1663 546 1689 καὶ
562 1663 609 1698 τὴν
625 1661 717 1697 χώραν
728 1662 855 1694 ὲποςέσαι
867 1662 906 1698 τῷ

127 1709 199 1743 φόνῳ
214 1708 313 1734 αὐτῶν.
331 1708 397 1734 Τότε
412 1708 459 1734 καὶ
472 1708 488 1743 ἡ
503 1709 530 1735 ὲν
545 1708 648 1744 Νικαίᾳ
662 1708 769 1740 σύνοδος
781 1709 904 1742 γέγονεν,

127 1754 157 1779 ὲν
215 1752 260 1778 τὸν
288 1752 394 1786 ἄμαχον
421 1751 553 1785 Εὑλόγιον
574 1751 692 1786 Ἕλληνα
717 1753 730 1779 ὁ
752 1753 838 1787 μέγας
859 1753 906 1779 καὶ

127 1798 230 1829 ἁπλοῦς
245 1798 284 1833 τῷ
299 1798 370 1833 λόγῳ
386 1797 528 1832 Σπυρίδων
542 1795 720 1833 ἐχειρώσατο.
747 1798 778 1824 'H
795 1797 905 1833 τοιαύτη

127 1845 237 1875 σύνοδος
262 1845 309 1871 καὶ
331 1844 360 1870 τὺ
388 1845 480 1878 πάσχα
503 1844 649 1879 διωρίσατο
674 1844 814 1879 ἑορτάζειν
832 1839 906 1879 ἡμᾶς

127 1891 199 1918 κατὰ
221 1891 271 1925 τὴν
292 1890 337 1916 νῦν
361 1889 517 1925 κρατοῦσαν
535 1890 689 1925 συνήθειαν
707 1891 837 1926 πρότερον
853 1891 906 1925 γὰρ

126 1937 199 1963 κατὰ
212 1935 261 1970 τὴν
281 1935 580 1970 τεσσαρεσκαιδεκάτην
597 1936 646 1969 τῆς
662 1936 778 1970 σελήνης
791 1936 906 1962 ἐτελεῖτο

125 1983 158 2008 τὸ
177 1981 281 2016 πάσχα,
294 1982 355 2008 ὅθεν
369 1982 415 2007 καὶ
429 1981 492 2012 τοὺς
511 1980 596 2011 οὕτως
614 1982 793 2017 ἑορτάζοντας
809 1982 824 2016 ἡ
842 1981 907 2015 ἁγία

126 2027 365 2061 καὶοίκουμενικὴ
389 2027 505 2060 δευτέρα
532 2026 642 2059 σύνοδος
677 2028 705 2054 ὲν
735 2027 774 2062 τῷ
801 2027 907 2061 ἑϐδόμῳ

126 2074 221 2100 κανόνι
235 2073 320 2107 αὐτῆς
338 2072 664 2108 τεσσαρεσκαιδεκατίτας
683 2073 729 2099 καὶ
749 2073 907 2108 τετραδίτας

126 2121 215 2146 καλεῖ.
233 2120 269 2145 υὺ
286 2121 339 2154 γὰρ
355 2120 383 2145 ἐν
396 2120 522 2154 κυριακῇ
535 2119 566 2145 τὸ
585 2119 679 2154 Πάσχα
691 2119 836 2154 ἑώρταζον,
849 2118 906 2146 ἀλλ’

126 2167 171 2193 ὅτι
197 2165 514 2200 τεσσαρεσκαιδεκατιία
534 2167 550 2200 ἡ
581 2166 679 2200 σελήνη
703 2166 827 2202 γένηται,
840 2166 870 2192 ὲν
890 2162 906 2202 ᾖ

953 939 1008 966 quo
1034 931 1215 962 condeliatur,
1245 936 1384 963 exa‘quata
1403 935 1430 958 et
1456 932 1637 965 complanata,
1665 940 1731 959 saxa

953 975 1076 1011 quaedam
1095 983 1109 1002 a
1131 975 1257 1010 lapicidis
1278 980 1384 1002 exsecta
1401 974 1497 1006 fuisse,
1514 983 1545 1002 ac
1568 976 1730 1002 munimenti

952 1022 1012 1048 loco
1023 1021 1155 1048 adversus
1169 1021 1251 1047 maris
1266 1021 1397 1055 impetum
1412 1020 1492 1054 250
1507 1028 1522 1047 a
1535 1021 1649 1048 Barbara
1666 1029 1730 1055 pro-

954 1067 1100 1102 pemodum
1123 1066 1156 1093 ad
1173 1066 1290 1093 Auream
1308 1074 1392 1101 usque
1415 1071 1520 1100 portam
1539 1066 1681 1099 collocata,
1700 1070 1731 1093 ut

955 1121 1002 1147 per
1014 1121 1046 1139 ea
1064 1119 1157 1138 murus
1170 1112 1287 1139 interior
1300 1119 1398 1146 expers
1413 1111 1568 1138 detrimenti
1585 1120 1730 1139 conserva-

955 1164 1040 1184 retur.
1052 1159 1185 1184 Praatcrea
1197 1157 1301 1192 Cpolim
1313 1158 1399 1184 Roma
1414 1157 1564 1191 deportavit
1576 1158 1729 1184 columnam

955 1203 1029 1230 illam
1041 1211 1086 1230 rex
1100 1210 1154 1230 uno
1165 1203 1315 1230 confectam
1327 1202 1425 1236 lapide,
1438 1210 1497 1236 qua:
1508 1202 1534 1229 in
1547 1202 1616 1229 Foro
1627 1202 1729 1233 stabat;

954 1249 1034 1282 eique
1064 1253 1181 1275 statuam
1207 1248 1279 1275 illam
1307 1248 1446 1282 imposuit,
1473 1255 1554 1281 quam
1580 1247 1727 1282 lleliopoli.

956 1295 1024 1322 urbe
1038 1294 1172 1328 Ρίιτγιςίειι,
1194 1298 1332 1325 avexerat.
1357 1293 1426 1320 Hinc
1443 1293 1543 1320 creatis
1566 1293 1732 1325 Caesaribus,

955 1335 1071 1374 quorum
1086 1340 1156 1367 alter
1169 1340 1304 1367 Constans
1317 1343 1409 1373 ageret
1423 1339 1509 1373 Cpoli,
1526 1339 1596 1366 alter
1608 1340 1731 1367 Licinius

957 1386 1059 1413 sororis
1075 1386 1189 1413 maritus
1203 1385 1379 1417 Nicodemize,
1397 1386 1527 1412 adversus
1544 1385 1641 1413 Persas
1655 1394 1731 1412 exer-

956 1433 1040 1458 citum
1056 1433 1142 1458 duxit.
1162 1432 1283 1459 Licinius
1297 1437 1388 1459 autem
1414 1439 1462 1466 per
1480 1431 1566 1466 ipsius
1581 1432 1733 1459 absentiam

956 1479 1174 1512 persecutionem
1189 1479 1320 1505 adversus
1331 1478 1503 1505 Christianos
1516 1485 1627 1505 movere
1640 1478 1733 1512 etrapit.

957 1528 984 1550 et
997 1524 1145 1550 antistitem
1163 1522 1276 1551 Amasis:
1292 1525 1420 1555 Basilem,
1438 1524 1488 1551 hoc
1505 1524 1576 1551 enim
1593 1525 1617 1552 ei
1633 1532 1733 1552 nomen

955 1573 1023 1599 erat.
1040 1569 1192 1596 interfecit.
1208 1570 1312 1596 Eodem
1332 1574 1454 1605 tempore
1472 1574 1613 1602 serpentes
1631 1570 1657 1596 in
1676 1570 1732 1597 Me~

955 1614 1038 1641 litcna
1053 1615 1194 1649 provincia
1211 1619 1264 1642 tam
1287 1615 1387 1643 acriter
1404 1616 1475 1642 inter
1497 1624 1526 1643 se
1543 1616 1735 1651 depugnarnnt

957 1664 986 1687 ut
1001 1665 1112 1695 propter
1122 1661 1254 1688 cadavera
1268 1666 1426 1690 necatorum
1445 1663 1545 1696 passim
1562 1663 1636 1697 regio
1654 1662 1735 1690 falte—

957 1710 1006 1732 ret.
1019 1702 1146 1733 Secutum
1159 1710 1202 1733 est
1219 1713 1271 1733 non
1287 1706 1373 1733 multo
1388 1711 1448 1741 post
1464 1707 1609 1733 concilium
1626 1708 1660 1734 ad
1689 1715 1736 1733 ur-

955 1751 1017 1778 bem
1048 1751 1182 1785 Nicaeam,
1212 1752 1240 1779 in
1275 1760 1331 1787 quo
1366 1753 1603 1787 inexpugnabilem
1635 1753 1735 1781 (Enecat

956 1799 1096 1834 religionis
1121 1804 1351 1835 propugnatorem
1379 1799 1522 1834 Eulogium
1547 1807 1662 1834 magnus
1688 1799 1734 1826 ille

957 1846 1100 1880 verbisque
1115 1846 1230 1881 simplex
1247 1854 1278 1873 ac
1296 1846 1373 1873 rudis
1396 1845 1511 1881 Spyrido
1528 1845 1594 1871 vicit
1613 1850 1640 1872 et
1656 1852 1733 1872 suam

957 1894 983 1918 in
999 1892 1164 1919 sententiam
1181 1892 1318 1926 perduxit.
1336 1893 1480 1919 Decretum
1499 1891 1570 1918 inter
1585 1891 1636 1918 alia
1650 1895 1692 1918 est
1707 1891 1734 1918 in

956 1938 1007 1965 hac
1019 1938 1122 1973 synodo
1133 1943 1162 1965 nt
1174 1938 1308 1972 paschalis
1317 1937 1414 1965 festum
1424 1937 1460 1964 ita
1473 1937 1626 1964 celebretur
1637 1944 1733 1970 quem-

956 1984 1100 2011 admodum
1133 1983 1214 2010 hodie
1247 1991 1305 2010 mos
1338 1982 1457 2010 obtinet.
1491 1982 1559 2009 Nam
1587 1986 1665 2008 antea
1690 1980 1735 2008 die

958 2029 1182 2064 mensislunaris
1205 2029 1239 2056 N
1254 2029 1359 2056 Pascha
1380 2028 1580 2061 celebrabatur,
1597 2026 1734 2062 quomodo

956 2075 1112 2111 quicunque
1129 2075 1226 2102 festum
1243 2075 1294 2102 hoc
1308 2075 1456 2106 celebrant,
1468 2081 1515 2101 eos
1529 2076 1733 2101 sacrosanctum

957 2126 983 2149 et
997 2121 1150 2148 universale
1165 2121 1316 2148 secundum
1333 2120 1479 2147 concilium
1496 2127 1601 2146 canone
1619 2119 1634 2145 'l
1650 2126 1734 2153 quar-

959 2167 1154 2194 todecumanos
1168 2171 1196 2193 et
1211 2170 1360 2200 quartanos
1382 2165 1509 2200 appellat.
1527 2165 1584 2192 Non
1599 2165 1671 2192 enim
1689 2163 1743 2197 die,

127 2214 162 2239 ἂν
189 2212 278 2246 ἡμέρᾳ
297 2211 366 2247 τύχῃ
390 2212 481 2247 πλήρη
510 2212 612 2248 ταύτην
636 2212 773 2246 γενέσθαι.
799 2212 904 2247 Ἐορτὰ-

960 2212 1101 2240 Dominico
1127 2212 1229 2239 Pascha
1254 2211 1442 2244 celebrabant,
1468 2211 1514 2238 sed
1541 2211 1587 2238 ubi
1613 2210 1736 2237 decimus

127 2259 206 2290 ζουσι
224 2259 252 2286 δὲ
271 2258 331 2284 τότε
349 2258 524 2293 νηστεύοντες
541 2259 589 2285 καὶ
604 2258 818 2293 ἀγρυπνοῦντες.

961 2262 1076 2294 quartus
1091 2258 1191 2285 mensis
1205 2257 1308 2285 lunaris
1323 2257 1381 2284 dies
1397 2257 1568 2291 appetiisset,
1583 2264 1638 2290 quo
1652 2255 1735 2282 nimi-

127 2314 189 2333 rum
213 2305 258 2332 die
274 2305 339 2331 luna
364 2305 445 2339 plena
462 2309 546 2333 esset.
566 2306 600 2333 Et
624 2306 734 2342 quidem
752 2308 788 2335 ita
806 2307 904 2335 festum
924 2308 976 2336 hoc
995 2307 1173 2336 celebrabant
1192 2311 1221 2333 ut
1244 2306 1272 2333 in
1304 2313 1337 2333 eo
1367 2306 1524 2341 jcjnnarent
1539 2313 1570 2332 ac
1588 2302 1736 2338 pervigiliis

127 2357 282 2380 uterentur.

162 2397 283 2423 Γίνωσιιε
297 2396 324 2422 δὲ
337 2396 384 2423 καὶ
398 2396 488 2430 τοῦτο,
506 2398 546 2424 ὅτι
557 2398 747 2431 Κωνστάντιος
758 2401 772 2426 ὁ
786 2400 842 2431 υίὸς
857 2399 904 2426 τοῦ

129 2443 250 2478 μεγάλου
286 2443 492 2470 Κωνσταντίνου
522 2444 680 2478 ὰρειανὶσας
708 2445 758 2480 τὴν
792 2445 906 2481 πρώτην

128 2489 281 2524 ἀνατρέψαι
309 2489 419 2515 σύνοδον
445 2489 571 2517 ἔσπευδε.
590 2491 675 2517 Τοῦτο
705 2491 797 2526 μαθὼν
825 2493 839 2518 ό
861 2492 909 2527 τῆς

129 2535 318 2569 πρεσῦυτέρας
338 2535 448 2571 Ῥώμης
475 2537 568 2568 ardua;
587 2537 722 2571 ἀνήνεγκε
751 2537 909 2565 Κώνσταντι

128 2580 167 2615 τῷ
181 2580 228 2607 τοῦ
244 2581 436 2608 Κωνσταντίου
448 2582 563 2616 ἀδελφῷ,
582 2584 626 2609 καὶ
648 2583 680 2614 ὃς
698 2583 813 2618 πόλεμον
828 2584 908 2618 ἠπεί-

129 2626 194 2659 λησε
211 2626 250 2659 τῷ
268 2625 374 2660 ἀδελφῷ
400 2626 443 2652 διὰ
461 2628 647 2661 γραμμάτων.
661 2628 685 2653 εἰ
711 2629 747 2662 μὴ
774 2628 908 2655 παύσαιτο

130 2672 178 2705 τὴν
192 2670 276 2706 ὀρθὴν
304 2672 396 2698 πίστιν
412 2671 544 2698 σαλεύων.
563 2673 620 2705 Ἐφ’
642 2669 664 2706 ᾧ
683 2673 730 2698 καὶ
746 2673 826 2708 βουλῇ
853 2673 907 2698 τῶν

166 2753 221 2783 (75)
250 2753 279 2780 '0
294 2753 322 2779 δὲ
336 2754 457 2784 τοιοῦτος
486 2754 575 2789 λίθος.
604 2760 632 2782 et
659 2764 719 2788 qua:
740 2761 904 2788 sequuntur,

132 2788 231 2814 absunt
256 2789 364 2821 quidem
389 2797 403 2814 a
421 2789 544 2816 versione
564 2789 728 2819 Lcrmclavii.
748 2791 793 2817 sed
808 2794 903 2818 eadem

134 2823 308 2860 reperiuntur
323 2823 349 2849 in
366 2823 395 2850 ια’.
412 2824 503 2856 Neque
517 2825 595 2851 facile
618 2826 767 2852 assentiare
782 2826 825 2857 iis.
843 2835 902 2860 qu:c

135 2863 226 2884 narrat
242 2858 274 2885 de
289 2858 437 2886 Constante
458 2860 564 2887 Ctesare
578 2859 812 2892 Constantinopoli
834 2858 900 2888 reli<

994 2398 1081 2424 Etiam
1095 2397 1146 2424 hoc
1157 2396 1228 2423 seire
1241 2401 1266 2423 te
1278 2395 1350 2426 volo,
1362 2394 1451 2429 magni
1462 2393 1635 2421 Constantini
1650 2393 1735 2420 tilium

957 2443 1157 2473 Constantium,
1182 2441 1345 2469 Arianorum
1369 2445 1461 2475 partes
1480 2445 1615 2471 secutum,
1638 2447 1735 2473 magno

959 2489 1051 2517 studio
1069 2489 1183 2523 primam
1209 2487 1341 2522 synodum
1366 2486 1477 2513 abolere
1503 2486 1631 2512 voluisse.
1659 2485 1735 2518 Quod

959 2536 1006 2563 ubi
1020 2535 1122 2563 veteris
1134 2535 1226 2561 “nunc
1238 2541 1305 2569 papa
1319 2533 1500 2568 cognovisset,
1513 2532 1546 2559 ad
1560 2533 1735 2559 Constantem

956 2580 1106 2609 Constantii
1120 2580 1231 2607 fratrem
1245 2580 1351 2607 detulit.
1365 2579 1389 2606 ls
1404 2587 1467 2606 vero
1479 2579 1578 2606 bellum
1594 2578 1669 2605 fratri
1684 2585 1732 2612 per

955 2628 1063 2655 litteras
1079 2626 1217 2653 illaturum
1234 2633 1262 2652 se
1282 2625 1401 2652 minatus
1416 2630 1467 2657 esl,
1484 2625 1510 2651 ni
1529 2629 1628 2651 rectam
1652 2623 1732 2650 tidem

956 2673 1111 2701 convellere
1126 2677 1324 2706 succutcreque
1349 2672 1498 2698 desineret.
1515 2671 1609 2705 Itaque
1637 2670 1670 2697 de
1686 2670 1736 2696 im-

961 2762 1015 2787 cto,
1036 2764 1097 2782 cum
1127 2755 1247 2782 nondum
1276 2759 1415 2781 exstructa
1445 2753 1524 2783 foret,
1540 2752 1615 2789 etde
1632 2750 1736 2789 Licinio

957 2791 1132 2818 Nieonn-dian
1152 2791 1246 2822 misso,
1264 2797 1344 2824 quem
1373 2788 1441 2815 falso
1460 2792 1536 2814 vocat
1563 2786 1734 2823 (λωιειςιιιιὶιιὶ

955 2834 1095 2861 generum.
