1966 3075
275 140 324 170 487

906 140 932 169 Μ
941 140 1116 170 ICIIAELIS
1136 139 1266 169 GLYC.’E

1825 140 1871 171 488

273 200 333 220 rum
349 191 459 218 seclude
473 194 499 218 et
515 197 603 217 arceo.
616 191 748 218 Praeterea
763 191 875 219 cleriCOS
888 199 992 225 omnes,
1008 193 1051 227 qui

1106 195 1139 220 τὰ
1153 194 1222 220 κατὰ
1241 194 1353 227 ἄγνοιαν
1371 194 1499 228 γινόμενα
1508 193 1569 220 οὕτε
1586 193 1651 225 Θεὸς
1671 193 1731 220 οὔτε
1746 193 1817 227 νόμοι
1831 203 1874 220 κο-

273 246 304 266 ca
321 237 459 264 vobiscum
479 236 544 263 ‘ausi
560 235 662 263 fuerint
676 237 710 264 ab
725 244 757 264 eo
767 241 888 272 tempore
900 240 1050 266 communi-

271 291 333 311 care
347 289 401 317 quo
415 281 614 316 colligationem
625 286 653 308 et
672 282 810 309 vinculum
834 282 885 309 hoc
900 290 989 309 meum
1008 291 1050 310 re-

272 327 433 359 sciveritis.‘
445 327 542 354 ordine
559 335 666 354 moveo.
685 326 870 356 Consimiliter
891 329 1049 361 Arsacium,

269 381 349 408 quem
375 373 402 400 in
419 373 517 399 solium
537 373 711 407 episcopatus
736 373 796 400 loco
820 374 909 409 magni
937 374 1050 402 Joannis

270 419 344 446 illius
363 418 555 449 substituistis,
571 417 653 445 ctiatn
679 423 739 457 post
755 423 870 446 mortem
885 427 948 447 cum
963 420 1050 447 omni-

269 465 321 492 bus
341 464 464 499 quicum
483 463 542 498 ipso
559 463 755 491 commercium
781 464 935 492 habuerunt
954 466 1050 493 ordine

270 518 422 542 movemus,
439 517 507 537 neve
523 510 709 544 perscribatur
724 510 783 545 ejus
807 518 905 538 nomen
922 512 1008 539 sacris
1021 512 1049 538 in

271 556 373 583 tabulis
387 561 522 582 velamus.
537 555 593 582 Hoc
607 555 679 581 enim
698 555 824 590 indignus
834 560 876 583 est
890 556 1004 588 honore,
1021 561 1050 584 ut

268 601 316 635 qui
328 599 513 635 episcopatum
533 599 667 626 adulterio
684 601 760 634 quasi
780 601 924 628 commisso
945 601 1050 635 pollue-

269 648 316 673 rit.
332 647 419 680 Atque
432 645 495 672 huic
510 650 610 672 nostra:
623 645 656 672 de
669 645 711 672 Itis
724 645 820 672 ordine
838 646 979 674 movendis
988 654 1050 674 Sr‘.n~

270 687 363 720 tentiai
385 691 530 726 Theophili
557 692 785 726 segregationem,
815 694 1049 724 exsecrationem.

268 739 420 765 absolutam
433 737 552 772 denique
566 737 784 765 Christianorum
795 745 810 765 a
825 743 896 765 ctetu
914 739 1050 765 exclusio-

240 776 245 781 ’
268 791 331 811 nem
350 783 533 818 adjungimus.
552 792 561 808 ι
575 782 647 815 Quas
662 783 765 810 litteras
781 784 825 810 ubi
841 784 949 811 recitari
966 785 1049 811 Arca-

270 831 332 858 dius
347 830 507 862 audivisset,
521 828 549 855 in
561 829 618 856 haec
634 829 715 856 verba
728 829 887 856 Innocentio
900 830 1048 865 rescripsit:

1105 239 1232 271 λάζουσιν
1246 248 1252 254 ·
1266 239 1323 265 ἀλλ’
1338 239 1397 266 ούδέ
1411 248 1450 270 τις
1468 240 1536 274 ὑπὲρ
1551 239 1645 274 ἑτέρου
1666 240 1742 274 δίκην
1756 240 1874 274 εἰσπράτ-

1104 294 1190 312 τεται.
1215 285 1297 311 Ὅθεν
1311 285 1397 312 ταῦτα.
1413 286 1541 320 γέγραφα.
1557 285 1738 320 πληροφορῶν
1756 285 1874 320 τὴνύμε-

1103 331 1184 366 τέραν
1203 331 1344 366 πραότητα
1377 331 1414 362 ὡς
1436 331 1689 366 ἐπιμαρτυροῦντος
1716 331 1762 357 τοῦ
1787 331 1873 364 φιλαν-

1105 376 1215 412 θρώπου
1230 376 1298 403 Θεοῦ
1329 374 1379 403 οὔκ
1408 376 1492 410 ἔγνων
1508 376 1534 402 τι
1558 376 1613 403 τῶν
1637 376 1798 410 συμϐάντων
1823 378 1874 407 τοῖς

1104 423 1247 457 ἡμετέροις
1268 421 1428 452 ἐπισκόποις
1460 422 1508 448 καὶ
1537 421 1690 456 κὶηριχοῖς,
1711 421 1769 448 ἀλλ’
1794 421 1874 452 ἁθῶός

1104 466 1162 500 είμι
1177 464 1223 492 τοῦ
1239 465 1375 500 κρίματος
1389 465 1480 491 αὐτῶν
1492 472 1498 479 ⁵
1515 465 1539 491 εί
1555 465 1609 500 γὰρ
1636 465 1711 499 ἥμην
1743 464 1874 499 συμμέτο-

1103 519 1150 545 Xo;
1164 511 1254 537 αὐτῶν
1273 511 1314 542 είς
1328 510 1419 542 τοῦτο,
1443 511 1493 537 οὐκ
1513 508 1586 544 εῐχον
1607 510 1719 541 τούτους
1745 510 1874 536 κακῶσαι.

1104 556 1172 590 Περὶ
1185 556 1212 581 δὲ
1223 556 1272 590 τῆς
1290 555 1340 589 σῆς
1355 555 1489 590 θυγατρὸς
1509 555 1638 588 Εὺδοξίας
1654 555 1738 589 γνῶθι
1769 555 1808 581 ὅτι
1831 555 1877 580 καὶ

1104 602 1172 636 αὐτῇ
1189 601 1370 628 ἀνταπέδωκα
1390 601 1461 627 κατὰ
1475 601 1505 626 τὸ
1519 601 1631 635 σφάλμα
1659 601 1746 634 αὐτῆς
1772 600 1800 626 οὺ
1831 608 1876 634 με-

1103 646 1199 681 τρίως,
1215 646 1252 678 ὡς
1268 647 1299 672 ἐκ
1321 646 1371 681 τῆς
1398 646 1527 681 τοιαύτης
1546 645 1634 681 λύπης
1660 647 1706 672 καὶ
1723 645 1833 680 θλίψεως
1850 645 1876 670 ὲν

1104 692 1246 728 ἀρρωστίᾳ
1263 692 1402 728 βαρυτάτῃ
1414 693 1592 719 κατακεῖσθαι
1609 693 1704 726 αὐτήν.
1729 691 1875 726 Παρακαλῶ

1103 736 1196 763 λοιπὸν
1212 738 1255 763 ἵνα
1271 737 1318 763 τοῦ
1330 736 1485 771 ἀφορισμοῦ
1510 736 1595 772 λύσῃς
1621 736 1695 771 ἡμᾶς
1718 737 1766 762 καί
1783 736 1819 770 μὴ
1834 738 1878 761 ὲκ-

1102 783 1218 819 δικήαῃς
1237 782 1393 817 πολλαχῶς·
1407 783 1437 809 ού
1456 783 1511 818 γὰρ
1532 782 1647 814 πατάξει
1662 781 1763 816 Κύριος
1779 782 1817 812 δὶς
1833 782 1877 807 ἐπὶ

1103 829 1134 855 τὸ
1160 829 1235 855 αὑτό.
1258 837 1267 854 ι
1296 829 1368 863 Πρὸς
1390 829 1477 855 ταῦτα
1504 829 1552 855 καὶ
1571 828 1651 855 πάλιν
1683 827 1851 857 Ὶννοκέντιος
1867 835 1875 842 -

270 885 279 901 ι
300 875 407 903 Noruut
431 882 528 902 omnes
549 874 675 902 homines
698 875 798 902 mentis
819 880 958 910 compotes
978 883 1051 903 com-

1106 884 1114 900 ε
1137 874 1324 909 Ἀπεδεξάμην
1353 874 1430 909 ὑμῶν
1473 873 1522 909 τὴν
1551 874 1625 900 κατὰ
1655 873 1722 900 Θεὸν
1754 873 1877 907 σπουδὴν,

268 921 350 947 missa
367 927 415 954 per
426 919 624 954 ignorationem
638 926 689 946 nec
703 918 834 946 divinitus
851 927 901 946 nec
914 927 962 954 per
978 920 1050 954 leges

266 965 370 1001 puniri,
384 972 473 999 neque
483 964 550 991 adeo
563 971 727 999 quemquam
737 964 850 991 alterius
858 966 967 1000 nomine
979 972 1050 999 sup-r

268 1012 378 1047 plicium
388 1011 474 1038 luere.
489 1010 570 1046 260
577 1009 654 1043 Quod
666 1009 775 1044 quidem
792 1014 934 1044 propterea
942 1011 1049 1044 scripsi,

266 1062 298 1085 ut
314 1056 552 1084 mansuetudinem
571 1059 645 1081 tuam
663 1059 766 1082 certam
784 1054 926 1082 redderent
946 1062 995 1081 nos
1011 1055 1051 1081 ui-

267 1102 306 1129 hil
321 1108 416 1129 eorum
434 1100 574 1135 cognitum
591 1099 719 1126 habuisse
735 1107 796 1134 qua:
824 1098 928 1126 nostris
942 1098 1052 1126 antisti-

1103 920 1191 954 ἥνπερ
1205 920 1249 946 διὰ
1264 921 1294 946 τὸ
1308 920 1393 955 ὄνομα
1412 921 1494 947 αὑτοῦ
1521 919 1706 952 ὰνεδείξασοε,
1724 919 1804 946 ΙὈθεν
1827 919 1878 944 τῶν

1105 965 1184 999 ἱερῶν
1197 965 1303 1000 δεσμῶν
1316 965 1457 997 ἀνεθέντες
1476 967 1505 993 ἐν
1520 966 1577 997 τοῖς
1592 965 1765 996 δεσποτικαῖς
1776 964 1878 999 συμϐό-

1104 1010 1160 1042 λοις
1180 1010 1342 1046 προσέλθετε
1354 1011 1516 1046 ἐρρωμένοι.
1539 1019 1549 1036 ι
1578 1010 1670 1044 Ταύτῃ
1698 1018 1739 1036 τοι
1760 1010 1806 1036 καὶ
1835 1009 1879 1035 διὰ

1106 1055 1248 1090 φροντίδος
1262 1056 1275 1082 ὁ
1290 1056 1432 1091 Ἀρκὰδιος
1447 1057 1565 1082 ποιεῖται
1578 1055 1628 1090 τὴν
1644 1054 1691 1081 τοῦ
1721 1053 1797 1087 ἁγίου
1814 1061 1850 1088 πρ
1867 1063 1878 1084 ς

1105 1100 1155 1134 τὴν
1168 1100 1348 1135 μεγαλόπολιν
1363 1101 1505 1128 ἐπάνοδον.

268 1150 341 1178 tibus
357 1153 385 1177 et
399 1149 508 1176 clericis
522 1147 692 1180 acciderunt,
708 1147 786 1182 cujus
804 1146 843 1174 rei
860 1152 955 1174 testem
990 1146 1138 1182 benignum
1173 1148 1248 1175 illum
1265 1148 1350 1175 Deum
1382 1148 1573 1183 imploramus.
1600 1147 1734 1175 Nimirum
1749 1154 1834 1181 purus
1853 1151 1881 1173 et

267 1197 399 1223 innocens
412 1201 484 1235 sum,
517 1193 590 1228 quod
623 1193 744 1228 ipsorum
763 1192 1021 1219 condemnationem
1057 1192 1170 1226 attinet;
1195 1188 1296 1228 quippe
1318 1200 1381 1220 cum
1407 1201 1504 1221 eorum
1528 1193 1720 1221 communione
1732 1192 1783 1219 sim
1804 1199 1881 1223 usus,

266 1251 356 1271 causa:
370 1242 438 1269 nihil
457 1243 516 1269 erat
532 1238 710 1275 quamobrem
741 1245 791 1265 eos
818 1237 977 1273 amigcrem.
1009 1237 1086 1270 Quod
1102 1244 1192 1266 autem
1208 1240 1307 1266 attinet
1328 1238 1410 1265 ﬁliam
1429 1243 1504 1266 tuam
1520 1239 1682 1272 Endoxiam,
1697 1239 1765 1267 scito
1785 1245 1827 1265 me
1842 1237 1882 1264 illi

266 1297 363 1324 parum
376 1288 574 1321 moderatepro
587 1286 693 1312 ratione
705 1284 797 1311 delicti
811 1283 964 1311 mercedem
998 1284 1135 1312 retulisse.
1168 1286 1228 1318 Quo
1249 1293 1313 1313 sane
1334 1285 1437 1313 factum
1455 1291 1498 1313 est
1529 1291 1558 1313 ut
1581 1294 1615 1313 ex
1646 1294 1680 1313 eo
1704 1292 1821 1314 mcerore
1849 1291 1883 1311 ac

266 1335 391 1371 angustia
406 1333 509 1361 difficili
520 1332 740 1367 gravissimeque
755 1335 880 1364 correpta
889 1330 1050 1366 aegritudine
1070 1330 1226 1359 decumbat.
1244 1332 1344 1367 Igitur,
1359 1333 1431 1367 quod
1463 1338 1600 1367 superest.
1617 1332 1698 1360 enixe
1713 1337 1741 1360 te
1766 1332 1883 1358 obsecro

267 1388 297 1409 ut
313 1389 363 1408 nos
380 1387 396 1407 a
411 1379 596 1415 segregatione
623 1377 724 1404 liberes
738 1384 788 1404 nec
805 1377 993 1412 multipliciter
1007 1378 1122 1412 punias;
1141 1386 1191 1405 nec
1216 1380 1289 1406 enim
1306 1379 1364 1414 ipse
1372 1379 1505 1407 Dominus
1536 1379 1608 1406 idem
1622 1379 1658 1406 ob
1687 1378 1816 1406 delictum
1840 1378 1884 1404 bis

267 1429 405 1457 hominem
422 1418 549 1462 percutit.
569 1436 579 1452 ι
597 1426 638 1453 Ad
673 1426 755 1454 hasce
786 1426 889 1453 litteras
909 1426 1084 1454 Innocentius
1103 1427 1129 1454 in
1144 1427 1217 1455 hunc
1231 1428 1339 1455 modum
1357 1427 1499 1463 respondit
1515 1437 1522 1454 :
1544 1427 1684 1455 «Studium
1698 1426 1883 1461 diligentiam-

266 1483 320 1510 que
338 1479 454 1501 vestram
469 1473 517 1500 Dei
537 1473 696 1508 praascripto
713 1476 741 1499 et
755 1472 888 1500 voluntati
921 1477 1145 1506 consentaneam,
1172 1482 1253 1509 quam
1284 1478 1396 1509 propter
1425 1474 1511 1509 ipsius
1539 1481 1639 1502 nomen
1654 1473 1824 1506 declarastis,
1839 1481 1885 1500 ac-
1911 1499 1915 1503 ,

265 1522 390 1556 cepimus
412 1525 439 1548 et
461 1519 648 1555 probavimus.
683 1519 854 1554 Quapropter
885 1520 973 1547 sacris
1003 1527 1017 1546 a
1032 1519 1150 1548 vinculis
1167 1521 1253 1549 soluti-
1270 1522 1304 1549 ad
1337 1522 1413 1557 signa
1431 1521 1570 1549 Dominica
1592 1521 1761 1549 conﬁrmatis
1782 1521 1885 1548 animis

265 1566 398 1594 accedite.
419 1575 428 1592 ι
449 1565 524 1592 Ilanc
558 1565 594 1592 ob
607 1572 717 1592 causam
734 1565 851 1593 sollicite
873 1564 993 1599 cogitare
1027 1566 1111 1601 coepit
1139 1566 1271 1595 Arcadius
1293 1575 1347 1602 quo
1380 1571 1460 1603 pacto
1482 1567 1571 1595 virum
1601 1571 1726 1594 sanctum
1756 1573 1884 1601 n'agnam

267 1614 338 1640 hanc
359 1612 385 1638 in
402 1612 496 1638 urbem
511 1610 666 1638 reduceret.

301 1697 396 1722 Rebus
419 1697 510 1719 autem
527 1689 656 1717 humanis
675 1694 802 1724 exempto
825 1688 960 1721 Arcadio,
981 1688 1052 1716 [ilius
1065 1694 1087 1723 α

263 1743 324 1778 ejus
347 1738 529 1770 Theodosius,
544 1737 591 1772 qui
610 1736 644 1763 ab
668 1735 803 1770 elegantia
824 1734 981 1769 scripturae,
997 1742 1050 1768 qua

265 1787 449 1824 pulcherrime
469 1785 554 1812 libros
578 1781 718 1815 exarabat,
734 1779 924 1816 Calligraphus
944 1787 1050 1806 nuncu-

265 1839 344 1869 patus
363 1833 426 1864 fuit,
453 1837 540 1858 annos
565 1829 599 1856 55
625 1827 781 1862 imperavit.
806 1825 874 1853 Cum
896 1833 968 1860 equo
985 1832 1052 1852 cou-

264 1886 361 1908 seenso
377 1877 548 1913 profecturus
563 1874 654 1910 aliquo
666 1873 746 1904 foret,
756 1879 809 1899 una
820 1878 881 1898 cum
900 1871 958 1905 ipso
970 1870 1052 1897 colla-

266 1933 332 1960 psus
355 1930 427 1958 equo
443 1922 554 1956 fatoque
571 1919 682 1947 Iunctus
701 1923 754 1946 est.
777 1917 899 1951 Deiparaz
920 1915 1050 1950 templum

264 1972 293 1997 in
314 1967 513 2003 Chalcopratiis
527 1965 671 1998 exstruxit,
684 1963 757 1999 quod
774 1967 852 1990 antea
864 1961 1006 1996 collegium
1023 1965 1051 1987 et

263 2014 485 2043 conventiculum
494 2011 651 2039 Iudaeorum
663 2014 732 2037 erat.
745 2009 842 2036 Itidem
854 2007 931 2034 urbis
940 2013 1050 2033 murqu

263 2061 372 2095 longius
402 2057 537 2085 extendit.
564 2056 662 2090 Ingens
683 2055 734 2082 sub
762 2053 822 2088 ipso
852 2057 932 2079 terrae
960 2056 1050 2079 motus

265 2105 382 2137 exstitit,
402 2110 456 2136 quo
468 2106 497 2129 et
512 2101 585 2127 muri
600 2105 628 2127 et
642 2106 738 2134 magna
755 2105 817 2132 pars
831 2097 907 2124 urbis
923 2103 1049 2123 corrrue-

265 2155 341 2182 runt,
358 2149 471 2176 durante
485 2154 533 2181 per
547 2153 655 2172 omnem
670 2145 790 2172 vicinum
807 2150 901 2178 agrum
920 2142 971 2169 hac
985 2149 1049 2169 suc-

266 2194 394 2222 cussione
420 2191 470 2219 soli
486 2194 557 2218 totos
571 2195 626 2217 tres
647 2195 765 2216 menses.
782 2188 876 2222 Itaque
896 2185 1050 2221 patriarcha

267 2238 363 2266 Proclo
391 2241 421 2264 et
445 2236 612 2270 imperatore
638 2232 810 2261 discalceatis
838 2230 1051 2266 supplicationes

267 2282 483 2313 instituentibus,
501 2280 602 2308 accidit
616 2284 645 2306 ut
661 2287 729 2313 puer
749 2278 860 2312 quidam
878 2277 1050 2311 abriperetur

265 2329 293 2356 in
317 2335 378 2355 aera
395 2331 422 2355 et
445 2327 577 2353 rationem
594 2324 687 2361 hymni
704 2323 866 2351 sanctissimi
888 2320 1050 2348 concineudi

1141 1688 1218 1715 Μετὰ
1233 1688 1261 1714 δὲ
1278 1688 1423 1723 Ἀρκάδων
1450 1688 1609 1714 ἐϐασίλευσε
1630 1689 1768 1722 Θεοδόσιος
1783 1693 1797 1718 ὑ
1827 1694 1886 1724 υίὸς

1102 1733 1198 1767 αὐτοῦ,
1212 1735 1225 1760 ό
1237 1735 1286 1760 καὶ
1302 1733 1506 1769 Καλλιγρὰφος,
1521 1733 1568 1768 ἔτη
1585 1734 1641 1769 μβ’.
1653 1732 1737 1767 Οὗτος
1765 1737 1887 1770 ἐξελθὼν

1102 1778 1271 1813 ίππασθῆναι
1286 1779 1332 1805 καὶ
1360 1777 1508 1814 συμπεσὼν
1524 1778 1562 1814 τῷ
1587 1779 1663 1814 ἵππῳ
1682 1781 1727 1807 τὸν
1746 1781 1805 1816 βίον
1839 1793 1887 1810 τε·

1101 1825 1193 1860 λευτᾷ.
1213 1822 1296 1857 Οὗτος
1314 1825 1359 1852 τὸν
1375 1826 1404 1852 ὲν
1417 1826 1473 1856 τοῖς
1488 1825 1724 1861 Χαλκοπρατείοις
1752 1830 1802 1864 τῆς
1817 1830 1887 1857 Θεο-

1100 1870 1180 1896 τόκου
1201 1870 1263 1896 ναὸν
1279 1870 1383 1902 ἔκτισε,
1399 1863 1531 1905 πρότερον
1552 1870 1616 1898 ὄντα
1634 1863 1795 1908 συναγωγὴν
1816 1875 1889 1902 ἰου-

1101 1915 1193 1942 δαίων.
1214 1915 1295 1942 Ἀλλὰ
1318 1916 1365 1942 καὶ
1381 1916 1412 1941 τὸ
1426 1917 1515 1950 τεῖχος
1530 1916 1580 1951 τῆς
1606 1917 1709 1950 πόλεως
1725 1920 1887 1954 παρεξέὸα-

1101 1960 1154 1987 λεν.
1177 1960 1236 1994 Ἐφ’
1255 1968 1284 1986 on
1305 1961 1413 1995 σεισμὸς
1428 1961 1515 1994 μέγας
1529 1962 1646 1996 ἐγένετο,
1660 1963 1731 1990 ὥστε
1743 1967 1838 1992 πεσεῖν
1854 1968 1891 1992 τὰ

1101 2006 1178 2039 τείχη
1189 2006 1234 2039 τῆς
1247 2005 1350 2036 πόλεως
1363 2007 1409 2032 καὶ
1426 2005 1491 2032 πολὺ
1509 2006 1592 2040 μέρος
1604 2008 1701 2042 αὐτῆς.
1719 2008 1890 2044 Ἐπεκρὰτει

1101 2050 1129 2077 δὲ
1151 2052 1164 2077 ὁ
1187 2051 1298 2085 σεισμὸς
1319 2053 1367 2077 καὶ
1387 2051 1457 2077 κατὰ
1473 2052 1563 2079 πᾶσαν
1581 2052 1672 2087 χώραν
1693 2054 1782 2088 μῆνας
1797 2057 1889 2089 τρεῖς.

1101 2096 1168 2123 Τότε
1187 2096 1219 2131 δὴ
1239 2096 1299 2123 τότε
1322 2096 1370 2123 τοῦ
1386 2097 1556 2133 πατριάρχου
1582 2098 1704 2133 Πρόκλου
1724 2100 1772 2126 καὶ
1800 2101 1891 2128 αὑτοῦ

1101 2142 1147 2168 τοῦ
1160 2141 1292 2177 βασιλέως
1306 2142 1478 2169 ἀνυποδέτων
1489 2143 1695 2177 λιτανευόντων,
1709 2145 1811 2180 συνέϐη
1826 2156 1895 2174 παι-

1100 2187 1155 2214 δίον
1174 2188 1332 2222 ἁρπαγῆναι
1347 2189 1392 2215 καὶ
1413 2188 1459 2215 τὸν
1475 2189 1614 2224 τρισάγιον
1632 2189 1716 2224 ὕμνον
1735 2192 1894 2227 μυηθῆναι,

1103 2232 1151 2258 καὶ
1166 2231 1238 2258 οὕτω
1256 2231 1305 2266 τὴν
1331 2231 1406 2258 θείαν
1423 2233 1520 2267 στῆναι
1535 2233 1629 2268 ὀργήν.
1653 2234 1720 2261 Τότε
1746 2235 1796 2261 καὶ
1820 2236 1895 2263 Ἰου-

1101 2275 1175 2306 δαίας
1188 2276 1342 2311 παράλυτος
1359 2276 1520 2310 βαπτισθεὶς
1533 2277 1611 2312 ὑγιὴς
1622 2277 1732 2313 εὑρέθη.
1750 2278 1779 2305 '0
1793 2280 1896 2313 μέντοι.

1102 2320 1263 2355 διαληφθεὶς
1281 2323 1454 2357 πατριάρχης
1476 2322 1597 2356 Πρόκλος
1613 2323 1641 2348 ὲν
1664 2323 1777 2359 Κυζίκῳ
1795 2333 1898 2360 χειρο-

264 2373 446 2404 edoceretur;
465 2379 520 2405 quo
541 2371 613 2398 Iacto
635 2370 674 2397 ira
699 2369 791 2396 divina
809 2367 901 2396 sedata
920 2366 981 2394 Iuit.
999 2367 1051 2393 Eo-

1104 2367 1223 2393 τονεῑται
1242 2367 1375 2402 πρότερον
1391 2367 1438 2393 καὶ
1460 2367 1497 2402 μὴ
1512 2368 1616 2402 δεχθεὶς
1633 2369 1710 2404 παρὰ
1725 2369 1778 2395 τῶν
1794 2371 1897 2397 ἐκεῖσε

265 2424 327 2447 dem
357 2422 480 2452 tempore
508 2417 618 2444 Judaus
645 2416 756 2450 quidatn
787 2414 963 2450 paralyticus,
987 2407 1060 2439 cum'

266 2467 419 2498 baptizatus
443 2468 526 2495 esset,
552 2462 694 2490 sanitatem
721 2461 845 2496 corporis
867 2458 1049 2494 recuperavit.

265 2510 378 2538 Proclus
404 2509 448 2536 ille
476 2507 651 2543 pntriarcha,
670 2507 748 2541 cujus
773 2505 854 2532 modo
882 2504 1050 2530 mentionetn

265 2556 447 2588 Iacicbamus,
460 2554 550 2589 Cyzici
565 2555 681 2588 primum
695 2553 840 2587 episcopus
853 2555 913 2578 erat
927 2549 1050 2584 designa-

267 2609 327 2636 tus;
349 2603 429 2638 cujus
451 2602 486 2628 ab
504 2601 581 2627 urbis
606 2599 712 2626 civibus
735 2606 790 2625 non
806 2597 942 2624 admissus
957 2594 1050 2629 Cpolis

265 2649 351 2676 Iactus
360 2651 402 2675 est
415 2649 540 2674 antistes.
551 2645 659 2672 Exstitit
671 2645 714 2671 his
724 2643 790 2678 ipsis
803 2641 993 2676 annisjmpius
1005 2640 1050 2667 ille

265 2687 418 2726 Nestorius,
433 2692 505 2728 quod
519 2699 581 2719 cum
595 2691 656 2718 aliis
666 2698 713 2718 sex
726 2689 863 2725 opinionis
879 2687 1052 2715 consortibus

266 2740 355 2767 aiebat
369 2747 398 2767 se
423 2739 507 2766 duum
521 2736 642 2764 triumve
667 2736 802 2764 mensium
828 2735 913 2762 Deum
936 2733 1053 2768 probare

1104 2413 1298 2447 χειροτονεῖται
1327 2411 1454 2439 ἐνταῦθα.
1476 2412 1505 2438 '0
1529 2412 1556 2439 δὲ
1582 2413 1716 2448 δυσσεϐὴς
1737 2414 1898 2449 Νεατόριος

1104 2458 1152 2484 σὺν
1168 2457 1198 2490 ἓξ
1224 2457 1372 2492 ὁμόφροσιν
1388 2457 1470 2483 αὑτοῦ
1494 2457 1587 2491 ἔλεγεν
1614 2458 1656 2484 ὅτι
1675 2459 1828 2494 Διμηναῖον
1845 2461 1899 2487 καὶ

1103 2503 1265 2538 τριμηναῖον
1280 2503 1311 2528 οὐ
1336 2502 1452 2536 δύναμαι
1482 2503 1571 2536 λέγειν
1591 2504 1669 2531 Θεόν.
1689 2505 1819 2540 Ἰωάννης
1834 2505 1868 2532 δὲ
1884 2506 1899 2531 ὸ

1111 2547 1275 2582 Ἀντιοχείας
1291 2546 1360 2581 μετὰ
1371 2547 1420 2583 τὴν
1432 2548 1478 2574 τοῦ
1496 2548 1645 2583 Νεστορίου
1663 2549 1830 2585 καθαίρεσιν
1843 2559 1899 2577 κα-

1103 2592 1239 2625 ταλαϐὼν,
1260 2593 1307 2619 καὶ
1324 2592 1455 2627 λυπηθεὶς
1473 2593 1514 2619 ὅτι
1537 2594 1622 2629 χωρὶς
1638 2593 1720 2621 αὐτοῦ
1743 2594 1900 2631 καθῃρέθη

1104 2638 1262 2673 Νεστόριος,
1279 2638 1445 2673 παραλαϐὼν
1460 2639 1521 2670 τοὺς
1548 2639 1596 2665 σὺν
1615 2639 1689 2674 αύτῷ
1706 2641 1901 2673 ὲπισκύπους,

1104 2686 1132 2712 ὲν
1147 2682 1186 2716 οἷς
1203 2685 1250 2711 καὶ
1263 2683 1434 2719 Θεοδώρητο;
1450 2684 1541 2719 Κύρου
1561 2685 1607 2710 καὶ
1625 2685 1700 2716 Ίὸας
1712 2684 1727 2710 ὸ
1744 2685 1900 2720 Ἐδέσσης,

1107 2730 1267 2765 καθαίρεσιν
1278 2729 1443 2764 ὑπαγορεύει
1456 2729 1504 2756 τοῦ
1523 2730 1641 2764 μεγάλου
1655 2730 1805 2764 Κυρίλλου.

267 2794 320 2812 non
335 2792 425 2820 posse.
452 2783 502 2811 llic
535 2783 676 2811 Nestorius
700 2789 763 2808 cum
783 2781 837 2816 jam
866 2779 962 2807 ordine
988 2785 1066 2805 sacro
1085 2776 1183 2804 fuisset
1206 2776 1307 2808 motus,
1334 2774 1452 2803 Joannes
1475 2775 1664 2803 Antiochenus
1685 2776 1841 2810 episcopus
1863 2777 1903 2804 ad

269 2831 412 2858 concilium
443 2830 528 2862 ven-it,
555 2828 730 2864 graviterque
746 2826 866 2855 oll‘eusus
882 2824 954 2861 quod
971 2824 1073 2859 absque
1094 2821 1255 2850 auctoritate
1278 2828 1326 2848 sua
1355 2821 1495 2849 Nestorius
1510 2821 1608 2848 ordine
1631 2821 1755 2855 dejectus
1776 2821 1889 2849 fuisset
