1966 3075
117 123 170 155 493

733 128 935 158 ANNALIUM
957 128 1053 158 PARS
1074 128 1130 159 ιν.

1677 128 1729 158 494

116 182 163 208 τοῦ
180 180 307 216 Χριστοῦ,
320 182 367 208 καὶ
385 182 449 215 μίαν
467 183 548 217 φύσιν
561 183 641 210 αὐτὸν
658 183 717 211 ὅλον
731 181 812 212 εἶναι.
825 184 894 212 Καθ’

953 185 1050 219 synodo
1071 184 1172 212 Christi
1192 192 1291 220 c0rpus
1318 184 1433 212 alterius
1458 189 1487 212 ct
1505 183 1619 211 diversa:
1637 184 1728 218 pet-lu-

116 225 147 252 m';
163 227 296 261 πεποίηκε
311 227 426 262 τοπικὴν
447 227 553 255 σύνοδον
567 229 581 254 ὁ
598 230 733 264 μακάριος
747 230 895 262 Φλαϐιανὸς

117 273 267 304 ἐπίσκοπος
281 272 318 300 ὢν
329 273 534 310 Κωνσταντίνου
552 274 666 307 πόλεως,
680 274 803 301 καθελὼν
816 276 897 302 αὑτὸν

119 320 164 346 καὶ
177 319 272 354 ὁρίσας
292 319 433 353 όμοούσιον
457 321 523 354 ἡμῖν
540 318 611 347 εἶναι
625 321 655 347 τὸ
671 321 751 355 σῶμα
766 321 813 348 τοῦ
828 321 897 356 Χρι-

118 365 191 392 στοῦ.
206 364 270 392 Εἶτα
285 365 378 400 δέησιν
395 367 409 392 ὁ
429 366 550 402 Εὐτυχὴς
569 367 739 399 ἐπιδεδωκὼς
761 368 799 403 τῷ
822 369 899 403 βασι-

118 412 159 437 λεῖ
174 411 333 446 μετέπεισεν
350 412 442 443 αὑτὸν,
458 414 505 438 καὶ
523 413 773 448 μεταστειλάμενος
787 415 898 440 Διόσκο-

120 465 165 490 ρον
180 456 224 482 τὸν
238 456 285 482 τοῦ
297 457 416 490 μεγάλου
433 457 567 491 Κυρίλλου
584 457 706 492 διάδοχον
721 457 832 492 ἐποίησε
850 457 899 493 τὴν

119 503 147 527 ἐν
176 502 280 535 Ἑέέιῳ
305 501 335 527 τὸ
361 501 488 536 δεύτερον
517 502 627 529 σύνοδον
652 504 723 530 κατὰ
748 503 899 530 Φλαὸιανοῦ

119 547 167 582 τὴν
200 547 348 581 λεγομένην
375 547 540 582 λῃστρικὴν,
570 549 599 574 ἐν
671 548 819 579 κυλλωθεῖς
847 548 900 574 ἀπὸ

120 585 231 625 πληγῶν
257 592 271 617 ὁ
293 592 443 623 Φλαόιανὺς
470 593 605 619 ἀπέθανεν
631 592 661 625 εξ
679 593 778 620 αὐτῶν.
799 594 856 628 Ἐφ’
879 591 901 628 ᾧ

119 639 167 664 ’καὶ
189 639 303 672 γέγονεν
357 638 385 664 ἐν
402 638 554 672 Χαλκηδόνι
572 639 689 674 τετάρτη
707 639 816 670 σύνοδος
830 640 901 666 κατὰ

121 684 254 719 Εὖτυχοῦς
271 684 316 710 καὶ
333 684 490 718 Διοσκόρω,
504 684 618 711 εἰποῦσα
643 685 689 712 καὶ
704 684 794 718 τοῦτο,
810 695 819 712 ι
845 687 900 711 Κυ-

120 729 210 762 ρίλλου
228 729 353 763 αἰωνιιη
376 729 482 764 μνήμη.
500 738 509 755 ι
529 729 578 756 Διὰ
604 729 696 763 μέντοι
720 730 750 755 τὺ
772 729 902 765 καθαιρε-

120 775 198 809 Θῆναι
213 775 260 801 τὸν
276 775 420 809 Διόσκορον
435 774 628 810 διεσχίσθησαν
642 776 690 802 ἀπ’
707 775 829 810 ἀλλήλων
839 776 856 811 ἢ
872 773 901 802 τε

121 819 325 846 Κωνστιντίνου
345 820 421 852 πόλις
443 820 490 846 καὶ
507 820 522 854 ἠ
543 820 744 856 Ἀλεξάνδρεια.

948 231 1029 258 bebat
1044 239 1057 258 a
1071 236 1163 259 nostro
1181 239 1241 259 esse
1259 232 1429 264 substantiae,
1447 232 1569 266 adeoque
1588 231 1725 258 Christum

949 282 1034 304 totum
1052 278 1132 305 unius
1145 285 1204 305 esse
1220 283 1332 306 naturae.
1350 277 1445 312 Coegit
1464 278 1593 304 adversus
1610 285 1672 303 euttt
1690 277 1730 302 lo-

947 322 1033 349 calctn
1049 324 1181 358 synodum
1201 323 1298 350 beatus
1319 323 1364 350 ille
1382 323 1536 354 Flavianus,
1552 322 1644 356 Cpolis
1661 321 1730 348 anti-

948 372 1014 400 stes,
1028 367 1056 394 itt
1073 376 1127 402 quo
1141 368 1292 402 Eutychem
1306 367 1402 394 ordine
1417 369 1502 394 movit
1515 372 1542 394 et
1554 375 1615 394 esse
1628 362 1729 393 Christi

949 420 1050 447 corpus
1065 413 1185 448 ejusdem
1202 421 1264 440 cum
1285 417 1378 440 ttostro
1396 413 1557 440 substantia:
1572 417 1730 445 naturaeque

950 459 1082 486 decrevit.
1110 459 1217 491 Quibus
1241 459 1318 490 actis,
1339 458 1476 493 Eutycltcs
1497 458 1613 492 supplici
1636 457 1730 484 libello

934 504 1109 538 titttperatori
1130 504 1222 531 oblato
1245 505 1271 530 itt
1296 504 1376 530 alium
1401 512 1462 530 eutn
1484 503 1648 530 sententiam
1667 511 1730 538 pcr-

951 550 1038 576 duxit.
1056 549 1123 576 Nam
1137 550 1270 577 arcessito
1288 549 1427 579 Dioscoro,
1447 548 1536 583 tnagui
1552 548 1645 582 Cyriili
1666 556 1730 575 suc—

951 602 1077 628 cessore,
1112 602 1207 622 rursus
1235 595 1314 621 aliain
1345 594 1478 629 synodum
1508 593 1606 628 l'Iphesi
1635 599 1730 620 contra

953 639 1112 667 Flavianum
1131 639 1260 669 instituit,
1279 647 1339 674 qnze
1365 639 1503 666 latronum
1520 639 1666 665 concilium
1683 646 1731 672 an

953 685 1081 719 pellatur.
1097 685 1205 712 Etenim
1219 685 1281 712 istic
1297 685 1442 720 Flavianus
1459 685 1622 712 verberibus
1637 685 1733 711 multa-

954 736 997 758 tus
1015 736 1130 758 mortem
1147 730 1225 758 obiit.
1241 730 1315 758 llanc
1330 730 1365 757 ob
1379 737 1487 758 causam
1502 730 1734 758 Chalcedonensis

952 782 1050 811 quarta
1065 777 1186 813 synodus
1204 777 1335 805 adversus
1360 777 1510 812 Eulycltem
1526 781 1554 804 et
1574 776 1733 803 Dioscorutn

955 828 996 850 est
1009 828 1169 850 convocata.
1186 823 1215 850 In
1233 822 1284 849 hac
1299 822 1344 849 illa
1360 829 1469 857 quoque
1486 821 1569 848 verba
1589 826 1651 848 sunt
1670 829 1734 855 pro-

121 865 246 892 nuntiata
260 874 267 892 :
290 875 298 891 ι
316 865 430 894 ΑΞιοι-ηιι
447 865 601 894 recordatio
616 865 708 901 Cyrilli
720 870 790 894 esto.
807 876 815 892 ι
832 866 901 899 Quia
922 875 986 895 vero
1000 867 1146 896 Dioscorus
1163 866 1263 895 ibidem
1277 868 1374 895 ordine
1402 875 1478 894 sacro
1509 867 1732 898 submovcbatur,

120 910 233 938 divulsa:
258 916 323 938 sunt
343 919 357 937 a
374 919 403 938 se
423 911 540 938 invicem
561 911 652 945 Cpolis
671 916 700 938 et
724 911 899 938 Alexandria.

156 955 233 981 Μετὰ
245 955 272 981 δὲ
285 955 334 989 τὴν
349 955 479 989 τοιαύτην
492 955 626 990 τετάρτην
647 955 757 982 σύνοδον
771 955 900 983 ἔσπευδον

990 956 1053 983 Post
1072 956 1194 984 habitam
1213 961 1337 992 quartam
1357 956 1490 991 synodum
1507 963 1604 982 rursus
1622 955 1732 990 quidam

122 1000 198 1032 αὖθις
212 1009 285 1032 τινες
300 1001 384 1036 ἱερεῖς
408 1010 437 1027 τε
465 1002 512 1028 καὶ
527 1001 641 1036 μοναχοὶ
656 1001 686 1028 τὸ
699 1001 746 1028 τοῦ
765 1001 902 1036 Εὑτυχοῦς

121 1047 210 1080 δόγμα
229 1048 385 1082 ’συνιιστᾷνθ
410 1047 472 1074 ὅθεν
505 1049 519 1074 ό
547 1047 699 1082 τηνικαῦτα
727 1048 902 1082 χρηματίζων

122 1093 294 1128 πατριάρχης
317 1093 469 1125 ’Λνατόλιος
485 1093 666 1128 συμϐουλεύει
684 1094 821 1128 γραφῆναι
842 1094 902 1120 δυσὶ

123 1138 235 1173 χάρταις
252 1139 300 1164 καὶ
322 1138 486 1173 ἀμφοτέρων
511 1139 564 1165 τῶν
592 1139 684 1173 μερῶν
709 1139 743 1166 τὰ
769 1139 901 1174 δόγματα,

123 1186 170 1210 καὶ
196 1185 228 1219 τῇ
260 1184 375 1218 λάρνακι
402 1185 450 1219 τῆς
480 1185 723 1220 μεγιλομάρτυρος
761 1186 903 1220 Εὐφημίας

123 1229 307 1264 ἐμϐληθῆναι,
339 1230 386 1256 καὶ
412 1230 482 1257 οὕτω
507 1231 662 1266 δηλωθῆναι
685 1232 734 1265 τὴν
760 1231 901 1266 ἀλήθειαν.

123 1275 228 1301 Γίνεται
244 1275 340 1309 ταῦτα,
350 1276 396 1302 καὶ
409 1275 502 1310 θαῦμα
516 1277 667 1311 παράδοξον
682 1275 716 1311 ἦν
730 1277 794 1303 ἰδεῖν
806 1285 813 1292 ·
827 1277 902 1311 παρὰ

124 1322 177 1355 γὰρ
193 1321 255 1352 τοὺς
267 1321 350 1352 πόδας
364 1323 412 1356 τῆς
430 1322 511 1356 ἀγῦας
525 1322 690 1357 ἐρριμμένος
703 1322 802 1357 εὑρέθη
821 1323 834 1347 ὁ
849 1322 902 1348 τῶν

123 1366 330 1393 ἀντιδικούντων
342 1368 375 1402 τῇ
394 1367 508 1402 ἀληθείᾳ
524 1367 636 1403 χάρτης,
652 1369 665 1394 ὁ
680 1367 708 1394 δὲ
721 1368 813 1401 ἔτερος
828 1367 903 1401 παρὰ

123 1413 155 1446 τῇ
172 1412 244 1447 χειρὶ
258 1412 353 1447 αὐτῆς.

164 1503 225 1529 Ἐπὶ
252 1502 344 1537 μέντοι
367 1503 463 1529 τούτου
483 1503 531 1529 τοῦ
547 1504 708 1539 Μαρκιανοῦ
729 1506 777 1531 καὶ
791 1506 902 1540 Συμεὼν

123 1549 137 1574 ό
150 1548 235 1582 μέγας
251 1548 335 1583 ἐπέϐη
359 1548 406 1575 τοῦ
419 1549 516 1575 στύλου
530 1557 537 1565 ·
554 1549 736 1583 ἀκοινώνητος
751 1550 804 1585 γὰρ
821 1551 902 1586 μέχρι

124 1593 221 1619 πολλοῦ
234 1593 316 1628 ἔμενε
328 1593 372 1620 διὰ
386 1594 415 1620 τὸ
429 1594 568 1630 καταρχὴν
581 1595 709 1630 τοιαύτην
724 1595 901 1628 ἐνδείξασθαι·

125 1639 216 1665 πολλοὶ
230 1639 284 1674 γὰρ
300 1639 326 1665 οἱ
344 1640 534 1676 μεμψίμοιροι.

160 1775 236 1802 Μετὰ
260 1775 287 1802 δὲ
312 1776 471 1811 Μαρκιανὸν
488 1776 562 1804 Λέων
575 1778 590 1804 ὁ
605 1778 690 1812 μέγας
716 1771 764 1813 ἔτη
787 1783 823 1814 ιη’
837 1789 903 1815 κρα-

123 1822 209 1854 τήσας
223 1819 336 1856 τελέυτᾷ
352 1822 542 1856 δυσεντερικός
555 1830 562 1837 ⁶
577 1823 620 1857 ἐφ’
635 1820 664 1850 οὗ
684 1825 798 1859 σημεῖον
814 1825 903 1860 ἐφάνη

123 1867 153 1892 ὲν
186 1866 225 1900 τῷ
252 1867 370 1901 οὐρανῷ,
389 1868 486 1902 νεφέλη
516 1869 724 1905 σαλπιγγοειδὴς
759 1871 804 1897 ἐπὶ
834 1872 902 1906 ἡμέ-

125 1920 176 1945 ρας
200 1911 238 1946 μ’,
256 1913 305 1939 καὶ
319 1912 414 1946 ἒῦρεξε
438 1914 534 1940 σποδὸν
553 1914 583 1941 ἐν
605 1915 902 1950 Κωνσταντινουπόλει,

124 1955 264 1992 σπιθαμὴν
294 1957 325 1983 τὸ
346 1958 431 1992 πάχος
452 1959 576 1993 ἔχουσαν.
605 1960 660 1986 Καὶ
687 1961 787 1993 πάντες
816 1962 903 1988 ὲλιτά-

123 2010 209 2034 νευον,
224 2003 348 2036 λέγοντες
372 2003 413 2030 ὅτι
446 2004 502 2038 πῦρ
527 2002 562 2040 ἦν
583 2005 629 2032 καὶ
655 2007 687 2041 τῇ
712 2007 904 2044 φιλανθρωπίᾳ

122 2047 170 2073 τοῦ
184 2048 250 2074 Θεοῦ
264 2048 390 2083 ἐσϐέσθη.
407 2050 472 2076 Τότε
489 2051 535 2077 καὶ
557 2050 656 2086 Δανιὴλ
674 2053 687 2078 ό
705 2053 792 2087 μέγας
815 2054 902 2089 ἐπέϐη

123 2093 170 2119 τοῦ
187 2094 282 2120 στόλου
304 2095 333 2121 ἐν
347 2094 385 2128 τῷ
410 2096 545 2131 ’Λνᾱπλιμ
569 2096 635 2123 Τότε
649 2099 695 2125 καὶ
716 2099 732 2133 ἡ
747 2098 808 2125 οεία
822 2099 902 2134 ὲσοὴς

122 2139 171 2173 τῆς
188 2139 234 2166 τοῦ
251 2140 352 2175 Κυρίου
364 2141 474 2176 Μητρὸς
496 2137 671 2178 ἀνεκομίσθη.
688 2140 771 2175 Οὗτος
785 2145 799 2170 ὁ
816 2145 902 2179 μέγας

123 2185 199 2211 Λέων
212 2185 338 2212 ἐκέλευσε
352 2187 400 2218 τὰς
412 2187 555 2222 Κυριακὰς
578 2188 736 2223 ἀπράκτους
758 2187 829 2216 εἶναι
854 2191 902 2216 καὶ

123 2231 191 2263 μήτε
210 2230 322 2257 ἱππικὸν
347 2231 481 2258 τελεῖσθαι
508 2233 577 2267 μήτε
609 2234 727 2268 μουσικὰ
753 2235 830 2269 ἠχεῖν
855 2236 901 2269 δρ-

953 1001 1111 1030 sacerdotes
1137 1007 1164 1029 ct
1192 1002 1317 1031 monachi
1336 1010 1444 1029 summo
1469 1001 1561 1029 studio
1580 1001 1732 1028 doctrinam

954 1046 1085 1082 Eutycltis
1107 1047 1230 1075 stabilire
1246 1047 1414 1075 nitebantur.
1433 1047 1616 1080 Quamobrem
1630 1047 1732 1074 Attalo~

954 1093 1016 1126 lius,
1031 1093 1079 1128 qui
1098 1099 1153 1120 tum
1172 1094 1334 1128 patriarcha!
1352 1101 1465 1120 munere
1489 1093 1661 1128 fungebatur,
1683 1093 1733 1120 hac

953 1139 1061 1165 consilii
1077 1139 1162 1170 dedit,
1180 1143 1210 1165 ut
1230 1138 1298 1165 duas
1316 1138 1467 1165 in'eltartas
1488 1139 1632 1172 utriusque
1649 1138 1733 1172 partis

954 1179 1077 1219 dogmata
1091 1184 1327 1218 pchCI'ibercntur
1346 1189 1373 1210 ct
1387 1184 1413 1210 itt
1433 1192 1528 1210 urnatn
1541 1185 1647 1211 eximia:
1663 1191 1733 1210 ntztr-

954 1229 1020 1264 tyris
1043 1228 1199 1263 Euphemia:
1224 1229 1437 1263 conjicercntur,
1467 1236 1522 1262 quo
1552 1229 1654 1255 veritas
1682 1229 1734 1255 hoc

954 1279 1032 1309 pacto
1044 1275 1222 1301 clueesceret.
1232 1274 1301 1301 lluic
1313 1274 1426 1301 consilio
1440 1282 1501 1301 eum
1514 1274 1731 1308 obtemperatum

954 1320 1060 1351 fuisset,
1076 1320 1229 1354 prodigium
1247 1319 1384 1354 quoddam
1401 1327 1502 1346 novum
1515 1323 1543 1346 ct
1558 1319 1730 1354 inOpinatum

953 1369 1010 1392 erat
1027 1371 1157 1391 cernere:
1179 1371 1240 1390 nam
1258 1363 1480 1390 adversariorum
1500 1362 1624 1389 veritatis
1638 1361 1733 1388 charta

954 1410 993 1436 sie
1009 1404 1179 1444 repet'tay'est,
1193 1413 1222 1436 ut
1238 1409 1270 1435 ad
1283 1413 1384 1436 sancta:
1395 1408 1524 1443 martyris
1535 1407 1618 1442 pedes
1629 1407 1733 1442 abjccta

951 1454 1064 1489 jaceret,
1082 1454 1166 1491 altera
1183 1461 1246 1491 ver_o
1264 1454 1296 1481 ad
1311 1461 1419 1480 tnattum
1436 1454 1505 1488 eius.

989 1488 1126 1526 Marciani)
1144 1504 1275 1534 regnante
1293 1499 1411 1534 Sytueon
1431 1499 1475 1526 ille
1496 1506 1611 1534 magnus
1626 1498 1734 1525 colum-

955 1553 1015 1572 natn
1029 1545 1162 1572 ascendit.
1180 1545 1204 1572 Is
1223 1545 1303 1580 longo
1321 1550 1445 1579 tempore
1461 1544 1528 1571 nihil
1545 1545 1656 1572 omnino
1671 1552 1732 1572 cum

954 1591 1111 1618 ltominibus
1125 1590 1220 1617 habuit
1236 1590 1403 1622 commercii,
1419 1595 1562 1625 propterea
1575 1590 1646 1625 quod
1662 1590 1736 1625 ejus-

955 1637 1026 1664 modi
1057 1645 1113 1664 rcm
1141 1644 1238 1664 novam
1263 1637 1367 1671 primus
1390 1636 1567 1663 ostendisset.
1589 1637 1633 1663 Sic
1661 1638 1733 1664 enim

954 1689 1141 1717 comparatum
1159 1687 1201 1710 est
1219 1683 1246 1710 in
1274 1682 1357 1710 rebus
1382 1683 1511 1709 humanis
1535 1687 1564 1708 ut
1584 1683 1660 1709 tnulti
1679 1682 1735 1709 sitit

954 1729 1178 1763 reprehensores.

989 1774 1057 1802 Post
1069 1774 1234 1801 Marcianum
1252 1774 1305 1801 Leo
1320 1781 1433 1809 magnus
1447 1775 1562 1809 imperio
1579 1781 1627 1808 pcr
1643 1774 1672 1800 18
1688 1782 1735 1800 att-

955 1827 1004 1846 nos
1030 1819 1187 1854 potitus,ex
1211 1819 1404 1846 intestinorum
1430 1819 1511 1855 264
1529 1820 1623 1846 morbo
1651 1819 1732 1845 vitam

955 1865 1034 1892 tiniit.
1061 1865 1098 1892 Eo
1125 1871 1254 1899 regnante
1272 1865 1426 1901 prodigium
1445 1866 1471 1892 iu
1500 1865 1571 1893 coelo
1594 1865 1731 1900 quoddam

953 1911 1089 1945 apparuit,
1115 1911 1243 1938 nimirum
1274 1911 1361 1938 nubes
1389 1912 1459 1938 tuba:
1486 1910 1649 1943 consimilis,
1674 1918 1734 1944 qnzc

955 1961 1026 1983 totos
1051 1956 1086 1983 40
1108 1957 1167 1984 dies
1189 1957 1307 1984 duravit.
1327 1957 1423 1984 itidem
1446 1957 1521 1992 Cpoli
1542 1957 1634 1984 cinere
1655 1956 1734 1991 pluit,

954 2000 1032 2036 Cujus
1048 2001 1188 2028 crassities
1204 2001 1323 2036 palmum
1347 2001 1482 2037 :cquabat.
1505 2002 1610 2029 Idcirco
1628 2001 1733 2035 suppli-

953 2051 1043 2074 catum
1069 2048 1103 2074 ab
1129 2048 1268 2080 omnibus,
1293 2048 1365 2082 quod
1392 2048 1515 2075 dicerent
1543 2048 1631 2082 ignem
1662 2048 1735 2074 hunc

955 2093 1047 2126 fuisse,
1064 2101 1157 2120 verum
1172 2093 1341 2128 benignitate
1363 2093 1455 2121 divina
1478 2094 1643 2121 exstinctum
1662 2100 1731 2120 esse.

954 2138 1031 2165 Tune
1043 2143 1069 2166 et
1083 2146 1196 2173 magnus
1212 2139 1257 2166 ille
1272 2139 1401 2166 Danielus
1415 2140 1569 2166 columnam
1587 2139 1613 2166 in
1630 2139 1735 2174 Anaplo

953 2185 1124 2217 conscendit,
1144 2190 1171 2212 et
1189 2185 1281 2212 Matris
1305 2186 1412 2213 Domini
1430 2194 1506 2213 sacra
1522 2187 1606 2213 vestis
1628 2186 1734 2220 Cpulim

953 2235 994 2257 est
1009 2230 1099 2259 allata.
1115 2230 1171 2258 Leo
1186 2239 1301 2266 magnus
1314 2231 1405 2259 edicto
1420 2232 1492 2259 cavit
1508 2240 1542 2259 nc
1559 2232 1623 2266 quid
1642 2232 1734 2258 Domi-

122 2283 203 2307 γανση
222 2274 289 2301 ἀλλὰ
303 2275 406 2307 πάντας
421 2278 477 2307 τοῖς
495 2277 575 2309 θείοις
593 2278 796 2312 ὲνασχολεῖσοαι
813 2281 899 2311 ναοῖς.

953 2276 1023 2303 nicis
1034 2276 1132 2304 diebus
1145 2277 1236 2311 operis
1252 2276 1338 2309 tieret,
1351 2285 1418 2304 neve
1434 2277 1490 2304 ludi
1503 2278 1641 2304 circenses
1654 2285 1734 2311 pera-

121 2320 189 2346 Τότε
212 2320 255 2355 δὴ.
275 2321 334 2346 τότε
351 2321 425 2355 καὶὴ
447 2321 501 2347 τῶν
524 2322 667 2357 Ῥωμαῐων
687 2324 805 2350 παύεται
820 2324 900 2358 βασι-

120 2365 188 2392 λεία.
201 2366 357 2400 Σημείωσαι
370 2367 398 2393 δὲ
413 2367 453 2393 ὃτι
472 2367 524 2394 ἀπὸ
544 2367 684 2402 Ῥωμύλου
701 2369 803 2404 ἤρξατο
816 2369 898 2404 αὕτη,

121 2412 167 2438 καὶ
185 2411 254 2446 μετὰ
266 2409 315 2447 ρι’
333 2412 379 2438 καὶ
392 2414 416 2445 γ’
433 2411 479 2446 ἐτη
496 2413 524 2438 ὲν
546 2412 677 2448 Ῥωμύλῳ
688 2414 769 2441 πάλιν
790 2415 899 2442 πέπαυ-

118 2464 176 2488 ται,
203 2456 375 2491 κρατούντων
402 2457 491 2484 ἐκεῖσε
518 2459 588 2492 μετὰ
614 2459 701 2486 ταῦτα
728 2460 820 2496 ρηγῶν
852 2470 901 2496 με·

119 2501 255 2534 γιστάνων
291 2501 338 2528 καὶ
377 2502 435 2528 ὅσοι
468 2502 585 2531 τοιοῦτοι
620 2505 765 2541 χωράρχαι
796 2506 900 2542 βάρϐα-

121 2555 162 2581 ροι
177 2546 244 2582 (⁸2)-

158 2715 214 2751 (82)
238 2715 411 2757 l_l_ie__dcsinit
438 2717 506 2757 alter
530 2725 546 2757 _c
568 2718 785 2757 Claromonlanis
809 2721 897 2757 Glypa:

121 2759 186 2778 mss.
205 2751 357 2782 codicibus,
381 2760 436 2786 quo
465 2753 613 2786 plurimum
644 2755 684 2781 usi
709 2763 823 2786 sumus;
843 2751 897 2783 's'ed

123 2760 186 2778 mss.
205 2760 357 2782 coutctous,
401 2760 436 2778 uo
465 2760 613 2786 pturnnutn
644 2762 684 2781 usi
709 2763 823 2786 sumus;
851 2760 897 2783 sed

123 2786 254 2825 nonnulla
278 2785 360 2825 habet
381 2760 417 2813 (de
444 2792 547 2825 septem
566 2789 898 2825 synodisunivcrsalibus

122 2826 173 2849 suo
188 2819 316 2855 deinecps
339 2820 397 2849 loco
418 2819 482 2849 non'
495 2819 654 2851 omittenda.
679 2823 790 2852 Interim
807 2833 900 2854 monc-

952 2327 1092 2357 gerentur,
1105 2330 1173 2350 neve
1187 2323 1291 2350 musica
1308 2323 1486 2350 instrumenta
1504 2327 1674 2353 I‘CSOIlnl‘cﬂl.
1687 2323 1734 2349 sed

953 2375 1049 2395 omnes
1072 2368 1156 2396 rebus
1175 2367 1277 2395 divinis
1301 2369 1427 2403 occupati
1452 2373 1554 2395 essent.
1579 2368 1733 2395 Romanum

952 2414 1098 2449 imperiutn
1116 2414 1142 2442 id
1159 2414 1288 2450 temporis
1310 2422 1426 2450 prorsus
1440 2415 1603 2443 exstinctum
1622 2419 1648 2441 et
1666 2413 1733 2440 alto-

950 2460 1030 2487 litunt
1057 2465 1108 2487 est.
1132 2460 1221 2495 Atque
1246 2460 1292 2487 ltic
1320 2460 1388 2487 milti
1415 2460 1533 2492 notabis,
1556 2459 1620 2486 illttd
1645 2461 1732 2494 ipsunt

952 2505 1097 2540 imperium
1116 2513 1131 2533 a
1149 2506 1265 2534 Romulo
1280 2505 1387 2533 initium
1400 2506 1529 2533 habuisse
1544 2513 1576 2532 ac
1589 2509 1651 2540 post
1666 2505 1734 2532 1505

953 2559 1040 2579 annos
1055 2552 1149 2580 itidem
1162 2552 1213 2580 sub
1229 2552 1346 2579 Romulo
1365 2551 1489 2586 principe
1506 2551 1650 2578 defecisse.
1663 2550 1730 2577 Natn

953 2598 1082 2632 deinceps
1095 2597 1157 2625 istic
1171 2605 1260 2632 reges,
1274 2597 1413 2632 principes
1425 2597 1526 2632 aliique
1540 2596 1607 2623 tales
1623 2594 1732 2623 barbari

952 2646 1090 2690 certorum
1107 2643 1230 2669 locorum
1246 2642 1348 2670 domini
1365 2651 1455 2670 rerutn
1472 2642 1550 2678 potiti
1569 2647 1641 2669 sunt.

952 2722 1041 2749 bimus
1066 2722 1092 2749 in
1118 2723 1212 2750 codice
1230 2723 1250 2750 F
1266 2731 1319 2751 non
1346 2724 1377 2751 l8
1404 2725 1451 2751 sed
1477 2725 1508 2750 l7
1525 2723 1610 2751 Leoni
1628 2724 1730 2751 seniori

951 2765 1039 2793 annos
1064 2757 1157 2793 tribuiI
1181 2758 1240 2793 ejus
1265 2767 1331 2786 vero
1349 2767 1382 2786 ex
1416 2759 1468 2786 {ilia
1494 2760 1585 2792 nepoti
1614 2759 1733 2793 Zenonis

953 2791 1008 2830 tilio
1025 2792 1120 2831 Leoni,
1139 2789 1203 2821 non'
1218 2801 1305 2821 annos
1329 2794 1408 2826 duos,
1426 2795 1472 2822 scd
1499 2789 1582 2821 unum
1599 2789 1730 2822 duntaxat

951 2834 1096 2862 assrguart.
