1966 3075
233 134 285 166 495

854 142 1062 172 MICHAELIS
1083 144 1210 174 GLYt./E

1788 151 1833 183 496

220 218 223 221 ,
264 192 328 219 Post
344 191 461 219 Leonem
475 200 602 227 magnum
616 193 676 228 ejus
687 203 701 222 e
716 194 768 222 ﬁlia
782 204 876 230 nepos,
889 197 998 225 Zenoni:

1095 200 1172 227 Μετὰ
1197 202 1225 227 δὲ
1250 202 1344 228 τοῦτον
1369 204 1466 237 κρατεῖ
1491 203 1565 230 Λέων
1587 205 1600 230 ὁ
1623 203 1733 238 ἔγγονος
1757 207 1831 234 αὑτοῦ

227 238 334 264 oriundi
348 245 381 265 ex
397 238 499 265 Isauria
517 238 588 266 ﬁlius
600 239 666 272 Leo,
678 239 747 267 duos
760 241 847 268 annos
863 242 1007 276 imperium

228 283 326 310 tenuit.
341 283 446 318 Quippe
471 284 525 312 Leo
541 293 655 319 magnus
677 293 780 321 genero
804 295 865 317 suo.
881 286 1008 316 Ariadnae

227 328 287 354 tili:e
315 329 415 356 marito
445 330 554 358 Zenone
586 332 741 365 prmterito,
771 334 863 367 nepoti
898 334 1007 361 tradere

224 378 332 407 sceptra
353 373 461 409 imperii
487 375 594 402 maluit.
614 376 666 403 Sed
693 377 746 404 hoc
769 378 852 405 rebus
878 379 1007 406 humanis

223 423 359 453 rxempto,
381 424 457 453 pater
468 420 527 451 eius
542 421 615 448 Zeno
630 421 677 456 qui
693 427 721 448 et
738 422 821 451 lsauri
839 431 1005 459 cognomen-

222 471 279 491 tum
304 465 411 498 imbuit,
437 467 470 494 16
495 468 574 495 annis
593 468 748 502 imperavit.
771 470 950 505 Posteaquam
970 473 1003 499 ad

221 511 366 544 imperium
381 512 562 546 pervenisset,
579 513 685 541 insidiis
698 522 712 541 a
727 522 806 542 socru
823 515 921 542 Verina
936 517 1005 550 peti-
1032 519 1035 521 ‘

221 561 275 588 tus,
293 561 323 583 ιιι
336 557 385 591 qui
404 565 458 584 non
475 565 508 585 ex
524 559 584 593 ejus
599 560 733 587 sententia
750 560 894 596 imperium
915 562 1003 589 admi-

222 611 227 625 ι
241 601 362 631 istraret.
380 610 456 630 suam
471 603 498 630 in
512 604 626 638 patriam
642 605 704 640 fuga
718 613 747 633 se
762 607 888 634 contulit.
904 607 1004 641 Quam-

220 647 314 674 obrem
327 647 434 676 Vcrinm
450 648 536 676 frater
545 649 694 679 Basiliscus
708 651 816 679 duobus
830 652 909 679 annis
920 652 1003 680 rebus

221 691 340 724 przeruit.
358 692 407 720 llic
422 693 524 728 palatio
536 693 613 728 Cpoli
631 695 755 727 condito,
777 696 803 723 ἰιΙ
822 697 911 731 ipsum
928 697 1002 724 Basi-

220 737 279 763 lisci
292 738 420 771 palatium
430 739 610 774 nuncupavit.
618 740 718 768 Verum
729 741 844 774 imperio
855 741 1002 769 Basiliscus

219 783 397 820 perexiguum
412 784 445 811 ad
459 789 567 820 tempus
580 786 733 823 degustato,
757 786 875 814 Zenonis
888 786 915 814 in
927 791 1003 822 pote-

219 834 318 856 statem
340 830 426 862 venit,
443 832 488 865 qui
500 832 555 866 jam
578 839 706 860 reversus
722 841 755 860 ex
779 832 883 860 Isauria
901 833 999 861 fuerat.

220 876 312 910 Itaque
336 884 397 903 cum
422 885 507 904 uxore
533 877 678 912 quamdam
701 878 727 905 in
755 878 915 905 turriculam
933 885 1000 906 sane
1017 866 1038 894 Β

219 923 350 949 munitam
375 923 508 954 inclusus.
532 923 578 950 ubi
594 924 694 950 nemini
723 928 827 958 pateret
850 924 883 950 ad
911 924 999 959 ipsum

218 967 320 998 aditus,
333 967 403 995 fame
420 972 533 995 necatus
545 972 596 995 est.
610 968 683 995 Zeno
699 975 824 995 reversus
838 976 870 995 ex
884 969 999 1001 Isauria,

218 1021 267 1040 ceu
287 1013 417 1045 diximus,
441 1013 622 1046 llarmatium.
649 1014 696 1048 qui
721 1018 816 1040 contra
838 1014 999 1041 Basiliscum

218 1049 378 1094 adjutitento
395 1058 445 1095 ipsi
460 1057 560 1090 fuerat,
575 1063 662 1085 morte
678 1059 774 1086 multat
790 1063 918 1094 tanquam
939 1060 999 1087 heri

218 1105 259 1133 sui
275 1104 460 1138 proditorem;
477 1103 617 1132 Harmatii,
625 1111 690 1131 vero
709 1104 806 1135 lilium,
822 1105 1000 1139 quemadmo-

217 1151 282 1177 dum
305 1157 333 1177 se
358 1150 494 1178 facturum
515 1154 668 1184 receperat,
683 1149 818 1177 Cassarem
842 1155 927 1177 creat.
945 1150 997 1177 Sed

218 1203 271 1225 non
288 1196 374 1226 multo
391 1200 453 1230 post
477 1195 600 1222 crinibus
623 1195 708 1222 tonsis
725 1202 786 1221 eum
812 1195 854 1222 vel
881 1195 997 1222 invitum

215 1241 356 1277 Cyzicenis
372 1241 529 1276 pontiﬁcem
545 1240 631 1268 dedit.
646 1241 812 1268 Praedixerat
829 1240 894 1268 huic
912 1242 998 1274 impe-

217 1288 300 1315 ratori
315 1287 461 1322 aliquando
473 1286 584 1321 quidam
598 1286 751 1320 astrologus
764 1286 885 1313 futurum
901 1291 930 1312 nt
945 1294 996 1313 non
1020 1301 1024 1305 -

217 1335 302 1362 n-ulto
315 1338 375 1368 post
390 1337 552 1364 moreretur,
565 1337 592 1358 et
606 1339 716 1358 tuorem
731 1333 790 1367 ejus
806 1339 867 1361 cum
883 1331 998 1366 imperio

216 1379 346 1410 senatorii
360 1378 470 1413 quidam
484 1377 591 1403 ordinis
603 1376 752 1410 acciperet.
764 1376 819 1403 lloc
833 1377 877 1403 illo
888 1377 997 1411 cognito

216 1425 371 1459 complures
386 1423 444 1450 neci
461 1422 547 1454 dedit,
563 1421 609 1455 qui
627 1421 669 1449 vel
686 1421 865 1448 illustres—vel
884 1421 997 1455 Oplllen-

217 1471 300 1497 tiores
311 1473 414 1497 essent.
426 1468 526 1496 Verum
542 1466 686 1502 ignorabat
697 1466 809 1493 omnino
822 1473 850 1492 se
864 1473 926 1492 cum
942 1465 996 1492 Deo

215 1521 243 1543 et
257 1515 426 1550 providentia
451 1513 538 1547 ipsius
562 1519 694 1548 pugnare.
719 1510 825 1546 Quippe
847 1519 909 1538 cum
923 1511 995 1537 Zeno

216 1561 299 1587 vitam
315 1566 377 1586 cum
394 1562 482 1586 morte
499 1560 695 1586 eommutassct
715 1555 914 1590 imperiumque
932 1555 995 1582 reli-

215 1606 331 1641 quisset,
353 1605 384 1633 ad
411 1603 584 1632 Anastasium
606 1601 673 1629 illud
699 1601 806 1631 recidit.
834 1601 880 1636 qui
906 1601 994 1636 patria

215 1651 424 1687 Dyrrhachenus
447 1653 545 1679 eratet
567 1648 718 1684 Bipupulus
741 1647 908 1674 dicebatur:
933 1654 994 1673 nam

216 1697 378 1731 pupularum
387 1695 466 1730 265
483 1694 598 1720 alteram
616 1693 720 1727 nigram
736 1692 866 1724 habebat,
881 1691 994 1719 alteram

214 1742 369 1770 caeruleam.
392 1741 431 1768 Eo
456 1744 587 1775 regnante
614 1739 688 1766 circa
714 1737 842 1772 palatium
866 1737 996 1764 exstitere

213 1788 318 1818 lulgura
330 1791 358 1814 et
372 1785 502 1816 tonitrua,
515 1784 616 1819 quibus
630 1783 780 1818 imperator
793 1787 995 1813 consternatus,

214 1834 278 1861 hinc
295 1832 358 1859 inde
383 1830 539 1858 formidinis
561 1836 643 1856 causa
660 1829 807 1859 cursitans,
831 1827 948 1862 quodam
967 1826 994 1853 in

213 1880 340 1908 cubiculo
361 1878 470 1905 tandem
493 1884 527 1904 ex
552 1876 645 1903 divina
670 1875 792 1902 vindicta
814 1874 906 1909 periit.
927 1873 994 1901 Nam

212 1924 369 1952 cubiculum
386 1922 536 1956 collapsum
561 1920 640 1947 ruina
659 1927 708 1947 sua
726 1919 920 1954 imperatorem
946 1925 996 1952 op-

213 1970 313 2006 pressit
326 1974 354 1997 et
368 1968 510 1996 exstinxit.
522 1967 610 1994 Etiam
626 1966 697 2001 ignis
709 1966 736 1992 in
748 1966 818 1993 ctelo
832 1970 995 2000 conspcctus

211 2016 386 2048 seditionem,
403 2014 442 2041 uti
472 2012 582 2049 quidem
600 2012 719 2045 videtur,
745 2016 831 2038 ortam
857 2010 908 2038 sub
934 2010 994 2045 ipso

213 2062 400 2098 portendebat.
417 2060 525 2087 Etenim
541 2059 679 2094 logotheta
695 2065 756 2084 cum
774 2057 850 2085 urbis
865 2055 994 2091 praefecto

210 2110 287 2143 jussu
305 2106 477 2142 imperatoris
492 2111 642 2132 conscenso
664 2103 766 2136 Magna:
789 2101 919 2129 Ecclesiae
934 2109 992 2128 am-

212 2156 284 2182 bune
300 2153 357 2180 sive
374 2156 514 2187 suggestu.
531 2154 560 2176 nt
574 2148 778 2178 sanctissimum
792 2147 922 2182 hymnum
940 2154 993 2174 una

1060 247 1106 273 καὶ
1121 247 1178 279 υίὸς
1193 248 1315 282 Ζήνωνος
1334 247 1380 274 τοῦ
1395 248 1423 280 ἐξ
1445 249 1583 284 ’ῐσαυρίας
1599 250 1646 284 ἔτη
1663 250 1685 285 β’
1699 259 1706 266 ·
1722 251 1768 278 τὴν
1784 253 1830 287 γὰρ

1059 294 1104 320 ἐπὶ
1118 294 1235 328 Θυγατρὶ
1251 295 1332 321 αὑτοῦ
1353 294 1479 330 Ἆριάδνῃ
1490 296 1613 330 γαμϐρὸν
1627 297 1740 331 Ζήνωνα
1757 307 1830 333 παρι-

1057 339 1135 366 δὼνὸ
1151 340 1238 373 μέγας
1259 340 1336 366 Λέων
1357 340 1396 374 τῷ
1412 341 1514 375 ἐγγόνῳ
1529 341 1613 367 αὑτοῦ
1636 342 1669 368 τὰ
1694 343 1743 375 τῆς
1765 343 1832 377 βασι-

1058 384 1131 416 λείας
1158 385 1307 419 ἐνεχείρισε
1333 385 1470 419 σκῆπτρα.
1488 385 1564 412 Μετὰ
1592 385 1620 412 δέ
1648 386 1694 412 τὸν
1717 387 1831 413 τοιοῦτον

1057 429 1158 456 Λέοντα
1175 431 1268 464 Ζήνων
1285 431 1298 457 ὁ
1314 429 1405 464 πατὴρ
1423 429 1505 457 αὑτοῦ
1520 431 1566 457 καὶ
1584 432 1708 465 Ἶσαυρος
1725 431 1772 466 ἐτη
1788 431 1830 463 ις’.

1057 471 1141 506 Οὗτος
1166 475 1237 509 μετὰ
1263 475 1293 501 τὸ
1321 475 1479 510 βασιλεῦσαι
1510 476 1561 502 ὑπὸ
1591 476 1726 511 πενθερᾶς
1755 476 1832 503 αὑτοῦ

1056 519 1170 554 Βερίνης
1186 520 1389 551 ἐπιϐουλευθεὶς
1412 520 1450 552 ὡς
1470 520 1552 554 παρεϊ
1564 521 1676 555 γνώμην
1693 521 1776 553 αὐτῆς
1790 521 1831 555 βα-

1056 565 1192 598 σιλεύσας,
1208 567 1276 600 πρὸς
1292 566 1341 600 τὴν
1366 565 1449 593 αὐτοῦ
1473 566 1570 600 φεύγει
1591 566 1719 600 πατρίδα.
1735 567 1832 600 Κρατεῖ

1054 610 1147 637 λοιπὸν
1170 611 1185 637 ὁ
1202 611 1250 646 τῆς
1275 612 1390 646 Βερῑνης
1413 611 1528 645 ἀδελφὸς
1554 611 1715 642 Βασιλίσκος
1737 612 1785 645 ἔτη
1800 611 1830 646 β’.

1054 654 1139 689 οὗτος
1160 658 1187 683 ἐν
1205 657 1491 684 Κωνσταντινουπόλει
1515 657 1610 688 κτίσας
1632 657 1761 683 παλάτιον
1775 657 1832 683 ἐκά-

1053 701 1130 727 λεσεν
1156 699 1223 727 αὐτὸ
1251 700 1286 727 τὰ
1310 700 1486 727 Βασιλῑσκου.
1508 699 1538 726 ’0
1557 701 1647 734 μέντοι
1673 701 1829 731 Βασιλίσκος

1052 741 1130 776 οὗτος
1158 743 1244 779 βραχὺ
1273 744 1320 770 τοῦ
1351 744 1469 779 κράτους
1495 744 1664 778 γευσάμενῆς
1695 745 1830 779 χειροῦται

1053 790 1105 817 ὑπδ
1127 790 1252 823 Ζήνωνος
1274 789 1303 821 ἐξ
1325 788 1459 824 Ἰσιυρίας
1474 786 1506 815 αὖ
1519 789 1750 824 ὑποστρέψαντος,
1767 785 1831 824 πάρ-

1052 836 1139 870 γίσκῳ
1164 835 1192 861 δὲ
1214 834 1322 870 στερρῷ
1343 835 1392 860 σὺν
1411 835 1443 868 τῇ
1459 834 1572 867 γυναικὶ
1590 834 1674 860 αὑτοῦ
1691 834 1832 860 κατακλει-

1052 882 1125 913 σθεὶς
1149 881 1196 907 καὶ
1227 880 1322 915 μεῖνας
1349 879 1480 914 ἁπρᾶἲτος
1505 879 1578 914 λιμῷ
1606 879 1778 906 θανατοῦται.
1801 879 1830 905 '0

1052 928 1144 961 μέντοι
1159 926 1252 961 Ζήνων
1275 924 1451 959 ὑποστρέψας
1470 925 1586 957 ἐκεῖθεν,
1599 924 1637 956 ὡς
1653 924 1771 959 εἴρηται,
1787 927 1831 951 τὸν

1052 972 1101 1007 μὲν
1124 971 1281 1006 Ἁρμάτιον,
1306 970 1335 1000 ὃς
1360 969 1435 1004 αὕτῷ
1456 969 1526 996 κατὰ
1540 969 1703 996 Βασιλίσκου
1733 970 1831 1005 συνήρ-

1049 1026 1128 1052 γησε,
1147 1015 1253 1050 θανάτῳ
1267 1013 1450 1050 παραδίδωσιν
1468 1014 1506 1045 ὡς
1521 1014 1568 1041 τοῦ
1584 1014 1687 1042 οἰκείου
1700 1015 1828 1041 δεσπότου

1050 1062 1195 1098 προδότην,
1210 1060 1255 1087 τὸν
1266 1060 1294 1087 δὲ
1309 1060 1366 1087 υῑδν
1379 1059 1472 1092 αὐτοῦ,
1490 1058 1582 1090 καθὼς
1604 1059 1749 1094 ὑπέσχετο,
1765 1060 1832 1087 Καί-

1049 1116 1120 1142 σαρα
1136 1106 1337 1140 προσάλλετςηυ
1358 1105 1426 1140 μετα
1449 1105 1478 1132 δέ
1497 1106 1596 1140 μικρῆν
1619 1105 1731 1136 καὶτὰς
1747 1105 1829 1132 αὑτοῦ
1882 1121 1886 1124 -

1048 1154 1144 1188 τρίχας
1171 1151 1290 1186 ἐκκόψας
1318 1150 1450 1186 ἀρχιερέα
1474 1151 1638 1184 Κυζικηνοῖς
1663 1151 1709 1176 καὶ
1731 1151 1830 1178 ἄκοντα

1048 1200 1184 1233 ἐφίστησι.
1207 1198 1300 1232 Τούτῳ
1314 1198 1380 1223 ποτὲ
1394 1196 1433 1230 τῷ
1449 1196 1554 1231 βασιλεῖ
1577 1197 1708 1231 προεῖπεν
1734 1196 1829 1231 ἀστροσ

1048 1246 1129 1279 νόμος
1150 1252 1192 1275 τις
1203 1244 1243 1270 ὅτι
1264 1242 1343 1270 Μετὰ
1364 1242 1451 1277 βραχὺ
1467 1235 1608 1276 τελεντᾷς,
1622 1242 1670 1268 καὶ
1685 1241 1767 1268 αὑτοῦ
1780 1241 1829 1276 τὴν

1049 1288 1199 1323 βασιλείαν,
1220 1287 1264 1314 ναὶ
1290 1287 1343 1321 μὴν
1358 1287 1405 1313 καὶ
1419 1287 1469 1321 τὴν
1491 1286 1617 1313 σύνοικον
1639 1286 1708 1321 ἀνὴρ
1729 1286 1761 1312 ἐκ
1780 1286 1830 1318 τῆς

1049 1334 1202 1369 συγκλήτου
1222 1332 1348 1367 λήψεται.
1363 1331 1449 1359 Τοῦτο
1469 1331 1565 1367 μαθὼν
1588 1333 1602 1359 ὸ
1617 1331 1746 1366 βασιλεὺς
1767 1332 1831 1363 τοὺς

1047 1379 1155 1409 πλείους
1181 1379 1334 1411 ἀπώλεσεν,
1349 1378 1411 1407 νδσοι
1440 1387 1468 1404 τε
1485 1378 1609 1413 λαμπροὶ
1633 1377 1680 1404 καὶ
1704 1378 1762 1404 ὅσοι
1783 1377 1829 1403 τδν

1048 1426 1104 1460 βίον
1132 1425 1330 1459 εὐτυχέστεροι.
1361 1423 1430 1450 Ἀλλ’
1455 1423 1551 1450 ἔλαθεν
1578 1423 1675 1450 ἑαυτὸν
1701 1423 1741 1457 τῷ
1768 1422 1830 1456 Θεῷ

1048 1470 1155 1496 πάντων
1170 1470 1215 1495 καὶ
1232 1469 1265 1503 τῇ
1285 1469 1369 1495 αὐτου
1394 1467 1508 1502 προνοίᾳ
1530 1467 1684 1502 μαχόμενος
1697 1475 1704 1481 ·
1720 1466 1759 1497 ὡς
1773 1467 1830 1501 γὰρ

1007 1525 1031 1557 c
1046 1516 1059 1542 ὁ
1077 1515 1168 1548 Ζήνων
1194 1514 1270 1540 Ελιπε
1286 1513 1330 1539 τδν
1345 1512 1400 1547 βίον
1416 1513 1463 1538 καὶ
1487 1512 1517 1538 τὸ
1536 1512 1646 1547 κράτος,
1661 1511 1830 1544 μεταπίπτει

1046 1560 1080 1586 ἰὰ
1103 1558 1152 1593 τῆς
1167 1558 1305 1594 βασιλείας
1325 1558 1364 1588 είς
1385 1556 1573 1584 ’Δναστάεῖιον⁵
1593 1557 1697 1591 Κρατεῖ
1709 1556 1799 1583 τοίνυν
1815 1556 1831 1581 6

1047 1605 1219 1640 Δυρῤαχηνδς
1240 1603 1416 1633 ’Δναστάσιος
1437 1598 1515 1633 οὗτος
1531 1602 1579 1636 ἐτη
1603 1600 1656 1633 κζ’.
1674 1598 1757 1632 Οὗτος
1780 1602 1832 1635 μὲν

1046 1648 1093 1677 οὖν
1115 1650 1162 1676 καὶ
1184 1649 1291 1683 δίκορος
1315 1647 1441 1682 ἐλέγετο’
1464 1648 1515 1681 τὴν
1545 1648 1598 1682 γὰρ
1623 1647 1720 1682 ἑτέραν
1745 1648 1832 1682 κόρην

1047 1695 1140 1729 ἔτυχεν
1160 1694 1229 1729 ἔχων
1252 1694 1391 1728 μέλαιναν,
1409 1693 1597 1727 γλαυκόχρουν
1615 1693 1644 1718 δὲ
1670 1693 1720 1726 τὴν
1735 1692 1832 1726 ἄλλην.

1047 1740 1114 1766 Τότε
1127 1738 1160 1773 δὴ
1178 1738 1238 1765 τότε
1259 1737 1322 1772 περὶ
1334 1736 1364 1763 τὺ
1380 1737 1510 1763 παλάτιον
1536 1736 1675 1771 ἀστραπαὶ
1691 1737 1737 1762 καὶ
1752 1736 1835 1771 βρον-

1046 1784 1102 1811 ταί.
1119 1784 1175 1811 Καὶ
1195 1784 1208 1809 ὸ
1222 1782 1350 1818 βασιλεὺς
1371 1781 1447 1808 ἔνθεν
1464 1780 1591 1807 κάκεῖθεν
1608 1781 1652 1807 διὰ
1667 1780 1757 1818 ᾲφόδον
1781 1788 1834 1806 πε-

1048 1816 1231 1865 ριειλοῦμενος
1247 1829 1274 1854 ὲν
1294 1828 1333 1854 ἑνὶ
1352 1827 1407 1853 τῶν
1423 1826 1609 1861 mminit:me
1624 1827 1655 1861 τῇ
1666 1816 1731 1860 list;
1750 1833 1835 1861 περι-

1047 1875 1141 1902 πίπτει
1155 1874 1224 1909 ὸργῇ
1236 1881 1243 1888 ·
1265 1871 1431 1899 καταπεσὼν
1445 1872 1500 1906 γὰρ
1514 1869 1591 1902 οὗτος
1611 1871 1708 1906 νεκρδν
1724 1871 1834 1897 ἐκεῖνον

1045 1920 1201 1955 εἰργάσατο.
1222 1919 1278 1953 Ἐφ’
1295 1918 1326 1945 οὗ
1345 1918 1401 1953 πῦρ
1429 1917 1514 1952 ἐφάνη
1539 1917 1568 1943 ἐν
1587 1916 1626 1950 τῷ
1645 1915 1764 1951 οὐρανῷ,
1782 1924 1836 1950 ση-

1048 1965 1154 1999 μαῐνον,
1165 1963 1203 1994 ὡς
1219 1962 1301 1994 ἔοικε,
1315 1963 1364 1995 τὴν
1381 1962 1523 1995 γεγονυῖαν
1541 1960 1711 1987 ἀντίστασιν.
1730 1960 1760 1986 '0
1775 1961 1836 1994 γὰρ

1040 2007 1190 2042 ’λογοθὲτης
1205 2007 1251 2033 καὶ
1268 2006 1282 2032 ὁ
1300 2005 1418 2040 ἔπαρχος
1438 2004 1589 2036 ἀναϐάντες
1614 2005 1643 2030 ὲν
1659 2003 1696 2038 τῷ
1719 2004 1836 2038 ἆμὸωνι

1045 2053 1096 2088 τῆς
1110 2052 1231 2087 μεγάλης
1250 2051 1399 2084 ἐκκλησίας
1415 2050 1444 2083 ἐξ
1458 2049 1610 2084 ἐπιτροπῆς
1625 2048 1673 2075 τοῦ
1694 2048 1836 2084 βασιλέως

1045 2100 1094 2126 ἐπὶ
1102 2098 1140 2133 τῷ
1156 2098 1314 2132 ἐκφωνῆσαι
1328 2098 1359 2123 τδ
1373 2097 1513 2140 τρισάγιον
1532 2096 1601 2130 μετὰ
1619 2096 1667 2123 τοῦ
1683 2105 1692 2121 ι
1704 2096 1736 2122 '0
1749 2104 1838 2122 σταυ-

1047 2144 1143 2178 ρωθεὶς
1163 2143 1197 2170 δι’
1212 2144 1286 2177 ἡμᾶς
1316 2153 1325 2168 ιι
1355 2142 1448 2175 ελεγον
1466 2141 1570 2176 Ἡμᾶς,
1586 2142 1746 2176 ἀντιστῆναι
1767 2141 1835 2168 κατ’

212 2206 274 2226 cum
297 2199 374 2227 hisce
399 2186 490 2223 verbis
513 2194 727 2231 pronuntiaret:
750 2202 759 2218 ι
776 2193 827 2225 Qui
847 2192 994 2219 cruciﬁxus

1050 2190 1136 2217 αὐτῶν
1161 2189 1292 2223 ἐποίησιν
1318 2188 1364 2214 τὸν
1391 2188 1466 2214 λαόν.
1494 2187 1550 2213 Καὶ
1576 2187 1695 2220 τοσαύτη
1719 2186 1839 2219 γέγονεν

211 2248 253 2273 est
268 2249 379 2278 propter
391 2248 452 2269 nos.
468 2249 477 2266 I
499 2246 560 2267 cum
577 2237 694 2275 primum
708 2244 802 2263 vocem
816 2236 870 2263 Nos
885 2244 995 2272 expres-

211 2291 302 2320 sisset,
320 2286 451 2322 populum
471 2284 628 2311 universum
644 2283 776 2309 adversus
789 2289 818 2309 se
834 2282 993 2310 concitavit.

212 2333 354 2365 Tantaque
374 2329 441 2356 adeo
458 2333 514 2355 tum
532 2327 663 2361 temporis
679 2322 784 2353 exstitit
801 2326 942 2353 calamitas
961 2333 994 2352 ac

212 2384 304 2405 rerum
331 2374 511 2410 perturbatio,
530 2378 558 2400 ut
584 2371 699 2399 aediﬁcia
719 2371 851 2406 subjectis
877 2371 994 2398 llam-nis

210 2426 410 2455 exurerentur;
429 2419 526 2446 doctor
548 2417 656 2453 quidam
683 2412 713 2444 et
725 2417 794 2444 alius
824 2416 851 2443 in
868 2416 993 2444 columna

211 2467 260 2502 qui
290 2465 390 2497 stabat,
424 2464 498 2504 quod
527 2463 703 2498 imperatoris
735 2468 827 2497 partes
857 2462 993 2494 foverent,

212 2511 414 2541 occiderentur,
433 2512 462 2536 et
486 2508 596 2543 quidem
623 2506 777 2534 occisorum
800 2506 854 2540 jam
880 2513 994 2541 corpora

212 2561 477 2591 concremareutur:
496 2553 655 2588 imperatori
673 2552 792 2587 denique
807 2552 931 2579 convicia
946 2559 995 2579 co-

213 2611 271 2630 ram
295 2608 323 2630 et
348 2601 375 2629 in
400 2601 496 2634 faciem
518 2600 719 2634 ingererentur.
743 2597 821 2625 Vidit
846 2597 995 2631 aliquando

1046 2235 1153 2269 ἀνάγκη
1180 2235 1216 2265 ὠς
1234 2236 1281 2260 καὶ
1307 2234 1398 2263 οἴκους
1425 2232 1581 2267 ἐμπρῆσαι,
1602 2232 1650 2257 καὶ
1677 2231 1839 2266 ἡγούμενόν

1045 2288 1106 2306 τινα
1125 2280 1171 2305 καὶ
1194 2279 1321 2312 στυλίτην
1341 2277 1380 2312 τῷ
1400 2277 1533 2312 βασιλέως
1560 2277 1637 2310 μέρει
1657 2276 1838 2311 προσκειμέ-

1046 2334 1107 2357 νους
1125 2324 1263 2359 φονεῦσαι.
1280 2325 1327 2351 καὶ
1342 2324 1375 2350 τὰ
1397 2323 1513 2358 σώματα
1530 2321 1620 2347 αὐτῶν
1634 2320 1815 2347 κατακαῦσαι
1828 2328 1837 2335 ·

1046 2371 1114 2398 ἀλλὰ
1130 2371 1176 2397 καὶ
1190 2370 1235 2396 τὸν
1250 2369 1361 2404 βασιλέα
1378 2369 1418 2400 είς
1442 2369 1588 2402 πρόσωπον
1608 2365 1731 2401 ὕϐριζον.
1745 2361 1840 2395 οὗτος

1046 2416 1190 2450 ἄνθρωπον
1215 2412 1270 2441 εἶδε
1299 2414 1360 2441 κατ’
1382 2414 1450 2448 ὄναρ
1471 2411 1627 2447 κρατοῦντα
1648 2411 1765 2441 κὼδικα.
1784 2409 1841 2437 καὶ

1052 2462 1120 2496 πρὸς
1135 2461 1217 2488 αὑτὸν
1228 2460 1351 2494 λέγοντα,
1366 2459 1447 2485 ιῚδοὺ
1463 2458 1508 2485 διὰ
1523 2458 1572 2492 τὴν
1589 2455 1769 2484 κακοπιστίαν
1785 2463 1840 2481 σου

1046 2507 1190 2541 ἀπαλείφω
1215 2505 1262 2538 ἐτη
1288 2505 1318 2531 ιδ’
1339 2505 1389 2539 τῆς
1411 2503 1483 2537 ζωῆς
1506 2510 1564 2530 σου.
1585 2511 1594 2528 ι
1613 2502 1647 2528 '0
1667 2501 1699 2536 δὴ
1723 2500 1771 2527 καὶ
1786 2500 1842 2533 γέ-

1046 2559 1120 2586 γονε.
1133 2551 1182 2578 καὶ
1197 2551 1421 2585 ἁπτραπόσλητος
1435 2547 1557 2583 γεγονὼς
1580 2547 1704 2582 θνήσκει,
1719 2546 1791 2571 ἐτῶν
1807 2548 1842 2578 ςε

1046 2599 1093 2624 καὶ
1108 2607 1125 2630 η
1136 2615 1144 2624 .
1160 2594 1243 2627 οὗτος
1258 2596 1351 2622 ἔκτισε
1369 2595 1417 2630 τὴν
1435 2594 1596 2628 κινστέρναν
1611 2591 1763 2626 Μωκησίαν

213 2659 260 2686 per
273 2651 392 2686 quietem
406 2648 567 2676 Anastasius
580 2647 670 2674 virum
701 2646 866 2680 quemdam,
899 2646 946 2680 qui
980 2645 1105 2674 codicem
1134 2653 1215 2672 manu
1242 2648 1348 2672 teneret
1373 2651 1406 2670 ac
1434 2641 1590 2678 huiusmodi
1620 2640 1712 2668 verbis
1739 2639 1841 2671 ipsum

212 2685 407 2732 compellaret:
427 2705 437 2721 ι
453 2695 493 2723 En
525 2698 636 2730 propter
655 2692 717 2719 ﬁdei
750 2697 802 2719 tme
818 2693 1025 2729 perversitatem
1045 2699 1131 2720 annos
1158 2692 1193 2719 de
1215 2692 1271 2718 vita
1306 2695 1351 2718 tua
1376 2688 1585 2725 quatuordecim
1611 2687 1702 2714 deleo.
1718 2695 1727 2711 ι
1753 2685 1842 2717 Quod

212 2754 277 2774 sane
294 2745 424 2779 deinceps
433 2743 544 2771 evenit:
562 2749 622 2768 natu
638 2739 752 2768 fulmine
765 2744 854 2767 tactus
866 2741 995 2774 moritur,
1014 2748 1115 2768 annum
1132 2740 1219 2768 :ctatis
1233 2739 1267 2766 98
1284 2746 1377 2773 agens.
1410 2737 1565 2764 Cislernam
1600 2734 1744 2762 Mocesiam
1762 2740 1842 2760 con-

213 2794 292 2818 didit.

248 2839 285 2871 Ac
311 2838 511 2867 observandum]
540 2837 590 2863 hor
617 2837 676 2863 l-zco
701 2836 847 2868 nonnullos
873 2842 933 2862 esse
948 2836 995 2871 qui

1087 2833 1206 2860 Γὶνωσκε
1229 2832 1257 2863 δέ
1277 2831 1323 2858 καὶ
1348 2830 1435 2862 τοῦτο,
1452 2830 1492 2855 ὅτι
1509 2829 1580 2860 sivi;
1595 2829 1645 2863 μὲν
1662 2828 1766 2855 τουτονὶ
1789 2828 1843 2854 τὸν
