1966 3075
166 155 218 184 ΜΤ

781 158 986 189 ANNALIUM
1006 159 1104 188 PARS
1124 159 1180 188 ιν.

1725 162 1784 194 408

179 211 354 241 Λνπστάσιον,
371 210 460 245 ἔτερ-ι
480 211 507 237 δὲ
523 211 634 245 Ζήνωνα
651 211 759 247 κατόχῳ
779 213 944 248 συσχεθῆναι

998 213 1072 239 hunc
1099 212 1291 245 Anastasium,
1320 212 1388 239 alios
1412 212 1458 247 qui
1485 213 1623 240 Zenonem
1652 215 1784 242 comitiali

165 255 298 288 \o3ﬁttatt
330 255 450 289 λέγουσι,
478 257 524 282 καὶ
551 257 622 282 οὕτω
646 258 776 292 ταφῆναι,
806 258 854 284 καὶ
880 258 948 292 μετὰ

165 300 250 326 ναῦτα
278 301 371 334 φωνὴν
393 302 425 327 ἐκ
448 302 495 327 τοῦ
524 302 612 336 τάφου
639 303 772 338 προϊέναι,
789 301 842 329 εἷθ’
861 303 949 335 οὕτως

167 348 322 380 ἁνοιγέντος
338 347 387 373 τοῦ
406 348 546 382 μνήματος
559 349 707 383 εὖρεθῆνιι
722 350 785 380 τοὺς
802 349 961 384 βραχίονας.

165 392 246 418 αὐτοῦ
263 392 452 426 βεϐρωμένους
467 394 518 420 ὑπο
534 395 631 428 πείνης
647 395 713 428 παρ’
732 395 827 421 αὒτοῦ.
850 396 893 421 ‘Ev
907 396 946 428 τῷ

166 439 225 463 κατ’
246 438 394 472 ἀκρόπολιν
421 439 491 473 ἁγίῳ
516 440 597 475 Μηνᾷ
619 440 718 475 εὑρέθη
738 440 847 475 ὄρυγμα
873 441 901 466 ἐν
927 438 948 474 ᾧ

164 484 231 510 ὀστᾶ
249 483 385 517 γιγάντων
410 485 512 510 πολλά·
532 486 617 511 ταῦτα
636 487 650 512 6
668 486 797 520 βασιλεὺς
817 486 948 513 ’Δναστά-

165 537 222 560 ato;
236 530 315 564 χάριν
331 528 470 562 θαύματος
485 531 513 556 ὲν
527 530 565 564 τῷ
580 531 703 565 παλατίῳ
718 531 948 558 κατέθετυ.οὖτω

166 574 216 608 μὲν
233 574 279 600 οὖν
296 574 366 600 κατὰ
389 574 434 600 τὸν
459 575 536 606 ἅγιον
556 575 694 609 Μάμαντα
723 577 829 610 γέφυρα
853 575 888 612 ἦν
903 576 948 602 ἐπὶ

167 621 277 655 μεγάλῳ
304 621 430 655 ποταμῷ.
453 621 558 647 Ἐκείσε
575 620 621 648 οὖν
638 621 683 648 διὰ
708 623 739 648 τὸ
756 622 860 648 οἴεσθαι
885 622 949 656 δρά-

165 676 247 694 κοντα
264 668 410 699 κατοικεῖν,
425 667 455 692 ἐν
468 669 501 702 τῇ
520 667 628 702 γεφύρᾳ
650 668 782 701 δηλονότι,
796 668 947 703 παρθένους

166 713 212 739 καὶ
240 713 335 744 θυσίας
367 713 547 747 προτέφερον.
573 713 667 739 Ταῦτα
691 713 719 740 δὲ
750 715 844 749 Ζήνων
868 713 950 740 κατέ-

167 758 279 793 στρεψε.

201 805 320 831 Γίνωσκε
339 805 367 832 δὲ
394 805 435 831 ὅτι
462 806 476 832 6
505 805 630 840 βασιλεὺς
653 805 828 837 Ἀναστάσιος
851 805 898 832 καί
921 814 948 832 τι

165 851 308 878 κάλλιστον
319 848 374 885 εἷχε
390 852 447 881 τοῖς
461 851 544 877 αὑτοῦ
560 851 812 885 παραμεμιγμένον
830 850 925 881 κακοῖς
938 856 945 864 ⁴

165 897 213 922 καὶ
227 897 251 922 ει
277 895 314 930 μὴ
332 895 397 930 περὶ
420 896 451 921 τὸ
473 896 543 922 θεῖον
559 896 641 927 σέϐας
661 896 820 929 ἐσφάλλετο,
838 895 947 929 ἴσχυσεν

165 942 198 968 ἂν
223 941 255 967 τὸ
279 941 398 967 τοιοῦτον
426 940 508 967 καλὸν
541 941 651 968 πάντων
680 933 871 976 περιγενέσθαι
895 942 948 968 τῶν

166 987 272 1013 ἐκείνου
293 986 399 1013 κακῶν.
422 987 576 1021 Πρόρῤιξον
598 988 652 1022 γὰρ
670 987 807 1014 ἀνέσπασε
825 989 874 1022 τὴν
896 996 948 1013 κα-

167 1033 263 1066 κίστην
287 1033 389 1066 ταύτην
413 1032 567 1066 εἴσπραξιν,
602 1033 634 1067 ἣν
663 1033 806 1067 ἱστορῆσαι
831 1034 844 1059 6
870 1033 949 1066 λόγος

166 1079 316 1112 ἐπείγεται.
341 1079 430 1108 ’Ἅπας
461 1078 529 1113 ἀνὴρ
556 1079 603 1105 καὶ
626 1079 706 1113 γυνὴ.
727 1079 807 1113 κόρη,
823 1080 884 1109 παῖς
900 1080 948 1105 καὶ

168 1125 276 1160 βρέφος,
297 1124 403 1158 πτωχὸς
425 1123 568 1158 ἐλεύθερος
582 1124 628 1149 καὶ
651 1123 743 1154 δοῦλος
760 1123 830 1157 ὑπὲρ
845 1123 948 1149 σκυϐέι-

167 1170 219 1196 λων
241 1170 394 1204 κοπρηνῶν,
418 1170 531 1203 προσέτι
555 1169 583 1195 δὲ
613 1170 661 1196 καὶ
692 1168 792 1203 οὔρων,
809 1168 948 1203 ἀργυροῦν

167 1216 206 1250 τῷ
220 1215 325 1250 ταμείῳ
340 1215 511 1250 προσέφερον
531 1215 665 1249 νόμισμα.
683 1214 766 1241 Τουτὶ
780 1214 807 1240 δὲ
822 1214 852 1240 τὺ
865 1213 948 1248 βάρος

168 1263 213 1288 καὶ
230 1262 285 1292 τοῖς
302 1261 428 1295 κτήνεσιν
453 1261 544 1292 αὐτοῖς
560 1261 703 1286 ἐπέκειτο⁹
723 1259 794 1294 ὑπὲρ
813 1260 866 1294 γὰρ
883 1260 947 1286 ἐκά-

169 1316 232 1334 στου
247 1307 362 1342 κτήνους
387 1306 493 1339 φόλλεις
518 1305 547 1338 ἒξ
564 1306 578 1331 6
598 1305 737 1337 δεσπόζων
753 1305 946 1332 κατεϐάλλετο.

173 1354 204 1379 Ὃ
215 1353 302 1379 τοίνυν
326 1352 502 1382 Ἀναστάπιος
519 1352 651 1386 μοναχοὺς
674 1351 774 1384 ἄνδρας
788 1350 948 1386 εὐλαϐηθεὶς

168 1388 303 1430 ἐντεύξεις
320 1396 520 1431 ποιησαμένους
535 1396 603 1430 πρὸς
627 1396 708 1422 αὑτὸν
723 1396 753 1422 τὸ
768 1395 850 1430 βάρος
870 1395 948 1421 τοῦτο

169 1444 342 1471 παντάπασιν
366 1441 492 1468 ἐντεῦθεν
514 1441 653 1475 ἀπήλασε.
674 1441 780 1475 Κοάδης
795 1440 823 1466 δὲ
843 1441 857 1466 6
880 1440 949 1474 Περ-

168 1490 223 1516 σῶν
242 1488 368 1524 βισιλεὺς
392 1488 422 1514 ἐν
443 1495 496 1513 τινι
522 1488 645 1521 φρουρίῳ
665 1486 756 1518 λίθους
773 1486 882 1520 τιμίους
898 1493 948 1517 μα-

168 1536 221 1561 θὼν
234 1533 406 1564 ἀποκεῖσθαι,
422 1533 468 1560 καὶ
483 1533 654 1566 κωλυόμενος
670 1531 746 1566 παρὰ
760 1531 814 1557 τῶν
833 1531 861 1557 ὲν
874 1530 948 1568 αὒτῷ
961 1546 982 1575 c

168 1580 368 1609 κατοικούντων
389 1579 524 1614 δαιμόνων
542 1577 724 1605 ἀναλαϐέσθαι
745 1577 854 1609 αὐτοὺς,
872 1577 947 1612 πάσῃ

169 1626 324 1661 μαγγανεία
353 1625 499 1660 ἐχρήσατο,
535 1624 680 1654 Ἰουδαίους
708 1631 738 1649 τε
767 1623 814 1649 καὶ
844 1622 948 1653 πάντας

167 1673 263 1704 ἄλλους
278 1671 546 1708 προσκαλεσάμενος,
560 1671 608 1696 καὶ
622 1670 709 1700 οὐδεὶς
725 1669 754 1701 ἐξ
778 1668 867 1695 αὐτῶν
886 1667 950 1702 ἡδυ-

167 1719 236 1753 νήοη
259 1718 370 1752 ποιῆσαί
391 1725 428 1748 τι,
452 1716 530 1751 μόνος
557 1716 585 1741 δὲ
600 1716 615 1741 6
635 1716 723 1741 ἐκεῖσε
747 1713 947 1744 ἐπισκοπεύων,

167 1764 207 1799 τῷ
226 1763 331 1798 σημείῳ
344 1762 389 1789 τοῦ
408 1761 525 1796 σταυροῦ
543 1761 674 1793 ἐκδιώξπς
690 1759 799 1790 αὐτούς.
813 1760 866 1785 Καὶ
883 1759 948 1794 περὶ

169 1810 219 1845 μὲν
237 1809 338 1836 τούτων
353 1809 450 1840 οὕτως.

202 1927 279 1954 Μετὰ
305 1926 333 1953 δὲ
363 1926 541 1954 ’Δναστάσιον
565 1927 707 1957 Ἰουστῖνος
731 1928 744 1953 6
759 1926 832 1962 Θρᾲξ
851 1926 899 1960 ἔτη
914 1926 946 1953 θ’.

173 1973 230 2007 Ἐφ’
242 1969 272 2000 οὗ
286 1972 374 2007 ἀστὴρ
390 1973 476 2007 ἐφάνη
490 1974 519 1999 ἐν
532 1972 571 2007 τῷ
586 1973 693 2007 οὖρανῷ
708 1973 801 1999 ἐπάνω
820 1974 868 2006 τῆς
885 1972 949 2007 χαλ-

167 2018 218 2052 κῆς
233 2018 320 2052 πύλης
335 2017 382 2044 τοῦ
398 2018 548 2051 παλατίου,
566 2018 612 2043 ἐπὶ
629 2018 736 2052 ἡμέρας
759 2020 818 2050 κζ’,
839 2019 888 2044 καὶ
901 2017 947 2051 γέ-

166 2073 227 2098 γονε
257 2065 368 2098 σεισμὸς
396 2064 595 2099 φοϐερώτατος.
611 2065 667 2091 Καὶ
691 2065 707 2099 ἡ
735 2064 784 2098 μὲν
803 2065 949 2090 Κωνσταν-

165 2109 319 2140 τινούπολις
333 2109 362 2134 ἐν
373 2108 514 2142 διαφόροις
528 2108 623 2140 τόποις
637 2108 816 2142 συμπτώσεις
830 2108 947 2141 ὑπέμει-

165 2163 219 2187 νεν,
235 2155 252 2190 ὴ
264 2154 293 2181 δὲ
306 2154 411 2189 μεγάλη
436 2154 588 2189 Ἀντιόχεια
607 2154 682 2179 πᾶσι
700 2154 793 2188 σχεδὸν
806 2154 944 2188 κατεπόθη

998 258 1095 284 morbo
1122 263 1277 292 correptum
1301 262 1384 292 atque
1409 259 1444 285 ita
1469 259 1596 292 sepulcro
1623 261 1783 286 mandatum

998 302 1082 330 fuisse
1097 302 1216 329 tradant.
1231 303 1296 329 lude
1315 310 1408 329 vocem
1424 303 1458 329 de
1473 305 1600 337 sepulcro
1614 306 1783 337 exauditam,

980 356 1052 384 'quo
1070 349 1179 375 recluso
1202 349 1343 375 inventum
1364 349 1490 380 cadaver,
1507 350 1550 376 cui
1575 350 1686 377 brachia
1705 352 1785 378 dees-

997 399 1059 421 scnt
1073 394 1107 421 ab
1122 394 1238 428 ipsomet
1251 394 1380 420 nimirum
1396 402 1451 428 prae
1468 394 1538 421 fame
1551 394 1690 422 devorata.
1704 397 1782 430 Apud
1826 390 1830 400 ¹

997 443 1122 467 sanctum
1140 439 1246 467 Menam
1263 441 1289 466 in
1309 447 1382 471 arce.
1400 440 1459 466 solo
1477 440 1587 472 effosso,
1604 442 1782 468 subterranea

998 485 1154 513 concavitas
1171 486 1281 512 inventa
1298 489 1349 517 est,
1371 492 1423 519 qtta
1446 486 1530 512 multa
1555 487 1693 520 gigantum
1719 494 1781 514 ossa

998 531 1224 559 continebantur.
1240 531 1277 558 Ea
1293 531 1375 566 jussit
1391 531 1540 565 imperator
1554 531 1714 559 Anastasius
1730 532 1780 559 ad-

998 577 1156 605 mirationis
1172 584 1254 604 causa
1272 577 1299 604 in
1317 576 1418 611 palatio
1437 577 1579 604 collocari.
1597 577 1783 605 Consimiliter

997 622 1069 658 apud
1082 627 1206 650 sanctum
1221 622 1384 648 Mamantem
1397 622 1485 656 magni
1500 621 1620 649 ﬂuminis
1635 630 1702 657 pons
1713 628 1782 653 erat.

998 668 1050 695 sub
1067 675 1124 702 quo
1147 672 1228 701 ponte
1246 666 1319 702 quod
1345 667 1551 694 existimaretur
1567 667 1650 694 draco
1672 667 1782 702 quidam

997 713 1108 748 degere,
1124 713 1245 747 virgines
1262 713 1335 739 inter
1350 712 1419 739 alias
1437 712 1539 739 hostias
1557 713 1782 740 immolabantur.

998 759 1060 786 Hrec
1075 766 1151 786 sacra
1168 758 1242 785 Zeno
1255 758 1407 792 imperator
1422 758 1560 792 prohibita
1577 759 1698 786 sustulit.

1033 805 1122 832 Debes
1135 808 1226 831 autem
1247 803 1467 830 animadvertere
1483 803 1612 838 quiddam
1630 804 1709 837 longe
1724 805 1783 838 pul-

998 848 1166 875 cherrimum
1177 847 1205 874 in
1217 847 1269 875 hoc
1281 847 1446 882 imperatore
1455 847 1611 880 Anastasio,
1621 849 1782 882 permistum

997 894 1072 921 vitiis
1089 894 1159 928 ejus,
1171 893 1326 926 exstitisse;
1345 893 1419 927 quod
1438 894 1527 927 ipsum
1541 901 1606 920 sane
1623 894 1781 927 pra-clarum

997 940 1106 967 facinus
1120 939 1229 966 elevare
1253 938 1322 965 mala
1340 941 1439 965 cmtera
1457 938 1602 972 potuisset,
1620 939 1641 965 si
1659 939 1726 964 nihil
1754 939 1780 965 in

997 985 1072 1012 cultu
1091 984 1277 1019 religioneque
1289 983 1383 1010 divina
1397 984 1500 1010 erroris
1513 983 1635 1010 fovissct.
1651 983 1716 1010 Nam
1732 984 1780 1011 tri-

997 1031 1093 1058 butum
1131 1029 1269 1064 quoddam
1300 1021 1503 1062 iniquissimum
1536 1029 1666 1060 sustulit,
1703 1029 1782 1063 cujus

997 1074 1132 1101 rationem
1158 1080 1294 1108 exponere
1323 1073 1399 1101 libet.
1428 1073 1532 1107 Singuli
1559 1073 1780 1104 mortales.viri.

997 1121 1135 1153 mulieres,
1144 1120 1251 1154 puellae,
1264 1119 1351 1154 pueri,
1367 1119 1495 1152 infantes,
1506 1120 1636 1151 mendici,
1655 1119 1779 1154 ingenui,

997 1165 1078 1196 servi,
1094 1168 1334 1192 excrementorum
1357 1168 1561 1191 stercoreorum
1587 1168 1615 1190 et
1638 1164 1779 1190 urinarum

997 1210 1106 1236 nomine
1119 1217 1261 1236 nummum
1271 1214 1428 1244 argenteum
1438 1210 1536 1236 aerario
1551 1209 1716 1243 pendebant.
1735 1209 1781 1237 At-

997 1262 1051 1290 que
1068 1255 1141 1282 idem
1157 1255 1209 1281 hoc
1219 1262 1290 1281 onus
1305 1255 1371 1289 ipsis
1383 1254 1465 1281 etiam
1478 1254 1779 1288 jumentisimpositum

999 1303 1082 1326 erat:
1100 1299 1182 1334 266
1206 1307 1269 1326 nam
1293 1299 1428 1334 cujusque
1452 1299 1570 1334 jttmenti
1600 1299 1709 1326 nomine
1734 1306 1781 1325 sex

997 1343 1084 1375 oboli,
1095 1351 1164 1378 quos
1177 1344 1256 1371 folles
1272 1344 1422 1378 appellant,
1433 1351 1448 1370 a
1463 1344 1574 1370 dumino
1586 1343 1779 1378 exigebantur.

996 1389 1082 1424 Igitur
1098 1389 1258 1416 Anastasius
1272 1388 1347 1416 viros
1361 1389 1494 1423 quosdam
1512 1389 1642 1415 solitaria:
1655 1389 1717 1415 vita:
1731 1388 1781 1415 de-

997 1434 1070 1462 ditos
1085 1434 1233 1465 reveritus,
1251 1434 1298 1468 qui
1322 1433 1394 1468 apud
1421 1433 1510 1468 ipsutn
1527 1433 1597 1460 hanc
1613 1433 1649 1460 ob
1668 1440 1778 1460 causam

998 1481 1221 1512 intercesserant,
1239 1486 1311 1506 onus
1331 1479 1384 1506 huc
1413 1479 1441 1506 in
1467 1479 1626 1506 universum
1659 1479 1779 1506 sustulit.

996 1526 1064 1553 Erat
1087 1525 1132 1552 bis
1159 1525 1329 1559 temporibus
1354 1532 1402 1551 rex
1428 1524 1571 1551 Persarum
1593 1524 1710 1556 Coades,
1733 1524 1779 1559 qui

999 1577 1062 1599 cum
1078 1570 1106 1598 in
1122 1569 1237 1598 castello
1252 1570 1370 1604 quodam
1385 1577 1505 1605 gemmas
1517 1577 1578 1598 esse
1595 1571 1683 1604 magni
1699 1566 1781 1604 pretii

998 1616 1149 1649 didicisset,
1171 1623 1204 1642 ac
1225 1616 1373 1650 quominus
1402 1616 1443 1642 eis
1483 1615 1618 1649 potiretur
1635 1616 1669 1641 ab
1683 1614 1781 1641 incolis

997 1661 1050 1689 loci
1064 1662 1153 1696 geniis
1166 1661 1358 1696 impediretur,
1370 1659 1445 1687 omni
1466 1667 1566 1694 genere
1582 1660 1779 1694 prmstigiarum

998 1714 1065 1734 usus
1078 1711 1129 1734 est.
1147 1706 1214 1733 Nam
1227 1711 1255 1732 et
1269 1706 1378 1733 Iudaeos
1390 1708 1417 1732 et
1430 1705 1540 1739 quosvis
1554 1705 1621 1732 alios
1634 1705 1781 1732 arcessitos

998 1752 1161 1784 adhibebat;
1176 1758 1264 1785 neque
1281 1755 1372 1777 tamen
1386 1751 1496 1777 illorum
1512 1750 1655 1784 quisquam
1675 1750 1778 1784 aliquid

998 1798 1106 1826 ellicere
1127 1801 1245 1832 poterat.
1271 1796 1391 1824 Tandem
1420 1796 1534 1823 antistes
1557 1795 1617 1831 ejus
1645 1795 1696 1822 loci
1722 1795 1779 1822 solo

999 1844 1091 1871 crucis
1108 1843 1185 1878 signo
1199 1843 1293 1878 genios
1312 1842 1427 1877 expulit.
1442 1841 1482 1870 Ac
1497 1841 1530 1869 dc
1543 1841 1587 1868 his
1601 1840 1711 1876 quidem
1728 1841 1780 1868 hoc

998 1889 1079 1916 modo
1092 1888 1194 1915 dictum
1212 1893 1282 1915 esto.

1034 1934 1095 1961 Post
1108 1933 1282 1961 Anastasium
1295 1940 1383 1960 annos
1395 1940 1491 1960 novem
1505 1932 1631 1961 Justinus
1644 1932 1779 1959 oriundus

997 1986 1012 2006 e
1031 1978 1148 2005 Thracia
1167 1978 1302 2012 regnavit,
1321 1978 1373 2004 sub
1389 1985 1445 2012 quo
1466 1977 1543 2006 sidus
1567 1979 1595 2005 in
1612 1978 1682 2005 coelo
1697 1985 1779 2012 pecu-

996 2024 1064 2051 liare
1079 2028 1255 2058 conspectum
1271 2028 1313 2050 est
1345 2031 1426 2057 supra
1442 2029 1547 2058 portam
1561 2031 1659 2051 aeream
1676 2023 1778 2058 palatii,

998 2072 1071 2094 totos
1082 2068 1118 2094 ‘26
1130 2067 1200 2094 dies.
1214 2067 1302 2094 Simul
1316 2071 1396 2094 terra:
1412 2073 1503 2094 motus
1517 2068 1634 2095 maxime
1648 2068 1779 2095 formida-

997 2113 1061 2140 bilis
1078 2113 1189 2140 accidit.
1209 2112 1287 2147 Cpoli
1311 2113 1423 2146 quidem
1439 2113 1522 2140 variis
1541 2113 1568 2140 in
1583 2113 1650 2140 locis
1666 2113 1779 2140 aedificia

999 2163 1174 2190 corruerunt.
1191 2158 1257 2185 urbs
1269 2166 1335 2185 vero
1349 2159 1394 2185 illa
1411 2166 1508 2193 magna
1526 2159 1670 2186 Antiochia
1683 2167 1781 2194 prope-

165 2201 211 2226 καὶ
235 2200 320 2234 τάφος
349 2199 404 2226 τῶν
430 2201 583 2235 οίκητὸρων
610 2200 737 2233 ἐγένετο*
761 2200 825 2231 τοὺς
848 2200 877 2226 δὲ
907 2199 946 2226 ἔτι

998 2204 1110 2231 modum
1126 2209 1181 2231 tota
1201 2209 1279 2231 terra;
1294 2204 1370 2230 hiatu
1384 2204 1512 2239 absorpta
1527 2209 1570 2232 est
1583 2210 1610 2232 et
1624 2205 1778 2240 sepulcrum

165 2245 343 2280 ζῶντα;,πῦρ
358 2245 481 2272 κάτωθεν
503 2246 685 2280 ἀνερχόμενον
708 2245 886 2280 κατέφλεγεν.
914 2245 947 2271 ’Π

163 2291 191 2317 δὲ
223 2290 553 2326 Πομπηῑούπολις,μέσον
576 2291 700 2326 ἐῤῥάγη,
729 2292 776 2317 καὶ
805 2291 834 2316 τὸ
861 2291 946 2326 ἥμισυ

163 2337 248 2371 αὐτῆς
261 2335 399 2370 κατεπόθη
416 2336 485 2370 μετὰ
504 2336 558 2362 τῶν
573 2336 732 2369 οἰκητόρων.
753 2335 871 2361 Ἐσείετο
886 2335 914 2361 δέ
931 2336 946 2369 ἠ

163 2382 200 2416 γῆ
215 2382 337 2408 ἐνιαυτὸν
352 2381 423 2408 ὅλον.
437 2382 495 2408 ’Καὶ
511 2381 581 2416 γυνὴ
601 2381 630 2407 δὲ
645 2381 732 2416 ἐφάνη
750 2381 804 2406 ἀπὸ
819 2380 947 2412 Κιλικίας

163 2428 367 2462 γιγαντογενὴς,
381 2425 554 2463 ὑπερέχουσα
568 2427 723 2454 πάντα.ἇνθ
729 2435 821 2462 ρωπον
841 2426 947 2462 gmw

163 2473 253 2508 πῆχυν
269 2473 331 2503 ἕνα·
349 2471 383 2509 ἦν
396 2473 424 2500 δὲ
437 2473 486 2500 καὶ
501 2473 615 2500 πλατεῖα
635 2473 749 2508 σφόδρα.

196 2611 272 2640 Μετὰ
297 2609 326 2636 δὲ
353 2609 449 2636 τοῦτον
468 2597 658 2640 Ίουστινιανδς
683 2609 697 2635 6
725 2608 812 2644 μέγας
829 2607 877 2642 ἐτη
891 2607 942 2634 λθ¹.

161 2654 246 2687 Οὗτος
261 2656 276 2681 6
290 2655 418 2690 βασιλεὺς
435 2655 482 2682 καὶ
499 2655 552 2688 πρὸ
574 2654 624 2690 τῆς
649 2653 787 2688 βασιλείας
802 2653 883 2681 αὐτοῦ
899 2662 945 2687 φι-

161 2703 225 2733 λίως
243 2702 359 2729 διέκειτο
372 2701 440 2737 πρὸς
459 2701 606 2736 ’ῐνδέριχον
621 2701 694 2737 ρῆγα
704 2701 760 2728 τῶν
771 2700 943 2727 Οὒανδάλων.

162 2746 328 2778 Βασιλεύσας
342 2747 399 2780 οὖν,
412 2747 460 2774 καὶ
476 2747 630 2782 γράμματα
648 2745 797 2780 δεξάμενος
820 2746 861 2772 ὅτι
884 2746 944 2772 κατ’

162 2794 245 2819 αὐτοῦ
264 2794 277 2819 6
300 2793 417 2828 Γιλίμερ
445 2794 582 2828 ἐπανέστη
613 2792 661 2819 καὶ
687 2792 832 2827 κατασχὼν
863 2792 945 2819 αὑτὸν

166 2839 334 2874 δυνγαμετῇ
364 2839 408 2866 καὶ
438 2839 543 2871 τέκνοις
574 2839 604 2866 ἐν
635 2838 743 2874 φυλακῇ
773 2838 942 2871 κατέκλεισε,

998 2250 1149 2277 incolarum
1167 2249 1249 2276 facta.
1270 2248 1298 2276 Si
1313 2249 1360 2283 qui
1375 2249 1515 2276 restabant
1530 2250 1596 2281 vivi,
1612 2257 1660 2277 eos
1675 2258 1690 2277 e
1707 2254 1779 2277 terra

997 2302 1179 2330 prorumpens
1196 2293 1266 2328 ignis
1283 2294 1448 2329 absumpsit.
1468 2295 1670 2330 Pompeiopolis
1692 2296 1779 2323 media

996 2340 1102 2367 divulsa
1118 2345 1170 2372 est,
1195 2346 1312 2375 parsque
1329 2340 1414 2367 altera
1430 2348 1492 2367 cum
1510 2340 1712 2368 habitatoribus
1732 2340 1780 2368 abo

996 2389 1098 2420 scrpta.
1114 2385 1228 2413 Duravit
1243 2387 1300 2413 hate
1315 2391 1394 2413 terra:
1405 2387 1547 2414 succussio
1563 2391 1650 2414 totum
1665 2394 1778 2414 annum.

995 2432 1034 2460 Ex
1050 2431 1145 2460 G'licia
1160 2439 1270 2466 quoque
1287 2431 1386 2458 mulier
1401 2431 1527 2466 quaedam
1544 2432 1665 2464 advenit,
1679 2439 1778 2467 genere

996 2478 1137 2513 gigantum
1152 2483 1224 2509 orla,
1237 2485 1298 2511 quae
1313 2477 1403 2504 virum
1418 2477 1555 2511 quemvis,
1566 2478 1648 2504 etiam
1662 2478 1778 2505 maxime

995 2530 1153 2559 procerum,
1174 2530 1228 2549 uno
1249 2522 1344 2549 cubito
1368 2521 1527 2556 superabat,
1543 2523 1588 2549 cui
1614 2523 1777 2558 longitudini

996 2568 1138 2606 crassitlies
1150 2575 1261 2603 quoque
1275 2566 1468 2601 respondebat.

1032 2612 1151 2640 Secutus
1172 2616 1216 2639 est
1237 2611 1376 2639 Iustinum
1404 2612 1431 2638 in
1458 2612 1573 2646 imperio
1597 2619 1708 2647 magnus
1731 2612 1778 2641 ille

995 2658 1177 2690 Justinianus,
1194 2665 1282 2692 eoque
1297 2657 1331 2684 59
1347 2657 1428 2684 annis
1446 2662 1487 2685 est
1502 2658 1615 2691 potitus.
1630 2657 1678 2683 Hic
1693 2656 1775 2684 etian-

996 2707 1060 2730 ante
1075 2710 1158 2737 quam
1173 2706 1311 2736 regnaret,
1326 2709 1420 2730 amore
1432 2702 1664 2736 complectebatur
1675 2700 1772 2728 llinde-

995 2747 1102 2775 richum
1119 2746 1305 2775 Vnn‘dalorum
1322 2753 1423 2780 regem.
1441 2744 1613 2779 Quapropter
1631 2744 1776 2778 imperium

995 2793 1119 2827 adeptus,
1137 2799 1199 2819 cum
1211 2791 1319 2819 litteras
1331 2789 1483 2824 accepisset
1497 2789 1598 2824 quibus
1610 2789 1776 2824 signiﬁcares

997 2843 1040 2866 tur
1063 2837 1228 2866 Gclimerem
1245 2836 1375 2864 adversus
1398 2835 1474 2863 illum
1498 2835 1659 2864 seditionem
1685 2835 1777 2865 conci.
