1966 3075
148 152 202 182 Sil

793 151 1005 182 MICHAELIS
1024 153 1047 182 G
1054 153 1155 182 LYti/E

1715 149 1767 181 504

151 212 222 233 tuam
243 205 399 233 Solomonis
415 206 605 240 respicientem
623 206 650 233 in
671 210 838 233 exstructam
867 206 901 233 ab
920 213 948 233 se
968 206 1091 242 Magnam
1111 206 1260 234 Ecclesiam
1294 207 1341 234 Dci
1367 207 1559 241 maxillamque
1589 206 1671 241 269
1689 214 1766 236 suam

150 251 392 286 comprimentem;
414 252 496 287 269
509 259 562 285 quo
587 251 785 286 signiﬁcaretur
824 251 876 278 hoc
900 251 1016 278 aedilicio
1038 260 1114 279 nova:
1126 252 1320 288 Hierosolyma:
1337 252 1509 280 Solomonem
1524 259 1584 278 esse
1596 256 1765 285 superatum-

183 298 317 325 Cceterum
337 298 457 337 ecclesia:
469 304 625 325 sanctorum
638 297 832 332 Apostolorum
849 297 931 325 trulla
946 300 969 328 Α

150 345 238 378 lignea
255 344 390 371 versatilis
405 351 419 370 a
436 351 532 378 magno
547 344 657 377 quidem
675 343 853 370 Constantino
875 343 931 377 pris

152 395 225 414 mum
249 392 291 414 est
313 387 440 415 condita:
460 395 554 414 verum
570 392 597 414 et
613 387 730 421 amplior
745 387 814 414 facta
842 391 868 414 et
896 387 932 413 ita

151 438 288 460 exstructa
312 437 365 465 est,
385 434 421 460 uti
441 434 521 460 modo
553 433 733 467 conspicitur,
757 440 771 458 a
789 432 932 459 Theodora

152 478 297 506 Justiniani
312 478 436 513 conjuge.
459 479 541 506 Sacra
556 484 645 506 tamen
664 486 709 505 ara
735 483 877 512 propterea
892 486 935 505 rc-

154 525 217 551 licta
235 524 296 554 fuit,
316 524 387 558 quod
404 523 467 550 istic
480 523 649 550 venerabiles
664 523 879 558 patriarcharum
906 528 935 550 et

154 568 339 604 apostolorum
353 568 472 602 reliquie:
484 568 539 594 sint
552 568 680 595 conditae.
761 600 763 604 τ

189 611 262 638 Scito
278 611 371 642 etiam,
390 610 490 638 dilecte
509 611 556 643 tili,
571 611 671 640 festum
689 612 762 646 quod
776 613 934 648 llypapanta

155 657 256 683 dicitur
271 656 326 684 illis
338 657 456 692 primum
478 658 647 692 temporibus
668 659 823 686 institutum
840 658 934 690 fuisse,

155 703 227 737 quod
242 703 388 738 catteroqui
415 703 449 730 dc
471 703 583 731 Joannis
603 703 789 739 Chrysostomi
802 705 936 731 sententia

155 748 227 775 inter
239 748 306 776 festa
325 748 430 775 Domini
446 756 500 775 non
517 754 684 776 reccnsctur.
701 749 935 782 Quemadmodum

154 794 228 820 enim
253 801 299 820 sex
327 793 425 820 diebus
441 794 532 820 omnia
560 794 694 828 condidit,
722 795 760 821 sic
783 795 864 822 etiam
890 802 936 821 sex

120 846 124 854 ι
158 839 235 865 festis
251 846 282 865 ea
300 839 443 872 complecti
462 839 533 865 Deus
550 839 646 871 voluit,
674 847 735 874 quae
748 839 873 867 Christus
890 848 938 874 per

156 884 419 911 administrationem
435 884 460 910 in
476 892 556 911 carne
568 892 614 911 sua
631 885 731 913 eﬂ‘ecit.
746 886 782 912 Ea
798 894 862 913 vero
875 891 939 913 sunt

157 928 297 960 Nativitas,
318 925 483 962 Baptismus‘,
500 929 582 960 Crux.
602 930 802 962 Rcssurrectio,
828 931 939 958 Assum-

158 974 213 1007 ptio
231 977 258 1000 ct
286 973 523 1008 Quinquagesima.
553 975 647 1002 Restat
666 975 763 1002 festum
784 976 941 1011 septimum,
958 962 978 989 Β

157 1018 230 1052 quod
242 1026 350 1045 omnem
366 1019 520 1053 requietem
539 1019 662 1047 habebit.

193 1064 243 1092 His
259 1064 340 1092 annis
354 1065 435 1091 etiam
461 1072 536 1092 mare
563 1073 627 1093 suos
641 1073 779 1101 egressum
797 1066 898 1095 limites
908 1067 942 1094 ad

159 1108 210 1135 tria
224 1108 351 1136 milliaria
369 1116 464 1136 versus
478 1109 633 1143 Thraciam,
658 1111 729 1146 agris
748 1117 775 1139 et
788 1111 944 1141 hominibus

160 1153 252 1180 multis
269 1154 417 1189 oppressis.
433 1154 465 1181 ad
479 1154 537 1182 loca
552 1156 666 1189 pristina
680 1156 770 1184 rediit.
789 1156 888 1185 Secuta
901 1162 945 1186 est

159 1199 236 1231 (Ipoii
255 1203 329 1226 tanta
346 1203 455 1235 tamque
477 1200 536 1227 dira
553 1202 636 1236 pestis
651 1206 681 1229 ut
707 1203 807 1230 mortui
823 1203 943 1230 triduum

161 1245 288 1279 insepulti
306 1250 469 1277 manerent;
485 1254 536 1273 nec
551 1247 625 1274 enim
651 1248 704 1274 ulla
725 1255 754 1275 se
771 1248 814 1275 ria
840 1249 945 1276 ratiove

161 1290 311 1325 sepeliendi
334 1298 382 1318 eos
396 1291 532 1318 oll'erebat
547 1292 583 1319 ob
601 1294 775 1320 morientium
793 1294 946 1322 multitudio

161 1343 235 1362 nem.
251 1335 377 1363 Grassata
389 1341 430 1363 est
444 1338 584 1365 continuis
599 1337 674 1366 Julio
688 1343 715 1365 et
730 1339 854 1374 Augusto
870 1348 946 1367 men-

162 1380 250 1408 sibus.
262 1381 331 1408 Hinc
349 1381 449 1408 factum
466 1386 496 1408 ut
506 1387 617 1417 propter
638 1383 771 1411 cadavera
788 1388 843 1411 tota
870 1385 945 1420 regio

163 1427 281 1454 [αξιοι-ει.
293 1426 359 1453 Tam
373 1427 484 1461 copiose
498 1433 587 1454 autem
602 1428 726 1456 homines
738 1430 836 1464 passim
845 1431 948 1458 exstin-

164 1473 327 1506 guebantur,
347 1477 378 1499 ut
398 1473 545 1507 imperator
564 1474 638 1501 mille
657 1475 783 1509 grabatos
804 1483 835 1503 ac
847 1476 946 1503 ierctra

167 1517 225 1544 ﬁeri
237 1521 353 1549 curaret,
372 1517 471 1551 quibus
486 1518 617 1546 cadavera
634 1524 856 1552 exportarentur.
870 1520 946 1548 Prae-

167 1567 240 1589 terea
262 1562 401 1589 mandarit
420 1567 449 1590 ut
464 1563 575 1597 plurimi
592 1572 689 1591 currus
702 1572 734 1592 ac
753 1565 818 1592 muli
832 1565 947 1592 cadave-

1025 298 1055 326 Ἦ
1079 299 1107 326 δὲ
1122 301 1177 326 τῶν
1194 299 1279 333 ἁγίων
1302 300 1471 326 Ἀποστὸλων
1488 298 1621 333 ἐκκλησία
1647 298 1765 333 δρομικὴ

976 345 1163 380 ’ξυλότρουλος
1181 345 1293 379 ἐκτίσθη
1319 345 1350 371 τδ
1363 344 1495 379 πρότερον
1513 344 1589 377 παρὰ
1613 343 1659 369 τοῦ
1676 343 1764 377 μεγά-

984 390 1032 417 λου
1057 391 1276 422 Κωνσταντίνου,
1295 389 1467 425 ἐμεγαλύνθη
1478 389 1505 415 δὲ
1527 388 1574 414 καὶ
1601 388 1637 419 ὡς
1649 388 1705 421 ἔχει
1719 387 1765 413 νῦν

985 436 1195 470 κατεσκευάσθη
1220 437 1294 471 παρὰ
1320 436 1470 470 Θεοόὡρας,
1493 434 1624 468 γυναικὸς
1656 434 1766 459 Ὶουστι-

985 481 1087 509 νιανοῦ.
1107 481 1143 507 Τὸ
1167 481 1196 507 δὲ
1213 482 1290 514 ἅγιον
1312 480 1388 515 βῆμα
1414 481 1502 505 ὲκείσε
1525 480 1602 511 εἱὰθη
1619 478 1663 504 διὰ
1679 477 1713 503 τὰ
1737 478 1766 502 ὲν

986 527 1059 561 αὐτῷ
1074 527 1191 562 κείμενα
1210 526 1289 561 τίμια
1311 526 1426 560 λείψανα
1456 524 1636 559 πατριαρχῶν
1661 531 1690 549 τε
1719 522 1766 547 καὶ

985 567 1151 600 ἀποστόλων.

1023 616 1141 642 Γίνωσκε
1153 615 1191 648 δὲ,
1205 615 1341 649 ἁγαπητὲ,
1359 615 1398 640 ὅτι
1419 614 1480 640 κατ’
1503 614 1591 640 ἐκεῖνο
1607 613 1702 646 καιροῦ
1720 613 1767 638 καὶ

987 663 1003 697 ἠ
1030 660 1191 696 ’Υπαπαντῆ
1217 661 1392 697 ἐορτάζεσθαι
1409 660 1520 696 ἤρξατο,
1548 660 1608 693 ἣτις
1630 659 1701 685 κατὰ
1722 657 1769 683 τὸν

988 709 1200 743 χρυσορῤήμονα
1224 706 1349 741 Ἰωάννην
1364 707 1414 733 οὒκ
1442 706 1517 732 ἐστιν
1537 705 1695 739 ἐναρίθμιος
1706 704 1767 734 ταῖς

987 754 1166 783 Δεσποτικαῖς
1182 753 1297 786 ἑορταῖς.
1307 752 1350 783 Ὠς
1361 752 1453 785 γὰρέν
1468 751 1496 784 ἐξ
1509 751 1626 786 ἡμέραις
1638 749 1670 774 τὰ
1680 749 1770 774 πάντα

989 800 1128 832 ἐποίησεν,
1145 797 1217 824 οὕτω
1232 797 1278 824 καὶ
1293 798 1322 824 ὲν
1335 797 1365 829 ἕξ
1382 797 1492 832 ἑορταῖς
1507 796 1541 822 τὰ
1555 796 1606 829 τῆς
1633 794 1768 828 ὲνσάρκου

988 844 1141 877 οἰκονομίας
1154 843 1307 877 ἐπλήρωσε,
1320 845 1352 876 τῇ
1368 842 1505 876 Γεννήσει,
1522 841 1561 874 τῷ
1583 839 1769 872 Βαπτίσματι.

988 890 1027 924 τῷ
1042 888 1164 923 Σταυρῷ,
1191 889 1223 922 τῇ
1245 888 1415 920 Ἀναστάσει,
1434 888 1466 921 τῇ
1493 886 1637 920 Ἀναλήψει
1664 885 1710 911 καὶ
1735 885 1767 917 τῇ

993 934 1176 967 Πεντηκοστῇ.
1189 933 1318 959 Asinam
1339 932 1385 959 οὖν
1399 933 1416 968 ή
1431 931 1542 966 ἑϐδόμη,
1559 931 1587 956 ἑν
1635 929 1709 956 πᾶσα
1722 936 1772 954 κα-

992 979 1139 1010 τὰπαυσις.

1029 1064 1096 1092 Τότε
1110 1064 1158 1090 καὶ
1174 1064 1190 1098 ἡ
1208 1063 1331 1090 Θάλασσα
1353 1061 1500 1095 ἐξελθοῦσα
1523 1062 1578 1089 τῶν
1594 1062 1674 1097 ὁρίων
1687 1061 1773 1096 αὐτῆς

993 1110 1038 1137 ἐπὶ
1059 1109 1134 1144 μίλια
1149 1109 1212 1144 τρία
1225 1108 1292 1142 πρὸς
1305 1108 1340 1134 τὰ
1355 1108 1426 1143 μέρη
1438 1109 1488 1141 τῆς
1505 1107 1626 1142 Θρᾴκης,
1644 1107 1691 1133 καὶ
1707 1107 1772 1133 πολ-

993 1156 1042 1187 λὰς
1058 1155 1149 1190 χώρας
1165 1154 1212 1181 καὶ
1239 1153 1400 1188 ἀνθρώπους
1415 1152 1589 1184 ἀποπνίξασα
1607 1152 1771 1186 ὑπέστρεψε.

995 1201 1060 1228 Τότε
1071 1201 1098 1227 δὲ
1113 1201 1161 1227 καὶ
1172 1199 1314 1226 θανατικδν
1328 1198 1479 1233 ἀνθρώπων
1500 1199 1527 1224 ὲν
1548 1199 1774 1225 Κωνσταντινου·

996 1246 1071 1273 πόλει
1083 1245 1187 1279 γέγονε.
1202 1244 1334 1270 Τοσοῦτον
1347 1243 1375 1270 δὲ
1391 1241 1427 1278 ἦν
1441 1243 1512 1270 ὥστε
1544 1243 1635 1278 μένειν
1649 1243 1770 1277 ἀτάφους

995 1293 1058 1323 τοῖος
1077 1291 1297 1325 ἀποθνήσκοντας
1312 1289 1421 1324 ἡμέρας
1441 1287 1474 1322 γ’·
1502 1288 1563 1315 οὐδὲ
1577 1288 1632 1324 γὰρ
1651 1286 1685 1324 ἦν
1714 1289 1774 1320 ὁδὸς

995 1337 1039 1363 διὰ
1071 1336 1101 1362 τὸ
1134 1335 1235 1370 πλῆθος
1264 1334 1427 1360 θάπτεσθαι.
1456 1333 1666 1368 Ἐπεκράτειόδ
1687 1335 1776 1369 μῆνας

1003 1381 1111 1408 Ἰούλιον
1128 1381 1176 1407 καὶ
1189 1380 1353 1413 Αὔγουστον.
1375 1379 1518 1406 Ἐντεῦθεν
1539 1380 1586 1406 καὶ
1602 1380 1677 1406 πᾶσα
1705 1381 1721 1414 ἡ
1739 1380 1775 1414 γῆ

996 1427 1120 1458 ὲπώζεσε
1136 1426 1181 1452 διὰ
1197 1425 1231 1453 τὰ
1249 1425 1396 1460 πτώματα.
1412 1425 1548 1452 Τοσοῦτον
1563 1425 1592 1452 δὲ
1615 1427 1645 1452 τὸ
1672 1426 1776 1460 πλῆθος

996 1472 1050 1499 τῶν
1064 1471 1288 1506 ἀποθνησκόντων
1298 1468 1332 1505 ἦν
1344 1470 1414 1496 ὥστε
1425 1470 1527 1505 χιλίους
1541 1471 1713 1505 κρισὸάτους
1730 1471 1778 1497 τὸν

999 1518 1111 1552 βασιλέα
1126 1516 1236 1550 ποιῆσαι
1254 1517 1334 1550 χάριν
1349 1515 1396 1541 τοῦ
1412 1515 1631 1550 ἀποκομίζεσθαι
1665 1515 1777 1547 αὐτούς.

999 1564 1052 1590 Kal.
1066 1565 1094 1590 οὺ
1108 1563 1185 1590 τοῦτο
1197 1562 1286 1598 μόνον,
1302 1563 1369 1589 ἀλλά
1382 1562 1428 1589 καὶ
1443 1562 1552 1597 ἀμάξις
1569 1562 1699 1593 πλείστας
1726 1563 1773 1589 καὶ

167 1607 242 1633 libus
255 1607 351 1633 iisdem
365 1607 513 1635 efferendis
528 1610 676 1636 servirent.
694 1610 792 1636 Verum
805 1615 880 1644 peste
891 1618 948 1637 ma-

1001 1610 1126 1643 ήμιόνους
1155 1608 1285 1640 ὡσαύτως
1309 1608 1452 1635 ἐκέλευσεν
1475 1608 1522 1635 ἐπὶ
1550 1610 1584 1643 τῇ
1605 1609 1774 1643 μετακομιδῇ

167 1652 209 1686 gis
225 1653 307 1680 etiam
328 1654 512 1681 invalescente
527 1654 682 1688 complures
700 1655 727 1681 in
760 1655 839 1682 littus
855 1655 949 1690 ejicie-

167 1697 242 1727 δοιώ.
261 1696 294 1724 Ut
320 1705 375 1724 uno
401 1698 520 1733 denique
544 1699 629 1726 verbo
647 1707 704 1726 rem
725 1700 949 1734 complectamur,

168 1743 259 1770 nullus
271 1743 389 1771 restabat
405 1744 482 1771 locus
502 1744 528 1771 in
541 1753 595 1779 quo
607 1745 738 1772 cadavera
753 1750 807 1772 tam
829 1745 950 1773 fauentia

169 1795 223 1815 non
232 1789 364 1823 jacerent.
377 1788 463 1816 Simul
476 1789 605 1817 exstitere
618 1794 670 1816 tam
683 1790 818 1817 horrenda
831 1791 950 1818 tonitrua

169 1833 341 1868 fulguraque,
366 1838 395 1861 ut
414 1834 496 1862 etiam
521 1835 644 1863 nonnulli
661 1836 830 1863 dormientes
844 1844 952 1864 crema-

170 1883 277 1906 rentur.
292 1879 413 1907 Accessit
439 1884 520 1907 terra~
536 1886 626 1908 motus
639 1889 687 1915 per
706 1888 802 1908 omnes
815 1884 844 1909 se
862 1886 953 1916 partes

170 1924 245 1952 orbis
258 1926 424 1958 extendens;
436 1934 490 1960 quo
501 1926 615 1954 durante
627 1926 752 1954 civitates
764 1934 858 1954 omnes
871 1932 953 1961 atque

171 1971 294 2005 regiones
320 1971 348 1997 in
375 1975 448 1998 metu
471 1977 550 1999 erant
572 1979 606 1999 ne
635 1972 858 2000 absorberentur.
885 1972 954 2000 liinc

171 2023 278 2043 rursum
298 2016 331 2043 ad
347 2017 402 2043 duo
415 2017 538 2044 milliaria
552 2025 617 2044 suos
630 2022 706 2044 extra
723 2017 791 2045 lines
804 2025 877 2045 mare
893 2025 956 2052 pro-

171 2061 267 2093 currit.
285 2061 408 2095 alterque
423 2066 503 2088 terra:
517 2067 607 2088 motus
620 2062 716 2088 urbem
732 2062 792 2089 dies
810 2063 905 2089 decem
918 2063 954 2090 ita

171 2106 347 2133 suceussitut
370 2107 518 2140 imperator
535 2107 592 2139 ipse
613 2106 749 2133 Nataiitiis
771 2106 872 2134 Christi
897 2107 956 2134 sine

172 2159 271 2179 corona
285 2159 332 2185 per
343 2151 437 2178 urbem
454 2151 706 2178 incederet.Secnta
726 2152 809 2186 pestis
820 2153 884 2184 alia.
896 2160 956 2187 qua:

174 2197 237 2223 totis
256 2201 373 2231 quatuor
393 2196 534 2223 mensibus
549 2197 634 2224 nihilo
651 2197 746 2223 mitius
761 2205 810 2232 per
834 2198 956 2224 bubones

173 2242 273 2275 passim
293 2241 434 2269 universos
454 2241 606 2276 perimebat
629 2250 660 2269 ac
683 2242 758 2276 prior
776 2242 820 2268 illa
840 2242 953 2269 fecerat.

1000 1655 1089 1682 αὐτῶν
1102 1655 1260 1688 ὑπηρετεῖν.
1296 1651 1516 1689 Ἐπιτεινομένης
1531 1654 1560 1680 δὲ
1578 1653 1627 1687 τῆς
1656 1653 1778 1687 θνήσεως

1000 1701 1039 1731 είς
1057 1700 1101 1726 τδν
1115 1700 1235 1733 αἰγιαλὸν
1248 1701 1309 1732 τοὺς
1329 1700 1435 1730 πλείους
1449 1699 1587 1734 Ερῤιπτον.
1606 1699 1662 1725 Καὶ
1681 1699 1776 1729 ἁπλως

1001 1747 1098 1778 εἰπεῖν,
1113 1747 1196 1772 τόπος
1214 1746 1264 1772 οὐκ
1283 1743 1317 1778 ἦν
1334 1746 1362 1772 ἐν
1376 1741 1398 1779 ᾧ
1415 1745 1464 1771 οὐκ
1479 1745 1583 1771 ἐκειντο
1598 1744 1691 1778 νεκροὶ
1706 1745 1772 1770 ἁπο-

1002 1792 1104 1824 ζοντες.
1119 1792 1235 1826 Βρονταὶ
1251 1791 1278 1817 δὲ
1292 1792 1337 1818 καὶ
1352 1792 1494 1826 ἀστραπαὶ
1509 1790 1638 1817 τοσοῦτον
1651 1790 1782 1824 γεγόνασι

1003 1837 1117 1872 φοϐεραὶ
1134 1839 1204 1863 ὥστε
1219 1836 1267 1863 καὶ
1279 1836 1461 1868 χαθεύδοντάς
1475 1844 1551 1867 τινας
1569 1835 1714 1870 καυθῆναι.
1735 1836 1783 1861 Γέ-

1002 1891 1064 1916 γονε
1082 1882 1129 1909 καὶ
1149 1882 1260 1916 σεισμὸς
1277 1882 1466 1916 παγκόσμιος·
1490 1882 1576 1908 πᾶσαι
1609 1882 1662 1915 γὰρ
1690 1881 1783 1911 πόλεις

1003 1929 1050 1954 καὶ
1068 1927 1155 1962 χῶραι
1165 1927 1351 1962 καταποθῆναι
1365 1926 1545 1954 ἐκινδύνευον.
1562 1927 1645 1962 Καὶή
1661 1926 1783 1953 θάλασσα

1006 1973 1081 2007 μίλια
1098 1972 1120 2006 β’
1131 1971 1280 2006 παρεξέῦη.
1299 1973 1430 2006 Δεύτερος
1454 1970 1533 2003 αὖθις
1551 1972 1662 2005 σεισμὸς
1677 1972 1784 2006 ἡμέρας

1004 2018 1081 2048 δέκα,
1096 2018 1130 2044 δι’
1147 2018 1208 2043 ὅλου
1243 2017 1334 2046 σείων.
1357 2017 1393 2047 ὡς
1420 2017 1529 2043 καὶτὸν
1560 2017 1674 2051 βασιλέα
1699 2017 1785 2051 χωρὶς

1006 2062 1167 2096 nimum:
1176 2061 1289 2087 διελθεῖν
1300 2062 1350 2095 τὴν
1359 2060 1404 2087 τοῦ
1419 2061 1538 2096 Χριστοῦ
1550 2049 1653 2094 is»;va
1724 2049 1801 2094 pavr

1008 2108 1070 2133 ”Ι⁴2τε
1077 2115 1122 2141 ρον
1131 2106 1275 2133 θανατικὺν
1290 2107 1321 2132 ἐκ
1336 2106 1471 2140 βουϐῶνος
1481 2107 1637 2142 διαφθεῖρον
1651 2107 1786 2138 ἅπαντας,

1006 2151 1055 2186 οὐχ
1080 2148 1160 2186 ἦττον
1185 2151 1232 2177 τοῦ
1259 2151 1405 2185 προτέρου,
1444 2151 1532 2185 μῆνας
1565 2152 1596 2177 δ’.
1626 2153 1680 2178 Καὶ
1706 2153 1788 2178 πάλιν

1007 2197 1035 2220 ὲν
1062 2195 1211 2231 Ἀντιοχείᾳ
1238 2194 1348 2228 σεισμὸς
1378 2195 1424 2220 ἐπὶ
1455 2194 1532 2229 ὥραν
1563 2195 1640 2228 μίαν,
1674 2196 1720 2221 καὶ
1747 2204 1789 2229 χι-

1008 2240 1096 2267 λιάδες
1116 2242 1135 2264 ε’
1157 2239 1354 2273 συνεπόθησαν.
1383 2240 1438 2266 Καὶ
1463 2241 1486 2266 εἱ
1509 2240 1546 2274 μὴ
1563 2240 1698 2266 κατὰ-τὸν
1718 2240 1790 2266 δνειο

173 2288 272 2315 iterum
289 2296 397 2323 quoque
413 2292 492 2315 terrae
507 2292 597 2314 motus
621 2287 794 2314 Antiochiam
819 2287 948 2321 corripnil

1009 2294 1054 2319 ρον
1091 2285 1120 2311 ὃν
1151 2282 1205 2310 εἶδέ
1233 2293 1285 2316 τις,
1327 2284 1450 2319 ἔγραψαν
1483 2273 1514 2311 ὲν
1541 2273 1599 2316 τοῖς
1627 2285 1788 2320 προθύροις,

173 2333 206 2360 ad
225 2334 304 2360 unius
321 2334 394 2361 hora:
410 2334 536 2368 spatium.
552 2341 607 2368 quo
622 2333 741 2367 quinque
758 2333 840 2359 millia
864 2333 951 2359 homi-

175 2386 238 2405 num
254 2386 305 2405 una
320 2383 381 2406 sunt
398 2378 538 2413 absorpta.
554 2378 657 2410 Quodsi
681 2378 714 2404 de
735 2377 833 2404 somnii
857 2377 953 2410 cujus-

1010 2340 1018 2356 ι
1042 2330 1156 2364 Χριστος
1180 2329 1240 2363 μεθ²
1257 2329 1346 2364 ἡμῶν,
1368 2330 1475 2365 asins"
1494 2331 1598 2365 πᾶσαὴ
1618 2331 1700 2376 πόλις,
1722 2339 1789 2356 συν-

1009 2375 1109 2410 εχώθη.

174 2427 236 2452 dam
261 2426 409 2454 sententia.
435 2426 508 2460 quod
531 2425 654 2453 oblatum
687 2425 770 2451 alicui
787 2431 836 2458 per
869 2423 988 2458 quietem
1011 2423 1112 2454 luerat,
1129 2422 1156 2449 in
1174 2423 1272 2450 :edium
1299 2423 1441 2450 vestibulis
1467 2423 1525 2450 inec
1551 2423 1631 2451 verba
1655 2431 1710 2452 non
1728 2431 1792 2459 per-

175 2472 367 2507 scripsissent:
390 2482 399 2498 ‹
417 2473 542 2500 Christus
559 2473 712 2503 nobiscum,
728 2475 809 2501 state.
828 2479 837 2496 ι
856 2470 954 2498 civitas
975 2470 1102 2496 universa
1119 2469 1207 2497 ruinis
1221 2477 1352 2504 oppressa
1368 2470 1474 2497 fuisset.

209 2522 291 2557 27o
305 2521 473 2556 Conspectus
495 2524 537 2548 est
556 2524 584 2548 et
611 2524 732 2547 cometes
751 2519 783 2546 ad
799 2518 958 2545 vicesimum

177 2576 262 2603 usque
276 2567 360 2599 diem,
375 2575 464 2602 neque
477 2574 575 2602 magno
593 2565 723 2599 temporis
739 2564 884 2599 interjccto
895 2571 960 2598 spa-

179 2614 216 2641 tio
232 2613 322 2641 sidera
336 2612 394 2639 visa
407 2616 471 2639 sunt
486 2619 500 2639 a
516 2619 629 2646 vespera
648 2617 735 2644 usque
750 2609 783 2636 ad
796 2608 961 2635 matutinum

179 2665 287 2694 tempus
300 2657 489 2689 discursitare,
515 2657 550 2684 ita
566 2661 597 2684 ut
615 2664 710 2684 omnes
729 2663 760 2683 ea
777 2654 904 2681 decidere
919 2653 961 2680 di-

178 2709 282 2732 cerent.
298 2703 401 2732 Deinde
415 2704 454 2730 sol
470 2696 574 2738 absque
591 2702 673 2729 radiis
687 2702 773 2730 instar
786 2702 859 2730 lunae
874 2701 961 2728 fulsit.

179 2749 261 2777 Venit
273 2750 299 2777 id
323 2749 455 2784 temporis
483 2748 516 2775 ab
534 2747 677 2775 occidente
701 2747 744 2774 vir
768 2747 897 2782 quidam,
917 2746 963 2781 qui

180 2795 281 2829 passim
297 2802 380 2830 pagos
391 2793 592 2830 percursitabal
609 2798 636 2820 et.
651 2801 745 2820 canem
761 2792 863 2819 fulvum
881 2797 964 2827 atque

181 2846 284 2867 catcqu
305 2840 431 2871 habebat,
449 2839 596 2874 quijussus
614 2847 627 2866 a
651 2838 814 2866 cireuiatorc
839 2838 962 2873 quaedam

1053 2517 1155 2552 Ἐφάνη
1174 2517 1221 2544 καὶ
1238 2517 1362 2552 κομήτης
1377 2517 1484 2552 ἡμέρας
1503 2517 1537 2548 κ’,
1553 2517 1601 2544 καὶ
1617 2518 1686 2552 μετὰ
1697 2518 1793 2553 χρόνον

1011 2562 1072 2589 τινὶ
1099 2563 1211 2596 γέγονεν
1242 2562 1366 2597 ἀστέρων
1397 2563 1496 2597 δρόμος
1525 2561 1573 2597 ἀφ’
1598 2562 1719 2597 ἑσπέρας
1741 2562 1794 2595 ἕως

1013 2607 1096 2642 πρωῒ,
1123 2607 1160 2638 ὼς
1183 2607 1287 2639 πάντας
1300 2607 1390 2642 λέγειν
1409 2608 1448 2634 ὅτι
1462 2608 1610 2635 πίπτουσιν
1627 2608 1653 2634 oi
1666 2608 1792 2642 ἀστέρες.

1015 2651 1080 2679 Εἶτα
1099 2654 1112 2679 6
1131 2653 1208 2687 ἥλιος
1227 2653 1331 2688 ἔλαμψε
1345 2654 1429 2688 χωρὶς
1447 2654 1577 2686 ἀκτίνων,
1589 2653 1685 2689 ὥσπερ
1701 2655 1748 2680 καὶ
1777 2654 1794 2688 ἡ

1015 2697 1123 2732 σελήνη.
1141 2698 1207 2724 Τότε
1227 2698 1259 2732 δὴ
1280 2698 1325 2724 καὶ
1348 2697 1491 2733 ἄνθρωπος
1513 2696 1596 2733 ἦλθεν
1624 2698 1678 2724 ἀπὸ
1692 2697 1795 2728 δύσεως

1016 2745 1204 2779 κωμοδρόμος,
1230 2744 1299 2779 ἔχων
1324 2743 1392 2771 κύνα
1424 2744 1520 2777 ξανθὴν
1545 2744 1592 2770 καὶ
1619 2743 1729 2778 τυφλὸν,
1765 2743 1795 2774 ὂς

1016 2791 1091 2824 παρὰ
1105 2790 1152 2816 τοῦ
1169 2790 1350 2825 κωμοδρόμου
1380 2790 1559 2824 κελευόμενος
1583 2790 1669 2816 ἐποίει
1689 2789 1797 2823 θαυμά-

1017 2838 1060 2863 sai
1093 2845 1164 2862 τινα.
1202 2835 1256 2862 Καὶ
1291 2835 1485 2874 ἁθεσμοκοῑταί
1523 2844 1596 2866 τινες
1640 2835 1796 2868 εὑρεθέντις
