1966 3075
189 131 242 162 [-05

803 130 1002 161 ANNALIUM
1025 131 1120 161 PARS
1140 132 1194 163 ιν.

1751 133 1802 164 506

189 185 429 221 ἐθριαςώεύοησαν
447 185 710 220 καυλοτομηοέντες,
727 185 892 219 μεγιστᾶνες
901 183 968 218 ὁμοῦ

1022 184 1081 211 dam
1112 184 1267 219 prodigiosa
1297 184 1423 212 faciebat.
1449 186 1584 214 Przeterca
1611 194 1672 213 eum
1700 188 1799 220 reperti

189 237 234 258 και
246 232 395 265 ἀρχιερεῖς,
411 231 457 256 καὶ
469 230 540 256 οὕτω
552 230 748 266 περιαγόμεναι
770 229 886 264 οἰκτρῶς
909 230 969 255 ὲτε-

188 277 331 312 λεὺτησαν.
348 276 416 302 Κατ’
433 277 521 302 ἐκεῖνο
533 276 561 301 δὲ
582 275 679 309 καιροῦ
693 275 740 301 καὶ
751 274 782 301 τδ
797 276 868 309 μέγα
884 275 968 308 κῆτος

189 324 261 350 ἑάλω
277 322 308 348 τὺ
330 323 370 353 είς
388 321 528 352 ἐνιαυτοὺς
542 321 592 355 τὴν
619 321 770 353 Βυζαντίδα
794 320 969 356 κατατρῦχον

197 369 379 402 πεντήκοντα·
405 368 455 398 τὰς
487 366 556 401 νῆάς
588 375 618 392 τε
648 367 703 400 γὰρ
738 365 901 397 κατεεύθιζε
921 366 969 391 καὶ

187 414 250 443 τοῦς
270 413 431 448 ἀνθρώπους
450 411 614 447 διέφθειρεν,
634 409 655 445 ᾧ
693 411 779 445 ὃνομα
804 410 967 445 [Ιορφύριος.

189 459 254 486 llus
269 458 332 492 γοῦν
346 459 472 493 δελφῖνας
488 457 594 484 διώκων
615 457 645 484 ιν
661 457 787 491 παραλίῳ
816 455 968 490 κατεσχέθη

187 505 312 539 τέλματι,
328 505 383 531 τῶν
409 504 542 537 δελφίνων
558 504 621 536 περὶ
648 502 698 538 τὴν
722 502 775 536 γῆν
798 501 969 536 ὲκπηδησὰν-

188 558 251 576 των.
270 549 324 575 Καὶ
336 549 423 581 οὕτως
441 549 578 584 ἁλώσιμος
597 548 699 582 γίνεται
720 549 734 574 ὀ
756 548 847 582 πάσης
868 547 969 574 ἀνώτε-

189 602 236 628 [ιος
252 594 376 629 μηχανῆς
396 594 534 629 ὁρώμενος
550 593 645 628 τὸπρὺ
657 592 716 619 τοῦ.
733 593 827 627 Miton
851 593 900 627 μὲν
916 593 969 626 πή-

188 647 245 672 χεις
259 639 418 673 τριάκοντα,
434 638 513 674 εὖρος
528 639 556 665 δὲ
569 639 666 673 πήχεις
678 638 745 664 δέκα
761 637 832 664 κατὰ
846 638 892 664 τὸν
902 637 969 664 Και-

188 683 272 717 σαρέα
289 684 452 719 Προκόπιον.

1019 230 1130 265 quidam
1145 235 1236 257 essent
1250 230 1350 257 illiritis
1365 236 1472 258 utentes
1483 232 1663 266 amplexibus,
1675 237 1802 266 tanquam

1020 276 1047 302 in
1065 276 1203 310 triumpho
1219 283 1269 310 per
1285 276 1392 308 urbem,
1409 278 1525 304 veretris
1548 278 1625 312 prius
1645 280 1801 312 amputatis,

1019 319 1094 347 ducti
1108 325 1182 347 sunt.
1203 321 1305 348 Horum
1324 321 1350 347 in
1366 316 1479 354 numero
1492 323 1603 356 quidam
1621 328 1758 357 ttmgttates
1775 328 1802 349 et

1020 366 1163 400 pontiﬁces
1177 371 1265 397 erant.
1282 366 1328 400 qui
1343 367 1394 393 hoc
1415 369 1494 394 modo
1509 368 1688 394 circumducti
1704 369 1803 395 misere

1022 411 1105 438 vitam
1119 411 1261 438 ﬁniebant.
1278 411 1378 438 Eodem
1393 416 1514 446 tempore
1534 417 1630 446 captus
1644 418 1685 440 est
1710 415 1804 448 ingens

1023 455 1069 483 ille
1089 461 1173 488 cetus,
1188 456 1234 491 qui
1245 464 1321 483 oram
1340 456 1518 493 Byzantinam
1536 463 1608 484 totos
1622 466 1708 484 annos
1722 459 1803 492 quin-

1018 502 1148 536 quaginta
1165 507 1327 533 vexaverat;
1341 510 1403 529 nam
1417 507 1444 529 et
1457 511 1540 529 nates
1558 504 1714 537 demergere
1736 511 1804 530 cott-

1019 552 1146 574 sueverat
1163 552 1191 574 et
1215 547 1340 574 homines
1370 548 1495 582 perdere.
1526 549 1623 575 Datum
1652 550 1676 576 ei
1705 557 1803 576 nomen

1018 597 1078 620 erat
1102 593 1255 627 Porphyrii.
1285 594 1353 620 Cum
1379 598 1467 621 autem
1483 593 1629 628 dclpltinos
1655 594 1804 628 aliquanti»

1020 643 1241 672 persequeretur,
1258 638 1284 665 in
1303 639 1405 672 uligine
1419 639 1487 666 mari
1504 639 1606 671 vicina,
1624 639 1760 673 delphinis
1775 647 1804 666 se

1019 683 1052 710 ad
1078 688 1178 710 terram
1194 683 1378 718 ejicientibus,
1407 685 1503 717 haesit;
1524 691 1692 719 quapropter
1706 689 1804 728 captus

186 736 238 764 est,
254 738 408 765 quanquam
426 734 489 758 ante
520 730 546 757 id
577 731 708 764 temporis
727 731 803 757 visus
821 729 915 757 fuisset
929 729 1004 756 omni
1024 734 1124 757 conatu
1141 735 1168 756 et
1184 730 1387 757 machinatione
1409 731 1535 765 superior
1547 739 1620 758 esse.
1644 730 1805 765 Lougitudi-

188 783 248 802 nent
264 776 361 803 habuit
387 776 496 810 triginta
511 775 645 807 cubitum,
668 775 839 803 latitudinent
861 775 966 807 decem,
987 775 1216 809 quemadmodum
1238 775 1388 809 Procopius
1403 775 1448 802 ille
1460 775 1636 802 Caesariensis
1648 776 1769 809 scripsit.

222 835 289 862 Τότε
305 835 337 870 δὴ
348 835 396 862 καὶ
407 835 441 862 τὰ
463 836 517 862 τῶν
531 835 626 870 Σηρῶν
646 835 764 870 νήματα,
797 835 871 862 τοῦτ’
893 835 967 862 ἐστιν

1055 834 1131 861 Tunc
1142 839 1169 862 el
1185 835 1282 861 Serum
1298 835 1368 867 tclae,
1386 835 1516 862 nimirum
1537 840 1654 867 metaxa,
1672 840 1805 869 ceperunt

187 883 204 917 ἡ
220 882 333 916 μετάξει,
349 882 423 915 παρὰ
451 881 598 916 Ῥωμαίοις
611 881 712 916 ἤρξατο
743 881 876 914 γίνεσθαι.
891 882 968 907 Κατὰ

187 922 241 961 γὴ)
259 928 304 953 τον
320 926 502 961 διαληφθέντα
521 927 675 961 Προχόπιον
699 927 782 961 ἤγετο
807 927 856 958 μὲν
879 927 896 961 ἡ
920 934 969 960 με-

187 975 255 1006 τάξα
276 974 309 1001 δι’
324 974 452 1008 ἐμπόρων
464 973 592 1006 ἐνταῦθα,
610 973 660 999 οὐκ
675 973 841 1006 ἐγινώσκετο
868 972 897 998 δὲ
908 971 966 998 οὗθ’

189 1021 261 1052 ὃπως
275 1019 380 1053 γίνεται
396 1019 453 1046 οὗθ’
469 1019 510 1045 ὅτι
529 1018 620 1054 σηρῶν
635 1018 745 1053 νήματα
765 1019 833 1045 ἔστι.
848 1018 969 1052 Μοναχοὶ

188 1065 215 1091 δὲ
228 1064 275 1090 δύο
291 1064 362 1095 τινὲς
379 1064 408 1096 ἐξ
430 1063 525 1095 Ἰνδίας
553 1063 676 1095 ἐλθόντες
694 1062 744 1098 τὴν
761 1063 868 1099 γένεσιν
885 1063 968 1097 αὐτῆς

187 1110 363 1144 διηγήσαντο,
375 1109 422 1136 καὶ
438 1108 617 1144 ὑπισχνοῦντο
635 1108 750 1143 κομίσαι
768 1108 814 1134 τδν
827 1107 882 1134 τῶν
898 1115 968 1134 σκω-

189 1157 280 1190 λήκων
294 1155 406 1182 ἐκείνων
420 1155 509 1188 γόνον,
531 1154 572 1181 ea
599 1154 664 1181 ὄντα
683 1154 731 1180 καὶ
758 1154 829 1181 πάνυ
852 1153 967 1187 σμικρὰ,

188 1202 274 1234 δεῖξαί
292 1209 322 1227 τε
334 1201 482 1236 Ῥωμαίοις
496 1201 571 1231 ὃπως
583 1199 676 1226 ἐκεῖνα
687 1199 885 1233 ζωογονοῦνται
905 1199 968 1226 Θαλ-

188 1248 293 1282 πόμενα
305 1248 353 1273 καὶ
365 1247 405 1276 εἰς
421 1245 568 1280 σκώληκας
589 1244 815 1280 μεταϐάλλονται,
828 1244 877 1271 καὶ
894 1244 968 1275 ὅπως

189 1291 385 1328 δημιουργοῦσι
399 1291 449 1326 τὴν
470 1291 600 1326 μετάξαν.
621 1291 653 1317 "0
668 1290 700 1325 δὴ
721 1291 769 1317 καὶ
787 1290 967 1325 πεποιήκασι,

190 1339 274 1366 πολλὰ
290 1339 364 1374 παρὰ
378 1338 423 1364 τοῦ
438 1334 570 1373 βασιλέως
590 1337 829 1372 εὐεργετηθέντες.

226 1440 290 1467 Ἐπὶ
303 1439 404 1474 ταύτης
422 1438 473 1473 τῆς
487 1438 624 1473 βασιλείας
637 1437 684 1464 καὶ
696 1438 713 1472 ἡ
728 1437 844 1471 πέμπτη
858 1437 968 1469 σύνοδος

189 1486 311 1520 γέγονεν,
328 1484 555 1519 ἀναϐεματίσασα
569 1484 613 1510 τὸν
637 1484 790 1518 Ὧριγὲνην,
807 1484 830 1508 εί
846 1483 892 1508 καὶ
917 1483 969 1508 πὰ-
982 1504 1005 1533 c

189 1533 234 1559 λαι
257 1531 366 1566 ἧκμαζε
397 1530 432 1557 τὰ
455 1529 542 1564 ἁσεσῆ
566 1529 662 1556 τούτου
695 1529 828 1563 δόγματα,
854 1528 967 1562 προσέτι

188 1578 217 1605 δι
234 1576 351 1608 καὶ-τὰς
372 1577 441 1611 ὑπὲρ
463 1575 512 1602 τοῦ
539 1575 688 1610 Νεστορίου
716 1574 764 1601 τοῦ
792 1574 967 1608 Θεοδωρήτου

191 1621 374 1657 συνηγορίας,
404 1611 461 1647 καὶ.
482 1620 531 1655 τὴν
570 1619 616 1646 τοῦ
643 1619 705 1645 ¹¹16α
743 1618 904 1653 ἐπιστολὴν,
937 1618 970 1652 ἢν

192 1668 260 1702 πρὸς
285 1667 386 1702 Μάρην
411 1667 457 1693 τὸν
491 1667 598 1700 Πέρσην
634 1665 739 1700 ἔγραψε
776 1665 906 1698 λέγουσαν
933 1664 971 1699 μὴ

190 1713 235 1743 τὸν
248 1713 314 1739 Θεὸν
329 1712 414 1746 Λόγον
430 1713 461 1738 sx
476 1711 525 1745 τῆς
549 1709 740 1744 Ἀειπαρθένου
763 1710 937 1744 γεννηθῆναι.

230 1805 349 1831 Γίνωσκε
365 1805 404 1837 δὲ,
426 1805 565 1840 ἀγαπητὲ,
583 1805 624 1830 ὅτι
640 1804 678 1838 τῷ
701 1803 816 1838 εἰκοστῷ
836 1803 890 1829 ἔτει
921 1802 971 1837 τῆς

194 1850 333 1885 βασιλείας
344 1850 391 1876 τοῦ
411 1850 531 1885 μεγάλου
550 1849 757 1876 Κωνσταντίνου
777 1850 888 1882 γέγονεν
909 1849 925 1883 ἡ
941 1849 970 1874 ἐν

193 1895 293 1931 Νικαίᾳ
306 1895 400 1930 πρώτη
420 1895 527 1926 σύνοδος
572 1895 624 1921 ὑπὸ
648 1894 760 1929 Πατρῶν
791 1894 876 1927 ἁγίων
905 1896 968 1928 τιη’.

198 1939 338 1974 ’Υπῆρχον
370 1939 398 1965 δὲ
424 1939 642 1974 προεξάρχοντες
663 1938 711 1973 τῆς
738 1939 847 1965 συνόδου
869 1938 970 1972 ταύτης

140 2012 144 2016 _
193 1985 475 2020 Σίλόεστρο;πάππας
495 1985 614 2019 Ῥώμης,
628 1985 812 2020 Μητροφάνης
826 1985 970 2011 Kay/atav-

192 2031 381 2062 τινουπόὶεως,
411 2030 586 2065 Ἀλέξανδρος
622 2030 838 2065 Ἀλεξανδρείας,
868 2030 971 2062 Εὐστά-

192 2076 248 2108 θιος
273 2076 441 2110 ’Δντιοχείας
458 2076 506 2101 καὶ
516 2075 660 2110 Μακάριος
677 2075 886 2110 Ἰεροσολύμων.
907 2075 972 2100 Συν-

191 2121 272 2156 ἠλθον
302 2122 330 2148 δὲ
363 2122 433 2148 κατὰ
454 2122 560 2158 Ἀρείου
591 2121 815 2157 βλασφημοῦντος
839 2122 885 2147 τὸν
904 2121 970 2147 Θεὸν

1019 879 1091 913 apud
1119 879 1256 906 Romanos
1275 879 1420 906 claborari.
1443 879 1510 906 Nant
1528 883 1557 905 ut
1575 879 1620 906 ille
1643 879 1713 913 ipse,
1728 879 1806 911 cujus

1019 923 1187 951 mentionem
1206 924 1373 951 faciebamus
1397 924 1489 956 modo,
1508 924 1659 958 Procopius
1691 924 1804 955 indicat,

1019 968 1208 995 advehebatur
1222 969 1333 1004 quidem
1359 973 1463 996 mctaxa
1482 976 1529 1003 per
1552 974 1721 997 mercatores
1734 971 1806 1004 Cpo-

1018 1007 1077 1044 iim,
1094 1013 1141 1040 sed
1161 1013 1339 1048 ignorabatur
1353 1015 1493 1048 quontodo
1507 1013 1595 1046 fieret,
1612 1015 1721 1041 nemine
1737 1024 1804 1049 prae-

1020 1050 1094 1085 terea
1121 1059 1225 1085 sciente
1253 1059 1386 1086 vermium
1415 1059 1477 1086 illas
1495 1060 1563 1086 telas
1580 1067 1651 1086 esse.
1679 1060 1804 1087 Monachi

1020 1107 1111 1130 autent
1127 1103 1182 1130 duo
1195 1111 1228 1130 ex
1245 1103 1319 1132 India
1340 1112 1401 1131 cum
1418 1105 1567 1136 venissent,
1595 1104 1730 1139 originem
1746 1113 1805 1132 me-

1021 1152 1088 1175 tam:
1102 1148 1288 1181 declararunt,
1307 1149 1421 1184 polliciti
1435 1157 1465 1177 se
1491 1150 1587 1177 fretum
1614 1150 1722 1178 illoruttt
1744 1158 1806 1178 ver-

1020 1193 1115 1223 mium,
1139 1200 1190 1220 ova
1206 1193 1351 1228 perexigua
1374 1194 1488 1226 scilicet,
1505 1195 1646 1227 allaturos,
1660 1196 1805 1223 Romanis-

1019 1246 1073 1272 que
1099 1243 1299 1267 monstraturos
1316 1240 1546 1274 quemadmodum
1562 1241 1607 1268 illa
1619 1241 1736 1269 lovendo
1750 1242 1806 1268 ani-

1020 1289 1092 1311 mata
1109 1284 1138 1311 in
1155 1291 1264 1312 vermes
1275 1290 1416 1312 mutentur
1430 1290 1621 1321 metaxamque
1633 1292 1734 1314 texant.
1749 1287 1803 1313 Hoc

1020 1329 1065 1355 ubi
1083 1329 1294 1363 praestitissent,
1321 1331 1426 1365 magnis
1448 1331 1483 1358 ab
1501 1332 1665 1367 imperatore
1684 1332 1804 1359 muneri-

1021 1374 1072 1402 bus
1091 1383 1123 1402 ae
1135 1376 1276 1404 beneﬁciis
1292 1378 1384 1406 allecti
1402 1386 1477 1406 sunt.

1056 1432 1094 1460 Eo
1108 1437 1238 1467 regnante
1255 1434 1381 1468 quintunt
1394 1443 1504 1470 quoque
1517 1436 1663 1463 concilium
1680 1443 1804 1464 coactura

1020 1478 1241 1512 celebratamque
1261 1479 1322 1511 fuit,
1350 1480 1377 1507 in
1391 1488 1446 1515 quo
1467 1481 1537 1508 facta
1559 1488 1601 1509 est
1621 1483 1744 1518 Origcnis
1759 1491 1806 1510 ex-

1022 1523 1152 1556 secratio,
1167 1531 1324 1559 quanquam
1343 1525 1424 1559 impia
1443 1526 1516 1554 illius
1527 1528 1651 1562 dogmata
1672 1529 1727 1563 jam
1743 1528 1807 1555 oliui

1022 1568 1155 1603 vigerent.
1177 1569 1278 1596 Eodem
1305 1570 1387 1598 utodo
1400 1571 1534 1599 dantnatte
1562 1578 1626 1600 sunt
1642 1573 1807 1601 Theodoreti

1022 1621 1070 1648 pro
1084 1613 1209 1642 Nestorio
1223 1614 1408 1648 defensiones,
1425 1621 1452 1643 et
1467 1617 1519 1644 Ibat
1543 1618 1575 1644 ad
1593 1618 1684 1645 Marcn
1699 1619 1806 1646 Persam

1022 1659 1130 1693 scripta:
1160 1659 1288 1692 Litterae,
1315 1662 1416 1695 quibus
1438 1662 1511 1690 inter
1533 1663 1587 1690 alia
1615 1664 1806 1691 continebatur

1023 1705 1107 1732 Deum
1132 1704 1292 1733 Sermonem
1309 1714 1341 1733 ex
1358 1705 1466 1742 Virgine
1481 1713 1610 1742 perpetua
1634 1714 1727 1736 natum
1752 1718 1807 1738 non

1022 1758 1093 1777 CSSO.

1059 1807 1126 1835 Volo
1143 1812 1168 1834 te
1192 1813 1282 1836 autem
1303 1810 1384 1840 scire.
1397 1809 1496 1837 dilecte
1519 1810 1567 1842 lili,
1583 1818 1656 1838 anno
1670 1810 1804 1839 Constan-

1022 1852 1071 1879 titti
1085 1852 1314 1886 Magnivicesimo
1345 1855 1458 1888 primam
1480 1855 1575 1882 Nicaea:
1601 1856 1733 1890 synodum
1748 1857 1805 1884 coi-

1022 1898 1104 1927 vissc.
1123 1898 1157 1924 ad
1184 1899 1333 1932 quant’518
1355 1900 1427 1926 sacri
1447 1900 1541 1927 Patres
1563 1901 1751 1928 convenerint.
1771 1903 1806 1930 Et

1022 1942 1154 1977 pratfuere
1182 1943 1314 1971 Silvester
1341 1952 1409 1979 papa
1434 1945 1593 1978 Romanus,
1613 1945 1807 1981 Metrophanes

1020 1987 1180 2022 Cpolitanus
1193 2007 1201 2020 ,
1226 1989 1379 2016 Alexander
1394 1991 1601 2018 Alexandrinus
1613 2011 1619 2023 ,
1646 1992 1807 2020 Eustathius

1021 2033 1227 2065 Antiocltenus.
1253 2038 1281 2061 et
1301 2034 1437 2061 Macarius
1464 2035 1714 2070 Hierosolymorum
1733 2039 1806 2064 anti-

1021 2082 1086 2105 stes.
1100 2078 1269 2106 Conventum
1298 2079 1350 2106 l'uit
1364 2079 1422 2106 Arii
1438 2088 1529 2112 causa,
1547 2081 1631 2108 Dcmtt
1650 2089 1803 2110 sermonem

1021 2121 1164 2150 aﬂicientis
1189 2122 1348 2157 ignominia,
1370 2124 1449 2158 271
1471 2131 1551 2158 quem
1579 2131 1697 2153 creatum
1719 2129 1807 2161 quod-

191 2168 286 2202 Λόγον,
303 2168 351 2194 καὶ
367 2167 470 2202 κτίσμα
493 2162 618 2201 λέγοντος
645 2168 727 2194 αὑτὸν
745 2169 792 2195 καὶ
817 2167 968 2202 ἑτερούσιον

1022 2167 1083 2194 dant
1104 2174 1165 2194 esse
1185 2167 1298 2201 diceret,
1315 2172 1342 2195 et
1360 2176 1375 2194 a
1410 2174 1507 2195 natura
1521 2171 1693 2206 essentiaque
1717 2171 1806 2200 Patris

191 2214 249 2252 τοῦ.
262 2213 377 2246 Πατρδς,
396 2213 443 2239 καὶ
466 2212 506 2239 ὃτι
522 2210 556 2247 ἦν
569 2221 633 2239 ποτε
652 2213 695 2238 ὅτε
717 2213 767 2240 οὐκ
794 2211 838 2247 ἦν.
856 2213 903 2238 ’⁸ον
919 2220 970 2238 κα-

191 2257 306 2285 θελοῦσα
320 2259 336 2293 ἡ
349 2258 414 2292 ἁγία
430 2257 538 2289 σύνοδος
553 2258 602 2293 τὴν
614 2257 756 2292 όρδόδοξον
785 2259 876 2285 πίστιν
887 2258 971 2293 ἐκρά-

189 2312 278 2330 τυνεν.

225 2399 269 2425 Ἐν
287 2398 314 2425 δὲ
325 2398 364 2433 τῷ
376 2398 494 2434 δευτέρῳ
512 2398 567 2424 ἔτει
593 2399 642 2432 τῆς
671 2398 811 2433 βασιλείας
825 2397 969 2425 Θεοδοσίου

190 2445 237 2471 τοῦ
257 2445 377 2479 μεγάλου
408 2445 518 2478 γέγονεν
533 2445 549 2478 ἡ
573 2443 686 2478 δευτέρα
704 2443 812 2474 σύνοδος
837 2444 866 2468 ὲν
893 2443 970 2468 Κων-

191 2489 412 2516 σταντινουπόλει
444 2489 496 2515 ὑπὸ
510 2489 622 2523 Πατρῶν
642 2489 727 2522 ἁγίων
743 2488 780 2524 ρν¹
816 2489 886 2515 κατὰ
909 2488 970 2515 Μα-

192 2535 311 2562 κεδονίου
329 2535 374 2561 τοῦ
402 2535 645 2569 Πνευματομάχου,
661 2535 705 2560 ὅτε
723 2535 771 2561 καὶ
789 2534 937 2569 Γρηγέριος
957 2534 971 2560 ό

191 2580 320 2614 Θεολόγος
344 2580 394 2614 τῆς
424 2580 587 2615 Ἑκκλησίας
610 2581 751 2615 ἐξεϐλήθη.
786 2580 924 2615 ’Υπῆρχον
941 2581 969 2606 δὲ

191 2625 405 2660 προεξαρχοντες
419 2627 469 2660 τῆς
489 2626 600 2652 συνόδου
618 2626 719 2660 ταύτης
740 2625 873 2660 Τιμόθεος
890 2627 973 2659 Ἄλετ

192 2670 344 2704 ξανόρείας,
371 2671 502 2702 Μελέτιος
522 2671 701 2706 ’Δντιοχείας,
731 2671 864 2706 Κύριλλος
885 2671 968 2707 Ἰερο-

192 2713 326 2748 σολύμων,
351 2714 500 2750 Γρηγόριος
525 2716 539 2741 ὁ
557 2716 688 2749 Θεολόγος
711 2716 968 2743 Κωνσταντινουπό-

189 2758 255 2790 λεως
272 2760 319 2785 καὶ
342 2761 468 2795 Δάμασος
484 2761 599 2793 πάππος
615 2760 735 2796 Ῥώμης,
757 2761 855 2794 οἵτινες
874 2763 968 2789 ἀνεθε-

191 2805 307 2838 μάτισαν
323 2806 488 2834 Μακεδόνων
501 2807 532 2833 τδ
554 2807 667 2848 Πνεῦμα
684 2809 713 2834 τὸ
741 2808 819 2840 ἅγιον
846 2811 869 2835 υ
895 2818 965 2845 σφη-

1021 2211 1151 2238 al'tenum.
1171 2212 1296 2240 Addebat
1311 2213 1395 2240 fuisse
1414 2219 1520 2249 tempus
1537 2223 1599 2242 cum
1614 2217 1660 2243 ille
1688 2219 1804 2244 non'ex-

1019 2255 1138 2282 sisteret.
1165 2251 1258 2290 Itaque
1281 2265 1388 2284 sacruttt
1416 2259 1467 2285 hoc
1483 2260 1629 2286 concilium
1664 2263 1730 2288 Arto
1757 2263 1804 2289 de-

1017 2301 1089 2334 jecto
1113 2307 1140 2328 et
1165 2301 1290 2328 abdicato
1314 2308 1416 2329 rectam
1439 2303 1501 2330 ﬁdei
1520 2306 1682 2333 sententiam
1705 2308 1805 2333 euntir-

1020 2347 1113 2373 mavit.

1055 2402 1160 2430 ltursus
1183 2411 1256 2430 attito
1278 2404 1385 2439 intperii
1399 2407 1545 2435 Theodosii
1571 2409 1658 2445 Magni
1682 2412 1804 2438 secundo

1019 2449 1140 2482 synodus
1166 2448 1252 2475 altera
1269 2449 1346 2484 Cpoli
1378 2460 1393 2478 a
1421 2452 1471 2479 £50
1495 2455 1598 2481 sanctis
1621 2456 1748 2483 Patribus
1762 2463 1804 2484 εει

1020 2494 1155 2521 celebrata
1184 2500 1278 2522 contra
1305 2496 1493 2525 Macedoniam
1522 2501 1608 2528 sancti
1626 2502 1744 2536 Spiritus
1757 2512 1804 2537 υινς

1018 2545 1207 2573 pugttatorem.
1233 2540 1273 2568 Eo
1302 2542 1420 2569 durante
1443 2545 1562 2572 cortciiio
1593 2546 1740 2582 Gregorius
1759 2549 1804 2574 ili‘t'

1019 2584 1172 2625 'l‘heologus
1193 2586 1243 2612 hac
1269 2587 1381 2614 ecclesia
1409 2590 1540 2624 spoliatus
1567 2596 1592 2618 et
1621 2593 1725 2625 ejectus
1752 2598 1804 2620 est.

1018 2624 1202 2658 Fraesidebant
1215 2631 1375 2660 ’l'imotltens
1389 2635 1599 2669 Alexandrinus,
1612 2624 1735 2665 Meletius
1745 2640 1786 2665 Att
1795 2654 1802 2660 -

1020 2676 1184 2708 tiocltenus,
1211 2678 1327 2712 Cyl-illus
1355 2678 1626 2716 llierosolymitanus,
1653 2682 1803 2718 Gregorius

1020 2719 1176 2755 Tltcologus
1189 2721 1358 2755 Cpolitanus,
1373 2728 1400 2750 et
1417 2725 1555 2752 Romanus
1572 2733 1640 2761 papa
1655 2729 1801 2762 Damasus;

1018 2765 1066 2799 qui
1080 2765 1270 2794 Macedoniam
1283 2769 1416 2796 exsecrati
1428 2775 1502 2802 sunt,
1519 2771 1655 2799 hominem
1670 2773 1803 2802 adversus

1019 2811 1149 2846 Spiritum
1166 2818 1290 2840 sanctum
1306 2815 1501 2843 contumeliose
1521 2824 1552 2844 ac
1569 2818 1651 2852 impie
1668 2819 1802 2855 locutum,
