1966 3075
116 120 162 151 5ιῖ
724 112 925 144 ANNALIUM
946 110 1042 140 PARS
1062 108 1111 138 IV.
1680 101 1731 132 514

114 179 156 205 καὶ
166 178 211 203 τὸν
222 173 385 202 Φιλιππικὸν
398 171 609 206 ἀπεκτείναμεν,
622 172 669 197 καὶ
679 171 724 197 τὸν
735 170 801 196 Θεὸν
812 170 833 196 Φ
844 169 890 196 οὐκ

959 167 1099 194 ubitoretu
1116 171 1195 192 suum
1217 162 1342 192 arcessit,
1359 168 1439 194 quem
1461 164 1540 187 antea
1556 159 1675 194 graviter
1691 159 1735 186 la:-

115 223 210 258 έλειψε.
227 219 483 254 Μεταστελλόμενος
498 205 575 244 οὖνὸ
590 215 752 246 Φιλιππικὺς
767 214 891 242 τοσοῦτον

956 217 1031 240 ierat.
1046 209 1181 238 Etnxoris
1193 209 1316 236 Mauricii
1326 208 1410 235 frater
1420 212 1480 235 erat
1493 206 1537 233 hie
1549 205 1732 241 Philippicus.

115 252 229 302 ἐπτοήθη
244 266 315 293 ὥστε
330 265 378 291 καὶ
392 252 536 294 κοινωνίας
552 261 699 297 μετασχεῖν
712 260 759 286 καὶ
772 260 837 291 τοὺς
850 259 891 285 ὑπ’

957 259 996 294 ιιιὶ
1009 257 1141 285 adversus
1159 256 1251 283 hostes
1267 262 1329 282 cum
1347 254 1433 288 copiis
1448 253 1599 287 ablegatus,
1617 252 1663 279 ubi
1687 252 1733 289 ri-

116 297 193 341 αὑτὸν
210 297 258 339 suo.
282 310 380 338 σποδοῦ
402 309 449 336 καὶ
470 309 572 336 σάκκου
593 307 764 342 καθημένους
786 305 892 333 καταλι-

961 304 1035 332 :toria
1048 303 1149 338 potitus
1163 302 1331 332 revertisset,
1358 304 1453 327 contra
1469 306 1497 326 se
1512 298 1647 325 ﬂammam
1663 297 1737 324 invi-

117 360 183 387 πεῖν.
200 357 426 384 Καταλλάσσεται
440 352 487 382 οὖν
501 355 515 381 ὁ
529 353 655 389 βασιλεὺς
669 352 745 387 αὐτῷ
754 372 761 385 ,
775 352 823 378 καὶ
837 360 893 386 συγ-

956 350 1004 378 dia:
1016 349 1209 377 concitavorat.
1226 346 1362 374 Praeterea
1377 345 1504 380 quiddam
1523 343 1597 371 aliud
1612 347 1732 370 anteces-

117 403 224 438 γνώμην
232 401 275 435 ἐφ’
283 399 323 432 οἷς
335 400 475 426 ἐκάκωσεν
483 398 565 424 αὑτὸν
574 397 687 429 ἐξαιτεῖ.
696 395 717 422 Τ
719 395 805 422 ούτων
814 393 893 425 οὕτως

961 399 1034 422 ierat.
1052 394 1120 421 Nam
1136 393 1259 420 futurum
1287 391 1434 418 Mauricius
1460 389 1633 417 intellexerat
1656 392 1686 416 ut
1711 388 1737 414 iu

118 434 230 484 ἑχόντῶν
241 434 420 481 ἐπανέρχεται
432 444 485 471 ἀπὸ
495 444 542 471 τοῦ
554 443 706 478 Δυρραχίου
718 442 732 468 ὁ
744 440 894 475 διαληφθεὶς

964 440 1070 476 mperio
1095 439 1207 474 quidam
1231 438 1254 466 ei
1283 437 1443 465 succederet
1459 436 1537 471 cujus
1557 443 1657 463 nomen
1683 434 1740 469 pri-

117 479 220 527 αίίυκᾶς,
239 495 288 521 καὶ
377 491 494 518 πολιτῶν
514 491 543 517 ὲν
558 490 597 525 τῷ
614 488 736 524 Ἑϐδόμῳ
757 487 893 522 συναχθέν-

965 493 1025 512 nam
1042 485 1063 511 Φ
1081 485 1200 511 litteram
1225 483 1350 510 haberet.
1379 481 1485 509 Idcirco
1503 485 1562 515 post
1581 479 1648 507 illud
1669 487 1741 506 som.

119 549 169 568 των
182 524 310 575 βασιλεὺς
325 536 534 572 ἀναγορεύεται.
548 524 654 570 κρατεῖ
667 532 714 560 οὖν
725 534 739 560 ὁ
754 532 895 559 Καππαδδ

965 531 1031 558 tium
1057 529 1130 564 quod
1157 528 1343 560 narravimus,
1364 527 1466 554 dixisse
1492 526 1668 561 perhibetur:
1683 533 1693 550 ι
1713 524 1741 551 Si

117 594 165 620 κης
182 571 260 615 οὗτος
276 584 372 615 Φωκᾶς
391 571 439 617 ἐτη
456 585 492 617 η’.
506 581 584 608 Μετὰ.
599 580 628 607 δὲ
642 579 728 607 ταῦτα
742 578 795 605 τῶν
809 578 893 613 δήμων

965 576 1077 603 maxime
1098 575 1282 609 Philippicum
1310 574 1524 604 occidissemus,
1551 571 1623 599 Deus
1654 576 1741 598 tamen

118 629 320 658 στασιασάντων
335 629 384 655 καὶ
398 627 533 661 λεγόντων
547 627 588 654 ὅτι
602 625 756 660 Μαυρίκιος
771 624 821 651 οὐκ
835 623 888 650 ἀπε

972 622 1009 649 lio
1022 622 1043 648 Φ
1059 629 1115 649 non
1129 621 1272 649 caruisset.
1292 629 1302 647 ι
1320 620 1503 653 Quamobrem
1517 617 1563 645 ubi
1576 616 1745 652 Philippicus

119 668 206 706 σανεν,
221 673 268 699 ἰπὶ
280 673 326 699 τὸν
337 670 421 698 αὑτοῦ
436 671 515 704 φόνον
529 670 543 697 ὁ
554 669 650 701 Φωκεῖς
663 669 790 695 κινεῖται.
805 667 860 694 Καὶ
872 665 895 692 δί

968 666 1162 698 treesscbatur,
1178 669 1253 693 tanto
1279 670 1384 692 terrore
1411 663 1556 698 perculsus
1567 666 1609 690 cst
1624 667 1654 689 ut
1669 669 1744 688 sacra

118 721 146 746 ὲν
162 719 200 754 τῷ
220 718 268 744 τοῦ
290 716 441 752 Εὐτροπίου
462 716 554 750 λιμένι
574 715 670 750 πρῶτα
693 713 743 749 μὲν
762 712 894 747 ἀναιροῦσ

969 712 1081 748 ςγιιὼοιιι
1094 712 1247 747 perciperet
1274 719 1306 740 ac
1321 718 1386 738 suos
1402 710 1489 738 saccis
1509 710 1620 737 indutos
1641 708 1745 736 cinere-

120 763 180 795 τοὺς
193 765 214 788 ε’
224 761 324 792 παῖδας
337 759 433 793 αὑτοῦ,
448 759 531 795 μηδὲν
543 758 607 786 ἄλλο
618 756 769 793 τηνικαῦτα
781 756 891 790 λέγοντο

968 766 1010 794 [ue
1024 765 1188 793 conspersos
1200 757 1381 792 relinqueret.
1399 757 1499 784 Verutn
1519 756 1668 790 imperator
1683 761 1744 781 cum

125 812 141 846 ἢ
159 810 239 837 τοῦτο
262 819 272 836 ι
296 809 404 839 Δίκαιος
424 806 459 840 εἶ,
480 807 577 841 Κύριε,
596 805 644 832 καὶ
666 804 759 831 δικαία
779 804 796 839 ἡ
816 803 901 838 κρίσις

968 813 992 832 ιο
1004 804 1086 832 rediit
1099 804 1126 831 in
1145 804 1272 839 gratiam,
1285 803 1392 839 sibique
1406 801 1555 830 condonari
1570 801 1650 836 petiit
1673 800 1744 834 quod

122 866 167 884 σου
177 876 185 889 ,
204 865 213 882 ι
230 855 385 882 τελευταῖον
399 854 427 881 δὲ
444 853 492 880 καὶ
506 853 588 879 αὑτὸν
603 851 759 887 ἀναιροῦσι.
774 850 829 885 Τὴν
845 849 895 884 μέν

969 858 1024 878 tum
1052 855 1107 877 tam
1126 849 1238 884 indigne
1256 853 1410 876 tractasset.
1433 846 1514 882 275
1530 847 1558 873 ln
1582 847 1634 873 hoc
1655 852 1745 872 rerum

118 911 159 929 τοι
170 902 289 936 γυναῖκα
303 899 386 927 αὐτοῦ
405 899 453 926 σὺν
465 899 525 930 ταῖς
540 897 710 932 θυγατράσιν
724 897 754 923 ὲν
770 903 894 930 μοναστηη

969 901 1029 923 tatu
1037 895 1153 928 Pbocas.
1163 895 1196 923 de
1207 903 1262 931 quo
1272 894 1446 929 dixiinus,.Dy
1452 893 1577 921 rrhachio
1588 899 1618 919 re
1636 891 1745 920 ertitur.

120 949 169 984 ρίῳ
183 946 350 974 κατακλείει.
365 945 559 980 Καλλιγράφος
571 943 618 972 οὖν
632 944 686 971 ἀπὸ
700 942 860 978 παννυχίδος
875 942 896 968 ὲκ

970 949 1075 977 :umque
1100 941 1175 969 cives
1191 942 1219 968 in
1247 941 1389 969 Hebdomo
1409 940 1569 972 cuii-issent,
1597 939 1746 972 imperator

127 993 314 1028 Ἀλεξανδρείᾳ
332 992 514 1027 στρεφόμενος
529 991 649 1026 ἑσπέρας
664 990 725 1018 καθ’
737 990 771 1025 ἢν
784 989 903 1026 ἀνῃρέθη

971 987 1147 1015 enuntiatur.
1164 987 1297 1022 Regnavit
1319 992 1409 1014 autem
1426 986 1531 1014 Phocus
1556 985 1613 1018 hic,
1637 984 1747 1011 natione

119 1037 404 1074 Μαυρίκιοςρῆκουσε
423 1037 486 1068 τοὺς
505 1036 668 1071 ἀνδριάντας
686 1036 718 1062 ὲκ
734 1035 788 1061 τῶν
806 1034 895 1069 βωμῶν

970 1034 1120 1069 lappadox,
1134 1041 1221 1061 annos
1235 1038 1307 1061 octo.
1323 1033 1447 1068 Cumque
1457 1033 1507 1060 sub
1526 1033 1613 1066 ipsum
1638 1030 1746 1057 initium

120 1084 246 1117 λέγοντας
260 1083 311 1118 τὴν
325 1082 430 1109 ἐκείνου
444 1082 586 1117 ἀναίρεσιν
597 1101 605 1113 ,
621 1080 669 1108 καὶ
683 1080 896 1116 σημειωσάμενοι

973 1080 1070 1115 mperii
1097 1079 1231 1108 factiones
1252 1080 1345 1115 populi
1371 1079 1492 1115 graviter
1514 1078 1748 1107 tumultuarentur

120 1129 164 1155 τὴν
177 1129 273 1163 καιρὸν
286 1129 409 1164 εὑρίσκει
421 1128 450 1154 τὸ
464 1128 581 1163 πρᾶγμα
596 1126 682 1159 οὕτως
698 1127 770 1161 ἕχον.
784 1126 824 1153 Τὰ
838 1126 896 1152 auri

972 1127 1178 1162 .laurieiumque
1194 1127 1312 1155 necdum
1326 1135 1341 1154 e
1359 1127 1429 1154 vivis
1452 1127 1604 1154 ttXCCsSlS>e
1626 1124 1748 1152 clamita-

120 1175 147 1201 δὲ
167 1175 215 1201 καὶ
236 1175 281 1201 ἐπὶ
298 1175 354 1206 τοῖς
373 1174 477 1206 λοιποῖς
497 1172 580 1200 αὑτοῦ
599 1172 761 1206 συγγενέσιν
777 1172 791 1198 ὁ
812 1171 893 1198 Φωκᾶ

975 1176 1033 1204 ent,
1047 1171 1099 1200 hac
1112 1173 1170 1207 ipsa
1186 1180 1254 1200 voce
1271 1172 1375 1200 Pliocas
1389 1172 1422 1199 ad
1438 1173 1497 1208 ejus
1508 1179 1601 1199 necem
1615 1170 1749 1197 excitatus

120 1220 294 1256 διεπράξατο.
503 1248 506 1255 ἲ

971 1223 1014 1246 :st.
1032 1218 1206 1254 Quapropter
1222 1219 1341 1254 ablegati
1372 1219 1483 1254 quidam
1508 1219 1570 1253 ejus
1602 1217 1639 1244 rei
1667 1216 1747 1251 perli-

120 1268 224 1295 cienda:
241 1274 324 1295 causa
347 1265 465 1302 primum
484 1266 511 1293 in
542 1270 622 1301 portu
648 1265 772 1300 Eutropo
804 1265 926 1300 quinque
945 1265 1018 1293 ﬁlios
1048 1265 1109 1301 ejus
1121 1266 1270 1299 trucidant,
1284 1265 1351 1292 nihil
1364 1271 1420 1293 tum
1435 1266 1652 1300 aliudpruloeuti
1667 1274 1748 1300 quam

121 1313 178 1341 haec
191 1312 290 1340 verba:
309 1321 318 1338 I
339 1312 433 1341 Justus
443 1319 482 1345 es,
494 1312 617 1344 Domine,
631 1319 663 1339 ac
675 1311 812 1354 judicium
828 1316 905 1338 tuum
924 1312 1029 1347 justum
1041 1316 1092 1340 est.
1109 1322 1118 1338 ι
1151 1312 1310 1340 Postremus
1329 1317 1420 1340 autem
1443 1312 1501 1347 ipse
1522 1318 1644 1340 necatur.
1678 1313 1750 1341 Utor

121 1368 184 1389 cum
200 1361 309 1388 ﬁliabus
323 1361 350 1388 in
381 1359 579 1387 monasterium
607 1359 699 1387 Phoca
724 1360 839 1395 iubente
851 1360 1037 1388 concluditur.
1054 1360 1163 1388 Accidit
1185 1361 1280 1389 eodem
1306 1367 1428 1396 tempore
1456 1367 1485 1389 ut
1510 1361 1620 1396 quidam
1648 1363 1750 1397 peritus

121 1408 255 1444 elegantis
266 1416 298 1436 ac
324 1415 399 1443 purae
423 1408 557 1435 librorum
589 1407 795 1442 descriptionis,
817 1413 926 1435 noctem
946 1407 974 1435 in
1010 1408 1159 1444 pervigiliis
1174 1416 1268 1443 agens,
1285 1409 1381 1436 eodem
1402 1417 1515 1444 vespere
1530 1417 1585 1444 quo
1601 1409 1750 1437 Mauricius

120 1460 164 1482 est
196 1454 367 1487 interfectus,
390 1458 497 1482 statuas
530 1453 560 1480 in
602 1453 658 1480 aris
685 1452 789 1480 caedem
827 1453 902 1481 illius
936 1455 1096 1482 nuntiantes
1131 1454 1251 1482 audiret.
1280 1455 1454 1490 Quapropter
1476 1455 1528 1483 hoc
1551 1461 1674 1490 tcirpore
1700 1464 1752 1483 no-

121 1508 179 1531 tato
198 1510 256 1530 rem
273 1503 310 1529 ita
323 1507 426 1538 gestam
439 1501 571 1537 deinceps
589 1500 735 1529 intellexit.
751 1502 888 1537 Cognatos
901 1502 983 1529 etiam
1004 1501 1126 1529 Mauricii
1149 1502 1254 1530 Phocus
1274 1503 1369 1530 eodem
1390 1504 1471 1530 modo
1501 1510 1556 1538 quo
1585 1503 1675 1537 ipsum
1695 1509 1749 1531 tra-

123 1549 218 1578 ctavit.

158 1595 226 1624 Τότε
243 1595 332 1622 τοίνυν
349 1592 472 1628 Χοσρόης
490 1593 504 1620 ὁ
521 1591 635 1627 Περσῶν
653 1591 780 1627 βασιλεὺς
797 1591 910 1626 ὥρμησε
924 1604 934 1631 ε

1000 1593 1052 1622 Sed
1064 1595 1137 1622 enim
1156 1594 1288 1622 continuo
1301 1599 1357 1622 tum
1375 1594 1511 1623 Cbosroes
1527 1596 1672 1624 Persarum
1691 1605 1747 1629 rex,

121 1643 194 1670 κατὰ
207 1641 360 1675 Ῥωμαίων,
373 1642 473 1674 ὁμοίως
488 1640 536 1666 καὶ
546 1639 676 1673 Ἀὁαρες,
690 1638 736 1665 διὰ
748 1638 778 1665 τὸ
791 1638 835 1665 τὸν
851 1637 897 1665 ἀνά

973 1647 1021 1666 um
1047 1639 1149 1667 Avares
1177 1639 1308 1668 Romanis
1335 1640 1435 1668 bellum
1462 1641 1580 1669 intulere
1592 1647 1749 1677 propterea,

122 1698 180 1715 σιον
202 1688 350 1723 προκρῖναι
368 1685 414 1712 τοῦ
437 1686 551 1719 ἐννόμου
575 1685 719 1719 βασιλέως.
735 1684 796 1711 Ἐτι
816 1684 844 1711 δὲ
865 1693 898 1711 κα

973 1684 1037 1718 μιοίί
1050 1685 1162 1719 impium
1180 1685 1319 1712 hominem
1337 1685 1458 1720 legitimo
1475 1687 1635 1721 imperatori
1648 1692 1749 1722 praetu-

122 1735 219 1770 ονῆσις
243 1732 396 1768 ἀνθρώπων
417 1732 464 1758 καὶ
488 1731 595 1766 κτηνῶν
616 1730 714 1765 γέγονε
739 1731 787 1757 καὶ
812 1730 898 1765 ἀφορίκ

977 1730 1071 1759 issent.
1088 1731 1223 1759 Pranerea
1247 1731 1332 1766 pestis
1345 1731 1471 1759 homines
1485 1738 1567 1766 atque
1578 1733 1697 1767 pecudes
1708 1733 1748 1760 in-

121 1783 175 1817 γῆς
188 1780 236 1808 καὶ
250 1779 352 1815 χειμὼν
369 1777 531 1814 βαρύτατος,
548 1778 585 1808 ὡς
602 1777 647 1804 καὶ
664 1777 787 1812 παγῆναι
802 1777 851 1813 τὴν
868 1778 897 1804 0d

975 1777 1044 1810 iasit,
1053 1785 1171 1811 quacum
1180 1782 1208 1805 et
1224 1781 1303 1804 terrae
1311 1777 1440 1805 sterilitas
1451 1783 1479 1806 et
1487 1778 1575 1806 hiems
1584 1779 1653 1807 adeo
1662 1780 1751 1813 gravis

121 1828 228 1855 λασσαν
247 1826 296 1853 καὶ
317 1824 432 1856 πολλοὺς
454 1824 549 1859 ἰχθύας
569 1823 708 1852 τεθνάναι.
729 1823 798 1850 Τότε
817 1823 864 1850 καὶ
884 1824 896 1850 ὲ

974 1822 1108 1856 :onjuncta
1119 1821 1180 1854 fuit,
1198 1826 1227 1849 ut
1239 1822 1328 1857 ipsum
1341 1831 1416 1850 mare
1439 1825 1597 1858 congelaret
1616 1825 1750 1860 multique

122 1873 217 1909 ἡμέρᾳ
236 1871 284 1898 τοῦ
306 1869 420 1898 ἱππικοῦ
442 1869 600 1905 ἀτακτήσας
621 1868 737 1904 ὑϐρίσθη
760 1868 837 1904 παρὰ
858 1869 897 1895 τῶ

974 1869 1053 1895 iisces
1069 1875 1253 1896 morerentur.
1268 1869 1419 1904 Imperator
1439 1877 1502 1897 eum
1521 1878 1553 1897 eo
1570 1871 1614 1898 die
1627 1879 1681 1906 quo
1694 1872 1750 1898 ludi

120 1918 268 1954 δημοτῶν,
286 1916 432 1951 λεγόντων,
453 1924 462 1941 ι
477 1915 561 1942 Πάλιν
578 1915 619 1945 εἰς
635 1914 680 1941 τὸν
697 1913 801 1941 καῦκον
817 1915 894 1944 ἔπιες

975 1918 1109 1948 :questrcs
1121 1914 1333 1949 peragebantur,
1352 1915 1379 1942 in
1392 1915 1501 1942 edendo
1511 1923 1543 1942 ac
1558 1915 1678 1943 bibendo
1693 1924 1751 1943 mo-

121 1965 206 1991 πάλιν
220 1964 266 1990 τὸν
281 1961 344 1988 νοῦν
359 1960 520 1993 ἀπώλεσας,
541 1969 551 1986 ι
569 1959 613 1994 ὲφ*
624 1955 647 1993 ᾧ
661 1960 709 1986 καὶ
723 1959 838 1991 πολλοὺς
853 1959 897 1986 ὲθα

975 1959 1031 1986 lum
1057 1960 1237 1993 excessisset,
1261 1968 1277 1987 a
1296 1960 1373 1995 plebe
1397 1968 1445 1995 per
1467 1960 1643 1995 ignominiam
1661 1962 1751 1988 verbis

122 2010 241 2037 νάτωσε.
255 2008 407 2038 Βλέποντες
421 2005 467 2033 οὖν
481 2006 506 2032 οἱ
521 2005 551 2032 ὲν
564 2005 636 2032 τέλει
648 2005 680 2032 τὺ
691 2005 747 2032 τῶν
759 2004 898 2040 ἀνθρώπω

975 2006 1122 2041 iujusmodi
1142 2010 1270 2033 notatus:
1292 2015 1301 2031 ι
1318 2006 1426 2033 Rursus
1439 2014 1454 2033 e
1468 2014 1553 2033 cauco
1570 2007 1676 2039 bibisti,
1689 2015 1750 2034 rur<

122 2056 227 2091 πλῆθος
244 2053 331 2081 πολλὰ
348 2053 456 2088 πάσχον
472 2051 558 2084 κακὰ,
581 2051 766 2087 δημευόμενον
779 2070 787 2084 ,
802 2051 853 2083 τὰς
871 2060 898 2078 κε

976 2059 1012 2078 ius
1023 2056 1140 2078 mentem
1151 2052 1286 2079 amisisti?
1300 2061 1308 2078 I
1329 2052 1364 2079 ob
1381 2051 1407 2079 id
1419 2052 1574 2080 convicium
1596 2054 1752 2088 complures

123 2101 214 2136 φαλάς
230 2098 446 2134 ἀφαιρούμενον,
459 2097 597 2132 γράφουσι
612 2097 681 2132 πρὸς
694 2097 739 2123 τὸν
753 2096 803 2131 τῆς
821 2097 899 2131 Ἀφρι

977 2101 1056 2123 norte
1086 2097 1223 2125 multavit.
1240 2097 1333 2132 Itaque
1348 2105 1410 2124 cum
1426 2098 1550 2125 viderent
1566 2106 1695 2133 proceres
1721 2107 1753 2126 ac

122 2148 177 2184 κῆς
196 2146 351 2182 στρατηγὸν
373 2143 550 2180 Ἡράκλειον,
567 2144 614 2170 καὶ
630 2142 660 2174 ὃς
677 2143 776 2171 αὐτίκα
793 2142 898 2177 κινηοεὶ

976 2142 1140 2176 magistratus
1156 2142 1195 2169 rei
1223 2142 1339 2177 publica:
1356 2150 1483 2178 magnam
1501 2143 1643 2170 hominum
1658 2145 1751 2171 inulti-

123 2192 221 2219 στόλον
235 2190 376 2225 ἑτοιμάςει
389 2189 437 2216 καὶ
449 2189 521 2215 κατὰ
532 2187 580 2214 τοῦ
592 2188 675 2214 Φωκᾶ
687 2187 809 2223 ἔρχεται,
823 2188 899 2222 φέρω

975 2187 1087 2214 ηυιιὶιιοιιι
1109 2187 1202 2215 multis
1224 2188 1294 2215 allici
1311 2189 1401 2221 malis,
1430 2188 1502 2216 bona
1528 2197 1577 2224 per
1589 2190 1751 2225 publicatio-

125 2238 175 2264 καὶ
185 2238 236 2272 τὴν
247 2234 457 2271 ἀχειροποίητον
469 2234 563 2260 εἰκόνα
572 2233 619 2260 τοῦ
630 2233 759 2268 Χριστοῦ.
769 2234 826 2268 Ἐφ’
834 2229 856 2267 ᾧ
868 2241 901 2259 κα

976 2241 1030 2261 rem
1059 2234 1154 2266 adimi,
1176 2234 1266 2269 capita
1292 2235 1415 2269 praecidi,
1438 2234 1471 2262 ad
1487 2235 1586 2264 Africae
1609 2242 1751 2271 praerorem

124 2261 255 2318 νενίκτὶκε
266 2261 433 2309 ἓὺνΙΦωκέν.
447 2280 503 2307 Καὶ
515 2280 612 2306 τούτου
626 2261 769 2314 γεξονὸτος
781 2261 898 2306 thin-terve

978 2279 1124 2306 leraclium
1150 2279 1257 2307 litteras
1283 2280 1408 2313 mittunt,
1433 2279 1480 2315 qui
1507 2261 1634 2315 [irecihtis
1657 2289 1751 2309 eorum

122 2338 168 2362 τις
186 2331 217 2355 ἐκ
234 2328 288 2355 τῶν
306 2327 479 2362 μεγιστάνων
497 2325 754 2361 προεπιῦουλευθεὶς
773 2326 848 2360 παρὰ
865 2333 898 2351 το

975 2330 1057 2353 notus
1071 2325 1202 2353 continuo
1224 2326 1340 2353 classem
1362 2331 1440 2360 parat
1466 2331 1494 2354 et
1507 2332 1605 2355 contra
1633 2328 1751 2356 Phocam

122 2376 209 2402 Φωκᾶ
223 2374 263 2405 είς
279 2374 328 2409 τὴν
344 2373 460 2407 σύζυγον
475 2371 558 2398 αὑτοῦ
577 2372 700 2407 εἰσῆλθεν
716 2371 814 2405 ἁθρόον
829 2372 868 2402 εὶς
882 2379 897 2397 τ

977 2371 1160 2404 proﬁciscitur,
1173 2371 1293 2398 atterens
1308 2379 1402 2399 secum
1417 2372 1490 2399 illam
1507 2372 1652 2407 imaginem
1674 2373 1753 2400 Chri-

124 2420 271 2452 παλὰτιον,
286 2419 333 2446 καὶ
344 2420 390 2446 τὸν
403 2418 518 2453 βασιλέα
529 2418 624 2444 Φωκᾶν
637 2417 739 2451 μέλανα
751 2417 900 2450 χιτωνίσκοτ

975 2417 999 2444 ui
1015 2425 1077 2452 quae
1093 2417 1219 2444 manibus
1234 2416 1304 2444 facta
1319 2424 1374 2444 non
1396 2421 1466 2444 erat.
1483 2417 1540 2445 Hoc
1556 2418 1637 2445 modo
1663 2418 1751 2445 Phoca

123 2467 243 2497 ὲνδύσας
258 2465 357 2492 αὐτίκα
370 2464 409 2499 τῷ
423 2463 576 2498 Ἡρακλείῳ
591 2463 732 2498 προσάγει.
748 2462 802 2489 Καὶ
816 2462 844 2494 ὃς
860 2463 899 2496 ἔφη

977 2468 1108 2498 mperato,
1127 2463 1262 2490 Photinus
1288 2463 1400 2497 quidam
1414 2482 1423 2496 ,
1447 2471 1518 2491 unus
1540 2471 1572 2490 ex
1598 2468 1753 2499 magnatum

125 2514 198 2549 πρὸς
208 2512 301 2539 αὐτόν·
318 2510 437 2543 «Οὕτως,
448 2510 535 2542 ἄθλιε,
543 2509 591 2544 τὴν
603 2508 821 2544 πόλινόιῴκησας
831 2517 854 2541 ;»
870 2517 901 2534 κα

977 2517 1097 2542 numero,
1114 2510 1191 2544 cujus
1209 2509 1301 2536 uxoris
1315 2509 1452 2544 pudicitia:
1468 2509 1575 2537 Phoeas
1589 2515 1668 2537 antea
1681 2515 1753 2537 stru-

125 2561 140 2585 ὁ
154 2560 266 2590 Φωκιῑς,
284 2558 336 2584 «Et:
355 2557 466 2584 κάλλιον
480 2556 617 2589 διοικῆσαι
631 2555 713 2590 ἔχεις.
734 2565 744 2581 ι
763 2551 855 2588 Ἐφίἷ›
870 2563 901 2581 κο

977 2560 1046 2583 [erat
1057 2555 1182 2588 insidias,
1195 2556 1287 2582 subito
1300 2555 1326 2582 in
1339 2555 1469 2591 palatium
1484 2556 1585 2591 irrupit
1598 2561 1625 2584 et
1635 2556 1753 2583 Pbocam

126 2607 222 2640 χεῖρας
245 2604 347 2635 εὺοίως
367 2603 498 2638 τέμνεται
518 2602 565 2628 καὶ
586 2602 688 2633 πόδας,
709 2601 739 2627 τὸ
760 2601 848 2635 δέρμα
867 2601 900 2634 τῆ

981 2605 1164 2635 mperatorem
1187 2601 1260 2635 pulla
1277 2605 1353 2629 veste
1378 2601 1502 2629 indutum
1531 2609 1595 2629 mox
1618 2601 1652 2629 ad
1669 2600 1753 2628 Hera-

128 2651 250 2686 ράχεως,
264 2649 299 2674 τὰ
314 2648 413 2679 αἰδοῖα,
429 2647 476 2673 καὶ
489 2645 575 2680 κοντῷ
588 2646 751 2680 ἀναρτᾶται,
764 2647 811 2671 καὶ
824 2644 902 2671 τελευ

978 2648 1052 2675 :lium
1067 2647 1188 2675 deducit.
1204 2648 1255 2681 Qui
1271 2655 1333 2675 cum
1352 2648 1471 2675 Phoeam
1491 2647 1583 2675 verbis
1595 2647 1670 2674 hisce
1680 2653 1754 2673 com-

126 2699 208 2723 ταϊον
225 2695 275 2729 τὴν
292 2694 414 2729 κεφαλὴν
430 2693 591 2728 ἀφαιρεῖται
613 2691 749 2726 μαχαίρᾳ.
767 2690 804 2717 Τὸ
825 2690 902 2726 μέντο

977 2694 1097 2722 )ellaret:
1118 2694 1219 2726 illane,
1236 2691 1335 2725 miser,
1348 2701 1404 2720 rem
1420 2693 1556 2728 publicam
1579 2691 1753 2719 administra-

127 2743 215 2776 σῶμα
235 2741 318 2767 αὑτοῦ
342 2740 492 2775 συρόμενον
510 2739 580 2766 κατᾶ
597 2737 647 2773 τὴν
665 2737 709 2764 τοῦ
733 2737 793 2772 βοὸς
815 2737 901 2772 ἀγορὰ

978 2738 1024 2765 ill?
1043 2747 1051 2764 I
1072 2739 1213 2774 respondit
1232 2737 1353 2765 Phocas:
1377 2747 1386 2763 ι
1404 2737 1465 2764 Tibi
1479 2743 1544 2763 vero
1559 2744 1608 2771 per
1622 2734 1665 2763 nie
1689 2735 1754 2764 licet

128 2789 199 2823 πυρὶ
216 2786 403 2822 παραδίδοται.

979 2790 999 2811 ιι
1014 2785 1115 2812 rectius
1140 2792 1201 2812 eam
1218 2792 1306 2819 geras.
1328 2794 1337 2810 ι
1367 2783 1437 2810 llinc
1462 2782 1487 2809 ei
1516 2787 1590 2809 recta
1608 2789 1705 2809 manus
1727 2788 1755 2809 et

129 2835 218 2870 pedes
241 2834 384 2867 amputati,
402 2832 473 2860 cutis
495 2832 577 2859 dorso
593 2831 726 2865 detracta,
751 2835 858 2859 exsecta
893 2832 1013 2859 verenda
1049 2837 1076 2859 et
1093 2831 1178 2860 hastae
1209 2832 1297 2866 allixa,
1326 2835 1407 2868 caput
1427 2829 1543 2864 denique
1570 2828 1660 2865 gladio
1684 2829 1753 2857 reci-

258 2881 391 2910 l’s'rttoL.
411 2879 468 2909 Gn.
489 2877 621 2908 CLVlll.
1560 2877 1594 2906 Π
