1960 3075
109 110 158 141 525
192 126 195 129 λ

110 168 226 200 καὶτοὺς
239 169 360 203 βασιλεῖς
375 172 458 207 μηδὲν
472 182 499 200 τι
509 175 640 209 πράττειν
655 177 720 203 ἄνευ
738 177 840 204 αὐτῶν.
861 177 890 204 '0

110 213 172 247 γοῦν
196 215 326 247 κάκιστος
343 218 481 246 κοινοῦται
499 221 546 246 καὶ
563 222 669 253 τούτοις
695 222 729 248 τὰ
743 222 791 257 τῆς
807 223 889 250 ἀθέου

109 259 219 295 γνώμης
236 262 331 295 αὑτοῦ,
346 264 394 291 καὶ
410 265 448 300 μὴ
463 265 533 300 ἔχων
548 268 723 299 καταπειθεῖς
739 269 830 303 εὑρεῖν
843 270 892 296 αὺ-

110 307 169 337 τοὺς
184 305 252 342 ὕλην
268 310 453 345 περισωρεύει
475 311 624 344 εὐέξαπτον
639 314 732 350 κύκλῳ
751 314 797 341 τοῦ
816 315 887 342 θείου

109 352 184 383 ναοῦ,
206 353 255 380 καὶ
268 354 323 389 πῦρ
341 355 460 390 dedunt
485 357 609 393 λιπαρδν,
636 360 683 386 καὶ
706 360 796 388 πάντα
819 361 889 395 ὁμοῦ

111 397 290 432 καταφλέγει,
302 399 366 432 τούς
379 408 410 427 τε
426 402 515 434 θείους
527 403 650 436 ἑκιίνους
662 404 763 440 ἄνδρας
777 407 825 432 καὶ
841 407 890 433 σὺν

111 443 200 474 αὐτοῖς
213 444 264 475 τὰς
279 445 404 479 βίσλουςτ
720 452 725 455 ’

110 494 269 517 coacervata
298 491 393 526 cingit,
415 499 476 528 quas
512 495 603 530 ignem
626 495 706 524 facile
736 497 906 533 conciperet.

110 534 210 566 exurit,
230 540 285 563 tam
300 536 410 566 divinos
424 540 492 567 istos
505 540 631 570 homines
644 550 726 578 quam
740 543 837 572 libros.

146 594 214 621 Κατ’
226 595 315 622 ἐκεῖνο
329 597 357 624 δὲ
374 598 471 634 καιροῦ
488 601 536 627 καὶ
560 601 689 634 πλούσιός
709 612 751 636 τις
767 601 801 639 ἦν
815 604 892 639 ἐλεη-

115 641 242 674 μοσύναις
250 643 317 677 ὁμοῦ
330 645 378 671 καὶ
394 647 535 681 πορνείαις
552 649 653 682 συζῶν,
666 652 715 678 καὶ
729 651 800 678 οὕτω
812 660 895 678 κατα-

113 688 237 721 γηράσας
253 689 383 718 ἀπέθανε.
401 690 509 719 Γίνεται
525 692 572 721 οὖν
586 695 682 727 στάσις
701 697 826 731 περὶτοῦ
842 698 895 724 ποῦ

110 734 136 778 όᾷ
153 732 273 765 τοιοῦτος
286 736 436 765 τέτακται·
462 739 487 765 οί
519 740 570 775 μιν
584 741 637 776 γὰρ
660 742 753 776 ἔλεγον
780 743 897 778 ἄμωμον

112 776 181 805 εἶναι
197 780 237 805 δεῖ
250 780 300 815 τὴν
314 782 511 820 ἐλεημοσύνην,
530 786 554 812 oi
569 786 597 813 δὲ
609 788 696 823 ταύτῃ
712 776 892 824 καθαίρεσθαι

723 120 926 151 ANNALIUM
944 122 1043 152 PARS
1063 123 1109 154 ιν.

1676 120 1728 151 526

905 191 928 220 Α
942 179 1045 214 absque
1059 179 1186 207 mercede
1197 188 1229 206 ac
1244 180 1354 214 prmmiu
1370 179 1524 214 disciplinis
1538 178 1650 213 optimis
1663 186 1726 205 eru-

944 225 1067 253 diebant.
1082 227 1170 260 Atque
1187 226 1283 253 horum
1299 226 1334 253 ob
1345 225 1474 253 virtutetn
1490 229 1563 252 tanta
1579 224 1725 251 celebritas

944 275 1016 302 erat,
1036 274 1065 297 ut
1087 278 1120 297 ne
1141 270 1193 304 ipsi
1217 269 1328 305 quidem
1356 270 1537 304 imperatores
1564 270 1667 304 aliquid
1693 269 1727 296 iis

942 323 998 343 non
1012 317 1146 343 consultis
1160 322 1284 352 agerent.
1296 316 1365 343 Cum
1383 316 1427 343 his
1440 324 1506 351 ergo
1521 316 1563 343 vir
1577 315 1727 350 improbis-

941 362 1029 389 simus
1046 362 1209 390 sententiam
1222 369 1300 389 suam
1315 362 1426 397 impiam
1443 362 1638 392 communicat,
1653 369 1728 388 eum-

943 415 997 442 que
1020 415 1115 442 parum
1135 415 1185 435 eos
1214 407 1273 435 suis
1299 407 1456 435 rationibus
1483 407 1606 436 tribuere
1630 409 1728 443 tlcprc—

943 453 1099 484 henderet,
1115 453 1238 488 undique
1262 452 1383 480 divinam
1409 453 1480 480 hanc
1502 454 1588 480 aedem
1614 453 1728 480 materie

945 498 1012 526 Inde
1036 498 1150 534 pingues
1184 498 1209 526 ei
1233 498 1307 526 faces
1329 498 1451 534 snhjicit,
1476 498 1623 533 omniaque
1646 497 1729 525 simul

978 603 1090 631 Exstitit
1105 602 1202 630 iisdem
1218 602 1555 638 temporibusvirquidam
1570 603 1728 638 opulentus.

943 649 991 684 qui
1004 652 1031 676 et
1044 648 1255 676 beneficentiam
1271 649 1298 675 in
1313 656 1449 683 pauperes
1461 648 1572 684 largiter
1586 650 1731 678 exercebat

944 688 973 723 et
999 695 1061 729 plus
1087 703 1166 729 aequo
1197 694 1305 721 deditus
1333 699 1394 721 erat
1426 694 1655 724 scortationibus.
1680 696 1730 724 Ubi

944 741 1147 772 consenuisset,
1170 740 1280 767 tandem
1307 745 1412 767 natum
1436 740 1561 769 debitum
1586 741 1730 776 persolvit.

946 789 984 816 ibi
1005 788 1039 816 de
1060 788 1112 815 hoc
1136 787 1203 815 oriri
1232 787 1418 815 dissensiones
1433 793 1588 823 cmperunt,
1610 796 1731 823 quonam

112 825 143 850 τὰ
160 825 356 878 ἁμαρτήματα·
376 828 585 866 διισχυρίζοντο.
609 834 766 869 Δεηθέντων
783 835 829 862 οὖν
846 837 893 863 τοῦ

949 833 1109 861 referendus
1122 838 1208 861 esset.
1227 833 1333 868 Quippe
1348 834 1474 861 nonnulli
1497 834 1608 862 aiebant
1628 835 1730 862 benefi-

112 871 282 906 πατριάρχου
293 881 323 899 τε
343 874 484 910 Ῥωμανοῠ
500 878 548 905 καὶ
563 879 618 906 τῶν
637 880 768 915 θεοφιλῶν
783 882 894 909 ἐπισκό-

114 924 172 942 πων
185 917 232 943 τού
252 918 319 946 Θεοῦ
339 922 404 956 περὶ
428 923 534 956 τούτου,
562 926 746 963 ἀπεκαλύφθη
773 928 826 955 τινὶ
851 930 896 962 ὲγ-

112 963 238 999 κλείστῳ.
248 964 337 1002 Ἐώρα
353 967 408 1002 γὰρ
423 969 549 996 ἐντεῦθεν
567 971 617 1005 μὲν
633 973 812 1008 παράδεισον,
825 975 896 1001 ἐκεῖ·

111 1008 157 1035 θεν
172 1010 200 1036 δὲ
219 1010 306 1045 φλόγα
328 1014 416 1048 πυρὸς
434 1015 577 1051 μεγίστην,
596 1017 678 1052 μέσον
690 1019 718 1045 δὲ
736 1019 782 1054 τον
800 1021 895 1046 τελευ-

111 1056 235 1090 τήσαντα
262 1058 368 1086 ἑστῶτα
397 1061 444 1087 καὶ
472 1061 545 1096 μέγα
574 1065 757 1096 στεγάζοντα·
773 1066 843 1100 πρὸς
867 1066 896 1093 ὃν

112 1102 227 1135 ἄγγελος
245 1103 331 1131 ἐλθὼν
346 1104 423 1132 εἶπε¹
445 1116 455 1133 ι
473 1107 507 1134 Τί
524 1109 596 1143 μέγα
614 1110 755 1143 στενάζεις
767 1120 774 1144 ;
787 1113 803 1147 ἡ
818 1112 897 1148 ἐλεη-

114 1149 218 1195 μοσύνη
240 1158 286 1176 σου
304 1152 438 1188 ὲρῤύσατό
452 1164 481 1181 σε
497 1156 547 1190 τῆς
559 1156 669 1192 φλογός.
691 1168 700 1184 ι
715 1159 897 1195 Μανθάνομεν

112 1193 159 1221 οὖν
175 1196 299 1223 ἐντεῦθεν
312 1199 353 1225 ὁτι
368 1199 399 1226 οὗ
415 1201 544 1228 τοσοῦτον
557 1203 695 1238 ὠφελήσει
713 1204 742 1231 τὸ
763 1193 897 1240 ἀργύριον

113 1242 145 1268 ὲιι
162 1243 290 1278 ρυπαρᾶς
313 1246 404 1280 χειρδς
418 1247 568 1282 διδόμενον.
587 1249 669 1277 Ἀλλὰ
697 1250 745 1276 καὶ
766 1251 860 1285 Ζήνων
883 1251 897 1277 ὁ

113 1287 251 1321 βασιλεὺς,
267 1291 304 1322 ῶς
318 1292 369 1318 πού
388 1302 482 1327 φησιν,
497 1295 581 1330 ἐμίγη
594 1297 707 1329 γυναικὶ
722 1297 848 1332 παρθένῳ
863 1294 897 1333 ἧς

111 1335 128 1368 ἠ
160 1335 252 1371 μήτηρ
278 1337 314 1372 μὴ
339 1338 462 1373 φέρουσα
485 1340 515 1366 τὸ
532 1341 641 1374 συμϐὰν
667 1342 717 1378 τήν
745 1343 897 1378 ἀειπάρθε-

112 1388 157 1406 νον
183 1382 287 1409 ἱκέτευε
309 1384 439 1411 Θεοτὸκον
452 1386 571 1418 ἐκτενῶς
585 1387 656 1414 ὥστε
681 1388 773 1414 λαϐεῖν
789 1390 899 1425 ἐκδίκη-

112 1435 164 1452 σιν.
179 1427 234 1454 Καὶ
248 1428 349 1463 ήκουσε
366 1430 442 1462 θείας
453 1431 559 1458 ἐκεῖθεν
572 1433 664 1468 φωνῆς
679 1433 754 1461 οὕτω
764 1435 898 1470 λεγούσης

946 880 1066 907 centiam
1084 879 1166 914 282
1190 879 1217 906 in
1237 887 1375 914 pauperes
1400 885 1541 914 expertem
1569 880 1639 907 labis
1663 885 1691 908 et
1717 889 1731 908 a

945 926 1021 954 vitiis
1042 925 1192 952 immunem
1209 933 1269 952 esse
1293 925 1405 953 debere.
1430 925 1483 953 Alii
1509 930 1605 952 contra
1620 927 1731 961 purgari

945 977 973 999 et
988 973 1094 1007 expiari
1116 972 1217 999 delicta
1232 979 1280 1006 per
1295 972 1368 999 hanc
1389 971 1600 1000 beneficentiam
1625 980 1733 1000 aSScrc-

946 1018 1022 1046 bant.
1032 1018 1122 1051 Quare
1134 1026 1196 1045 eum
1209 1018 1280 1045 hanc
1290 1018 1325 1044 ob
1340 1025 1449 1045 causam
1464 1017 1604 1045 Romanus
1617 1018 1733 1052 patriar-

946 1063 996 1090 cha
1008 1067 1036 1090 et
1051 1062 1172 1097 religiosi
1192 1063 1330 1090 antistites
1353 1063 1440 1090 Deum
1468 1068 1607 1098 rogarent,
1623 1063 1732 1090 tandem

947 1108 1094 1144 patefactio
1111 1109 1234 1143 quaedam
1247 1109 1307 1136 viro
1322 1108 1349 1136 in
1366 1109 1543 1137 solitudinem
1562 1109 1655 1136 abdito
1669 1117 1734 1136 con-

947 1155 1017 1190 tigit.
1036 1154 1143 1182 Etenim
1160 1154 1272 1182 videbat
1289 1155 1323 1182 ab
1340 1162 1394 1181 una
1417 1159 1495 1189 parte
1516 1154 1683 1189 paradisum,
1699 1155 1733 1182 ab

948 1201 1034 1228 altera
1050 1201 1185 1228 flammam
1201 1201 1272 1236 ignis
1287 1200 1444 1232 maximam,
1459 1200 1487 1227 in
1508 1201 1599 1228 medio
1615 1205 1733 1228 stantem

948 1254 979 1274 ac
994 1246 1074 1274 valde
1090 1247 1313 1282 ingemiscentem
1326 1255 1389 1274 eum
1407 1247 1454 1282 qni
1469 1247 1553 1274 vitam
1572 1247 1734 1281 reliquera'.

949 1293 1020 1321 Hinc
1034 1293 1161 1327 angelum
1180 1292 1369 1326 accedentem,
1386 1294 1432 1328 qui
1450 1293 1550 1320 talibus
1566 1293 1654 1326 ipsum
1672 1301 1736 1319 ver-

948 1339 991 1367 bis
1016 1339 1230 1374 alloqueretur:
1259 1349 1268 1365 ι
1297 1339 1353 1367 Cur
1378 1343 1523 1373 tantopere
1555 1338 1737 1374 ingemiscis?

947 1385 1130 1413 beneﬁcentia
1147 1385 1174 1412 in
1190 1393 1324 1420 pauperes
1338 1389 1383 1412 tua
1399 1389 1424 1412 te
1439 1385 1557 1412 ﬂaminis
1572 1385 1648 1412 hisce
1665 1385 1721 1411 libo

950 1432 1031 1459 ravit.
1050 1441 1059 1458 ι
1082 1431 1120 1459 De
1135 1439 1190 1466 quo
1204 1431 1331 1466 exemplo
1345 1431 1479 1458 discimus
1493 1432 1637 1465 pecuniam
1653 1438 1735 1458 manu

114 1472 182 1507 πρδς
199 1474 285 1509 αὑτήν
295 1483 302 1491 ·
319 1486 328 1501 ι
345 1475 464 1512 Θέλομεν
478 1478 620 1512 ἐκδικῆσαι
634 1488 675 1512 σε,
689 1477 711 1507 ὦ
724 1481 804 1515 γύναι
819 1490 825 1498 ·
840 1483 897 1509 ἀλλ’

951 1477 1096 1512 inquinata
1116 1478 1304 1512 sordenthue
1324 1476 1452 1504 donatam
1478 1485 1533 1504 non
1562 1484 1650 1511 usque
1667 1477 1736 1503 adeo

111 1519 128 1552 ἡ
148 1519 222 1552 δεξιὰ
237 1521 341 1548 ἐκείνου
356 1523 467 1557 ποιῆσαί
485 1532 518 1559 με
534 1525 621 1556 οὕτως
643 1526 694 1552 οὐκ
715 1526 824 1561 ἀφίησι.
840 1537 848 1554 ι
867 1528 897 1554 '0

950 1523 1132 1558 largientibus
1158 1523 1344 1558 profuturam,
1360 1529 1391 1550 ut
1416 1522 1543 1549 nonnulli
1563 1522 1734 1550 existimant.

110 1564 138 1590 δὲ
161 1564 293 1599 Θεολόγος
314 1567 466 1603 Γρηγόριος
489 1569 558 1604 πρὸς
572 1568 719 1604 ἀκρίϐειαν
743 1571 897 1605 νομοθετῶν

950 1570 1047 1598 Itidem
1070 1569 1228 1604 accepimus
1250 1569 1389 1597 Zenonem
1421 1569 1615 1604 imperatorem
1634 1569 1735 1603 virgini

111 1610 199 1640 οὕτως
214 1610 329 1646 εὓρηται
343 1613 446 1648 λέγων·
471 1622 480 1639 ι
500 1613 637 1649 Μίσθωμα
651 1615 751 1650 πόρνης
766 1616 851 1651 ἁγνὸς
865 1617 897 1643 οὐ

950 1617 1060 1644 cuidam
1080 1616 1177 1644 vitium
1193 1615 1346 1648 obtulisse;
1363 1615 1443 1651 cujus
1466 1619 1554 1642 mater
1576 1615 1672 1650 iniquo
1689 1623 1736 1642 ca-

114 1656 267 1690 μερίζεται.
285 1667 294 1683 ι

950 1670 1011 1689 sum
1033 1662 1106 1689 hunc
1126 1662 1218 1689 animo
1240 1660 1341 1694 ferens,
1365 1662 1574 1689 continentibus
1597 1665 1736 1696 perpetua:

113 1702 150 1729 illi
171 1703 346 1738 Deiparrcquc
360 1704 464 1740 Virgini
484 1706 613 1740 precibus
629 1707 837 1742 supplieaverit,
865 1711 895 1735 ut
912 1707 1019 1735 facinus
1035 1708 1107 1735 istuc
1135 1707 1303 1742 impunitum
1322 1715 1375 1735 non
1410 1707 1591 1742 relinqueret.
1611 1707 1734 1734 Tandem

111 1749 146 1776 ab
159 1757 192 1776 ea
212 1750 332 1785 divinam
347 1753 492 1787 quamdatn
509 1761 617 1788 vocem,
651 1755 810 1790 huiusmodi
844 1755 928 1782 verba
948 1755 1144 1790 proferentem,
1158 1755 1279 1782 auditam
1291 1763 1351 1783 esse
1365 1763 1372 1780 :
1390 1765 1400 1781 ι
1416 1755 1548 1791 Cupimus
1560 1763 1610 1783 nos
1623 1755 1734 1790 quidem

113 1796 243 1830 injuriam
278 1798 326 1825 tibi
347 1798 457 1833 factam,
478 1800 585 1832 ulcisci,
615 1801 727 1834 mulier,
747 1809 841 1828 verum
858 1801 978 1829 Zenonis
994 1801 1091 1829 dextra
1112 1809 1162 1830 nos
1177 1801 1204 1828 id
1239 1801 1332 1830 facere
1348 1809 1521 1836 nequaquam
1546 1801 1622 1829 sinit.
1639 1811 1649 1827 ›
1667 1801 1735 1829 Gre-

112 1843 206 1877 gorius
230 1849 332 1874 autem.
353 1850 535 1879 cognomento
563 1846 737 1882 Theologus,
765 1853 908 1875 accuratas
929 1844 1038 1883 pietatis
1072 1848 1146 1883 leges
1165 1847 1270 1879 ferens,
1287 1848 1389 1876 alicubi
1404 1849 1512 1876 locutus
1528 1848 1555 1876 in
1577 1848 1634 1876 haec
1651 1849 1736 1876 verba

113 1889 270 1924 ru-pcritur:
289 1899 298 1916 ι
318 1890 401 1924 Deus,
413 1891 461 1926 qui
478 1900 563 1927 purus
582 1897 642 1926 est,
661 1901 715 1921 tton
735 1895 795 1922 vult
810 1894 894 1922 scorti
916 1895 1054 1923 mercedis
1066 1895 1206 1931 particeps
1223 1902 1294 1923 esse.
1314 1904 1323 1921 ι

154 1957 281 1991 Ἐγένετο
301 1957 330 1984 δὲ
347 1958 394 1984 καὶ
416 1958 446 1986 ιν
459 1960 492 1995 τῇ
509 1959 602 1996 Ῥώμῃ
618 1960 741 1988 τοιοῦτόν
755 1970 793 1988 τι.
807 1962 897 1989 Μονα-

983 1961 1135 1990 Perhibent
1144 1963 1226 1990 etiam
1238 1962 1333 1990 Roma:
1346 1962 1477 1997 quiddam
1494 1962 1653 1998 huiusmodi
1663 1965 1737 1992 acci-

111 2004 161 2038 χός
183 2012 226 2035 τις
248 2004 408 2040 ἀφορισθιὶς
432 2005 485 2032 ὑπὸ
511 2005 663 2042 Γρηγορίου
691 2007 739 2034 τοῦ
764 2008 842 2034 πάπα
861 2008 897 2040 ὡς

949 2007 1033 2035 disse.
1053 2007 1168 2041 Quidam
1192 2007 1324 2035 solitariae
1339 2007 1402 2035 vitae
1421 2012 1543 2036 sectator
1573 2016 1587 2036 a
1603 2008 1736 2044 Gregorio

113 2051 191 2084 παρὰ
216 2050 331 2085 γνώμην
350 2050 398 2077 τοῦ
413 2051 570 2086 ἡγουμένου
586 2052 668 2079 αὐτοῦ
694 2053 741 2080 καὶ
763 2053 841 2088 παρὰ⁴
854 2053 897 2081 τὸν

949 2061 1019 2088 papa
1037 2053 1304 2085 excommunicatus,
1321 2054 1412 2089 utqui
1440 2058 1537 2082 contra
1565 2055 1736 2084 voluntatem

112 2096 216 2131 θεσμὸν
228 2096 275 2123 τοῦ
292 2097 475 2132 μοναστηρίου
490 2097 537 2124 τοῦ
555 2098 638 2125 αὑτοῦ
654 2099 807 2135 Γρηγορίου
821 2100 897 2135 ποιή-

951 2099 1076 2134 praesidis
1090 2104 1118 2127 et
1131 2100 1306 2134 prmscriptas
1324 2100 1493 2128 monasterio
1507 2101 1582 2136 leges
1597 2109 1612 2129 a
1631 2102 1738 2137 Grego-

113 2153 164 2175 σας
178 2153 217 2174 τι,
235 2143 294 2178 μετ’
317 2143 410 2178 ὀλίγας
435 2145 612 2178 ἐτελεύτησεν
628 2146 745 2181 ἡμέρας.
761 2146 850 2182 ’Θπερ
870 2148 897 2174 ἁ-

952 2144 994 2171 rio
1011 2145 1139 2172 nonnihil
1154 2145 1328 2180 deliquisset.
1347 2145 1445 2180 paucis
1459 2145 1560 2174 diebus
1583 2146 1738 2182 interiectis

112 2189 217 2220 καύσας
233 2190 247 2216 ὁ
261 2190 354 2221 πάπας
370 2190 496 2224 μεγάλως
508 2190 642 2227 ἐλυπήθη,
665 2191 732 2218 διότι
748 2191 870 2225 ἀπῆλθεν
885 2192 897 2218 ti

954 2188 1036 2216 vitam
1062 2197 1125 2217 cum
1149 2195 1238 2218 morte
1263 2190 1454 2218 commutavit.
1487 2190 1525 2218 Ea
1552 2198 1582 2218 re
1612 2192 1738 2218 nuntiata

112 2236 230 2270 ἀδελφὸς
262 2236 392 2270 ἐξαίφνης
412 2236 553 2270 δεδεμένος
573 2236 622 2264 ὥν.
650 2237 707 2264 Καὶ
737 2237 847 2272 γράψας
872 2238 902 2264 ἐν

112 2283 206 2319 χάρτῃ
231 2282 313 2318 εὐχὴν
330 2282 447 2309 λύουσαν
473 2282 665 2317 τῶνίδεσμῶν
691 2283 737 2310 τὸν
765 2283 902 2310 τεθνεῶτα

112 2329 198 2356 ἔδωκέ
212 2338 264 2356 τινι
277 2329 393 2364 διακόνῳ
405 2328 492 2356 εἰπών
503 2337 512 2345 '
530 2338 540 2356 ‹
561 2329 680 2356 Ἀπελθε
692 2329 740 2356 ἐπὶ
754 2329 800 2356 τὸν
815 2330 903 2364 τάφον

111 2374 163 2402 τοῦ
179 2374 306 2408 ἀδελφοῦ,
337 2374 393 2401 Καὶ
411 2374 548 2408 ἀνάγνωθι
574 2375 669 2410 αὑτήν.
695 2384 704 2401 ι
720 2375 775 2401 Καὶ
800 2375 900 2402 τούτου

112 2421 265 2456 γενομένου
281 2421 380 2455 θεωρεῖ
393 2423 406 2448 ὁ
425 2421 577 2455 ἡγούμενος
598 2421 660 2448 κατ’
681 2421 750 2456 ὕναρ
764 2421 810 2448 τὸν
826 2421 903 2448 ἀδελ-

113 2468 178 2502 φὸν,
197 2466 246 2494 καὶ
258 2467 332 2500 λέγει
346 2466 420 2501 αὐτῷ
431 2475 440 2483 ο
459 2476 468 2493 ‹
484 2467 582 2502 Δύπην
593 2467 701 2502 ἔχομεν,
716 2467 824 2501 ἀδελφὲ,
839 2468 904 2502 περὶ

114 2513 178 2546 σοῦ,
197 2513 239 2539 ὅτι
253 2513 394 2548 δεδεμένος
406 2513 604 2549 ὲτελεύτησας’
623 2513 684 2541 εἰπὲ
695 2513 741 2540 οὖν
756 2514 823 2549 ἡμῖν
845 2514 902 2545 πῶς

113 2560 175 2594 εχει
192 2559 226 2586 τὰ
238 2559 308 2586 κατά
320 2567 367 2593 σος
392 2560 440 2586 καὶ
452 2559 482 2590 ὃς
495 2559 655 2594 ἀποκριθεὶς
670 2558 748 2586 εἷπεν
759 2567 766 2575 ·
783 2560 902 2591 Ὄντως,

114 2606 219 2640 πάτερ,
249 2606 288 2637 εἰς
305 2605 430 2641 φυλακὴν
456 2606 530 2641 ήμην
555 2606 609 2637 ἓως
633 2605 711 2640 χθέςο
739 2606 858 2640 σήμερον
874 2606 904 2633 δὲ

113 2651 300 2685 ἁπο).έλυμαι.
318 2661 328 2678 ι
344 2653 400 2680 Καὶ
412 2652 537 2687 ἐγνώσθη
553 2653 636 2680 πᾶσιν
649 2653 691 2680 ὅτι
705 2653 767 2680 καθ’
781 2653 814 2688 ἢν
828 2654 903 2688 ὤραν

113 2697 225 2731 ἀνέγνω
241 2698 255 2724 ό
274 2698 397 2730 διάκονος
410 2698 460 2733 τὴν
486 2699 569 2733 εὐχὴν
594 2699 640 2725 ἐπὶ
660 2699 708 2725 τοῦ
734 2699 832 2732 τάφου,
855 2700 902 2725 τοῦ

114 2742 219 2778 δεσμοῦ
248 2744 408 2778 παραδόξως
424 2746 438 2771 ὁ
462 2744 576 2779 ἀδελφὸς
592 2744 773 2780 ἠλευθέρωτο.
788 2745 858 2771 "Oa:
875 2745 903 2771 δὲ

114 2789 231 2822 δύνᾳ-ται
246 2789 260 2815 ὁ
277 2790 352 2824 παρὰ
366 2790 420 2816 τῶν
438 2791 533 2826 ἱερέων
546 2791 716 2825 ἐπειγόμενος
732 2790 842 2825 δεσμὸς,
857 2791 906 2825 δῆο

117 2828 164 2861 λον
184 2834 321 2862 ἐντεῦθεν.
344 2835 387 2863 Ἐν
405 2837 436 2872 τῇ
448 2837 664 2872 iniretur-.225,
685 2836 802 2872 'Iztop’q
818 2836 903 2864 Φίλω-

953 2243 1120 2272 magnopere
1134 2237 1284 2272 Gregorius
1297 2236 1426 2268 indoluit.
1436 2236 1548 2264 fratrem
1562 2237 1637 2264 illum
1653 2245 1670 2265 ο
1682 2238 1737 2265 vita

953 2282 1044 2310 subito
1059 2282 1192 2317 migrasse
1205 2283 1293 2310 sacris
1307 2283 1399 2310 adhuc
1409 2283 1529 2310 vinculis
1545 2284 1744 2316 constrictum.

952 2327 1048 2362 Itaque
1064 2328 1195 2362 scriptam
1216 2327 1244 2355 in
1260 2328 1355 2355 charta
1371 2328 1570 2363 precationem,
1587 2336 1641 2363 qua
1665 2337 1740 2356 mor-

953 2378 1032 2401 tuum
1048 2372 1167 2401 vinculis
1179 2373 1238 2401 istis
1252 2373 1396 2406 eximeret,
1410 2373 1538 2401 ministro
1551 2374 1660 2402 cuidam
1674 2381 1738 2402 cum

953 2419 1031 2446 hisce
1046 2419 1145 2446 verbis
1164 2418 1294 2446 tradidit:
1319 2427 1328 2444 ι
1344 2418 1395 2446 Abi
1411 2418 1445 2446 ad
1462 2419 1619 2454 sepulcrum
1645 2420 1739 2447 fratris

954 2465 1039 2497 illius,
1059 2471 1087 2492 et
1113 2465 1299 2499 precationem
1323 2465 1395 2492 hanc
1419 2464 1537 2500 pellege.
1555 2473 1565 2491 ι
1592 2465 1669 2498 Quod
1691 2465 1738 2492 ubi

955 2513 1056 2540 factum
1083 2511 1198 2545 fuisset,
1231 2511 1393 2539 monasterii
1415 2518 1518 2545 praeses
1542 2518 1592 2545 per
1617 2511 1738 2546 quietem

955 2557 1068 2585 fratrem
1093 2558 1168 2585 hunc
1198 2556 1344 2592 conspicit.
1366 2556 1427 2585 Mox
1454 2563 1517 2583 eum
1545 2556 1713 2590 compellans
1729 2576 1737 2586 .

958 2614 966 2630 I
983 2605 1041 2632 Tua
1061 2611 1145 2632 causa
1172 2604 1263 2631 maesti
1290 2611 1401 2636 sumus,
1418 2611 1434 2631 ο
1459 2603 1554 2634 frater,
1587 2603 1636 2633 ait,
1665 2601 1738 2636 quod

954 2651 1073 2678 vinculis
1095 2650 1182 2678 sacris
1206 2650 1308 2685 ligatus
1334 2649 1448 2677 obieris.
1471 2648 1653 2681 Quamobrem
1678 2647 1738 2678 (lic,

954 2696 1171 2727 obsecro,nobis
1185 2703 1303 2731 quonam
1319 2694 1347 2722 in
1365 2699 1439 2722 statu
1450 2698 1478 2722 et
1493 2692 1654 2721 conditione
1671 2691 1736 2719 sis.»

955 2741 1029 2769 Tum
1049 2742 1094 2769 ille
1111 2743 1298 2776 respondens,
1321 2750 1330 2767 ι
1351 2740 1466 2772 Revera,
1491 2738 1591 2773 inquit,
1616 2745 1633 2765 ο
1650 2741 1739 2772 pater.

954 2787 987 2815 ad
1004 2788 1163 2815 hesmrnum
1181 2795 1267 2821 usque
1281 2787 1354 2814 diem
1368 2793 1480 2813 carcere
1494 2784 1614 2819 quodam
1626 2785 1740 2812 clausus

955 2835 1015 2863 fui:
1035 2841 1130 2862 verum
1152 2834 1232 2861 hodie
1249 2833 1357 2861 solutus
1383 2841 1414 2860 ac
1439 2832 1509 2860 liber
1528 2831 1617 2860 fectus
1633 2838 1703 2860 sum.
1724 2840 1733 2858 ο
