1960 3075
151 131 207 165 Ξ29

779 140 877 171 ΛΧΝΛ
883 141 985 171 ῙᾸΗΜ.
1000 142 1041 172 ΡΛ
1047 144 1094 174 RS
1115 145 1160 177 ιν.
1716 147 1768 178 530

150 187 304 237 ςῶνταμιιαὶ
318 188 473 224 ὀφθαλμοὺς
491 191 640 228 ἑξορύττει,
657 195 705 221 καὶ
721 195 834 231 κράτωρ
853 194 927 229 αὖθις

984 199 1068 226 basdo
1093 200 1223 230 conserit.
1249 201 1363 228 victoria
1394 201 1419 228 vi
1447 202 1560 237 potitur,
1586 203 1767 231 Artabasdum

150 233 364 260 ἀποκαθίσταται
390 235 404 261 ὁ
432 236 557 272 δεύτερος
582 238 667 270 ὅντως
694 240 860 273 Ἰουλιανός·
887 244 934 269 άν-

150 277 275 312 θρώπους
297 281 343 307 καὶ
363 279 417 314 γάρ
433 281 495 307 ἔθυε
508 283 540 318 τῇ
559 283 715 322 Ἀφροδίτῃ.
732 286 815 312 Ὅθεν
834 288 881 314 καὶ
904 289 933 314 ὲν

148 323 208 351 ταῖς
222 322 340 357 ἡμέραις
363 324 446 351 αὑτοῦ
467 327 609 362 νοσήματα
623 329 730 362 χαλεπὰ
746 331 816 357 κατὰ
831 331 933 366 θεομη-

149 367 209 393 νίαν
232 367 397 401 συνέὸαινον,
412 367 559 399 κάντεῦθεν
585 373 730 400 θανατικὺν
755 375 867 409 γέγονεν
884 377 933 413 ἄῤ-

149 413 240 447 ῥητον.
256 414 346 449 Φθορὰ
368 416 422 450 γὰρ
448 417 599 452 ἀνθρώπων
623 419 774 454 τηνικαῦτα
798 421 933 449 ἐπέπεσεν

147 458 228 486 ὁποία
252 459 284 495 δὴ
309 461 356 487 καὶ
376 462 406 487 ὲν
428 463 487 494 ταῖς
504 464 621 499 ἡμέραις
645 465 836 494 Ἰουστινιανοΰ
850 475 858 483 ·
874 468 933 495 ὀλό-

147 502 243 537 κληροι
267 504 322 539 γὰρ
347 505 526 541 ἐκλείσθησαν
549 507 629 536 οἴκοι.
647 509 728 537 Ἀλλά
754 512 800 538 καὶ
815 512 932 547 δείματα

147 548 252 584 φοϐερὰ
266 549 359 584 ἑώρων
372 551 396 577 οί
414 551 551 585 ἄνθρωποι
561 562 568 570 ·
581 555 619 586 ὼς
635 556 664 582 ἐν
678 556 805 584 ἐκστάσει
815 558 863 584 καὶ
878 558 932 593 γὰρ

146 594 283 628 γινόμενοι
306 596 415 624 ἐδόκουν
440 599 619 634 ἐντυγχάνειν
643 601 757 637 ἀνδράσι
773 603 829 630 τισὶ
853 605 932 638 βρια-

148 641 214 674 ροῖς.
235 641 302 668 Τότε
327 644 375 669 καὶ
398 643 484 678 ψῦχος
511 645 617 678 γίνεται
646 646 717 681 μέγα
745 649 793 675 καὶ
822 649 930 684 πιάιρδν,

146 687 216 714 ὥστε
242 689 289 716 καὶ
312 689 361 724 τὴν
384 691 511 727 ἀρκτῴαν
533 692 581 719 τοῦ
606 693 707 720 Πόντου
727 694 862 729 παράλιον
884 695 931 722 ἐπὶ

149 733 225 767 μίλια
248 738 272 769 ρ’
293 735 496 772 άπολιθωθῆναι
517 738 547 765 τδ
567 738 686 772 πέλαγος
708 740 741 766 ὲκ
755 740 801 766 τοῦ
818 741 929 776 κρύους,

147 779 187 808 εἰς
215 778 243 805 δὲ
269 779 351 814 βάθος
380 781 426 808 ἐπὶ
451 782 552 817 πήχεσι
577 782 610 816 λ’,
626 783 640 809 ὃ
665 783 713 810 καὶ
745 784 929 819 επιχιονισθὲν

146 824 251 860 ηὐξήθη
279 825 377 861 πήχεις
401 827 512 862 ἑτέρους
541 826 576 856 κ’.
600 829 678 856 Κατά
706 829 735 856 δὲ
767 830 840 864 μῆνα
863 830 930 856 Φεϐ-

148 870 274 906 ρουάριον
295 872 336 903 εἰς
355 872 470 908 διάφορα
496 873 630 909 τμήματα
652 874 789 910 διαιρεθὲν
811 875 858 902 ἐπὶ
881 876 932 911 τὴν
947 867 968 895 Β

146 915 223 943 πόλιν
237 917 324 952 αὐτὴν
339 918 387 945 καὶ
402 918 482 954 μέχρι
492 919 542 954 τῆς
564 919 676 948 ’Δὸύδου
696 921 844 956 κατῆλθεν,
868 921 931 956 ἔχον

145 965 175 989 έν
191 962 279 998 ἐαυτῷ
305 965 353 990 καὶ
376 965 433 997 ζῶα
461 966 609 998 πάμπολλα
633 966 811 1002 πεπηγμένα.
832 967 899 994 Τότε
916 967 931 994 6

146 1007 233 1035 θέλων
259 1010 446 1046 πεζοπορῆσαι
469 1011 524 1038 ἀπὸ
547 1013 721 1047 ἀκροπόλεως
739 1014 780 1045 είς
804 1013 930 1049 Χρυσοὺ-

146 1054 224 1080 πολιν
245 1053 295 1081 οὐκ
316 1054 461 1084 ἐκωλύετο.
479 1057 546 1084 Τότε
564 1058 610 1084 ὑπ’
626 1059 716 1086 αὐτῶν
731 1061 929 1096 συντριϐόμενα

144 1099 180 1125 τὰ
199 1099 275 1135 τείχη
292 1101 421 1135 μεγάλως
440 1102 615 1139 ἐδυνήθησαν.
633 1105 700 1131 Τότε
718 1105 752 1140 ιβ’
769 1106 927 1141 νομίσματα

145 1145 253 1180 ἐπράθη
266 1147 280 1172 ὁ
295 1147 387 1181 μόδιος
407 1149 425 1182 ἡ
450 1148 545 1183 κριθή.
562 1150 630 1177 Τότε
645 1151 695 1185 τῆς
713 1152 784 1179 κατὰ
799 1152 928 1179 Μεσοπο-

145 1191 246 1225 ταμίαν
270 1191 323 1226 γῆς
343 1192 498 1227 σχισθείσης
523 1194 636 1229 ἡμίονος
658 1196 770 1230 ἀνεδόθη
792 1196 930 1231 πολεμίων

144 1236 237 1270 ἔφοδον
254 1237 412 1273 ἀνθρωπίνῃ
437 1240 512 1275 φωνῇ
539 1241 774 1276 προοημαίνουσα.
796 1243 852 1269 Καὶ
867 1243 928 1269 τότε

144 1282 268 1318 Νικήτας
291 1292 333 1316 τις
351 1284 488 1320 εὐνοῦχος,
504 1285 538 1312 τὰ
560 1286 658 1322 πρῶτα
674 1289 764 1323 φέρων
787 1289 863 1323 παρὰ
888 1289 928 1324 τῷ

144 1329 325 1365 Κοπρωνύμῳ
334 1349 341 1361 ,
353 1330 436 1365 μηδὲν
450 1330 514 1357 ἄλλο
528 1332 606 1363 εἰδὼς
622 1332 638 1368 ἢ
654 1333 753 1360 ἐσθίειν
766 1334 814 1360 καὶ
828 1335 926 1367 πίνειν,

143 1376 336 1409 χειροτονεῖται
360 1376 542 1412 πατριάρχης.
562 1375 646 1410 Οὗτός
670 1388 735 1406 ποτε
752 1380 783 1406 τὸ
803 1381 928 1415 Εὐαγγέ-

144 1419 202 1446 λιον
228 1420 422 1455 ἀναγινώσκων
449 1424 478 1449 ἐν
501 1423 540 1458 τῷ
567 1424 664 1459 κελλίῳ
690 1425 783 1458 αὑτοῦ,
799 1427 860 1453 ἀντὶ
880 1426 927 1454 τοῦ

143 1465 232 1492 εἰπεῖν
250 1467 282 1493 ἐκ
297 1467 344 1494 τοῦ
364 1468 435 1494 κατὰ
450 1468 598 1503 Ματθαῖον,
617 1479 628 1496 ι
644 1470 692 1497 Ἐκ
705 1470 751 1498 τοῦ
766 1472 839 1499 κατὰ
852 1472 929 1498 Ματ-

985 246 1077 272 vivum
1109 247 1194 281 capit.
1212 247 1316 274 oculos
1343 248 1432 275 eidem
1464 249 1547 280 eruit,
1572 257 1662 284 eoque
1688 254 1769 284 pacto

984 299 1082 325 reap<c
1094 291 1222 318 Julianus
1237 292 1305 318 alter
1321 290 1466 326 imperium
1483 298 1640 329 recuperat.
1657 294 1770 323 Solebat

982 337 1056 364 enim
1071 341 1098 364 et
1113 337 1172 372 ipse
1186 338 1283 365 Veneri
1300 338 1418 366 victimis
1433 339 1562 367 humanis
1587 341 1677 368 litare.
1695 341 1767 374 Qua-

983 387 1096 417 propter
1120 390 1154 410 eo
1179 389 1310 418 regnante
1339 384 1391 411 diri
1418 385 1528 419 quidam
1556 385 1644 412 morbi
1668 394 1702 413 ex
1727 386 1767 413 ira

983 429 1075 455 divina
1096 429 1197 464 passim
1213 430 1327 464 grassati
1347 435 1421 460 sunt.
1437 430 1561 465 adeoque
1576 432 1660 465 pestis
1673 431 1768 458 inelTa-

982 474 1052 502 biles
1075 474 1216 502 hominum
1245 475 1338 510 copias
1368 476 1489 506 sustulit,
1516 484 1689 511 nequaquam
1721 477 1767 503 illa

983 519 1074 547 minor
1095 528 1155 555 quae
1182 521 1329 548 Justiniani
1353 522 1524 555 temporibus
1558 523 1679 549 exstitit:
1704 530 1766 549 nam

983 565 1082 593 domus
1110 566 1223 600 integrm
1248 574 1363 602 prorsus
1383 567 1610 594 oceludehantur.
1633 567 1767 594 Praeterea

982 618 1011 638 se
1037 612 1262 639 terriculamenta
1287 613 1410 647 quaedam
1441 613 1578 640 horrenda
1606 613 1767 640 mortalibus

983 657 1148 687 offerebant.
1173 665 1234 685 cum
1262 658 1297 685 de
1322 663 1457 693 potestate
1484 659 1593 686 scilicet
1615 659 1717 693 egressi
1739 663 1768 685 et

981 706 1057 729 extra
1070 709 1100 730 se
1109 703 1319 741 rapti‘putarent
1332 704 1359 731 in
1375 704 1499 732 homines
1513 713 1542 732 se
1556 705 1671 732 terribili
1689 705 1766 732 vultu

982 747 1110 782 praeditos
1133 748 1263 776 incidere.
1285 749 1362 777 Tunc
1385 750 1420 777 ‘et
1451 750 1547 786 ingens
1581 751 1768 786 acerbumque

981 791 1051 819 adeo
1066 792 1151 828 frigus
1165 794 1315 826 exstitit.ut
1328 802 1343 822 a
1360 795 1436 829 ponti
1455 798 1538 830 'parte
1556 796 1766 830 septentrionali

981 845 1036 873 prze
1055 837 1157 873 frigore
1173 840 1315 875 glacieque
1330 840 1443 875 pelagus
1465 842 1498 868 ad
1513 846 1623 869 centum
1639 850 1653 868 a
1673 842 1767 868 littore

982 883 1111 911 milliaria
1126 885 1320 920 lapidesceret,
1343 887 1421 922 cujus
1437 887 1533 921 glaeiei
1557 886 1695 914 crassities
1717 887 1768 914 tri-

981 929 1056 964 ginta
1071 929 1179 958 eubitos
1194 931 1330 965 aequabat.
1339 931 1464 966 Cumque
1483 931 1558 966 larga
1574 931 1705 965 deinceps
1720 931 1767 958 nis

981 983 1063 1010 supra
1077 976 1192 1011 glaciem
1208 977 1279 1004 hanc
1292 977 1401 1012 delapsa
1417 977 1524 1009 fuisSet,
1538 977 1571 1005 ad
1586 977 1656 1005 alios
1669 977 1767 1012 viginti

982 1020 1091 1048 eubitos
1113 1027 1145 1048 ea
1162 1021 1300 1049 crassities
1315 1022 1447 1049 excrevit.
1472 1015 1595 1049 Tandem
1613 1021 1767 1049 Februario

981 1073 1077 1093 mense
1095 1065 1196 1101 glacies
1211 1066 1319 1094 diversa
1347 1067 1375 1094 in
1401 1067 1536 1103 fragmina
1558 1067 1665 1095 divulsa
1679 1074 1767 1101 usque

980 1113 1015 1140 ab
1031 1112 1127 1140 urbem
1141 1113 1226 1147 ipsam
1242 1117 1270 1140 et
1281 1113 1407 1149 Abydum
1426 1113 1515 1141 delata
1529 1118 1580 1141 est.
1597 1115 1627 1140 ln
1643 1113 1676 1141 iis
1691 1114 1766 1148 frag-

981 1159 1101 1186 minibus
1120 1163 1179 1186 erat
1194 1159 1287 1187 ridere
1305 1160 1463 1195 complures
1479 1160 1540 1195 gelu
1569 1161 1696 1187 astrictas
1721 1160 1768 1187 be-

980 1204 1170 1238 stias.Quodsi
1187 1205 1249 1240 quis
1266 1206 1301 1232 ab
1314 1213 1377 1233 arce
1391 1205 1584 1241 Chrysopolim
1602 1213 1687 1240 usque
1703 1213 1767 1240 pro-

980 1251 1063 1278 ficisci
1080 1251 1164 1286 pedes
1180 1251 1301 1283 volebat,
1317 1251 1430 1278 omnino
1448 1251 1473 1278 id
1490 1251 1580 1279 facere
1595 1252 1669 1278 nulla
1685 1251 1767 1286 impe-

979 1297 1054 1324 ditus
1080 1305 1110 1324 re
1134 1301 1249 1332 poterat.
1278 1297 1364 1331 Atque
1390 1297 1448 1325 hmc
1479 1297 1612 1332 fragmina
1634 1297 1660 1324 in
1688 1297 1767 1324 urbis

979 1350 1074 1370 muros
1090 1342 1208 1378 impacta
1227 1342 1406 1370 vehementer
1419 1350 1467 1370 eos
1483 1347 1689 1370 succusserunt.
1710 1343 1766 1369 Eo-

979 1389 1042 1416 dem
1060 1388 1237 1423 Copronymo
1256 1388 1409 1423 imperante
1428 1388 1536 1415 modius
1554 1388 1649 1415 hordei
1669 1388 1702 1414 η
1715 1395 1767 1414 au-

979 1435 1035 1462 reis
1046 1435 1142 1462 vcniit.
1165 1433 1290 1470 Cumque
1306 1439 1379 1462 terra
1401 1433 1559 1462 dehisceret
1573 1435 1600 1461 in
1614 1434 1768 1468 Mesopota-

979 1479 1045 1512 mia,
1064 1479 1155 1506 mulus
1168 1478 1252 1511 exiit,
1271 1479 1446 1514 humanaque
1474 1486 1541 1507 voce
1554 1483 1697 1507 secuturos
1719 1480 1767 1506 ho-

144 1508 230 1542 θάἲον,
251 1511 461 1560 ἱὲξεφώνησεν.
480 1513 539 1547 Ἐφ’
559 1510 581 1547 ᾧ
605 1514 652 1542 καί
670 1523 712 1547 τις
727 1515 781 1542 τῶν
796 1525 927 1552 παριστα-

980 1525 1062 1551 stium
1078 1525 1206 1552 incursus
1216 1524 1482 1552 denuntiavit.Tunc
1493 1529 1521 1552 et
1533 1525 1643 1552 Nicetas
1653 1525 1766 1559 quidam

145 1556 234 1590 μένων
249 1554 324 1583 sin-5'
342 1567 351 1584 ε
367 1558 413 1593 Μὴ
428 1558 527 1593 διαίρει
549 1559 600 1594 τὴν
619 1569 647 1587 αι
670 1560 839 1595 δίφθογγον.»
855 1561 926 1597 Πρὸς

142 1601 172 1627 ὃν
188 1602 290 1634 ἐκεῖνος
318 1602 369 1638 ἔψη
401 1604 470 1638 μετὰ
485 1605 571 1639 θυμοῦ
586 1612 594 1620 ·
620 1614 630 1630 ι
648 1606 778 1641 Φλυαρεῐς
790 1615 797 1623 ο
813 1607 848 1634 τὰ
871 1607 926 1642 γὰρ
938 1612 944 1617 ·

145 1647 278 1682 δίφθογγα
292 1649 339 1675 καὶ
355 1649 509 1685 τρίφοογγα
525 1651 610 1678 πολλὰ
626 1653 700 1687 μισεῖ
713 1653 730 1688 ἡ
746 1652 820 1689 ψυχή
837 1662 899 1689 μου.
912 1662 922 1680 ο

148 1693 178 1720 ’0
192 1694 220 1720 δὲ
234 1694 366 1729 τύραννος
393 1696 446 1723 ἀπὸ
472 1697 652 1732 ἐκστρατείας
676 1699 857 1734 ὑποστρέφων
877 1700 926 1726 ἀν-

142 1739 290 1775 θρακοῦται
305 1740 339 1766 τὰ
355 1740 449 1776 σκέλη,
466 1741 514 1768 καὶ
533 1743 597 1777 περὶ
617 1742 648 1769 τὺ
681 1744 848 1779 στρογγύλον
863 1743 926 1780 θνή-

143 1793 202 1812 σκει
227 1785 320 1820 λάϐρῳ
335 1786 444 1821 πυρετῷ
461 1788 611 1822 συσχεθεὶς,
623 1787 703 1816 τοῦτο
717 1789 764 1817 καὶ
781 1789 861 1824 μόνον
879 1791 926 1817 ἐπὶ

141 1828 247 1861 τούτοις
272 1829 367 1862 εἰπὼν,
387 1831 428 1857 ὅτι
440 1831 498 1858 Ζῶν
514 1832 638 1868 άσὸέστῳ
655 1833 722 1869 πυρὶ
744 1835 925 1870 παραδίδομαι

140 1875 186 1901 διὰ
212 1875 261 1909 τὴν
289 1875 414 1910 Μαρίαν·
434 1876 492 1902 ἀλλ’
507 1877 560 1903 άπὸ
581 1877 629 1904 τοῦ
652 1878 700 1905 νῦν
726 1879 862 1912 τιμάσθω.
881 1880 926 1906 l't-

140 1929 230 1948 νωσκι
243 1920 283 1954 δὲ,
299 1921 436 1956 άγαπητὲ,
453 1923 494 1949 δτι
521 1923 607 1950 πολλὰ
620 1923 668 1950 καὶ
688 1924 820 1957 πολλάκις
843 1925 926 1961 ζητή-

141 1974 238 1997 σαντες
262 1965 323 1993 ὅθεν
346 1967 448 1999 ἐκεῖνος
476 1968 579 2004 ἐκλήθη
609 1969 816 2006 Κοπρώνυμος,
846 1971 924 1998 οὐδὲν

139 2012 206 2040 ἄλλο
221 2012 237 2046 ἦ
255 2012 333 2040 τοῦτο
349 2013 429 2048 μόνον
442 2013 569 2050 εὕρομεν.
584 2015 668 2052 Χώρα
680 2017 721 2048 τίς
735 2018 793 2044 ἐστι
810 2018 925 2045 Κάσαλα

139 2058 212 2086 οὕτω
225 2059 369 2094 λεγομένη.
385 2060 417 2086 0t
433 2057 479 2086 οὖν
502 2061 610 2088 ἐκεῖθεν
628 2062 786 2098 ὁρμώμενοι
803 2064 925 2091 Κασαλῖ·

140 2114 181 2132 νοι
206 2106 313 2136 πάντως
333 2105 467 2139 ἐλέγοντο.
487 2107 609 2134 Ἐκεῖθεν
631 2107 679 2135 οὖν
700 2109 749 2135 καὶ
773 2109 854 2141 αὐτὸς
873 2110 924 2145 τὴν

139 2151 267 2185 γέννησιν
289 2151 401 2187 ἔσχηκε.
418 2152 465 2179 καὶ
486 2153 580 2189 ἐπειδὴ
596 2154 668 2181 κατά
692 2163 754 2182 τινα
778 2156 923 2191 συνήθειαν

976 1570 1132 1601 eunuclms,
1157 1569 1282 1604 principe
1305 1569 1376 1604 apud
1393 1569 1598 1605 Copronymum
1623 1571 1695 1602 Icco,
1716 1571 1764 1605 qui

977 1615 1048 1642 nihil
1064 1616 1138 1642 aliud
1156 1616 1238 1643 sciret
1251 1622 1333 1650 quam
1348 1615 1430 1643 edere
1448 1620 1475 1643 et
1489 1615 1594 1648 bibere,
1610 1616 1765 1650 patriarcha
1802 1634 1806 1639 .

976 1663 1084 1687 creatus
1104 1664 1155 1687 est.
1171 1659 1238 1687 Cum
1253 1660 1402 1695 aliquando
1417 1659 1594 1695 Evangelinm
1617 1661 1643 1688 in
1666 1661 1765 1689 cellula

977 1713 1027 1732 sua
1055 1706 1195 1739 recitaret,
1212 1713 1263 1741 pro
1280 1713 1313 1734 eo
1335 1706 1408 1740 quod
1428 1705 1576 1737 dicendum
1594 1711 1673 1734 erat:
1693 1716 1703 1732 ‹
1726 1707 1764 1734 Ex

976 1751 1123 1786 Evangelio
1155 1751 1307 1779 secundum
1341 1751 1509 1782 Matthatum,
1528 1760 1537 1776 ι
1555 1751 1762 1785 pronuntiavit:

979 1806 989 1823 ‹
998 1797 1038 1824 Ex
1050 1796 1196 1831 Evangelio
1214 1797 1364 1824 secundum
1377 1797 1573 1824 Matthaeum.)
1588 1796 1627 1824 lbi
1644 1797 1762 1832 quodam

976 1850 1009 1870 ex
1030 1842 1184 1870 astantibus
1204 1842 1389 1877 subjiciente:
1407 1852 1416 1868 ι
1441 1842 1503 1870 Noli
1521 1850 1545 1870 ,ε
1558 1842 1760 1878 diphthongum

976 1887 1087 1922 (gemini
1113 1887 1172 1915 soni
1190 1888 1297 1922 vocem)
1311 1887 1444 1920 dividere,
1464 1896 1474 1913 ι
1497 1896 1506 1913 ‹
1526 1887 1653 1923 Nugaris,
1669 1897 1679 1914 ι
1709 1887 1760 1919 ait,

975 1933 1094 1967 quadam
1113 1940 1175 1960 eum
1201 1934 1365 1961 iracundia:
1383 1943 1392 1960 ι
1413 1941 1476 1962 nam
1503 1942 1565 1969 quae
1587 1933 1712 1969 geminos
1727 1937 1756 1962 et

976 1979 1062 2006 trinos
1073 1986 1156 2006 sonos
1173 1979 1384 2012 habent,anima
1398 1985 1457 2006 mea
1471 1979 1651 2006 vehementer
1668 1978 1755 2005 odit.»

975 2022 1096 2051 Tandem
1117 2023 1162 2051 hie
1180 2027 1311 2059 tyrannus
1328 2023 1362 2051 ab
1379 2023 1553 2059 expeditione
1573 2024 1689 2059 quadam
1715 2031 1760 2051 re~

976 2073 1089 2096 vertens
1105 2069 1266 2097 carbunculi
1284 2070 1409 2097 morbum
1436 2070 1463 2097 in
1489 2069 1606 2105 pedibus
1620 2069 1718 2099 sensit.
1733 2073 1762 2097 et

974 2113 1130 2141 vehementi
1146 2113 1222 2141 febre
1240 2114 1312 2141 circa
1333 2113 1502 2149 strongylum
1516 2118 1659 2149 correptus
1675 2113 1759 2140 vitam

975 2158 1062 2190 ﬁniit.
1090 2166 1152 2186 cum
1180 2160 1269 2187 soluat
1304 2159 1356 2187 hoc
1398 2159 1513 2186 verbum
1546 2159 1760 2195 pronuntiasset,

140 2197 281 2224 Καϐαλίνα
310 2198 326 2233 ἡ
356 2198 458 2232 κοπρία
481 2199 602 2233 λέγεται,
616 2199 728 2232 δικαίως
753 2201 767 2227 ὸ
793 2201 924 2235 κάκιστος

979 2213 988 2229 ι
1002 2204 1117 2238 Propter
1131 2204 1268 2232 insaniam
1285 2204 1463 2239 furoremque
1481 2212 1572 2232 meum
1585 2204 1664 2231 vivus
1682 2204 1760 2231 inex-

139 2243 244 2274 ἐκεῖνος
266 2242 405 2279 ἐπεκλήθη
423 2244 623 2280 Κοπρώνυμος,
638 2245 676 2278 ὼς
702 2246 788 2282 ὄνομα
806 2248 924 2283 κοπρίας

980 2248 1083 2275 stincto
1101 2248 1157 2283 igni
1184 2248 1286 2276 trador.
1302 2249 1437 2284 Deinceps
1462 2257 1528 2277 vero
1556 2249 1623 2284 quin
1650 2257 1680 2276 ea
1698 2256 1759 2284 qua:

138 2288 168 2314 ἐν
181 2287 271 2323 ἑαυτῷ
283 2287 362 2322 δῆθεν
378 2288 586 2324 ἐπιφερόμενος.

979 2294 1107 2329 prohibui
1133 2301 1194 2322 cum
1225 2295 1340 2322 honoris
1369 2295 1506 2323 delatione
1534 2296 1618 2327 (iant,
1645 2295 1760 2322 minime

138 2340 213 2363 veto.
238 2346 248 2362 ι
266 2335 353 2364 Velim
369 2340 460 2364 autem
483 2336 703 2365 animadvertere
725 2341 753 2366 te
770 2338 824 2367 hoc
846 2339 918 2373 loco,
938 2339 1037 2369 dilecte
1063 2342 1118 2374 fili,
1143 2348 1192 2369 nos
1227 2342 1343 2369 multum
1365 2347 1393 2370 et
1417 2343 1518 2378 srepius
1541 2343 1689 2377 inquisitos
1710 2351 1760 2370 cur

139 2381 185 2409 hic
199 2382 349 2416 imperator
363 2381 553 2416 Copronymus
568 2387 725 2416 vocaretur,
759 2384 811 2412 hoc
847 2388 953 2413 tantum
973 2387 1109 2422 reperisse
1122 2408 1130 2419 ,
1146 2387 1286 2423 regionem
1303 2388 1450 2423 quamdam
1476 2397 1536 2416 esse
1564 2397 1625 2424 qua:
1646 2389 1758 2417 Caballa

137 2429 263 2469 dicatur;
279 2436 311 2456 ex
327 2436 359 2456 ea
384 2432 519 2464 quotquot
539 2429 652 2457 oriundi
673 2431 740 2464 sint,
760 2430 918 2460 Caballinos
936 2432 1019 2461 fuisse
1030 2438 1152 2462 vocatos.
1182 2434 1264 2470 285
1294 2435 1477 2468 Quamobrem
1488 2443 1549 2465 cum
1561 2435 1759 2462 Constantinus

138 2475 184 2502 hic
204 2474 268 2502 inde
288 2473 422 2509 originem
441 2474 565 2507 traxerit,
588 2482 620 2502 ac
640 2482 716 2503 more
745 2476 891 2505 inoleverit
919 2483 950 2506 ut
967 2483 1075 2508 stercus
1095 2481 1260 2508 caballinum
1281 2480 1415 2512 dicamus,
1434 2489 1488 2508 non
1506 2482 1554 2508 abs
1569 2489 1598 2509 re
1616 2482 1657 2508 vir
1672 2481 1760 2509 scele-

138 2521 292 2548 ratissimus
316 2528 332 2547 ιι
361 2525 501 2548 stercoreo
532 2520 644 2549 nomine
669 2521 858 2559 Coptonymus
881 2528 923 2553 est
942 2531 1128 2562 nuncupatus,
1164 2527 1259 2562 utqui
1295 2531 1462 2555 stercorequ
1487 2536 1586 2555 nomen
1609 2529 1636 2555 in
1661 2537 1691 2556 se
1705 2529 1759 2556 cir-

137 2567 298 2596 cumferrct.

172 2615 249 2642 Meti
270 2615 298 2642 δὲ
323 2615 418 2642 τοῦτον
442 2616 541 2651 κρατεῖ
559 2617 574 2643 ὁ
595 2617 628 2644 ἐκ
654 2618 704 2652 τῆς
718 2619 848 2655 Χαζάρας
865 2621 922 2654 υῑδς

135 2661 218 2688 αὑτοῦ
237 2661 313 2688 Λέων
338 2661 386 2696 ἐτη
413 2661 444 2693 ε’,
465 2662 580 2697 εὐσεσὴς
606 2663 657 2698 μὲν
683 2663 721 2691 ὣν
740 2665 802 2692 κατ’
820 2667 920 2702 άρχάςο

135 2708 232 2733 ἔπειτα
255 2707 284 2733 δὲ
308 2707 338 2733 τὸ
364 2708 414 2742 τῆς
430 2707 602 2743 Ἐκκλησίας
630 2709 741 2745 στέμμα
758 2713 845 2745 φορεῖ,
860 2713 921 2740 ὅθεν

135 2752 362 2786 ἁπανθρακωθεὶς
389 2754 484 2788 ὥσπερ
510 2753 562 2780 ὑπὸ
592 2755 695 2790 λαϐροῦ
726 2758 844 2792 πυρετοῦ
876 2767 920 2785 τε-

135 2797 228 2833 λευτᾷ.
243 2798 310 2824 Τότε
332 2799 379 2825 καὶ
394 2800 407 2825 ὁ
430 2800 504 2826 κύων
520 2801 621 2832 ἐκεῖνος
636 2800 670 2836 ἦν
684 2801 698 2827 ὁ
713 2804 759 2829 τὸν
777 2805 858 2837 φονέα
872 2804 917 2831 τοῦ

138 2846 231 2880 κυρίου
260 2845 340 2871 αὖτῶ
372 2846 508 2880 γνιιιίιίσπς
537 2847 565 2872 ἐν
594 2847 736 2884 καπηλείῳ
759 2849 916 2877 εἰσελῡῦνται

1005 2623 1069 2651 Post
1085 2621 1290 2659 Copronymum
1305 2631 1365 2660 eius
1379 2631 1411 2651 ex
1422 2625 1538 2660 conjuge
1552 2624 1671 2652 Chazara
1686 2625 1758 2652 tilius

973 2669 1027 2696 Leo
1051 2669 1132 2696 annis
1145 2669 1268 2704 quinque
1293 2669 1451 2704 imperavit,
1479 2670 1624 2706 religiosus
1647 2677 1679 2697 ac
1696 2670 1757 2704 pius

975 2714 1086 2749 quidem
1111 2714 1156 2741 ille
1177 2714 1212 2742 ab
1231 2714 1322 2747 initio,
1340 2723 1434 2742 verum
1454 2715 1500 2742 ubi
1516 2723 1644 2742 coronam
1659 2714 1756 2742 Eccle-

973 2761 1020 2787 sia:
1035 2760 1163 2787 donatam
1184 2765 1328 2795 gestasset,
1342 2760 1501 2788 carbunculi
1520 2760 1614 2788 morbo
1632 2765 1753 2793 vcxalu"_

973 2805 1080 2832 ardenti
1099 2805 1174 2833 febre
1190 2805 1299 2832 tandem
1316 2806 1512 2839 exstinguitur.
1540 2807 1653 2834 Exslitit
1677 2806 1754 2835 hisce

974 2851 1240 2886 Ilnqmribuscanis
1266 2850 1310 2878 illc
1327 2851 1373 2884 qui
1398 2851 1456 2878 heri
1484 2851 1525 2878 sui
1549 2851 1752 2880 interfectorem
