1960 3075
193 105 243 138 531

811 106 1021 138 MICHAELIS
1041 107 1171 140 ΕΙ.Υοίὲ

1756 114 1806 146 532

194 160 298 188 indicio
314 168 364 188 suo
381 146 510 195 prodidit,
524 168 586 187 cum
601 160 656 188 vini
672 161 785 189 bibendi
804 169 887 189 causa
904 170 974 190 csu—

1030 162 1074 189 τοῦ
1093 167 1166 192 πιεῖν
1182 165 1264 194 οῐνον.
1283 168 1314 194 ’0
1333 168 1385 203 γὰρ
1412 168 1485 195 κύων
1500 168 1570 203 μετὰ
1599 167 1628 194 τδ
1645 169 1808 203 φονευθῆναι

195 213 294 240 ponam
320 206 458 240 ingressus
480 210 562 233 esset.
586 206 653 233 Nam
669 207 845 245 domino,suo
869 213 976 240 necato,

195 251 243 285 qui
270 258 331 278 eum
355 248 467 277 homine
493 251 620 279 malefico
647 251 698 278 iter
714 252 826 285 fecerat,
840 253 977 288 quoddam

197 295 224 322 in
240 294 421 322 diversorium
444 302 504 322 sese
519 297 654 330 contulit;
672 305 727 332 quo
744 306 806 325 cum
829 298 900 327 forte
923 297 980 326 for-

197 344 263 366 tuna
281 339 402 366 venisset
421 339 559 368 homicida
583 341 641 375 ille,
655 349 718 369 mox
739 350 754 370 a
780 350 848 370 cane
869 346 979 378 agnitus

196 383 258 412 fuit.
283 384 378 419 Neque
393 385 470 412 canis
495 385 641 421 insigniter
665 387 752 422 ipsius
771 396 852 416 causa
876 389 979 418 latrare

198 428 351 461 desinebat,
368 429 405 457 ita
422 435 451 458 ut
467 431 576 458 tandem
602 431 722 461 infausta
735 433 867 468 quaedam
887 436 980 472 conje-

195 481 272 503 ctura
289 475 324 503 de
345 476 449 505 latrone
464 478 666 513 conciperetur.
688 480 785 516 Itaque
797 483 904 510 carceri
925 483 977 511 ho-

198 521 296 548 micida
314 523 496 557 mancipatur,
507 524 541 552 ad
559 530 704 559 praztorem
720 527 876 561 deducitur,
896 536 980 557 aecu-

199 571 255 594 rate
275 567 473 601 quaestionibus
495 569 651 603 subjicitur.
675 572 717 599 vel
746 572 848 601 invitus
872 573 979 602 facinus

198 619 278 639 suum
297 613 407 646 fatetur,
420 622 452 642 ac
464 616 572 643 tandem
588 617 704 645 malefici
718 626 793 646 more
814 625 941 647 necatur.

233 657 325 686 Leone
339 665 448 687 mortuo
464 661 537 688 filius
561 663 619 697 ejus
632 662 830 692 Constantinus
845 665 879 692 i7
896 666 979 694 annis

199 709 290 729 rerum
316 704 432 738 potitur,
462 705 513 733 sub
538 707 616 742 cujus
648 707 767 743 imperio
786 714 814 737 et
836 709 979 738 dominatu

200 746 294 782 religio
313 748 419 776 radices
430 750 526 785 agebat
542 756 570 779 et
585 754 811 782 monasteriorum
829 756 979 784 multitudo

198 791 394 827 adaugebatur.
410 796 511 823 Eodem
527 797 679 832 imperante
693 800 806 833 quidam
820 801 847 828 in
862 801 978 829 Thracia

200 842 300 866 terram
328 839 436 869 fodiens
456 843 552 870 cistam
569 843 685 879 invenit,
704 846 731 873 in
747 854 802 882 qua
820 847 979 884 buju~modi

198 884 281 910 verba
304 885 406 920 scripta
428 889 639 921 reperiebantur
657 899 663 917 :
681 891 809 921 Christus
831 901 848 921 e
872 895 980 931 virgine

198 928 281 957 Maria
307 938 444 965 nascetur,
462 934 490 961 in
511 942 593 969 quem
617 943 667 972 ego
689 938 782 966 credo.
800 928 979 970 Constantino

198 979 226 1001 et
246 975 323 1004 lrena
349 978 477 1013 religiose
502 979 701 1015 imperantibus
728 991 838 1012 rursum
852 993 907 1020 me,
925 988 979 1021 sol,

201 1020 316 1049 videbis.
336 1031 345 1048 ι
366 1022 500 1052 Cancrum
518 1026 575 1053 hac
597 1027 677 1055 lrena
695 1030 833 1065 particeps
848 1036 908 1059 erat
927 1033 979 1060 im-

200 1066 269 1098 perii
295 1066 466 1098 Constantini
491 1071 549 1104 filii,
576 1079 628 1100 nec
641 1081 701 1108 quae
716 1075 750 1101 ab
765 1075 825 1110 ipso
850 1076 979 1113 designa-

199 1112 299 1139 bantur
315 1121 395 1148 aquo
409 1116 463 1150 pati
480 1116 573 1145 animo
587 1124 708 1152 poterat.
724 1120 792 1148 Nam
810 1126 837 1149 et
863 1112 979 1152 matrem

197 1156 345 1191 aliquando
359 1159 497 1188 submovit
508 1162 541 1189 ab
554 1162 659 1198 imperii
673 1165 876 1200 gubernaculis,
892 1176 980 1202 quan-

199 1209 278 1235 quam
301 1204 431 1239 deinceps
447 1214 506 1233 eam
522 1209 694 1242 paenitudine
716 1211 815 1239 ductus
839 1212 865 1239 in
888 1214 979 1241 aulam

199 1246 328 1280 reduxit;
344 1252 371 1275 et
390 1251 506 1286 conjuge
525 1259 585 1284 sua,
610 1253 710 1281 femina
726 1256 805 1284 valde
828 1262 916 1290 casta,
933 1267 980 1287 re-

199 1291 474 1339 pudiata,quamdam
488 1296 570 1324 aliam
585 1298 645 1334 ejus
660 1300 720 1327 loco
733 1309 846 1330 uxorem
861 1305 977 1339 accepit.

199 1333 291 1370 Itaque
308 1336 393 1364 filium
408 1344 501 1374 mater.
513 1333 687 1377 consopitum
702 1345 791 1373 oculis
804 1348 912 1382 spoliat,
925 1333 979 1384 quo

199 1379 301 1407 factum
317 1386 359 1410 est
373 1387 403 1411 ut
422 1384 462 1411 sol
480 1386 635 1421 complures
648 1388 709 1417 dies
727 1379 980 1429 radios-suosvpure

199 1432 253 1451 non
279 1427 428 1455 emitteret.
456 1428 509 1457 Sed
525 1432 599 1459 enim
629 1432 708 1462 lrena
732 1435 892 1470 imperatrix
912 1427 978 1467 facti

1026 211 1072 238 τὸν
1098 211 1192 247 κύριον
1218 213 1394 241 συνοδεύοντά
1417 223 1470 241 τινι
1492 214 1640 249 κακούργῳ
1661 214 1722 241 καθ’
1748 215 1808 241 έδδν

1026 257 1193 293 προσήλυτος
1225 259 1253 285 ὲν
1281 260 1434 295 πανδοχείῳ
1458 260 1579 294 γέγονεν.
1610 260 1718 286 Ἐκιῐσε
1743 268 1809 294 you;

1025 302 1146 338 τυχαίως
1171 304 1301 331 εἰσελθὼν
1323 306 1337 332 ό
1363 306 1460 339 φονεὺς
1484 305 1638 340 ιγνωρίσθη
1665 306 1739 339 παρὰ
1759 314 1808 332 του

1027 349 1119 380 κυνὸς,
1131 349 1181 376 καὶ
1204 349 1331 377 τοσοῦτον
1346 348 1380 386 ἦν
1397 351 1500 383 ἐκεῖνος
1517 350 1563 377 ὑπ’
1590 350 1666 385 αὒτῷ
1683 351 1809 377 ὑλακτῶν

1027 393 1097 420 ὥστε
1112 394 1231 430 ὑποψίαν
1241 395 1291 422 οὐκ
1308 395 1414 430 ἀγαθὴν
1430 396 1521 422 δοῦναι
1537 395 1602 430 περὶ
1623 395 1716 423 αὐτοῦ.
1734 396 1810 430 Κρα-

1026 440 1115 465 τεῖται
1139 440 1234 468 λοιπὸν
1257 441 1271 466 ὁ
1291 442 1399 476 φονεὺς,
1424 441 1596 477 προσάγεται
1620 441 1660 477 τῷ
1685 441 1808 476 ἄρχοντι.

1028 484 1154 517 ὲτάζεται
1179 486 1312 521 ἄκριεῶς,
1329 487 1457 521 ὁμολογει
1473 487 1522 515 καὶ
1542 487 1628 520 ἄκων,
1652 487 1700 514 καὶ
1717 487 1810 514 τελευ-

1027 530 1104 557 ταῑον
1120 531 1158 563 ὡς
1175 531 1330 568 κακοῦργος
1342 533 1505 568 ἀναιρεῖται.

1053 660 1141 689 ,Μετὰ
1154 661 1182 688 δὲ
1195 661 1289 690 τοῦτον
1303 663 1402 698 κρατεῖ
1411 664 1425 691 ὁ
1439 664 1496 696 υίὸς
1508 664 1591 691 αὐτοῦ
1605 664 1811 696 Κωνσταντϊνος

1029 706 1079 733 σὺν
1092 708 1125 742 τῇ
1148 707 1231 734 αὐτοῦ
1245 708 1328 744 μητρὶ
1344 709 1446 745 Είρήνη
1459 709 1507 745 ἐτη
1525 709 1567 742 ιζ’,
1583 710 1628 745 ὑφ’
1652 709 1682 736 οὗ
1703 711 1719 744 ἡ
1733 710 1813 737 εὐσέ-

1029 752 1091 779 ϐεια
1109 753 1274 788 κρατύνεται
1298 754 1346 781 καὶ
1374 755 1409 782 τὰ
1431 755 1603 791 μοναστήρια
1618 756 1812 784 πλατύνονται,

1030 799 1096 826 Τότε
1114 800 1159 826 καὶ
1182 800 1211 826 ἐν
1224 800 1259 834 τῇ
1279 799 1376 836 Θρᾴκῃ
1395 800 1521 835 ὀρύσσων
1546 809 1589 833 τις
1610 798 1673 837 εὗρε
1689 801 1813 837 λάρνακα

1030 845 1058 871 ὲν
1121 845 1317 880 γεγραμμένον
1334 843 1379 881 ἦν·
1400 855 1410 872 ι
1429 847 1546 882 Χριστὸς
1557 847 1705 881 γεννᾶσθαι
1721 847 1814 882 μέλλει

1030 892 1063 918 ὲκ
1077 891 1187 927 Μαρίας
1201 892 1252 927 τῆς
1275 892 1421 927 παρθένου,
1439 893 1487 920 καὶ
1513 893 1634 920 πιστεύω
1657 893 1698 924 είς
1720 893 1812 920 αὐτόν.

1035 937 1097 964 Ἐπὶ
1117 937 1325 964 Κωνσταντίνου
1337 939 1383 966 καὶ
1395 938 1512 974 Είρήνης
1528 938 1583 965 τῶν
1598 938 1719 966 εὐσεϐῶν
1735 938 1814 973 βασι-

1029 981 1097 1009 λέων
1114 982 1175 1016 ὕψει
1195 991 1228 1017 με
1246 983 1337 1015 πάλιν,
1352 979 1376 1010 ὦ
1395 983 1466 1018 ἥλιε.
1487 992 1496 1008 ι
1519 983 1550 1010 'H
1568 983 1671 1018 Είρήνη
1690 983 1761 1017 αὕτη
1775 982 1814 1017 τῷ

1030 1027 1080 1062 υἱῷ
1101 1028 1186 1062 αὐτῆς
1209 1028 1409 1064 Κωνσταντίνῳ
1435 1029 1686 1063 συμΰασιλεύουσαη.
1703 1031 1753 1056 καὶ
1775 1028 1814 1063 μὴ

1028 1073 1181 1109 ἀνεχομένη
1197 1073 1253 1100 τῶν
1281 1074 1357 1109 παρὰ
1383 1073 1467 1102 αὐτοῦ
1493 1075 1645 1109 γινομένων
1660 1074 1758 1109 ίαὺτήν
1782 1081 1815 1100 τε

1029 1119 1084 1154 γὰρ
1097 1119 1146 1154 τῆς
1159 1118 1298 1154 βασιλείας
1314 1119 1444 1155 ἐποίησεν
1457 1119 1608 1151 ἱκπτωτον,
1626 1120 1651 1146 ει
1664 1120 1711 1146 καὶ
1727 1128 1815 1154 peul-

1031 1165 1157 1200 μεληθεὶς
1185 1165 1266 1192 πάλιν
1292 1165 1337 1192 ἐπὶ
1362 1165 1396 1193 τὰ
1417 1165 1542 1201 βασίλεια
1557 1165 1660 1200 ταύτην
1680 1166 1815 1201 ἀνήγαγε,

1030 1212 1078 1238 καὶ
1096 1211 1146 1248 τὴν
1173 1212 1310 1247 ὁμόζυγω
1337 1212 1423 1240 αὑτοῦ
1441 1213 1570 1248 σώφρονα
1593 1213 1642 1240 καὶ
1656 1213 1716 1240 λίαν
1730 1212 1815 1241 οὖσαν

1029 1256 1134 1290 ἐξάγει,
1149 1255 1223 1291 μίξιν
1235 1256 1266 1283 δὲ
1279 1257 1410 1291 γυναικὸς
1428 1257 1513 1292 ἄλλης
1524 1257 1704 1292 ἀντεισάγει),
1716 1258 1813 1285 τούτου

1029 1303 1112 1339 χάριν
1123 1301 1251 1337 ὲκτυφλοῖ
1266 1302 1347 1329 αὐτὸν
1360 1302 1545 1336 ὑπνώττοντα,
1562 1303 1600 1334 ὠς
1618 1303 1744 1330 ἐντεῦθεν
1765 1305 1813 1330 καὶ

1028 1348 1075 1375 τὸν
1090 1348 1166 1383 ἥλιον
1181 1347 1227 1374 snt
1251 1347 1382 1379 πλείστας
1401 1349 1511 1383 ἡμέρας
1528 1349 1566 1383 μὴ
1580 1349 1672 1376 δοῦναι
1689 1349 1814 1384 καθαράς

1028 1394 1080 1426 τὰς
1098 1394 1212 1425 ἀκτῖνας
1230 1393 1324 1421 αὑτοῦ.
1353 1394 1425 1421 Ἀλλ’
1446 1395 1463 1430 ἠ
1482 1394 1589 1429 βασιλὶς
1609 1395 1712 1430 Εἰρήνη
1729 1395 1814 1430 μετά-

1031 1439 1111 1474 μελον
1136 1439 1179 1474 ἐφ’
1204 1435 1244 1470 οἷς
1275 1439 1390 1475 δέδρακε
1421 1439 1533 1474 σχοῦσα,
1554 1440 1602 1466 καὶ
1626 1440 1740 1466 θέλουσα
1766 1439 1814 1467 τοῦ

199 1468 243 1506 sui
264 1471 413 1505 pwnitens,
430 1477 460 1500 ut
483 1474 576 1503 odium
599 1476 664 1505 inde
679 1468 842 1515 conceptum
860 1483 976 1518 clueret,

1030 1468 1125 1519 μίσους
1152 1468 1251 1521 έαυτὶγν
1279 1468 1454 1516 άτυοπλῦναιξ.
1474 1468 1626 1520 χρημάτων
1656 1485 1813 1521 θησαυροὺς

198 1520 294 1541 omnes
309 1523 390 1550 opum
406 1517 552 1548 thesauros
566 1521 746 1552 exhauriebat
761 1530 789 1553 et
802 1526 863 1554 urbi
878 1527 979 1564 largie-

199 1559 291 1592 batur,
309 1563 457 1596 persolutis
470 1565 654 1595 obatratorum
670 1569 782 1600 debitis.
794 1572 895 1600 Verum
910 1559 978 1602 ocu-

198 1604 242 1633 lus
266 1606 322 1638 illc,
339 1609 386 1643 qui
403 1616 518 1639 cunctas
535 1620 580 1640 res
605 1615 762 1644 mortalium
788 1617 912 1653 inspicit,
930 1628 980 1648 ne-

198 1657 337 1699 quaquam
353 1655 458 1689 sopitus
472 1655 633 1686 obdormiit.
649 1659 716 1687 Nam
732 1659 784 1689 hac
806 1662 915 1699 imperii
929 1672 979 1693 vo-

197 1695 302 1742 luptate
328 1699 508 1735 perexiguum
529 1702 565 1730 ad
582 1708 689 1739 tempus
709 1695 854 1742 degustata
868 1710 983 1738 tandem

197 1740 273 1768 lrena
300 1747 434 1772 craterem
459 1747 600 1776 absinthio
618 1740 845 1781 dilutumibibit.
869 1754 978 1784 Etenim

196 1787 310 1821 quidam
317 1796 350 1816 ex
363 1790 459 1818 ordine
468 1794 617 1826 senatorio.
627 1795 671 1823 cui
682 1804 783 1825 nomen
796 1798 978 1835 Nicephorus,

196 1830 330 1866 dignitate
354 1834 485 1868 patricius
504 1841 532 1864 et
557 1845 627 1867 unus
651 1847 683 1867 ex
698 1830 886 1878 generalibus,
902 1830 979 1874 motu

195 1876 329 1905 adversus
341 1886 401 1907 eam
415 1882 551 1910 concitato
568 1891 622 1912 non
638 1885 698 1914 sine
712 1887 846 1917 dedecore
863 1898 979 1926 regnum

197 1921 248 1956 ipsi
265 1922 380 1958 eripuit.
404 1924 578 1962 Quapropter
598 1929 716 1965 imperio
739 1921 911 1968 Nicephorus
931 1936 979 1965 hic

197 1974 297 1995 novem
315 1969 394 1998 annis
411 1971 532 2005 praefuit,
548 1973 630 2002 homo
642 1976 756 2004 caedium
772 1980 978 2015 cupidissimus,

197 2012 259 2040 auri
274 2015 450 2050 mancipium,
465 2025 579 2052 prorsus
595 2020 665 2048 alter
682 2022 779 2052 Midas.
894 2027 979 2064 Magi-

197 2063 301 2088 stratus
316 2064 343 2087 et
359 2061 537 2095 praefecturas
552 2066 664 2093 venales
686 2067 815 2103 habebat,
830 2061 979 2101 ctitristi'or

196 2105 307 2140 quidem
333 2107 413 2143 vulgo
444 2108 607 2138 videbatur:
635 2119 730 2139 verum
758 2114 781 2141 si
805 2116 851 2150 qui
879 2124 977 2147 aurum

1029 1531 1065 1566 τῇ
1086 1530 1164 1558 πόλει
1176 1531 1283 1558 ἐκκενοῖ
1296 1531 1345 1558 καὶ
1359 1530 1418 1557 λύει
1439 1529 1474 1557 τὰ
1497 1530 1577 1565 χρέα.
1595 1530 1669 1565 Πλὴν
1687 1531 1737 1558 οὐκ
1752 1531 1817 1557 ἐπε-

1030 1575 1159 1608 νύσταξεν
1182 1577 1196 1603 ὁ
1221 1576 1419 1610 παντεπὸπτης
1447 1575 1602 1610 ὀφθαλμός·
1628 1575 1696 1611 προς
1726 1575 1814 1610 βραχὺ

1029 1621 1078 1648 καὶ
1093 1621 1147 1656 γὰρ
1163 1622 1215 1656 τῆς
1238 1621 1338 1657 ἡδονῆς
1354 1621 1402 1649 τοῦ
1420 1621 1540 1656 κράτους
1562 1620 1634 1656 αὕτη
1652 1621 1813 1656 γευσαμένη

1029 1667 1224 1702 demetam;
1251 1667 1324 1694 πίνει
1345 1668 1482 1702 κρατῆρα.
1508 1667 1661 1703 Ἐπανέστη
1691 1667 1738 1694 καὶ
1759 1668 1814 1702 γάρ

1029 1721 1070 1745 τις
1085 1712 1139 1740 τῶν
1154 1713 1321 1748 συγκλήτου,
1335 1713 1457 1748 τοῦνομα
1476 1713 1646 1748 Νικηφόρος,
1666 1713 1716 1748 τὴν
1736 1713 1815 1745 ἀξὲαν

1029 1759 1172 1793 πατρίκιος
1193 1759 1248 1785 ἀπὸ
1270 1759 1400 1793 γενικῶν.
1415 1759 1464 1786 καὶ
1489 1759 1537 1794 τῆς
1562 1758 1702 1794 βασιλείας
1727 1758 1814 1793 αὐτὴν

1029 1803 1135 1838 ἀτίμως
1152 1804 1284 1840 ἐξίστησι.
1305 1805 1411 1840 Κρατεῖ
1425 1804 1517 1831 τοίνυν
1531 1805 1544 1831 ὀ
1562 1804 1720 1840 Νικηφόρος
1736 1804 1814 1834 οὗτος

1029 1849 1079 1884 ἐτη
1092 1849 1125 1883 θ’,
1140 1849 1283 1884 ἄνθρωπος
1306 1849 1504 1885 φονικώτατος,
1517 1849 1612 1880 δοῦλος
1629 1849 1742 1884 χρυσοῦ,
1759 1850 1814 1876 Μία

1028 1894 1077 1926 δας
1089 1895 1167 1927 ἄλλος
1183 1896 1324 1930 ἄντικρυς,
1339 1894 1437 1927 ὠνίους
1457 1894 1508 1926 τὰς
1531 1895 1619 1930 ἀρχὰς
1637 1894 1814 1930 ποιούμενος.

1029 1936 1116 1972 Οὗτος
1130 1940 1198 1967 πᾶσι
1215 1940 1266 1975 μὲν
1294 1938 1376 1975 ἐῴκει
1394 1939 1522 1975 κατηφὴς
1536 1937 1620 1973 εἶναι,
1636 1940 1684 1968 τὸν
1701 1941 1731 1967 δὲ
1746 1949 1816 1975 χρυ-

1030 1984 1075 2012 σὸν
1097 1984 1172 2020 αὐτῷ
1199 1984 1368 2020 προσάγωσι
1392 1984 1442 2012 καὶ
1458 1985 1531 2012 πάνυ
1551 1986 1658 2022 χαρίεις
1675 1985 1815 2020 ἐφαίνετο.

1035 2031 1116 2059 Ἀλλὰ
1142 2031 1190 2058 καὶ
1213 2031 1284 2066 βαρὺ
1303 2031 1360 2062 τοῖς
1385 2030 1546 2063 Βυζαντίοις
1575 2031 1659 2066 ἄχθος
1682 2031 1815 2067 ἐπέθηκε,

1029 2077 1108 2112 χάριν
1119 2076 1174 2104 ad»;
1190 2076 1372 2112 γηρασᾶντων
1383 2076 1482 2111 τειχῶν
1503 2077 1679 2104 ἀπαιτεῖσθαι
1694 2077 1725 2104 τὸ
1736 2077 1814 2111 λεγό-

1003 2139 1006 2141 -
1032 2130 1113 2156 μενον
1122 2121 1264 2156 δικέρατον
1278 2121 1417 2148 ἐκέλευσε.
1429 2122 1501 2156 Πρὸς
1512 2122 1618 2154 τούτοις
1628 2121 1656 2148 δὲ
1667 2122 1818 2158 ἐπεκράτει

196 2151 339 2185 aderrent,
357 2153 434 2181 valde
446 2162 476 2182 se
497 2155 647 2190 gratiosum
663 2161 745 2192 atque
758 2166 862 2188 comem
875 2164 978 2196 praebe-

1031 2151 1078 2192 καὶ
1093 2166 1127 2192 τὰ
1141 2151 1303 2200 τῷνστρατῷ
1319 2151 1532 2201 ὲποφειλόμενα.

196 2200 251 2227 bat.
268 2200 355 2229 Grave
376 2202 514 2237 Byzantiis
531 2210 601 2230 onus
621 2204 764 2239 imposuit,
798 2207 849 2235 sub
879 2217 978 2244 praete:

1033 2212 1276 2240 instaurandorum
1297 2218 1424 2240 veterum
1446 2220 1589 2241 murorum
1617 2213 1689 2249 exigi
1717 2213 1817 2249 preci-

195 2246 275 2281 piens
290 2247 316 2274 id
334 2249 407 2282 quod
423 2248 576 2276 diceratum
592 2249 618 2284 (a
632 2250 740 2280 duobus
762 2253 884 2290 ceratiis)
905 2263 1091 2294 nuncupatur.
1127 2259 1266 2286 Praeterea
1297 2266 1359 2293 quae
1389 2259 1527 2288 militibus
1556 2246 1739 2294 debebantur,
1756 2260 1818 2296 ipse

195 2293 246 2321 sibi
261 2295 382 2322 retinuit.

231 2339 279 2368 His
290 2342 370 2369 annis
385 2341 467 2369 etiam
485 2343 607 2378 reliquize
622 2350 723 2372 sanctae
735 2345 980 2384 Eupltemize,quas

196 2387 388 2423 Cnpronymus
405 2388 431 2415 in
450 2397 524 2416 mare
539 2389 705 2425 projecerat,
717 2391 750 2418 ad
767 2390 887 2420 Lesbum
904 2394 981 2422 insu-

197 2435 250 2461 lam
265 2440 382 2468 recepta:
392 2440 561 2470 servataque
575 2439 650 2462 sunt.
668 2435 713 2463 Sic
725 2437 797 2464 enim
813 2446 863 2466 nos
879 2439 978 2467 factum

197 2480 364 2514 accepimus.
379 2480 497 2509 Zonaras
508 2480 540 2508 in
558 2482 704 2510 Annalium
726 2483 803 2511 libris
821 2485 978 2519 hujusmodi

196 2526 321 2560 qutedam
337 2532 543 2555 commemorat.
570 2528 685 2563 Duplex,
712 2529 811 2563 inquit,
829 2529 879 2557 hac
896 2530 929 2558 de
949 2538 979 2558 re

198 2580 293 2600 rumor
306 2578 358 2600 est.
374 2573 441 2601 Nam
461 2574 507 2600 alii
528 2575 639 2602 tradunt
659 2580 779 2602 sanctam
796 2576 976 2611 Euphemiam

199 2627 212 2645 a
228 2619 401 2654 Copronymo
418 2619 471 2653 igni
489 2618 572 2646 fuisre
591 2619 730 2652 traditam,
748 2627 903 2655 quanquam
930 2628 978 2655 spe

199 2673 249 2692 sua
269 2670 399 2701 tyrannus
413 2665 533 2692 excidit:
559 2665 660 2700 quippe
676 2665 750 2692 illius
781 2665 842 2693 loco
862 2666 979 2694 cadaver

198 2710 270 2737 aliud
300 2716 451 2738 crematum
479 2710 541 2738 fuit.
559 2711 611 2737 Alii
629 2711 774 2745 perhibi-nt
787 2718 846 2738 eam
860 2711 886 2738 in
903 2719 980 2739 mare

198 2756 348 2791 prnjt‘clam
367 2756 461 2785 divino
478 2757 613 2785 beneficio
632 2757 705 2785 circa
722 2756 840 2784 Lesbum
864 2765 978 2793 recupe-

201 2808 285 2830 ratam
302 2804 396 2831 fuisse.

1064 2349 1132 2376 Κατ’
1155 2350 1245 2376 ἐκεῖνο
1267 2348 1296 2375 δὲ
1323 2348 1421 2384 καιροῦ
1439 2349 1486 2376 καὶ
1510 2349 1540 2376 τὸ
1553 2350 1603 2386 τῆς
1619 2351 1702 2385 ἁγίας
1719 2352 1816 2389 Εὐφη-

1030 2394 1094 2429 μίας
1111 2394 1238 2429 λείψανον
1251 2394 1322 2421 κατὰ
1343 2394 1480 2429 θαλάττης
1500 2396 1580 2430 ριφὲν
1604 2397 1681 2432 παρὰ
1696 2399 1744 2425 τοῦ
1760 2400 1816 2436 Ko-

1029 2440 1175 2476 πρωνύμου
1195 2441 1223 2466 ὲν
1238 2440 1335 2475 Λέσὸῳ
1352 2442 1384 2475 τῇ
1402 2441 1476 2476 νήσῳ
1488 2442 1661 2478 ὲπανεσὼθη.
1678 2443 1734 2470 Καὶ
1752 2446 1817 2479 περὶ

1030 2485 1079 2520 μὲν
1102 2485 1204 2513 τούτων
1228 2485 1326 2517 οὕτως.
1345 2486 1374 2513 '0
1388 2486 1418 2512 δὲ
1442 2488 1573 2522 Ζωναρᾶς
1590 2488 1620 2514 ἐν
1638 2488 1678 2524 τῷ
1694 2491 1815 2526 χρονικῷ

1035 2531 1116 2558 αὑτοῦ
1142 2531 1313 2566 συντάγματι
1333 2532 1380 2558 καὶ
1397 2532 1460 2558 τάδε
1477 2534 1543 2568 περὶ
1561 2533 1657 2560 τούτου
1673 2535 1750 2570 φησί.
1764 2536 1816 2563 Δύο

1033 2575 1107 2609 λόγοι
1122 2575 1266 2610 φέρονται·
1284 2576 1298 2602 ὁ
1315 2575 1364 2610 μὲν
1382 2576 1436 2611 γὰρ
1452 2575 1526 2610 λέγει
1544 2577 1612 2613 πυρὶ
1628 2579 1816 2615 παραδοθῆναι

1034 2621 1110 2654 παρὰ
1135 2620 1181 2646 τοῦ
1207 2620 1397 2656 Κοπρωνύμου
1425 2622 1475 2656 τὴν
1501 2622 1583 2656 ἁγίαν
1613 2623 1771 2659 Εὐφημὶαν,
1789 2626 1816 2651 εί

1033 2667 1080 2694 καὶ
1095 2667 1143 2702 τῆς
1161 2666 1268 2698 ἐλπίδος
1288 2667 1391 2698 ἐκεῖνος
1407 2667 1557 2703 διήμαρτεν
1575 2669 1643 2704 (ἀντ’
1658 2670 1744 2705 αὐτῆς
1760 2671 1816 2707 γὰρ

1033 2711 1125 2746 ἕτερον
1143 2711 1246 2746 ἐκαύθη
1270 2712 1372 2747 σῶμα),
1390 2714 1404 2739 ὁ
1426 2713 1454 2740 δὲ
1481 2713 1556 2748 λέγει
1575 2715 1646 2742 κατὰ
1667 2716 1750 2750 βυθοῦ
1776 2718 1818 2751 ρι-

1033 2756 1116 2791 φῆναι
1131 2756 1226 2790 αὐτὴν,
1243 2756 1303 2793 θείᾳ
1332 2757 1426 2793 χάριτι
1451 2759 1515 2794 περὶ
1537 2759 1587 2795 τὴν
1605 2760 1709 2788 Λέσϐον
1733 2761 1816 2796 νῆστιν

1032 2802 1254 2837 ὲπανασωθῆναι.
