1960 3075
123 128 178 159 533

741 128 943 159 ANNALIUM
964 129 1008 159 ΡΛ
1014 130 1061 162 HS
1083 132 1132 163 IV.

1692 139 1742 170 5.74

157 185 224 210 Τότε
239 184 280 219 δὴ,
297 183 356 211 τότε
376 184 470 216 κακῶς
481 184 553 211 οὕτω
563 183 609 211 τοῦ
626 185 784 220 Νικηφόρον
801 186 835 212 τὰ
851 187 902 219 τῆς

989 189 1057 216 tium
1077 194 1169 216 autem
1196 189 1370 226 Nicephorus
1388 193 1459 220 male
1481 192 1626 228 imperium
1654 193 1743 221 admi-

122 230 262 265 βασιλείας
282 229 420 262 διέποντος
448 231 527 265 θρόος
553 232 673 264 ἄτακτος
693 231 768 266 παρὰ
793 231 832 266 τῷ
848 231 907 266 λαῷ

121 277 168 303 καὶ
197 277 292 306 στάσις
318 277 360 303 ὃτι
389 276 488 312 πολλή.
509 277 578 304 Τότε
611 277 659 304 καὶ
690 277 833 313 Βαρδὰνην
861 278 909 305 τὸν

122 322 297 356 στρατάρχην
321 321 352 348 τδ
376 323 426 357 τῆς
448 322 587 356 βασιλείας
604 323 707 359 κράτος
732 324 908 356 ὲκὸιάζουσιν

120 365 317 399 ἀναδήσασθαι.
335 365 419 392 Ὅθεν
433 366 481 392 καὶ
502 366 533 392 τὸ
545 367 595 401 τῆς
610 367 697 402 τύχης
715 364 792 399 οὗτος
810 367 908 402 ἄδηλον

120 411 214 443 δεδιὼς
241 411 387 447 διοραττκῷ
411 421 467 439 τινι
489 413 674 448 προσέρχεται
697 414 775 448 ἀνδρὶ
794 414 828 440 τὰ
845 414 908 448 μέλ-

120 457 202 484 λοντα
220 458 422 492 μαθησόμενος,
442 460 490 486 καὶ
515 459 546 494 δὴ
567 460 614 486 καὶ
631 459 793 494 μεμάθηκεν
820 459 909 486 ἀπλα-

120 503 172 534 νῶς
187 504 274 530 πάντα
290 504 325 531 τὰ
341 504 549 539 συμϐησόμενα.
560 505 612 532 Τὸν
631 505 722 540 μέντοι
736 505 911 540 Νικηφόρον,

121 550 165 576 διά
183 558 214 584 γε
227 550 257 576 τὺ
273 546 315 576 τδν
334 542 422 585 μέγαν
433 550 570 584 Θεόδωρον
587 550 633 577 τὸν
654 551 799 586 Στουδίτην
821 552 904 587 ὑπερ-

119 596 195 631 όριον
220 597 332 630 ποιῆσαι
346 597 393 624 τοῦ
408 598 516 625 δικαίου
542 598 589 625 καὶ
604 599 659 625 τῶν
684 599 807 626 κανόνων
821 599 908 635 ὑπερ-

119 643 261 675 λαλοῦντα,
279 643 294 677 ή
316 642 376 669 θεία
406 643 467 678 δίκη
489 645 670 679 μετέρχεται·
689 645 758 671 κατὰ
784 645 907 678 Βουλγά-

120 697 175 725 ρων
186 690 238 724 γὰρ
248 690 453 725 ὲκστρατεύσας
466 691 494 716 ὲν
510 689 548 725 τῷ
561 691 672 726 πολέμῳ
688 691 782 717 πίπτει
797 693 842 718 καὶ
858 693 906 728 τὴν

119 735 242 770 κεφαλὴν
277 737 448 771 ἀφαιρεῖται.
481 736 526 772 Τῷ
559 737 637 764 παιδὶ
676 737 841 774 Σταυρακίῳ
872 739 906 767 τὰ

120 780 247 816 σκῆπτρα
279 782 496 817 καταλιμπάνει.
514 782 596 810 Ἀλλὰ
618 783 664 810 καὶ
686 784 856 819 Σταυράκιος
874 786 905 812 ἐκ

121 828 204 862 μέσον
219 828 312 863 τάχιον
323 828 428 863 γίνεται
444 830 514 857 κατὰ
530 829 634 864 ταύτην
648 830 699 866 τὴν
713 831 804 866 μάχην
826 831 906 868 δοραο
923 849 944 877 Β

119 876 254 909 τάτρωτος
267 874 400 910 γεγονὼς,
415 876 557 913 κρατήσας
577 876 668 912 μῆνας
685 877 742 904 δύο.

154 1007 232 1034 Μετὰ
244 1007 272 1034 δὲ
289 1007 383 1036 τοῦτον
402 1009 499 1044 κρατεῖ
515 1009 625 1044 Μιχαὴλ
639 1011 655 1037 ὁ
672 1010 810 1044 Ῥαγγαόδ
827 1012 841 1038 δ
860 1011 906 1039 ἐπὶ

119 1053 234 1089 θυγατρὶ
253 1054 394 1090 Προκοπίᾳ
414 1054 461 1081 τοῦ
478 1055 637 1090 Νικηφόρον
653 1057 779 1092 γαμϐρὸς
796 1057 844 1092 ἔτη
872 1058 904 1090 δ’,

121 1100 208 1134 μῆνις
234 1099 266 1132 θ’,
292 1101 306 1127 ὁ
330 1101 378 1129 καὶ
394 1100 535 1135 βασιλείας
565 1101 658 1134 ἄξιος·
683 1103 751 1137 πρὸς
771 1102 825 1138 γὰρ
849 1105 905 1135 τοῖς

119 1146 212 1177 ἄλλοις
239 1146 287 1173 καὶ
307 1148 369 1177 τοὺς
385 1148 413 1173 ὲν
431 1147 525 1182 ἐξοριᾳ
549 1148 630 1179 ὄντας
657 1148 751 1182 ἁγίους
768 1149 907 1176 ἐπανεσὼ-

119 1199 186 1217 σατο
207 1191 307 1218 Τοῦτον
321 1192 412 1226 μέντοι
433 1193 478 1219 τδν
496 1194 605 1229 Μιχαὴλ
622 1194 709 1229 ἀρχὴν
724 1195 738 1221 ὁ
755 1195 906 1230 Σκυλίτζης

118 1237 168 1263 τοῦ
183 1237 309 1271 χρονικοῢ
335 1238 418 1264 αὑτοῦ
438 1240 555 1265 ποιεῖται
581 1239 785 1273 συντάγματος.
805 1240 835 1266 Ὀ
849 1240 906 1267 δια-

117 1279 232 1314 ληψοεὶς
248 1280 396 1316 Βαρδάνης,
414 1282 495 1316 ἡνίκα
524 1283 664 1318 προσῆλθε
684 1284 722 1318 τῷ
747 1285 818 1312 κατὰ
831 1293 862 1319 γε
876 1284 906 1312 τὸ

117 1326 275 1360 Φιλομίλιον
291 1327 438 1363 διορατικῷ
455 1329 575 1364 μοναχῷ,
595 1331 834 1365 συνεφεπομένους
847 1328 905 1365 εἶχε

117 1370 222 1397 Λέοντα
245 1371 292 1397 τὸν
320 1371 478 1407 ’Δρμένιον,
499 1373 609 1408 Μιχαὴλ
636 1373 682 1399 τὸν
702 1374 825 1409 Τραυλδν
858 1375 905 1402 καὶ

117 1415 220 1451 Θωμᾶν
246 1425 319 1445 τινα.
336 1418 390 1445 Καὶ
416 1419 430 1445 ὁ
456 1418 507 1453 μὲν
525 1419 668 1454 Βαρδάνης
697 1419 769 1446 κατᾶ
791 1420 841 1455 τὴν
857 1419 904 1447 τοῦ

119 1462 239 1497 μοναχοῦ
266 1463 422 1498 πρόρρησιν
446 1464 630 1499 ὲκτυφλοῦται
656 1466 815 1501 τυραννίδος
829 1466 903 1500 tmt-

119 1517 212 1543 μενος,
227 1509 241 1534 ὁ
257 1508 285 1535 δὲ
298 1509 375 1536 Λέων
397 1509 511 1544 ὕστερον
528 1510 577 1537 καὶ
594 1511 608 1538 ὁ
631 1510 741 1546 Μιχαὴλ
760 1512 904 1547 ἐγκρατεῖς
917 1521 940 1552 α

117 1554 170 1588 τῆς
196 1554 335 1589 βασιλείας
362 1555 493 1589 γίνονται.
522 1557 568 1591 Τῷ
596 1557 692 1590 μέντοι
708 1557 831 1593 ιΜαχαὴλ
865 1558 904 1594 τῷ

123 1599 262 1634 Ῥαγγαϐὲ
286 1601 303 1635 ὴ
322 1601 370 1636 τῆς
391 1599 532 1635 βασιλείας
558 1602 679 1638 ἀποϐολὴ
703 1603 750 1630 καὶ
773 1602 844 1631 οὕτω
862 1603 905 1631 δε-

117 1644 248 1678 δήλωται.
275 1646 411 1682 Παιδίσκη
433 1655 476 1679 τις
497 1648 640 1683 οίκογενὴς
662 1646 697 1684 ἦν
719 1649 759 1684 τῷ
772 1650 903 1686 Μιχαὴλ·

119 1690 188 1725 αὕτη
214 1691 285 1718 κατά
305 1700 336 1725 γε
360 1693 410 1723 τὰς
429 1693 574 1727 πληνιχὰς
597 1694 725 1727 συνόδους
757 1695 840 1723 πάθει
856 1705 905 1730 μα-

118 1737 179 1769 νίας
202 1737 340 1771 ἡλίσκετο.
362 1737 458 1767 Ἠνίκα
487 1739 552 1772 γοῦν
577 1740 617 1775 τῷ
640 1740 725 1767 πάθει
751 1741 901 1777 συνείχετο,

117 1783 189 1810 κατά
204 1792 235 1817 γε
257 1783 302 1810 τὸν
324 1783 507 1812 Βουκολέοντα.
520 1785 632 1821 ἤρχετο,
649 1787 698 1813 καὶ
716 1788 903 1824 γεγωνότερον

118 1830 182 1856 ἔὸόα
199 1831 267 1865 πρὸς
292 1830 336 1857 τὸν
354 1831 466 1865 βασιλέα
499 1841 509 1859 ί
531 1832 666 1863 Κάτελθι.
685 1833 799 1860 κάτελθε
811 1841 820 1849 ⁶
835 1835 905 1861 ὑπο·

117 1875 202 1911 χώρει
224 1877 279 1904 τῶν
303 1878 455 1911 ἀλλοτρίων
471 1886 478 1893 ·
501 1887 514 1903 ι
533 1878 642 1905 Γίνεται
658 1878 737 1906 τοῦτο
761 1873 902 1913 πολλάκις.

123 1923 324 1958 Ἐκπλήττεται
346 1924 360 1950 ὁ
387 1923 524 1958 βασιλεύς.
545 1924 750 1959 Κοινολογιῖται
777 1926 813 1954 τὰ
838 1926 904 1962 περὶ

116 1968 214 1995 τούτου
236 1969 329 2004 οἰκείῳ
350 1969 405 1996 τινὶ
423 1969 544 2006 Θεοδότῳ
567 1971 700 2006 τοῦνομα.
717 1971 772 1999 Καὶ
797 1972 827 2004 ὃς
843 1972 903 2008 ἅμα

115 2013 156 2047 τῷ
170 2013 298 2048 γενέσθαι
311 2015 343 2041 τὸ
362 2015 492 2050 κοράσιον
516 2016 556 2052 τῷ
580 2016 690 2052 δαίμονι
709 2017 826 2052 κάτοχον
847 2018 902 2044 διε-

118 2060 193 2096 ρωτᾷ
204 2068 234 2087 τε
249 2061 315 2088 αὐτὸ
327 2061 374 2089 καὶ
391 2061 522 2096 μανθάνει
537 2061 591 2089 τίνι
605 2064 741 2098 προσήκει
763 2063 794 2090 τὸ
814 2064 904 2092 παλά-

115 2113 174 2131 τιον
197 2106 245 2132 καὶ
274 2106 355 2132 ὁποῖα
379 2105 416 2132 τὰ
439 2105 536 2132 τούτου
557 2107 749 2142 γνωρίσματα.
769 2108 800 2135 '0
820 2109 849 2136 δὲ
867 2107 902 2145 ἦν

115 2150 193 2177 Λέων
221 2151 236 2177 ὁ
263 2150 415 2186 ¹Δρμένιος.
434 2152 505 2179 Πολὺ
533 2153 563 2179 ’τὸ
592 2153 627 2179 ἔν’
652 2153 727 2189 μέσῳ
749 2155 801 2182 καὶ
824 2155 901 2189 παρὰ

960 234 1099 268 nisu-aret,
1127 243 1221 263 rumor
1242 237 1269 263 in
1291 238 1391 272 populo
1412 239 1554 266 turbarum
1579 240 1676 274 plenus
1699 244 1743 267 est

959 279 1065 307 dinlilus
1088 280 1260 316 excitataque
1276 283 1376 311 scditio
1398 284 1578 319 gravissima:
1593 285 1672 320 cujus
1695 292 1742 312 oc-

959 326 1071 354 casione
1087 328 1198 360 quidam
1215 329 1366 357 Bardanem
1383 331 1524 366 copiarum
1539 331 1638 359 ducem
1655 333 1743 367 impe-

958 373 1030 400 rium
1043 373 1096 401 sibi
1111 373 1251 402 vindicare
1266 381 1377 411 cogunt.
1393 377 1440 404 Ille
1455 385 1521 405 vero
1535 379 1651 406 fortuna:
1664 386 1741 406 reve-

959 419 1029 446 ritus
1055 419 1279 454 inconstantiam,
1294 423 1382 448 virum
1403 422 1549 457 quemdam
1573 423 1631 450 adit
1647 424 1742 451 futura

958 463 1146 498 prospiciendi
1160 465 1185 492 vi
1201 465 1357 500 prmJiium,
1371 472 1400 494 ut
1412 467 1478 501 quid
1493 472 1654 495 eventurum
1670 473 1743 496 esset

959 515 1156 543 cognosceret;
1183 510 1209 538 id
1233 511 1307 546 quod
1324 512 1393 540 citra
1413 520 1521 540 onmem
1534 521 1656 540 errorem
1675 521 1742 540 con-

959 560 1071 582 secutus
1095 555 1156 583 fuit.
1183 557 1318 592 Deinceps
1336 558 1520 593 Nicephorum
1548 559 1742 594 imperatorem

959 605 1103 636 propterea
1133 602 1206 636 quod
1240 603 1369 630 eximium
1401 604 1535 631 Studiano
1570 611 1586 631 e
1626 604 1742 639 collegio

958 646 1047 672 virum
1062 646 1236 675 Theodorum
1253 648 1281 675 in
1297 649 1424 676 exsilium
1437 650 1548 684 egisset,
1564 649 1679 684 justitim
1697 657 1741 676 sa-

961 692 1070 724 crisque
1093 693 1244 726 canonibus
1265 694 1492 728 patrocinantcm,
1508 695 1630 722 vindicta
1650 694 1742 722 divina

958 737 1085 771 persequi
1103 738 1196 772 coepit.
1214 738 1282 766 Nam
1299 744 1395 766 contra
1418 739 1550 774 Bulgaros
1566 739 1741 774 expeditione

957 786 1084 817 suscepta
1107 782 1225 817 quodam
1256 784 1283 811 in
1309 784 1402 819 prarlio
1431 784 1543 817 cecidit,
1563 784 1690 811 hostibus
1714 785 1741 810 ei

958 831 1039 859 caput
1056 828 1270 862 amputantibus.
1279 829 1386 863 lmperii
1398 829 1582 863 gubernacula
1599 828 1742 856 Stauracio

957 871 1013 898 ﬁlio
1029 872 1149 907 reliquit.
1166 873 1266 901 Verum
1284 874 1306 901 is
1326 882 1435 909 quoque
1449 875 1577 902 celeriter
1593 873 1740 901 admodum

956 924 972 944 e
984 918 1074 944 medio
1088 919 1214 947 sublatus
1230 924 1283 953 est,
1295 920 1347 947 huc
1364 920 1422 954 ipsa
1437 920 1465 947 in
1482 927 1571 955 pugna
1584 919 1639 947 ictu
1658 919 1742 947 hastas

957 963 1126 991 vulneratus.

992 1008 1132 1036 Successit
1148 1009 1175 1036 in
1191 1009 1305 1044 imperio
1321 1009 1468 1038 llfichaelus
1484 1010 1638 1045 Rangabes,
1658 1010 1741 1038 Nice-

957 1054 1038 1088 phori
1051 1062 1146 1089 gener,
1163 1060 1192 1082 ut
1207 1055 1250 1083 cui
1275 1060 1391 1090 nuptum
1409 1056 1454 1083 ille
1478 1055 1561 1083 filiam
1576 1057 1740 1092 Proeopiam

957 1099 1082 1127 dederat.
1101 1099 1193 1128 Rebus
1208 1100 1321 1127 omnino
1335 1108 1385 1135 per
1401 1108 1488 1128 annos
1500 1106 1619 1137 quatuor
1632 1109 1742 1130 menses

957 1151 1054 1172 novem
1074 1144 1199 1179 praefuit,
1231 1145 1274 1172 vir
1294 1145 1374 1180 plane
1398 1145 1498 1181 dignus
1522 1147 1648 1181 imperio.
1672 1147 1741 1175 Nam

957 1195 1056 1225 praeter
1067 1191 1120 1218 alia
1133 1199 1194 1226 quae
1205 1192 1337 1227 praeclara
1353 1193 1429 1225 fecit,
1446 1193 1529 1220 etiam
1545 1194 1619 1221 viros
1631 1198 1741 1221 sanctos

956 1236 992 1264 ab
1007 1236 1106 1263 exsilio
1122 1241 1267 1264 revocatos
1285 1237 1311 1264 in
1326 1237 1464 1272 integrum
1479 1238 1611 1265 restituit.
1633 1237 1675 1265 Ab
1689 1237 1742 1264 hoc

956 1281 1088 1310 Ilichaelo
1102 1288 1215 1310 suorum
1224 1282 1370 1310 Annalium
1378 1283 1508 1310 volumen
1517 1283 1649 1319 Scylitzes
1659 1290 1742 1310 orsus

956 1332 1009 1354 est.
1027 1327 1151 1355 Diximus
1173 1331 1253 1355 antea
1271 1327 1305 1355 de
1331 1327 1467 1355 Bardane.
1487 1327 1546 1361 Quo
1567 1332 1690 1363 tempore
1717 1328 1742 1355 is

957 1373 1123 1400 monachum
1136 1372 1213 1400 illum
1227 1372 1321 1400 futura
1330 1372 1518 1407 prospiciendi
1531 1373 1661 1400 facultate
1672 1380 1742 1407 prte-

956 1418 1061 1450 ditum.
1085 1418 1132 1451 qui
1153 1418 1269 1453 degebat
1292 1418 1320 1445 in
1346 1418 1521 1450 l’hilomilio,
1547 1417 1739 1450 conveniebat,

955 1462 1070 1490 comites
1089 1462 1208 1489 habebat
1228 1469 1323 1490 secum
1347 1461 1468 1490 Leonem
1490 1461 1668 1494 Armenium,
1691 1461 1743 1488 Mi-

955 1507 1082 1535 chaelum
1100 1507 1213 1535 Balbum
1237 1512 1266 1535 et
1281 1508 1364 1536 alium
1381 1508 1527 1543 quemdam
1553 1511 1738 1543 cognomento

955 1553 1101 1581 Thomam.
1123 1554 1161 1582 Ex
1181 1554 1224 1581 his
1240 1559 1360 1589 quatuor
1384 1554 1491 1590 primus
1514 1553 1654 1581 Bardanes
1671 1553 1740 1581 alle-

953 1604 1027 1627 ctato
1060 1599 1177 1634 imperio
1203 1598 1356 1626 secundum
1371 1599 1499 1626 monachi
1532 1598 1740 1634 praedictionem

953 1645 1050 1673 oculos
1064 1645 1248 1678 amisit,‘alter
1264 1645 1320 1672 Leo
1343 1645 1472 1680 idemque
1489 1644 1638 1672 Michaelus
1654 1644 1741 1679 impe-

953 1693 996 1720 rio
1019 1691 1151 1726 deinceps
1182 1692 1262 1727 potiti
1286 1695 1362 1719 sunt.
1391 1691 1480 1719 Etiam
1510 1691 1576 1718 huic
1600 1690 1737 1718 Michaelo

953 1737 1076 1774 Rangabi
1109 1737 1162 1765 hoc
1185 1730 1304 1772 quodam
1331 1737 1413 1765 modo
1445 1736 1553 1771 imperii
1579 1735 1739 1763 denunliata

953 1784 1006 1813 fuit
1024 1783 1150 1811 amissio.
1164 1783 1284 1811 Vernam
1300 1782 1447 1817 quamdam
1464 1781 1592 1810 ancillam
1606 1780 1737 1813 habebat,

953 1838 1015 1867 quae
1030 1830 1081 1858 sub
1095 1830 1166 1857 lunae
1181 1837 1244 1857 cum
1259 1829 1316 1858 sole
1334 1829 1415 1864 287
1429 1828 1504 1856 coitu
1528 1827 1623 1856 furore
1646 1825 1740 1855 cerri-

954 1876 1095 1912 piebatur.
1112 1875 1226 1909 Quoties
1244 1874 1327 1910 igitur
1346 1874 1399 1901 hoc
1422 1873 1495 1901 malo
1523 1871 1685 1905 vexabatur,
1702 1870 1737 1898 ad

952 1922 1148 1950 Bucoleontem
1178 1921 1243 1956 (loci
1268 1921 1322 1948 hoc
1346 1927 1446 1948 nomen
1470 1923 1522 1951 est,
1554 1926 1569 1946 a
1596 1917 1739 1946 collocatis

953 1968 990 1996 ibi
1011 1968 1089 1995 bovis
1104 1967 1248 2001 leonisque
1261 1961 1387 1999 'statuie)
1407 1973 1437 1994 se
1460 1964 1621 1992 conferebat
1632 1984 1640 1998 ,
1656 1968 1686 1991 et
1703 1965 1736 1991 ad

953 2014 1147 2049 imperatorem
1179 2012 1346 2040 contentiori
1370 2018 1438 2039 voce
1473 2009 1630 2038 clamabat:
1649 2018 1658 2035 ι
1682 2009 1737 2036 Dc-

952 2059 1074 2093 scende,
1095 2058 1243 2091 descende,
1268 2063 1351 2093 atque
1370 2056 1468 2085 alienis
1482 2056 1560 2084 cede.
1584 2065 1593 2082 ι
1617 2055 1686 2083 Cum
1708 2054 1740 2082 id

952 2105 1053 2140 saepius
1076 2099 1225 2136 accideret,
1243 2104 1394 2139 imperator
1412 2108 1486 2130 metu
1513 2102 1657 2137 perculsus
1676 2109 1738 2128 rom

953 2156 1038 2178 lotam
1049 2158 1113 2178 cum
1129 2150 1256 2177 familiari
1271 2149 1390 2185 quodam
1406 2157 1468 2182 suo,
1482 2147 1527 2176 cui
1547 2155 1648 2175 nomen
1664 2151 1744 2175 esset

115 2197 228 2232 Μιχαὴλ
247 2197 387 2232 πέμπεται
404 2198 472 2233 πρὸς
499 2198 550 2233 τῆς
572 2198 610 2226 ἕω
636 2200 788 2242 στρατηγὸς
802 2202 817 2227 δ
837 2201 900 2236 ’Δρ-

956 2196 1100 2228 Theodoti.
1131 2195 1328 2223 communicat.
1358 2194 1382 2222 Is
1409 2201 1472 2222 cum
1497 2193 1616 2228 primum
1646 2192 1741 2227 puella

115 2243 218 2276 μένιος.
236 2241 304 2270 Εἶτα
324 2244 489 2279 μετέρχεται
504 2244 534 2270 τὺ
549 2241 759 2280 στρατιωτικὸν,
772 2246 898 2282 ἀνταίριι

115 2287 187 2314 κατὰ
209 2288 329 2322 Μιχαήλ.
351 2288 478 2323 Τρίχινον
496 2287 590 2316 λοιπὸν
612 2286 689 2321 οὗτος
705 2289 839 2324 ἐνδύεται,
852 2291 900 2318 καὶ

114 2333 166 2367 τῆς
184 2333 323 2367 βασιλείας
339 2333 409 2360 ἑκὼν
426 2334 615 2367 ὑπεξίσταται.

953 2243 1026 2271 malo
1050 2250 1065 2269 a
1093 2242 1173 2277 genio
1206 2241 1405 2276 corriperetnr,
1431 2240 1533 2275 quibus
1562 2246 1596 2266 ex
1627 2237 1743 2266 indiciis

951 2289 1064 2326 agnosci
1085 2293 1178 2323 posset
1196 2287 1372 2323 imperatoris
1395 2294 1551 2318 successor,
1572 2286 1736 2320 interrogat.

951 2334 1153 2364 Animadvertit
1180 2333 1233 2361 illis
1258 2333 1392 2368 expositis
1425 2332 1546 2359 Leonem
1574 2331 1735 2358 Armenium

114 2380 282 2416 signiﬁcari;
297 2381 343 2415 qui
355 2388 433 2408 exeo
449 2385 571 2416 tempore
584 2381 635 2409 sibi
652 2382 810 2410 conciliatis
821 2383 991 2411 exercitibus
1020 2385 1116 2409 contra
1146 2379 1311 2407 Michaelum
1331 2386 1406 2406 arma
1427 2378 1521 2406 sumit.
1539 2378 1578 2405 Eo
1594 2377 1742 2412 Rangabcs

113 2428 224 2463 cognito
238 2435 364 2462 asperam
380 2432 483 2455 vestem
501 2428 599 2465 induit,
613 2433 642 2456 et
660 2430 776 2464 imperio
799 2435 897 2465 sponte
917 2437 966 2458 sua
979 2428 1062 2457 cedit.

150 2474 255 2510 Κρατεῖ
281 2473 328 2500 οὖν
356 2475 426 2508 μετὰ
454 2475 501 2501 τὸν
530 2474 667 2509 Ῥαγγαὸὲ
706 2478 720 2503 ὁ
754 2476 899 2511 Ἀρμένιος

114 2522 162 2556 ἐτη
191 2522 223 2553 ζ’,
247 2521 333 2555 μῆνας
361 2524 391 2548 ε’.
422 2521 478 2549 Καὶ
506 2521 658 2555 τηνικαῦτα
679 2522 710 2548 τὸ
743 2523 822 2556 γένος
855 2531 900 2558 φι-

113 2567 242 2593 λονεικῶν
266 2566 393 2601 ἐκτρέψαι
409 2566 457 2593 τοῦ
481 2567 603 2602 Μιχαὴλ,
621 2568 655 2595 τὰ
680 2569 827 2603 παιδογόνε.
849 2569 897 2596 τοῦ

114 2611 210 2642 παιδὸς
237 2609 320 2637 αὑτοῦ
343 2611 439 2646 μόρια,
453 2607 475 2645 ᾧ
494 2611 580 2646 ὄνομα
608 2612 741 2646 Νικήτας,
760 2613 896 2648 ἐκτέμνει,

115 2657 153 2692 μή
170 2665 235 2683 ποτε
255 2657 394 2688 τεκνώσας
410 2656 549 2692 ἀμύνηται
561 2657 656 2684 αὐτόν.
673 2658 720 2689 Et;
735 2658 834 2693 ἄνδρας
850 2657 897 2686 οὖν

114 2703 127 2728 ὁ
149 2703 215 2733 παῖς
238 2702 316 2733 οὗτος
336 2702 456 2737 ἔρχεται,
473 2703 521 2728 καὶ
544 2703 593 2738 τῆς
608 2704 671 2735 νέας
693 2704 810 2738 ταυτησὶ
830 2704 897 2731 Ῥώ-

117 2755 170 2780 μης
193 2745 341 2781 ἀρχιερεὺς
365 2747 544 2781 χρηματίζει,
561 2748 747 2782 μετακληθεὶς
768 2749 900 2782 Ἰγνάτιος

115 2795 142 2818 ὲν
167 2793 316 2827 μεταθέσει
337 2792 404 2826 βίου.
427 2793 457 2820 'U
480 2793 508 2820 δὲ
533 2793 609 2819 Λέων
638 2794 709 2820 κατὰ
733 2794 787 2820 τῶν
813 2795 898 2827 ἁγίων

119 2839 227 2865 εζκῦνων
239 2838 389 2869 ὁπλίζπαι.
411 2839 443 2865 ’11
457 2839 483 2865 6';
498 2840 569 2865 αὲτξα
586 2839 708 2875 τοιαύτη,
732 2839 759 2866 'U
779 2849 862 2876 trp-mp
876 2851 896 2866 :-

989 2475 1046 2502 lloc
1074 2473 1156 2501 modo
1189 2477 1251 2508 post
1279 2471 1437 2507 Rangabem
1458 2471 1604 2499 Armenius
1624 2470 1670 2498 hic
1693 2478 1742 2498 ειν-

953 2525 1026 2556 ptem
1044 2527 1130 2547 annos
1157 2519 1278 2554 quinque
1301 2525 1409 2545 menses
1435 2525 1525 2545 rerum
1544 2517 1657 2552 'potitus
1683 2522 1737 2545 est.

951 2567 1021 2594 Ante
1033 2566 1125 2592 omnia
1136 2564 1257 2592 studiose
1266 2563 1340 2590 dedit
1351 2570 1461 2597 operam
1476 2567 1505 2590 ut
1514 2562 1639 2590 Michaeli
1651 2569 1742 2598 genus

952 2611 1140 2639 exscindcrct.
1160 2611 1336 2644 Quapropter
1361 2609 1489 2644 genitalia
1515 2609 1562 2635 lilii
1590 2609 1661 2644 ejus,
1687 2608 1740 2642 qui

949 2658 1053 2684 Nicctze
1068 2664 1167 2683 nomen
1181 2655 1309 2685 habebat.
1320 2654 1450 2683 resecuit.
1472 2662 1506 2681 ne
1524 2653 1593 2680 forte
1606 2660 1735 2688 procrea-

952 2703 986 2731 tis
1002 2702 1149 2737 aliquando
1165 2701 1261 2728 liberis
1276 2701 1426 2727 vindictam
1443 2699 1476 2726 de
1494 2699 1592 2739 Leone
1603 2703 1734 2726 snmcrct.

951 2749 975 2777 Is
991 2756 1060 2783 puer
1083 2748 1131 2774 ubi
1148 2747 1255 2774 virilem
1274 2746 1307 2772 ad
1331 2751 1440 2773 aetatem
1459 2745 1639 2779 pervenisset,
1658 2744 1742 2771 urbis

951 2796 1032 2831 hujus
1050 2795 1131 2822 Nova:
1153 2794 1244 2820 Boium
1261 2792 1384 2827 pontifex
1402 2796 1511 2818 creatus
1528 2796 1579 2822 cst.
1597 2799 1658 2818 cum
1677 2791 1735 2826 ipsa

951 2843 1012 2870 \‘iLe
1040 2840 1191 2868 mutatione
1221 2839 1330 2866 diterso
1365 2838 1447 2866 utinm
1476 2846 1490 2864 a
1515 2838 1599 2872 priori
1626 2837 1741 2866 nomine-
