1960 3075
217 143 270 173 535

846 141 1058 172 MICHAELIS
1078 141 1208 172 (ΗΥυῶ

1778 137 1830 170 536

218 201 271 226 κεῖρὶ
278 205 320 226 tu:
336 207 395 227 nam
405 208 452 235 pro
461 200 553 227 Niceta
562 201 681 235 lgnatius
689 200 1003 235 appellatusestSecnn-

1057 201 1132 233 τικδς
1147 201 1252 232 ἐκεῖνος
1274 198 1387 234 τελευτᾷ
1407 197 1534 234 μοναχός.
1551 196 1706 232 Διαδὲχεττι
1724 194 1754 221 τδ
1774 194 1836 221 κελ-

218 245 282 272 dum
310 246 366 272 hate
391 246 446 272 Leo
469 254 498 273 sc
521 251 616 273 contra
641 255 732 274 sacras
757 246 888 280 imagines
910 250 998 273 armat

219 290 374 324 liujnstnodi
398 299 479 318 causa
505 292 649 326 impulsus.
666 291 773 319 Mortuo
794 291 927 319 monacho
951 291 997 327 qui

220 337 310 363 futura
332 337 538 371 prospiciebat,
561 338 587 364 in
611 338 671 372 ejus
692 337 760 365 cella
786 337 897 372 quidam
928 338 998 364 alius

221 382 371 408 monachus
397 382 541 414 successit,
563 382 609 417 qui
629 382 777 410 Sabbatius
798 382 952 409 dicebatur.
973 383 998 410 ls

220 425 303 453 Leoni
320 427 452 460 persuasit
470 431 499 454 ut
514 434 606 455 sacras
630 427 761 462 imagines
784 435 799 454 c
816 428 907 455 medio
922 428 1000 455 tolle-

221 476 271 499 ret.
287 471 394 506 Quippe
408 472 464 499 Leo
478 476 644 500 consecutus
660 473 818 508 imperium,
836 473 883 500 ubi
900 473 999 508 praedi-

219 516 339 543 ctionem
367 516 442 543 illius
469 517 595 544 monachi
619 517 652 544 ad
678 518 797 544 animum
827 522 998 549 revocasset,

220 561 344 594 quaedam
362 560 395 587 ad
418 560 494 588 illum
513 568 625 588 munera
647 561 722 588 misit
740 561 897 589 declarandi
913 562 998 589 animi

221 606 289 640 grati
311 613 403 633 causa.
422 606 490 634 Cum
505 612 596 634 autem
614 608 778 642 ipsiusloeo
796 608 942 636 Sabbatius
958 608 1000 636 in-

221 656 319 678 ventus
343 656 426 684 esset,
453 652 614 687 perscriptis
638 653 683 680 ille
706 653 808 681 litteris
840 653 998 689 imperatori

221 701 356 723 terrorem
373 697 461 732 injicit
483 702 511 725 et
533 699 708 726 amissionem
733 699 842 734 imperii
867 700 998 733 minatur,

222 741 248 767 ni
270 749 363 769 sacras
379 742 511 777 imagines
525 748 672 772 everteret.
687 744 756 772 Hinc
777 745 823 772 illa
839 745 1000 773 simulacro-

222 794 282 813 rum
294 787 393 814 excidii
409 787 515 816 ﬂamma
534 789 559 816 in
585 789 674 817 Leone
689 798 802 818 accensa
828 795 879 818 est.
895 791 998 818 Eodem

222 837 345 864 tempore
353 833 520 860 clarissimus
530 834 574 862 ille
585 835 738 869 patriarcha
749 836 999 870 Nicephorus,cum

221 877 320 904 adduci
343 885 400 905 non
422 885 515 913 posset
542 885 571 906 ut
597 879 747 915 imaginum
767 882 1001 917 oppugnationem

223 921 363 955 probaret,
379 923 467 950 solum
483 924 693 959 verterejussus
710 930 751 953 est
764 927 836 954 acin
852 927 1003 954 Praecone-

222 974 282 993 sum
308 966 481 1001 deportatus,
498 975 560 995 eum
577 969 689 1003 quidem
718 969 745 997 id
762 975 925 998 eventurum
949 971 1001 999 sibi

223 1011 308 1039 multo
320 1017 385 1039 ante
401 1013 585 1047 cognovisset,
601 1022 633 1041 ac
645 1015 761 1042 Leonem
779 1016 929 1044 Ecelesiam
944 1025 1005 1053 per-

222 1055 409 1083 turbaturum.
431 1056 498 1084 Nam
523 1065 585 1085 eum
613 1058 709 1087 beatus
741 1061 856 1089 antistes
878 1062 1004 1090 diadema

222 1101 306 1136 capiti
332 1101 434 1129 Leonis
456 1102 619 1138 imponeret,
640 1105 716 1133 visus
739 1106 792 1134 sibi
813 1107 901 1134 fuerat
917 1109 1005 1143 spinis

222 1155 254 1174 ac
276 1147 385 1174 tribulis
408 1156 519 1176 manum
536 1151 692 1185 compungi.
708 1150 776 1178 Cum
789 1157 880 1179 autem
897 1153 1005 1188 navigio

223 1193 250 1220 in
275 1194 401 1221 exsilium
440 1195 615 1229 aveheretur,
637 1196 708 1224 forte
737 1203 828 1224 rectus
857 1198 1004 1232 aliquando

223 1237 315 1264 stabat
339 1243 367 1265 et
383 1240 530 1273 quemdam
547 1240 696 1268 salutabat.
716 1241 904 1276 Interrogatus
923 1242 1003 1277 quid-

223 1290 286 1309 nam
310 1282 362 1310 hoc
384 1283 437 1310 sibi
462 1284 543 1311 vellet
564 1293 680 1320 quemve
705 1286 860 1314 salutaret:
882 1296 891 1313 ι
915 1287 1006 1316 Theo-

223 1328 352 1362 phanem,
375 1328 475 1363 inquit,
506 1330 691 1358 confessorem
707 1335 735 1358 et
753 1331 816 1365 Agri
832 1332 1003 1367 praefectum,

222 1373 270 1407 qui
286 1374 374 1400 cereis
387 1379 415 1401 et
430 1374 521 1401 sumtu
538 1382 587 1402 nos
601 1375 714 1410 exeipit.
735 1385 744 1401 ι
758 1376 826 1403 Hine
841 1376 894 1404 Leo
909 1385 1003 1405 secum

222 1426 340 1454 expensa
354 1420 480 1447 monachi
497 1421 856 1455 prwdictione,l\liehaelum
866 1422 1003 1459 (Balbum)

225 1464 253 1491 in
277 1465 397 1492 vinculis
417 1465 567 1493 detinebat.
585 1467 634 1494 Vel
661 1467 752 1502 potius
769 1467 826 1502 ipse
840 1468 1002 1502 Michaelus,

223 1510 272 1544 qui
290 1509 373 1537 homo
389 1515 462 1539 esset
477 1511 565 1539 audax
579 1518 606 1540 et
618 1513 773 1548 impudens.
791 1514 841 1541 hoc
855 1514 907 1542 sibi
921 1515 1003 1550 288
1018 1531 1040 1561 α

226 1556 292 1583 muli
314 1557 515 1590 areessiverat;
540 1558 703 1593 tandemque
727 1559 868 1587 decretum
890 1566 1003 1588 senatus

223 1601 393 1636 publicatum
416 1601 477 1634 fuit,
505 1610 560 1637 quo
584 1603 731 1631 Mivhaelus
756 1605 809 1640 igni
835 1607 1003 1634 concremari

220 1646 382 1681 jubebatur.
398 1647 426 1675 Id
445 1648 558 1676 omnino
572 1649 597 1677 ei
613 1650 798 1683 usuvenisset,
812 1651 835 1678 si
850 1659 905 1679 non
918 1652 1005 1687 impe-

223 1693 309 1719 ratrix
342 1693 399 1728 ipsa
431 1693 539 1721 facinus
567 1695 766 1730 impedivisset.
786 1696 853 1724 Nam
881 1697 926 1724 illa
953 1705 1004 1732 pro

224 1738 358 1767 Michaclo
367 1739 598 1774 deprecansinter
610 1741 662 1768 alia
676 1741 832 1776 proferebat
844 1742 871 1769 in
883 1743 1004 1770 medium

224 1784 372 1812 instantem
389 1791 574 1814 sacrosanctae
600 1787 703 1814 Christi
731 1787 888 1816 Nativitatis
918 1789 1003 1816 diem.

222 1828 409 1858 Nihilominus
434 1830 490 1859 Leo
513 1839 561 1866 per
577 1832 723 1866 insomnia,
742 1841 792 1868 per
812 1834 939 1867 oracula,
956 1842 1005 1869 per

224 1873 277 1901 alia
291 1875 415 1908 quaedam
433 1876 568 1911 ejusmodi
589 1877 703 1905 territus
717 1877 818 1905 eaedem
838 1878 899 1912 ejus
914 1884 1005 1906 matu-

225 1918 314 1946 rabat.
328 1920 368 1947 Ad
383 1928 460 1948 suam
475 1929 585 1957 quoque
600 1923 745 1958 conjugem
763 1924 865 1951 dixisse
881 1925 1007 1960 perhibe-

225 1969 285 1992 tur:
297 1965 370 1993 «Tua
385 1966 495 2001 quidem
509 1974 592 2002 opera
607 1968 756 1996 Michaelus
766 1969 820 2005 jam
834 1969 984 1997 dimittitur
997 1979 1004 1998 ι

225 2018 321 2038 verum
336 2013 401 2047 quid
418 2018 577 2040 secuturum
595 2015 641 2047 sit,
662 2020 690 2042 tu
713 2016 808 2050 tuique
829 2016 908 2044 liberi
925 2018 1006 2052 paulo

225 2060 287 2090 post
306 2059 487 2092 cognoscetis.
506 2068 515 2084 ι
531 2060 590 2086 Νοη
607 2067 706 2095 magno
719 2062 849 2096 temporis
863 2062 1006 2098 interjecto

225 2102 315 2136 spatio
342 2103 492 2131 Michaelus
506 2105 620 2133 oraculo
651 2106 739 2135 fretus
770 2109 1007 2145 monaehiﬁeujus

225 2148 393 2175 mentionem
408 2150 554 2184 aliquoties
570 2150 696 2184 fecimus,
710 2159 757 2180 cas
780 2153 852 2188 ipsas
879 2154 1004 2191 insidias,

1051 247 1108 274 λίον
1130 247 1213 274 αὑτοῦ
1238 246 1354 282 μοναχδς
1378 245 1467 277 ἄλλος,
1488 243 1637 274 Σαϐϐάτιος
1661 242 1792 275 τοῦνομα,
1805 240 1833 272 ὃς

1051 295 1098 321 καὶ
1115 295 1203 321 πείθει
1217 295 1263 320 τὸν
1282 294 1385 320 Λέοντα
1407 293 1439 319 ἐκ
1456 292 1539 327 μέσου
1555 291 1668 325 ποιῆσαι
1683 289 1733 320 τὰς
1754 288 1834 322 ἁγίας

1052 340 1170 371 εἰκόνας.
1184 341 1215 367 '0
1235 339 1289 374 γὰρ
1305 338 1382 366 Λέων
1395 338 1443 372 τῆς
1465 337 1604 373 βασιλείας
1616 335 1712 366 ἐπιϐὰς
1726 335 1772 362 καὶ
1783 334 1833 369 τῆς

1051 385 1099 412 τοῦ
1117 384 1235 420 μοναχοῢ
1249 384 1431 420 προρρήσεως
1447 382 1629 418 ἐπιμνησθεὶς
1644 381 1749 408 στέλλει
1765 381 1835 416 τάχα

1052 431 1120 466 πρὸς
1135 430 1238 457 ἐκεῖνόν
1253 439 1329 461 τινας
1349 429 1483 464 ἀμοιϐάς·
1498 427 1620 463 εὑρεθεὶς
1641 427 1669 454 δὲ
1691 427 1705 453 ό
1729 426 1836 453 Σαϐϐά-

1052 485 1109 508 τιος
1123 476 1201 508 οὗτος
1221 476 1408 511 καταπλήττει
1429 484 1459 502 τε
1475 474 1520 502 διὰ
1531 474 1651 509 γραφῆς,
1664 473 1711 500 κα¹ι
1727 472 1835 499 ἔκπτω-

1054 530 1097 548 σιν
1113 522 1162 555 τῆς
1179 521 1318 556 βασιλείας
1335 521 1443 548 ἀπειλεῖ
1459 521 1482 547 εί
1502 519 1540 555 μὴ
1556 520 1606 551 τὰς
1623 519 1730 550 εἰκόνας
1750 517 1836 549 αὐτὰς

1052 567 1277 602 καταστρέψειεν.
1295 566 1436 593 Ἐντεῦθεν
1453 567 1470 601 ἡ
1488 566 1539 600 τῆς
1553 564 1748 600 είκονομαχίας
1765 572 1836 598 πυρ-

1053 614 1120 640 καϊὰ
1141 612 1179 647 τῷ
1207 612 1313 647 βασιλεῖ
1340 612 1436 639 Λέοντι
1460 610 1658 638 ὑπανάπτεται.
1679 608 1838 644 Τηνικαῦτα

1055 658 1103 685 καὶ
1119 659 1132 684 6
1143 660 1173 684 ὲν
1191 658 1377 693 πατριάρχαις
1394 657 1516 691 ἀοίδιμος
1535 655 1692 690 Νικηφόρος
1717 654 1755 690 μὴ
1779 662 1840 680 πει-

1054 702 1128 733 σθεὶς
1144 702 1177 737 τῇ
1194 701 1373 736 είκονομαχία
1384 700 1529 727 συνθέσθαι
1544 698 1683 733 ἑξόριστος
1698 698 1738 730 εἷς
1759 698 1840 733 Προι-

1053 746 1168 780 κόνησον
1187 745 1302 778 γίνεται,
1321 744 1370 771 καὶ
1395 744 1449 779 πρὸ
1474 742 1573 770 πολλοῦ
1588 742 1668 769 τοῦτο
1686 742 1776 774 εἰδὼς,
1791 741 1840 768 καὶ

1052 792 1093 818 ὅτι
1111 791 1223 826 ταράξει
1242 791 1292 826 τὴν
1301 790 1467 826 Ἐκκλησίαν
1481 790 1496 816 δ
1515 789 1610 816 Λέων·
1635 788 1711 821 ἔδοξε
1727 789 1781 823 γὰρ
1800 787 1839 822 τῷ

1054 837 1204 873 μακαρίτῃ,
1232 836 1350 872 ὁπηνίκα
1373 836 1404 863 τὸ
1431 830 1563 871 διάδημα
1581 836 1615 869 τῇ
1646 834 1695 861 τοῦ
1722 834 1837 865 Λέοντος

1053 884 1139 918 ἐπέοη
1166 883 1282 918 κεφαλῇ,
1303 881 1436 913 ἀκάνθαις
1456 882 1505 909 καὶ
1528 880 1665 916 τριᾶὸλοις
1682 880 1732 915 τὴν
1757 881 1838 916 χεῖρα

1053 929 1253 964 περιπαρῆναι.
1267 927 1352 960 Οὗτος
1374 925 1422 955 οὗν
1440 928 1455 955 6
1479 927 1615 962 μακάριος
1641 926 1686 953 διὰ
1710 926 1773 960 νηδς
1799 926 1840 958 είς

1052 974 1101 1010 τὴν
1118 973 1267 1009 ὑπερορίαν
1282 972 1460 1007 στελλόμενος
1478 971 1570 1006 ὄρθιος
1592 971 1686 998 ἵστατο
1702 970 1750 997 καὶ
1765 970 1838 1004 Πρός

1053 1028 1114 1046 τινα
1137 1019 1184 1046 τὸν
1202 1018 1347 1053 ἀσπασμὸν
1369 1018 1498 1045 ἐποιεῖτο.
1514 1017 1570 1044 Καὶ
1591 1017 1619 1042 τί
1642 1016 1722 1042 τοῦτο
1735 1017 1839 1051 ἐρωτη-

1054 1065 1120 1097 θεὶς,
1139 1065 1187 1092 καὶ
1212 1064 1280 1100 πρὸς
1301 1064 1363 1091 τίνα
1386 1065 1505 1091 ποιεῖται
1528 1063 1574 1090 τδν
1598 1062 1755 1098 ἀσπασμὸν.
1769 1061 1839 1095 πρὸς

1053 1111 1193 1145 Θεοφάνην
1211 1111 1256 1137 τδν
1283 1110 1468 1145 ὁμολογητὴν,
1493 1109 1580 1141 ἔλεγε,
1607 1109 1652 1135 τὸν
1670 1108 1718 1135 τοῦ
1740 1107 1841 1142 ’Λγροῦ

1054 1157 1224 1191 καθηγητὴν,
1235 1156 1281 1183 ἂτε
1296 1156 1390 1191 κηροῖς
1401 1155 1447 1182 καὶ
1459 1155 1628 1190 θυμιάμασιν
1640 1154 1713 1189 ἡμᾶς
1736 1154 1763 1180 δε
1769 1153 1842 1186 Eteni-

1056 1211 1147 1237 μενον.
1163 1202 1225 1228 Ἐπὶ
1244 1201 1351 1232 τούτοις
1368 1202 1381 1228 6
1400 1201 1477 1227 Λέων
1496 1200 1546 1235 τὴν
1567 1199 1614 1226 τοῦ
1637 1198 1755 1234 μοναχοῦ
1778 1198 1841 1224 καθ’

1054 1247 1152 1275 ἑαυτὸν
1178 1247 1300 1282 στρέφων
1321 1247 1475 1282 πρόρρησιν
1497 1245 1607 1280 δέσμιον
1631 1242 1688 1279 εἶχε
1717 1243 1763 1270 τδν
1787 1244 1842 1271 Μι-

1054 1290 1133 1326 χαὴλ,
1149 1291 1206 1324 εῐγε
1221 1290 1268 1317 καὶ
1291 1290 1392 1324 μᾶλλον
1406 1291 1420 1316 6
1431 1289 1553 1320 τοιοῦτος
1569 1289 1674 1324 θρασὺς
1690 1287 1738 1316 καὶ
1763 1287 1841 1315 ἀναί-

1055 1343 1168 1370 σχυντος
1181 1332 1226 1370 ἦν.
1245 1333 1303 1368 Ἐἶθ’
1325 1331 1347 1368 ᾧ
1362 1335 1410 1361 καὶ
1428 1334 1504 1369 παρὰ
1522 1335 1555 1369 τῇ
1582 1334 1727 1369 συγκλήτῳ
1748 1333 1840 1368 ψῆφος

1053 1380 1158 1414 γίνεται
1174 1379 1259 1413 πυρὸς
1280 1379 1409 1414 γενέσθαι
1431 1378 1476 1405 τὸν
1498 1378 1607 1413 Μιχαὴλ
1632 1377 1838 1412 παρανάλωμα.

1057 1426 1089 1452 ὀ
1101 1425 1149 1452 καὶ
1167 1425 1294 1459 γενέσθαι
1306 1424 1425 1459 ἔφθασεν
1439 1424 1482 1456 ἂν,
1499 1424 1522 1450 sl
1541 1424 1579 1458 μή
1595 1425 1655 1454 πως
1670 1423 1687 1458 ὴ
1708 1422 1839 1448 δέσποινα

1054 1471 1084 1498 τδ
1097 1470 1217 1498 τοιοῦτον
1237 1470 1385 1503 ἐκώλυσεν,
1405 1470 1445 1501 εις
1466 1469 1606 1504 μεσιτείαν
1626 1468 1698 1503 τάχα
1719 1467 1839 1503 προσαλ-

1055 1517 1157 1553 λομένη
1182 1517 1231 1552 τὴν
1257 1516 1411 1543 ἐνεστῶσαν
1436 1515 1518 1549 ἁγίαν
1540 1514 1691 1550 τηνικαῦτα
1719 1512 1839 1547 Χριστοῦ

1055 1563 1193 1599 γέννησιν.
1213 1563 1242 1590 ’0
1271 1563 1361 1598 μέντοι
1387 1562 1463 1589 Λέων
1481 1561 1535 1587 ἀπό
1559 1562 1590 1587 τε
1615 1559 1763 1593 ὀνειράτων
1791 1559 1841 1584 καὶ

1055 1608 1302 1644 χρησμῳδημάτων
1314 1606 1364 1634 καὶ
1382 1606 1487 1641 ἑτέρων
1499 1605 1630 1632 τοιούτων
1644 1604 1726 1631 τινῶν
1745 1603 1839 1637 ἔντρο-

1057 1663 1107 1689 μος
1130 1653 1167 1680 ὢν
1195 1653 1245 1689 τὴν
1267 1653 1408 1688 ἀναίρεσιν
1423 1652 1528 1679 ἐκείνου
1552 1650 1756 1678 κατέσπευδεν·
1773 1649 1842 1676 ἀλλὰ

1055 1698 1103 1724 καὶ
1122 1697 1191 1732 πρδς
1208 1697 1257 1732 τὴν
1273 1697 1406 1732 ὁμόζυγον
1423 1696 1506 1723 αὐτοῦ
1525 1695 1629 1728 ἔλεγεν·
1641 1703 1650 1720 t
1675 1694 1705 1721 '0
1719 1694 1767 1728 μὲν
1786 1694 1841 1720 Μι-

1055 1743 1124 1780 χαὴλ
1137 1744 1187 1779 ἤδη
1206 1742 1318 1770 ἀνύεται
1335 1741 1379 1769 διὰ
1403 1741 1444 1774 σὲ,
1462 1742 1494 1768 σὺ
1519 1740 1546 1767 δὲ
1565 1741 1611 1767 καὶ
1627 1740 1652 1766 οἱ
1667 1741 1699 1767 ὲκ
1718 1739 1764 1766 σοῧ
1781 1739 1841 1774 μετ’

1055 1789 1146 1823 ὀλίγον
1176 1787 1343 1824 μαθήσεσθε.
1369 1796 1378 1813 ι
1402 1786 1439 1813 οὗ
1463 1785 1530 1813 πολὺ
1550 1787 1582 1812 τδ
1605 1786 1634 1811 ὲν
1658 1785 1744 1820 μέσῳ,
1765 1783 1811 1810 καὶ
1827 1784 1841 1809 6

1055 1833 1167 1870 Μιχαὴλ
1181 1834 1214 1868 τῇ
1236 1832 1284 1860 τοῦ
1313 1831 1517 1867 προρῤηθέντος
1541 1830 1660 1865 μοναχοῦ
1690 1829 1842 1864 προρρήσει

1056 1879 1164 1915 9αρρὦ
1176 1878 1247 1905 κατὰ
1260 1877 1374 1908 Λέοντος
1387 1876 1486 1911 μελετᾷ
1500 1876 1550 1911 τὴν
1563 1875 1709 1909 ἐπιϐουλὴν
1722 1874 1837 1908 ταύτην,

1056 1927 1103 1953 καὶ
1117 1924 1156 1960 τῷ
1169 1924 1311 1959 κατέχοντι
1325 1922 1406 1949 αὺτδν
1416 1921 1596 1956 ἀποκαλύψας
1614 1920 1839 1956 narrata/fatim

1056 1979 1098 1998 τοι
1127 1970 1175 1998 καὶ
1205 1969 1302 2001 νυκτὸς
1331 1969 1470 2002 εἰσάγεται
1505 1977 1554 1994 συν
1582 1969 1639 1998 τοῖς
1660 1966 1840 2002 ψαλμῳδσῦσι

1057 2015 1226 2052 στρατιώτας
1251 2014 1392 2046 ἐνόπλους.
1408 2015 1463 2041 Καὶ
1483 2014 1497 2039 6
1521 2014 1570 2049 μὲν
1597 2013 1706 2048 Μιχαὴλ
1725 2013 1766 2042 είς
1793 2012 1840 2038 τὸν

1058 2062 1196 2098 βασιλικὸν
1216 2060 1347 2093 ἀνάγεται
1366 2059 1472 2094 Θρόνον,
1488 2058 1581 2093 δεσμῷ
1598 2058 1660 2089 τοὺς
1684 2056 1768 2088 πόδας
1791 2064 1842 2082 κα-

1056 2108 1202 2143 τεχόμενος
1224 2105 1342 2141 σιδηρῷ’
1360 2105 1406 2132 τὸν
1429 2105 1457 2131 δὲ
1484 2105 1586 2132 Λέοντα
1610 2104 1656 2130 καὶ
1680 2111 1842 2138 προσπεφυ-

1057 2155 1126 2190 γότα
1138 2153 1176 2188 τῷ
1192 2153 1256 2187 θείῳ
1270 2152 1327 2187 ναῷ
1340 2151 1461 2186 ἀνηλεῶς
1476 2150 1601 2184 ἐκτέμνει
1615 2150 1671 2181 τοῖς
1685 2149 1786 2182 ξίφεσι.

225 2194 260 2220 de
272 2193 374 2228 quibus
392 2195 475 2222 locuti
498 2203 606 2229 sumus,
629 2196 714 2225 Leoni
735 2199 856 2232 struxit;
879 2205 1019 2236 totamque
1039 2208 1097 2228 rem
1118 2199 1158 2226 illi
1184 2197 1313 2233 patefecit
1334 2196 1381 2231 qui
1410 2203 1473 2223 eum
1511 2194 1630 2222 vinculis
1659 2192 1839 2220 constrictum

227 2241 412 2270 custodiebat.
439 2243 496 2270 Hoc
516 2244 597 2271 modo
619 2244 718 2272 factum
751 2249 781 2273 ut
812 2246 962 2276 Michaelus
985 2246 1193 2283 imperatorium
1223 2244 1249 2271 in
1281 2244 1380 2271 solium
1411 2243 1605 2273 collocaretur,
1633 2248 1696 2269 cum
1730 2239 1842 2274 quidem

225 2287 316 2315 adhuc
333 2290 480 2324 compedes
493 2295 623 2327 gestaret,
641 2291 697 2320 Leo
715 2292 774 2321 sine
788 2293 843 2321 ulla
857 2295 1099 2323 commiseratione
1133 2292 1231 2329 gladiis
1264 2290 1458 2324 conficeretur,
1484 2290 1511 2317 in
1527 2289 1585 2324 ipsa
1611 2288 1703 2315 divina
1717 2287 1774 2314 aede
1788 2293 1844 2321 quo

224 2344 255 2365 se
273 2341 422 2371 receperat.

262 2382 348 2417 [gitur
359 2389 418 2417 post
430 2382 546 2412 Leonem
555 2384 703 2414 Michaelus
710 2393 891 2422 cognomento
899 2387 1000 2416 Balbus

1097 2385 1202 2420 Κρατεῖ
1221 2383 1311 2410 τοίνυν
1327 2381 1396 2417 μετὰ
1419 2380 1466 2408 τὸν
1489 2381 1591 2407 Λέοντα
1611 2381 1625 2406 6
1645 2380 1767 2415 Τραυλδς
1788 2382 1845 2410 Μι-

225 2428 359 2456 oriundus
372 2429 494 2463 Amorio,
519 2431 603 2458 rebus
624 2439 711 2459 annos
725 2437 789 2460 octo
808 2440 871 2460 cum
891 2433 1008 2468 imperio

226 2473 344 2508 praefuit.
357 2475 423 2502 Erat
447 2475 492 2503 ille
512 2476 624 2511 quidem
651 2477 763 2505 minime
781 2479 936 2513 religiosus,
952 2486 1008 2506 non

224 2526 316 2549 tamen
331 2521 456 2550 homines
474 2523 533 2558 pios
547 2523 579 2550 ad
605 2523 774 2558 impietatem
795 2525 920 2559 cogebat.
934 2525 1009 2558 Qua-

226 2573 339 2603 propter
356 2568 382 2596 id
402 2569 534 2604 temporis
552 2569 603 2596 viri
616 2570 703 2597 sancti
721 2570 879 2598 carceribus
900 2570 1009 2597 liberati

225 2621 301 2649 sunt,
315 2621 343 2644 et
363 2625 477 2653 magnus
493 2617 538 2645 ille
554 2617 716 2645 Theodorus
737 2617 771 2645 ab
787 2617 883 2645 exsilio
897 2625 1011 2645 revoca-

225 2667 279 2696 tus,
308 2671 390 2699 quem
417 2670 508 2691 sacras
535 2663 667 2698 imagines
693 2667 911 2698 propugnantem
936 2664 1010 2690 mul-

226 2715 309 2746 taque
339 2718 498 2745 perpessum
524 2709 579 2737 Leo
607 2710 756 2737 Armenius
784 2710 872 2737 solum
900 2714 1010 2737 vertere

226 2761 363 2791 coegerat.
383 2756 440 2782 lloe
457 2755 588 2782 Mirhaelo
603 2755 756 2790 imperante
767 2755 887 2783 Thomas
899 2755 1009 2790 quidam

231 2801 357 2828 maximis
381 2808 412 2828 ex
428 2801 542 2828 Oriente
569 2801 690 2828 collectis
712 2801 810 2835 copiis,
838 2808 892 2846 nec
917 2801 1013 2836 paucis

234 2848 393 2875 triremibus
422 2847 572 2882 instructis,
599 2847 730 2875 adversus
753 2847 878 2882 reginam
903 2847 1012 2875 urbium

1060 2430 1131 2466 χαήλ
1161 2430 1209 2464 ἔτη
1231 2431 1266 2464 η’,
1283 2429 1297 2454 6
1318 2427 1365 2453 καὶ
1385 2426 1414 2459 ἐξ
1440 2425 1570 2459 Ἀμορίου
1593 2425 1764 2459 ὁρμώμενος,
1781 2425 1846 2452 δυσ-

1061 2477 1143 2512 nam];
1171 2475 1220 2510 μὲν
1235 2474 1283 2504 ὢν,
1300 2473 1329 2499 ού
1357 2472 1410 2508 μὴν
1436 2472 1465 2498 δὲ
1489 2472 1536 2498 καὶ
1552 2471 1662 2498 ἀσεὸεῖν
1678 2472 1845 2504 ἀναγκάζων

1061 2522 1124 2553 τοὺς
1145 2520 1279 2550 εὐσεϐεῖς.
1293 2519 1353 2552 'E'p‘
1373 2515 1395 2552 ᾧ
1423 2517 1470 2544 καὶ
1493 2517 1613 2543 ἀνίενται
1641 2517 1794 2550 τηνικαῦτα
1819 2518 1846 2543 οἱ

1061 2567 1145 2600 ἅγιοι,
1163 2567 1177 2593 6
1206 2567 1291 2601 μέγας
1322 2573 1351 2590 τε
1382 2563 1521 2598 Θεόδωρος
1546 2560 1600 2590 ἀπὺ
1625 2564 1674 2597 τῆς
1695 2563 1847 2598 ὑπερορίας

1061 2613 1193 2648 ἀνάγεται
1204 2622 1212 2629 ο
1228 2611 1386 2648 προέφθασε
1406 2611 1461 2645 γὰρ
1483 2610 1565 2637 αὑτὸν
1579 2609 1704 2645 ἑξορίσας
1715 2611 1729 2636 6
1746 2610 1849 2645 Ἀρμέ-

1062 2669 1117 2692 νιος
1133 2659 1179 2686 καὶ
1200 2658 1286 2685 πολλὰ
1309 2657 1381 2684 κακὰ
1399 2657 1518 2691 ποιήσας
1541 2655 1589 2682 ἆτε
1606 2656 1661 2682 τῶν
1679 2655 1764 2690 ἁγίων
1777 2656 1850 2682 elud-

1063 2715 1116 2733 νων
1149 2704 1387 2740 ὑπερμαχόμενον.
1411 2702 1514 2729 Τούτου
1545 2702 1635 2736 μέντοι
1664 2700 1711 2727 τοῦ
1736 2701 1848 2736 Μιχαὴλ

1066 2751 1254 2788 βασιλεύοντος
1272 2750 1373 2784 Θωμᾶς
1390 2757 1431 2780 τις
1449 2748 1528 2782 χεῖρα
1542 2748 1654 2782 βαρεῖαν
1670 2746 1799 2779 συλλέξας
1817 2746 1849 2779 ἐξ

1066 2797 1200 2831 ἀνατολῆς
1226 2805 1255 2823 τε
1283 2796 1328 2822 καὶ
1355 2794 1468 2825 δύσεως,
1487 2794 1611 2829 τριήρεις
1633 2801 1663 2819 τε
1689 2792 1740 2819 οὐκ
1753 2792 1849 2826 ὀλίγας

1068 2846 1197 2880 ποιήσας,
1215 2843 1285 2870 κατὰ
1307 2843 1356 2877 τῆς
1378 2840 1513 2877 βασιλίδος
1532 2838 1709 2875 ἐκστρατεύει
1723 2838 1778 2865 τῶν
1799 2836 1850 2864 πύ-
