1960 3075
132 101 182 135 541

749 107 958 139 ANNALIUM
980 108 1076 138 PARS
1097 108 1147 138 ιν.

1710 110 1761 141 5ίέ

130 161 184 196 ἄρα
206 161 253 188 καὶ
269 161 286 197 ἡ
304 162 374 198 πρὸς
397 162 466 190 Θεὸν
485 162 584 198 γέγονε
609 162 713 198 δέησις.
736 163 833 191 Ἦνίκα
855 163 921 197 γοῦν

978 164 1064 199 iugem
1086 172 1166 192 suum
1188 164 1216 191 in
1239 164 1394 198 paradisum
1416 164 1582 193 introdutit.
1613 165 1648 191 Et
1674 165 1708 192 de
1733 175 1762 192 re

129 207 302 243 ἑφιλοφρόνει
314 209 424 240 αὐτοὺς.
440 210 592 245 συμπαρῆν
617 211 663 236 καὶ
679 210 693 236 ὁ
710 211 833 245 γραπτὺς
854 210 920 236 Θεο-

129 253 220 289 φάνης
247 254 373 286 Νικαίας.
396 255 505 290 Ταύτης
536 255 584 282 οὖν
612 255 821 291 ἓνατενιζούσης
844 255 921 290 αὺτῷ

129 301 177 327 καὶ
191 300 225 326 τὰ
237 300 373 336 στί-(ματα
386 301 580 337 θαυμαζούσης
596 302 686 336 ἔλεγε·
702 302 750 328 «Τί
764 310 798 335 με
816 301 922 336 συχνῶς

128 345 214 381 ὀρᾷς;
243 346 310 373 Τότε
340 347 535 383 διαδικάσομαι
565 347 631 383 περὶ
653 349 750 374 τούτου
775 347 813 383 τῷ
842 347 920 382 ἀνδρί

131 398 191 417 σου.
213 399 223 416 ›
258 390 309 418 Ἢν
338 391 370 427 δὴ
397 393 444 419 καὶ
475 392 563 421 πολλὰ
589 392 796 428 δυσχεράνασαν
823 393 919 419 τούτου

129 434 223 462 ἕνεκεν
239 436 254 462 ό
270 436 443 472 πατριάρχης
458 437 646 472 παρεμυθεῖτο
662 436 807 468 Μεθόδιος.

973 217 1036 237 eum
1061 210 1164 237 certior
1187 209 1257 237 facta
1279 210 1395 243 fuisset,
1412 211 1530 246 benigne
1546 215 1657 239 sanctos
1678 211 1762 238 hosce

976 254 1073 281 Patres
1097 254 1222 288 excepit,
1249 254 1295 288 qui
1319 255 1402 281 etiam
1426 263 1477 290 pro
1495 255 1653 290 Theophilo
1674 255 1761 282 Deum

977 300 1081 334 precati
1105 304 1179 327 sunt.
1198 299 1267 327 Cum
1291 305 1382 327 autem
1410 301 1472 329 illos
1487 302 1646 336 exciperet,
1665 302 1762 329 aderat

974 345 1047 372 inter
1074 345 1142 372 alios
1164 345 1347 380 Theophanes
1367 346 1494 374 Nicmnus
1517 347 1660 381 pontifex,
1684 347 1763 381 cujus

973 390 1054 418 faciei
1071 396 1144 418 notae
1160 390 1302 425 impressae
1317 395 1406 418 erant.
1424 392 1450 419 Is
1466 393 1644 427 imperatrice
1661 393 1763 420 deﬁxis

975 437 1065 470 oculis
1076 445 1105 464 se
1121 438 1258 469 intuente,
1276 444 1308 464 ac
1324 441 1402 464 notas
1420 437 1568 472 impressas
1582 439 1739 466 admirante
1754 448 1760 465 :

134 492 144 509 ι
161 483 228 514 Cur.
254 482 360 518 inquit,
379 488 434 511 tam
454 484 553 511 crebro
576 491 620 511 me
652 483 774 519 aspicis?
790 483 818 510 in
842 483 928 510 altera
965 484 1022 511 vita
1050 491 1112 510 cum
1141 483 1242 510 marito
1275 487 1321 510 tuo
1346 483 1550 519 dlseeptaturns
1576 492 1647 511 sum.
1669 494 1677 509 ι
1704 483 1762 511 Hoc

131 531 248 558 verbum
266 530 469 565 imperatricem
483 530 604 566 graviter
619 530 768 558 admodum
784 529 912 565 pupugit,
932 537 1015 565 quam
1041 534 1131 557 tamen
1152 529 1253 556 deinde
1288 529 1443 557 Methodius
1479 529 1636 564 patriarcha
1665 538 1766 556 conso-

131 578 205 606 latus
221 582 274 606 est.

168 627 290 654 Γίνωσκε
306 627 346 659 δὲ,
364 627 501 663 ἀγαπητὲ,
518 628 560 656 ὅτι
586 629 633 656 επὶ
654 630 705 665 τῆς
722 629 769 656 τοῦ
789 629 921 664 Θεοφίλου
958 655 961 659 ,

133 672 272 706 βασιλείας
290 673 367 700 Λέων
388 674 402 701 ὀ
425 674 571 709 φιλόσοφος
590 672 636 710 ἦν,
656 675 852 711 κεκρυμμένος
871 675 921 710 μὲν

130 717 179 745 τοῦ
196 718 305 754 πρώτου
327 719 375 747 καὶ
387 719 477 755 πάντη
495 720 636 754 ἄγνωστος
659 719 709 752 ὢν.
722 720 810 756 τούτῳ
829 720 857 747 δὲ
872 729 920 754 γε,-

1013 625 1092 661 291
1112 624 1195 666 ‘Scito
1215 629 1326 657 autem,
1350 623 1448 651 dilecte
1465 623 1502 651 fili
1514 643 1521 655 .
1538 623 1692 659 Thcophilo
1710 625 1764 651 im-

974 677 1090 708 perante
1104 672 1225 699 Leonem
1241 671 1436 706 philosophun
1450 670 1602 702 exstitisse,
1619 671 1665 705 qui
1682 678 1763 705 pror-

973 726 1021 746 sus
1039 723 1120 745 antea
1137 717 1265 745 latitabat
1279 721 1307 744 et
1323 717 1436 752 ignotus
1449 721 1508 744 erat
1524 726 1530 744 :
1547 717 1595 744 sed
1612 717 1665 744 hoc
1682 719 1763 744 modo

131 763 218 798 γουὼς
230 764 270 800 τῷ
285 764 379 800 τρόπῳ
393 765 554 801 κατάδηλος,
569 765 689 798 Νεανίας
705 774 747 798 τις
766 774 919 801 γεωμετρι-

978 770 1076 790 nomen
1104 761 1216 797 aliquod
1242 766 1285 788 est
1313 766 1494 788 consecutus.
1524 761 1641 793 Quidam
1669 761 1763 789 adole-

130 810 182 844 κῆς
205 810 362 845 ἐπιστήμης
389 810 522 847 ἔμπειρος
547 811 586 850 ῲν
609 812 785 847 αἰχμάλωτος
810 812 917 846 ἄγεται.

129 851 197 880 Εἶτα
213 855 288 888 παρὰ
302 854 351 880 τοῦ
369 854 531 889 κατέχοντος
549 854 634 882 αὑτὸν
653 856 856 891 Ἀρμεμούμνη
874 855 921 891 ξή-

129 906 210 934 τησις
230 899 337 933 γίνεται
352 900 550 936 γεωμετρικῶν
564 901 764 937 θεωρημάτων.
779 901 919 936 Παρίστα-

131 953 177 972 ται
192 945 388 978 καὶόνεανίας,
400 947 451 981 τὴν
463 946 547 973 αὐτοῦ
560 946 656 981 σοφίαν
669 947 801 979 δείκνυσι,
815 947 921 983 θαυμά-

130 991 217 1024 ζεται.
237 991 391 1027 Ἑρωτᾶται
410 992 434 1018 εἰ
450 992 498 1019 καί
515 1000 587 1025 τινες
602 993 690 1028 ἕτεροι
708 993 825 1020 τοιοῦτοι
845 993 922 1029 παρὰ

129 1039 164 1074 τῇ
189 1037 370 1075 βασιλευούσῃ
391 1039 577 1073 εὑρίσκονται.
598 1039 652 1065 Καὶ
676 1040 690 1066 ὁ
706 1038 921 1074 Ἀρμεμούμνης

131 1083 226 1118 μαθὼν
240 1084 305 1118 περὶ
319 1084 365 1111 τοῦ
385 1085 469 1119 σοφοῦ
485 1085 609 1118 Λέοντος,
629 1085 670 1117 τίς
689 1094 718 1112 τε
733 1083 767 1121 ἦν
785 1086 832 1112 καὶ
847 1087 921 1118 ὅπως

129 1131 170 1160 είς
189 1130 274 1165 ἄκρον
291 1130 419 1165 ὲληλάκει
440 1133 532 1165 πάσης
552 1131 648 1166 σοφίας
679 1132 726 1157 καὶ
754 1132 920 1167 ἐπιστήμης,

128 1175 232 1210 γράφει
247 1176 315 1210 πρὸς
330 1177 377 1203 τὸν
392 1176 505 1212 βασιλέα
520 1176 652 1211 Θεόφιλον
665 1177 702 1209 ὡς
716 1178 748 1204 ἃν
769 1177 920 1205 ἁποστελοῖ

128 1220 176 1246 τὸν
201 1220 348 1255 φιλόσοφον
372 1221 440 1256 πρὸς
466 1222 569 1248 αὐτόν·
594 1223 655 1249 ἀντὶ
672 1223 701 1249 δὲ
726 1224 822 1250 toi-tau
840 1223 918 1259 δοθήι

130 1274 208 1293 σεται
224 1267 304 1303 χάρις
329 1268 443 1303 χρυσίου
468 1268 634 1305 κεντηνάρια
653 1272 676 1304 ρ’
690 1269 737 1296 καὶ
756 1270 833 1304 φιλία
858 1270 923 1297 αίώ-

129 1321 197 1344 νιος.
212 1313 266 1339 Καὶ
288 1314 303 1340 ό
331 1313 460 1347 Θεόφιλος
489 1314 591 1341 ἄτοπον
618 1315 715 1350 κρίνας
740 1317 765 1342 ει
794 1316 844 1350 τὴν
866 1316 920 1343 τῶν

129 1356 217 1383 ὄντων
235 1357 346 1391 γνῶσιν,
366 1358 400 1384 δι’
422 1359 455 1393 ἣν
469 1358 498 1385 τὺ
518 1359 573 1386 τῶν
593 1359 738 1394 Ῥωμαίων
759 1361 836 1394 γένος
860 1360 923 1388 θαυ-

132 1399 260 1434 μάζεται,
276 1402 385 1429 ἔκδοτον
399 1403 508 1438 ποήσει
525 1404 581 1435 τοῖς
596 1404 697 1438 ἔθνεσι,
712 1405 779 1440 πρὸς
793 1406 828 1432 τὰ
844 1407 922 1442 αίτη-

131 1444 214 1472 Θέντα
228 1446 278 1472 οὒκ
289 1447 444 1473 .ὲπένευσε.
463 1447 630 1483 Γνωρίζεται
654 1448 701 1475 οὖν
723 1449 847 1476 ἐντεῦθεν
859 1451 874 1476 ὁ
889 1450 922 1477 τὰ

130 1491 221 1518 πάντα
238 1493 394 1526 σοφώτατος
416 1493 503 1526 Λέων,
516 1493 680 1526 διδάσκαλος
702 1496 920 1531 προχειρίζεται,

130 1538 286 1566 Ιτελευταῖον
301 1539 339 1571 εἰς
357 1540 403 1566 τὸν
425 1542 475 1575 τῆς
497 1540 697 1577 Θεσσαλονίκης
714 1541 809 1576 θρόνον
824 1544 923 1578 ἀνάγε-

131 1591 178 1610 ται
200 1583 275 1618 παρὰ
300 1584 472 1620 πατριάρχου
491 1584 613 1612 Ἰωάννου
643 1586 690 1612 τοῦ
716 1587 848 1621 μεγάλου.
863 1589 923 1615 Τῶν

130 1628 326 1664 Εἰκονομάχων
350 1630 504 1665 τηνικαῦτα
537 1631 758 1666 καθαιρεθέντων
786 1635 926 1670 συγχαθῃ-

132 1675 198 1711 ρέοη
218 1676 266 1702 καὶ
290 1676 381 1707 αὐτός.
398 1676 541 1712 Marto:er
569 1677 597 1703 at
617 1677 700 1713 τιμὴν
724 1680 800 1713 παρά
818 1688 849 1714 γε
867 1682 925 1712 τοῖς

131 1721 379 1749 Θεσσαλονικεῦσιν
401 1722 488 1757 ’ἔφερε
515 1723 562 1750 καὶ
589 1723 623 1750 δι’
648 1724 716 1751 ἄλλα
747 1726 797 1760 μὲν
827 1727 922 1758 πολλὰ,

135 1767 255 1803 μάλιστα
279 1768 307 1794 δὲ
330 1768 364 1795 δι’
387 1769 420 1804 ἢν
445 1770 582 1804 ἐπήνεγκε
599 1770 646 1796 τοῦ
667 1770 749 1805 λιμοῦ
771 1771 858 1804 λύσιν,
875 1773 924 1807 τὴν

130 1814 188 1841 τῶν
214 1814 336 1850 ἀστέρων
363 1815 490 1850 ἐπιτολὴν
526 1817 745 1852 διασκεψάμενος
778 1819 923 1851 κάκείνους

130 1860 284 1892 ἀναπείσας
296 1861 332 1887 τὰ
351 1863 498 1897 σπέρματα
516 1863 671 1897 τηνικαῦτα
690 1864 867 1891 καταϐαλεῖν.

976 816 1057 836 Seens
1071 808 1249 843 geometrica:
1264 807 1390 835 scientia:
1406 807 1511 841 peritus
1529 807 1555 834 in
1573 807 1694 834 hostium
1712 815 1764 842 po-

977 859 1105 882 testatem
1121 858 1247 882 venerat.
1263 853 1371 881 Accidit
1388 859 1479 881 autern
1497 859 1527 881 ut
1541 854 1765 887 Armemumnes.

975 900 1021 935 qui
1038 907 1100 927 eum
1117 900 1255 934 captivum
1273 898 1411 931 habebat,
1430 898 1581 933 aliquando
1598 899 1631 926 de
1651 907 1764 934 geome-

976 947 1054 974 tricis
1069 945 1250 973 theorematis
1265 945 1430 980 disputaret.
1446 944 1484 972 lbi
1499 945 1611 980 juvenis
1627 945 1673 972 ille
1692 953 1764 980 prae-

975 1001 1039 1021 sens
1054 991 1172 1020 dotrinte
1186 999 1244 1019 suae
1259 991 1399 1026 specimen
1415 991 1490 1024 edit,
1505 995 1533 1017 et
1547 990 1620 1025 apud
1636 991 1767 1018 homines

975 1038 1188 1067 admirationem
1205 1037 1248 1066 sui
1273 1037 1409 1065 concitat.
1431 1037 1616 1070 Quamobrem
1641 1036 1758 1063 interro-

975 1089 1057 1120 gatur
1071 1092 1104 1111 an
1121 1084 1166 1122 a_lii
1184 1091 1295 1118 quoque
1312 1083 1393 1117 Cpoli
1409 1083 1584 1118 reperiantur
1599 1083 1646 1117 qui
1671 1087 1759 1110 artem

976 1130 1047 1157 hanc
1066 1133 1187 1156 teneant.
1205 1128 1274 1156 Cum
1293 1128 1482 1162 respondente
1498 1128 1600 1163 juvene
1617 1128 1765 1163 cognovis-

976 1180 1018 1202 set
1031 1176 1242 1202 Armemumnes
1255 1174 1289 1202 de
1305 1174 1398 1201 Leone
1412 1174 1472 1201 viro
1489 1174 1607 1209 sapienti
1624 1182 1655 1201 ac
1669 1174 1767 1206 docto.

976 1219 1103 1254 quisnam
1122 1219 1213 1251 foret,
1230 1223 1257 1246 et
1273 1218 1347 1253 quod
1365 1225 1502 1246 summam
1520 1219 1610 1246 omnis
1627 1219 1765 1246 doctrina:

981 1269 1170 1304 scientiaqua:
1197 1268 1324 1303 peritiam
1354 1273 1519 1295 consecutus
1547 1273 1637 1299 esset,
1665 1268 1768 1295 litteris

961 1313 1009 1350 .ad
1030 1314 1225 1348 imperatorem
1244 1312 1430 1347 Theophilum
1446 1312 1517 1339 datis
1539 1313 1608 1347 petit
1631 1318 1660 1339 ut
1683 1313 1715 1339 ad
1732 1320 1762 1339 se

976 1359 1098 1387 Leonem
1122 1361 1232 1392 mittat,
1256 1368 1306 1394 pro
1329 1367 1384 1394 quo
1411 1359 1572 1386 detlarundi
1596 1359 1681 1386 animi
1698 1360 1768 1394 grati

977 1414 1061 1433 causa
1078 1406 1197 1433 vicissim
1213 1406 1238 1433 ei
1253 1406 1370 1432 daturus
1384 1405 1421 1432 sit
1434 1409 1545 1432 centum
1560 1405 1621 1432 auri
1637 1410 1769 1432 centena-

976 1452 1032 1479 rios
1051 1457 1239 1487 aeternamque
1259 1459 1355 1487 pacem
1378 1458 1574 1479 concessurus.
1597 1451 1769 1486 Theophilus

977 1503 1088 1531 autem,
1104 1498 1153 1533 qui
1170 1498 1319 1525 absurdum
1337 1497 1468 1532 quiddam
1486 1506 1514 1525 se
1529 1498 1667 1526 facturum
1684 1499 1770 1526 duce-

977 1548 1039 1576 ret,
1061 1543 1085 1571 sl
1109 1551 1202 1570 rerum
1224 1544 1428 1578 cognitionem,
1450 1549 1563 1578 propter
1581 1552 1664 1578 quam
1690 1545 1769 1571 natio

979 1580 1168 1616 Romanorum
1192 1589 1219 1616 in
1241 1589 1426 1616 admiratione
1450 1589 1502 1622 sit,
1527 1590 1635 1624 populis
1660 1593 1768 1617 exteris

980 1634 1128 1669 proderet,
1143 1626 1289 1669 postulatis
1302 1636 1506 1662 Armemumna-
1528 1635 1656 1662 assentiri
1672 1635 1770 1662 ιιιιίυἰι.

980 1679 1019 1707 Ex
1033 1687 1066 1707 eo
1083 1683 1207 1714 tempore
1222 1679 1279 1707 Leo
1292 1679 1472 1708 doctissimus
1487 1681 1514 1708 in
1531 1681 1668 1708 universis
1682 1681 1766 1707 disci-

980 1726 1066 1761 plinis
1089 1726 1245 1753 clarescere
1267 1727 1361 1761 cmpit.
1388 1726 1513 1760 Cumque
1533 1726 1654 1754 doctoris
1669 1734 1770 1753 munus

979 1771 1138 1806 aliquandiu
1153 1773 1178 1799 ei
1195 1772 1354 1799 mandatum
1369 1772 1476 1803 fuisset,
1490 1772 1600 1799 tandem
1614 1779 1698 1806 opera
1712 1780 1768 1798 ma-

978 1819 1024 1854 gni
1040 1818 1203 1853 patriarcha
1222 1819 1335 1846 Joannis
1351 1819 1384 1846 ad
1402 1818 1648 1846 Tltessalonicense
1668 1819 1741 1845 sultu
1755 1829 1769 1845 ,ι

979 1869 1096 1893 evectus
1120 1870 1172 1893 est.
1204 1865 1270 1893 Inde
1296 1873 1358 1893 cum
1385 1870 1589 1900 oppugnatores
1616 1865 1766 1899 imagnum

131 1904 194 1932 loco
220 1911 409 1940 moverentur,
450 1907 534 1935 etiam
558 1909 617 1944 ipse
651 1909 721 1937 solio
745 1918 796 1944 sup
821 1910 945 1947 dejectus
983 1916 1035 1939 est.
1061 1912 1140 1947 Apud
1167 1911 1428 1939 Tbessalonicenses
1457 1912 1484 1938 in
1513 1911 1618 1938 honore
1645 1911 1770 1938 maximo

131 1952 187 1980 fuit
211 1962 276 1981 cum
303 1954 371 1982 alias
394 1955 489 1990 plures
514 1956 550 1984 οι)
576 1965 696 1991 causas,
720 1963 777 1985 tum
803 1959 921 1986 maxime
941 1965 1088 1995 propterea
1110 1959 1184 1995 quod
1203 1967 1251 1987 eos
1285 1967 1402 1986 annonae
1437 1959 1553 1994 penuria
1580 1959 1766 1987 sublevasset.

130 2000 255 2028 siderum
275 2003 460 2036 quorumdam
482 2007 546 2031 ortu
571 2004 766 2032 considerato:
789 2009 966 2040 persuaserat
985 2007 1060 2034 enim
1095 2006 1163 2041 ipsis
1197 2011 1227 2034 ut
1247 2005 1369 2032 indicato
1388 2006 1422 2032 ab
1442 2012 1472 2032 se
1509 2009 1633 2040 tempore
1661 2005 1768 2032 sentina

130 2052 214 2076 terra:
230 2048 386 2076 crederent.

173 2095 205 2122 '0
223 2096 316 2132 μέντοι
342 2097 472 2131 Θεόφιλος
499 2098 625 2133 γαμϐρὸν
647 2096 721 2134 εἶχεν
750 2099 884 2132 Ἀλέξιον,
898 2099 930 2126 οὖ

131 2143 252 2178 Μωσηλι
273 2144 303 2170 τὸ
331 2145 496 2179 ἐπώνυμονσ
515 2146 564 2172 καὶ
584 2146 715 2182 Μανουήλ
733 2156 775 2178 τις
801 2149 830 2174 ὲν
854 2148 922 2183 αὐτῇ

980 2152 1041 2172 rum
1071 2144 1217 2176 Alexium,
1246 2149 1431 2178 cognomento
1459 2144 1598 2171 Moselem.
1628 2145 1767 2172 l’ra'tert‘a

131 2190 384 2225 παραόυναστεύων
399 2189 444 2227 ἦν.
466 2192 584 2225 Ὁμοίως
601 2193 648 2219 καὶ
664 2193 801 2227 Θεόφοϐός
826 2202 878 2225 τις,
894 2193 922 2220 ὃν

978 2190 1123 2218 Manuelus
1141 2190 1253 2225 quidam
1278 2189 1350 2225 apud
1369 2190 1458 2224 ipsum
1479 2190 1626 2224 potestatis
1648 2191 1767 2225 impera-

1016 2098 1058 2126 Ad
1076 2097 1262 2132 Theophilum
1284 2103 1311 2124 ut
1328 2097 1492 2129 redeamus,
1512 2097 1632 2124 habebat
1648 2098 1670 2125 is
1687 2106 1769 2132 gene-

131 2236 166 2272 δὴ
189 2238 236 2264 καὶ
258 2237 367 2273 θανάτῳ
394 2238 640 2275 καθυποσληθῆναι
666 2240 786 2273 κελεύει,
805 2241 842 2276 μή
859 2249 925 2267 ποτε

132 2282 268 2319 νεώτερόν
284 2293 312 2310 τι
330 2284 505 2320 είργάσηται.
523 2285 699 2321 ’Λφαιρεῖται
713 2286 760 2314 οὖν
782 2288 799 2322 ἠ
817 2287 926 2314 ἐκείνου

131 2329 240 2365 κεφαλὴ
255 2329 304 2356 καὶ
318 2329 358 2365 τῷ
373 2330 497 2365 Θεοφίλῳ
517 2332 700 2366 προσάγεται.
721 2332 782 2359 Τῶν
800 2330 848 2360 οὖν
863 2342 925 2368 τρι-

131 2376 187 2411 χῶν
201 2376 287 2412 αὐτῆς
297 2376 435 2412 ἁψάμενος
449 2376 514 2413 ἔφη·
531 2387 540 2403 l
554 2377 618 2405 Οΰτ’
629 2378 684 2413 ἐγὼ
699 2378 841 2413 Θεόφιλος,
863 2379 926 2406 οὔτε

133 2423 167 2450 σὺ
191 2422 338 2457 Θεόφοΰος.
369 2432 379 2449 ι
396 2422 459 2450 Ἐπὶ
486 2424 593 2456 τούτοις
621 2423 668 2451 οὖν
695 2425 861 2461 ὲξηρεύξατο
875 2426 926 2462 τὴν

132 2467 224 2503 ψυχὴν
238 2467 399 2503 δυσεντερίᾳ
410 2468 545 2504 πρότερον
561 2469 704 2505 συσχεθείς
713 2476 722 2484 ·
736 2469 766 2496 τὸ
779 2470 808 2497 δὲ
820 2471 926 2506 ταύτης

134 2515 222 2542 αῐτιον
240 2514 423 2551 ψυχροποσία.

168 2603 247 2631 Μετὰ
262 2603 291 2630 δὲ
307 2603 403 2630 τοῦτον
419 2604 518 2639 κρατεῖ
536 2604 647 2640 Μιχαὴλ
671 2605 685 2632 ό
713 2605 851 2642 μεθυστὴς
876 2606 925 2633 σὺν

130 2652 165 2686 τῇ
181 2653 268 2686 μητρὶ
284 2651 369 2677 αὐτοῦ
385 2651 512 2688 Θεοδώρᾳ
525 2651 574 2688 ἐτη
591 2651 633 2685 ιδ’,
645 2653 693 2679 καὶ
710 2653 793 2688 μόνος
809 2653 857 2688 ἐτη
877 2653 922 2682 ια’.

131 2697 256 2731 Κατὰγει
275 2697 305 2724 δὲ
321 2698 406 2733 αὐτὴν
419 2699 467 2726 καὶ
483 2699 645 2734 ἀποκείρει·
675 2699 756 2734 μόνος
774 2700 828 2735 γὰρ
844 2700 924 2735 ηοελε

132 2743 263 2778 σκῆπτρα
289 2744 324 2770 τὰ
358 2744 503 2780 Ῥωμαίων
534 2745 646 2777 ἰθύνειν,
663 2745 687 2772 ει
716 2747 763 2772 καὶ
792 2746 830 2781 μὴ
856 2747 924 2781 πρὸς

131 2786 215 2814 καλὴν
232 2787 372 2814 ἀπέϐλεπε
386 2788 420 2814 τὰ
437 2789 554 2816 ἐκείνου.
572 2790 604 2815 Τί
629 2789 684 2824 γὰρ
701 2789 752 2816 οὐκ
777 2789 855 2825 ἔλεγε
869 2800 876 2823 ;
891 2791 924 2817 Τί

132 2831 161 2859 δὲ
177 2833 230 2861 οὐκ
252 2834 394 2869 ἐπραττε;
413 2834 548 2868 Πολλάκις
572 2835 618 2863 καὶ
637 2835 706 2871 μηδέ
724 2833 798 2868 τινος
827 2835 924 2872 χρείας

978 2236 1057 2264 toria:
1075 2237 1216 2271 particeps
1231 2242 1290 2263 erat
1301 2255 1308 2267 ,
1325 2237 1446 2270 itemque
1458 2235 1647 2271 Theophobus
1659 2256 1667 2268 ,
1680 2245 1763 2271 quem

978 2287 1067 2310 morte
1082 2282 1150 2310 allici
1167 2282 1269 2317 jussit,
1288 2290 1322 2309 ne
1343 2281 1459 2316 quando
1481 2289 1525 2309 res
1548 2289 1634 2310 novas
1656 2283 1768 2310 mulir.-

978 2333 1045 2360 tur;
1062 2333 1159 2363 estque
1172 2332 1255 2360 caput
1270 2328 1295 2355 ei
1314 2328 1461 2363 praecis'um
1480 2333 1508 2355 et
1526 2329 1558 2355 ad
1575 2329 1763 2364 Theophilum

977 2373 1103 2401 allatum.
1121 2374 1207 2410 Cujus
1223 2374 1268 2401 ille
1286 2374 1411 2402 crinibus
1427 2375 1583 2402 attrectatis
1598 2383 1604 2401 :
1620 2384 1628 2400 ι
1643 2376 1697 2403 Nec
1713 2385 1768 2411 cgu

976 2428 1036 2447 sum
1060 2420 1246 2455 Theophilus,
1271 2420 1378 2455 inquit,
1409 2428 1460 2447 nec
1488 2425 1515 2447 tu
1541 2420 1734 2455 Thco,.hol;us.
1755 2434 1765 2447 ι

977 2466 1054 2494 llaud
1071 2466 1157 2494 multo
1172 2471 1234 2501 post
1249 2467 1369 2494 animam
1382 2467 1537 2499 exhalavit,
1553 2474 1615 2493 cum
1632 2468 1709 2502 prius
1724 2470 1763 2495 in-

978 2513 1144 2540 testinorum
1172 2512 1269 2539 morbo
1295 2513 1467 2545 laborasset,
1493 2519 1575 2547 quem
1604 2522 1637 2540 ex
1666 2515 1766 2542 haustu

976 2559 1085 2594 frigidae
1101 2567 1177 2594 aqua:
1193 2559 1245 2586 sibi
1262 2560 1453 2587 arcessiverat.

1012 2604 1166 2640 Theophilo
1183 2605 1337 2638 exstincto,
1356 2605 1507 2634 Michaelus
1525 2614 1587 2634 eum
1618 2604 1764 2633 Tltcodora

976 2657 1064 2680 matre
1081 2652 1112 2679 1-5
1129 2652 1210 2679 annis
1225 2651 1386 2687 imperavit,
1406 2660 1522 2689 eamque
1537 2652 1648 2680 tandem
1664 2651 1699 2678 ab
1714 2651 1766 2677 im-

977 2698 1045 2733 perii
1071 2697 1265 2733 gubernaculis
1289 2698 1407 2727 removit
1425 2703 1453 2726 et
1476 2699 1563 2732 rasit,
1585 2698 1659 2733 quod
1683 2698 1761 2725 solus

978 2743 1128 2772 liotnanam
1147 2752 1204 2772 rem
1222 2744 1358 2780 publicam
1374 2744 1570 2775 administrare
1589 2744 1682 2771 vellet.
1701 2744 1763 2770 Non

977 2795 1068 2818 tamen
1084 2791 1116 2818 ad
1133 2791 1278 2818 utilitatem
1297 2790 1434 2826 publicam
1450 2798 1482 2816 ea
1497 2798 1557 2826 qua:
1572 2790 1686 2825 gerebat
1701 2798 1764 2824 Spe-

977 2838 1099 2865 ctabant.
1121 2836 1192 2870 Quid
1208 2837 1282 2864 enini
1299 2845 1354 2865 non
1370 2836 1415 2865 ille
1431 2836 1524 2864 dicere
1535 2857 1542 2871 ,
1558 2836 1625 2872 quid
1642 2845 1696 2864 non
1713 2846 1764 2863 au-
