  <div class='ocr_page' id='page_1' title='image "/cluster/home/n/w/nwhite01/storage/ocr_20150623/158/njp.32101077773230/311.png"; bbox 0 0 1960 3075; ppageno 0'>
   <div class='ocr_carea' id='block_1_1' title="bbox 220 119 272 150">
    <p class='ocr_par' dir='ltr' id='par_1_1' title="bbox 220 119 272 150">
     <span class='ocr_line' id='line_1_1' title="bbox 220 119 272 150; baseline 0 0"><span class='ocrx_word' id='word_1_1' title='bbox 220 119 272 150; x_wconf 76' lang='grc'><strong>543</strong></span> 
     </span>
    </p>
   </div>
   <div class='ocr_carea' id='block_1_2' title="bbox 855 122 1212 156">
    <p class='ocr_par' dir='ltr' id='par_1_2' title="bbox 855 122 1212 156">
     <span class='ocr_line' id='line_1_2' title="bbox 855 122 1212 156; baseline 0.014 -4"><span class='ocrx_word' id='word_1_2' title='bbox 855 122 880 152; x_wconf 72' lang='grc' dir='ltr'>Μ</span> <span class='ocrx_word' id='word_1_3' title='bbox 889 123 1065 154; x_wconf 69' lang='grc' dir='ltr'><strong>ΙΕΠΛΕΖΛΞ</strong></span> <span class='ocrx_word' id='word_1_4' title='bbox 1085 125 1212 156; x_wconf 80' lang='lat' dir='ltr'><strong>GLYC/E</strong></span> 
     </span>
    </p>
   </div>
   <div class='ocr_carea' id='block_1_3' title="bbox 1781 130 1834 162">
    <p class='ocr_par' dir='ltr' id='par_1_3' title="bbox 1781 130 1834 162">
     <span class='ocr_line' id='line_1_3' title="bbox 1781 130 1834 162; baseline -0.019 0"><span class='ocrx_word' id='word_1_5' title='bbox 1781 130 1834 162; x_wconf 69' lang='grc'><strong>544</strong></span> 
     </span>
    </p>
   </div>
   <div class='ocr_carea' id='block_1_4' title="bbox 217 175 999 221">
    <p class='ocr_par' dir='ltr' id='par_1_4' title="bbox 217 175 994 212">
     <span class='ocr_line' id='line_1_4' title="bbox 217 175 994 212; baseline 0 -8"><span class='ocrx_word' id='word_1_6' title='bbox 217 185 265 204; x_wconf 83' lang='lat' dir='ltr'><strong>sus</strong></span> <span class='ocrx_word' id='word_1_7' title='bbox 278 181 321 204; x_wconf 90' lang='lat' dir='ltr'><strong>est</strong></span> <span class='ocrx_word' id='word_1_8' title='bbox 336 176 447 204; x_wconf 83' lang='lat' dir='ltr'><strong>facere?</strong></span> <span class='ocrx_word' id='word_1_9' title='bbox 464 177 658 211; x_wconf 78' lang='lat' dir='ltr'><strong>Srpenuntero</strong></span> <span class='ocrx_word' id='word_1_10' title='bbox 672 175 745 203; x_wconf 62' lang='lat' dir='ltr'><strong>nuila</strong></span> <span class='ocrx_word' id='word_1_11' title='bbox 764 181 878 212; x_wconf 78' lang='lat' dir='ltr'><strong>urgente</strong></span> <span class='ocrx_word' id='word_1_12' title='bbox 899 185 994 204; x_wconf 89' lang='lat' dir='ltr'><strong>neces-</strong></span> 
     </span>
    </p>
   </div>
   <div class='ocr_carea' id='block_1_5' title="bbox 1053 175 1840 221">
    <p class='ocr_par' dir='ltr' id='par_1_5' title="bbox 1053 181 1840 221">
     <span class='ocr_line' id='line_1_5' title="bbox 1053 181 1840 221; baseline 0.01 -16"><span class='ocrx_word' id='word_1_13' title='bbox 1053 181 1278 215; x_wconf 82' lang='grc' dir='ltr'>κατεπειγούσης,</span> <span class='ocrx_word' id='word_1_14' title='bbox 1299 182 1383 216; x_wconf 77' lang='grc' dir='ltr'>χωρὶς</span> <span class='ocrx_word' id='word_1_15' title='bbox 1402 181 1529 216; x_wconf 71' lang='grc' dir='ltr'>φυλάκων</span> <span class='ocrx_word' id='word_1_16' title='bbox 1551 185 1598 211; x_wconf 69' lang='grc' dir='ltr'>καὶ</span> <span class='ocrx_word' id='word_1_17' title='bbox 1622 187 1760 221; x_wconf 76' lang='grc' dir='ltr'>φρουρᾶς,</span> <span class='ocrx_word' id='word_1_18' title='bbox 1774 187 1840 213; x_wconf 78' lang='grc' dir='ltr'>ἀτει</span> 
     </span>
    </p>
   </div>
   <div class='ocr_carea' id='block_1_6' title="bbox 218 221 997 256">
    <p class='ocr_par' dir='ltr' id='par_1_6' title="bbox 218 221 997 256">
     <span class='ocr_line' id='line_1_6' title="bbox 218 221 997 256; baseline -0.003 -6"><span class='ocrx_word' id='word_1_19' title='bbox 218 224 300 251; x_wconf 85' lang='lat' dir='ltr'><strong>sitnte</strong></span> <span class='ocrx_word' id='word_1_20' title='bbox 332 224 434 256; x_wconf 82' lang='lat' dir='ltr'><strong>absque</strong></span> <span class='ocrx_word' id='word_1_21' title='bbox 465 222 642 255; x_wconf 80' lang='lat' dir='ltr'><strong>custodibus,</strong></span> <span class='ocrx_word' id='word_1_22' title='bbox 667 221 815 256; x_wconf 72' lang='lat' dir='ltr'><strong>praesidio,</strong></span> <span class='ocrx_word' id='word_1_23' title='bbox 846 222 997 249; x_wconf 75' lang='lat' dir='ltr'><strong>satellitum</strong></span> 
     </span>
    </p>
   </div>
   <div class='ocr_carea' id='block_1_7' title="bbox 216 267 999 301">
    <p class='ocr_par' dir='ltr' id='par_1_7' title="bbox 216 267 999 301">
     <span class='ocr_line' id='line_1_7' title="bbox 216 267 999 301; baseline -0.001 -6"><span class='ocrx_word' id='word_1_24' title='bbox 216 268 363 299; x_wconf 81' lang='lat' dir='ltr'><strong>comitatu,</strong></span> <span class='ocrx_word' id='word_1_25' title='bbox 383 268 410 294; x_wconf 90' lang='lat' dir='ltr'><strong>in</strong></span> <span class='ocrx_word' id='word_1_26' title='bbox 427 267 508 301; x_wconf 74' lang='lat'><strong>292</strong></span> <span class='ocrx_word' id='word_1_27' title='bbox 525 267 584 301; x_wconf 81' lang='lat' dir='ltr'><strong>ipsa</strong></span> <span class='ocrx_word' id='word_1_28' title='bbox 598 274 627 294; x_wconf 90' lang='lat' dir='ltr'><strong>se</strong></span> <span class='ocrx_word' id='word_1_29' title='bbox 642 267 723 294; x_wconf 85' lang='lat' dir='ltr'><strong>trivia</strong></span> <span class='ocrx_word' id='word_1_30' title='bbox 737 267 907 294; x_wconf 87' lang='lat' dir='ltr'><strong>conferebat.</strong></span> <span class='ocrx_word' id='word_1_31' title='bbox 927 267 999 300; x_wconf 83' lang='lat' dir='ltr'><strong>Quid</strong></span> 
     </span>
    </p>
   </div>
   <div class='ocr_carea' id='block_1_8' title="bbox 216 311 999 347">
    <p class='ocr_par' dir='ltr' id='par_1_8' title="bbox 216 311 999 347">
     <span class='ocr_line' id='line_1_8' title="bbox 216 311 999 347; baseline -0.003 -7"><span class='ocrx_word' id='word_1_32' title='bbox 216 313 300 340; x_wconf 90' lang='lat' dir='ltr'><strong>multa</strong></span> <span class='ocrx_word' id='word_1_33' title='bbox 316 312 431 347; x_wconf 83' lang='lat' dir='ltr'><strong>proferri</strong></span> <span class='ocrx_word' id='word_1_34' title='bbox 448 320 516 345; x_wconf 88' lang='lat' dir='ltr'><strong>opus</strong></span> <span class='ocrx_word' id='word_1_35' title='bbox 533 312 595 339; x_wconf 85' lang='lat' dir='ltr'><strong>est?</strong></span> <span class='ocrx_word' id='word_1_36' title='bbox 608 311 676 339; x_wconf 89' lang='lat' dir='ltr'><strong>Cum</strong></span> <span class='ocrx_word' id='word_1_37' title='bbox 690 311 815 347; x_wconf 81' lang='lat' dir='ltr'><strong>quotidie</strong></span> <span class='ocrx_word' id='word_1_38' title='bbox 831 311 999 339; x_wconf 81' lang='lat' dir='ltr'><strong>deteriorem</strong></span> 
     </span>
    </p>
   </div>
   <div class='ocr_carea' id='block_1_9' title="bbox 214 356 999 390">
    <p class='ocr_par' dir='ltr' id='par_1_9' title="bbox 214 356 999 390">
     <span class='ocr_line' id='line_1_9' title="bbox 214 356 999 390; baseline -0.001 -6"><span class='ocrx_word' id='word_1_39' title='bbox 214 357 248 384; x_wconf 88' lang='lat' dir='ltr'><strong>ad</strong></span> <span class='ocrx_word' id='word_1_40' title='bbox 266 357 349 384; x_wconf 87' lang='lat' dir='ltr'><strong>vitam</strong></span> <span class='ocrx_word' id='word_1_41' title='bbox 365 356 568 390; x_wconf 80' lang='lat' dir='ltr'><strong>prolaberetur,</strong></span> <span class='ocrx_word' id='word_1_42' title='bbox 583 356 693 383; x_wconf 78' lang='lat' dir='ltr'><strong>tandem</strong></span> <span class='ocrx_word' id='word_1_43' title='bbox 710 357 751 383; x_wconf 85' lang='lat' dir='ltr'><strong>vir</strong></span> <span class='ocrx_word' id='word_1_44' title='bbox 765 356 999 387; x_wconf 79' lang='lat' dir='ltr'><strong>Sceleratissimus</strong></span> 
     </span>
    </p>
   </div>
   <div class='ocr_carea' id='block_1_10' title="bbox 214 401 998 438">
    <p class='ocr_par' dir='ltr' id='par_1_10' title="bbox 214 401 998 438">
     <span class='ocr_line' id='line_1_10' title="bbox 214 401 998 438; baseline -0.001 -8"><span class='ocrx_word' id='word_1_45' title='bbox 214 403 346 430; x_wconf 81' lang='lat' dir='ltr'><strong>adversus</strong></span> <span class='ocrx_word' id='word_1_46' title='bbox 363 403 420 437; x_wconf 84' lang='lat' dir='ltr'><strong>ipsa</strong></span> <span class='ocrx_word' id='word_1_47' title='bbox 436 409 546 438; x_wconf 89' lang='lat' dir='ltr'><strong>quoque</strong></span> <span class='ocrx_word' id='word_1_48' title='bbox 565 401 697 436; x_wconf 83' lang='lat' dir='ltr'><strong>mysteria</strong></span> <span class='ocrx_word' id='word_1_49' title='bbox 713 401 816 429; x_wconf 81' lang='lat' dir='ltr'><strong>furiose</strong></span> <span class='ocrx_word' id='word_1_50' title='bbox 832 401 998 429; x_wconf 88' lang='lat' dir='ltr'><strong>debacchari</strong></span> 
     </span>
    </p>
   </div>
   <div class='ocr_carea' id='block_1_11' title="bbox 213 448 999 483">
    <p class='ocr_par' dir='ltr' id='par_1_11' title="bbox 213 448 999 483">
     <span class='ocr_line' id='line_1_11' title="bbox 213 448 999 483; baseline 0 -7"><span class='ocrx_word' id='word_1_51' title='bbox 213 449 307 483; x_wconf 74' lang='lat' dir='ltr'><strong>cmpit.</strong></span> <span class='ocrx_word' id='word_1_52' title='bbox 326 449 394 476; x_wconf 83' lang='lat' dir='ltr'><strong>Nam</strong></span> <span class='ocrx_word' id='word_1_53' title='bbox 411 449 438 476; x_wconf 90' lang='lat' dir='ltr'><strong>in</strong></span> <span class='ocrx_word' id='word_1_54' title='bbox 454 455 587 476; x_wconf 88' lang='lat' dir='ltr'><strong>craterem</strong></span> <span class='ocrx_word' id='word_1_55' title='bbox 604 448 690 475; x_wconf 92' lang='lat' dir='ltr'><strong>indito</strong></span> <span class='ocrx_word' id='word_1_56' title='bbox 710 448 798 483; x_wconf 78' lang='lat' dir='ltr'><strong>sinapi</strong></span> <span class='ocrx_word' id='word_1_57' title='bbox 819 449 999 477; x_wconf 85' lang='lat' dir='ltr'><strong>acerbissimo</strong></span> 
     </span>
    </p>
   </div>
   <div class='ocr_carea' id='block_1_12' title="bbox 215 494 999 531">
    <p class='ocr_par' dir='ltr' id='par_1_12' title="bbox 215 494 999 531">
     <span class='ocr_line' id='line_1_12' title="bbox 215 494 999 531; baseline 0 -9"><span class='ocrx_word' id='word_1_58' title='bbox 215 495 360 531; x_wconf 82' lang='lat' dir='ltr'><strong>mysticum</strong></span> <span class='ocrx_word' id='word_1_59' title='bbox 376 494 441 522; x_wconf 82' lang='lat' dir='ltr'><strong>inde</strong></span> <span class='ocrx_word' id='word_1_60' title='bbox 456 501 563 522; x_wconf 88' lang='lat' dir='ltr'><strong>sacrum</strong></span> <span class='ocrx_word' id='word_1_61' title='bbox 579 495 743 529; x_wconf 73' lang='lat' dir='ltr'><strong>peragebat,</strong></span> <span class='ocrx_word' id='word_1_62' title='bbox 760 494 857 521; x_wconf 83' lang='lat' dir='ltr'><strong>ludens</strong></span> <span class='ocrx_word' id='word_1_63' title='bbox 875 494 959 521; x_wconf 85' lang='lat' dir='ltr'><strong>miser</strong></span> <span class='ocrx_word' id='word_1_64' title='bbox 972 495 999 522; x_wconf 92' lang='lat' dir='ltr'><strong>in</strong></span> 
     </span>
    </p>
   </div>
   <div class='ocr_carea' id='block_1_13' title="bbox 216 539 1002 576">
    <p class='ocr_par' dir='ltr' id='par_1_13' title="bbox 216 539 1002 576">
     <span class='ocr_line' id='line_1_13' title="bbox 216 539 1002 576; baseline -0.001 -8"><span class='ocrx_word' id='word_1_65' title='bbox 216 542 251 569; x_wconf 92' lang='lat' dir='ltr'><strong>iis</strong></span> <span class='ocrx_word' id='word_1_66' title='bbox 268 549 330 576; x_wconf 77' lang='lat' dir='ltr'><strong>quae</strong></span> <span class='ocrx_word' id='word_1_67' title='bbox 347 540 428 568; x_wconf 84' lang='lat' dir='ltr'><strong>ludos</strong></span> <span class='ocrx_word' id='word_1_68' title='bbox 448 539 539 568; x_wconf 87' lang='lat' dir='ltr'><strong>nullos</strong></span> <span class='ocrx_word' id='word_1_69' title='bbox 559 540 726 573; x_wconf 88' lang='lat' dir='ltr'><strong>admittunt,</strong></span> <span class='ocrx_word' id='word_1_70' title='bbox 748 545 776 567; x_wconf 87' lang='lat' dir='ltr'><strong>et</strong></span> <span class='ocrx_word' id='word_1_71' title='bbox 796 540 887 568; x_wconf 89' lang='lat' dir='ltr'><strong>ridens</strong></span> <span class='ocrx_word' id='word_1_72' title='bbox 909 540 1002 567; x_wconf 76' lang='lat' dir='ltr'><strong>infelix</strong></span> 
     </span>
    </p>
   </div>
   <div class='ocr_carea' id='block_1_14' title="bbox 215 586 1001 615">
    <p class='ocr_par' dir='ltr' id='par_1_14' title="bbox 215 586 1001 615">
     <span class='ocr_line' id='line_1_14' title="bbox 215 586 1001 615; baseline -0.004 0"><span class='ocrx_word' id='word_1_73' title='bbox 215 589 242 615; x_wconf 93' lang='lat' dir='ltr'><strong>in</strong></span> <span class='ocrx_word' id='word_1_74' title='bbox 257 587 369 614; x_wconf 89' lang='lat' dir='ltr'><strong>minime</strong></span> <span class='ocrx_word' id='word_1_75' title='bbox 384 587 519 614; x_wconf 87' lang='lat' dir='ltr'><strong>ridiculis.</strong></span> <span class='ocrx_word' id='word_1_76' title='bbox 533 586 696 613; x_wconf 83' lang='lat' dir='ltr'><strong>Tradiderat</strong></span> <span class='ocrx_word' id='word_1_77' title='bbox 708 586 733 614; x_wconf 86' lang='lat' dir='ltr'><strong>ei</strong></span> <span class='ocrx_word' id='word_1_78' title='bbox 751 586 896 614; x_wconf 86' lang='lat' dir='ltr'><strong>Theodora</strong></span> <span class='ocrx_word' id='word_1_79' title='bbox 913 591 1001 613; x_wconf 84' lang='lat' dir='ltr'><strong>mater</strong></span> 
     </span>
    </p>
   </div>
   <div class='ocr_carea' id='block_1_15' title="bbox 213 631 1000 666">
    <p class='ocr_par' dir='ltr' id='par_1_15' title="bbox 213 631 1000 666">
     <span class='ocr_line' id='line_1_15' title="bbox 213 631 1000 666; baseline -0.003 -6"><span class='ocrx_word' id='word_1_80' title='bbox 213 633 274 660; x_wconf 87' lang='lat' dir='ltr'><strong>auri</strong></span> <span class='ocrx_word' id='word_1_81' title='bbox 291 641 343 660; x_wconf 79' lang='lat' dir='ltr'><strong>nxc</strong></span> <span class='ocrx_word' id='word_1_82' title='bbox 356 632 546 664; x_wconf 79' lang='lat' dir='ltr'><strong>centenarios,</strong></span> <span class='ocrx_word' id='word_1_83' title='bbox 561 631 668 666; x_wconf 81' lang='lat' dir='ltr'><strong>argenti</strong></span> <span class='ocrx_word' id='word_1_84' title='bbox 681 631 714 658; x_wconf 92' lang='lat' dir='ltr'><strong>ad</strong></span> <span class='ocrx_word' id='word_1_85' title='bbox 734 632 785 659; x_wconf 86' lang='lat' dir='ltr'><strong>tria</strong></span> <span class='ocrx_word' id='word_1_86' title='bbox 800 631 895 658; x_wconf 82' lang='lat' dir='ltr'><strong>millia.</strong></span> <span class='ocrx_word' id='word_1_87' title='bbox 913 631 949 658; x_wconf 80' lang='lat' dir='ltr'><strong>Ex</strong></span> <span class='ocrx_word' id='word_1_88' title='bbox 967 631 1000 658; x_wconf 89' lang='lat' dir='ltr'><strong>iis</strong></span> 
     </span>
    </p>
   </div>
   <div class='ocr_carea' id='block_1_16' title="bbox 213 677 1001 712">
    <p class='ocr_par' dir='ltr' id='par_1_16' title="bbox 213 677 1001 712">
     <span class='ocr_line' id='line_1_16' title="bbox 213 677 1001 712; baseline -0.005 -5"><span class='ocrx_word' id='word_1_89' title='bbox 213 680 362 707; x_wconf 85' lang='lat' dir='ltr'><strong>Michaclus</strong></span> <span class='ocrx_word' id='word_1_90' title='bbox 379 678 499 705; x_wconf 88' lang='lat' dir='ltr'><strong>moriens</strong></span> <span class='ocrx_word' id='word_1_91' title='bbox 519 677 572 704; x_wconf 88' lang='lat' dir='ltr'><strong>tria</strong></span> <span class='ocrx_word' id='word_1_92' title='bbox 599 682 704 704; x_wconf 86' lang='lat' dir='ltr'><strong>tantum</strong></span> <span class='ocrx_word' id='word_1_93' title='bbox 730 677 857 712; x_wconf 87' lang='lat' dir='ltr'><strong>reliquit,</strong></span> <span class='ocrx_word' id='word_1_94' title='bbox 885 677 1001 711; x_wconf 87' lang='lat' dir='ltr'><strong>imperio</strong></span> 
     </span>
    </p>
   </div>
   <div class='ocr_carea' id='block_1_17' title="bbox 213 721 1001 761">
    <p class='ocr_par' dir='ltr' id='par_1_17' title="bbox 213 721 1001 761">
     <span class='ocr_line' id='line_1_17' title="bbox 213 721 1001 761; baseline -0.006 -8"><span class='ocrx_word' id='word_1_95' title='bbox 213 733 275 761; x_wconf 84' lang='lat' dir='ltr'><strong>post</strong></span> <span class='ocrx_word' id='word_1_96' title='bbox 287 725 481 753; x_wconf 77' lang='lat' dir='ltr'><strong>discessionem</strong></span> <span class='ocrx_word' id='word_1_97' title='bbox 495 731 527 750; x_wconf 81' lang='lat' dir='ltr'><strong>ex</strong></span> <span class='ocrx_word' id='word_1_98' title='bbox 540 723 602 750; x_wconf 86' lang='lat' dir='ltr'><strong>aula</strong></span> <span class='ocrx_word' id='word_1_99' title='bbox 613 722 763 750; x_wconf 67' lang='lat' dir='ltr'><strong>Theodoro:</strong></span> <span class='ocrx_word' id='word_1_100' title='bbox 778 723 857 749; x_wconf 92' lang='lat' dir='ltr'><strong>annis</strong></span> <span class='ocrx_word' id='word_1_101' title='bbox 872 721 1001 749; x_wconf 83' lang='lat' dir='ltr'><strong>undecim</strong></span> 
     </span>
    </p>
   </div>
   <div class='ocr_carea' id='block_1_18' title="bbox 212 767 1001 805">
    <p class='ocr_par' dir='ltr' id='par_1_18' title="bbox 212 767 1001 805">
     <span class='ocr_line' id='line_1_18' title="bbox 212 767 1001 805; baseline -0.005 -7"><span class='ocrx_word' id='word_1_102' title='bbox 212 771 325 805; x_wconf 83' lang='lat' dir='ltr'><strong>potitus.</strong></span> <span class='ocrx_word' id='word_1_103' title='bbox 343 770 414 798; x_wconf 87' lang='lat' dir='ltr'><strong>Solis</strong></span> <span class='ocrx_word' id='word_1_104' title='bbox 429 769 679 804; x_wconf 88' lang='lat' dir='ltr'><strong>compotationibus</strong></span> <span class='ocrx_word' id='word_1_105' title='bbox 695 774 723 797; x_wconf 91' lang='lat' dir='ltr'><strong>ct</strong></span> <span class='ocrx_word' id='word_1_106' title='bbox 740 768 911 796; x_wconf 84' lang='lat' dir='ltr'><strong>circensibus</strong></span> <span class='ocrx_word' id='word_1_107' title='bbox 927 767 1001 795; x_wconf 86' lang='lat' dir='ltr'><strong>ludis</strong></span> 
     </span>
    </p>
   </div>
   <div class='ocr_carea' id='block_1_19' title="bbox 212 813 1001 852">
    <p class='ocr_par' dir='ltr' id='par_1_19' title="bbox 212 813 1001 852">
     <span class='ocr_line' id='line_1_19' title="bbox 212 813 1001 852; baseline -0.006 -9"><span class='ocrx_word' id='word_1_108' title='bbox 212 825 324 852; x_wconf 88' lang='lat' dir='ltr'><strong>operam</strong></span> <span class='ocrx_word' id='word_1_109' title='bbox 352 815 453 849; x_wconf 83' lang='lat' dir='ltr'><strong>dabat,</strong></span> <span class='ocrx_word' id='word_1_110' title='bbox 479 815 580 850; x_wconf 89' lang='lat' dir='ltr'><strong>quibus</strong></span> <span class='ocrx_word' id='word_1_111' title='bbox 603 822 670 842; x_wconf 87' lang='lat' dir='ltr'><strong>sane</strong></span> <span class='ocrx_word' id='word_1_112' title='bbox 694 813 858 849; x_wconf 80' lang='lat' dir='ltr'><strong>spectaculis</strong></span> <span class='ocrx_word' id='word_1_113' title='bbox 875 817 928 840; x_wconf 91' lang='lat' dir='ltr'><strong>tam</strong></span> <span class='ocrx_word' id='word_1_114' title='bbox 949 813 1001 839; x_wconf 89' lang='lat' dir='ltr'><strong>im-</strong></span> 
     </span>
    </p>
   </div>
   <div class='ocr_carea' id='block_1_20' title="bbox 213 857 999 896">
    <p class='ocr_par' dir='ltr' id='par_1_20' title="bbox 213 857 999 896">
     <span class='ocr_line' id='line_1_20' title="bbox 213 857 999 896; baseline -0.006 -7"><span class='ocrx_word' id='word_1_115' title='bbox 213 870 295 896; x_wconf 87' lang='lat' dir='ltr'><strong>pense</strong></span> <span class='ocrx_word' id='word_1_116' title='bbox 307 861 497 888; x_wconf 85' lang='lat' dir='ltr'><strong>delectabatur</strong></span> <span class='ocrx_word' id='word_1_117' title='bbox 511 865 539 887; x_wconf 93' lang='lat' dir='ltr'><strong>ut</strong></span> <span class='ocrx_word' id='word_1_118' title='bbox 553 860 668 893; x_wconf 80' lang='lat' dir='ltr'><strong>ipsemet</strong></span> <span class='ocrx_word' id='word_1_119' title='bbox 681 859 852 886; x_wconf 80' lang='lat' dir='ltr'><strong>extrinsecus</strong></span> <span class='ocrx_word' id='word_1_120' title='bbox 868 857 999 884; x_wconf 81' lang='lat' dir='ltr'><strong>amictum</strong></span> 
     </span>
    </p>
   </div>
   <div class='ocr_carea' id='block_1_21' title="bbox 215 904 997 941">
    <p class='ocr_par' dir='ltr' id='par_1_21' title="bbox 215 904 997 941">
     <span class='ocr_line' id='line_1_21' title="bbox 215 904 997 941; baseline -0.006 -6"><span class='ocrx_word' id='word_1_121' title='bbox 215 908 349 935; x_wconf 77' lang='lat' dir='ltr'><strong>Venetam</strong></span> <span class='ocrx_word' id='word_1_122' title='bbox 367 911 479 941; x_wconf 82' lang='lat' dir='ltr'><strong>gestans</strong></span> <span class='ocrx_word' id='word_1_123' title='bbox 495 914 582 940; x_wconf 84' lang='lat' dir='ltr'><strong>equos</strong></span> <span class='ocrx_word' id='word_1_124' title='bbox 602 906 736 941; x_wconf 72' lang='lat' dir='ltr'><strong>agitaret.</strong></span> <span class='ocrx_word' id='word_1_125' title='bbox 766 904 905 939; x_wconf 73' lang='lat' dir='ltr'><strong>logothcta</strong></span> <span class='ocrx_word' id='word_1_126' title='bbox 930 904 997 930; x_wconf 83' lang='lat' dir='ltr'><strong>Pra-</strong></span> 
     </span>
    </p>
   </div>
   <div class='ocr_carea' id='block_1_22' title="bbox 211 949 1000 985">
    <p class='ocr_par' dir='ltr' id='par_1_22' title="bbox 211 949 1000 985">
     <span class='ocr_line' id='line_1_22' title="bbox 211 949 1000 985; baseline -0.005 -5"><span class='ocrx_word' id='word_1_127' title='bbox 211 954 273 981; x_wconf 85' lang='lat' dir='ltr'><strong>sino</strong></span> <span class='ocrx_word' id='word_1_128' title='bbox 288 953 383 980; x_wconf 89' lang='lat' dir='ltr'><strong>habitu</strong></span> <span class='ocrx_word' id='word_1_129' title='bbox 401 951 510 979; x_wconf 88' lang='lat' dir='ltr'><strong>induto.</strong></span> <span class='ocrx_word' id='word_1_130' title='bbox 529 951 636 979; x_wconf 77' lang='lat' dir='ltr'><strong>Accidit</strong></span> <span class='ocrx_word' id='word_1_131' title='bbox 656 949 805 985; x_wconf 82' lang='lat' dir='ltr'><strong>aliquando</strong></span> <span class='ocrx_word' id='word_1_132' title='bbox 827 953 857 976; x_wconf 91' lang='lat' dir='ltr'><strong>ut</strong></span> <span class='ocrx_word' id='word_1_133' title='bbox 874 949 1000 984; x_wconf 80' lang='lat' dir='ltr'><strong>equestri</strong></span> 
     </span>
    </p>
   </div>
   <div class='ocr_carea' id='block_1_23' title="bbox 212 995 1001 1033">
    <p class='ocr_par' dir='ltr' id='par_1_23' title="bbox 212 995 1001 1033">
     <span class='ocr_line' id='line_1_23' title="bbox 212 995 1001 1033; baseline -0.005 -7"><span class='ocrx_word' id='word_1_134' title='bbox 212 999 363 1027; x_wconf 84' lang='lat' dir='ltr'><strong>certamine</strong></span> <span class='ocrx_word' id='word_1_135' title='bbox 393 998 450 1033; x_wconf 83' lang='lat' dir='ltr'><strong>jam</strong></span> <span class='ocrx_word' id='word_1_136' title='bbox 482 997 644 1025; x_wconf 83' lang='lat' dir='ltr'><strong>imminente</strong></span> <span class='ocrx_word' id='word_1_137' title='bbox 674 995 880 1031; x_wconf 79' lang='lat' dir='ltr'><strong>protonalarius</strong></span> <span class='ocrx_word' id='word_1_138' title='bbox 909 995 1001 1023; x_wconf 88' lang='lat' dir='ltr'><strong>dromi</strong></span> 
     </span>
    </p>
   </div>
   <div class='ocr_carea' id='block_1_24' title="bbox 212 1041 1000 1078">
    <p class='ocr_par' dir='ltr' id='par_1_24' title="bbox 212 1041 1000 1078">
     <span class='ocr_line' id='line_1_24' title="bbox 212 1041 1000 1078; baseline -0.006 -5"><span class='ocrx_word' id='word_1_139' title='bbox 212 1045 350 1074; x_wconf 82' lang='lat' dir='ltr'><strong>accedens</strong></span> <span class='ocrx_word' id='word_1_140' title='bbox 365 1044 470 1072; x_wconf 89' lang='lat' dir='ltr'><strong>diceret</strong></span> <span class='ocrx_word' id='word_1_141' title='bbox 486 1043 513 1071; x_wconf 93' lang='lat' dir='ltr'><strong>in</strong></span> <span class='ocrx_word' id='word_1_142' title='bbox 529 1042 687 1078; x_wconf 74' lang='lat' dir='ltr'><strong>Melangeis,</strong></span> <span class='ocrx_word' id='word_1_143' title='bbox 699 1049 759 1077; x_wconf 70' lang='lat' dir='ltr'><strong>qua:</strong></span> <span class='ocrx_word' id='word_1_144' title='bbox 772 1041 905 1076; x_wconf 79' lang='lat' dir='ltr'><strong>Melagina</strong></span> <span class='ocrx_word' id='word_1_145' title='bbox 920 1041 1000 1076; x_wconf 72' lang='lat' dir='ltr'><strong>vulgo</strong></span> 
     </span>
    </p>
   </div>
   <div class='ocr_carea' id='block_1_25' title="bbox 212 1086 998 1125">
    <p class='ocr_par' dir='ltr' id='par_1_25' title="bbox 212 1086 998 1125">
     <span class='ocr_line' id='line_1_25' title="bbox 212 1086 998 1125; baseline -0.008 -7"><span class='ocrx_word' id='word_1_146' title='bbox 212 1093 419 1125; x_wconf 87' lang='lat' dir='ltr'><strong>nuneupantur,</strong></span> <span class='ocrx_word' id='word_1_147' title='bbox 442 1088 596 1116; x_wconf 78' lang='lat' dir='ltr'><strong>Saracenos</strong></span> <span class='ocrx_word' id='word_1_148' title='bbox 613 1088 720 1115; x_wconf 85' lang='lat' dir='ltr'><strong>adesse.</strong></span> <span class='ocrx_word' id='word_1_149' title='bbox 738 1086 809 1114; x_wconf 88' lang='lat' dir='ltr'><strong>Tum</strong></span> <span class='ocrx_word' id='word_1_150' title='bbox 829 1087 998 1121; x_wconf 84' lang='lat' dir='ltr'><strong>imperator:</strong></span> 
     </span>
    </p>
   </div>
   <div class='ocr_carea' id='block_1_26' title="bbox 215 1132 1000 1170">
    <p class='ocr_par' dir='ltr' id='par_1_26' title="bbox 215 1132 1000 1170">
     <span class='ocr_line' id='line_1_26' title="bbox 215 1132 1000 1170; baseline -0.009 -5"><span class='ocrx_word' id='word_1_151' title='bbox 215 1148 224 1164; x_wconf 75' lang='grc' dir='ltr'><strong>ι</strong></span> <span class='ocrx_word' id='word_1_152' title='bbox 238 1137 312 1164; x_wconf 86' lang='lat' dir='ltr'><strong>Tene</strong></span> <span class='ocrx_word' id='word_1_153' title='bbox 329 1143 406 1168; x_wconf 82' lang='lat' dir='ltr'><strong>vero,</strong></span> <span class='ocrx_word' id='word_1_154' title='bbox 432 1135 541 1170; x_wconf 87' lang='lat' dir='ltr'><strong>inquit,</strong></span> <span class='ocrx_word' id='word_1_155' title='bbox 567 1134 707 1161; x_wconf 86' lang='lat' dir='ltr'><strong>hominem</strong></span> <span class='ocrx_word' id='word_1_156' title='bbox 723 1132 932 1160; x_wconf 85' lang='lat' dir='ltr'><strong>stolidissimum</strong></span> <span class='ocrx_word' id='word_1_157' title='bbox 949 1139 1000 1158; x_wconf 92' lang='lat' dir='ltr'><strong>au-</strong></span> 
     </span>
    </p>
   </div>
   <div class='ocr_carea' id='block_1_27' title="bbox 212 1178 999 1215">
    <p class='ocr_par' dir='ltr' id='par_1_27' title="bbox 212 1178 999 1215">
     <span class='ocr_line' id='line_1_27' title="bbox 212 1178 999 1215; baseline -0.006 -5"><span class='ocrx_word' id='word_1_158' title='bbox 212 1183 279 1210; x_wconf 88' lang='lat' dir='ltr'><strong>dere</strong></span> <span class='ocrx_word' id='word_1_159' title='bbox 293 1181 360 1209; x_wconf 91' lang='lat' dir='ltr'><strong>mihi</strong></span> <span class='ocrx_word' id='word_1_160' title='bbox 377 1181 422 1208; x_wconf 93' lang='lat' dir='ltr'><strong>tali</strong></span> <span class='ocrx_word' id='word_1_161' title='bbox 436 1185 569 1215; x_wconf 82' lang='lat' dir='ltr'><strong>occupato</strong></span> <span class='ocrx_word' id='word_1_162' title='bbox 583 1179 745 1213; x_wconf 85' lang='lat' dir='ltr'><strong>certamine,</strong></span> <span class='ocrx_word' id='word_1_163' title='bbox 762 1186 795 1206; x_wconf 89' lang='lat' dir='ltr'><strong>ac</strong></span> <span class='ocrx_word' id='word_1_164' title='bbox 807 1179 833 1206; x_wconf 94' lang='lat' dir='ltr'><strong>in</strong></span> <span class='ocrx_word' id='word_1_165' title='bbox 848 1178 901 1206; x_wconf 93' lang='lat' dir='ltr'><strong>hoc</strong></span> <span class='ocrx_word' id='word_1_166' title='bbox 914 1185 999 1205; x_wconf 90' lang='lat' dir='ltr'><strong>unum</strong></span> 
     </span>
    </p>
   </div>
   <div class='ocr_carea' id='block_1_28' title="bbox 213 1225 998 1260">
    <p class='ocr_par' dir='ltr' id='par_1_28' title="bbox 213 1225 998 1260">
     <span class='ocr_line' id='line_1_28' title="bbox 213 1225 998 1260; baseline -0.006 -4"><span class='ocrx_word' id='word_1_167' title='bbox 213 1227 385 1257; x_wconf 81' lang='lat' dir='ltr'><strong>incumbenti</strong></span> <span class='ocrx_word' id='word_1_168' title='bbox 401 1232 431 1254; x_wconf 86' lang='lat' dir='ltr'><strong>ut</strong></span> <span class='ocrx_word' id='word_1_169' title='bbox 447 1227 476 1254; x_wconf 94' lang='lat' dir='ltr'><strong>in</strong></span> <span class='ocrx_word' id='word_1_170' title='bbox 493 1227 589 1254; x_wconf 68' lang='lat' dir='ltr'><strong>larvam</strong></span> <span class='ocrx_word' id='word_1_171' title='bbox 605 1231 710 1260; x_wconf 89' lang='lat' dir='ltr'><strong>partem</strong></span> <span class='ocrx_word' id='word_1_172' title='bbox 725 1225 845 1252; x_wconf 87' lang='lat' dir='ltr'><strong>medium</strong></span> <span class='ocrx_word' id='word_1_173' title='bbox 860 1229 981 1252; x_wconf 72' lang='lat' dir='ltr'><strong>avertam</strong></span> <span class='ocrx_word' id='word_1_174' title='bbox 991 1243 998 1256; x_wconf 91' lang='lat'><strong>,</strong></span> 
     </span>
    </p>
   </div>
   <div class='ocr_carea' id='block_1_29' title="bbox 213 1271 1000 1303">
    <p class='ocr_par' dir='ltr' id='par_1_29' title="bbox 213 1271 1000 1303">
     <span class='ocr_line' id='line_1_29' title="bbox 213 1271 1000 1303; baseline -0.006 -1"><span class='ocrx_word' id='word_1_175' title='bbox 213 1275 247 1303; x_wconf 89' lang='lat' dir='ltr'><strong>de</strong></span> <span class='ocrx_word' id='word_1_176' title='bbox 262 1275 462 1302; x_wconf 86' lang='lat' dir='ltr'><strong>Saracenorum</strong></span> <span class='ocrx_word' id='word_1_177' title='bbox 479 1273 594 1300; x_wconf 83' lang='lat' dir='ltr'><strong>incursu</strong></span> <span class='ocrx_word' id='word_1_178' title='bbox 609 1272 736 1299; x_wconf 89' lang='lat' dir='ltr'><strong>nuntium</strong></span> <span class='ocrx_word' id='word_1_179' title='bbox 749 1272 870 1300; x_wconf 72' lang='lat' dir='ltr'><strong>afferre?</strong></span> <span class='ocrx_word' id='word_1_180' title='bbox 883 1281 893 1297; x_wconf 71' lang='grc' dir='ltr'><strong>ι</strong></span> <span class='ocrx_word' id='word_1_181' title='bbox 908 1271 1000 1298; x_wconf 82' lang='lat' dir='ltr'><strong>Rebus</strong></span> 
     </span>
    </p>
   </div>
   <div class='ocr_carea' id='block_1_30' title="bbox 214 1316 1000 1355">
    <p class='ocr_par' dir='ltr' id='par_1_30' title="bbox 214 1316 1000 1355">
     <span class='ocr_line' id='line_1_30' title="bbox 214 1316 1000 1355; baseline -0.006 -8"><span class='ocrx_word' id='word_1_182' title='bbox 214 1320 297 1355; x_wconf 81' lang='lat' dir='ltr'><strong>igitur</strong></span> <span class='ocrx_word' id='word_1_183' title='bbox 322 1317 481 1354; x_wconf 82' lang='lat' dir='ltr'><strong>hujusmodi</strong></span> <span class='ocrx_word' id='word_1_184' title='bbox 503 1317 651 1344; x_wconf 77' lang='lat' dir='ltr'><strong>Michaelus</strong></span> <span class='ocrx_word' id='word_1_185' title='bbox 674 1322 826 1351; x_wconf 86' lang='lat' dir='ltr'><strong>occupatus</strong></span> <span class='ocrx_word' id='word_1_186' title='bbox 850 1316 1000 1351; x_wconf 88' lang='lat' dir='ltr'><strong>imperato—</strong></span> 
     </span>
    </p>
   </div>
   <div class='ocr_carea' id='block_1_31' title="bbox 215 1361 999 1398">
    <p class='ocr_par' dir='ltr' id='par_1_31' title="bbox 215 1361 999 1398">
     <span class='ocr_line' id='line_1_31' title="bbox 215 1361 999 1398; baseline -0.006 -5"><span class='ocrx_word' id='word_1_187' title='bbox 215 1366 291 1398; x_wconf 87' lang='lat' dir='ltr'><strong>rios,</strong></span> <span class='ocrx_word' id='word_1_188' title='bbox 318 1371 369 1392; x_wconf 89' lang='lat' dir='ltr'><strong>ceu</strong></span> <span class='ocrx_word' id='word_1_189' title='bbox 386 1363 525 1395; x_wconf 80' lang='lat' dir='ltr'><strong>diximus,</strong></span> <span class='ocrx_word' id='word_1_190' title='bbox 550 1362 693 1390; x_wconf 79' lang='lat' dir='ltr'><strong>thesauros</strong></span> <span class='ocrx_word' id='word_1_191' title='bbox 713 1362 904 1390; x_wconf 79' lang='lat' dir='ltr'><strong>exhauriebat.</strong></span> <span class='ocrx_word' id='word_1_192' title='bbox 930 1361 999 1388; x_wconf 84' lang='lat' dir='ltr'><strong>Nam</strong></span> 
     </span>
    </p>
   </div>
   <div class='ocr_carea' id='block_1_32' title="bbox 1051 224 1838 267">
    <p class='ocr_par' dir='ltr' id='par_1_32' title="bbox 1051 224 1838 267">
     <span class='ocr_line' id='line_1_32' title="bbox 1051 224 1838 267; baseline 0.011 -17"><span class='ocrx_word' id='word_1_193' title='bbox 1051 224 1287 260; x_wconf 78' lang='grc' dir='ltr'><strong>δορυφορούντων,</strong></span> <span class='ocrx_word' id='word_1_194' title='bbox 1308 227 1354 254; x_wconf 74' lang='grc' dir='ltr'><strong>ἐπὶ</strong></span> <span class='ocrx_word' id='word_1_195' title='bbox 1379 229 1470 262; x_wconf 81' lang='grc' dir='ltr'>μέσων</span> <span class='ocrx_word' id='word_1_196' title='bbox 1493 230 1596 262; x_wconf 70' lang='grc' dir='ltr'>ἐκεῖνος</span> <span class='ocrx_word' id='word_1_197' title='bbox 1612 232 1726 266; x_wconf 74' lang='grc' dir='ltr'>τριόδων</span> <span class='ocrx_word' id='word_1_198' title='bbox 1746 234 1838 267; x_wconf 77' lang='grc' dir='ltr'>παρὼ-</span> 
     </span>
    </p>
   </div>
   <div class='ocr_carea' id='block_1_33' title="bbox 1050 269 1838 310">
    <p class='ocr_par' dir='ltr' id='par_1_33' title="bbox 1050 269 1838 310">
     <span class='ocr_line' id='line_1_33' title="bbox 1050 269 1838 310; baseline 0.01 -15"><span class='ocrx_word' id='word_1_199' title='bbox 1050 269 1122 298; x_wconf 84' lang='grc' dir='ltr'>δευε.</span> <span class='ocrx_word' id='word_1_200' title='bbox 1142 270 1197 297; x_wconf 74' lang='grc' dir='ltr'><strong>Καὶ</strong></span> <span class='ocrx_word' id='word_1_201' title='bbox 1212 270 1238 297; x_wconf 85' lang='grc' dir='ltr'><strong>τί</strong></span> <span class='ocrx_word' id='word_1_202' title='bbox 1260 272 1313 307; x_wconf 80' lang='grc' dir='ltr'>χρὴ</span> <span class='ocrx_word' id='word_1_203' title='bbox 1333 272 1420 300; x_wconf 69' lang='grc' dir='ltr'>πολλὰ</span> <span class='ocrx_word' id='word_1_204' title='bbox 1434 273 1544 308; x_wconf 82' lang='grc' dir='ltr'>λέγειν;</span> <span class='ocrx_word' id='word_1_205' title='bbox 1569 275 1616 301; x_wconf 80' lang='grc' dir='ltr'><strong>ἐπὶ</strong></span> <span class='ocrx_word' id='word_1_206' title='bbox 1642 276 1754 310; x_wconf 84' lang='grc' dir='ltr'>χείρονα</span> <span class='ocrx_word' id='word_1_207' title='bbox 1777 277 1838 303; x_wconf 79' lang='grc' dir='ltr'>καθ’</span> 
     </span>
    </p>
   </div>
   <div class='ocr_carea' id='block_1_34' title="bbox 1051 312 1839 355">
    <p class='ocr_par' dir='ltr' id='par_1_34' title="bbox 1051 312 1839 355">
     <span class='ocr_line' id='line_1_34' title="bbox 1051 312 1839 355; baseline 0.013 -18"><span class='ocrx_word' id='word_1_208' title='bbox 1051 312 1169 348; x_wconf 79' lang='grc' dir='ltr'>ἑκάστην</span> <span class='ocrx_word' id='word_1_209' title='bbox 1187 315 1351 348; x_wconf 82' lang='grc' dir='ltr'><strong>προκόπτων</strong></span> <span class='ocrx_word' id='word_1_210' title='bbox 1366 315 1449 352; x_wconf 80' lang='grc' dir='ltr'>ζωὴν,</span> <span class='ocrx_word' id='word_1_211' title='bbox 1464 318 1511 343; x_wconf 84' lang='grc' dir='ltr'>καὶ</span> <span class='ocrx_word' id='word_1_212' title='bbox 1523 318 1584 345; x_wconf 81' lang='grc' dir='ltr'>κατ’</span> <span class='ocrx_word' id='word_1_213' title='bbox 1600 318 1692 346; x_wconf 75' lang='grc' dir='ltr'>αὐτῶν</span> <span class='ocrx_word' id='word_1_214' title='bbox 1707 319 1839 355; x_wconf 76' lang='grc' dir='ltr'>ὲλύττησε</span> 
     </span>
    </p>
   </div>
   <div class='ocr_carea' id='block_1_35' title="bbox 1051 357 1838 400">
    <p class='ocr_par' dir='ltr' id='par_1_35' title="bbox 1051 357 1838 400">
     <span class='ocr_line' id='line_1_35' title="bbox 1051 357 1838 400; baseline 0.01 -16"><span class='ocrx_word' id='word_1_215' title='bbox 1051 357 1105 384; x_wconf 88' lang='grc' dir='ltr'><strong>τῶν</strong></span> <span class='ocrx_word' id='word_1_216' title='bbox 1129 359 1287 394; x_wconf 70' lang='grc' dir='ltr'><strong>μυστηρίων</strong></span> <span class='ocrx_word' id='word_1_217' title='bbox 1313 361 1327 387; x_wconf 99' lang='lat'><strong>6</strong></span> <span class='ocrx_word' id='word_1_218' title='bbox 1354 361 1494 393; x_wconf 82' lang='grc' dir='ltr'>κάκιστος.</span> <span class='ocrx_word' id='word_1_219' title='bbox 1516 363 1608 390; x_wconf 83' lang='grc' dir='ltr'>Βαλὼν</span> <span class='ocrx_word' id='word_1_220' title='bbox 1632 364 1685 400; x_wconf 80' lang='grc' dir='ltr'><strong>γὰρ</strong></span> <span class='ocrx_word' id='word_1_221' title='bbox 1710 366 1750 396; x_wconf 74' lang='grc' dir='ltr'>εἰς</span> <span class='ocrx_word' id='word_1_222' title='bbox 1769 374 1838 400; x_wconf 79' lang='grc' dir='ltr'>κρα-</span> 
     </span>
    </p>
   </div>
   <div class='ocr_carea' id='block_1_36' title="bbox 1051 405 1839 444">
    <p class='ocr_par' dir='ltr' id='par_1_36' title="bbox 1051 405 1839 444">
     <span class='ocr_line' id='line_1_36' title="bbox 1051 405 1839 444; baseline 0.01 -14"><span class='ocrx_word' id='word_1_223' title='bbox 1051 405 1122 440; x_wconf 83' lang='grc' dir='ltr'>τῆρα</span> <span class='ocrx_word' id='word_1_224' title='bbox 1151 405 1316 440; x_wconf 82' lang='grc' dir='ltr'><strong>δριμύτατον</strong></span> <span class='ocrx_word' id='word_1_225' title='bbox 1351 408 1447 443; x_wconf 83' lang='grc' dir='ltr'>σίνηπι</span> <span class='ocrx_word' id='word_1_226' title='bbox 1477 408 1527 444; x_wconf 79' lang='grc' dir='ltr'>τὴν</span> <span class='ocrx_word' id='word_1_227' title='bbox 1554 410 1700 443; x_wconf 83' lang='grc' dir='ltr'>ἁγιστείαν</span> <span class='ocrx_word' id='word_1_228' title='bbox 1729 411 1839 438; x_wconf 70' lang='grc' dir='ltr'>ἐκεῖθεν</span> 
     </span>
    </p>
   </div>
   <div class='ocr_carea' id='block_1_37' title="bbox 1052 452 1840 492">
    <p class='ocr_par' dir='ltr' id='par_1_37' title="bbox 1052 452 1840 492">
     <span class='ocr_line' id='line_1_37' title="bbox 1052 452 1840 492; baseline 0.011 -15"><span class='ocrx_word' id='word_1_229' title='bbox 1052 452 1140 478; x_wconf 78' lang='grc' dir='ltr'>ἐτέλει</span> <span class='ocrx_word' id='word_1_230' title='bbox 1152 452 1200 486; x_wconf 85' lang='grc' dir='ltr'>τὴν</span> <span class='ocrx_word' id='word_1_231' title='bbox 1218 453 1364 489; x_wconf 82' lang='grc' dir='ltr'>μυστικὴν,</span> <span class='ocrx_word' id='word_1_232' title='bbox 1377 455 1482 487; x_wconf 83' lang='grc' dir='ltr'>παίζων</span> <span class='ocrx_word' id='word_1_233' title='bbox 1495 457 1509 482; x_wconf 89' lang='lat'><strong>6</strong></span> <span class='ocrx_word' id='word_1_234' title='bbox 1523 456 1606 488; x_wconf 82' lang='grc' dir='ltr'>τάλας</span> <span class='ocrx_word' id='word_1_235' title='bbox 1618 458 1646 484; x_wconf 81' lang='grc' dir='ltr'><strong>ὲν</strong></span> <span class='ocrx_word' id='word_1_236' title='bbox 1659 458 1690 485; x_wconf 84' lang='grc' dir='ltr'>οὐ</span> <span class='ocrx_word' id='word_1_237' title='bbox 1712 461 1840 492; x_wconf 74' lang='grc' dir='ltr'>παικτοῖς</span> 
     </span>
    </p>
   </div>
   <div class='ocr_carea' id='block_1_38' title="bbox 1052 497 1840 538">
    <p class='ocr_par' dir='ltr' id='par_1_38' title="bbox 1052 497 1840 538">
     <span class='ocr_line' id='line_1_38' title="bbox 1052 497 1840 538; baseline 0.009 -15"><span class='ocrx_word' id='word_1_238' title='bbox 1052 497 1100 523; x_wconf 70' lang='grc' dir='ltr'>καὶ</span> <span class='ocrx_word' id='word_1_239' title='bbox 1119 497 1205 531; x_wconf 85' lang='grc' dir='ltr'>γελῶν</span> <span class='ocrx_word' id='word_1_240' title='bbox 1236 499 1265 525; x_wconf 74' lang='grc' dir='ltr'><strong>ἐν</strong></span> <span class='ocrx_word' id='word_1_241' title='bbox 1291 499 1455 532; x_wconf 75' lang='grc' dir='ltr'><strong>ἀγελάστοις</strong></span> <span class='ocrx_word' id='word_1_242' title='bbox 1481 501 1496 527; x_wconf 98' lang='lat'><strong>6</strong></span> <span class='ocrx_word' id='word_1_243' title='bbox 1523 501 1652 533; x_wconf 81' lang='grc' dir='ltr'>δείλαιος.</span> <span class='ocrx_word' id='word_1_244' title='bbox 1686 502 1718 528; x_wconf 84' lang='grc' dir='ltr'><strong>Ἡ</strong></span> <span class='ocrx_word' id='word_1_245' title='bbox 1747 503 1840 538; x_wconf 73' lang='grc' dir='ltr'>μέντοι</span> 
     </span>
    </p>
   </div>
   <div class='ocr_carea' id='block_1_39' title="bbox 1052 543 1841 583">
    <p class='ocr_par' dir='ltr' id='par_1_39' title="bbox 1052 543 1841 583">
     <span class='ocr_line' id='line_1_39' title="bbox 1052 543 1841 583; baseline 0.01 -14"><span class='ocrx_word' id='word_1_246' title='bbox 1052 543 1178 578; x_wconf 84' lang='grc' dir='ltr'>Θεοδώρα</span> <span class='ocrx_word' id='word_1_247' title='bbox 1197 545 1366 580; x_wconf 83' lang='grc' dir='ltr'>παραδίδωσι</span> <span class='ocrx_word' id='word_1_248' title='bbox 1389 546 1457 579; x_wconf 78' lang='grc' dir='ltr'>πρὸς</span> <span class='ocrx_word' id='word_1_249' title='bbox 1485 547 1568 573; x_wconf 78' lang='grc' dir='ltr'>αὐτὸν</span> <span class='ocrx_word' id='word_1_250' title='bbox 1592 548 1695 582; x_wconf 78' lang='grc' dir='ltr'><strong>χρυσοῦ</strong></span> <span class='ocrx_word' id='word_1_251' title='bbox 1710 551 1841 583; x_wconf 82' lang='grc' dir='ltr'>κεντηνά-</span> 
     </span>
    </p>
   </div>
   <div class='ocr_carea' id='block_1_40' title="bbox 1053 588 1841 628">
    <p class='ocr_par' dir='ltr' id='par_1_40' title="bbox 1053 588 1841 628">
     <span class='ocr_line' id='line_1_40' title="bbox 1053 588 1841 628; baseline 0.009 -15"><span class='ocrx_word' id='word_1_252' title='bbox 1053 595 1100 622; x_wconf 88' lang='grc' dir='ltr'><strong>ρια</strong></span> <span class='ocrx_word' id='word_1_253' title='bbox 1115 591 1142 619; x_wconf 82' lang='grc' dir='ltr'>ς’</span> <span class='ocrx_word' id='word_1_254' title='bbox 1162 588 1209 614; x_wconf 63' lang='grc' dir='ltr'><strong>καλ⁵</strong></span> <span class='ocrx_word' id='word_1_255' title='bbox 1222 588 1357 623; x_wconf 81' lang='grc' dir='ltr'><strong>ἀργυρίου</strong></span> <span class='ocrx_word' id='word_1_256' title='bbox 1383 589 1449 616; x_wconf 77' lang='grc' dir='ltr'>ὡσεὶ</span> <span class='ocrx_word' id='word_1_257' title='bbox 1464 593 1506 626; x_wconf 68' lang='grc' dir='ltr'><strong>,γ’.</strong></span> <span class='ocrx_word' id='word_1_258' title='bbox 1525 589 1596 616; x_wconf 77' lang='grc' dir='ltr'>Ἀλλ’</span> <span class='ocrx_word' id='word_1_259' title='bbox 1612 592 1626 618; x_wconf 88' lang='lat'><strong>6</strong></span> <span class='ocrx_word' id='word_1_260' title='bbox 1642 591 1754 628; x_wconf 76' lang='grc' dir='ltr'>Μιχαὴλ</span> <span class='ocrx_word' id='word_1_261' title='bbox 1777 593 1841 628; x_wconf 82' lang='grc' dir='ltr'>τρία</span> 
     </span>
    </p>
   </div>
   <div class='ocr_carea' id='block_1_41' title="bbox 1052 633 1840 675">
    <p class='ocr_par' dir='ltr' id='par_1_41' title="bbox 1052 633 1840 675">
     <span class='ocr_line' id='line_1_41' title="bbox 1052 633 1840 675; baseline 0.006 -15"><span class='ocrx_word' id='word_1_262' title='bbox 1052 633 1099 675; x_wconf 49' lang='grc' dir='ltr'><strong>καί</strong></span> <span class='ocrx_word' id='word_1_263' title='bbox 1118 634 1186 668; x_wconf 82' lang='grc' dir='ltr'>μόνα</span> <span class='ocrx_word' id='word_1_264' title='bbox 1208 635 1344 662; x_wconf 82' lang='grc' dir='ltr'>τελευτῶν</span> <span class='ocrx_word' id='word_1_265' title='bbox 1365 636 1466 671; x_wconf 78' lang='grc' dir='ltr'><strong>ἀφῆκε,</strong></span> <span class='ocrx_word' id='word_1_266' title='bbox 1485 637 1626 672; x_wconf 81' lang='grc' dir='ltr'>κρατήσας</span> <span class='ocrx_word' id='word_1_267' title='bbox 1647 638 1694 673; x_wconf 78' lang='grc' dir='ltr'><strong>ἐτη</strong></span> <span class='ocrx_word' id='word_1_268' title='bbox 1720 641 1754 665; x_wconf 84' lang='grc' dir='ltr'>ια’</span> <span class='ocrx_word' id='word_1_269' title='bbox 1770 642 1840 672; x_wconf 80' lang='grc' dir='ltr'>μετα</span> 
     </span>
    </p>
   </div>
   <div class='ocr_carea' id='block_1_42' title="bbox 1051 675 1841 715">
    <p class='ocr_par' dir='ltr' id='par_1_42' title="bbox 1051 675 1841 715">
     <span class='ocr_line' id='line_1_42' title="bbox 1051 675 1841 715; baseline 0.006 -11"><span class='ocrx_word' id='word_1_270' title='bbox 1051 677 1101 713; x_wconf 81' lang='grc' dir='ltr'><strong>τὴν</strong></span> <span class='ocrx_word' id='word_1_271' title='bbox 1116 677 1257 713; x_wconf 80' lang='grc' dir='ltr'>Θεοδώρας</span> <span class='ocrx_word' id='word_1_272' title='bbox 1275 679 1430 711; x_wconf 70' lang='grc' dir='ltr'>διάζευξιν·</span> <span class='ocrx_word' id='word_1_273' title='bbox 1449 675 1513 715; x_wconf 82' lang='grc' dir='ltr'>περὶ</span> <span class='ocrx_word' id='word_1_274' title='bbox 1537 681 1592 714; x_wconf 75' lang='grc' dir='ltr'>γὰρ</span> <span class='ocrx_word' id='word_1_275' title='bbox 1612 681 1697 715; x_wconf 79' lang='grc' dir='ltr'>μέθας</span> <span class='ocrx_word' id='word_1_276' title='bbox 1719 683 1768 709; x_wconf 78' lang='grc' dir='ltr'>καὶ</span> <span class='ocrx_word' id='word_1_277' title='bbox 1788 683 1841 709; x_wconf 80' lang='grc' dir='ltr'>ιπ-</span> 
     </span>
    </p>
   </div>
   <div class='ocr_carea' id='block_1_43' title="bbox 1051 724 1840 760">
    <p class='ocr_par' dir='ltr' id='par_1_43' title="bbox 1051 724 1840 760">
     <span class='ocr_line' id='line_1_43' title="bbox 1051 724 1840 760; baseline 0.005 -10"><span class='ocrx_word' id='word_1_278' title='bbox 1051 724 1203 758; x_wconf 85' lang='grc' dir='ltr'>ποδρομίας</span> <span class='ocrx_word' id='word_1_279' title='bbox 1232 725 1378 760; x_wconf 83' lang='grc' dir='ltr'>κατήγετο.</span> <span class='ocrx_word' id='word_1_280' title='bbox 1407 725 1542 753; x_wconf 78' lang='grc' dir='ltr'>Τοσοῦτον</span> <span class='ocrx_word' id='word_1_281' title='bbox 1575 726 1604 753; x_wconf 77' lang='grc' dir='ltr'>δὲ</span> <span class='ocrx_word' id='word_1_282' title='bbox 1630 727 1684 754; x_wconf 83' lang='grc' dir='ltr'>τῶν</span> <span class='ocrx_word' id='word_1_283' title='bbox 1709 727 1840 754; x_wconf 82' lang='grc' dir='ltr'>τοιούτων</span> 
     </span>
    </p>
   </div>
   <div class='ocr_carea' id='block_1_44' title="bbox 1052 766 1837 806">
    <p class='ocr_par' dir='ltr' id='par_1_44' title="bbox 1052 766 1837 806">
     <span class='ocr_line' id='line_1_44' title="bbox 1052 766 1837 806; baseline 0.008 -14"><span class='ocrx_word' id='word_1_284' title='bbox 1052 766 1173 802; x_wconf 70' lang='grc' dir='ltr'>ἔξείχετο</span> <span class='ocrx_word' id='word_1_285' title='bbox 1191 767 1312 802; x_wconf 83' lang='grc' dir='ltr'>θεάτρων</span> <span class='ocrx_word' id='word_1_286' title='bbox 1329 769 1366 800; x_wconf 80' lang='grc' dir='ltr'>ὡς</span> <span class='ocrx_word' id='word_1_287' title='bbox 1392 769 1476 801; x_wconf 74' lang='grc' dir='ltr'>αὐτὸς</span> <span class='ocrx_word' id='word_1_288' title='bbox 1499 770 1549 805; x_wconf 82' lang='grc' dir='ltr'><strong>μὲν</strong></span> <span class='ocrx_word' id='word_1_289' title='bbox 1569 773 1664 806; x_wconf 72' lang='grc' dir='ltr'>φορεῖν</span> <span class='ocrx_word' id='word_1_290' title='bbox 1679 771 1709 799; x_wconf 83' lang='grc' dir='ltr'><strong>τδ</strong></span> <span class='ocrx_word' id='word_1_291' title='bbox 1725 772 1837 800; x_wconf 75' lang='grc' dir='ltr'>Βὲνετον</span> 
     </span>
    </p>
   </div>
   <div class='ocr_carea' id='block_1_45' title="bbox 1053 813 1839 853">
    <p class='ocr_par' dir='ltr' id='par_1_45' title="bbox 1053 813 1839 853">
     <span class='ocr_line' id='line_1_45' title="bbox 1053 813 1839 853; baseline 0.009 -14"><span class='ocrx_word' id='word_1_292' title='bbox 1053 813 1099 839; x_wconf 77' lang='grc' dir='ltr'>καὶ</span> <span class='ocrx_word' id='word_1_293' title='bbox 1118 814 1293 848; x_wconf 79' lang='grc' dir='ltr'>ἱππηλατεῖν,</span> <span class='ocrx_word' id='word_1_294' title='bbox 1310 816 1324 841; x_wconf 89' lang='lat'><strong>6</strong></span> <span class='ocrx_word' id='word_1_295' title='bbox 1338 815 1367 841; x_wconf 70' lang='grc' dir='ltr'>δὲ</span> <span class='ocrx_word' id='word_1_296' title='bbox 1393 815 1538 852; x_wconf 85' lang='grc' dir='ltr'>λογοθέτης</span> <span class='ocrx_word' id='word_1_297' title='bbox 1564 817 1595 844; x_wconf 75' lang='grc' dir='ltr'>τὸ</span> <span class='ocrx_word' id='word_1_298' title='bbox 1619 818 1767 853; x_wconf 79' lang='grc' dir='ltr'>Πράσινον.</span> <span class='ocrx_word' id='word_1_299' title='bbox 1784 819 1839 846; x_wconf 74' lang='grc' dir='ltr'>Καί</span> 
     </span>
    </p>
   </div>
   <div class='ocr_carea' id='block_1_46' title="bbox 1053 859 1837 898">
    <p class='ocr_par' dir='ltr' id='par_1_46' title="bbox 1053 859 1837 898">
     <span class='ocr_line' id='line_1_46' title="bbox 1053 859 1837 898; baseline 0.006 -12"><span class='ocrx_word' id='word_1_300' title='bbox 1053 868 1118 886; x_wconf 80' lang='grc' dir='ltr'>ποτε</span> <span class='ocrx_word' id='word_1_301' title='bbox 1146 859 1213 894; x_wconf 79' lang='grc' dir='ltr'>γοῦν</span> <span class='ocrx_word' id='word_1_302' title='bbox 1239 861 1286 887; x_wconf 80' lang='grc' dir='ltr'><strong>τοῦ</strong></span> <span class='ocrx_word' id='word_1_303' title='bbox 1306 860 1421 888; x_wconf 77' lang='grc' dir='ltr'>ίππικᾶὗ</span> <span class='ocrx_word' id='word_1_304' title='bbox 1449 862 1595 894; x_wconf 74' lang='grc' dir='ltr'>ἐνστάντος</span> <span class='ocrx_word' id='word_1_305' title='bbox 1620 864 1727 898; x_wconf 82' lang='grc' dir='ltr'>ἀγῶνος</span> <span class='ocrx_word' id='word_1_306' title='bbox 1752 865 1766 891; x_wconf 83' lang='grc' dir='ltr'>ὁ</span> <span class='ocrx_word' id='word_1_307' title='bbox 1787 866 1837 891; x_wconf 76' lang='grc' dir='ltr'>τοῦ</span> 
     </span>
    </p>
   </div>
   <div class='ocr_carea' id='block_1_47' title="bbox 1052 902 1840 942">
    <p class='ocr_par' dir='ltr' id='par_1_47' title="bbox 1052 902 1840 942">
     <span class='ocr_line' id='line_1_47' title="bbox 1052 902 1840 942; baseline 0.008 -13"><span class='ocrx_word' id='word_1_308' title='bbox 1052 902 1154 938; x_wconf 83' lang='grc' dir='ltr'>δρόμου</span> <span class='ocrx_word' id='word_1_309' title='bbox 1172 904 1392 940; x_wconf 79' lang='grc' dir='ltr'>πρωτονοτάριος</span> <span class='ocrx_word' id='word_1_310' title='bbox 1413 905 1558 940; x_wconf 76' lang='grc' dir='ltr'>ἐφίσταται</span> <span class='ocrx_word' id='word_1_311' title='bbox 1579 907 1666 942; x_wconf 78' lang='grc' dir='ltr'>λέγων</span> <span class='ocrx_word' id='word_1_312' title='bbox 1683 908 1724 935; x_wconf 80' lang='grc' dir='ltr'>ὅτι</span> <span class='ocrx_word' id='word_1_313' title='bbox 1739 909 1768 935; x_wconf 79' lang='grc' dir='ltr'><strong>ὲν</strong></span> <span class='ocrx_word' id='word_1_314' title='bbox 1781 907 1840 940; x_wconf 81' lang='grc' dir='ltr'>τοῖς</span> 
     </span>
    </p>
   </div>
   <div class='ocr_carea' id='block_1_48' title="bbox 1052 947 1837 987">
    <p class='ocr_par' dir='ltr' id='par_1_48' title="bbox 1052 947 1837 987">
     <span class='ocr_line' id='line_1_48' title="bbox 1052 947 1837 987; baseline 0.01 -15"><span class='ocrx_word' id='word_1_315' title='bbox 1052 947 1249 981; x_wconf 84' lang='grc' dir='ltr'>Μελαγγείοις,</span> <span class='ocrx_word' id='word_1_316' title='bbox 1269 947 1349 974; x_wconf 74' lang='grc' dir='ltr'>ἅτινα</span> <span class='ocrx_word' id='word_1_317' title='bbox 1371 949 1519 984; x_wconf 79' lang='grc' dir='ltr'>Μελάγυνα</span> <span class='ocrx_word' id='word_1_318' title='bbox 1541 951 1684 984; x_wconf 80' lang='grc' dir='ltr'>ἰδιωτικῶς</span> <span class='ocrx_word' id='word_1_319' title='bbox 1702 952 1837 987; x_wconf 82' lang='grc' dir='ltr'>λέγονται,</span> 
     </span>
    </p>
   </div>
   <div class='ocr_carea' id='block_1_49' title="bbox 1050 992 1839 1034">
    <p class='ocr_par' dir='ltr' id='par_1_49' title="bbox 1050 992 1839 1034">
     <span class='ocr_line' id='line_1_49' title="bbox 1050 992 1839 1034; baseline 0.011 -17"><span class='ocrx_word' id='word_1_320' title='bbox 1050 992 1206 1028; x_wconf 78' lang='grc' dir='ltr'>Σαρακηνοὶ</span> <span class='ocrx_word' id='word_1_321' title='bbox 1216 994 1398 1029; x_wconf 78' lang='grc' dir='ltr'>προσέϐαλονο</span> <span class='ocrx_word' id='word_1_322' title='bbox 1411 995 1458 1022; x_wconf 79' lang='grc' dir='ltr'>καὶ</span> <span class='ocrx_word' id='word_1_323' title='bbox 1469 997 1483 1023; x_wconf 89' lang='lat'><strong>6</strong></span> <span class='ocrx_word' id='word_1_324' title='bbox 1496 996 1635 1031; x_wconf 81' lang='grc' dir='ltr'>βασιλεὺς,</span> <span class='ocrx_word' id='word_1_325' title='bbox 1647 1008 1655 1024; x_wconf 82' lang='grc' dir='ltr'><strong>ι</strong></span> <span class='ocrx_word' id='word_1_326' title='bbox 1667 998 1712 1026; x_wconf 82' lang='grc' dir='ltr'><strong>Ἐν</strong></span> <span class='ocrx_word' id='word_1_327' title='bbox 1724 999 1839 1034; x_wconf 78' lang='grc' dir='ltr'>τοιούτῳ</span> 
     </span>
    </p>
   </div>
   <div class='ocr_carea' id='block_1_50' title="bbox 1053 1038 1840 1080">
    <p class='ocr_par' dir='ltr' id='par_1_50' title="bbox 1053 1038 1840 1080">
     <span class='ocr_line' id='line_1_50' title="bbox 1053 1038 1840 1080; baseline 0.011 -17"><span class='ocrx_word' id='word_1_328' title='bbox 1053 1046 1110 1073; x_wconf 82' lang='grc' dir='ltr'>μοι,</span> <span class='ocrx_word' id='word_1_329' title='bbox 1129 1047 1137 1063; x_wconf 74' lang='grc' dir='ltr'><strong>ι</strong></span> <span class='ocrx_word' id='word_1_330' title='bbox 1153 1038 1215 1073; x_wconf 75' lang='grc' dir='ltr'><strong>ἔφη,</strong></span> <span class='ocrx_word' id='word_1_331' title='bbox 1240 1040 1353 1074; x_wconf 78' lang='grc' dir='ltr'>«ἀγῶνι,</span> <span class='ocrx_word' id='word_1_332' title='bbox 1372 1041 1420 1068; x_wconf 69' lang='grc' dir='ltr'>καὶ</span> <span class='ocrx_word' id='word_1_333' title='bbox 1435 1041 1482 1068; x_wconf 82' lang='grc' dir='ltr'>τὸν</span> <span class='ocrx_word' id='word_1_334' title='bbox 1505 1043 1588 1077; x_wconf 88' lang='grc' dir='ltr'>μέσον</span> <span class='ocrx_word' id='word_1_335' title='bbox 1603 1043 1743 1080; x_wconf 86' lang='grc' dir='ltr'>εὐώνυμον</span> <span class='ocrx_word' id='word_1_336' title='bbox 1756 1053 1840 1072; x_wconf 77' lang='grc' dir='ltr'>κατα-</span> 
     </span>
    </p>
   </div>
   <div class='ocr_carea' id='block_1_51' title="bbox 1054 1082 1839 1125">
    <p class='ocr_par' dir='ltr' id='par_1_51' title="bbox 1054 1082 1839 1125">
     <span class='ocr_line' id='line_1_51' title="bbox 1054 1082 1839 1125; baseline 0.011 -18"><span class='ocrx_word' id='word_1_337' title='bbox 1054 1082 1154 1117; x_wconf 87' lang='grc' dir='ltr'>στῆσαι</span> <span class='ocrx_word' id='word_1_338' title='bbox 1179 1082 1333 1117; x_wconf 80' lang='grc' dir='ltr'>σπεύδοντι,</span> <span class='ocrx_word' id='word_1_339' title='bbox 1349 1085 1442 1117; x_wconf 71' lang='grc' dir='ltr'>αὐτὸς,</span> <span class='ocrx_word' id='word_1_340' title='bbox 1457 1086 1566 1120; x_wconf 82' lang='grc' dir='ltr'><strong>μάταιε,</strong></span> <span class='ocrx_word' id='word_1_341' title='bbox 1584 1088 1649 1122; x_wconf 74' lang='grc' dir='ltr'>περὶ</span> <span class='ocrx_word' id='word_1_342' title='bbox 1670 1088 1839 1125; x_wconf 84' lang='grc' dir='ltr'>Σαρακηνῶν</span> 
     </span>
    </p>
   </div>
   <div class='ocr_carea' id='block_1_52' title="bbox 1053 1128 1840 1167">
    <p class='ocr_par' dir='ltr' id='par_1_52' title="bbox 1053 1128 1840 1167">
     <span class='ocr_line' id='line_1_52' title="bbox 1053 1128 1840 1167; baseline 0.01 -13"><span class='ocrx_word' id='word_1_343' title='bbox 1053 1128 1205 1164; x_wconf 72' lang='grc' dir='ltr'>ἐπιδρομῆς</span> <span class='ocrx_word' id='word_1_344' title='bbox 1233 1129 1364 1163; x_wconf 79' lang='grc' dir='ltr'><strong>ἀγγελίαν</strong></span> <span class='ocrx_word' id='word_1_345' title='bbox 1389 1131 1502 1164; x_wconf 73' lang='grc' dir='ltr'>ἐπάγεις</span> <span class='ocrx_word' id='word_1_346' title='bbox 1527 1141 1587 1166; x_wconf 82' lang='grc' dir='ltr'>μοις</span> <span class='ocrx_word' id='word_1_347' title='bbox 1608 1141 1618 1158; x_wconf 85' lang='grc'><strong>›</strong></span> <span class='ocrx_word' id='word_1_348' title='bbox 1637 1133 1776 1167; x_wconf 84' lang='grc' dir='ltr'>Τοιούτοις</span> <span class='ocrx_word' id='word_1_349' title='bbox 1791 1133 1840 1162; x_wconf 87' lang='grc' dir='ltr'>οὖν</span> 
     </span>
    </p>
   </div>
   <div class='ocr_carea' id='block_1_53' title="bbox 1052 1174 1841 1214">
    <p class='ocr_par' dir='ltr' id='par_1_53' title="bbox 1052 1174 1841 1214">
     <span class='ocr_line' id='line_1_53' title="bbox 1052 1174 1841 1214; baseline 0.008 -14"><span class='ocrx_word' id='word_1_350' title='bbox 1052 1175 1066 1200; x_wconf 92' lang='lat'><strong>6</strong></span> <span class='ocrx_word' id='word_1_351' title='bbox 1079 1174 1190 1209; x_wconf 79' lang='grc' dir='ltr'><strong>Μιχαὴλ</strong></span> <span class='ocrx_word' id='word_1_352' title='bbox 1205 1174 1433 1211; x_wconf 80' lang='grc' dir='ltr'>ὲνασχολούμενος</span> <span class='ocrx_word' id='word_1_353' title='bbox 1444 1177 1507 1209; x_wconf 83' lang='grc' dir='ltr'>τοὺς</span> <span class='ocrx_word' id='word_1_354' title='bbox 1521 1178 1678 1212; x_wconf 80' lang='grc' dir='ltr'>βασιλικοὺς</span> <span class='ocrx_word' id='word_1_355' title='bbox 1691 1179 1841 1214; x_wconf 74' lang='grc' dir='ltr'>ἐκένωσεν,</span> 
     </span>
    </p>
   </div>
   <div class='ocr_carea' id='block_1_54' title="bbox 1050 1217 1840 1261">
    <p class='ocr_par' dir='ltr' id='par_1_54' title="bbox 1050 1217 1840 1261">
     <span class='ocr_line' id='line_1_54' title="bbox 1050 1217 1840 1261; baseline 0.009 -15"><span class='ocrx_word' id='word_1_356' title='bbox 1050 1219 1088 1252; x_wconf 80' lang='grc' dir='ltr'><strong>ὡς</strong></span> <span class='ocrx_word' id='word_1_357' title='bbox 1102 1222 1221 1256; x_wconf 80' lang='grc' dir='ltr'>εἴρηται,</span> <span class='ocrx_word' id='word_1_358' title='bbox 1241 1221 1397 1258; x_wconf 87' lang='grc' dir='ltr'>θησαυρούς</span> <span class='ocrx_word' id='word_1_359' title='bbox 1409 1231 1416 1238; x_wconf 89' lang='grc'><strong>·</strong></span> <span class='ocrx_word' id='word_1_360' title='bbox 1434 1223 1481 1250; x_wconf 77' lang='grc' dir='ltr'>καὶ</span> <span class='ocrx_word' id='word_1_361' title='bbox 1494 1224 1595 1256; x_wconf 80' lang='grc' dir='ltr'>αὐτοὺς</span> <span class='ocrx_word' id='word_1_362' title='bbox 1611 1225 1666 1260; x_wconf 79' lang='grc' dir='ltr'><strong>γὰρ</strong></span> <span class='ocrx_word' id='word_1_363' title='bbox 1684 1226 1747 1257; x_wconf 83' lang='grc' dir='ltr'>τοὺς</span> <span class='ocrx_word' id='word_1_364' title='bbox 1763 1217 1840 1261; x_wconf 68' lang='grc' dir='ltr'>ἡνιό-</span> 
     </span>
    </p>
   </div>
   <div class='ocr_carea' id='block_1_55' title="bbox 1052 1268 1842 1306">
    <p class='ocr_par' dir='ltr' id='par_1_55' title="bbox 1052 1268 1842 1306">
     <span class='ocr_line' id='line_1_55' title="bbox 1052 1268 1842 1306; baseline 0.004 -11"><span class='ocrx_word' id='word_1_365' title='bbox 1052 1277 1107 1303; x_wconf 88' lang='grc' dir='ltr'><strong>χων</strong></span> <span class='ocrx_word' id='word_1_366' title='bbox 1134 1268 1234 1299; x_wconf 76' lang='grc' dir='ltr'>παῖδας</span> <span class='ocrx_word' id='word_1_367' title='bbox 1259 1269 1292 1294; x_wconf 83' lang='grc' dir='ltr'>ὲκ</span> <span class='ocrx_word' id='word_1_368' title='bbox 1316 1269 1367 1304; x_wconf 85' lang='grc' dir='ltr'><strong>τῆς</strong></span> <span class='ocrx_word' id='word_1_369' title='bbox 1394 1269 1471 1304; x_wconf 78' lang='grc' dir='ltr'>ἱερᾶς</span> <span class='ocrx_word' id='word_1_370' title='bbox 1499 1270 1696 1305; x_wconf 77' lang='grc' dir='ltr'>κολυμόήθρας</span> <span class='ocrx_word' id='word_1_371' title='bbox 1719 1271 1842 1306; x_wconf 82' lang='grc' dir='ltr'>ἀναλαμ-</span> 
     </span>
    </p>
   </div>
   <div class='ocr_carea' id='block_1_56' title="bbox 1051 1314 1839 1353">
    <p class='ocr_par' dir='ltr' id='par_1_56' title="bbox 1051 1314 1839 1353">
     <span class='ocr_line' id='line_1_56' title="bbox 1051 1314 1839 1353; baseline 0.006 -13"><span class='ocrx_word' id='word_1_372' title='bbox 1051 1314 1198 1349; x_wconf 75' lang='grc' dir='ltr'>ϐανόμενος</span> <span class='ocrx_word' id='word_1_373' title='bbox 1223 1315 1308 1342; x_wconf 77' lang='grc' dir='ltr'>ἐδίδου</span> <span class='ocrx_word' id='word_1_374' title='bbox 1333 1315 1442 1350; x_wconf 80' lang='grc' dir='ltr'>ἑκάστῳ</span> <span class='ocrx_word' id='word_1_375' title='bbox 1464 1317 1555 1344; x_wconf 79' lang='grc' dir='ltr'>αὐτῶν</span> <span class='ocrx_word' id='word_1_376' title='bbox 1575 1318 1627 1344; x_wconf 79' lang='grc' dir='ltr'><strong>ἀνὰ</strong></span> <span class='ocrx_word' id='word_1_377' title='bbox 1653 1318 1766 1353; x_wconf 78' lang='grc' dir='ltr'>χρυσίου</span> <span class='ocrx_word' id='word_1_378' title='bbox 1795 1318 1839 1345; x_wconf 80' lang='grc' dir='ltr'>λί-</span> 
     </span>
    </p>
   </div>
   <div class='ocr_carea' id='block_1_57' title="bbox 1052 1362 1172 1396">
    <p class='ocr_par' dir='ltr' id='par_1_57' title="bbox 1052 1362 1172 1396">
     <span class='ocr_line' id='line_1_57' title="bbox 1052 1362 1172 1396; baseline 0.017 -10"><span class='ocrx_word' id='word_1_379' title='bbox 1052 1369 1120 1396; x_wconf 84' lang='grc' dir='ltr'>τρας</span> <span class='ocrx_word' id='word_1_380' title='bbox 1139 1362 1172 1395; x_wconf 89' lang='grc' dir='ltr'><strong>ρ’.</strong></span> 
     </span>
    </p>
   </div>
   <div class='ocr_carea' id='block_1_58' title="bbox 213 1407 1842 1446">
    <p class='ocr_par' dir='ltr' id='par_1_58' title="bbox 213 1407 1842 1446">
     <span class='ocr_line' id='line_1_58' title="bbox 213 1407 1842 1446; baseline 0.001 -7"><span class='ocrx_word' id='word_1_381' title='bbox 213 1414 323 1446; x_wconf 66' lang='lat' dir='ltr'><strong>quoties</strong></span> <span class='ocrx_word' id='word_1_382' title='bbox 351 1411 475 1446; x_wconf 88' lang='lat' dir='ltr'><strong>ipsorum</strong></span> <span class='ocrx_word' id='word_1_383' title='bbox 495 1409 578 1437; x_wconf 85' lang='lat' dir='ltr'><strong>etiam</strong></span> <span class='ocrx_word' id='word_1_384' title='bbox 598 1410 756 1445; x_wconf 81' lang='lat' dir='ltr'><strong>aurigarum</strong></span> <span class='ocrx_word' id='word_1_385' title='bbox 779 1408 849 1436; x_wconf 85' lang='lat' dir='ltr'><strong>ﬁlios</strong></span> <span class='ocrx_word' id='word_1_386' title='bbox 866 1417 899 1436; x_wconf 80' lang='lat' dir='ltr'><strong>ex</strong></span> <span class='ocrx_word' id='word_1_387' title='bbox 919 1415 999 1436; x_wconf 86' lang='lat' dir='ltr'><strong>sacro</strong></span> <span class='ocrx_word' id='word_1_388' title='bbox 1018 1408 1094 1436; x_wconf 89' lang='lat' dir='ltr'><strong>fonte</strong></span> <span class='ocrx_word' id='word_1_389' title='bbox 1129 1407 1318 1443; x_wconf 84' lang='lat' dir='ltr'><strong>suscipiebat,</strong></span> <span class='ocrx_word' id='word_1_390' title='bbox 1336 1408 1453 1444; x_wconf 79' lang='lat' dir='ltr'><strong>singulis</strong></span> <span class='ocrx_word' id='word_1_391' title='bbox 1484 1410 1544 1438; x_wconf 91' lang='lat' dir='ltr'><strong>auri</strong></span> <span class='ocrx_word' id='word_1_392' title='bbox 1563 1410 1646 1439; x_wconf 86' lang='lat' dir='ltr'><strong>libras</strong></span> <span class='ocrx_word' id='word_1_393' title='bbox 1665 1417 1775 1440; x_wconf 83' lang='lat' dir='ltr'><strong>centum</strong></span> <span class='ocrx_word' id='word_1_394' title='bbox 1790 1412 1842 1441; x_wconf 87' lang='lat' dir='ltr'><strong>do-</strong></span> 
     </span>
    </p>
   </div>
   <div class='ocr_carea' id='block_1_59' title="bbox 215 1459 310 1487">
    <p class='ocr_par' dir='ltr' id='par_1_59' title="bbox 215 1459 310 1487">
     <span class='ocr_line' id='line_1_59' title="bbox 215 1459 310 1487; baseline -0.011 -1"><span class='ocrx_word' id='word_1_395' title='bbox 215 1459 310 1487; x_wconf 87' lang='lat' dir='ltr'><strong>nabat.</strong></span> 
     </span>
    </p>
   </div>
   <div class='ocr_carea' id='block_1_60' title="bbox 248 1482 999 1542">
    <p class='ocr_par' dir='ltr' id='par_1_60' title="bbox 248 1502 999 1538">
     <span class='ocr_line' id='line_1_60' title="bbox 248 1502 999 1538; baseline -0.005 -5"><span class='ocrx_word' id='word_1_396' title='bbox 248 1506 327 1533; x_wconf 83' lang='lat' dir='ltr'><strong>Licet</strong></span> <span class='ocrx_word' id='word_1_397' title='bbox 349 1506 414 1532; x_wconf 89' lang='lat' dir='ltr'><strong>hinc</strong></span> <span class='ocrx_word' id='word_1_398' title='bbox 433 1503 532 1538; x_wconf 84' lang='lat' dir='ltr'><strong>etiam,</strong></span> <span class='ocrx_word' id='word_1_399' title='bbox 550 1507 580 1531; x_wconf 89' lang='lat' dir='ltr'><strong>ut</strong></span> <span class='ocrx_word' id='word_1_400' title='bbox 597 1503 757 1530; x_wconf 83' lang='lat' dir='ltr'><strong>omittamus</strong></span> <span class='ocrx_word' id='word_1_401' title='bbox 779 1502 832 1530; x_wconf 88' lang='lat' dir='ltr'><strong>alia</strong></span> <span class='ocrx_word' id='word_1_402' title='bbox 844 1523 850 1535; x_wconf 92' lang='lat'><strong>,</strong></span> <span class='ocrx_word' id='word_1_403' title='bbox 875 1502 999 1530; x_wconf 82' lang='lat' dir='ltr'><strong>Michacli</strong></span> 
     </span>
    </p>
   </div>
   <div class='ocr_carea' id='block_1_61' title="bbox 1053 1482 1846 1542">
    <p class='ocr_par' dir='ltr' id='par_1_61' title="bbox 1089 1482 1846 1542">
     <span class='ocr_line' id='line_1_61' title="bbox 1089 1482 1846 1542; baseline 0.008 -15"><span class='ocrx_word' id='word_1_404' title='bbox 1089 1501 1161 1536; x_wconf 80' lang='grc' dir='ltr'>Πρὸς</span> <span class='ocrx_word' id='word_1_405' title='bbox 1189 1501 1246 1532; x_wconf 78' lang='grc' dir='ltr'>τοῖς</span> <span class='ocrx_word' id='word_1_406' title='bbox 1272 1501 1364 1533; x_wconf 76' lang='grc' dir='ltr'>ἄλλοις</span> <span class='ocrx_word' id='word_1_407' title='bbox 1391 1503 1439 1530; x_wconf 80' lang='grc' dir='ltr'>καὶ</span> <span class='ocrx_word' id='word_1_408' title='bbox 1467 1503 1547 1530; x_wconf 85' lang='grc' dir='ltr'>τοῦτο</span> <span class='ocrx_word' id='word_1_409' title='bbox 1573 1503 1623 1539; x_wconf 81' lang='grc' dir='ltr'><strong>τὴν</strong></span> <span class='ocrx_word' id='word_1_410' title='bbox 1653 1482 1701 1531; x_wconf 77' lang='grc' dir='ltr'>τοῦ</span> <span class='ocrx_word' id='word_1_411' title='bbox 1730 1493 1846 1542; x_wconf 47' lang='grc' dir='ltr'>Μιχαὴλ</span> 
     </span>
    </p>
   </div>
   <div class='ocr_carea' id='block_1_62' title="bbox 212 1543 999 1585">
    <p class='ocr_par' dir='ltr' id='par_1_62' title="bbox 212 1543 999 1585">
     <span class='ocr_line' id='line_1_62' title="bbox 212 1543 999 1585; baseline -0.004 -6"><span class='ocrx_word' id='word_1_412' title='bbox 212 1551 369 1580; x_wconf 85' lang='lat' dir='ltr'><strong>vecordiam</strong></span> <span class='ocrx_word' id='word_1_413' title='bbox 385 1558 544 1585; x_wconf 69' lang='lat' dir='ltr'><strong>agnoscere.</strong></span> <span class='ocrx_word' id='word_1_414' title='bbox 561 1550 583 1577; x_wconf 81' lang='grc' dir='ltr'><strong>Α</strong></span> <span class='ocrx_word' id='word_1_415' title='bbox 601 1543 687 1577; x_wconf 82' lang='lat' dir='ltr'><strong>Tarso</strong></span> <span class='ocrx_word' id='word_1_416' title='bbox 712 1548 746 1576; x_wconf 89' lang='lat' dir='ltr'><strong>ad</strong></span> <span class='ocrx_word' id='word_1_417' title='bbox 764 1549 894 1584; x_wconf 86' lang='lat' dir='ltr'><strong>palatium</strong></span> <span class='ocrx_word' id='word_1_418' title='bbox 913 1556 999 1583; x_wconf 73' lang='lat' dir='ltr'><strong>usque</strong></span> 
     </span>
    </p>
   </div>
   <div class='ocr_carea' id='block_1_63' title="bbox 212 1594 1001 1632">
    <p class='ocr_par' dir='ltr' id='par_1_63' title="bbox 212 1594 1001 1632">
     <span class='ocr_line' id='line_1_63' title="bbox 212 1594 1001 1632; baseline -0.009 -5"><span class='ocrx_word' id='word_1_419' title='bbox 212 1600 298 1627; x_wconf 85' lang='lat' dir='ltr'><strong>certis</strong></span> <span class='ocrx_word' id='word_1_420' title='bbox 318 1599 345 1625; x_wconf 92' lang='lat' dir='ltr'><strong>in</strong></span> <span class='ocrx_word' id='word_1_421' title='bbox 363 1598 431 1626; x_wconf 75' lang='lat' dir='ltr'><strong>locis</strong></span> <span class='ocrx_word' id='word_1_422' title='bbox 451 1597 529 1632; x_wconf 82' lang='lat' dir='ltr'><strong>ignes</strong></span> <span class='ocrx_word' id='word_1_423' title='bbox 549 1595 679 1623; x_wconf 88' lang='lat' dir='ltr'><strong>succendi</strong></span> <span class='ocrx_word' id='word_1_424' title='bbox 700 1599 920 1625; x_wconf 83' lang='lat' dir='ltr'><strong>consueverant.</strong></span> <span class='ocrx_word' id='word_1_425' title='bbox 939 1594 1001 1629; x_wconf 86' lang='lat' dir='ltr'><strong>qui-</strong></span> 
     </span>
    </p>
   </div>
   <div class='ocr_carea' id='block_1_64' title="bbox 213 1639 999 1676">
    <p class='ocr_par' dir='ltr' id='par_1_64' title="bbox 213 1639 999 1676">
     <span class='ocr_line' id='line_1_64' title="bbox 213 1639 999 1676; baseline -0.009 -4"><span class='ocrx_word' id='word_1_426' title='bbox 213 1647 264 1672; x_wconf 86' lang='lat' dir='ltr'><strong>bus</strong></span> <span class='ocrx_word' id='word_1_427' title='bbox 280 1645 341 1671; x_wconf 84' lang='lat' dir='ltr'><strong>aliis</strong></span> <span class='ocrx_word' id='word_1_428' title='bbox 355 1644 423 1671; x_wconf 88' lang='lat' dir='ltr'><strong>alios</strong></span> <span class='ocrx_word' id='word_1_429' title='bbox 438 1641 640 1676; x_wconf 84' lang='lat' dir='ltr'><strong>excipientibus</strong></span> <span class='ocrx_word' id='word_1_430' title='bbox 654 1639 852 1667; x_wconf 86' lang='lat' dir='ltr'><strong>Saracenorum</strong></span> <span class='ocrx_word' id='word_1_431' title='bbox 868 1639 999 1666; x_wconf 85' lang='lat' dir='ltr'><strong>incursus</strong></span> 
     </span>
    </p>
   </div>
   <div class='ocr_carea' id='block_1_65' title="bbox 212 1684 1000 1720">
    <p class='ocr_par' dir='ltr' id='par_1_65' title="bbox 212 1684 1000 1720">
     <span class='ocr_line' id='line_1_65' title="bbox 212 1684 1000 1720; baseline -0.006 -4"><span class='ocrx_word' id='word_1_432' title='bbox 212 1688 461 1716; x_wconf 77' lang='lat' dir='ltr'><strong>denuntiabantur.</strong></span> <span class='ocrx_word' id='word_1_433' title='bbox 475 1687 543 1714; x_wconf 89' lang='lat' dir='ltr'><strong>Cum</strong></span> <span class='ocrx_word' id='word_1_434' title='bbox 559 1686 641 1720; x_wconf 71' lang='lat' dir='ltr'><strong>igitur</strong></span> <span class='ocrx_word' id='word_1_435' title='bbox 655 1684 804 1720; x_wconf 87' lang='lat' dir='ltr'><strong>aliquando</strong></span> <span class='ocrx_word' id='word_1_436' title='bbox 819 1692 918 1712; x_wconf 88' lang='lat' dir='ltr'><strong>currus</strong></span> <span class='ocrx_word' id='word_1_437' title='bbox 934 1692 1000 1719; x_wconf 83' lang='lat' dir='ltr'><strong>age-</strong></span> 
     </span>
    </p>
   </div>
   <div class='ocr_carea' id='block_1_66' title="bbox 213 1730 999 1767">
    <p class='ocr_par' dir='ltr' id='par_1_66' title="bbox 213 1730 999 1767">
     <span class='ocr_line' id='line_1_66' title="bbox 213 1730 999 1767; baseline -0.008 -5"><span class='ocrx_word' id='word_1_438' title='bbox 213 1740 310 1762; x_wconf 83' lang='lat' dir='ltr'><strong>rentur</strong></span> <span class='ocrx_word' id='word_1_439' title='bbox 329 1734 363 1761; x_wconf 87' lang='lat' dir='ltr'><strong>ad</strong></span> <span class='ocrx_word' id='word_1_440' title='bbox 383 1733 477 1761; x_wconf 80' lang='lat' dir='ltr'><strong>eximii</strong></span> <span class='ocrx_word' id='word_1_441' title='bbox 496 1733 625 1767; x_wconf 76' lang='lat' dir='ltr'><strong>martyris</strong></span> <span class='ocrx_word' id='word_1_442' title='bbox 646 1731 790 1758; x_wconf 74' lang='lat' dir='ltr'><strong>Mamantis</strong></span> <span class='ocrx_word' id='word_1_443' title='bbox 808 1730 915 1762; x_wconf 74' lang='lat' dir='ltr'><strong>azdetu,</strong></span> <span class='ocrx_word' id='word_1_444' title='bbox 938 1738 999 1764; x_wconf 67' lang='lat' dir='ltr'><strong>qua:</strong></span> 
     </span>
    </p>
   </div>
   <div class='ocr_carea' id='block_1_67' title="bbox 212 1775 1000 1813">
    <p class='ocr_par' dir='ltr' id='par_1_67' title="bbox 212 1775 1000 1813">
     <span class='ocr_line' id='line_1_67' title="bbox 212 1775 1000 1813; baseline -0.01 -4"><span class='ocrx_word' id='word_1_445' title='bbox 212 1783 240 1809; x_wconf 92' lang='lat' dir='ltr'><strong>in</strong></span> <span class='ocrx_word' id='word_1_446' title='bbox 269 1781 354 1809; x_wconf 89' lang='lat' dir='ltr'><strong>Steno</strong></span> <span class='ocrx_word' id='word_1_447' title='bbox 380 1785 440 1812; x_wconf 87' lang='lat' dir='ltr'><strong>est,</strong></span> <span class='ocrx_word' id='word_1_448' title='bbox 472 1778 623 1813; x_wconf 85' lang='lat' dir='ltr'><strong>habituque</strong></span> <span class='ocrx_word' id='word_1_449' title='bbox 639 1777 743 1804; x_wconf 81' lang='lat' dir='ltr'><strong>Veneto</strong></span> <span class='ocrx_word' id='word_1_450' title='bbox 768 1776 918 1811; x_wconf 88' lang='lat' dir='ltr'><strong>imperator</strong></span> <span class='ocrx_word' id='word_1_451' title='bbox 942 1775 1000 1810; x_wconf 86' lang='lat' dir='ltr'><strong>ipse</strong></span> 
     </span>
    </p>
   </div>
   <div class='ocr_carea' id='block_1_68' title="bbox 211 1820 999 1859">
    <p class='ocr_par' dir='ltr' id='par_1_68' title="bbox 211 1820 999 1859">
     <span class='ocr_line' id='line_1_68' title="bbox 211 1820 999 1859; baseline -0.01 -5"><span class='ocrx_word' id='word_1_452' title='bbox 211 1833 326 1854; x_wconf 87' lang='lat' dir='ltr'><strong>ornatus</strong></span> <span class='ocrx_word' id='word_1_453' title='bbox 345 1830 439 1856; x_wconf 85' lang='lat' dir='ltr'><strong>esset.</strong></span> <span class='ocrx_word' id='word_1_454' title='bbox 462 1825 570 1859; x_wconf 76' lang='lat' dir='ltr'><strong>signum</strong></span> <span class='ocrx_word' id='word_1_455' title='bbox 595 1822 732 1849; x_wconf 84' lang='lat' dir='ltr'><strong>adventus</strong></span> <span class='ocrx_word' id='word_1_456' title='bbox 761 1820 868 1848; x_wconf 78' lang='lat' dir='ltr'><strong>hostilis</strong></span> <span class='ocrx_word' id='word_1_457' title='bbox 893 1820 999 1847; x_wconf 89' lang='lat' dir='ltr'><strong>editum</strong></span> 
     </span>
    </p>
   </div>
   <div class='ocr_carea' id='block_1_69' title="bbox 212 1866 998 1908">
    <p class='ocr_par' dir='ltr' id='par_1_69' title="bbox 212 1866 998 1908">
     <span class='ocr_line' id='line_1_69' title="bbox 212 1866 998 1908; baseline -0.011 -7"><span class='ocrx_word' id='word_1_458' title='bbox 212 1877 255 1901; x_wconf 79' lang='lat' dir='ltr'><strong>est</strong></span> <span class='ocrx_word' id='word_1_459' title='bbox 273 1880 322 1908; x_wconf 89' lang='lat' dir='ltr'><strong>per</strong></span> <span class='ocrx_word' id='word_1_460' title='bbox 338 1872 428 1906; x_wconf 74' lang='lat' dir='ltr'><strong>ignem</strong></span> <span class='ocrx_word' id='word_1_461' title='bbox 444 1870 478 1897; x_wconf 89' lang='lat' dir='ltr'><strong>de</strong></span> <span class='ocrx_word' id='word_1_462' title='bbox 495 1870 594 1897; x_wconf 82' lang='lat' dir='ltr'><strong>Pharo.</strong></span> <span class='ocrx_word' id='word_1_463' title='bbox 612 1870 675 1901; x_wconf 68' lang='lat' dir='ltr'><strong>Qua:</strong></span> <span class='ocrx_word' id='word_1_464' title='bbox 696 1874 739 1894; x_wconf 79' lang='lat' dir='ltr'><strong>res</strong></span> <span class='ocrx_word' id='word_1_465' title='bbox 753 1866 921 1901; x_wconf 77' lang='lat' dir='ltr'><strong>per-molesta</strong></span> <span class='ocrx_word' id='word_1_466' title='bbox 936 1873 998 1893; x_wconf 90' lang='lat' dir='ltr'><strong>cum</strong></span> 
     </span>
    </p>
   </div>
   <div class='ocr_carea' id='block_1_70' title="bbox 214 1911 999 1953">
    <p class='ocr_par' dir='ltr' id='par_1_70' title="bbox 214 1911 999 1953">
     <span class='ocr_line' id='line_1_70' title="bbox 214 1911 999 1953; baseline -0.01 -8"><span class='ocrx_word' id='word_1_467' title='bbox 214 1917 374 1953; x_wconf 86' lang='lat' dir='ltr'><strong>imperatori</strong></span> <span class='ocrx_word' id='word_1_468' title='bbox 393 1915 549 1946; x_wconf 86' lang='lat' dir='ltr'><strong>accideret,</strong></span> <span class='ocrx_word' id='word_1_469' title='bbox 570 1913 646 1948; x_wconf 74' lang='lat' dir='ltr'><strong>ignes</strong></span> <span class='ocrx_word' id='word_1_470' title='bbox 665 1913 727 1940; x_wconf 82' lang='lat' dir='ltr'><strong>illos</strong></span> <span class='ocrx_word' id='word_1_471' title='bbox 752 1911 906 1939; x_wconf 88' lang='lat' dir='ltr'><strong>admirabili</strong></span> <span class='ocrx_word' id='word_1_472' title='bbox 931 1919 999 1938; x_wconf 89' lang='lat' dir='ltr'><strong>eon-</strong></span> 
     </span>
    </p>
   </div>
   <div class='ocr_carea' id='block_1_71' title="bbox 215 1958 996 1998">
    <p class='ocr_par' dir='ltr' id='par_1_71' title="bbox 215 1958 996 1998">
     <span class='ocr_line' id='line_1_71' title="bbox 215 1958 996 1998; baseline -0.012 -7"><span class='ocrx_word' id='word_1_473' title='bbox 215 1964 279 1991; x_wconf 85' lang='lat' dir='ltr'><strong>silio</strong></span> <span class='ocrx_word' id='word_1_474' title='bbox 304 1961 474 1998; x_wconf 75' lang='lat' dir='ltr'><strong>excogitatos</strong></span> <span class='ocrx_word' id='word_1_475' title='bbox 501 1960 630 1992; x_wconf 82' lang='lat' dir='ltr'><strong>sustulit,</strong></span> <span class='ocrx_word' id='word_1_476' title='bbox 656 1967 690 1986; x_wconf 91' lang='lat' dir='ltr'><strong>ne</strong></span> <span class='ocrx_word' id='word_1_477' title='bbox 717 1958 848 1992; x_wconf 85' lang='lat' dir='ltr'><strong>deinceps</strong></span> <span class='ocrx_word' id='word_1_478' title='bbox 875 1964 996 1992; x_wconf 82' lang='lat' dir='ltr'><strong>unquam</strong></span> 
     </span>
    </p>
   </div>
   <div class='ocr_carea' id='block_1_72' title="bbox 215 2003 1001 2045">
    <p class='ocr_par' dir='ltr' id='par_1_72' title="bbox 215 2003 1001 2045">
     <span class='ocr_line' id='line_1_72' title="bbox 215 2003 1001 2045; baseline -0.009 -8"><span class='ocrx_word' id='word_1_479' title='bbox 215 2018 263 2045; x_wconf 85' lang='lat' dir='ltr'><strong>per</strong></span> <span class='ocrx_word' id='word_1_480' title='bbox 292 2007 429 2044; x_wconf 78' lang='lat' dir='ltr'><strong>ejusmodi</strong></span> <span class='ocrx_word' id='word_1_481' title='bbox 460 2007 573 2034; x_wconf 80' lang='lat' dir='ltr'><strong>nuntios</strong></span> <span class='ocrx_word' id='word_1_482' title='bbox 602 2005 701 2032; x_wconf 89' lang='lat' dir='ltr'><strong>animis</strong></span> <span class='ocrx_word' id='word_1_483' title='bbox 734 2010 839 2034; x_wconf 86' lang='lat' dir='ltr'><strong>terrore</strong></span> <span class='ocrx_word' id='word_1_484' title='bbox 866 2003 1001 2038; x_wconf 83' lang='lat' dir='ltr'><strong>perculsis</strong></span> 
     </span>
    </p>
   </div>
   <div class='ocr_carea' id='block_1_73' title="bbox 214 2053 729 2090">
    <p class='ocr_par' dir='ltr' id='par_1_73' title="bbox 214 2053 729 2090">
     <span class='ocr_line' id='line_1_73' title="bbox 214 2053 729 2090; baseline -0.01 -7"><span class='ocrx_word' id='word_1_485' title='bbox 214 2057 352 2084; x_wconf 84' lang='lat' dir='ltr'><strong>theatrum</strong></span> <span class='ocrx_word' id='word_1_486' title='bbox 373 2058 543 2090; x_wconf 85' lang='lat' dir='ltr'><strong>spectatores</strong></span> <span class='ocrx_word' id='word_1_487' title='bbox 559 2053 729 2080; x_wconf 84' lang='lat' dir='ltr'><strong>desererent.</strong></span> 
     </span>
    </p>
   </div>
   <div class='ocr_carea' id='block_1_74' title="bbox 250 2095 999 2132">
    <p class='ocr_par' dir='ltr' id='par_1_74' title="bbox 250 2095 999 2132">
     <span class='ocr_line' id='line_1_74' title="bbox 250 2095 999 2132; baseline -0.008 -4"><span class='ocrx_word' id='word_1_488' title='bbox 250 2103 322 2129; x_wconf 86' lang='lat' dir='ltr'><strong>idem</strong></span> <span class='ocrx_word' id='word_1_489' title='bbox 342 2101 493 2129; x_wconf 82' lang='lat' dir='ltr'><strong>Michaelus</strong></span> <span class='ocrx_word' id='word_1_490' title='bbox 517 2107 580 2126; x_wconf 87' lang='lat' dir='ltr'><strong>cum</strong></span> <span class='ocrx_word' id='word_1_491' title='bbox 604 2098 675 2125; x_wconf 90' lang='lat' dir='ltr'><strong>forte</strong></span> <span class='ocrx_word' id='word_1_492' title='bbox 701 2096 826 2132; x_wconf 89' lang='lat' dir='ltr'><strong>pecuniis</strong></span> <span class='ocrx_word' id='word_1_493' title='bbox 845 2095 999 2131; x_wconf 81' lang='lat' dir='ltr'><strong>indigeret,</strong></span> 
     </span>
    </p>
   </div>
   <div class='ocr_carea' id='block_1_75' title="bbox 213 2142 998 2183">
    <p class='ocr_par' dir='ltr' id='par_1_75' title="bbox 213 2142 998 2183">
     <span class='ocr_line' id='line_1_75' title="bbox 213 2142 998 2183; baseline -0.01 -8"><span class='ocrx_word' id='word_1_494' title='bbox 213 2149 297 2176; x_wconf 74' lang='lat' dir='ltr'><strong>etiam</strong></span> <span class='ocrx_word' id='word_1_495' title='bbox 315 2148 441 2183; x_wconf 84' lang='lat' dir='ltr'><strong>platanos</strong></span> <span class='ocrx_word' id='word_1_496' title='bbox 458 2147 518 2174; x_wconf 89' lang='lat' dir='ltr'><strong>illas</strong></span> <span class='ocrx_word' id='word_1_497' title='bbox 533 2152 649 2176; x_wconf 83' lang='lat' dir='ltr'><strong>aureas,</strong></span> <span class='ocrx_word' id='word_1_498' title='bbox 666 2144 751 2171; x_wconf 84' lang='lat' dir='ltr'><strong>factas</strong></span> <span class='ocrx_word' id='word_1_499' title='bbox 766 2151 780 2170; x_wconf 87' lang='lat' dir='ltr'><strong>a</strong></span> <span class='ocrx_word' id='word_1_500' title='bbox 800 2143 891 2170; x_wconf 83' lang='lat' dir='ltr'><strong>Leone</strong></span> <span class='ocrx_word' id='word_1_501' title='bbox 908 2142 998 2177; x_wconf 89' lang='lat' dir='ltr'><strong>philo-</strong></span> 
     </span>
    </p>
   </div>
   <div class='ocr_carea' id='block_1_76' title="bbox 212 2186 999 2229">
    <p class='ocr_par' dir='ltr' id='par_1_76' title="bbox 212 2186 999 2229">
     <span class='ocr_line' id='line_1_76' title="bbox 212 2186 999 2229; baseline -0.011 -8"><span class='ocrx_word' id='word_1_502' title='bbox 212 2195 313 2229; x_wconf 77' lang='lat' dir='ltr'><strong>sopho,</strong></span> <span class='ocrx_word' id='word_1_503' title='bbox 331 2193 365 2220; x_wconf 84' lang='lat' dir='ltr'><strong>de</strong></span> <span class='ocrx_word' id='word_1_504' title='bbox 379 2199 434 2228; x_wconf 89' lang='lat' dir='ltr'><strong>quo</strong></span> <span class='ocrx_word' id='word_1_505' title='bbox 447 2198 530 2226; x_wconf 86' lang='lat' dir='ltr'><strong>supra</strong></span> <span class='ocrx_word' id='word_1_506' title='bbox 546 2189 630 2217; x_wconf 89' lang='lat' dir='ltr'><strong>locuti</strong></span> <span class='ocrx_word' id='word_1_507' title='bbox 644 2196 740 2216; x_wconf 86' lang='lat' dir='ltr'><strong>sumus</strong></span> <span class='ocrx_word' id='word_1_508' title='bbox 753 2208 759 2220; x_wconf 90' lang='lat'><strong>,</strong></span> <span class='ocrx_word' id='word_1_509' title='bbox 775 2187 802 2214; x_wconf 91' lang='lat' dir='ltr'><strong>in</strong></span> <span class='ocrx_word' id='word_1_510' title='bbox 819 2187 922 2222; x_wconf 90' lang='lat' dir='ltr'><strong>quibus</strong></span> <span class='ocrx_word' id='word_1_511' title='bbox 938 2186 999 2213; x_wconf 89' lang='lat' dir='ltr'><strong>avi-</strong></span> 
     </span>
    </p>
   </div>
   <div class='ocr_carea' id='block_1_77' title="bbox 215 2233 1001 2273">
    <p class='ocr_par' dir='ltr' id='par_1_77' title="bbox 215 2233 1001 2273">
     <span class='ocr_line' id='line_1_77' title="bbox 215 2233 1001 2273; baseline -0.011 -5"><span class='ocrx_word' id='word_1_512' title='bbox 215 2242 283 2268; x_wconf 78' lang='lat' dir='ltr'><strong>cula:</strong></span> <span class='ocrx_word' id='word_1_513' title='bbox 301 2241 429 2267; x_wconf 86' lang='lat' dir='ltr'><strong>sedentes</strong></span> <span class='ocrx_word' id='word_1_514' title='bbox 447 2246 496 2273; x_wconf 92' lang='lat' dir='ltr'><strong>per</strong></span> <span class='ocrx_word' id='word_1_515' title='bbox 521 2237 678 2264; x_wconf 89' lang='lat' dir='ltr'><strong>machinam</strong></span> <span class='ocrx_word' id='word_1_516' title='bbox 705 2234 850 2270; x_wconf 86' lang='lat' dir='ltr'><strong>quamdam</strong></span> <span class='ocrx_word' id='word_1_517' title='bbox 875 2233 1001 2261; x_wconf 87' lang='lat' dir='ltr'><strong>cantilla-</strong></span> 
     </span>
    </p>
   </div>
   <div class='ocr_carea' id='block_1_78' title="bbox 214 2278 997 2319">
    <p class='ocr_par' dir='ltr' id='par_1_78' title="bbox 214 2278 997 2319">
     <span class='ocr_line' id='line_1_78' title="bbox 214 2278 997 2319; baseline -0.01 -7"><span class='ocrx_word' id='word_1_518' title='bbox 214 2286 297 2318; x_wconf 87' lang='lat' dir='ltr'><strong>haut,</strong></span> <span class='ocrx_word' id='word_1_519' title='bbox 324 2285 444 2319; x_wconf 83' lang='lat' dir='ltr'><strong>itemque</strong></span> <span class='ocrx_word' id='word_1_520' title='bbox 469 2283 564 2310; x_wconf 82' lang='lat' dir='ltr'><strong>leones</strong></span> <span class='ocrx_word' id='word_1_521' title='bbox 586 2289 703 2312; x_wconf 84' lang='lat' dir='ltr'><strong>aureos,</strong></span> <span class='ocrx_word' id='word_1_522' title='bbox 729 2280 775 2315; x_wconf 86' lang='lat' dir='ltr'><strong>qui</strong></span> <span class='ocrx_word' id='word_1_523' title='bbox 802 2285 828 2306; x_wconf 89' lang='lat' dir='ltr'><strong>et</strong></span> <span class='ocrx_word' id='word_1_524' title='bbox 857 2278 909 2314; x_wconf 84' lang='lat' dir='ltr'><strong>ipsi</strong></span> <span class='ocrx_word' id='word_1_525' title='bbox 932 2286 997 2305; x_wconf 72' lang='lat' dir='ltr'><strong>cum</strong></span> 
     </span>
    </p>
   </div>
   <div class='ocr_carea' id='block_1_79' title="bbox 215 2325 1000 2360">
    <p class='ocr_par' dir='ltr' id='par_1_79' title="bbox 215 2325 1000 2360">
     <span class='ocr_line' id='line_1_79' title="bbox 215 2325 1000 2360; baseline -0.011 -1"><span class='ocrx_word' id='word_1_526' title='bbox 215 2332 355 2359; x_wconf 85' lang='lat' dir='ltr'><strong>hominum</strong></span> <span class='ocrx_word' id='word_1_527' title='bbox 372 2329 555 2357; x_wconf 85' lang='lat' dir='ltr'><strong>admiratione</strong></span> <span class='ocrx_word' id='word_1_528' title='bbox 573 2328 690 2354; x_wconf 78' lang='lat' dir='ltr'><strong>maxima</strong></span> <span class='ocrx_word' id='word_1_529' title='bbox 704 2333 907 2360; x_wconf 78' lang='lat' dir='ltr'><strong>nonnunquam</strong></span> <span class='ocrx_word' id='word_1_530' title='bbox 924 2325 1000 2359; x_wconf 71' lang='lat' dir='ltr'><strong>rugi-</strong></span> 
     </span>
    </p>
   </div>
   <div class='ocr_carea' id='block_1_80' title="bbox 215 2371 998 2410">
    <p class='ocr_par' dir='ltr' id='par_1_80' title="bbox 215 2371 998 2410">
     <span class='ocr_line' id='line_1_80' title="bbox 215 2371 998 2410; baseline -0.011 -5"><span class='ocrx_word' id='word_1_531' title='bbox 215 2384 271 2405; x_wconf 86' lang='lat' dir='ltr'><strong>Ium</strong></span> <span class='ocrx_word' id='word_1_532' title='bbox 296 2377 430 2409; x_wconf 83' lang='lat' dir='ltr'><strong>edebant,</strong></span> <span class='ocrx_word' id='word_1_533' title='bbox 454 2383 536 2410; x_wconf 82' lang='lat' dir='ltr'><strong>opera</strong></span> <span class='ocrx_word' id='word_1_534' title='bbox 558 2379 632 2402; x_wconf 87' lang='lat' dir='ltr'><strong>certe</strong></span> <span class='ocrx_word' id='word_1_535' title='bbox 653 2373 784 2408; x_wconf 63' lang='grc' dir='ltr'>ιιι-πρίατο</span> <span class='ocrx_word' id='word_1_536' title='bbox 805 2378 834 2399; x_wconf 89' lang='lat' dir='ltr'><strong>et</strong></span> <span class='ocrx_word' id='word_1_537' title='bbox 858 2379 941 2398; x_wconf 90' lang='lat' dir='ltr'><strong>unam</strong></span> <span class='ocrx_word' id='word_1_538' title='bbox 962 2371 998 2398; x_wconf 86' lang='lat' dir='ltr'><strong>ob</strong></span> 
     </span>
    </p>
   </div>
   <div class='ocr_carea' id='block_1_81' title="bbox 1051 1547 1841 1586">
    <p class='ocr_par' dir='ltr' id='par_1_81' title="bbox 1051 1547 1841 1586">
     <span class='ocr_line' id='line_1_81' title="bbox 1051 1547 1841 1586; baseline 0.008 -12"><span class='ocrx_word' id='word_1_539' title='bbox 1051 1547 1217 1582; x_wconf 81' lang='grc' dir='ltr'>ἀϐελτηρίαν</span> <span class='ocrx_word' id='word_1_540' title='bbox 1246 1548 1424 1582; x_wconf 83' lang='grc' dir='ltr'>παρίστησιν.</span> <span class='ocrx_word' id='word_1_541' title='bbox 1449 1549 1516 1575; x_wconf 71' lang='grc' dir='ltr'><strong>Ἀπὸ</strong></span> <span class='ocrx_word' id='word_1_542' title='bbox 1544 1550 1652 1586; x_wconf 84' lang='grc' dir='ltr'>Ταρσοῦ</span> <span class='ocrx_word' id='word_1_543' title='bbox 1679 1552 1761 1586; x_wconf 83' lang='grc' dir='ltr'>μέχρι</span> <span class='ocrx_word' id='word_1_544' title='bbox 1791 1554 1841 1580; x_wconf 81' lang='grc' dir='ltr'>καὶ</span> 
     </span>
    </p>
   </div>
   <div class='ocr_carea' id='block_1_82' title="bbox 1051 1593 1840 1630">
    <p class='ocr_par' dir='ltr' id='par_1_82' title="bbox 1051 1593 1840 1630">
     <span class='ocr_line' id='line_1_82' title="bbox 1051 1593 1840 1630; baseline 0.005 -10"><span class='ocrx_word' id='word_1_545' title='bbox 1051 1594 1133 1621; x_wconf 74' lang='grc' dir='ltr'>αὑτοῦ</span> <span class='ocrx_word' id='word_1_546' title='bbox 1163 1593 1210 1620; x_wconf 72' lang='grc' dir='ltr'>τοῦ</span> <span class='ocrx_word' id='word_1_547' title='bbox 1237 1593 1371 1620; x_wconf 82' lang='grc' dir='ltr'>παλατίου</span> <span class='ocrx_word' id='word_1_548' title='bbox 1397 1594 1517 1629; x_wconf 72' lang='grc' dir='ltr'>φρυκτοὶ</span> <span class='ocrx_word' id='word_1_549' title='bbox 1539 1595 1612 1622; x_wconf 83' lang='grc' dir='ltr'>κατά</span> <span class='ocrx_word' id='word_1_550' title='bbox 1636 1604 1713 1627; x_wconf 87' lang='grc' dir='ltr'>τινας</span> <span class='ocrx_word' id='word_1_551' title='bbox 1738 1597 1840 1630; x_wconf 81' lang='grc' dir='ltr'>τόπους</span> 
     </span>
    </p>
   </div>
   <div class='ocr_carea' id='block_1_83' title="bbox 1051 1640 1840 1679">
    <p class='ocr_par' dir='ltr' id='par_1_83' title="bbox 1051 1640 1840 1679">
     <span class='ocr_line' id='line_1_83' title="bbox 1051 1640 1840 1679; baseline 0.005 -13"><span class='ocrx_word' id='word_1_552' title='bbox 1051 1640 1232 1674; x_wconf 78' lang='grc' dir='ltr'>ἀνεφλέγοντο</span> <span class='ocrx_word' id='word_1_553' title='bbox 1264 1640 1335 1667; x_wconf 85' lang='grc' dir='ltr'>κατὰ</span> <span class='ocrx_word' id='word_1_554' title='bbox 1363 1640 1484 1668; x_wconf 81' lang='grc' dir='ltr'>διάδοσιν</span> <span class='ocrx_word' id='word_1_555' title='bbox 1511 1641 1561 1673; x_wconf 74' lang='grc' dir='ltr'>τὰς</span> <span class='ocrx_word' id='word_1_556' title='bbox 1591 1642 1644 1668; x_wconf 87' lang='grc' dir='ltr'><strong>τῶν</strong></span> <span class='ocrx_word' id='word_1_557' title='bbox 1671 1643 1840 1679; x_wconf 65' lang='grc' dir='ltr'>Σπρακηνῶν</span> 
     </span>
    </p>
   </div>
   <div class='ocr_carea' id='block_1_84' title="bbox 1052 1684 1842 1721">
    <p class='ocr_par' dir='ltr' id='par_1_84' title="bbox 1052 1684 1842 1721">
     <span class='ocr_line' id='line_1_84' title="bbox 1052 1684 1842 1721; baseline 0.006 -11"><span class='ocrx_word' id='word_1_558' title='bbox 1052 1684 1203 1719; x_wconf 81' lang='grc' dir='ltr'>ἐπιδρομὰς</span> <span class='ocrx_word' id='word_1_559' title='bbox 1234 1684 1451 1719; x_wconf 77' lang='grc' dir='ltr'>προμηνύοντες.</span> <span class='ocrx_word' id='word_1_560' title='bbox 1488 1685 1641 1721; x_wconf 85' lang='grc' dir='ltr'>Ἦνιοχείας</span> <span class='ocrx_word' id='word_1_561' title='bbox 1671 1687 1717 1714; x_wconf 75' lang='grc' dir='ltr'><strong>οὖν</strong></span> <span class='ocrx_word' id='word_1_562' title='bbox 1747 1688 1842 1715; x_wconf 82' lang='grc' dir='ltr'>τελου-</span> 
     </span>
    </p>
   </div>
   <div class='ocr_carea' id='block_1_85' title="bbox 1053 1729 1842 1768">
    <p class='ocr_par' dir='ltr' id='par_1_85' title="bbox 1053 1729 1842 1768">
     <span class='ocr_line' id='line_1_85' title="bbox 1053 1729 1842 1768; baseline 0.004 -13"><span class='ocrx_word' id='word_1_563' title='bbox 1053 1730 1138 1764; x_wconf 80' lang='grc' dir='ltr'>μένης</span> <span class='ocrx_word' id='word_1_564' title='bbox 1153 1730 1225 1757; x_wconf 85' lang='grc' dir='ltr'>κατά</span> <span class='ocrx_word' id='word_1_565' title='bbox 1242 1738 1272 1764; x_wconf 88' lang='grc' dir='ltr'><strong>γε</strong></span> <span class='ocrx_word' id='word_1_566' title='bbox 1285 1729 1331 1756; x_wconf 82' lang='grc' dir='ltr'><strong>τὸν</strong></span> <span class='ocrx_word' id='word_1_567' title='bbox 1346 1731 1376 1756; x_wconf 79' lang='grc' dir='ltr'>ὲν</span> <span class='ocrx_word' id='word_1_568' title='bbox 1391 1729 1430 1766; x_wconf 81' lang='grc' dir='ltr'>τῷ</span> <span class='ocrx_word' id='word_1_569' title='bbox 1445 1731 1531 1766; x_wconf 85' lang='grc' dir='ltr'>στενῷ</span> <span class='ocrx_word' id='word_1_570' title='bbox 1554 1732 1601 1758; x_wconf 85' lang='grc' dir='ltr'>τοῦ</span> <span class='ocrx_word' id='word_1_571' title='bbox 1625 1733 1842 1768; x_wconf 79' lang='grc' dir='ltr'>μεγαλομάρτυ.</span> 
     </span>
    </p>
   </div>
   <div class='ocr_carea' id='block_1_86' title="bbox 1053 1776 1839 1814">
    <p class='ocr_par' dir='ltr' id='par_1_86' title="bbox 1053 1776 1839 1814">
     <span class='ocr_line' id='line_1_86' title="bbox 1053 1776 1839 1814; baseline 0.005 -12"><span class='ocrx_word' id='word_1_572' title='bbox 1053 1784 1099 1811; x_wconf 87' lang='grc' dir='ltr'><strong>ρος</strong></span> <span class='ocrx_word' id='word_1_573' title='bbox 1112 1776 1175 1802; x_wconf 76' lang='grc' dir='ltr'>ναὸν</span> <span class='ocrx_word' id='word_1_574' title='bbox 1188 1776 1347 1810; x_wconf 71' lang='grc' dir='ltr'>Μάμαντος,</span> <span class='ocrx_word' id='word_1_575' title='bbox 1360 1777 1408 1802; x_wconf 76' lang='grc' dir='ltr'>καὶ</span> <span class='ocrx_word' id='word_1_576' title='bbox 1421 1778 1451 1803; x_wconf 86' lang='grc' dir='ltr'>τὸ</span> <span class='ocrx_word' id='word_1_577' title='bbox 1468 1777 1581 1804; x_wconf 81' lang='grc' dir='ltr'>Βὲνετον</span> <span class='ocrx_word' id='word_1_578' title='bbox 1596 1778 1772 1814; x_wconf 81' lang='grc' dir='ltr'>ὲνδεδυμένου</span> <span class='ocrx_word' id='word_1_579' title='bbox 1789 1780 1839 1806; x_wconf 72' lang='grc' dir='ltr'>τοῦ</span> 
     </span>
    </p>
   </div>
   <div class='ocr_carea' id='block_1_87' title="bbox 1053 1821 1840 1858">
    <p class='ocr_par' dir='ltr' id='par_1_87' title="bbox 1053 1821 1840 1858">
     <span class='ocr_line' id='line_1_87' title="bbox 1053 1821 1840 1858; baseline 0.008 -11"><span class='ocrx_word' id='word_1_580' title='bbox 1053 1821 1185 1856; x_wconf 83' lang='grc' dir='ltr'>βασιλέως</span> <span class='ocrx_word' id='word_1_581' title='bbox 1198 1821 1293 1854; x_wconf 74' lang='grc' dir='ltr'>αὑτοῦ,</span> <span class='ocrx_word' id='word_1_582' title='bbox 1313 1822 1428 1856; x_wconf 74' lang='grc' dir='ltr'>ἀγγελία</span> <span class='ocrx_word' id='word_1_583' title='bbox 1445 1823 1559 1858; x_wconf 80' lang='grc' dir='ltr'>γέγονεν</span> <span class='ocrx_word' id='word_1_584' title='bbox 1573 1824 1627 1850; x_wconf 82' lang='grc' dir='ltr'><strong>ἀπό</strong></span> <span class='ocrx_word' id='word_1_585' title='bbox 1649 1833 1681 1857; x_wconf 81' lang='grc' dir='ltr'><strong>γε</strong></span> <span class='ocrx_word' id='word_1_586' title='bbox 1697 1825 1744 1851; x_wconf 77' lang='grc' dir='ltr'>τοῦ</span> <span class='ocrx_word' id='word_1_587' title='bbox 1766 1827 1840 1853; x_wconf 74' lang='grc' dir='ltr'>κατὰ</span> 
     </span>
    </p>
   </div>
   <div class='ocr_carea' id='block_1_88' title="bbox 1051 1866 1843 1904">
    <p class='ocr_par' dir='ltr' id='par_1_88' title="bbox 1051 1866 1843 1904">
     <span class='ocr_line' id='line_1_88' title="bbox 1051 1866 1843 1904; baseline 0.005 -13"><span class='ocrx_word' id='word_1_588' title='bbox 1051 1866 1096 1891; x_wconf 80' lang='grc' dir='ltr'>τὸν</span> <span class='ocrx_word' id='word_1_589' title='bbox 1113 1866 1202 1901; x_wconf 74' lang='grc' dir='ltr'>Φάρον</span> <span class='ocrx_word' id='word_1_590' title='bbox 1227 1866 1361 1900; x_wconf 81' lang='grc' dir='ltr'>φρυκτοῦ.</span> <span class='ocrx_word' id='word_1_591' title='bbox 1380 1866 1456 1902; x_wconf 80' lang='grc' dir='ltr'>’Λνίᾳ</span> <span class='ocrx_word' id='word_1_592' title='bbox 1478 1866 1545 1901; x_wconf 70' lang='grc' dir='ltr'>γοῦν</span> <span class='ocrx_word' id='word_1_593' title='bbox 1565 1867 1611 1894; x_wconf 61' lang='grc' dir='ltr'><strong>ἐπὶ</strong></span> <span class='ocrx_word' id='word_1_594' title='bbox 1631 1868 1720 1903; x_wconf 77' lang='grc' dir='ltr'>τούτῳ</span> <span class='ocrx_word' id='word_1_595' title='bbox 1744 1877 1843 1904; x_wconf 85' lang='grc' dir='ltr'>συσχε-</span> 
     </span>
    </p>
   </div>
   <div class='ocr_carea' id='block_1_89' title="bbox 1052 1911 1842 1949">
    <p class='ocr_par' dir='ltr' id='par_1_89' title="bbox 1052 1911 1842 1949">
     <span class='ocr_line' id='line_1_89' title="bbox 1052 1911 1842 1949; baseline 0.005 -12"><span class='ocrx_word' id='word_1_596' title='bbox 1052 1911 1109 1943; x_wconf 71' lang='lat' dir='ltr'><strong>Osi;</strong></span> <span class='ocrx_word' id='word_1_597' title='bbox 1124 1913 1138 1938; x_wconf 86' lang='grc' dir='ltr'><strong>ὀ</strong></span> <span class='ocrx_word' id='word_1_598' title='bbox 1155 1911 1284 1946; x_wconf 71' lang='grc' dir='ltr'>βασιλεὺς</span> <span class='ocrx_word' id='word_1_599' title='bbox 1309 1913 1341 1939; x_wconf 81' lang='grc' dir='ltr'>ἐκ</span> <span class='ocrx_word' id='word_1_600' title='bbox 1371 1913 1454 1947; x_wconf 82' lang='grc' dir='ltr'>μέσου</span> <span class='ocrx_word' id='word_1_601' title='bbox 1480 1914 1554 1939; x_wconf 81' lang='grc' dir='ltr'>ποιεῖ</span> <span class='ocrx_word' id='word_1_602' title='bbox 1576 1914 1639 1945; x_wconf 70' lang='grc' dir='ltr'>τοὺς</span> <span class='ocrx_word' id='word_1_603' title='bbox 1665 1914 1842 1949; x_wconf 67' lang='grc' dir='ltr'>θαυμαστοὺς</span> 
     </span>
    </p>
   </div>
   <div class='ocr_carea' id='block_1_90' title="bbox 1051 1958 1841 1995">
    <p class='ocr_par' dir='ltr' id='par_1_90' title="bbox 1051 1958 1841 1995">
     <span class='ocr_line' id='line_1_90' title="bbox 1051 1958 1841 1995; baseline 0.004 -11"><span class='ocrx_word' id='word_1_604' title='bbox 1051 1958 1171 1990; x_wconf 76' lang='grc' dir='ltr'>ἐκείνους</span> <span class='ocrx_word' id='word_1_605' title='bbox 1187 1959 1338 1993; x_wconf 71' lang='grc' dir='ltr'>φρυκτοὺς,</span> <span class='ocrx_word' id='word_1_606' title='bbox 1355 1959 1393 1989; x_wconf 75' lang='grc' dir='ltr'>ὡς</span> <span class='ocrx_word' id='word_1_607' title='bbox 1419 1961 1518 1994; x_wconf 74' lang='grc' dir='ltr'>μηκέτι</span> <span class='ocrx_word' id='word_1_608' title='bbox 1536 1960 1675 1992; x_wconf 73' lang='grc' dir='ltr'>τοιαύταις</span> <span class='ocrx_word' id='word_1_609' title='bbox 1696 1961 1841 1995; x_wconf 84' lang='grc' dir='ltr'>ἀγγελίαις</span> 
     </span>
    </p>
   </div>
   <div class='ocr_carea' id='block_1_91' title="bbox 1052 2003 1762 2043">
    <p class='ocr_par' dir='ltr' id='par_1_91' title="bbox 1052 2003 1762 2043">
     <span class='ocr_line' id='line_1_91' title="bbox 1052 2003 1762 2043; baseline 0.008 -14"><span class='ocrx_word' id='word_1_610' title='bbox 1052 2004 1076 2030; x_wconf 79' lang='grc' dir='ltr'>οι</span> <span class='ocrx_word' id='word_1_611' title='bbox 1090 2003 1185 2031; x_wconf 70' lang='grc' dir='ltr'>θεαταὶ</span> <span class='ocrx_word' id='word_1_612' title='bbox 1197 2004 1394 2041; x_wconf 82' lang='grc' dir='ltr'>δειλαινόμενοι</span> <span class='ocrx_word' id='word_1_613' title='bbox 1406 2008 1437 2033; x_wconf 87' lang='grc' dir='ltr'>τὸ</span> <span class='ocrx_word' id='word_1_614' title='bbox 1454 2007 1566 2043; x_wconf 77' lang='grc' dir='ltr'>θέατρον</span> <span class='ocrx_word' id='word_1_615' title='bbox 1579 2007 1762 2036; x_wconf 74' lang='grc' dir='ltr'>καταλύωσιν.</span> 
     </span>
    </p>
   </div>
   <div class='ocr_carea' id='block_1_92' title="bbox 1088 2096 1842 2133">
    <p class='ocr_par' dir='ltr' id='par_1_92' title="bbox 1088 2096 1842 2133">
     <span class='ocr_line' id='line_1_92' title="bbox 1088 2096 1842 2133; baseline 0.007 -11"><span class='ocrx_word' id='word_1_616' title='bbox 1088 2096 1174 2127; x_wconf 81' lang='grc' dir='ltr'>Οὗτος</span> <span class='ocrx_word' id='word_1_617' title='bbox 1200 2097 1213 2123; x_wconf 92' lang='lat'><strong>6</strong></span> <span class='ocrx_word' id='word_1_618' title='bbox 1238 2096 1348 2132; x_wconf 76' lang='grc' dir='ltr'>Μιχαὴλ</span> <span class='ocrx_word' id='word_1_619' title='bbox 1372 2098 1521 2133; x_wconf 81' lang='grc' dir='ltr'>χρημάτων</span> <span class='ocrx_word' id='word_1_620' title='bbox 1550 2098 1693 2133; x_wconf 75' lang='grc' dir='ltr'>ἀπορήσας</span> <span class='ocrx_word' id='word_1_621' title='bbox 1718 2100 1766 2126; x_wconf 78' lang='grc' dir='ltr'>καὶ</span> <span class='ocrx_word' id='word_1_622' title='bbox 1791 2101 1842 2132; x_wconf 77' lang='grc' dir='ltr'><strong>τὰς</strong></span> 
     </span>
    </p>
   </div>
   <div class='ocr_carea' id='block_1_93' title="bbox 1052 2143 1843 2179">
    <p class='ocr_par' dir='ltr' id='par_1_93' title="bbox 1052 2143 1843 2179">
     <span class='ocr_line' id='line_1_93' title="bbox 1052 2143 1843 2179; baseline 0.006 -12"><span class='ocrx_word' id='word_1_623' title='bbox 1052 2143 1157 2177; x_wconf 65' lang='grc' dir='ltr'>χρυσᾶς</span> <span class='ocrx_word' id='word_1_624' title='bbox 1182 2143 1289 2173; x_wconf 81' lang='grc' dir='ltr'>ἐκείνας</span> <span class='ocrx_word' id='word_1_625' title='bbox 1321 2143 1481 2175; x_wconf 67' lang='grc' dir='ltr'>πλατάνους,</span> <span class='ocrx_word' id='word_1_626' title='bbox 1507 2143 1542 2175; x_wconf 75' lang='grc' dir='ltr'>ἃς</span> <span class='ocrx_word' id='word_1_627' title='bbox 1573 2144 1587 2169; x_wconf 84' lang='lat'><strong>6</strong></span> <span class='ocrx_word' id='word_1_628' title='bbox 1616 2146 1762 2179; x_wconf 56' lang='grc' dir='ltr'>φιλόσοφος</span> <span class='ocrx_word' id='word_1_629' title='bbox 1791 2155 1843 2173; x_wconf 68' lang='grc' dir='ltr'><strong>κλ-</strong></span> 
     </span>
    </p>
   </div>
   <div class='ocr_carea' id='block_1_94' title="bbox 1053 2188 1841 2226">
    <p class='ocr_par' dir='ltr' id='par_1_94' title="bbox 1053 2188 1841 2226">
     <span class='ocr_line' id='line_1_94' title="bbox 1053 2188 1841 2226; baseline 0.005 -12"><span class='ocrx_word' id='word_1_630' title='bbox 1053 2188 1203 2214; x_wconf 72' lang='grc' dir='ltr'>τεσκεύασε</span> <span class='ocrx_word' id='word_1_631' title='bbox 1219 2188 1304 2222; x_wconf 78' lang='grc' dir='ltr'>Λέων,</span> <span class='ocrx_word' id='word_1_632' title='bbox 1322 2189 1359 2220; x_wconf 87' lang='grc' dir='ltr'>ὡς</span> <span class='ocrx_word' id='word_1_633' title='bbox 1375 2189 1478 2215; x_wconf 81' lang='grc' dir='ltr'>ἄνωθεν</span> <span class='ocrx_word' id='word_1_634' title='bbox 1503 2189 1619 2224; x_wconf 75' lang='grc' dir='ltr'>ἔφημεν,</span> <span class='ocrx_word' id='word_1_635' title='bbox 1634 2191 1662 2216; x_wconf 82' lang='grc' dir='ltr'><strong>ἐν</strong></span> <span class='ocrx_word' id='word_1_636' title='bbox 1681 2188 1726 2223; x_wconf 84' lang='grc' dir='ltr'><strong>αἷς</strong></span> <span class='ocrx_word' id='word_1_637' title='bbox 1741 2201 1841 2226; x_wconf 87' lang='grc' dir='ltr'>στρου-</span> 
     </span>
    </p>
   </div>
   <div class='ocr_carea' id='block_1_95' title="bbox 1055 2233 1842 2269">
    <p class='ocr_par' dir='ltr' id='par_1_95' title="bbox 1055 2233 1842 2269">
     <span class='ocr_line' id='line_1_95' title="bbox 1055 2233 1842 2269; baseline 0.005 -10"><span class='ocrx_word' id='word_1_638' title='bbox 1055 2234 1096 2259; x_wconf 70' lang='grc' dir='ltr'><strong>οοὶ</strong></span> <span class='ocrx_word' id='word_1_639' title='bbox 1111 2233 1261 2268; x_wconf 67' lang='grc' dir='ltr'>καῢήειενοι</span> <span class='ocrx_word' id='word_1_640' title='bbox 1287 2234 1330 2260; x_wconf 75' lang='grc' dir='ltr'>διὰ</span> <span class='ocrx_word' id='word_1_641' title='bbox 1354 2234 1480 2269; x_wconf 82' lang='grc' dir='ltr'>μηχανῆς</span> <span class='ocrx_word' id='word_1_642' title='bbox 1497 2235 1651 2267; x_wconf 57' lang='grc' dir='ltr'>ἐκελάδουν,</span> <span class='ocrx_word' id='word_1_643' title='bbox 1665 2236 1796 2268; x_wconf 79' lang='grc' dir='ltr'>ὡσαύτως</span> <span class='ocrx_word' id='word_1_644' title='bbox 1813 2238 1842 2263; x_wconf 77' lang='grc' dir='ltr'>δὲ</span> 
     </span>
    </p>
   </div>
   <div class='ocr_carea' id='block_1_96' title="bbox 1054 2280 1839 2318">
    <p class='ocr_par' dir='ltr' id='par_1_96' title="bbox 1054 2280 1839 2318">
     <span class='ocr_line' id='line_1_96' title="bbox 1054 2280 1839 2318; baseline 0.003 -13"><span class='ocrx_word' id='word_1_645' title='bbox 1054 2281 1101 2305; x_wconf 77' lang='grc' dir='ltr'>καὶ</span> <span class='ocrx_word' id='word_1_646' title='bbox 1117 2281 1179 2310; x_wconf 68' lang='grc' dir='ltr'>τοὺς</span> <span class='ocrx_word' id='word_1_647' title='bbox 1195 2280 1339 2311; x_wconf 73' lang='grc' dir='ltr'>λέοντας,ἂ</span> <span class='ocrx_word' id='word_1_648' title='bbox 1352 2283 1420 2315; x_wconf 58' lang='grc' dir='ltr'>πρᾶς</span> <span class='ocrx_word' id='word_1_649' title='bbox 1435 2280 1567 2314; x_wconf 75' lang='grc' dir='ltr'>ἓχπληξν</span> <span class='ocrx_word' id='word_1_650' title='bbox 1582 2281 1635 2307; x_wconf 80' lang='grc' dir='ltr'>τῶν</span> <span class='ocrx_word' id='word_1_651' title='bbox 1650 2282 1735 2308; x_wconf 76' lang='grc' dir='ltr'>ἐθνῶν</span> <span class='ocrx_word' id='word_1_652' title='bbox 1749 2291 1839 2318; x_wconf 59' lang='grc' dir='ltr'>μεμη.</span> 
     </span>
    </p>
   </div>
   <div class='ocr_carea' id='block_1_97' title="bbox 1054 2325 1828 2362">
    <p class='ocr_par' dir='ltr' id='par_1_97' title="bbox 1054 2325 1828 2362">
     <span class='ocr_line' id='line_1_97' title="bbox 1054 2325 1828 2362; baseline 0.004 -11"><span class='ocrx_word' id='word_1_653' title='bbox 1054 2325 1169 2360; x_wconf 73' lang='grc' dir='ltr'>χὰνηται</span> <span class='ocrx_word' id='word_1_654' title='bbox 1185 2327 1242 2359; x_wconf 71' lang='grc' dir='ltr'>(καὶ</span> <span class='ocrx_word' id='word_1_655' title='bbox 1256 2325 1329 2352; x_wconf 72' lang='grc' dir='ltr'>οὗτοι</span> <span class='ocrx_word' id='word_1_656' title='bbox 1344 2327 1398 2362; x_wconf 73' lang='grc' dir='ltr'>γὰρ</span> <span class='ocrx_word' id='word_1_657' title='bbox 1421 2327 1496 2352; x_wconf 73' lang='grc' dir='ltr'>ἐστιν</span> <span class='ocrx_word' id='word_1_658' title='bbox 1512 2327 1557 2353; x_wconf 83' lang='grc' dir='ltr'>ὅτε</span> <span class='ocrx_word' id='word_1_659' title='bbox 1574 2327 1746 2362; x_wconf 69' lang='grc' dir='ltr'>βρυχώμενοι</span> <span class='ocrx_word' id='word_1_660' title='bbox 1762 2329 1828 2354; x_wconf 55' lang='grc' dir='ltr'>ἐοιυ</span> 
     </span>
    </p>
   </div>
   <div class='ocr_carea' id='block_1_98' title="bbox 1055 2372 1541 2406">
    <p class='ocr_par' dir='ltr' id='par_1_98' title="bbox 1055 2372 1541 2406">
     <span class='ocr_line' id='line_1_98' title="bbox 1055 2372 1541 2406; baseline 0.002 -9"><span class='ocrx_word' id='word_1_661' title='bbox 1055 2372 1195 2406; x_wconf 72' lang='grc' dir='ltr'>μαζοντο),</span> <span class='ocrx_word' id='word_1_662' title='bbox 1214 2373 1373 2406; x_wconf 50' lang='grc' dir='ltr'>κατακόψας</span> <span class='ocrx_word' id='word_1_663' title='bbox 1389 2373 1541 2399; x_wconf 66' lang='grc' dir='ltr'>ἀνάλωσεν.</span> 
     </span>
    </p>
   </div>
   <div class='ocr_carea' id='block_1_99' title="bbox 213 2417 1829 2454">
    <p class='ocr_par' dir='ltr' id='par_1_99' title="bbox 213 2417 1829 2454">
     <span class='ocr_line' id='line_1_99' title="bbox 213 2417 1829 2454; baseline -0.002 -4"><span class='ocrx_word' id='word_1_664' title='bbox 213 2431 322 2450; x_wconf 79' lang='lat' dir='ltr'><strong>causata</strong></span> <span class='ocrx_word' id='word_1_665' title='bbox 343 2423 431 2454; x_wconf 88' lang='lat' dir='ltr'><strong>facta,</strong></span> <span class='ocrx_word' id='word_1_666' title='bbox 453 2426 482 2449; x_wconf 89' lang='lat' dir='ltr'><strong>ut</strong></span> <span class='ocrx_word' id='word_1_667' title='bbox 501 2426 602 2448; x_wconf 74' lang='lat' dir='ltr'><strong>extera:</strong></span> <span class='ocrx_word' id='word_1_668' title='bbox 634 2418 762 2446; x_wconf 83' lang='lat' dir='ltr'><strong>nationes</strong></span> <span class='ocrx_word' id='word_1_669' title='bbox 797 2417 832 2444; x_wconf 85' lang='lat' dir='ltr'><strong>ad</strong></span> <span class='ocrx_word' id='word_1_670' title='bbox 862 2424 958 2443; x_wconf 90' lang='lat' dir='ltr'><strong>eorum</strong></span> <span class='ocrx_word' id='word_1_671' title='bbox 994 2423 1172 2451; x_wconf 68' lang='lat' dir='ltr'><strong>correpectutn</strong></span> <span class='ocrx_word' id='word_1_672' title='bbox 1211 2418 1458 2452; x_wconf 75' lang='lat' dir='ltr'><strong>obstupescerent,</strong></span> <span class='ocrx_word' id='word_1_673' title='bbox 1478 2418 1597 2446; x_wconf 86' lang='lat' dir='ltr'><strong>minutas</strong></span> <span class='ocrx_word' id='word_1_674' title='bbox 1617 2418 1644 2445; x_wconf 91' lang='lat' dir='ltr'><strong>in</strong></span> <span class='ocrx_word' id='word_1_675' title='bbox 1666 2424 1758 2454; x_wconf 82' lang='lat' dir='ltr'><strong>partes</strong></span> <span class='ocrx_word' id='word_1_676' title='bbox 1776 2428 1829 2447; x_wconf 85' lang='lat' dir='ltr'><strong>con</strong></span> 
     </span>
    </p>
   </div>
   <div class='ocr_carea' id='block_1_100' title="bbox 213 2466 595 2502">
    <p class='ocr_par' dir='ltr' id='par_1_100' title="bbox 213 2466 595 2502">
     <span class='ocr_line' id='line_1_100' title="bbox 213 2466 595 2502; baseline -0.01 -5"><span class='ocrx_word' id='word_1_677' title='bbox 213 2469 282 2497; x_wconf 79' lang='lat' dir='ltr'><strong>cidit</strong></span> <span class='ocrx_word' id='word_1_678' title='bbox 298 2474 324 2496; x_wconf 87' lang='lat' dir='ltr'><strong>et</strong></span> <span class='ocrx_word' id='word_1_679' title='bbox 342 2476 439 2495; x_wconf 91' lang='lat' dir='ltr'><strong>aurum</strong></span> <span class='ocrx_word' id='word_1_680' title='bbox 454 2466 595 2502; x_wconf 84' lang='lat' dir='ltr'><strong>expendit.</strong></span> 
     </span>
    </p>
   </div>
   <div class='ocr_carea' id='block_1_101' title="bbox 248 2509 1004 2550">
    <p class='ocr_par' dir='ltr' id='par_1_101' title="bbox 248 2509 1004 2550">
     <span class='ocr_line' id='line_1_101' title="bbox 248 2509 1004 2550; baseline -0.009 -7"><span class='ocrx_word' id='word_1_681' title='bbox 248 2519 320 2550; x_wconf 73' lang='lat' dir='ltr'><strong>Quas</strong></span> <span class='ocrx_word' id='word_1_682' title='bbox 336 2516 372 2542; x_wconf 89' lang='lat' dir='ltr'><strong>ob</strong></span> <span class='ocrx_word' id='word_1_683' title='bbox 390 2523 434 2541; x_wconf 85' lang='lat' dir='ltr'><strong>res</strong></span> <span class='ocrx_word' id='word_1_684' title='bbox 448 2513 595 2541; x_wconf 75' lang='lat' dir='ltr'><strong>Theodore</strong></span> <span class='ocrx_word' id='word_1_685' title='bbox 611 2510 771 2538; x_wconf 86' lang='lat' dir='ltr'><strong>Michaelum</strong></span> <span class='ocrx_word' id='word_1_686' title='bbox 790 2510 895 2537; x_wconf 88' lang='lat' dir='ltr'><strong>crebris</strong></span> <span class='ocrx_word' id='word_1_687' title='bbox 909 2509 1004 2536; x_wconf 86' lang='lat' dir='ltr'><strong>admo-</strong></span> 
     </span>
    </p>
   </div>
   <div class='ocr_carea' id='block_1_102' title="bbox 214 2556 1001 2594">
    <p class='ocr_par' dir='ltr' id='par_1_102' title="bbox 214 2556 1001 2594">
     <span class='ocr_line' id='line_1_102' title="bbox 214 2556 1001 2594; baseline -0.011 -3"><span class='ocrx_word' id='word_1_688' title='bbox 214 2563 368 2592; x_wconf 83' lang='lat' dir='ltr'><strong>nitionibus</strong></span> <span class='ocrx_word' id='word_1_689' title='bbox 391 2561 528 2594; x_wconf 51' lang='lat' dir='ltr'><strong>castigans</strong></span> <span class='ocrx_word' id='word_1_690' title='bbox 550 2564 575 2586; x_wconf 87' lang='lat' dir='ltr'><strong>et</strong></span> <span class='ocrx_word' id='word_1_691' title='bbox 601 2558 732 2585; x_wconf 84' lang='lat' dir='ltr'><strong>erudiens</strong></span> <span class='ocrx_word' id='word_1_692' title='bbox 758 2564 773 2584; x_wconf 84' lang='lat' dir='ltr'><strong>e</strong></span> <span class='ocrx_word' id='word_1_693' title='bbox 794 2557 867 2591; x_wconf 70' lang='lat' dir='ltr'><strong>regia</strong></span> <span class='ocrx_word' id='word_1_694' title='bbox 892 2556 1001 2583; x_wconf 86' lang='lat' dir='ltr'><strong>tandem</strong></span> 
     </span>
    </p>
   </div>
   <div class='ocr_carea' id='block_1_103' title="bbox 215 2603 1001 2646">
    <p class='ocr_par' dir='ltr' id='par_1_103' title="bbox 215 2603 1001 2646">
     <span class='ocr_line' id='line_1_103' title="bbox 215 2603 1001 2646; baseline -0.013 -8"><span class='ocrx_word' id='word_1_695' title='bbox 215 2610 372 2646; x_wconf 75' lang='lat' dir='ltr'><strong>expellitur.</strong></span> <span class='ocrx_word' id='word_1_696' title='bbox 391 2607 499 2634; x_wconf 79' lang='lat' dir='ltr'><strong>Etenim</strong></span> <span class='ocrx_word' id='word_1_697' title='bbox 514 2605 639 2633; x_wconf 77' lang='lat' dir='ltr'><strong>Itlichaeli</strong></span> <span class='ocrx_word' id='word_1_698' title='bbox 655 2603 827 2635; x_wconf 77' lang='lat' dir='ltr'><strong>avunculus,</strong></span> <span class='ocrx_word' id='word_1_699' title='bbox 843 2603 887 2629; x_wconf 91' lang='lat' dir='ltr'><strong>cui</strong></span> <span class='ocrx_word' id='word_1_700' title='bbox 906 2603 1001 2630; x_wconf 76' lang='lat' dir='ltr'><strong>Barda:</strong></span> 
     </span>
    </p>
   </div>
   <div class='ocr_carea' id='block_1_104' title="bbox 214 2650 1001 2685">
    <p class='ocr_par' dir='ltr' id='par_1_104' title="bbox 214 2650 1001 2685">
     <span class='ocr_line' id='line_1_104' title="bbox 214 2650 1001 2685; baseline -0.014 0"><span class='ocrx_word' id='word_1_701' title='bbox 214 2665 315 2685; x_wconf 84' lang='lat' dir='ltr'><strong>nomen</strong></span> <span class='ocrx_word' id='word_1_702' title='bbox 332 2659 392 2683; x_wconf 80' lang='lat' dir='ltr'><strong>erat</strong></span> <span class='ocrx_word' id='word_1_703' title='bbox 404 2675 410 2685; x_wconf 87' lang='lat'>.</span> <span class='ocrx_word' id='word_1_704' title='bbox 428 2653 502 2681; x_wconf 88' lang='lat' dir='ltr'><strong>nulla</strong></span> <span class='ocrx_word' id='word_1_705' title='bbox 518 2660 573 2678; x_wconf 89' lang='lat' dir='ltr'><strong>non</strong></span> <span class='ocrx_word' id='word_1_706' title='bbox 591 2650 796 2678; x_wconf 82' lang='lat' dir='ltr'><strong>machinatione</strong></span> <span class='ocrx_word' id='word_1_707' title='bbox 816 2657 882 2676; x_wconf 89' lang='lat' dir='ltr'><strong>usus</strong></span> <span class='ocrx_word' id='word_1_708' title='bbox 898 2653 925 2675; x_wconf 91' lang='lat' dir='ltr'><strong>et</strong></span> <span class='ocrx_word' id='word_1_709' title='bbox 942 2657 1001 2675; x_wconf 75' lang='lat' dir='ltr'><strong>om~</strong></span> 
     </span>
    </p>
   </div>
   <div class='ocr_carea' id='block_1_105' title="bbox 213 2693 998 2730">
    <p class='ocr_par' dir='ltr' id='par_1_105' title="bbox 213 2693 998 2730">
     <span class='ocr_line' id='line_1_105' title="bbox 213 2693 998 2730; baseline -0.014 0"><span class='ocrx_word' id='word_1_710' title='bbox 213 2703 296 2730; x_wconf 88' lang='lat' dir='ltr'><strong>nibus</strong></span> <span class='ocrx_word' id='word_1_711' title='bbox 319 2701 458 2728; x_wconf 83' lang='lat' dir='ltr'><strong>hominem</strong></span> <span class='ocrx_word' id='word_1_712' title='bbox 485 2696 574 2724; x_wconf 86' lang='lat' dir='ltr'><strong>modis</strong></span> <span class='ocrx_word' id='word_1_713' title='bbox 599 2702 762 2730; x_wconf 73' lang='lat' dir='ltr'><strong>aggressus,</strong></span> <span class='ocrx_word' id='word_1_714' title='bbox 788 2700 816 2722; x_wconf 94' lang='lat' dir='ltr'><strong>ut</strong></span> <span class='ocrx_word' id='word_1_715' title='bbox 838 2693 998 2728; x_wconf 74' lang='lat' dir='ltr'><strong>imperati-ix</strong></span> 
     </span>
    </p>
   </div>
   <div class='ocr_carea' id='block_1_106' title="bbox 213 2740 999 2784">
    <p class='ocr_par' dir='ltr' id='par_1_106' title="bbox 213 2740 999 2784">
     <span class='ocr_line' id='line_1_106' title="bbox 213 2740 999 2784; baseline -0.013 -7"><span class='ocrx_word' id='word_1_716' title='bbox 213 2750 325 2784; x_wconf 85' lang='lat' dir='ltr'><strong>quidem</strong></span> <span class='ocrx_word' id='word_1_717' title='bbox 349 2748 429 2782; x_wconf 71' lang='lat' dir='ltr'><strong>longe</strong></span> <span class='ocrx_word' id='word_1_718' title='bbox 449 2754 464 2772; x_wconf 87' lang='lat' dir='ltr'><strong>a</strong></span> <span class='ocrx_word' id='word_1_719' title='bbox 488 2744 561 2779; x_wconf 76' lang='lat' dir='ltr'><strong>regia</strong></span> <span class='ocrx_word' id='word_1_720' title='bbox 583 2743 795 2770; x_wconf 77' lang='lat' dir='ltr'><strong>submoveretur</strong></span> <span class='ocrx_word' id='word_1_721' title='bbox 809 2740 902 2768; x_wconf 75' lang='lat' dir='ltr'><strong>ctl‘ecit</strong></span> <span class='ocrx_word' id='word_1_722' title='bbox 915 2760 922 2773; x_wconf 92' lang='lat'><strong>,</strong></span> <span class='ocrx_word' id='word_1_723' title='bbox 941 2741 999 2775; x_wconf 92' lang='lat' dir='ltr'><strong>ipse</strong></span> 
     </span>
    </p>
   </div>
   <div class='ocr_carea' id='block_1_107' title="bbox 215 2788 1000 2826">
    <p class='ocr_par' dir='ltr' id='par_1_107' title="bbox 215 2788 1000 2826">
     <span class='ocr_line' id='line_1_107' title="bbox 215 2788 1000 2826; baseline -0.009 -5"><span class='ocrx_word' id='word_1_724' title='bbox 215 2804 281 2821; x_wconf 79' lang='lat' dir='ltr'><strong>\ero</strong></span> <span class='ocrx_word' id='word_1_725' title='bbox 296 2795 386 2821; x_wconf 62' lang='lat' dir='ltr'><strong>lla-sar</strong></span> <span class='ocrx_word' id='word_1_726' title='bbox 402 2792 436 2820; x_wconf 84' lang='lat' dir='ltr'><strong>ab</strong></span> <span class='ocrx_word' id='word_1_727' title='bbox 453 2792 621 2826; x_wconf 86' lang='lat' dir='ltr'><strong>imperatore</strong></span> <span class='ocrx_word' id='word_1_728' title='bbox 638 2788 840 2824; x_wconf 77' lang='lat' dir='ltr'><strong>designaretnr.</strong></span> <span class='ocrx_word' id='word_1_729' title='bbox 858 2789 952 2822; x_wconf 85' lang='lat' dir='ltr'><strong>Itaque</strong></span> <span class='ocrx_word' id='word_1_730' title='bbox 965 2788 1000 2814; x_wconf 90' lang='lat' dir='ltr'><strong>ab</strong></span> 
     </span>
    </p>
   </div>
   <div class='ocr_carea' id='block_1_108' title="bbox 215 2834 999 2875">
    <p class='ocr_par' dir='ltr' id='par_1_108' title="bbox 215 2834 999 2875">
     <span class='ocr_line' id='line_1_108' title="bbox 215 2834 999 2875; baseline -0.011 -7"><span class='ocrx_word' id='word_1_731' title='bbox 215 2841 261 2868; x_wconf 84' lang='lat' dir='ltr'><strong>illo</strong></span> <span class='ocrx_word' id='word_1_732' title='bbox 283 2846 406 2875; x_wconf 72' lang='lat' dir='ltr'><strong>tempore</strong></span> <span class='ocrx_word' id='word_1_733' title='bbox 427 2843 526 2867; x_wconf 84' lang='lat' dir='ltr'><strong>cuncta</strong></span> <span class='ocrx_word' id='word_1_734' title='bbox 545 2837 584 2864; x_wconf 84' lang='lat' dir='ltr'><strong>sic</strong></span> <span class='ocrx_word' id='word_1_735' title='bbox 598 2843 696 2871; x_wconf 77' lang='lat' dir='ltr'><strong>agerc,</strong></span> <span class='ocrx_word' id='word_1_736' title='bbox 715 2834 793 2870; x_wconf 61' lang='lat' dir='ltr'><strong>quasi</strong></span> <span class='ocrx_word' id='word_1_737' title='bbox 811 2834 891 2869; x_wconf 71' lang='lat'><strong>293</strong></span> <span class='ocrx_word' id='word_1_738' title='bbox 908 2835 930 2861; x_wconf 80' lang='lat' dir='ltr'><strong>si</strong></span> <span class='ocrx_word' id='word_1_739' title='bbox 949 2834 999 2860; x_wconf 87' lang='lat' dir='ltr'><strong>im-</strong></span> 
     </span>
    </p>
   </div>
   <div class='ocr_carea' id='block_1_109' title="bbox 1095 2510 1842 2547">
    <p class='ocr_par' dir='ltr' id='par_1_109' title="bbox 1095 2510 1842 2547">
     <span class='ocr_line' id='line_1_109' title="bbox 1095 2510 1842 2547; baseline 0.004 -11"><span class='ocrx_word' id='word_1_740' title='bbox 1095 2510 1156 2537; x_wconf 78' lang='grc' dir='ltr'><strong>Ἐπὶ</strong></span> <span class='ocrx_word' id='word_1_741' title='bbox 1182 2510 1288 2542; x_wconf 77' lang='grc' dir='ltr'>τούτοις</span> <span class='ocrx_word' id='word_1_742' title='bbox 1306 2510 1352 2538; x_wconf 77' lang='grc' dir='ltr'>οὖν</span> <span class='ocrx_word' id='word_1_743' title='bbox 1377 2512 1392 2547; x_wconf 84' lang='grc' dir='ltr'><strong>ἠ</strong></span> <span class='ocrx_word' id='word_1_744' title='bbox 1414 2511 1542 2546; x_wconf 83' lang='grc' dir='ltr'>Θεοδώρα</span> <span class='ocrx_word' id='word_1_745' title='bbox 1569 2512 1654 2539; x_wconf 82' lang='grc' dir='ltr'>πολλὰ</span> <span class='ocrx_word' id='word_1_746' title='bbox 1671 2513 1842 2547; x_wconf 76' lang='grc' dir='ltr'>παραινοῦσ.</span> 
     </span>
    </p>
   </div>
   <div class='ocr_carea' id='block_1_110' title="bbox 1052 2554 1844 2595">
    <p class='ocr_par' dir='ltr' id='par_1_110' title="bbox 1052 2554 1844 2595">
     <span class='ocr_line' id='line_1_110' title="bbox 1052 2554 1844 2595; baseline 0.009 -16"><span class='ocrx_word' id='word_1_747' title='bbox 1052 2554 1098 2580; x_wconf 68' lang='grc' dir='ltr'>τὶν</span> <span class='ocrx_word' id='word_1_748' title='bbox 1113 2554 1221 2590; x_wconf 77' lang='grc' dir='ltr'>Μιχαὴλ</span> <span class='ocrx_word' id='word_1_749' title='bbox 1236 2556 1291 2581; x_wconf 80' lang='grc' dir='ltr'>τῶν</span> <span class='ocrx_word' id='word_1_750' title='bbox 1304 2555 1451 2590; x_wconf 75' lang='grc' dir='ltr'>βασιλείων</span> <span class='ocrx_word' id='word_1_751' title='bbox 1469 2556 1608 2588; x_wconf 78' lang='grc' dir='ltr'>ἓχπτωτος</span> <span class='ocrx_word' id='word_1_752' title='bbox 1621 2557 1745 2591; x_wconf 78' lang='grc' dir='ltr'>γίνεται·</span> <span class='ocrx_word' id='word_1_753' title='bbox 1761 2560 1775 2586; x_wconf 83' lang='grc' dir='ltr'>ὁ</span> <span class='ocrx_word' id='word_1_754' title='bbox 1786 2560 1844 2595; x_wconf 84' lang='grc' dir='ltr'><strong>γὰρ</strong></span> 
     </span>
    </p>
   </div>
   <div class='ocr_carea' id='block_1_111' title="bbox 1054 2599 1844 2638">
    <p class='ocr_par' dir='ltr' id='par_1_111' title="bbox 1054 2599 1844 2638">
     <span class='ocr_line' id='line_1_111' title="bbox 1054 2599 1844 2638; baseline 0.008 -12"><span class='ocrx_word' id='word_1_755' title='bbox 1054 2601 1087 2626; x_wconf 84' lang='grc' dir='ltr'>ἐκ</span> <span class='ocrx_word' id='word_1_756' title='bbox 1105 2602 1207 2637; x_wconf 77' lang='grc' dir='ltr'>μητρὸς</span> <span class='ocrx_word' id='word_1_757' title='bbox 1223 2602 1296 2637; x_wconf 79' lang='grc' dir='ltr'>αὐτῷ</span> <span class='ocrx_word' id='word_1_758' title='bbox 1313 2603 1395 2634; x_wconf 74' lang='grc' dir='ltr'>θεῖος,</span> <span class='ocrx_word' id='word_1_759' title='bbox 1413 2599 1434 2636; x_wconf 74' lang='grc' dir='ltr'><em>ᾧ</em></span> <span class='ocrx_word' id='word_1_760' title='bbox 1449 2603 1554 2638; x_wconf 66' lang='grc' dir='ltr'>Βαρδας</span> <span class='ocrx_word' id='word_1_761' title='bbox 1570 2603 1669 2638; x_wconf 71' lang='grc' dir='ltr'>ὄνομα,</span> <span class='ocrx_word' id='word_1_762' title='bbox 1686 2606 1776 2632; x_wconf 81' lang='grc' dir='ltr'>πάντα</span> <span class='ocrx_word' id='word_1_763' title='bbox 1794 2615 1844 2631; x_wconf 77' lang='grc' dir='ltr'>κα-</span> 
     </span>
    </p>
   </div>
   <div class='ocr_carea' id='block_1_112' title="bbox 1054 2646 1843 2686">
    <p class='ocr_par' dir='ltr' id='par_1_112' title="bbox 1054 2646 1843 2686">
     <span class='ocr_line' id='line_1_112' title="bbox 1054 2646 1843 2686; baseline 0.006 -14"><span class='ocrx_word' id='word_1_764' title='bbox 1054 2646 1108 2672; x_wconf 79' lang='grc' dir='ltr'><strong>λων</strong></span> <span class='ocrx_word' id='word_1_765' title='bbox 1125 2649 1241 2683; x_wconf 75' lang='grc' dir='ltr'>κινήσας</span> <span class='ocrx_word' id='word_1_766' title='bbox 1258 2649 1304 2675; x_wconf 75' lang='grc' dir='ltr'>καὶ</span> <span class='ocrx_word' id='word_1_767' title='bbox 1331 2650 1462 2681; x_wconf 82' lang='grc' dir='ltr'>παντοίως</span> <span class='ocrx_word' id='word_1_768' title='bbox 1479 2650 1603 2676; x_wconf 79' lang='grc' dir='ltr'>ὑπελθὼν</span> <span class='ocrx_word' id='word_1_769' title='bbox 1618 2650 1711 2683; x_wconf 65' lang='grc' dir='ltr'>αὐτὸν,</span> <span class='ocrx_word' id='word_1_770' title='bbox 1727 2654 1777 2685; x_wconf 67' lang='grc' dir='ltr'>τὴν</span> <span class='ocrx_word' id='word_1_771' title='bbox 1791 2656 1843 2686; x_wconf 71' lang='grc' dir='ltr'>μὲν</span> 
     </span>
    </p>
   </div>
   <div class='ocr_carea' id='block_1_113' title="bbox 1055 2693 1842 2731">
    <p class='ocr_par' dir='ltr' id='par_1_113' title="bbox 1055 2693 1842 2731">
     <span class='ocr_line' id='line_1_113' title="bbox 1055 2693 1842 2731; baseline 0.005 -12"><span class='ocrx_word' id='word_1_772' title='bbox 1055 2693 1217 2729; x_wconf 72' lang='grc' dir='ltr'>βασίλισσαν</span> <span class='ocrx_word' id='word_1_773' title='bbox 1241 2696 1335 2730; x_wconf 74' lang='grc' dir='ltr'>πῐρῤω</span> <span class='ocrx_word' id='word_1_774' title='bbox 1361 2695 1489 2729; x_wconf 73' lang='grc' dir='ltr'>γενέσθαι</span> <span class='ocrx_word' id='word_1_775' title='bbox 1506 2696 1558 2722; x_wconf 81' lang='grc' dir='ltr'><strong>τῶν</strong></span> <span class='ocrx_word' id='word_1_776' title='bbox 1575 2696 1722 2731; x_wconf 67' lang='grc' dir='ltr'>βασιλείων</span> <span class='ocrx_word' id='word_1_777' title='bbox 1737 2697 1842 2723; x_wconf 79' lang='grc' dir='ltr'>οἶχονο-</span> 
     </span>
    </p>
   </div>
   <div class='ocr_carea' id='block_1_114' title="bbox 1056 2741 1840 2777">
    <p class='ocr_par' dir='ltr' id='par_1_114' title="bbox 1056 2741 1840 2777">
     <span class='ocr_line' id='line_1_114' title="bbox 1056 2741 1840 2777; baseline 0.004 -12"><span class='ocrx_word' id='word_1_778' title='bbox 1056 2741 1113 2775; x_wconf 84' lang='grc' dir='ltr'><strong>μεῖ,</strong></span> <span class='ocrx_word' id='word_1_779' title='bbox 1138 2741 1234 2767; x_wconf 65' lang='grc' dir='ltr'>ἑαυτὸν</span> <span class='ocrx_word' id='word_1_780' title='bbox 1259 2742 1286 2768; x_wconf 78' lang='grc' dir='ltr'>δὲ</span> <span class='ocrx_word' id='word_1_781' title='bbox 1315 2743 1540 2777; x_wconf 69' lang='grc' dir='ltr'>προχειρισοῆναι</span> <span class='ocrx_word' id='word_1_782' title='bbox 1568 2743 1705 2777; x_wconf 73' lang='grc' dir='ltr'>Καίσαρα.</span> <span class='ocrx_word' id='word_1_783' title='bbox 1726 2742 1840 2770; x_wconf 73' lang='grc' dir='ltr'>Ἐκτοτε</span> 
     </span>
    </p>
   </div>
   <div class='ocr_carea' id='block_1_115' title="bbox 1054 2784 1842 2822">
    <p class='ocr_par' dir='ltr' id='par_1_115' title="bbox 1054 2784 1842 2822">
     <span class='ocr_line' id='line_1_115' title="bbox 1054 2784 1842 2822; baseline 0.003 -10"><span class='ocrx_word' id='word_1_784' title='bbox 1054 2784 1101 2813; x_wconf 72' lang='grc' dir='ltr'><strong>οὖν</strong></span> <span class='ocrx_word' id='word_1_785' title='bbox 1116 2787 1205 2812; x_wconf 71' lang='grc' dir='ltr'>πάντα</span> <span class='ocrx_word' id='word_1_786' title='bbox 1222 2786 1305 2812; x_wconf 78' lang='grc' dir='ltr'>ποιῶν</span> <span class='ocrx_word' id='word_1_787' title='bbox 1322 2786 1359 2816; x_wconf 85' lang='grc' dir='ltr'>ώς</span> <span class='ocrx_word' id='word_1_788' title='bbox 1381 2786 1499 2819; x_wconf 75' lang='grc' dir='ltr'>ἀνταναξ</span> <span class='ocrx_word' id='word_1_789' title='bbox 1515 2787 1545 2812; x_wconf 80' lang='grc' dir='ltr'>οὐ</span> <span class='ocrx_word' id='word_1_790' title='bbox 1563 2787 1676 2815; x_wconf 77' lang='grc' dir='ltr'>διέλιπε.</span> <span class='ocrx_word' id='word_1_791' title='bbox 1697 2789 1766 2822; x_wconf 62' lang='grc' dir='ltr'><strong>Ηρῖς</strong></span> <span class='ocrx_word' id='word_1_792' title='bbox 1781 2790 1842 2814; x_wconf 63' lang='grc' dir='ltr'><strong>τού-</strong></span> 
     </span>
    </p>
   </div>
   <div class='ocr_carea' id='block_1_116' title="bbox 1054 2833 1844 2869">
    <p class='ocr_par' dir='ltr' id='par_1_116' title="bbox 1054 2833 1844 2869">
     <span class='ocr_line' id='line_1_116' title="bbox 1054 2833 1844 2869; baseline 0.001 -10"><span class='ocrx_word' id='word_1_793' title='bbox 1054 2842 1110 2865; x_wconf 75' lang='grc' dir='ltr'>τοις</span> <span class='ocrx_word' id='word_1_794' title='bbox 1137 2833 1166 2859; x_wconf 74' lang='grc' dir='ltr'>δὲ</span> <span class='ocrx_word' id='word_1_795' title='bbox 1193 2834 1240 2859; x_wconf 67' lang='grc' dir='ltr'>καὶ</span> <span class='ocrx_word' id='word_1_796' title='bbox 1271 2833 1446 2868; x_wconf 44' lang='grc' dir='ltr'>παρανομίαν</span> <span class='ocrx_word' id='word_1_797' title='bbox 1463 2834 1573 2869; x_wconf 48' lang='grc' dir='ltr'>ἱτᾷιηια,</span> <span class='ocrx_word' id='word_1_798' title='bbox 1589 2835 1646 2860; x_wconf 68' lang='grc' dir='ltr'>υἱοῦ</span> <span class='ocrx_word' id='word_1_799' title='bbox 1663 2835 1774 2869; x_wconf 51' lang='lat' dir='ltr'><strong>pmice</strong></span> <span class='ocrx_word' id='word_1_800' title='bbox 1792 2843 1844 2868; x_wconf 74' lang='grc' dir='ltr'>γα-</span> 
     </span>
    </p>
   </div>
  </div>
