1960 3075
116 151 169 181 εις)

733 151 935 181 ANXALIUM
954 152 1049 181 PARS
1066 152 1113 181 IV.

1669 156 1720 187 550

119 211 166 236 καὶ
176 210 213 244 τῷ
227 209 287 244 Θεῷ
304 209 417 244 χάριτας
434 210 580 244 ὡμολόγει,
593 212 651 246 εἴτε
663 210 790 245 κατὰτὴν
813 209 893 236 αὑτοῦ

947 210 1058 237 allectos
1073 210 1163 245 aliquo
1177 210 1256 238 modo
1274 211 1399 246 impediri
1417 220 1470 248 quo
1484 214 1573 241 minus
1586 213 1618 241 ad
1632 215 1720 249 ipsum

119 255 257 290 βασιλείαν
274 255 411 284 οὐκὶατιν
428 256 441 282 ὁ
458 255 645 291 ἀδικούμενος.

948 256 1120 288 accederent,
1133 256 1262 283 satellites
1277 265 1324 291 per
1341 257 1433 284 orbem
1449 258 1595 292 dimisisse,
1613 261 1659 295 qui
1676 261 1722 288 ubi

115 302 220 330 reversi
249 302 378 334 fuissent,
409 310 498 338 neque
523 309 552 330 se
583 311 748 338 quemquam
770 302 908 330 invenisse
927 299 1049 329 dicerent
1063 302 1109 337 qui
1136 303 1310 337 querelarum
1327 302 1429 338 aliquid
1450 304 1574 339 haberet,
1591 314 1645 340 pne
1658 315 1723 342 gau-

116 350 162 377 dio
174 350 306 386 lacrymas
318 350 432 384 fudisse,
447 351 557 386 Deoque
575 351 677 386 gratias
703 352 792 387 egisse
815 350 887 386 quod
908 357 937 378 se
956 351 1107 386 imperante
1139 350 1284 378 accidisset
1302 357 1332 378 ut
1364 359 1443 380 nemo
1457 360 1486 380 se
1509 353 1607 389 injuste
1624 359 1722 382 tractu-

116 402 171 424 tum
186 404 401 431 oppressumque
417 397 532 431 diceret.

156 443 186 467 '0
201 443 242 473 εἰς
257 442 364 474 ἀδοξίαν
385 442 439 469 ἀπὺ
459 442 537 479 δόξης
568 444 727 481 περιπεσὼν
759 451 893 479 παραμυ-

115 488 176 520 θίας
191 487 365 518 ἀπολαυέτω,
383 487 432 523 τὴν
448 488 505 514 ἄνω
537 489 585 515 καὶ
617 489 692 516 κάτω
720 488 808 523 φορὰν
837 487 893 514 τῶν

115 534 163 568 τῆς
177 534 285 568 ἀμάξης
304 534 410 568 τροχῶν
445 535 602 570 συστρὲφων
628 535 690 562 καθ’
709 536 805 562 ἑαυτόν
821 543 826 549 ·
842 534 894 570 τῆς

115 580 171 615 γὰρ
200 581 318 606 ἀστάτου
350 589 404 606 των
432 580 582 615 ἀνθρώπων
609 581 783 616 εὐδαιμονίας
812 581 894 608 εἰκὼν

114 625 186 661 αὕτη
203 625 263 652 ἐστὶ
293 627 447 661 προφανής.
470 628 576 654 Ὀποῖον
596 627 628 662 δὴ
651 628 734 655 πάλαι
757 627 892 663 πεποίηκε

116 671 170 698 καὶ
185 671 199 697 ὁ
217 671 358 703 ωυλδάνος
386 674 490 704 ἒκεῐνος
516 673 530 700 ὁ
559 673 707 709 βάρϐαρος.
733 671 816 706 Οὗτος
838 675 893 709 γὰρ

116 717 170 744 ὑπὸ
185 717 231 744 τοῦ
249 718 299 753 τῆς
321 719 463 754 Φραγτίας
491 720 620 754 ἄρχοντος
646 721 824 755 κατασχεθεὶς
847 721 894 747 καὶ

114 764 215 790 διετίαν
240 764 268 790 ὲν
295 766 326 799 τῇ
344 765 451 801 φρουρᾷ
475 766 590 800 ποιήσας
616 767 665 794 οὑκ
681 765 759 801 ὤφθη
777 767 895 799 γελάσας

116 811 192 837 ποτέ.
220 809 294 838 Μετὰ
316 810 344 836 δὲ
372 811 458 838 ταῦτα
482 812 595 845 γελάσαι
621 812 716 839 τοῦτον
733 813 746 840 ὁ
770 814 895 848 Φράγγος

116 853 285 889 μεμαθηκὼς
307 854 396 890 ἐρωτᾷ
411 856 461 890 τὴν
475 856 574 883 αἰτίαν.
596 857 650 884 Καὶ
658 857 687 889 ὃς
709 857 784 891 ἔλεγε
799 858 896 893 τροχὸν

117 899 183 925 ἰδεῖν
199 900 306 934 ἁμάξης
321 902 385 927 ποτὲ
401 901 458 928 ἂνω
489 903 556 928 ποτὲ
574 902 603 929 δὲ
632 903 707 930 κάτω
734 904 895 939 φερόμενον,

115 945 162 971 καὶ
173 944 260 979 τούτῳ
269 945 302 971 τὰ
311 945 370 972 κατ’
381 945 462 972 αὐτὸν
472 947 641 981 παρεικάσας
651 947 680 974 τὸ
689 947 735 975 τοῦ
747 948 804 983 βίου
814 948 896 983 γελα-

116 997 160 1015 σαι
179 989 332 1024 ἀνώμαλον.
348 990 392 1025 Τῷ
405 991 522 1027 Φράγγῳ
537 991 630 1018 λοιπὸν
651 992 773 1028 ᾠκείωτο
792 993 895 1028 ἔκτοτε,

115 1035 164 1062 καὶ
185 1034 337 1070 σύμσουλος
363 1033 398 1071 ἦν
422 1029 520 1071 ὲκείνῲ
544 1037 588 1063 διὰ
612 1037 662 1072 τὴν
681 1038 764 1065 αὐτοῦ
778 1038 895 1068 σύνεσιν,

982 439 1114 467 Car-terum
1133 439 1154 467 si
1168 440 1229 475 quis
1254 444 1296 468 est
1321 441 1367 476 qui
1390 450 1423 469 ex
1442 442 1543 478 ingenti
1569 445 1654 480 gloria
1674 455 1723 481 per

943 493 1037 512 casum
1052 486 1169 520 aliquem
1194 486 1337 513 adversum
1362 488 1396 515 ad
1415 489 1600 517 conditionem
1622 493 1722 520 obscu-

944 539 1001 558 ram
1016 531 1278 567 ignominiosamque
1294 534 1431 568 pervenit,
1446 535 1469 561 is
1484 543 1545 562 cum
1560 537 1651 564 animo
1674 547 1723 565 suo

943 577 1116 612 perpendens
1128 585 1181 612 quo
1197 583 1276 612 pacto
1294 584 1360 606 rotze
1386 580 1497 608 curules
1519 589 1627 608 sursum
1644 583 1724 615 deor-

943 631 1059 658 sumque
1077 623 1210 655 ferantur,
1236 631 1265 650 se
1288 623 1376 658 ipsum
1401 625 1570 653 consoletur.
1597 627 1664 654 Nam
1692 636 1724 656 ea

942 670 1076 698 volutatio
1095 677 1224 705 perquam
1240 670 1339 697 illustri
1358 669 1478 698 declarat
1497 672 1614 708 imagine
1641 682 1723 709 quam

945 716 1082 744 instabilis
1098 715 1133 743 sit
1146 715 1266 742 humana
1283 714 1409 743 felicitas.
1438 716 1495 744 Tali
1513 723 1587 745 certe
1598 721 1725 754 superio-

944 764 1020 791 ribus
1034 763 1109 789 hisce
1127 761 1296 795 temporibus
1313 762 1439 796 exemplo
1455 763 1588 792 barbarus
1607 765 1651 793 ille
1665 767 1723 794 sul-

944 811 1032 837 danus
1046 807 1193 843 aliquando
1205 813 1246 835 est
1257 816 1337 835 usus.
1362 808 1429 835 Nam
1444 817 1505 836 eum
1522 818 1535 837 a
1552 810 1723 840 Francorum

945 855 1069 891 principe
1085 854 1209 889 captivus
1226 853 1405 884 detineretur.
1424 858 1568 890 totumque
1581 856 1724 885 biennium

945 902 972 930 in
990 901 1107 928 vinculis
1121 899 1269 935 exegisset,
1282 906 1423 933 nunquam
1439 908 1501 927 eum
1515 901 1651 929 ridentem
1674 905 1725 931 ali-

945 948 1008 983 quis
1023 947 1178 982 conspexit.
1194 945 1313 974 Tandem
1331 946 1453 974 Francus
1470 947 1610 976 intellecto
1634 950 1726 977 sulda-

945 1001 1011 1022 num
1031 993 1139 1024 risisse,
1153 992 1187 1020 de
1201 992 1319 1026 ipsomet
1341 992 1414 1019 risus
1434 993 1506 1020 illius
1523 1001 1632 1022 causam
1649 1004 1726 1030 qum-

947 1041 992 1067 rit.
1007 1039 1077 1067 Tum
1089 1038 1135 1066 ille
1147 1045 1175 1065 se
1189 1038 1302 1072 plarrstri
1319 1043 1405 1065 rotam
1418 1038 1548 1066 intuitum
1566 1041 1726 1074 respondet,

113 1087 174 1114 qute
188 1080 268 1108 modo
281 1089 389 1109 sursum
406 1081 486 1109 modo
499 1082 626 1111 deorsum
639 1082 766 1111 ferretur.
781 1084 813 1112 Ei
828 1092 857 1112 se
874 1093 952 1115 casus
964 1093 1028 1114 suos
1040 1083 1304 1116 accommodantem.
1320 1092 1373 1111 non
1390 1085 1510 1119 potuisse
1526 1093 1580 1114 non
1597 1087 1724 1123 inaequa—

115 1124 184 1154 biles
199 1135 291 1154 rerum
321 1128 502 1156 humanarum
520 1129 594 1157 vices
604 1129 705 1157 ridere.
726 1129 786 1162 Quo
800 1131 886 1158 verbo
901 1136 991 1159 motus
1005 1131 1126 1158 Francus
1138 1130 1282 1157 suldanum
1298 1130 1331 1157 ab
1351 1137 1384 1158 eo
1401 1135 1523 1166 tempore
1543 1140 1619 1160 suam
1638 1135 1665 1161 in
1682 1135 1725 1162 fa-

115 1173 299 1202 miliaritatem
315 1174 434 1207 admisit,
451 1175 628 1211 hominisque
636 1176 807 1211 prudentiam
817 1177 967 1206 admiratus
984 1186 1046 1206 eum
1059 1178 1087 1204 in
1100 1177 1318 1204 consiliariOrurn
1331 1184 1442 1204 suorum
1461 1185 1606 1206 numerum
1621 1181 1725 1215 retulit.

154 1219 183 1247 '0
195 1220 333 1252 ιςασίλιιος
344 1220 373 1246 δὲ
390 1221 460 1256 μετὰ
479 1221 509 1248 τὸ
538 1222 674 1257 κρατῆσαι
689 1222 761 1249 κατὰ
791 1223 891 1259 Συρίας

979 1224 1047 1252 Cum
1062 1223 1181 1258 primum
1203 1227 1293 1249 autem
1308 1222 1426 1250 Basilius
1440 1223 1586 1258 imperium
1600 1227 1725 1260 occepis-

114 1266 246 1301 ὥρμησε⁹
268 1267 316 1294 καὶ
344 1267 575 1303 Γερμανικόπολιν
600 1268 628 1295 δέ
655 1277 717 1296 τινα
741 1269 892 1305 λεγομένην

117 1311 220 1339 "Aona
234 1311 397 1348 πολιορκῶν,
415 1314 461 1340 καὶ
480 1313 583 1348 ταύτην
603 1314 674 1348 ὀρῶν
709 1312 760 1349 τῆς
784 1316 893 1351 πολιορ-

115 1357 177 1389 κίας
211 1358 396 1393 ὀλιγωροῦσιν
421 1359 495 1394 ἔφη·
520 1369 529 1386 ι
559 1359 616 1394 Ἐφ’
652 1360 705 1395 ὅτῳ
732 1361 893 1392 πεποιθότες

114 1403 276 1439 ἀμερίμνως
290 1405 377 1437 οὕτως
395 1405 504 1440 έχουσις
531 1415 541 1431 ι
573 1406 664 1441 Γέρων
680 1406 708 1433 δέ
730 1415 772 1438 τις
789 1407 893 1434 ἐκεῖθεν

114 1451 282 1486 ἁπεκρίνατο
295 1459 304 1469 ο
326 1461 336 1477 ι
354 1452 391 1479 Οὐ
403 1452 480 1487 παρὰ
499 1452 557 1486 σοῦ,
578 1449 601 1479 ὦ
623 1452 746 1487 βασιλεῦ,
772 1455 789 1488 ἠ
818 1454 894 1484 πόλις

115 1496 194 1531 ἡμῶν
208 1496 309 1523 ἁλῶναι
324 1497 383 1522 νιινὶ
401 1497 555 1531 πέπρωται,
574 1497 649 1532 παρὰ
663 1497 692 1523 δέ
709 1505 755 1523 του
770 1498 824 1523 τῶν
841 1498 895 1523 σῶν

114 1537 138 1574 ᾧ
154 1541 356 1572 Κωνσταντίνος
369 1541 464 1575 ὄνομα.
483 1551 492 1567 ι
512 1542 564 1568 Καὶ
579 1541 608 1573 ὃς
625 1541 765 1573 ὑποδείξας
775 1542 821 1568 τὸν
839 1541 897 1568 υἱὺν

116 1586 200 1612 αὐτοῦ
231 1588 446 1620 Κωνσταντῖνον,
466 1587 582 1622 ἤκουσεν
609 1587 646 1618 ὡς
674 1588 730 1614 Οὐκ
757 1587 830 1614 ἐστιν
849 1587 896 1614 αὐ-

115 1632 172 1664 τὺς,
188 1632 245 1658 ἀλλ’
265 1633 357 1667 ἕτερός
381 1641 423 1664 τις
452 1632 522 1668 μετὰ
547 1632 642 1668 χρόνον
665 1633 760 1667 συχνὸν
784 1634 816 1659 ὲκ
843 1632 889 1658 σοὖ

118 1678 234 1713 ἀνα-φύς.
258 1679 310 1705 Καὶ
330 1680 344 1705 ὁ
370 1678 508 1709 Bato-tirno:
534 1679 578 1705 ἴνα
592 1678 641 1713 τὴν
668 1678 819 1713 πρόῤῥηοιν
835 1678 893 1712 διη-

118 1723 297 1758 μαρτημένην
315 1724 423 1759 ἐλέγξῃ,
449 1724 494 1750 ἐπὶ
519 1723 600 1750 πλέον
610 1723 643 1758 τῇ
659 1724 801 1758 πολιορκίᾳ
812 1731 895 1757 προα-

92 1762 100 1765 ί
117 1770 217 1797 ἑκειτο.
252 1770 334 1797 ’Δλλὰ
360 1770 444 1805 μηδὲν
469 1770 569 1801 ἁνῦσας
602 1769 678 1801 κενὸς
701 1769 805 1796 ἐκεῖθεν
829 1770 894 1796 ὺπέ-

116 1817 244 1849 στρεψεν.

941 1275 994 1302 set,
1025 1270 1051 1297 in
1077 1269 1183 1303 Syriam
1205 1268 1409 1303 expeditionem
1435 1269 1575 1304 suscepit;
1606 1278 1724 1306 cumque

942 1313 1072 1349 oppidum
1085 1312 1222 1347 quoddam
1239 1312 1497 1347 Germanicopolim,
1512 1314 1584 1348 quod
1603 1314 1658 1341 alio
1675 1323 1726 1342 no-

942 1361 1015 1387 mine
1037 1359 1121 1386 Adata
1139 1363 1357 1393 nuncuparetur,
1374 1358 1516 1386 obsidione
1535 1360 1670 1395 cingeret,
1693 1369 1725 1388 ac

943 1405 1068 1433 homines
1091 1404 1218 1431 obsessos
1245 1403 1420 1439 imperatoris
1454 1408 1580 1432 conatum
1607 1404 1726 1434 ﬂoccifa—

944 1459 1005 1479 cere
1020 1451 1134 1482 videret,
1150 1451 1235 1485 quaeri
1252 1451 1335 1486 jussit
1357 1458 1476 1485 quonam
1507 1451 1633 1485 prasidio
1659 1452 1724 1479 freti

949 1503 1004 1524 tam
1018 1504 1114 1524 secure
1128 1497 1269 1531 degerent.
1290 1496 1359 1523 Tum
1384 1496 1495 1531 quidam
1524 1505 1556 1524 cx
1578 1497 1725 1532 oppidanis

945 1549 1039 1575 senex,
1054 1541 1269 1576 «Nequaquam;
1282 1541 1330 1574 ait,
1343 1542 1453 1568 «inlatis
1461 1547 1515 1574 est,
1526 1542 1683 1577 imperator.
1695 1548 1725 1570 ut

946 1588 994 1615 abs
1010 1591 1036 1614 te
1048 1592 1171 1615 nostrum
1191 1587 1243 1614 hoc
1267 1587 1398 1622 oppidum
1412 1587 1493 1622 296
1510 1587 1653 1622 capiatur:
1670 1588 1719 1615 sed

947 1632 974 1659 in
987 1633 1102 1668 alicujus
1116 1637 1236 1663 tuorum,
1265 1633 1312 1667 qui
1329 1632 1499 1660 Constantini
1523 1641 1621 1660 nomen
1639 1634 1725 1660 habe-

946 1678 995 1710 bit,
1012 1682 1175 1713 potestatem
1193 1678 1341 1713 aliquando
1357 1680 1477 1705 veniet.»
1497 1679 1532 1706 Iis
1555 1680 1658 1706 auditis
1674 1680 1725 1706 im-

944 1729 1070 1758 peratore
1085 1723 1170 1751 lilium
1183 1730 1262 1751 suunr
1274 1724 1484 1752 Constantinum
1501 1725 1567 1760 ipsis
1583 1733 1724 1752 commou-

943 1774 1047 1796 strante
1065 1777 1226 1804 responsum
1247 1774 1354 1797 estnon
1371 1770 1442 1797 hunc
1467 1770 1678 1797 Constantinum
1693 1770 1722 1797 il-

942 1815 998 1842 lum
1014 1823 1085 1848 esse,
1102 1816 1149 1843 sed
1165 1816 1246 1843 alium
1272 1817 1417 1847 quemdam
1446 1824 1479 1844 ex
1509 1817 1594 1851 ipsius
1606 1817 1724 1852 posteris

115 1863 170 1889 hoc
183 1863 303 1895 nomine,
322 1863 414 1891 multis
435 1864 514 1890 annis
541 1863 786 1895 intercedentibus,
805 1863 982 1890 exstiturum.
1012 1863 1070 1890 Hoc
1102 1863 1260 1890 vaticinium
1291 1863 1407 1890 Basilius
1422 1869 1451 1890 ut
1476 1863 1573 1890 falsum
1601 1862 1723 1890 irritant-

114 1916 168 1943 que
184 1909 343 1944 declararet,
364 1909 464 1944 majore
495 1910 587 1937 studio
604 1917 685 1944 quam
714 1909 793 1944 prius
820 1909 943 1938 intentus
959 1909 1155 1944 oppugnationi
1186 1914 1255 1936 erat.
1288 1909 1385 1936 Verum
1417 1908 1516 1936 infecta
1555 1916 1584 1937 re
1618 1916 1722 1943 suaque

115 1965 164 1991 spe
177 1958 324 1985 frustratus
341 1958 508 1985 obsidionem
521 1957 613 1985 solvit.

149 2003 234 2036 Οὗτος
257 2005 271 2030 ὁ
285 2004 432 2036 Βασίλειος.
451 2005 492 2032 ὁτι
504 2005 613 2039 Μιχαὴλ
628 2003 715 2031 ἀνεῖλε
739 2005 784 2031 τὸν
801 2004 893 2031 Μεθυ-

979 2001 1112 2034 Quoniam
1135 2007 1198 2027 vero
1212 1999 1327 2027 Basilius
1348 1999 1509 2027 Michaelum
1533 2000 1608 2028 illum
1623 2001 1722 2029 Temu-

117 2052 195 2083 στὴν,
210 2049 266 2077 οἷον
295 2051 502 2086 ἐξιλασκόμενος
517 2051 562 2077 τὸν
586 2050 662 2082 Θεὸν,
687 2050 820 2085 πολλαχοῦ
842 2050 891 2084 τῆς

116 2098 221 2128 πόλεως
233 2097 272 2132 τῷ
289 2097 501 2132 ἁρχιατρατήγῳ
526 2097 636 2132 Μιχαὴλ
659 2096 892 2130 ναοὺςηέδείματο

116 2145 149 2170 ἐκ
161 2143 269 2177 καινῆς.
286 2140 323 2169 ὧν
337 2141 375 2173 εἷς
401 2143 450 2170 καὶ
473 2143 489 2177 ἡ
513 2143 541 2169 ἐν
560 2143 600 2177 τῷ
614 2142 737 2177 παλατίῳ
759 2141 891 2175 λεγομένη

115 2187 184 2216 Νὲα.
197 2189 338 2224 Ἐὣίματο
361 2189 388 2215 δὲ
407 2191 457 2215 κάν
474 2188 512 2223 τῷ
537 2189 612 2224 φόρῳ
633 2188 696 2214 ναὸν
722 2187 764 2214 ἐπ’
781 2187 892 2221 ὀνόματι

115 2237 164 2269 τῆς
179 2236 321 2268 ϐιοτὸκου,
343 2235 379 2266 ὡς
405 2235 437 2261 ἂν
461 2234 546 2269 ἔχοιεν
572 2235 596 2260 οι
633 2233 891 2269 πραγματευόμενοι

116 2279 193 2308 οἷκον
213 2282 379 2316 προσευχῆς.
400 2280 485 2307 Πολλὰ
499 2281 547 2314 μὲν
558 2279 605 2306 οὖν
617 2281 666 2306 καὶ
682 2280 750 2306 ἄλλα
767 2286 892 2312 καινουρ‹

117 2326 207 2360 γήσας
224 2325 238 2350 ὁ
250 2325 387 2360 Βασίλειος
400 2323 448 2349 καὶ
464 2323 625 2357 κινστὲρναν
641 2322 802 2357 ἀπεκάθηρέ
819 2328 890 2354 τινα,

117 2370 150 2402 ἣν
163 2369 178 2394 ό
201 2368 327 2402 βασιλεὺς
347 2368 504 2401 Ἡράκλειος
538 2367 674 2401 ἀπέχωσε.
700 2366 787 2398 κῆπον
806 2366 891 2400 αὐτὴν

116 2415 235 2449 ’ποιήσας
263 2414 395 2448 λαχάνων.
426 2413 510 2439 Τοῦτο
526 2413 554 2439 δὲ
582 2412 692 2447 ἐποίησε
719 2412 767 2438 καὶ
790 2412 818 2437 ἐν
833 2411 891 2442 ταῖς

115 2460 213 2492 οὖσαις
227 2460 304 2491 me;
319 2460 366 2486 τοῦ
382 2459 524 2490 παλατιου,
541 2459 575 2493 τῇ
601 2466 630 2484 τε
649 2459 717 2492 πρὸς
741 2457 790 2491 τῆς
815 2457 891 2484 Μαν-

118 2506 221 2541 vra-ipa;
233 2505 279 2532 καὶ
295 2507 327 2540 τῇ
347 2505 447 2540 μεταξὺ
480 2503 670 2530 ’1ουστινιανοῡ
686 2503 734 2529 καὶ
755 2501 801 2528 τοῦ
818 2503 892 2528 Auu-

118 2551 217 2579 σλκοϋ.
252 2552 281 2577 '0
295 2551 349 2586 γὰρ
384 2551 544 2586 Ἡράκλειος
578 2550 654 2585 παρὰ
681 2548 817 2582 Στεφάνου
844 2547 891 2573 τοῦ

116 2598 261 2632 φιλοσόφου
287 2598 335 2632 τὴν
364 2597 469 2631 γένεσιν
497 2595 580 2622 αὑτοῦ
610 2595 892 2630 πολυπραγμονήσαν-

116 2653 161 2675 τυς
176 2642 270 2678 μαθὼν
281 2643 317 2675 ὡς
329 2643 358 2675 ἐξ
373 2643 468 2674 ὓδατος
480 2643 560 2669 αὐτὸν
572 2643 677 2677 ἀνάγκη
691 2640 829 2675 τελευτᾷν,
842 2639 890 2670 τὰς

943 2048 1047 2075 lentum
1068 2048 1254 2078 interfecerat,
1269 2046 1393 2080 placandi
1410 2046 1456 2072 Dei
1473 2053 1556 2073 causa
1570 2046 1662 2073 multis
1673 2055 1721 2082 per

943 2093 1038 2119 urbem
1054 2092 1121 2118 locis
1140 2098 1224 2118 novas
1249 2090 1320 2118 tcdes
1344 2090 1477 2117 Michaelo
1493 2090 1610 2125 principi
1627 2093 1721 2126 copia-

944 2145 1003 2164 rum
1021 2137 1172 2165 coelestium
1187 2135 1249 2163 duci
1267 2136 1410 2163 exstruxit.
1443 2135 1482 2163 Ex
1506 2137 1540 2164 iis
1556 2145 1610 2163 una
1634 2142 1677 2164 est
1692 2138 1719 2164 in

943 2183 1054 2217 palatio,
1084 2189 1165 2217 quam
1191 2181 1293 2209 Novam
1322 2181 1469 2216 appellant.
1496 2181 1592 2210 Itidem
1611 2183 1638 2210 in
1658 2183 1720 2210 for»

944 2228 1075 2263 templum
1107 2228 1210 2255 nomini
1226 2227 1348 2262 Deipara:
1373 2228 1494 2255 dicatum
1531 2229 1665 2260 condidit,
1691 2235 1721 2256 ut

942 2275 1014 2300 aedes
1029 2274 1090 2302 Istic
1102 2274 1192 2308 aliqua
1206 2274 1275 2300 foret
1288 2274 1314 2300 in
1326 2281 1378 2308 qua
1396 2279 1561 2301 mercatores
1574 2282 1720 2308 precaren~

944 2324 998 2346 tur.
1015 2319 1150 2347 Praeterea
1169 2321 1303 2354 reparatis
1320 2320 1532 2355 instauratisque
1549 2320 1643 2347 multis
1655 2329 1720 2355 opr-

944 2363 1022 2391 ribus
1034 2365 1115 2391 etiam
1130 2364 1276 2398 quamdam
1294 2365 1441 2392 cisternam
1454 2366 1624 2400 expurgavit,
1638 2373 1719 2400 quam

943 2409 1085 2437 Herm-lius
1104 2410 1252 2445 imperator
1262 2411 1343 2438 humo
1360 2411 1464 2445 ingesta
1476 2411 1634 2446 oppleverat
1647 2411 1720 2446 ejus—

942 2462 996 2488 que
1009 2455 1069 2482 loco
1089 2455 1198 2482 hortum
1213 2455 1318 2482 olerum
1334 2456 1471 2483 ell'er'erat.
1501 2457 1574 2483 Idem
1593 2457 1720 2491 praestitit

943 2499 970 2526 in
987 2500 1021 2527 iis
1039 2501 1164 2528 cisternis
1183 2510 1242 2536 qua:
1255 2507 1320 2528 sunt
1335 2503 1404 2529 intra
1422 2503 1562 2536 palatium,
1593 2507 1620 2529 et
1644 2502 1670 2528 in
1687 2510 1718 2528 ea

943 2553 1003 2579 quae
1018 2551 1058 2573 est
1072 2547 1105 2573 ad
1123 2547 1287 2579 Mannaram,
1304 2553 1331 2574 et
1347 2548 1373 2574 in
1390 2548 1443 2574 alia
1462 2555 1524 2582 qua;
1551 2549 1622 2574 inler
1636 2548 1720 2574 .lusli-

943 2590 1072 2617 nianeum
1089 2599 1121 2618 ac
1135 2591 1285 2618 Lausacum
1315 2592 1366 2618 sita
1383 2597 1434 2618 est.
1462 2591 1528 2617 Nam
1546 2599 1607 2617 cum
1633 2591 1718 2616 ltera-

943 2635 1014 2662 clius
1041 2644 1073 2663 ex
1103 2635 1244 2671 Stephano
1275 2637 1448 2670 philosopho,
1474 2636 1520 2671 qui
1548 2633 1717 2662 nativitatem

117 2689 171 2714 τῶν
195 2688 371 2722 κινστερνῶν,
387 2688 423 2718 ὡς
434 2687 551 2722 εἴρηται,
568 2686 738 2722 προσχώσεις
750 2685 889 2717 εποίησεν,

945 2683 1004 2717 ejus
1023 2684 1131 2710 curiose
1145 2689 1332 2718 perscrutatus
1346 2685 1444 2715 fuerat,
1475 2692 1521 2718 per
1551 2690 1647 2716 aquam
1665 2681 1717 2707 sibi

116 2737 286 2763 maricndnm
300 2743 359 2762 esse
372 2735 553 2769 cognovisset,
569 2735 713 2766 cisternas,
725 2736 754 2759 ut
764 2731 890 2762 diximus,
903 2736 1005 2763 passrm
1021 2730 1205 2758 obstruxerat.

158 2782 189 2808 Ὀ
204 2782 294 2816 μέντοι
314 2781 360 2807 τοῦ
380 2781 510 2816 βασιλέως
531 2781 588 2811 υἱὸς
615 2780 820 2809 Κωνσταντίνος
846 2785 891 2803 νο-

118 2830 203 2862 σήσας
221 2828 349 2854 ἀπέθανε.
367 2828 420 2853 Καὶ
435 2828 449 2853 6
476 2828 654 2862 αὐτοκράτωρ
671 2827 716 2852 τὸν
734 2825 816 2851 αὐτοῦ
844 2825 891 2850 Θά-

119 2881 199 2899 νατον
213 2873 242 2898 οὐ
254 2872 342 2906 φέρων
360 2872 448 2905 ἐζήτει
466 2871 553 2903 ζῶντα
574 2872 666 2898 τοῦτον
692 2868 894 2904 ἐμφανισθῆναι

977 2777 1133 2804 {Secundum
1149 2777 1206 2804 hare
1219 2778 1311 2804 evenit
1336 2782 1365 2804 ut
1381 2777 1576 2804 Constantinus
1603 2779 1719 2812 impera-

941 2824 1008 2849 toris
1025 2823 1116 2850 Basilii
1134 2823 1205 2851 lilius
1217 2825 1312 2862 morbo
1327 2830 1469 2858 correptus
1495 2825 1603 2850 tandem
1629 2832 1718 2851 rnore-

951 2873 1037 2897 retur.
1056 2869 1117 2897 Eam
1136 2870 1182 2896 filii
1198 2874 1313 2897 mortem
1331 2877 1392 2897 cum
1409 2871 1555 2906 imperator
1573 2870 1718 2899 admodum
