1960 3075
276 138 327 170 553

901 145 1106 175 MICHAELIS
1124 147 1253 177 GLYCIE
1818 141 1847 171 55

275 203 334 227 eus,
363 197 491 225 solitariae
507 199 568 226 vitae
602 205 730 231 sectator,
761 199 830 234 apnl
857 200 1047 234 imperatorem

1109 202 1219 234 ιεγάλυυ
1236 203 1343 236 Κοςμί,
1363 201 1445 227 mihi:
1480 197 1630 234 κχτεδεὴΊη
1663 197 1708 223 τοῦ
1726 195 1858 231 βασιλέως,

275 241 366 269 verbis
383 242 537 277 hujusmodi
553 243 746 279 deprecaretur
763 254 769 272 :
792 255 800 270 ι
818 244 877 271 Noli
894 249 1047 279 tantopere,

277 287 432 321 imperator,
446 289 527 316 irasci
541 293 568 317 et
583 298 744 319 succensere
761 300 767 317 :
794 298 855 318 nam
873 291 924 318 hoc
939 295 1050 317 eventu-

276 340 335 358 rum
354 333 401 360 tibi
417 339 491 362 vales
501 335 583 362 etiam
597 336 713 364 Davidcs
732 337 904 371 prmdixcrat,
921 345 982 365 cum
994 337 1050 364 ait:

279 378 379 410 «Quam
390 381 472 406 multa
488 381 573 408 hostis
589 382 711 417 improbe
724 383 876 418 designavit
888 384 914 410 in
929 388 1051 410 sanctum

278 427 363 449 luunl.
380 424 431 456 Qui
452 429 478 452 te
495 426 622 458 oderunt,
648 427 675 453 in
693 428 750 461 ipso
779 428 827 455 tibi
846 428 914 455 festo
940 427 1053 455 insulta-

277 474 349 496 runt.
366 470 547 506 Quapropter,
571 468 736 508 imperator,
767 475 829 508 aliis
844 475 933 502 adhuc
959 477 1051 502 decem

276 515 354 541 annis
368 514 483 550 imperio
499 518 524 544 te
544 518 626 553 299
640 520 720 554 potiri
737 525 869 555 oportet.)
891 520 946 548 lloe
957 520 1052 548 vatici-

276 559 351 586 nium
367 561 457 588 exitus
473 570 566 590 verum
578 566 766 599 comprobavit
781 574 789 593 :
803 574 865 594 nam
881 567 1052 602 post.deeem

278 613 364 632 annos
379 614 412 633 eo
428 607 487 642 ipso
510 614 635 637 mortuus
661 615 704 637 est
729 611 772 638 die
793 619 847 646 quo
861 604 964 648 plagam
985 612 1054 639 hanc

277 651 390 684 accepit.
407 651 507 681 Leonis
524 654 606 689 hujus
624 663 693 682 uxor
706 656 885 692 Theophane,
908 665 969 684 cum
985 657 1053 685 citra

276 697 475 726 aemulationem
494 707 622 734 perpessa
639 700 734 728 fuisset
750 707 778 728 ut
797 703 911 730 alteram
929 703 973 730 ille
989 695 1061 730 con;

275 742 367 776 jugem
384 743 505 776 duceret,
529 745 659 782 deinceps
684 752 832 775 consecuta
859 754 902 775 est
921 753 950 775 ut
967 748 1053 783 palam

277 789 399 824 prodigia
414 790 536 824 qtuedam
553 792 656 819 ederet.
677 793 768 829 Neque
786 799 889 822 tantum
912 795 962 822 has
989 803 1055 822 uxo-

277 841 319 860 res
335 833 430 862 habuit
447 835 512 868 Leo,
528 837 574 864 sed
589 839 674 865 etiam
690 838 762 866 Zocn
778 840 990 875 Carbonopsiam
1003 848 1055 866 nu-

277 886 352 906 mero
367 885 491 914 quartam
504 881 599 916 duxit;
626 891 688 919 qua:
717 883 776 912 sine
800 886 934 920 augustall
952 893 1052 913 corona

277 924 341 952 satis
360 925 440 961 longe
452 927 583 962 temporis
603 929 690 963 spatio
712 938 772 957 cum
791 939 823 958 eo
841 931 917 958 vixit.
933 930 1053 958 Tandem

276 977 309 996 ex
325 978 356 997 ea
375 977 456 1000 natus
472 977 512 1000 est
527 974 682 1008 imperatori
696 976 776 1008 ﬁlius,
794 976 820 1004 in
839 977 916 1013 cujus
931 983 991 1005 ortu
1009 985 1055 1004 co-

278 1021 364 1043 metes
375 1024 539 1053 conspectus
564 1025 616 1052 est,
642 1022 687 1056 qui
714 1022 805 1050 radios
825 1031 890 1050 suos
920 1024 1054 1051 orientem

276 1071 373 1090 versus
385 1064 545 1099 projieiebat
556 1070 583 1093 et
597 1067 630 1093 ad
647 1068 887 1102 quadragesimum
917 1068 989 1096 diem
1011 1076 1055 1095 us-

276 1117 329 1143 que
345 1108 463 1137 lucebat.
482 1109 538 1138 Hoc
554 1110 608 1138 ﬁlio
623 1118 686 1139 nato
701 1112 820 1141 Thomas
851 1114 962 1148 quidam
994 1122 1055 1141 mu-

277 1164 341 1184 nere
357 1158 475 1186 senioris
486 1158 601 1193 fungens
619 1160 703 1187 Leoni
719 1165 747 1188 et
759 1161 820 1188 Zoaa
829 1161 916 1189 fausta
931 1166 1056 1196 precatus

277 1207 319 1230 est
336 1209 464 1238 tanquam
481 1205 652 1241 conjugibus.
667 1207 756 1242 Atque
770 1207 793 1235 is
808 1209 901 1236 senior
917 1209 977 1236 loco
991 1209 1057 1236 sub-

279 1254 369 1276 motus
384 1250 513 1285 deinceps
540 1251 601 1279 fuit.
634 1251 705 1280 Hinc
721 1253 856 1281 Santones
885 1255 1014 1289 patricius
1041 1263 1056 1282 a

278 1296 370 1325 Leone
389 1296 477 1326 cilicio
494 1297 654 1326 Cubicularii
671 1304 797 1331 ornatur,
809 1299 882 1334 quod
901 1300 926 1327 ei
942 1300 975 1327 ad
999 1308 1058 1327 om-

278 1350 340 1370 nem
354 1344 554 1377 improbitatem
568 1343 760 1380 opitularetur.
774 1345 800 1372 Is
815 1350 912 1379 praeter
925 1345 976 1372 alia
993 1345 1058 1372 faci-

280 1395 345 1416 nora
358 1388 501 1416 curavitut
515 1389 668 1423 patriarcha
681 1389 771 1415 solum
785 1393 892 1422 vertere
903 1394 1056 1424 cogeretur,

279 1440 360 1466 quem
375 1433 481 1461 scilicet
493 1434 551 1469 ipse
563 1433 662 1461 solium
681 1434 732 1461 sibi
758 1433 899 1460 vindicare
914 1433 1055 1460 vetuisset.

279 1477 449 1506 Substitulus
467 1478 518 1506 fuit
532 1480 591 1515 ejus
607 1479 667 1507 loco
693 1479 734 1506 vir
750 1479 928 1506 admirandus
951 1479 1056 1514 Euthy-

1103 248 1200 281 λέγων·
1220 258 1228 273 ι
1252 248 1294 282 Μὴ
1316 247 1424 282 ὀργιζου
1446 247 1512 281 μηδὲ
1537 245 1694 280 χαλέπαινε,
1711 239 1733 269 ὖ)
1751 241 1867 276 βασιλεῦ·

1102 293 1349 326 προγεγραμμένον
1368 293 1419 326 γὰρ
1435 290 1469 326 ἦν
1500 299 1540 317 σοι
1556 290 1654 316 παθεῖν
1680 290 1755 323 παρὰ.
1770 287 1813 314 τοῦ
1827 286 1868 312 καὶ

1103 339 1192 370 Δαὸὶδ,
1203 338 1344 373 εἰρηκότος
1359 338 1446 364 ιὊσα
1461 336 1663 371 ἑπονηρεύσατο
1671 336 1684 361 ὁ
1693 334 1786 369 ἐχθρὸς
1799 335 1824 360 ἐν
1835 335 1869 369 τῷ

1103 384 1173 418 ἁγίῳ
1187 393 1246 415 σου,
1265 384 1312 410 καὶ
1338 383 1554 417 ὲνεκαυχήσαντο
1583 382 1608 407 οἱ
1631 379 1774 414 μισοῦντές
1796 387 1822 404 σε
1844 379 1870 404 ὲν

1105 432 1179 465 μέσῳ
1195 430 1244 465 τῆς
1269 430 1366 465 ἑορτῆς
1392 438 1448 455 σου.
1467 438 1476 454 ι
1491 429 1536 454 Δεῖ
1550 425 1596 454 οὖν
1619 435 1660 457 σε.
1683 426 1808 457 δέσποτα,
1830 424 1870 451 ἐπ’

1103 477 1171 504 ἄλλα
1189 480 1203 503 ι’
1214 477 1262 511 ἔτη
1273 477 1384 512 κρατεῖν
1398 475 1448 510 τῆς
1472 474 1621 510 βασιλείας.
1641 483 1650 500 ι
1670 474 1705 500 Ὃ
1721 473 1754 507 δὴ
1771 471 1814 499 καὶ
1829 472 1871 504 γέ-

1103 529 1182 554 γονεν
1193 528 1200 535 ·
1221 520 1340 548 ἀπέθανε
1354 519 1408 554 γὰρ
1423 520 1491 552 μετὰ
1508 518 1574 545 δέκα
1599 517 1724 553 χρόνους,
1751 516 1810 544 κατ’
1825 517 1872 543 αὐ·

1104 566 1151 601 τὴν
1168 562 1222 600 τὴν
1236 565 1343 601 ἡμέραν
1358 565 1420 591 καθ’
1435 565 1469 600 ἢν
1486 564 1532 591 καὶ
1544 563 1660 598 ἐπλήγη.
1681 562 1713 590 Ἦ
1726 563 1814 597 μέντοι
1828 562 1871 589 τοῦ

1104 611 1218 641 Λέοντος
1243 610 1310 645 γυνὴ
1337 610 1466 644 Θεοφανὼ
1494 609 1530 643 μὴ
1547 608 1758 643 ζηλοτυπήσασα
1778 607 1815 633 ὅτι
1828 615 1873 640 γυ-

1104 658 1186 683 ναῖκα
1206 655 1301 690 ἑτέραν
1314 657 1328 683 ὁ
1341 655 1417 682 Λέων
1437 654 1567 690 ἠγάγετο,
1582 652 1787 688 θαυματουργὸς
1802 651 1872 679 ὕστε-

1106 713 1152 739 ρον
1172 703 1373 730 ἀναδεὶκνυται.
1396 701 1530 735 Ἠγάγετο
1545 700 1573 727 δὲ
1605 699 1654 734 τὴν
1679 699 1812 734 τετάρτην
1829 706 1874 732 γυ-

1104 752 1184 777 ναῖκα
1200 749 1277 784 Ζωὴν
1302 748 1351 784 τὴν
1379 747 1589 784 Καρίωνοψίαν,
1609 746 1670 781 ἥτις
1695 745 1762 772 ἐσίω
1787 744 1875 779 χρόνον

1106 797 1201 831 συχνὸν
1217 795 1275 830 μετ’
1285 794 1367 822 αὑτοῦ
1380 794 1512 829 ἀστεφής.
1544 793 1612 820 Ἀπὸ
1629 791 1694 826 γοῦν
1707 790 1808 825 ταύτης
1819 789 1875 816 ὲτέ-

1105 844 1157 878 χθη
1176 842 1215 878 τῷ
1229 842 1335 876 βασιλεῖ
1350 841 1455 869 παιδίον
1474 841 1569 876 ἄρρεν.
1588 838 1685 871 οὗπερΓ
1698 839 1728 864 ἐν
1757 837 1791 871 τῇ
1816 844 1874 870 γεν-

1107 890 1183 925 νήσει
1203 889 1325 924 κομήτης
1339 888 1437 922 ἐφάνη,
1464 887 1513 918 τὰς
1541 886 1654 916 ἀκτῖνας
1675 883 1722 911 ἀπ’
1749 882 1876 916 ἀνατολῆς

1105 937 1196 971 ἀφιεὶς
1211 937 1258 962 καὶ
1277 935 1394 969 λάμπων
1422 933 1502 968 ἄχρις
1525 931 1637 967 ἡμερῶν
1667 933 1704 966 μ’.
1725 928 1875 964 Τηνικαῦτα

1105 980 1132 1007 δὲ
1148 981 1194 1006 καὶ
1212 979 1289 1007 Λέων
1302 977 1453 1014 εὐλογεῖται
1471 977 1540 1011 μετὰ
1553 975 1632 1009 Ζωῆς
1653 972 1730 1008 παρὰ
1740 973 1822 1008 Θωμᾶ
1832 971 1877 998 τοῦ

1106 1024 1294 1060 πρεσϐυτέρου
1309 1024 1392 1056 τινος,
1416 1022 1445 1054 ὃς
1454 1022 1485 1057 δὴ
1497 1021 1543 1048 καὶ
1554 1020 1714 1055 καθαιρέσει
1731 1018 1876 1045 ὗπὲπεσεν.

1111 1073 1140 1098 Ὀ
1156 1072 1184 1098 δὲ
1198 1071 1343 1106 πατρίκιος
1355 1069 1489 1104 Σαμωνᾶς
1518 1066 1675 1102 προεϐλήθη
1705 1063 1879 1100 παρακοιμὼ-

1108 1127 1198 1154 μενος,
1225 1116 1354 1151 συνεργδς
1385 1115 1422 1141 ὢν
1452 1114 1565 1144 Λέοντος
1592 1109 1632 1144 εἷς
1663 1111 1753 1138 πᾶσαν
1773 1110 1878 1137 κακίαν.

1107 1165 1163 1191 Καὶ
1177 1162 1258 1190 αὑτὸν
1272 1162 1301 1188 δὲ
1328 1162 1374 1187 τὸν
1393 1159 1569 1195 πατριάρχην
1588 1157 1644 1193 (8ιῑ)
1668 1157 1805 1190 οἰκονομεῖ
1822 1155 1880 1187 ἑξο-

1109 1206 1356 1246 ρισθῆναι,ἆτετῆς
1366 1204 1534 1239 Ἐκκλησιας
1549 1202 1702 1229 ὲπιὸαίνειν
1718 1198 1880 1246 παρίαὺτοῦ

1108 1244 1290 1288 ιιωλυὸμενος.
1325 1251 1469 1284 Ἀνάγεται
1500 1249 1529 1275 δὲ
1546 1248 1604 1275 ἀντ’
1633 1246 1716 1274 αὑτοῦ
1747 1244 1882 1278 Εὗθύμιος

1108 1298 1177 1333 ἀνὴρ
1191 1296 1357 1331 θαυμαστός.
1378 1295 1408 1321 '0
1425 1295 1516 1330 μέντοι
1547 1291 1673 1327 βασιλεὺς
1698 1289 1783 1317 πολλὰ.
1801 1297 1882 1315 σπου-

1107 1344 1190 1375 δάσας
1213 1344 1297 1376 νόμον
1311 1341 1422 1376 τεθῆναι
1443 1339 1513 1367 ὥστε
1533 1338 1578 1365 τὸν
1607 1337 1690 1372 ἄνδρα
1705 1335 1801 1371 τρίτην
1814 1334 1884 1369 λαμ-

1109 1387 1201 1414 ϐάνειν
1221 1386 1237 1422 ἢ
1253 1387 1299 1412 καὶ
1313 1385 1447 1420 τετάρτην
1462 1384 1579 1417 γυναῖκα
1609 1381 1639 1407 τὸ
1662 1379 1881 1413 σπουδαζόμενον

1108 1434 1207 1461 ἀνύσαι
1245 1433 1296 1459 οὐκ
1326 1432 1438 1466 ἴσχυσε,
1469 1429 1516 1456 τοῦ
1552 1429 1675 1455 τοιούτου
1713 1425 1884 1460 πατριάρχου

1108 1481 1188 1508 τοῦτο
1228 1477 1503 1514 παρεμποδίξοντος·
1545 1474 1608 1501 ὅθεν
1645 1471 1692 1499 καὶ
1729 1471 1822 1501 στάσις
1856 1469 1886 1495 ὲν

280 1524 361 1552 trtius.
381 1523 506 1560 Cumque
528 1513 645 1553 multum
667 1533 756 1561 opcrre
786 1525 965 1560 impendisset
991 1513 1057 1557 Leo,

1110 1526 1166 1556 τοῖς
1192 1522 1365 1558 ἀρχιερεῦσιν
1395 1521 1425 1547 οὐ
1454 1519 1539 1555 μικρὰ
1562 1518 1678 1552 γίνεται.
1764 1514 1800 1550 μὴ
1830 1513 1886 1562 “rd?

278 1578 334 1604 quo
348 1570 467 1598 elliceret
483 1577 512 1598 ut
524 1571 566 1598 lex
587 1571 816 1607 promulgaretur,
828 1571 906 1605 cujus
922 1570 1056 1605 permissu

276 1616 322 1650 jus
334 1616 393 1642 viro
403 1615 473 1645 foret
490 1624 601 1644 uxorem
620 1617 728 1644 tertiam
745 1621 905 1651 quartamve
925 1616 1055 1649 ducendi.

1110 1571 1190 1597 τοῦτο
1215 1566 1261 1604 ἦν,
1276 1567 1327 1594 οὐκ
1353 1567 1385 1593 ἂν
1399 1567 1416 1599 ἡ
1437 1565 1500 1599 περὶ
1524 1563 1648 1594 ἑνώσεως
1671 1561 1800 1596 ἑκγέγονε
1825 1559 1887 1585 σύν-

1110 1617 1179 1647 οδος.

279 1671 332 1690 non
349 1667 439 1691 tamen
471 1663 498 1690 id
513 1663 643 1700 consequi
674 1663 772 1699 potuit,
805 1663 877 1699 quod
908 1668 1050 1698 tantopere
1074 1663 1212 1698 cupiebat,
1229 1661 1279 1688 hoc
1294 1658 1355 1693 ipso
1384 1657 1538 1693 patriarcha
1564 1661 1694 1685 conatum
1713 1654 1890 1690 imperatoris

279 1709 454 1743 impediente.
473 1708 530 1743 Qua
543 1717 576 1738 ex
592 1718 672 1737 causa
686 1717 738 1736 non
769 1717 863 1745 parum
876 1710 980 1738 exstitit
1011 1710 1083 1737 inter
1102 1709 1240 1736 antistites
1269 1705 1384 1736 dissidii,
1401 1705 1479 1740 cujus
1495 1704 1606 1731 nomine
1625 1707 1719 1738 postea
1747 1701 1781 1729 de
1806 1709 1889 1729 revo-

279 1755 373 1783 candis
389 1755 423 1783 ad
439 1755 566 1783 unionem
579 1759 606 1782 et
618 1755 793 1782 concordiam
815 1755 915 1783 animis
930 1755 1051 1790 synodus
1071 1755 1163 1782 habita
1181 1755 1241 1781 fuit.

313 1801 382 1829 Cum
410 1806 502 1828 autem
540 1801 751 1829 Constantinum
782 1801 931 1828 Andronici
971 1801 1056 1828 tilium

278 1848 423 1883 quamdam
436 1848 469 1875 ad
480 1848 679 1883 expeditionem
710 1849 858 1884 imperator
884 1856 946 1875 cum
971 1849 1058 1882 copiis

279 1893 427 1928 ablegaret,
449 1901 498 1927 per
514 1893 664 1920 triclinium
679 1893 816 1921 hominem
829 1894 960 1924 educens,
971 1894 1057 1920 oculis

279 1939 307 1966 in
323 1939 426 1966 Christi
441 1946 472 1966 ac
487 1938 608 1973 Deiparze
628 1938 762 1971 imagines
774 1938 882 1971 deﬁxis,
901 1947 961 1973 quae
973 1945 1056 1973 supra

281 1990 387 2020 portam
402 1990 483 2012 erant
496 1985 646 2016 collocatae.
660 1985 701 2012 his
713 1985 804 2013 verbis
818 1993 884 2012 usus
901 1990 943 2012 est
958 1994 964 2011 :
983 1994 993 2009 ι
1009 1984 1059 2011 Ca-

278 2034 352 2062 veto.
376 2030 563 2063 Constantine,
582 2038 680 2057 nomen
706 2038 740 2058 ne
757 2030 805 2058 tibi
831 2035 905 2057 tuum
929 2031 1059 2065 imponat,

280 2083 349 2102 neve
362 2076 449 2102 fretus
465 2075 510 2102 illo
526 2075 678 2110 potiturum
691 2080 717 2103 te
738 2076 925 2103 Romanorum
944 2075 1060 2110 imperio

1145 1802 1350 1829 Κωνσταντῖνον
1371 1799 1416 1826 τὸν
1432 1798 1478 1825 τοῦ
1504 1795 1677 1831 Ἀνδρονίκου
1705 1794 1763 1821 υἱὸν
1780 1794 1820 1825 εἰς
1844 1794 1891 1820 ὲκ-

1111 1845 1255 1882 στραξτεὲαν
1269 1849 1283 1874 ὁ
1299 1846 1424 1882 βασιλεὺς
1437 1843 1620 1873 ἀποστέλλων,
1645 1842 1691 1868 καὶ
1706 1841 1750 1867 διὰ
1771 1840 1818 1866 τοῦ
1831 1849 1893 1874 τρι-

1111 1893 1200 1920 κλίνου
1217 1893 1321 1926 ἐξάγων
1338 1891 1429 1923 αὐτὸν,
1444 1888 1565 1921 ἀτενίζει
1575 1887 1645 1922 πρὸς
1655 1887 1705 1923 τὰς
1718 1886 1823 1913 ἄνωθεν
1838 1887 1892 1917 τῆς

1111 1939 1198 1974 πύλης
1214 1937 1405 1973 ὲστηλωμὲνας
1421 1935 1529 1966 εἰκόνας
1558 1934 1605 1960 τοῦ
1623 1932 1740 1967 Χριστοῦ
1768 1931 1817 1958 καὶ
1837 1931 1893 1966 τῆς

1108 1986 1291 2020 Θεομήτορος.
1307 1984 1363 2011 Καὶ
1376 1983 1502 2013 ἀτενίσας
1517 1980 1601 2012 οὕτως
1614 1979 1689 2012 ἔλεγε
1705 1979 1773 2014 πρὸς
1785 1977 1871 2005 αὐτόν
1885 1986 1893 1993 ⁸

1110 2041 1120 2058 ι
1138 2032 1182 2065 Μή
1204 2039 1234 2057 σε
1254 2030 1392 2062 πλανάτω,
1407 2025 1429 2055 ὦ
1449 2023 1649 2059 Κωνσταντϊνε,
1666 2026 1696 2052 τὶ
1710 2025 1806 2058 ὕνομα.
1824 2023 1897 2059 μηδὲ

1107 2077 1151 2103 διὰ
1165 2077 1244 2103 τοῦτο
1261 2076 1394 2110 κατάρξαι
1418 2075 1564 2109 Ῥωμαίων
1579 2073 1685 2108 νόμιζε.
1715 2073 1747 2099 Ἣ
1766 2072 1898 2106 βασιλεία

280 2126 369 2156 putes.
383 2121 450 2148 Nam
471 2129 532 2148 meo
551 2121 607 2148 ﬁlio
617 2121 797 2148 Constantino
819 2121 951 2148 divinitus
975 2122 1057 2157 impe-

1110 2123 1163 2159 γὰρ
1178 2123 1215 2158 τῷ
1228 2123 1285 2158 ἐμῷ
1301 2121 1502 2156 Κωνσταντίνῳ
1515 2120 1566 2156 ι)ῑῷ
1574 2120 1650 2155 παρὰ
1663 2118 1732 2146 Θεοῦ
1744 2119 1899 2153 τεταμίευ-

281 2167 351 2194 rium
368 2171 535 2194 reserVatum
554 2171 607 2199 est,
633 2167 706 2201 quod
733 2167 860 2202 equidem
889 2172 1059 2202 perspectum

282 2212 380 2243 habeo,
396 2211 576 2246 signiﬁcatum
592 2211 657 2238 mihi
678 2212 780 2238 divinis
792 2212 825 2239 ab
843 2212 1005 2239 hominibus
1019 2212 1061 2239 fu-

281 2261 340 2283 tura
357 2256 542 2292 prospiciendi
559 2257 584 2284 vi
601 2256 732 2291 praeditis.
746 2256 918 2291 Quapropter
928 2257 998 2285 seire
1018 2258 1063 2285 de-

281 2303 328 2330 l-es
344 2307 508 2330 eventurum
529 2307 558 2329 ut
575 2302 620 2329 ubi
639 2302 811 2337 tyrannidem
840 2303 872 2329 ad
894 2308 933 2330 .te
966 2310 1061 2337 rapere

280 2353 396 2375 conatus
410 2347 507 2379 fueris.
539 2352 620 2382 caput
645 2352 720 2374 tuum
743 2347 846 2382 absque
869 2355 984 2382 corpore
1011 2356 1060 2383 per

281 2396 352 2423 hanc
366 2396 451 2430 ipsam
469 2399 574 2430 portam
601 2395 780 2429 ingrediatur.
800 2403 808 2419 ι
836 2393 904 2421 [luic
929 2394 1059 2422 vaticinio

280 2442 412 2476 deinceps
428 2446 545 2468 eventus
562 2441 715 2476 respondit.
730 2439 797 2476 Nam
811 2444 874 2474 post
887 2439 987 2467 Leonis
1000 2440 1061 2467 obi-

281 2493 338 2514 tum
351 2488 546 2515 Cunstantinus
562 2486 732 2523 tyrannidem
744 2485 875 2513 alfeetans
891 2485 998 2513 occisus
1008 2490 1060 2518 est,

281 2543 312 2560 :u'.
328 2534 458 2568 deinceps
471 2538 530 2560 erat
550 2533 644 2560 videre
662 2537 807 2559 cruentum
833 2536 916 2566 caput
937 2532 996 2566 ejus
1012 2540 1061 2566 per

281 2581 352 2607 illam
368 2585 473 2615 portam
489 2580 595 2607 inferri.
609 2578 746 2606 Nimirum
760 2577 886 2604 accidere
898 2577 961 2604 talia
972 2578 1060 2605 solent

281 2628 314 2653 i's
332 2627 377 2660 qui
393 2627 462 2653 ultra
478 2632 555 2661 septa
571 2625 738 2652 transiliunt.

317 2673 423 2702 Accidit
449 2673 474 2699 id
506 2672 637 2706 temporis
665 2671 798 2698 maximus
830 2671 895 2698 solis
925 2671 1060 2706 delectus,

282 2723 360 2755 iujus
387 2728 470 2748 causa
497 2720 705 2748 Pantaleontem
738 2718 923 2754 Synadensem
951 2719 1062 2754 pontili.

283 2775 342 2794 cem
357 2767 390 2794 ad
407 2775 435 2794 se
463 2761 613 2801 imperati}
633 2766 784 2797 arcessivit,
815 2765 951 2794 hominem
974 2770 1062 2792 astro-

1110 2177 1174 2196 ται·
1191 2169 1238 2195 καὶ
1250 2168 1330 2203 δῆλον
1356 2168 1402 2195 καὶ
1429 2167 1507 2194 τοῦτό
1524 2175 1568 2202 μοι
1595 2166 1710 2200 γέγονεν
1729 2164 1783 2191 ἀπὸ
1810 2164 1900 2190 θείων

1111 2215 1225 2250 ἀνδρῶν,
1246 2214 1367 2250 προορᾷν
1390 2212 1578 2247 δεδυνημένων
1603 2211 1639 2238 τὰ
1662 2211 1831 2247 ἔμπροσθεν.
1851 2211 1893 2236 ru.

1110 2269 1198 2286 vnnxs
1215 2258 1263 2286 οὖν
1282 2260 1324 2286 ὅτι
1344 2257 1567 2294 τυραννήσαντός
1585 2265 1632 2283 σου
1651 2257 1667 2292 ἠ
1699 2256 1807 2290 κεφαλὴ
1829 2255 1903 2289 ἄτερ

1110 2306 1158 2331 τοῦ
1182 2305 1306 2341 σώματος
1320 2305 1365 2332 διὰ
1379 2305 1459 2339 τῆσδε
1483 2304 1534 2338 τῆς
1548 2303 1640 2342 πύλης.
1659 2302 1864 2330 εἰσελεύσεται.
1890 2312 1901 2327 ι

1115 2350 1148 2375 Ὃ
1162 2348 1194 2384 δὴ
1206 2348 1251 2375 καὶ
1263 2349 1360 2383 γέγονε
1373 2356 1380 2364 ·
1399 2348 1468 2383 μετὰ
1483 2347 1597 2374 θάνανον
1618 2347 1673 2383 γὰρ
1700 2346 1749 2374 τοῦ
1776 2347 1905 2378 Λέοντος

1113 2394 1251 2429 τυραννίδι
1268 2394 1428 2429 ἐπιθέμενος
1444 2395 1458 2421 ὁ
1474 2394 1679 2424 Κωνσταντίνος
1700 2392 1837 2429 ἀνῃρέθη,
1850 2394 1906 2419 καὶ

1113 2440 1264 2474 τηνικαῦτα
1282 2440 1331 2475 τὴν
1349 2440 1431 2466 αὑτοῦ
1449 2439 1569 2475 κεφαλὴν
1584 2439 1629 2466 διὰ
1643 2439 1723 2474 τῆσδε
1739 2440 1790 2473 τῆς
1807 2438 1907 2474 πύλης

1114 2484 1148 2520 ἦν
1191 2485 1256 2512 ἰδεῖν
1293 2485 1475 2520 εἰσαγομένην
1514 2486 1731 2521 περιρρεομένην
1765 2485 1876 2520 αἵμασι
1899 2494 1907 2500 ·

1115 2530 1225 2557 τοιαῦτα
1240 2523 1288 2557 καλέ
1303 2531 1356 2566 γὰρ
1375 2531 1398 2557 oi
1427 2530 1496 2566 ὑπὲρ
1513 2530 1548 2557 τὰ
1566 2530 1728 2566 ἐσκαμμένα
1753 2530 1911 2565 πηδῶντες

1114 2586 1258 2612 πασχουσι.

1153 2669 1221 2696 Κατ’
1238 2670 1341 2696 ἐκεῖνον
1357 2669 1390 2704 δὴ
1405 2669 1451 2696 τὸν
1467 2669 1564 2705 καιρὸν
1579 2669 1702 2704 ἔκλειψις
1719 2669 1797 2705 ἡλίου
1819 2669 1914 2704 μεγὶ-

1118 2724 1168 2749 στη
1191 2715 1303 2749 γέγονεν
1325 2724 1332 2730 ⁸
1352 2713 1382 2742 οὗ
1403 2716 1483 2751 χάριν
1504 2716 1518 2743 ὸ
1548 2715 1673 2750 βασιλεὺς
1695 2716 1743 2743 τὸν
1768 2718 1916 2751 ἀρχιερέα

1117 2764 1242 2791 Συνάδων
1291 2764 1476 2791 Πανταλέοντα
1514 2765 1731 2800 μετεκαλέσατο,
1764 2764 1916 2799 ἔμπειρον

322 2859 377 2894 (Si)
397 2859 415 2886 ι’
432 2858 571 2886 Nicolaum
599 2857 735 2892 appellat,
754 2857 833 2892 cujus
854 2864 952 2883 nomen
973 2856 1019 2882 alii
1034 2855 1123 2883 silent.
