1960 3075
131 111 183 142 583

762 115 963 146 ANNALIUM
981 116 1076 145 PARS
1100 116 1148 145 LV.

1694 115 1745 146 ἔξξῦ

130 168 201 195 κατὰ
220 168 250 195 τὸ
263 169 292 195 ὲν
309 169 348 204 τῷ
365 170 476 205 μεγάλῳ
491 171 614 206 παλατέφ
631 172 781 207 βαλανεῖον.
796 173 842 199 καὶ
857 173 913 199 cic-

970 180 1028 199 nam
1043 179 1104 199 cum
1117 179 1151 200 eo
1163 172 1392 200 consuetudinem
1406 172 1558 205 habuisset,
1572 179 1683 207 operam
1699 172 1748 199 de-

129 215 215 242 ελθὼν
239 217 356 251 οἰκτρῶς
372 217 556 252 ἀποπνίγεται
579 218 631 245 ὑπὸ
645 219 699 246 τῶν
715 219 780 254 περὶ
793 219 839 246 τδν
859 219 914 246 Mt-

131 261 201 296 χαὴλ
217 261 245 287 ἐν
256 263 288 297 τῇ
307 262 486 299 κολυμϐήθρᾳ
504 263 551 290 τοῦ
569 263 693 298 λουτροῦ.
719 264 795 290 Κατὰ
811 262 914 298 ταύτην

133 306 182 340 μὲν
196 306 243 333 οὖν
253 307 301 342 τὴν
314 308 400 335 νύκτα
421 309 556 344 μηνύεται
578 310 591 336 6
608 309 779 344 πατριάρχης
795 309 914 342 Ἀλέξιος

131 351 184 378 ὕπο
196 351 244 378 τοῦ
260 352 392 386 βασιλέως
406 354 487 388 δῆθεν
501 354 652 390 Ῥωμανοῦ.
670 355 741 381 Ἀλλ’
752 355 765 380 6
780 355 914 389 πατριάρ-

130 406 180 432 χης
194 398 279 425 ἐλθὼν
293 400 374 426 αῠτὶν
395 399 445 434 μὲν
462 400 584 434 εὑρίσκει
601 400 708 435 νεκρὸν,
732 401 748 434 ἡ
767 400 793 426 δὲ
809 399 914 433 βασιλὶς

128 445 189 479 2·ωὴ
204 445 232 471 ἐν
253 445 291 479 τῷ
311 446 539 481 χρυσοτρικλινῖῳ
557 445 747 481 προκαθίσασα
762 445 853 479 ἐξάγει
870 446 914 472 τὸν

128 490 246 525 Μιχαὴλ,
263 492 309 517 καὶ
328 492 531 525 καταναγκᾶζῑι
549 492 593 517 τὴν
613 491 785 526 πατριάρχην
805 490 910 525 ἱερολο-

128 537 212 570 γῆσιι
232 537 326 563 τοῦτον
340 538 419 573 αὐτῇ.
437 538 466 564 ’0
479 537 506 564 δὲ
530 538 702 572 πατριάρχης
718 538 763 563 ἐπὶ
785 537 824 572 τῷ
840 537 911 570 πρά-

129 590 216 616 γματι
233 583 383 616 ἐκπλαγεὶς
397 583 446 619 τὴν
463 583 624 619 ἱερολογίαν,
640 584 676 615 ὡς
693 584 778 616 είκδς,
795 583 914 610 ἐνεδοία-

129 628 185 660 ζεν.
201 629 297 654 Ἔνθεν
315 638 356 655 τοι
375 631 422 656 καὶ
440 631 453 656 6
472 629 599 664 Ἰωάννης
617 631 666 656 σὺν
692 631 725 664 τῇ
747 630 806 664 Ζωῇ
825 629 845 654 ν’
865 629 914 662 μὲν

128 682 180 708 χρυ
186 674 231 700 τοῦ
242 674 336 709 λίτρας
346 674 386 709 τῷ
395 675 564 711 πατριάρχῃ,
578 674 600 701 ν’
612 675 640 702 δὲ
656 675 755 709 ὁμοίως
771 675 809 708 τῷ
820 675 915 709 κλήρῳ

128 719 238 751 ιπιδοῦς
261 720 352 747 ἔπεισε
373 721 524 756 ἱερολογίας
549 722 665 753 ἀξιῶσαι
691 722 799 752 αὐτούς.
825 721 878 747 Καὶ
900 722 915 746 6

130 765 181 798 μὲν
200 765 339 801 Ῥωμανὸς
355 767 383 794 ἐν
398 769 431 802 τῇ
446 767 493 794 ὑπ’
507 767 591 794 αὑτοῦ
605 763 803 803 νεουργηθείσῃ
817 767 915 801 ἐκκλη-

128 810 175 845 οῖς.
191 811 324 838 θάπτεται
336 813 384 846 τῆς
403 812 600 847 περιδλὲπτου.

965 219 1006 246 dit
1016 219 1206 254 utimperator
1225 226 1240 247 e
1255 219 1347 246 medio
1370 219 1522 251 tolleretur,
1541 219 1568 245 in
1583 219 1636 246 hoc
1658 218 1746 245 solum

966 264 1081 298 intenta,
1097 270 1126 292 ut
1138 264 1299 292 Hichaelum
1310 264 1344 292 ad
1362 264 1565 299 imperatoriam
1586 264 1746 299 dignitatem

965 311 1106 339 creberet.
1125 311 1266 338 Romanus
1282 310 1396 338 venenis
1419 310 1524 338 lentum
1548 311 1661 337 exitium
1680 309 1748 336 aﬂ‘e-

965 355 1091 384 rentibus
1102 356 1255 389 confectus,
1269 356 1315 383 ubi
1325 357 1456 383 diutttrno
1471 361 1594 391 tempore
1604 357 1631 383 in
1645 355 1747 383 lectulo

965 401 1165 434 decubuisset,
1193 406 1251 429 toto
1267 406 1379 437 pectore
1406 394 1640 436 nihilexpelebat
1673 401 1747 429 aliud

965 455 1048 482 quam
1061 453 1090 475 ut
1101 447 1154 475 hac
1166 447 1222 475 vita
1236 448 1406 483 fungeretur.
1417 447 1540 482 Denique
1549 455 1644 483 magna
1652 447 1751 482 quinta

966 494 1035 522 feria
1050 494 1207 522 distributis
1222 494 1250 521 in
1266 499 1362 529 patres
1373 494 1544 529 conscriptos
1567 493 1730 522 muneribus
1740 513 1747 525 .

965 547 1034 574 quas
1064 547 1144 575 rogas
1167 544 1282 571 vocant.
1299 547 1362 568 cum
1380 540 1469 575 magni
1495 540 1589 568 Palatii
1607 539 1748 567 balneum

965 585 1072 612 lavandi
1092 593 1174 613 causa
1189 585 1327 621 ingressus
1352 585 1467 618 fuisset,
1489 593 1504 612 a
1520 585 1645 613 Michaeli
1666 585 1750 613 sociis

965 631 992 658 in
1009 631 1100 658 balnei
1128 631 1207 658 labro
1234 631 1430 658 miserabiliter
1456 630 1617 658 suffocatur.
1649 630 1749 657 Eadem

965 681 1047 704 nocte
1072 676 1185 704 Alexius
1199 677 1354 712 patriarcha
1374 676 1489 704 Romani
1507 676 1680 710 imperatoris
1702 683 1749 702 no-

965 723 1040 750 mine
1062 724 1089 750 in
1106 723 1207 758 regiam
1227 723 1388 755 arcessitur,
1403 731 1485 758 quam
1510 723 1650 758 ingressus
1663 722 1749 757 impe—

966 773 1083 796 ratorem
1098 769 1264 797 exstinctum.
1282 769 1403 801 invenit;
1419 768 1473 795 Zoe
1498 776 1564 796 vero
1591 767 1749 802 imperatritt

966 814 993 841 in
1008 821 1092 841 aureo
1116 814 1236 841 triclinio
1261 814 1360 841 sedens
1384 814 1545 841 Micltaelum
1563 813 1705 847 producit,
1722 817 1751 840 et

129 856 314 890 patriarcham
342 858 427 894 adigit
453 864 484 886 ut
509 867 572 886 eum
600 859 652 888 sibi
676 860 804 887 maritum
826 860 913 887 sacris
930 860 1060 895 precibus
1089 860 1232 895 conceptis
1248 860 1385 896 iungeret.
1423 860 1580 887 Patriarcha
1613 859 1651 887 rei
1672 859 1748 886 novi-

128 908 183 930 tate
202 905 357 938 perculsus.
374 913 503 933 saerasne
518 914 616 941 preces
646 907 705 934 illas
732 907 773 934 eis
807 906 1004 941 impertiretur,
1018 915 1073 934 non
1093 907 1143 935 abs
1159 914 1189 934 re
1221 905 1376 934 dubitabat.
1398 906 1570 941 Quapropter
1586 905 1705 933 Joannes
1722 908 1749 930 et

127 951 183 978 Zoe
199 951 398 987 quinquaginta
416 953 495 981 libris
515 953 575 980 auri
603 953 765 988 patriarchae
801 953 971 988 totidemque
988 953 1062 981 clero
1094 953 1203 981 donatis
1238 957 1435 988 persuaserunt
1460 952 1563 979 homini
1592 955 1622 978 ut
1652 951 1747 978 matri-

129 997 252 1025 monium
276 998 397 1031 ipsorum
426 1006 613 1028 consecraret.
633 1001 773 1028 Romanus
790 1001 816 1028 in
835 1000 960 1028 dedicata
977 1001 1011 1028 ab
1021 1001 1269 1035 scspectatissima:
1282 1000 1399 1028 ecclesia
1412 999 1556 1034 sepelitur.

163 1045 266 1078 lSpateI
283 1044 312 1071 δὲ
324 1046 339 1071 6
357 1045 468 1081 Μιχαὴλ
485 1047 533 1073 σὺν
550 1047 583 1081 τῇ
599 1047 659 1081 Ζωῇ
678 1047 725 1082 ἐτη
751 1048 783 1079 ξ’.
804 1047 875 1073 Ἀλλ’
891 1047 908 1081 ἡ

998 1047 1064 1083 Ejus
1076 1047 1137 1074 loco
1153 1047 1300 1074 Michaelus
1319 1046 1454 1081 imperare
1469 1045 1622 1079 coepitcqu
1635 1045 1752 1080 conjuge

125 1090 189 1124 Ζωὴ
212 1090 280 1124 αὕτη
299 1090 447 1123 ἐλπίζουσα
473 1092 513 1126 τῷ
536 1092 646 1126 Μιχαὴλ
669 1093 729 1119 ἀντὶ
753 1093 847 1120 δούλου
870 1101 916 1119 κε-

126 1134 245 1170 χρῆσθαι
275 1136 385 1170 ἀστοχει
414 1136 461 1163 τοῦ
491 1137 606 1164 σκοποῦ.
641 1136 671 1164 '0
697 1137 750 1172 γὰρ
789 1137 915 1172 Ἰωάννης

126 1180 293 1214 δραστήριος
308 1180 358 1214 ὢν,
374 1183 422 1209 καὶ
438 1182 532 1214 δεδιὼς
550 1183 613 1217 περὶ
626 1183 672 1209 τοῦ
684 1182 800 1217 ἀδελφοῦ
819 1182 915 1215 αὑτοῦ,

129 1226 237 1256 πάντας
266 1226 316 1259 μὲν
341 1227 405 1258 τοὺς
429 1229 579 1263 προσόντας
606 1229 676 1264 αὐτῇ
694 1229 916 1264 θαλαμηπόλους,

130 1272 176 1296 ναὶ
195 1271 248 1306 μὴν
264 1274 312 1300 καὶ
328 1273 376 1304 τὰς
392 1275 563 1306 alutam-ra;
578 1274 774 1309 θεραπαινίδας
788 1275 816 1308 ἐξ
831 1274 916 1309 αὐτῆς

129 1317 258 1351 ἀποσπᾷ,
273 1318 322 1353 καὶ
346 1319 406 1345 οὐδὲ
424 1320 454 1345 τδ
469 1319 551 1354 τυχὸν
569 1320 636 1354 παρ’
658 1320 742 1355 αὐτῆς
764 1321 917 1354 ἐνεργεῖται

131 1363 154 1388 si
172 1363 210 1398 μή
228 1371 259 1396 γε
271 1365 341 1390 κατὰ
358 1363 471 1399 γνώμην
489 1365 626 1392 Ἰωάννου.
638 1362 723 1396 Οὗτος
739 1365 790 1400 μὲν
803 1363 850 1391 οὖν
869 1366 918 1392 καὶ

129 1408 160 1435 τὺ
174 1409 293 1444 ὑπήκοον
310 1409 445 1444 ἐξημέρου
467 1411 602 1442 παντοίως
623 1411 670 1437 καὶ
686 1410 775 1437 πάντα
794 1419 918 1446 μετεχει-

131 1454 232 1489 ρίζετο.
252 1456 314 1482 Ὀτι
329 1456 356 1482 δέ
370 1457 403 1482 τὰ
417 1457 545 1491 γεγονότα
561 1457 611 1483 οὐκ
624 1458 727 1492 ἀρεστὰ
740 1455 775 1493 ἦν
792 1457 831 1492 τῷ
847 1457 917 1493 Θεῷ,

131 1500 268 1527 δέόρῖικται
288 1501 335 1528 καὶ
353 1502 383 1528 ὲκ
400 1502 552 1537 προοιμίων
568 1502 677 1529 αὐτῶν·
705 1503 776 1530 κατὰ
799 1503 854 1539 γὰρ
869 1503 918 1538 τὴν

132 1546 166 1573 ια’
177 1547 252 1582 ὤραν
266 1548 316 1583 τῆς
331 1548 411 1582 ἁγίας
425 1549 547 1584 μεγάλης
566 1550 708 1585 Κυριακῆς
724 1550 829 1585 χάλαζα
851 1559 918 1577 κατ-

130 1594 234 1628 ηνέχθη
257 1594 393 1629 ἀφόρητος
416 1596 463 1622 καὶ
482 1595 604 1630 γενναία,
627 1595 665 1628 ὡς
687 1597 864 1632 συντριίῆναι
880 1596 918 1631 μὴ

132 1641 202 1675 μόνα
232 1642 264 1668 τὰ
281 1641 389 1676 δένδρα,
404 1642 439 1670 τά
464 1651 494 1668 τε
523 1643 661 1678 κάρπιμα,
674 1643 723 1670 καὶ
744 1643 778 1669 τὰ
795 1644 917 1678 ἄκαρπα,

131 1687 201 1713 ὰ)λά
212 1687 244 1723 δὴ
257 1687 305 1715 καὶ
322 1687 412 1719 οἰκίας
427 1690 594 1715 καταπεσεῖν
609 1689 655 1715 καὶ
674 1688 766 1720 ναούς.
781 1688 879 1722 Γέγονε
890 1687 918 1713 δὲ

133 1735 180 1760 καὶ
205 1733 283 1768 χύσις
306 1735 419 1769 ἀστέρος
451 1735 522 1761 κατά
540 1734 590 1770 τὴν
617 1735 684 1769 μετὰ
699 1735 729 1761 τὸ
750 1734 844 1769 Πάσχα
860 1735 917 1761 Κυ-

132 1779 243 1815 ριακὴν,
262 1780 326 1815 περὶ
341 1780 416 1815 ὤραν
429 1781 524 1816 τρίτην
542 1781 591 1816 τῆς
603 1779 710 1813 νυκτὸς,
729 1781 760 1815 τῇ
776 1778 916 1815 ὑπερϐολῇ

132 1827 182 1860 τῆς
195 1826 388 1862 λαμπρότητος
400 1827 462 1858 τοὺς
479 1827 598 1862 ἀστέρας
612 1826 714 1858 πάντας
725 1825 918 1860 ἀποκαλύψαν-

133 1879 178 1901 τος
194 1870 231 1902 ὡς
257 1871 304 1897 καὶ
322 1871 397 1906 mth
411 1870 550 1898 ἀνατεῖλαι
572 1871 678 1898 δοκεῖν·
695 1871 709 1897 6
723 1870 813 1906 μέντοι
839 1869 917 1904 βασι-

132 1915 196 1946 λεὺς
212 1915 316 1950 ἐλήφθη
329 1916 470 1951 δαιμονίῳ,
485 1916 499 1943 ὃ
515 1917 562 1942 καὶ
574 1915 800 1951 σεμνολογοῦντες
812 1915 836 1942 οἱ
853 1924 884 1941 πε
891 1915 918 1949 pl.

131 1960 227 1987 τοῦτον
243 1961 358 1996 μανικὸν
380 1962 536 1988 ἀπεκάλουν
557 1962 674 1996 νόσημα.
694 1961 749 1988 Καὶ
768 1960 919 1996 παρέμεινε

131 2007 162 2032 τὸ
180 2006 302 2033 τοιοῦτον
315 2006 379 2041 ἄχρι
392 2007 486 2038 τέλους
501 2008 548 2041 τῆς
568 2007 652 2033 αὐτοῦ
665 2007 768 2042 βιοτῆς.

966 1092 1021 1119 Zoe
1035 1091 1115 1119 anuis
1140 1096 1256 1126 septem,
1273 1100 1334 1126 qua:
1349 1099 1411 1119 cum
1428 1098 1457 1118 se
1474 1091 1606 1118 Michaclo
1623 1091 1751 1125 mancipii

966 1137 1027 1165 loco
1041 1142 1164 1172 speraret
1179 1145 1302 1168 usuram,
1319 1137 1445 1165 instituto
1459 1144 1492 1164 ac
1499 1145 1547 1171 spe
1560 1144 1608 1163 sua
1621 1136 1751 1164 frustrata

967 1183 1151 1211 cstJoanncs
1164 1183 1237 1210 enim
1257 1182 1379 1210 Michaeli
1392 1183 1485 1214 frater,
1501 1183 1543 1209 vir
1559 1182 1716 1210 industrius
1724 1187 1752 1209 et

967 1220 1061 1254 rerum
1075 1226 1256 1262 gerendarum
1268 1227 1383 1261 peritus,
1400 1227 1448 1262 qui
1461 1227 1553 1254 fratris
1565 1224 1750 1254 incolumitati

967 1273 1048 1309 315
1075 1278 1221 1305 metueret,
1236 1281 1331 1301 omnes
1341 1273 1403 1300 Zoaz
1418 1273 1602 1301 cubicularios
1620 1280 1671 1313 una
1687 1281 1750 1300 cum

967 1319 1136 1354 ancillisipsi
1148 1319 1264 1347 maxime
1282 1319 1463 1347 familiaribus
1479 1319 1514 1346 ab
1528 1326 1559 1346 ea
1575 1319 1701 1351 removit,
1719 1326 1752 1346 uc

968 1366 1114 1394 minimum
1130 1366 1241 1401 quidem
1259 1365 1363 1400 aliquid
1383 1366 1451 1393 citra
1475 1367 1643 1393 voluntatetn
1660 1370 1689 1392 et
1709 1372 1754 1392 ar-

968 1411 1082 1438 bitrium
1103 1418 1182 1438 suum
1198 1411 1232 1437 ab
1245 1418 1276 1438 ea
1292 1410 1349 1445 geri
1364 1409 1535 1445 permittens.
1555 1409 1628 1436 idem
1656 1410 1754 1437 subdi-

970 1461 1060 1484 torum
1074 1456 1181 1484 animos
1196 1456 1281 1483 variis
1295 1456 1383 1483 tnodis
1405 1456 1502 1483 blande
1520 1455 1661 1483 tractando
1675 1455 1753 1482 fratri

969 1502 1135 1529 conciliabat
1151 1523 1157 1533 ,
1182 1507 1211 1529 et
1232 1501 1354 1528 mnnium
1383 1501 1649 1528 administrationem
1673 1501 1699 1528 in
1725 1509 1755 1528 se

969 1546 1148 1581 suscipiebat.
1164 1547 1223 1574 Non
1241 1551 1330 1574 tamen
1345 1554 1376 1573 ea
1393 1553 1454 1581 quae
1472 1547 1498 1573 in
1514 1546 1666 1573 Romanum
1680 1553 1757 1573 com-

970 1592 1053 1619 missa
1073 1592 1193 1623 fuerant,
1210 1597 1285 1627 grata
1305 1591 1361 1618 Deo
1388 1591 1482 1623 fuisse,
1512 1591 1546 1618 de
1573 1591 1640 1625 ipsis
1667 1591 1755 1619 initiis

971 1637 1079 1672 imperii
1096 1636 1221 1664 Michaeli
1238 1637 1322 1664 certis
1336 1637 1502 1671 argumentis
1519 1636 1609 1671 colligi
1636 1642 1753 1671 poterat.

932 1698 954 1727 ο
972 1683 1039 1709 Nam
1060 1682 1127 1709 hara
1148 1682 1293 1709 undecima
1312 1687 1492 1709 sacrosanctae
1517 1689 1620 1717 magna:
1634 1683 1754 1709 Domini-

971 1735 1010 1754 αθ
1024 1727 1157 1762 grandine
1173 1732 1227 1754 tant
1244 1726 1411 1754 intolerabili
1427 1726 1505 1761 pluit,
1523 1732 1552 1753 ut
1568 1734 1623 1753 tton
1641 1727 1754 1754 arbores

972 1777 1076 1800 tantum
1095 1773 1234 1805 frugifera:
1248 1770 1419 1806 'sterilesque
1443 1771 1692 1807 conn-ingerentur,
1706 1771 1754 1798 sed

971 1821 1069 1846 domus
1101 1820 1184 1846 etiam
1219 1826 1282 1846 cum
1311 1818 1422 1854 templis
1450 1819 1563 1854 dejecta'.
1582 1823 1754 1846 corruerent.

971 1866 1106 1893 Prtcterea
1123 1865 1223 1893 sideris
1232 1865 1366 1901 trajectio,
1384 1865 1526 1892 Dominiea
1539 1869 1600 1899 post
1614 1864 1756 1892 Paschalis

970 1912 1083 1943 festum,
1100 1911 1167 1938 hora
1185 1911 1265 1938 tertia
1286 1911 1374 1938 noctis
1389 1911 1506 1943 accidit;
1523 1918 1585 1938 eum
1601 1910 1711 1945 quidem
1729 1910 1754 1936 itl

967 1958 1044 1985 sidus
1058 1957 1240 1992 amplitudine
1265 1957 1379 1991 fulgoris
1401 1956 1443 1983 sui
1459 1961 1620 1984 cunctorum
1638 1955 1754 1982 aliorutn

969 2004 1093 2032 siderum
1112 2003 1263 2031 luminibus
1277 2001 1399 2029 alliceret
1414 2009 1445 2029 ac
1462 2001 1502 2029 sol
1518 2002 1576 2036 ipse
1592 2001 1659 2029 oriri
1680 2000 1757 2028 vidu-

132 2059 218 2080 retur.
238 2053 332 2080 itidem
349 2053 499 2088 imperator
515 2054 586 2080 malo
601 2058 745 2089 correptus
771 2057 820 2080 est
840 2051 932 2087 genio,
952 2058 1034 2086 quam
1059 2057 1117 2077 rem
1148 2048 1297 2076 familiares
1321 2048 1408 2083 ipsius
1445 2047 1602 2075 honestiore
1622 2047 1755 2075 vocabulo

133 2106 260 2137 tegentes
279 2102 414 2130 insaniam
439 2103 587 2140 quamdam
605 2102 690 2129 animi
721 2101 868 2128 vocabant.
901 2099 997 2135 Neque
1026 2099 1129 2126 malum
1148 2097 1202 2124 hoc
1233 2096 1322 2132 ipsum
1355 2100 1418 2123 ante
1444 2095 1526 2123 iinctn
1555 2095 1616 2123 vita:
1642 2094 1756 2122 missum

131 2147 208 2174 fecit.

169 2191 236 2218 Κατ’
251 2192 339 2219 έκεῐνο
360 2192 393 2227 δὴ
410 2191 506 2228 καιροῦ
530 2193 577 2219 καὶ
592 2191 756 2223 τοιοῦτόν,τι
777 2191 875 2227 συνέϐη
891 2191 920 2218 ἐν

131 2237 171 2272 τῷ
182 2237 281 2272 θέματι
293 2237 348 2265 τῶν
359 2237 533 2273 Θρᾳκησίων.
547 2237 698 2272 Βαράγγων
712 2237 920 2272 διεσπαρμένων

132 2283 252 2317 γυναῖκά
266 2292 306 2315 τις
329 2283 466 2319 ἐγχωρίαν
482 2283 570 2318 εὑρὼν
585 2283 628 2309 ἐπ’
643 2283 763 2318 ἐρημίας
787 2283 921 2318 ἐπειρᾶτο

133 2329 186 2364 τῆς
207 2329 388 2364 σωφροσύνης
403 2329 500 2363 αὐτῆς,
521 2329 557 2361 ὡς
572 2329 600 2356 δὲ
614 2330 664 2355 οὐκ
679 2329 783 2360 ἔπειθε,
799 2329 845 2356 καὶ
858 2328 921 2364 βίαν

131 2375 183 2410 ἠδη
208 2375 322 2410 ἐπῆγεν.
341 2376 373 2402 'H
399 2375 427 2402 δὲ
449 2376 495 2401 τίμν
523 2375 659 2410 ἀκινάκην
682 2375 845 2409 σπασαμένη
873 2373 919 2400 τοῦ

132 2422 230 2456 ἀνδρὸς
247 2422 323 2448 παίει
343 2423 416 2449 κατὰ
435 2421 549 2458 καρδίαν
570 2421 616 2448 τὸν
634 2422 791 2457 Βάραγγιν,
814 2423 860 2448 καὶ
875 2421 919 2447 εὑ-

132 2468 183 2499 θὺς
198 2468 316 2503 ἀναιρεῖ.
333 2468 386 2494 Τοῦ
401 2467 428 2494 δὲ
444 2469 526 2504 ἔργου
549 2467 717 2499 διαδοθέντος
739 2469 769 2494 ἐν
787 2468 820 2502 τῇ
842 2475 920 2502 περι-

133 2515 226 2550 χώρῳ,
240 2514 481 2549 συναθροισθέντες
494 2515 518 2541 ol
534 2515 674 2549 Βάραγγοι
690 2513 739 2549 τήν
755 2523 785 2540 τι
800 2516 918 2548 γυναῖκα

134 2559 300 2593 στεφανοῦσι
321 2559 370 2587 καὶ
393 2560 443 2595 τὴν
465 2559 576 2586 ἅπασαν
601 2559 698 2586 οὐσίαν
725 2559 774 2585 τοῦ
809 2558 920 2594 βιαστοῦ

135 2603 223 2640 ταύτῃ
235 2604 349 2637 διδόασι,
364 2604 491 2631 κάκεῖνον
506 2604 610 2637 dutng
627 2604 765 2639 ῥίπτουσι.

169 2692 238 2719 Τότε
255 2693 288 2728 δὴ
305 2693 353 2719 καὶ
370 2692 483 2728 σεισμοῦ
506 2693 654 2728 γενομένου
679 2692 772 2724 κακῶς
786 2692 869 2719 ἔπαθε
887 2693 921 2720 τὰ

140 2739 326 2774 Ἰεροσόλυμα,
343 2740 515 2775 τεθνηκότων
531 2739 683 2775 ἀνθρώπων
697 2739 803 2765 πολλῶν
819 2739 848 2766 ἐν
864 2740 922 2770 τοῖς

137 2785 192 2813 τῶν
206 2786 360 2821 ἐκκλησιῶν
378 2787 424 2813 καὶ
447 2786 541 2813 οἰκιῶν
558 2786 754 2821 συμπτώμασι,
777 2786 922 2820 σειομένης

137 2833 185 2868 τῆς
203 2833 253 2868 γῆς
282 2833 362 2869 ἄχρις
379 2834 489 2870 ἡμερῶν
512 2835 550 2869 μ’.
579 2834 624 2870 Τῷ
647 2833 674 2860 δέ
693 2841 723 2866 γε
743 2833 923 2869 Σεπτεμερίῳ

1008 2187 1116 2216 Accidit
1143 2195 1177 2216 eo
1202 2188 1354 2224 imperante
1378 2187 1575 2216 'l'hraeensium
1602 2187 1631 2216 in
1653 2187 1757 2214 finibus

972 2234 1132 2270 huiusmodi
1149 2233 1294 2269 quiddam.
1315 2233 1453 2270 Dispersis
1466 2241 1516 2269 per
1528 2233 1601 2260 illaut
1618 2233 1757 2268 regionem

972 2282 1001 2309 in
1021 2281 1137 2308 ltibcrna
1153 2280 1294 2315 Barangis,
1311 2279 1381 2307 forte
1398 2279 1510 2314 quidam
1525 2279 1670 2307 mulierem
1686 2278 1758 2305 indi-

974 2334 1072 2362 genam
1086 2325 1113 2352 in
1131 2324 1282 2353 solitudine
1300 2329 1397 2352 nactus
1410 2324 1436 2351 ei
1450 2329 1576 2359 stuprum
1595 2324 1697 2351 inferre
1713 2331 1760 2350 co-

974 2378 1055 2401 natus
1068 2377 1122 2400 est.
1144 2371 1183 2401 Ea
1202 2379 1268 2399 vero
1292 2371 1437 2406 ipsiustnet
1456 2371 1565 2399 acinace
1587 2374 1714 2404 correpto
1732 2369 1759 2396 in

974 2427 1023 2447 cor
1036 2419 1190 2454 Barangutn
1216 2417 1280 2444 ferit
1295 2417 1432 2456 aestatim
1452 2416 1595 2444 interficit.
1624 2416 1702 2449 Quod
1722 2415 1761 2442 ia-

974 2470 1048 2492 ctum
1067 2464 1113 2491 ubi
1128 2471 1174 2499 per
1189 2463 1318 2490 viciniam
1330 2462 1508 2495 innotuisset,
1519 2462 1629 2490 coivere
1644 2461 1759 2495 Barangl

970 2510 1075 2542 caueri,
1089 2509 1253 2544 mulierique
1264 2513 1401 2537 coronata:
1411 2508 1555 2536 facultates
1566 2508 1639 2536 illius
1651 2514 1756 2539 otnncs,

970 2557 1018 2593 qui
1039 2556 1181 2592 pudicitia:
1208 2555 1295 2589 ipsius
1315 2554 1413 2583 afferre
1438 2555 1493 2582 vim
1510 2554 1654 2586 voluerat,
1673 2552 1759 2579 dona-

971 2608 1049 2636 runt,
1075 2602 1209 2631 cadavere
1227 2601 1324 2630 militis
1350 2601 1420 2630 citra
1450 2601 1598 2639 sepulturae
1626 2600 1757 2626 honorem

970 2650 1087 2685 abjecto.

1009 2695 1088 2722 Tunc
1100 2699 1129 2722 et
1151 2693 1337 2729 Hierosolyma
1355 2698 1434 2720 terra:
1450 2697 1531 2724 motu,
1543 2691 1640 2718 misere
1660 2689 1758 2716 aiilicta

974 2740 1046 2772 fuit,
1063 2738 1136 2775 quod
1166 2739 1194 2766 in
1224 2739 1290 2774 ipsis
1309 2739 1472 2773 templorum
1490 2737 1645 2770 mdiuntqtte
1671 2734 1759 2766 ruinis

977 2786 1073 2821 ingens
1101 2785 1243 2812 hominum
1273 2784 1420 2812 multitudo
1447 2782 1659 2817 opprimeretur,
1686 2785 1759 2808 terra

975 2832 1048 2861 diem
1067 2831 1099 2859 ad
1130 2830 1369 2867 quadragesimum
1402 2836 1488 2868 usque
1517 2834 1657 2856 succussa.
1681 2826 1762 2863 Anno
