1960 3075
223 136 277 170 623
474 133 479 141 ’
756 139 966 170 MICHAELIS
986 141 1116 172 GLYCzE
1134 142 1335 173 ANNALIUM
1783 133 1836 169 6‘."

215 200 264 219 sua
281 199 342 219 eum
364 192 422 227 ipso
438 192 470 219 ad
494 192 685 226 imperatorem
701 195 862 222 accederem
892 195 998 222 Secun-

1056 196 1172 231 Szdaoxov
1193 196 1351 223 καταλιπὼν
1372 196 1418 222 τὸν
1439 195 1497 222 υἱὸν
1517 194 1597 221 αὑτοῦ
1622 195 1664 221 τὸν
1687 195 1837 229 Κωμντ,νίν

215 239 279 265 dum
299 239 355 266 ha‘c
371 238 498 273 princeps
512 239 664 267 Tureorum
681 239 770 268 foedus
792 249 854 268 cum
879 241 995 276 impera-
1054 243 1181 276 Ἰωάννην
1198 243 1266 277 (98).
1524 274 1527 275 ν

217 291 276 313 tore
291 285 382 318 ieriit;
396 294 450 320 quo
476 286 543 314 inito
561 287 671 314 domum
689 288 818 323 utrinque
851 289 1014 317 discessum.
1034 290 1205 318 Cumautem
1239 290 1353 318 morbus
1367 288 1540 324 imperatoris
1553 289 1581 316 in
1593 288 1651 315 dies
1667 288 1836 322 ingravesce-

216 337 267 365 ret,
281 333 313 360 de
327 333 464 373 communi
481 334 649 361 medicorum
664 335 799 362 sententia
814 335 934 363 candens
951 335 1054 363 ferrum
1068 337 1128 371 ejus
1144 337 1286 364 stomacho
1306 337 1470 371 impressum
1504 341 1556 363 est.
1588 335 1621 362 Et
1652 334 1716 368 quia
1739 341 1834 368 parum

216 383 384 413 temperatus
422 387 470 407 aer
506 381 587 415 regiae
602 380 752 414 videretur,
780 386 809 409 ut
830 382 876 416 qui
912 389 986 410 esset
1009 384 1155 410 australior
1179 384 1331 418 aliquanto,
1357 383 1385 410 in
1411 382 1609 416 Manganorum
1635 381 1765 416 palatium
1784 381 1835 407 fuit

215 426 386 461 deportatus,
403 427 457 455 fato
473 428 560 461 illum,
577 437 625 457 ceu
639 430 713 457 credi
728 438 777 465 par
789 435 842 461 est.
872 439 906 458 eo
934 432 1120 466 pertraliente.
1137 431 1204 458 Nam
1237 425 1319 467 fulgo
1334 431 1465 466 iactatum
1481 429 1547 457 illud
1564 439 1570 456 :
1590 439 1600 455 ι
1622 430 1651 456 ln
1670 428 1837 463 Acesodynis

216 472 306 506 cadet,
322 482 332 499 ι
355 474 388 501 de
412 474 470 508 ipso
488 475 668 509 perscriptum
689 483 748 503 esse
767 468 931 510 perhibent,
948 477 993 511 qui
1015 477 1162 511 plurimum
1196 476 1332 512 ejusmodi
1349 477 1467 504 oraculis
1483 474 1700 510 interpretandis
1732 473 1833 501 valent.

216 519 281 546 lstie
296 526 362 554 ergo
377 520 448 547 diem
463 521 489 547 in
514 521 596 548 terris
617 528 786 556 supremum,
809 521 913 550 Joanne
925 521 1066 550 Comneno
1080 521 1137 550 ﬁlio
1151 529 1311 550 successore
1328 521 1436 557 imperii
1456 521 1562 552 relicto,
1581 519 1689 547 clausit.

253 594 477 632 (98itilarusulam
506 595 577 622 hane
590 601 659 632 post
679 597 725 622 τὸν
747 598 890 632 Κομνηνδν
909 599 1001 626 Ἰωάν-

1057 598 1181 631 signibus
1208 607 1214 625 :
1236 598 1298 624 ΕΩΣ
1335 597 1397 624 (ME
1423 597 1467 625 ΤΟ
1498 597 1609 625 [ΙΕΡΑΣ
1645 598 1713 624 THE
1740 597 1836 625 ΚΑΤΑ

218 640 267 666 νην
286 631 387 666 adjecit
406 631 424 656 F
437 631 662 659 litterisuubriea
685 632 772 659 instar
793 633 934 661 titulorum
955 635 997 661 iu-

1052 633 1211 662 ΧΡΟΝΙΚΛ
1235 632 1435 665 ΔΙΙΠἮΣΕΩΣε

635 708 871 741 MICHAELIS
889 710 1035 741 GLYCAE
1053 709 1282 742 ANNALIUM
1296 711 1424 743 FINIS.

1207 809 1820 827 mm

223 807 366 814 ...α-ο

221 816 420 825 ————__

626 1091 630 1094 ~
811 1000 1234 1069 CONTINUATIO
1644 1034 1649 1036 τ

356 1119 382 1148 Λ
398 1117 556 1149 JOANNE
571 1116 767 1149 COMNENO
788 1117 916 1154 USQUE
937 1118 990 1149 AD
1009 1118 1164 1150 IMPERII
1186 1118 1402 1150 BYZANTINI
1426 1118 1701 1158 EVERSIONEM,

692 1200 883 1232 AUCTORE
903 1199 1072 1233 ΙΟΑΝΝΕ
1093 1201 1374 1233 LEUNCLAVIO.

297 1287 361 1322 Qua
375 1282 598 1324 superioribus
620 1283 751 1323 adjecta,
773 1293 887 1324 corpus
911 1285 1067 1324 integrum
1091 1285 1238 1316 Historiae
1260 1284 1440 1324 Byzantina:
1463 1286 1608 1316 Lectores
1629 1285 1758 1316 habent.

252 1423 334 1459 336
346 1423 440 1450 Alexio
459 1422 624 1457 imperatore
638 1423 765 1458 spiritum
781 1427 933 1451 extremum
951 1423 1000 1450 du-
1016 1426 1037 1454 Α
1053 1422 1186 1451 sidentem
1214 1423 1299 1455 leoni,
1328 1431 1408 1458 quem
1421 1422 1534 1450 auribus
1571 1420 1740 1450 habenarum
1778 1424 1846 1452 vite

217 1474 308 1502 cepte,
318 1470 437 1497 Joannes
447 1469 579 1496 maximus
593 1474 658 1496 natu
672 1468 754 1500 ﬁlius,
766 1469 909 1504 ailjuvante
919 1470 1001 1497 fratre

220 1516 332 1548 lsaacio,
347 1515 580 1547 Sebastoeratore,
598 1515 708 1542 conscio
728 1519 815 1549 patre,
831 1521 881 1541 ceu
897 1513 1003 1541 fereba-

219 1567 274 1595 tur,
289 1561 375 1597 invita
401 1565 498 1593 matre,
528 1568 588 1595 qum
602 1560 767 1596 Bryennium
785 1569 916 1595 generum
939 1568 1000 1587 eum

219 1609 296 1636 Anna
305 1607 449 1635 Caesarissa
460 1607 512 1634 ﬁlia
525 1607 665 1634 maluisset
677 1607 792 1641 imperio
805 1607 897 1641 poliri,
908 1610 1003 1634 nactus

218 1649 348 1680 annulum
363 1657 517 1688 paternum,
537 1651 633 1687 partim
650 1659 683 1678 eo
708 1652 868 1679 custodibus
881 1656 1001 1684 ostenso,

219 1700 317 1735 partim
348 1701 372 1726 vi
391 1699 477 1734 portis
504 1707 519 1726 e
547 1698 706 1725 cardinibus
735 1698 843 1731 emotis,
870 1705 1002 1738 magnum

218 1745 349 1781 palatium
369 1745 507 1779 ingressus
518 1749 570 1776 est,
604 1751 686 1778 Seque
711 1743 874 1778 imperatore
899 1750 1004 1770 nuncu-

219 1795 294 1826 pato,
314 1790 508 1825 rempublicam
517 1788 710 1817 administrare
725 1789 819 1824 coepit.
834 1789 1002 1817 Conﬁrmato

219 1838 345 1872 imperio,
360 1837 497 1872 prmcipue
515 1841 693 1871 cognatorum
708 1844 790 1870 opera
812 1836 840 1863 in
865 1835 1002 1870 guberna-

218 1885 293 1912 tione
310 1883 438 1911 utebatur
459 1883 574 1910 Joannis
589 1882 722 1910 Comneni
751 1881 928 1914 aceubiloris,
956 1881 1003 1916 qui

218 1931 372 1966 arrogantia
384 1938 432 1957 sua
447 1934 534 1957 semet
551 1930 605 1956 cito
619 1929 728 1964 dejeeit.
756 1933 783 1955 et
798 1928 921 1963 Gregorii
951 1927 1003 1954 Ta-

198 1979 203 1984 ‘
219 1976 325 2008 ronitac,
344 1975 396 2002 viri
414 1974 541 2008 modesti,
554 1979 684 2009 prteterea
703 1973 827 2008 Gregorii
855 1968 1002 2006 Cainateri,

217 2021 334 2048 obscuro
363 2019 419 2046 nati
440 2025 548 2054 genere,
582 2025 614 2045 ac
634 2017 747 2045 Joannis
772 2017 879 2044 Axuchi
905 2015 1002 2049 βοὶ-δατ,

218 2075 299 2101 quem
315 2065 429 2093 miriﬁce
446 2064 576 2100 diligebat
597 2063 632 2092 ob
647 2063 873 2091 consuetudinem
895 2062 1004 2090 diutur-

219 2120 292 2143 nam.
317 2118 343 2139 et
362 2112 467 2138 honore
490 2110 580 2145 magni
597 2110 739 2137 domestici
764 2109 890 2136 ornabat.
924 2110 1002 2136 Λιιηό

219 2158 308 2192 primo
322 2157 439 2184 necdum
471 2160 568 2182 exacto
581 2154 717 2182 concitata
734 2155 785 2181 fuit
801 2155 934 2183 adversus
950 2155 1001 2182 itit-

219 2208 373 2239 peratorcm
385 2202 493 2232 seditio.
504 2201 582 2236 cujus
597 2206 677 2228 erant
691 2201 830 2235 principes
850 2201 1003 2236 Bryennius

219 2254 247 2276 et
262 2250 339 2275 Anna
358 2247 514 2275 Caesarissa.
542 2247 641 2274 Verum
671 2254 702 2274 ea
721 2251 827 2274 mature
849 2247 936 2280 sopita
950 2251 1001 2280 est,

219 2296 386 2328 imperatore
401 2293 547 2321 seditiosos
563 2293 720 2320 humaniter
734 2293 895 2328 castigantc.

255 2341 319 2368 Post
335 2341 391 2368 haec
406 2340 504 2368 Turcis
532 2341 558 2366 in
588 2339 701 2375 Phrygia
724 2339 811 2371 victis,
840 2339 1002 2367 Laodiceam

221 2391 408 2422 recuperatam
432 2386 552 2414 muniit:
571 2387 710 2421 alteraque
736 2392 862 2422 suscopta
890 2388 1003 2422 expetii-

220 2434 305 2466 tione,
323 2433 436 2461 solerter
453 2433 575 2467 pellectis
588 2432 620 2458 ad
643 2432 806 2459 insidiarum
832 2433 889 2459 loca
906 2433 1001 2467 pransi.

220 2480 326 2512 diariis,
338 2484 366 2507 et
385 2479 419 2506 ab
445 2479 513 2506 urbe
545 2478 712 2516 interclusis,
741 2478 897 2513 Sozopolim
920 2479 1002 2512 cepit.

221 2534 282 2554 cutn
300 2526 361 2553 aliis
389 2525 481 2552 multis
506 2525 615 2560 oppidis
639 2525 762 2559 locisque
794 2525 917 2556 munitis,
944 2533 1004 2560 qua:

220 2572 304 2600 Turci
329 2571 459 2598 Romanis
486 2571 655 2599 ademerant.
687 2569 802 2605 Scythas
826 2571 907 2597 etiam
936 2578 1004 2605 quos

220 2621 381 2648 Patzinacas
397 2619 624 2654 voeant,ingenti
651 2618 745 2652 przelio
772 2617 848 2649 vicit,
881 2617 1004 2651 itemque

219 2666 356 2695 Triballos
366 2671 394 2693 et
407 2665 528 2697 Servios,
551 2672 620 2699 quos
636 2664 662 2690 in
680 2668 842 2698 potestatem
876 2663 1004 2690 redactos

219 2722 318 2749 magna
333 2716 459 2747 exparte
475 2711 502 2738 itt
529 2710 767 2738 Nicomediensem
796 2709 865 2737 Asiae
893 2709 1004 2744 pr0vin-

1053 1469 1251 1502 tnodcraretur,
1274 1477 1334 1496 cum
1363 1468 1464 1504 alioqui
1492 1469 1561 1495 nihil
1583 1469 1696 1496 haberet
1721 1469 1755 1496 ad
1787 1470 1842 1497 do-

1053 1515 1178 1542 mandatu
1209 1515 1326 1542 belluam
1355 1515 1601 1542 accommodatum.
1629 1515 1687 1542 Iloc
1711 1517 1769 1543 viso
1803 1517 1842 1544 si-

1052 1560 1244 1595 gniﬁcabatur,
1257 1568 1319 1587 euut
1334 1560 1415 1588 titulo
1428 1565 1508 1588 tenus
1521 1562 1624 1596 absque
1641 1569 1668 1588 re
1686 1561 1838 1596 potiturum

1054 1607 1179 1641 imperio,
1193 1606 1265 1641 quod
1275 1607 1357 1634 etiam
1372 1614 1433 1633 mox
1447 1607 1600 1634 amissurus
1610 1614 1693 1640 esset,
1708 1609 1745 1634 uti
1762 1608 1842 1635 deiu-

1053 1659 1118 1686 Ceps
1132 1652 1242 1680 accidit.
1255 1651 1343 1680 Gessit
1355 1653 1438 1679 etiam
1455 1652 1571 1680 feliciter
1584 1653 1716 1680 adversus
1726 1653 1842 1681 llunnos

1054 1697 1156 1724 bellum
1185 1697 1314 1730 Joannes,
1333 1698 1380 1733 qui
1412 1699 1480 1726 lines
1507 1699 1646 1726 Romanos
1669 1700 1840 1733 invaserant,

1054 1746 1186 1778 prattexta
1203 1751 1287 1771 eausa
1307 1743 1486 1777 spoliatorum
1510 1749 1692 1772 mercatorum
1714 1753 1842 1779 suorum,

1054 1796 1116 1817 eum
1129 1790 1235 1817 occulta
1247 1794 1275 1817 ct
1292 1790 1382 1817 verlor
1394 1795 1478 1822 esset,
1501 1790 1529 1817 in
1553 1791 1685 1818 Almuzen
1708 1791 1842 1826 Stephani

1055 1835 1126 1870 regis
1139 1834 1301 1862 Hunnorum
1318 1835 1429 1862 fratrem
1458 1836 1603 1871 profugum
1632 1837 1770 1865 declarata
1787 1838 1842 1865 hu-

1055 1881 1182 1908 manitas.
1207 1881 1236 1908 ln
1256 1881 1307 1908 hac
1323 1882 1501 1916 expeditione
1532 1883 1649 1910 multum
1659 1884 1694 1911 ab
1722 1892 1756 1912 eo
1773 1885 1845 1913 ﬁnes

1055 1927 1163 1961 imperii
1179 1935 1274 1954 versus
1290 1928 1463 1955 oecidentem
1483 1929 1581 1963 prolati
1594 1934 1669 1956 sunt.

1092 1972 1176 2000 Victis
1189 1973 1253 2000 hinc
1263 1973 1470 2007 Persarmeniis,
1484 1979 1652 2009 ctoceupata
1665 1975 1844 2009 Castamone,

1056 2027 1118 2048 cum
1137 2020 1276 2054 triumpho
1291 2020 1558 2054 Consrantinopolim
1579 2021 1664 2056 pedes
1677 2025 1719 2048 est
1734 2022 1844 2056 ingres-

1056 2074 1114 2097 sus,
1126 2065 1258 2101 quadriga
1287 2066 1447 2101 triumphali
1471 2074 1645 2101 nequaquam
1675 2073 1843 2099 conscensa,

1054 2112 1100 2139 sed
1115 2110 1233 2147 imagine
1253 2110 1373 2146 Deiparae
1395 2111 1423 2138 in
1443 2111 1517 2138 illam
1535 2113 1678 2144 collocata,
1697 2113 1742 2140 cui
1765 2114 1844 2141 velut

1055 2156 1163 2190 imperii
1184 2156 1294 2191 collega:
1318 2155 1448 2183 victorias
1474 2161 1603 2191 acceptas
1632 2157 1750 2185 ferebat.
1779 2158 1842 2185 Mox

1054 2209 1180 2229 reversus
1199 2202 1225 2228 iu
1241 2202 1393 2235 Orientem,
1407 2201 1600 2229 Castamonent
1624 2211 1640 2230 a
1662 2203 1843 2231 'l'anismanio

1055 2252 1205 2282 receptant,
1233 2247 1384 2282 Gangram,
1422 2247 1559 2281 Adanam,
1585 2248 1714 2280 Tarsum,
1743 2249 1843 2277 Baeam

1055 2293 1268 2321 munitissimum
1282 2293 1435 2326 castellum,
1447 2293 1617 2321 Anabarzam
1635 2294 1659 2321 vi
1676 2300 1817 2330 expugnat
1834 2303 1842 2322 :

1055 2347 1082 2369 et
1092 2341 1266 2376 leesyriam
1280 2340 1429 2375 ingressus,
1437 2339 1586 2368 Antiochia:
1597 2349 1679 2375 quatn
1690 2341 1844 2370 honoriﬁce

1056 2387 1238 2424 aliaimundo
1256 2386 1381 2420 princ'pe
1393 2387 1551 2421 suscipitur,
1566 2395 1596 2414 ac
1610 2387 1699 2414 {aldus
1713 2393 1765 2414 tam
1777 2395 1842 2414 cum

1056 2432 1221 2464 ltaimundo,
1244 2440 1325 2466 quant
1351 2431 1520 2466 Tripolitano
1546 2433 1646 2459 comite
1675 2432 1748 2460 ferit.
1774 2433 1843 2461 Inde

1056 2483 1204 2514 penetrans
1219 2478 1253 2504 ad
1264 2476 1443 2512 Euphratem,
1461 2477 1554 2504 Pizatn
1573 2477 1696 2512 aliasque
1722 2479 1845 2506 nonnul-

1055 2524 1096 2552 las
1110 2523 1280 2551 munitiones
1297 2527 1422 2557 occupat.
1443 2523 1499 2550 Nec
1525 2522 1611 2550 multo
1624 2527 1686 2558 post
1714 2523 1844 2552 Aleaium

1055 2571 1281 2606 primogenltum,
1299 2578 1380 2604 quem
1395 2568 1428 2596 ad
1447 2569 1557 2604 imperii
1573 2569 1734 2596 societatem
1753 2570 1845 2597 admi-

1056 2622 1140 2649 serat,
1154 2616 1379 2654 etAndronicum
1396 2615 1430 2643 ab
1442 2623 1473 2642 eo
1486 2615 1640 2649 proximum
1654 2622 1729 2641 mors
1748 2615 1845 2642 abstn-

1056 2663 1104 2691 lit:
1117 2662 1158 2690 eis
1175 2670 1228 2689 non
1250 2662 1295 2689 diu
1312 2665 1450 2696 superstes
1462 2661 1523 2693 fuit,
1540 2661 1620 2688 laesus
1644 2660 1672 2687 in
1695 2661 1842 2689 venatione

1056 2717 1106 2745 per
1121 2709 1247 2744 sagittam
1269 2716 1346 2736 suam
1361 2714 1467 2735 veneno
1487 2707 1627 2738 infectam,
1648 2715 1730 2741 quam
1745 2715 1761 2734 e
1773 2708 1843 2742 pha-

219 2761 290 2786 t-iam
310 2757 460 2785 transtulit.
491 2756 574 2783 Filios
598 2755 694 2782 habuit
720 2760 847 2790 quatuor,
867 2755 1002 2788 Aleximn,
1016 2760 1038 2792 ρ
1057 2761 1129 2783 rctra
1147 2755 1289 2783 solitarius
1306 2761 1372 2789 aper
1388 2757 1555 2780 excusserat.
1578 2753 1761 2780 Moribnndus
1778 2761 1844 2780 ora-

219 2805 418 2835 Andronienm,
443 2802 585 2834 lsaacium,
611 2801 772 2829 Manuelem.
802 2802 925 2830 Alexium
942 2808 1004 2839 po_st

220 2850 424 2878 coronationcm
461 2848 553 2877 videre
579 2856 628 2884 per
661 2847 782 2884 quietem
816 2849 889 2876 visus
902 2848 1002 2876 estin—

1058 2802 1131 2829 tionc
1149 2802 1181 2829 ad
1198 2809 1263 2829 suos
1278 2800 1382 2834 habita,
1398 2801 1551 2828 Manuelem
1569 2808 1602 2827 ex
1620 2799 1684 2826 ﬁliis
1708 2804 1772 2826 natu
1790 2800 1842 2827 mi—

1056 2848 1171 2882 nimum,
1191 2847 1237 2883 qui
1255 2853 1310 2876 tum
1327 2847 1396 2874 forte
1414 2845 1517 2880 aderat,
1532 2844 1634 2872 lsaacio
1654 2844 1752 2880 majori
1771 2852 1840 2879 prae-
