1960 3075
117 112 164 152 625

796 117 1063 152 CGNTlNUATIO.

1685 121 1736 152 026

117 171 186 203 tulit,
199 174 228 197 01.
242 170 435 205 imperatorem
449 171 613 206 designavit.
629 171 687 205 Quo
700 173 815 200 consilio
831 169 936 205 cun-'A
952 175 1137 210 recuperavit,
1152 181 1179 202 et
1192 176 1325 204 illicitaele
1342 177 1493 211 Palrologn
1509 177 1738 212 eopiisadvcrsus

115 222 218 245 ciorum
233 216 372 251 suffragiis
397 218 560 252 approbato,
581 219 665 246 vitam
692 219 763 246 hanc
776 220 897 254 reliquit,

116 262 222 297 imperii
233 262 364 290 vicesimo
381 268 480 297 quarto
499 271 572 291 anno
587 271 670 298 supra
685 272 809 292 mensem
826 270 901 292 octa-

116 314 175 334 vum
192 312 296 334 exacto.
307 312 309 314 ’
448 325 451 328 «
567 308 573 313 ’

149 377 289 406 Successit
308 378 333 405 ei
348 378 466 411 illanucl,
483 380 529 414 qui
545 386 608 407 mox
623 388 638 408 e
651 381 748 408 castris
762 381 788 408 in
804 381 900 408 urbem

115 423 257 450 Axut-hunt
286 431 416 458 magnum
431 424 613 451 domesticum
628 426 788 459 ablegavit,
806 431 835 452 ut
859 434 902 452 res

116 469 177 496 istic
206 469 402 502 constitueret,
429 474 621 505 occupatoque
652 471 754 504 palatio
789 471 901 498 fratrem

116 514 245 543 lsaaciutu
264 520 382 550 paterna
410 517 506 544 mortis
526 517 615 544 adhuc
636 518 760 552 ignarum
789 525 902 545 coerce-

116 565 164 592 ret,
190 560 301 595 nequid
316 560 512 587 illeturbarunt
531 570 580 588 ceu
607 567 673 588 natu
698 562 785 596 major
812 562 900 589 daret.

118 606 256 641 Egregiam
284 607 310 633 iit
333 615 366 634 eo
382 607 490 634 navavit
506 614 617 641 operam
633 607 773 639 Axuehus,
801 607 902 634 lsaacio

117 651 143 678 iit
158 652 368 680 Pautocratoris
384 653 582 680 monasterium
596 653 715 680 incluso.
739 654 798 680 Non
810 654 858 680 abs
874 661 902 680 re

117 701 206 725 autem
223 702 299 732 pater
323 699 361 725 illi
391 699 542 726 lllanuelem
571 700 740 734 111-1111010101.
776 700 841 726 Nam
875 703 903 726 et

118 743 264 771 iracundus
275 748 346 776 erat,
367 749 394 771 et
405 745 437 772 ad
452 745 588 780 supplicia
601 746 675 772 leves
690 745 725 772 ob
737 746 901 772 0005111011-

117 790 204 824 εο01111
221 798 327 825 pronus
344 797 351 817 :
371 791 422 818 ltac
445 792 504 826 ipsa
523 792 668 819 atrocitate
697 800 758 819 cum
785 791 900 818 naturali

117 835 234 870 quodam
253 844 353 871 pavore
369 838 527 872 conjuncta.
549 837 624 864 Uxor
638 837 757 865 Mauueli
788 838 905 872 impera-

119 881 170 908 tori
186 882 316 908 Aleuiana
332 882 395 914 fuit,
421 890 454 910 ex
475 882 576 910 illustri
589 883 748 917 principum
777 883 878 910 familia
893 891 900 909 ε

117 935 177 962 quae
191 935 244 954 non
261 931 314 954 tam
328 928 443 955 formant
470 929 604 962 corporis,
621 937 702 963 quant
730 929 814 955 animi
845 930 904 963 pul-

119 973 446 1002 chritudineutcurabat.
477 975 574 1009 Itaque
611 975 682 1002 fucis
696 979 724 1002 et
757 975 904 1002 adseititiis

119 1019 289 1047 ornamentis
314 1020 475 1055 repudiatis,
509 1021 683 1055 naturalique
710 1020 812 1048 rubore
841 1028 905 1047 con-

119 1068 204 1098 tenta,
241 1065 375 1092 virtutunt
413 1066 549 1100 elegantia
580 1066 714 1101 fulgebat,
749 1061 904 1093 eottstatttia

119 1113 305 1146 gravitateque
323 1112 455 1147 gentilitia
481 1112 606 1147 praedita.
638 1113 671 1139 Ei
686 1112 795 1139 Manuel
811 1112 906 1148 conju-
925 1122 932 1124 ‘

118 1158 154 1193 gii
171 1158 249 1186 Iidem
267 1166 321 1186 non
334 1159 470 1191 servabat,
497 1159 580 1186 etiam
610 1159 700 1193 neptis
720 1159 824 1186 incesta
841 1166 906 1185 con-

119 1204 267 1232 suetudine
293 1212 355 1231 0010
374 1204 523 1240 ignominia
538 1205 672 1239 singulari
690 1205 819 1232 abutens.
845 1196 905 1231 Ca:-

121 1251 248 1285 teroquiu
264 1251 298 1278 ab
313 1251 392 1285 initio
405 1250 553 1278 munificus
576 1255 646 1284 erat,
680 1251 714 1278 ob
747 1250 905 1278 comitatem

119 1296 195 1323 aditu
213 1296 309 1328 facilis,
329 1296 424 1331 az!
437 1296 544 1323 fraudis
570 1301 682 1331 experte
699 1305 706 1323 :
723 1304 784 1330 qua:
814 1301 905 1323 tamen

121 1343 236 1370 virtutes
254 1342 280 1369 in
295 1342 354 1377 ipso
370 1342 507 1377 péFpetum
525 1350 578 1369 non
592 1342 772 1370 exstiterunt.

156 1407 213 1434 1100
231 1412 354 1441 tempore
374 1412 500 1442 suscepta
513 1411 555 1434 cst
580 1407 614 1434 ab
632 1406 774 1435 Alemannis
787 1406 906 1434 Conradi

119 1453 234 1480 Czesaris
244 1453 355 1487 Augusti
369 1445 497 1487 auspiciis
509 1452 536 1478 in
549 1451 722 1479 Palwstinam
737 1443 807 1478 nova
822 1459 906 1486 expe-

120 1499 200 1530 ditio,
213 1506 294 1533 quant
308 1498 413 1525 lllanuel
428 1497 539 1524 minime
551 1497 661 1532 quidem
676 1497 764 1532 palam
777 1497 908 1532 impedie-

121 1545 178 1576 bat,
189 1544 235 1571 sed
247 1545 367 1571 occultas
384 1549 473 1571 tamen
484 1544 608 1571 struebat
622 1543 760 1570 Alemanis
780 1543 904 1570 insidias.

122 1588 246 1616 Fuerunt
259 1589 286 1616 in
297 1590 346 1616 hac
356 1589 530 1623 expeditione
544 1589 667 1616 virorum
680 1589 795 1616 comites
820 1590 905 1616 etiam

122 1634 233 1661 femina:
264 1634 387 1668 quaedam
416 1634 536 1669 ingentis
576 1634 672 1666 animi,
707 1642 768 1668 qua:
795 1639 907 1661 111111111ιο

121 1680 364 1715 iusidcntcsequis
393 1681 561 1708 Amazonum
589 1681 708 1714 speciem
739 1680 905 1715 pr.rbebaut.

122 1727 173 1754 llic
186 1727 252 1754 mihi
266 1727 338 1759 vide,
358 1734 439 1762 quam
454 1727 586 1761 ﬂagitiose
607 1727 716 1754 lllanuel
739 1731 834 1754 contra
859 1727 908 1753 da—

123 1779 177 1800 tam
197 1773 279 1800 fidem
297 1781 356 1801 sese
390 1774 517 1809 gesserit.
546 1773 575 1800 10
596 1773 664 1800 locis
689 1772 850 1807 opportunis
880 1777 908 1800 et

121 1819 206 1846 arctis
221 1819 335 1846 insidias
345 1819 505 1850 collocabat.
517 1827 576 1854 qua:
585 1819 687 1846 multos
695 1819 905 1852 internitebant;

122 1862 224 1896 passim
249 1861 336 1896 portis
366 1861 426 1895 ipso
456 1866 596 1888 annuente
612 1861 726 1893 clausis,
741 1861 830 1888 forum
845 1860 909 1888 Ale-

122 1909 212 1935 manis
243 1907 430 1942 denegabatur
450 1917 456 1934 :
473 1907 585 1935 funibus
613 1907 647 1934 de
678 1914 757 1943 muro
787 1907 908 1941 pecunia:

121 1954 295 1981 attrahenda:
312 1961 393 1981 causa
406 1953 543 1984 demissis.
565 1962 595 1981 ea
608 1958 697 1988 capta,
714 1958 846 1988 quantum
866 1952 907 1980 vel

122 2001 202 2036 panis
236 2001 278 2027 vel
305 2001 420 2028 aliarum
455 2008 547 2028 rerum
585 2000 710 2032 libebat,
762 1999 904 2034 pra-beha-

123 2052 171 2073 tur
187 2042 418 2080 :"uonttunquant
445 2049 558 2072 aur0.et
584 2048 699 2080 argento
723 2048 851 2077 attracto,
872 2043 906 2071 de

123 2090 213 2117 muris
237 2094 324 2117 semet
354 2090 472 2124 itnprobi
499 2090 628 2116 mortales
652 2089 852 2121 subducebant,
877 2097 907 2115 :tc

122 2137 192 2164 nihil
226 2136 338 2163 omnino
357 2141 527 2164 commeatus
552 2136 674 2163 vicissim
700 2135 905 2162 demittebant:

121 2181 237 2217 quidam
253 2182 346 2208 farinae
360 2182 465 2209 calcent
492 2181 650 2213 miscentes,
677 2181 767 2208 cibum
802 2181 909 2215 pestife.

122 2236 186 2255 rum
214 2227 370 2254 ellieiehant
390 2236 397 2254 :
417 2227 595 2262 imperatoris
622 2227 700 2262 jussu
732 2227 766 2254 de
781 2223 908 2261 argento

122 2274 239 2300 minimc
257 2273 343 2308 probo
364 2281 430 2300 cusa
448 2279 555 2300 moneta
584 2278 637 2305 est,
665 2281 726 2307 qua:
756 2273 910 2300 vendituris

120 2318 227 2352 aliquid
244 2326 278 2344 ex
293 2317 452 2345 Alentanico
484 2317 608 2344 exercitu
641 2317 773 2344 daretur:
790 2317 909 2351 denique

121 2362 226 2389 litteris
238 2363 271 2389 ad
288 2363 394 2390 Turcos
407 2363 497 2390 missis
527 2363 634 2390 Manucl
653 2363 778 2390 hortatus
791 2369 843 2394 est,
880 2367 910 2389 ut

121 2409 227 2435 bellum
243 2408 381 2436 Alemanis
398 2409 528 2436 facerent.
544 2409 621 2442 Quod
638 2409 676 2435 illi
688 2417 748 2435 eum
762 2413 909 2440 tentarent,

121 2455 158 2481 ad
176 2454 342 2481 Mteandrunt
358 2463 373 2481 a
385 2454 522 2486 Conrado,
536 2455 629 2482 divina
653 2455 771 2489 quadam
802 2456 827 2482 vi
857 2455 909 2481 flu-

121 2501 199 2527 vium
217 2500 380 2535 trajiciente,
407 2505 481 2528 tanta
496 2501 617 2536 ipsorutn
637 2501 710 2528 edita
735 2507 840 2536 strages
855 2506 908 2531 est.

121 2551 154 2573 ut
164 2546 199 2573 de
212 2544 345 2573 czesoruut
361 2546 472 2574 ossibus
484 2546 596 2574 excitati
621 2547 710 2574 crebri
737 2548 841 2582 altique
868 2553 910 2574 tu-

122 2592 205 2624 tituli,
220 2592 332 2619 collium
362 2592 450 2619 instar
473 2598 662 2628 assurgerent,
689 2592 735 2628 qui
771 2594 909 2629 hodieque

121 2645 188 2665 cunt
213 2638 393 2665 admiratione
427 2640 627 2667 transeuntium
666 2645 844 2674 spectantur.
871 2640 910 2667 Eo

122 2683 221 2718 proelio
236 2687 289 2709 tant
302 2683 419 2712 feliciter
432 2691 561 2720 pugnato,
576 2685 645 2712 citra
671 2686 832 2720 cujusquam
862 2687 911 2712 itit-

123 2728 316 2762 pcdimeutum
334 2728 462 2764 deinceps
478 2730 603 2757 Alcmani
622 2735 686 2756 sunt
700 2731 847 2764 progressi.

159 2773 352 2800 Gessitabillo
367 2778 488 2808 tentpore
500 2775 601 2802 bellum
621 2775 729 2802 .\lanucl
751 2783 845 2802 contra
866 2785 911 2803 rc-

123 2827 186 2854 8010
203 2818 303 2847 Siciliae
321 2819 475 2856 liogcriunt,
493 2821 663 2856 ablatamun
685 2821 736 2849 sibi
761 2822 909 2856 Corcyram

953 221 1060 248 Siculos
1091 221 1230 255 pricl'ccto,
1257 221 1290 248 de
1313 221 1417 249 Serviis
1446 222 1634 257 llnngarisque
1651 224 1738 249 victo-

953 266 1020 293 riam
1036 274 1101 293 sane
1114 266 1246 293 illustrem
1264 272 1428 294 consecutus
1446 271 1497 295 est.
1516 268 1666 302 Palatologo
1683 277 1737 294 non

952 312 1040 338 ntulto
1055 316 1117 346 post
1135 312 1297 345 abrogatum
1314 313 1470 347 imperium,
1494 315 1625 348 missique
1643 319 1737 340 contra

952 357 1059 385 Siculos
1072 358 1183 385 Alexius
1197 358 1362 387 Comuenus.
1382 359 1509 396 llryeunji
1521 359 1636 389 Ctesaris
1652 359 1736 389 filius.

953 412 1014 431 cum
1029 403 1132 431 Joanne
1149 404 1232 435 Duca,
1248 405 1367 438 itemque
1382 405 1461 439 337
1473 405 1668 432 Constantinus
1683 406 1739 431 An-

953 450 1045 484 gelus,
1061 450 1086 476 iit
1099 455 1257 484 potestatem
1271 450 1390 477 hostium
1403 450 1671 477 venerunt.’l‘andctn
1682 452 1740 478 sine

953 495 1043 520 fructu
1060 493 1130 521 bello
1149 494 1351 526 administrato,
1375 502 1425 528 pax
1446 496 1577 530 utrinque
1593 496 1663 522 facta
1686 501 1738 522 est.

952 539 1020 566 Cum
1037 544 1127 566 autem
1139 540 1267 567 Alcntana
1285 540 1417 567 Manuelis
1437 549 1506 568 uxor
1518 548 1533 568 e
1552 541 1622 568 vivis
1643 549 1739 568 exres-

953 584 1044 616 sisset,
1058 592 1139 618 quam
1152 585 1262 619 quidem
1277 590 1411 612 mortuam
1422 585 1739 620 illeiongeﬁacerbissime

952 630 1032 660 luxit.
1057 631 1232 664 procreanda:
1249 631 1352 657 sobolis
1367 632 1494 658 mascula:
1509 639 1601 664 causa,
1617 632 1739 658 Petcbiai

954 675 1105 702 Antiochiae
1128 676 1159 703 ad
1177 676 1306 704 Orontem
1325 677 1383 704 sita:
1399 677 1539 711 principis,
1562 686 1594 704 et
1610 678 1738 705 occiden-

955 721 1002 748 tali
1016 721 1119 749 familia
1136 722 1205 753 nati,
1227 722 1310 749 filiant
1341 730 1453 749 uxorem
1478 722 1567 750 duxit.
1591 723 1665 750 lntcr
1688 724 1740 750 alia

954 774 1014 801 qua:
1044 766 1129 801 gessit
1154 766 1207 794 1100
1237 775 1346 801 quoque
1381 767 1546 800 celebratur,
1574 768 1647 802 quod
1678 777 1740 795 cum

954 810 1073 843 Chliara,
1091 812 1251 846 Pergamus,
1276 812 1486 848 Adramyttiutn,
1505 813 1587 840 urbes
1612 814 1681 841 Asia:
1693 814 1741 840 Mi-

956 857 1042 889 noris,
1056 865 1205 891 caruntque
1222 857 1290 885 fines
1302 865 1318 885 a
1336 857 1433 885 Turcis
1457 859 1580 892 undique
1608 860 1741 893 gravissi-

955 902 1007 929 mis
1031 902 1255 937 populationibus
1268 907 1442 934 vexarentur,
1462 904 1662 940 munitionibus
1691 913 1741 932 ex.-

955 948 1077 981 structis,
1091 955 1158 982 quas
1173 948 1248 975 Nova
1260 948 1355 976 Castra
1385 950 1566 984 nuncupavit,
1583 958 1677 977 earum
1697 958 1741 978 se-

955 993 1066 1020 curitati
1084 994 1265 1021 consuluerit.

992 1039 1124 1074 Deinceps
1139 1045 1214 1068 moto
1230 1041 1301 1068 bello
1322 1044 1416 1068 contra
1431 1041 1555 1075 llunnos,
1583 1042 1671 1069 adiutis
1699 1043 1742 1070 sui

955 1084 1098 1120 Stephani,
1115 1085 1185 1113 Jaza:
1196 1086 1267 1121 regis
1280 1094 1376 1113 eorutn
1395 1087 1489 1114 fratris
1510 1088 1633 1121 nomine,
1659 1096 1741 1123 quem

956 1138 1040 1166 regno
1055 1136 1116 1166 post
1129 1130 1200 1158 Jazaa
1217 1137 1333 1159 mortem
1351 1132 1453 1167 pratici
1468 1134 1561 1166 vellet,
1587 1142 1649 1162 cum
1663 1135 1742 1162 initio

956 1184 1054 1212 parum
1080 1177 1193 1204 omnino
1212 1185 1256 1205 res
1287 1178 1449 1206 succederet
1466 1187 1474 1207 :
1490 1179 1600 1206 tandem
1636 1180 1743 1206 Andro-

957 1223 1018 1250 nico
1035 1222 1258 1257 Contostephatto
1274 1230 1337 1250 cum
1366 1224 1455 1259 magni
1473 1224 1552 1251 ducis
1578 1225 1659 1252 titulo
1674 1233 1744 1259 pra:-

957 1267 1093 1303 clarisque
1112 1267 1198 1302 copiis
1211 1269 1344 1296 adversus
1371 1269 1433 1298 illos
1459 1271 1554 1300 misso.
1573 1270 1674 1305 ingenti
1705 1271 1744 1297 vi—

957 1313 1044 1341 ctoria
1061 1314 1166 1348 potitus
1184 1319 1226 1341 est
1244 1323 1251 1340 :
1280 1322 1342 1341 cunt
1367 1315 1479 1349 quidem
1513 1315 1684 1350 imperatoris
1702 1316 1743 1342 iit-

955 1359 1046 1395 jnssu,
1061 1360 1108 1394 qui
1124 1359 1159 1387 ob
1172 1360 1293 1387 siderum
1311 1361 1432 1395 positum
1446 1361 1528 1396 paulo
1553 1361 1744 1388 inclementio-

959 1413 1028 1436 rcm.
1050 1405 1125 1432 aliud
1154 1407 1309 1440 exspectari
1344 1414 1440 1442 pugna:
1467 1412 1576 1441 tempus
1609 1407 1743 1439 voluerat,

958 1458 1068 1477 manum
1086 1458 1148 1477 cum
1168 1451 1297 1486 Dionysio
1312 1451 1393 1482 duce,
1413 1451 1471 1478 viro
1486 1451 1550 1478 forti
1563 1459 1595 1478 ae
1617 1456 1743 1483 strenuo,

921 1511 941 1539 ο
959 1495 1155 1523 conseruisset.
1175 1495 1209 1523 Ut
1229 1501 1320 1523 autem
1344 1496 1407 1523 l'clix
1425 1496 1484 1523 lltl‘c
1498 1497 1638 1531 expeditio
1672 1498 1743 1524 Cons

959 1542 1111 1576 tostephani
1129 1541 1191 1574 fuit,
1211 1542 1247 1568 ita
1262 1549 1356 1576 parum
1373 1542 1486 1568 omnino
1500 1543 1634 1569 successit
1647 1542 1743 1574 altera,

958 1596 1019 1622 qua:
1035 1593 1130 1614 contra
1145 1588 1284 1614 sultanuat
1317 1587 1434 1623 (Egypti,
1456 1588 1551 1615 eodem
1571 1588 1651 1618 duce,
1681 1596 1744 1622 nega:

959 1633 1209 1668 llierosnlyinorum
1219 1637 1246 1660 et
1264 1632 1346 1667 Cypri
1364 1633 1492 1666 Anterigo
1511 1633 1597 1666 socio,
1617 1638 1742 1667 suscepta

958 1684 1000 1707 est
1020 1686 1096 1706 :non
1115 1679 1181 1705 illud
1204 1678 1316 1713 quidem
1345 1678 1497 1705 Androttici
1525 1678 1613 1712 culpa,
1637 1679 1684 1705 sed
1709 1679 1745 1705 011

959 1723 1101 1759 perfidiam
1119 1725 1189 1758 regis
1204 1724 1335 1759 Amerigi,
1354 1724 1399 1758 qui
1413 1724 1496 1750 etiam
1506 1719 1595 1751 astute
1608 1723 1743 1758 impediit,

958 1770 1108 1804 quominus
1134 1769 1271 1796 Tamiathi
1291 1769 1340 1805 [111.
1359 1769 1511 1805 Damiata]
1526 1769 1559 1796 ad
1589 1774 1743 1796 extremum

960 1816 1062 1843 redacti
1072 1815 1176 1843 deditio
1202 1815 1290 1842 ﬁeret.
1316 1815 1503 1842 Consimiliter
1526 1814 1626 1842 infelici
1646 1815 1739 1841 consi-

959 1863 996 1890 lio
1014 1862 1122 1889 Manucl
1150 1862 1207 1896 ipse
1222 1862 1331 1889 sullatto
1343 1861 1428 1888 lcottii
1448 1860 1550 1888 bellum
1568 1860 1645 1892 fecit,
1658 1868 1745 1894 quan-

960 1916 1041 1944 quam
1059 1909 1083 1935 is
1097 1907 1249 1935 exstitisset
1265 1907 1292 1934 in
1319 1907 1515 1941 imperatorem
1543 1906 1623 1941 longe
1653 1905 1744 1939 ingra<

961 1954 1095 1986 tissimus,
1108 1962 1123 1981 a
1134 1961 1188 1988 quo
1201 1961 1249 1988 per
1265 1961 1331 1980 suos
1342 1953 1445 1980 ditionc
1456 1952 1599 1987 spoliatus,
1616 1952 1744 1978 humaui-

962 2006 1003 2028 ter
1019 2005 1162 2035 exceptus,
1179 2005 1207 2026 ct
1231 1998 1409 2033 amplissimis
1441 1996 1603 2025 muneribus
1627 1997 1746 2024 donatus

961 2047 1061 2080 fuerat,
1076 2046 1159 2080 inque
1177 2046 1323 2080 pristinum
1340 2044 1484 2079 imperium
1501 2043 1653 2071 restitutus.
1662 2043 1746 2070 Cicsre

961 2097 1026 2129 sunt
1064 2091 1187 2125 insignes
1215 2091 1267 2118 hoc
1296 2090 1369 2117 bello
1399 2090 1587 2117 Romanorum
1609 2097 1624 2116 a
1647 2089 1745 2116 Turcis

961 2137 1058 2173 capiat,
1077 2136 1242 2172 quibusdam
1267 2136 1295 2163 iu
1314 2135 1441 2163 faucibus
1471 2143 1531 2170 qua:
1555 2134 1663 2162 Clisura
1693 2134 1744 2169 Zy-

927 2182 947 2208 ι)
961 2185 1043 2211 111-1110
1082 2188 1297 2218 nuncupantur:
1317 2182 1467 2217 itttperator
1496 2181 1554 2216 ipse
1592 2181 1745 2208 fortissime

962 2229 1106 2261 dimicans,
1127 2233 1183 2256 toto
1197 2235 1312 2262 corpore
1332 2227 1495 2255 vulneribus
1510 2226 1618 2257 allecto,
1642 2226 1687 2253 vix
1702 2226 1745 2252 itt-

962 2275 1078 2303 columis
1097 2275 1193 2302 evasit.
1209 2275 1262 2301 Sed
1289 2279 1378 2301 tamen
1397 2275 1504 2309 egregia
1526 2273 1617 2300 virtus
1631 2273 1746 2301 Joannis

962 2321 1080 2348 Batatzat
1097 2329 1152 2347 11011
1180 2321 1267 2347 1110110
1281 2324 1343 2355 post
1369 2320 1500 2347 damnum
1524 2320 1576 2347 hoc
1603 2319 1748 2354 insigniter

963 2365 1113 2393 resarcivit.
1133 2365 1201 2392 Cum
1217 2366 1289 2393 enini
1311 2365 1442 2399 Atapatus
1455 2364 1556 2391 Sullani
1579 2365 1658 2399 jussu
1683 2371 1745 2390 011111

963 2413 1076 2441 delectis
1097 2413 1250 2442 Turcoruut
1295 2411 1391 2446 viginti
1417 2411 1550 2442 millibus,
1577 2409 1745 2445 etamplius,

963 2460 989 2487 in
1006 2460 1073 2486 fines
1093 2459 1231 2486 Romanos
1243 2458 1277 2485 ad
1291 2459 1381 2493 ipsum
1403 2465 1491 2491 usque
1507 2464 1582 2483 mare
1606 2461 1748 2490 grassatus

963 2505 1119 2533 inunauitcr
1135 2504 1241 2536 fuisset,
1254 2504 1366 2538 jamque
1386 2503 1554 2530 Mieandram
1579 2502 1692 2530 fluvium
1709 2503 1749 2528 itt-

964 2552 1039 2578 fiuila
1055 2555 1174 2578 onustus
1195 2550 1286 2584 praeda
1299 2549 1425 2584 trajicere
1438 2554 1586 2577 conaretur
1601 2557 1608 2575 :
1625 2549 1749 2575 Batatzes

963 2596 1058 2624 divisis
1070 2596 1169 2628 copiis,
1181 2603 1213 2622 ac
1230 2595 1329 2630 partim
1352 2595 1378 2621 in
1406 2594 1515 2621 insidiis
1540 2593 1655 2624 abditis,
1687 2599 1748 2626 par—

963 2644 1011 2670 tim
1030 2642 1056 2669 in
1080 2642 1241 2669 ulteriorem
1263 2641 1350 2668 amnis
1367 2641 1455 2674 ripam
1474 2638 1697 2673 Maderejussis,
1713 2644 1747 2664 eo

964 2689 1016 2716 loci
1033 2688 1138 2723 redegit
1152 2688 1256 2718 hostes,
1282 2691 1311 2713 ut
1326 2687 1442 2721 Atapato
1472 2685 1628 2716 interfecto,
1659 2691 1691 2709 ex
1709 2687 1748 2708 tot

964 2734 1086 2761 millibus
1101 2734 1213 2760 omnino
1232 2732 1310 2766 pauci
1327 2731 1359 2758 ad
1372 2739 1435 2758 suos
1453 2729 1519 2757 Salvi
1532 2732 1746 2755 revertere-itur.

963 2777 1019 2805 lluc
1036 2778 1107 2804 facto
1119 2778 1303 2804 Romanarum
1323 2775 1407 2803 erecti
1426 2778 1489 2802 sunt
1503 2774 1598 2806 anitni,
1622 2782 1652 2801 ac
1669 2773 1747 2800 viris-

965 2825 1015 2853 Eltll
1028 2824 1209 2853 Uarbarorum
1225 2823 1370 2851 insolentia
1392 2829 1524 2850 repressa.
