1960 3075
235 171 286 203 627

776 170 802 200 Μ
810 170 986 200 [CIIAELIS
1002 170 1131 201 (ΠΧΩ-Ε
1150 169 1350 216 ANNALIUM

1807 159 1868 195 62s

271 227 353 262 338
384 227 452 254 Cum
470 231 560 254 autem
591 227 711 255 studiose
726 225 832 254 Manuel
860 235 952 254 secutn
980 223 1026 261 po'—
1040 229 1063 256 Δ
1078 226 1131 253 llac
1150 226 1284 260 intputsu‘s
1302 224 1447 252 occasione
1464 221 1649 253 Andronicus,
1673 224 1700 248 et
1717 221 1775 255 ipse
1805 221 1861 248 bla-

236 274 348 300 tentiam
364 274 503 300 nationum
523 273 744 305 occidentalium,
760 281 820 308 qua:
839 273 894 308 regi
910 273 1020 299 Alema-

237 327 334 345 norunt
359 319 502 352 parebant,
517 319 718 353 expendisset:
737 319 843 346 veritus
860 326 893 345 ne
913 318 952 345 illi
967 318 1020 344 ali-

235 364 346 398 qttamlo
393 371 472 391 suum
509 365 656 398 imperium
699 364 885 396 adorirentur,
927 364 1020 391 Romus

236 409 336 436 veteris
354 409 454 444 Papam
470 413 566 436 contra
585 409 755 436 Fridericum
776 418 865 444 regem
894 409 1018 436 concita-

235 454 284 486 vit,
295 454 458 481 hortatusut
473 454 545 489 quod
565 455 686 489 pontifici
703 455 850 482 deberetur
861 454 1018 490 imperium,

236 500 362 535 usurpari
379 500 413 527 al)
429 500 587 528 Alentanico
604 501 728 535 principe
750 508 921 535 nequaquam
945 507 1022 535 pate-

236 551 326 572 retur.
344 545 445 572 Eodem
460 550 540 580 parto
553 546 682 577 Venetos.
707 546 878 578 chuenses,
896 546 1019 579 Pisanos,

236 590 435 622 Aneonitanos,
454 596 481 618 et
500 591 622 625 reliquos
635 592 718 619 tuaris
733 592 841 619 accolas
856 592 908 618 sibi
929 592 1022 619 conci-

236 635 330 667 liabat,
360 641 531 663 sacramento
569 637 754 669 devinciebat,
794 638 884 664 omnis
912 638 1020 672 generis

235 681 333 709 oﬂiciis
354 682 503 714 alliciebat,
532 682 558 709 in
579 683 645 709 urbe
671 683 789 717 denique
813 683 1021 718 perhumaniter

236 727 401 762 excipiebat.
430 727 554 762 Cumque
585 727 830 755 Mnliolanensium
852 729 948 755 urbem
985 736 1017 756 ac

237 774 403 801 munitiones
425 782 535 801 eversas
549 783 563 802 a
582 774 720 802 Friderico
753 775 914 809 accepisset,
940 784 1019 810 opem

237 811 410 853 acpecunias
424 819 457 846 iis
470 820 598 854 prmbuit,
632 821 733 854 quibus
763 829 855 848 muros
885 822 1023 850 iuslaura-

238 869 310 890 rettt.
325 864 518 892 Alontisferrati
537 865 656 900 denique
685 866 737 893 sibi
758 867 941 894 ltlarehioncm
971 869 1019 894 ad-

1073 272 1162 299 nuelis
1173 271 1303 305 patruelis
1332 270 1406 303 (naut
1421 269 1519 296 eodeni
1557 272 1634 302 patre
1653 266 1754 297 Alexio,
1773 266 1860 293 Joan-

1072 327 1120 345 nes
1135 318 1265 345 Manut-lis
1297 321 1324 344 et
1337 316 1455 343 lsascius
1472 315 1681 342 Sebastocrater
1706 311 1859 339 Androniti

1072 368 1160 398 pater,
1178 363 1234 390 nati
1255 362 1357 395 erant),
1370 361 1461 395 homo
1480 361 1557 394 longe
1578 358 1740 385 valcrrimus
1757 358 1863 392 pariter

1070 413 1098 437 et
1110 408 1327 438 crudelissimus,
1340 405 1391 433 sub
1408 411 1500 433 astuto
1521 408 1665 439 prmtextu,
1687 403 1765 438 quasi
1789 410 1863 429 retr.-

1072 455 1209 489 publieam
1226 457 1255 480 et
1276 453 1469 487 imperatorem
1483 450 1621 478 vindicare
1635 449 1716 476 vellet
1739 449 1772 475 ab
1787 448 1862 475 insi-

1071 501 1124 528 diis
1145 499 1338 536 protoscbasli,
1351 506 1366 526 e
1383 497 1580 533 Paphlagonia,
1611 504 1666 531 quo
1689 495 1831 529 ablegatus
1845 502 1861 520 :t

1071 546 1194 573 Mannele
1215 545 1322 576 fuerat,
1342 545 1454 579 propius
1478 544 1510 570 ad
1540 544 1634 570 urbem
1663 541 1778 570 atccdit,
1811 539 1860 566 ad-

1068 592 1228 628 junctisque
1241 591 1292 618 sibi
1306 591 1373 618 viris
1385 591 1413 617 in
1426 586 1859 621 administrationeprincipibus,

1073 638 1214 665 redactum
1229 637 1255 664 in
1281 640 1445 671 potestatem
1473 634 1690 670 protosebastum
1720 635 1860 662 excaecat;

1077 683 1184 717 imperii
1200 682 1421 717 procurationem
1440 682 1474 708 in‘
1489 688 1518 708 se
1539 679 1684 709 transfert;
1715 678 1862 705 Contostc-

1074 729 1194 764 phanum
1213 736 1274 755 cum
1289 732 1407 762 quatuor
1423 727 1498 760 (iliis,
1518 725 1858 761 Basilium,Cantaterunt,

1072 781 1100 802 et
1116 775 1183 801 alios
1199 774 1319 802 illustres
1333 773 1406 800 viros
1420 774 1507 801 oculis
1531 772 1652 807 spoliat;
1668 776 1782 798 matrem
1805 770 1860 796 im-

1074 820 1208 855 peratoris
1221 823 1311 851 necat,
1325 819 1443 847 conﬁcto
1456 819 1584 850 crimine,
1618 817 1695 852 quasi
1725 823 1755 843 ea
1786 815 1860 841 Bolae

1075 867 1130 899 regi
1158 865 1362 901 liungarorum,
1377 873 1496 900 quocum
1522 869 1605 898 nupta
1641 871 1719 891 soror
1737 863 1858 896 impera-

237 909 334 944 jnnxit,
350 910 408 944 ejus
423 910 477 936 filio
494 911 603 943 Marias,
625 912 678 938 lilia
697 919 745 938 sua
763 911 789 938 itt
814 913 1018 940 matrimonium
1036 901 1054 928 Β
1073 909 1149 936 tricis
1170 915 1238 942 erat.
1267 910 1381 944 prndero
1414 909 1594 936 BrattiLoLam
1619 914 1647 936 et
1672 907 1858 942 Bclligradum

236 962 375 982 concessa.
395 956 454 988 Quo
472 956 571 984 factum
592 963 643 990 cst,
666 961 694 984 ut
717 965 779 984 cum
796 957 958 986 Fridericus
977 967 1021 986 ar-

236 1000 410 1035 chiepiscopo
429 1001 597 1037 Moguntino,
614 1002 777 1030 cancellario
793 1011 853 1036 suo,
874 1004 900 1030 in
915 1003 1020 1031 Italiam

236 1046 332 1077 misso,
349 1046 428 1081 Papa:
446 1047 527 1074 urbes
547 1047 655 1074 Italicas
682 1047 816 1075 adimeret
833 1057 839 1074 :
863 1049 1020 1076 Montisfer-

236 1093 367 1124 ratensis,
382 1093 514 1120 Mannelis
529 1093 722 1128 largitionibus
748 1094 893 1128 impulsus.
913 1095 1020 1123 Conra-

236 1137 302 1163 dutn
324 1137 408 1164 lilium
422 1146 484 1165 cum
501 1139 589 1173 copiis
604 1139 630 1165 itt
656 1139 845 1173 Moguntiunm
871 1140 1020 1176 ablegaret,

237 1190 251 1209 ει
269 1191 324 1217 quo
338 1185 489 1218 profligatis
504 1185 653 1217 Alemanis,
669 1186 752 1213 etiant
766 1186 823 1221 ipse
845 1186 1021 1221 Moguntinus

235 1227 307 1254 ittter
321 1228 389 1256 alios
402 1234 498 1263 captus
512 1233 564 1256 est.

271 1273 338 1300 Cum
357 1274 569 1302 autemManuel
606 1279 757 1303 sectatores
789 1276 853 1303 vita).
880 1276 1019 1310 solitariae,

235 1324 346 1353 propter
359 1321 546 1354 possessiones
561 1325 594 1348 et,
604 1322 741 1348 mundana
767 1323 886 1356 negotia,
918 1330 1016 1357 parum

236 1365 361 1398 religioni
378 1365 522 1400 cultuique
542 1366 635 1393 divino
655 1364 763 1394 deditos
783 1367 891 1395 videret
907 1375 914 1400 ;
931 1368 1021 1395 nullas

235 1408 276 1436 eis
290 1410 392 1441 vineas,
413 1410 504 1437 ttullos
515 1418 605 1444 agros,
624 1411 711 1438 nullas
738 1411 924 1444 possessiones
950 1412 1020 1439 assi-

235 1454 345 1487 gnavit,
363 1455 410 1482 sed
435 1462 467 1482 cx
483 1455 550 1482 fisco
565 1460 670 1482 tantunt
685 1457 766 1491 pendi
781 1457 872 1492 jussit,
888 1463 1019 1492 quantuttt

238 1500 271 1526 ait
288 1500 389 1527 vietum
403 1501 563 1535 cultumque
575 1502 702 1536 corporis
717 1502 783 1530 satis
797 1508 879 1531 esset.
907 1503 1020 1531 Videtur

237 1545 368 1572 nimirum
384 1546 566 1580 cupiditatem
582 1547 755 1574 immodicam
774 1549 899 1575 struendi
922 1556 1018 1576 mona-
1033 1564 1054 1592 ρ

236 1591 319 1618 steria
341 1592 520 1626 improbasse,
533 1600 564 1620 ac
577 1594 696 1628 posteris
722 1595 876 1628 exemplum
904 1595 1019 1630 prodere

237 1637 368 1675 voluisse,
385 1645 440 1672 quo
453 1644 532 1672 pacto
543 1639 644 1673 templa
666 1640 822 1673 condenda,
853 1645 880 1668 et
895 1649 955 1675 quae
971 1642 1022 1668 lto-

237 1673 356 1710 minibus
371 1683 505 1718 ejusmodi
521 1684 591 1711 ratio
613 1685 721 1713 vivendi
745 1686 780 1713 sit
805 1686 1019 1721 pra-scribenda.

236 1728 351 1756 Tantum
367 1734 457 1764 a_utem
477 1730 564 1757 abfuit
578 1735 608 1757 ut
621 1739 716 1758 eorum
746 1732 901 1759 institutuut
922 1733 1021 1767 proba-

234 1780 287 1808 ret,
303 1776 348 1810 qui
363 1776 510 1803 solitariam
524 1777 604 1803 vitam
615 1778 740 1812 professi,
751 1778 884 1812 ctopibus
894 1780 1019 1811 aﬂiuunt,

234 1826 263 1847 et
277 1820 451 1848 multitudine
468 1828 596 1848 curarum
610 1824 695 1856 magis
711 1822 914 1855 distrahuntur,
934 1829 1018 1857 quatit

234 1867 264 1898 ii,
281 1867 326 1901 qui
347 1867 429 1902 hujus
447 1868 508 1894 vita:
526 1867 633 1894 deliciis
647 1873 829 1902 occupantur,
847 1873 876 1895 ut
901 1869 1021 1895 sanctio-

234 1921 296 1941 nem
313 1913 460 1948 Nicephori
483 1914 592 1946 Phocea,
616 1914 758 1941 fortissimi
783 1919 810 1942 ct
836 1915 1019 1942 eordatissimi

234 1959 419 1993 imperatoris,
434 1959 572 1990 abolitam,
593 1959 627 1986 de
645 1967 697 1986 non
714 1960 846 1995 augendis
875 1965 1015 1987 monaste-

233 2006 338 2032 riorum
364 2005 528 2037 latifundiis.
551 2005 629 2040 quasi
669 2006 841 2041 postliminio
873 2006 1018 2034 revocarit.

233 2051 358 2079 Mortuus
371 2057 413 2079 est
427 2052 550 2083 tandetn,
575 2060 669 2086 parum
692 2052 851 2079 constitutis
869 2053 1016 2079 ordinatis.

232 2104 288 2131 que
305 2097 387 2124 rebus
402 2097 520 2132 imperii,
536 2105 598 2124 cum
610 2097 754 2131 astrologis
771 2098 852 2124 fidem
869 2097 1018 2129 habuisset,

234 2143 281 2177 qui
300 2143 435 2169 victurum
454 2143 545 2170 adhuc
558 2143 767 2177 quatuordeciut
784 2151 871 2170 amtos
888 2144 1020 2176 praedixc-
1035 2162 1039 2165 -

233 2192 306 2215 rant.
320 2187 468 2222 ltttperavit
481 2196 568 2214 annos
585 2188 630 2218 58.
653 2188 741 2214 tribus
769 2188 911 2215 mensibus
940 2188 1018 2215 detn-

234 2233 307 2268 ptis:
324 2233 357 2260 ad
376 2233 448 2268 quod
465 2233 714 2268 imperiiLspatium,
726 2237 864 2260 vetustum
875 2234 1017 2262 oraculum

233 2280 358 2307 alludere
370 2279 480 2307 videtur
495 2289 502 2306 :

357 2326 403 2353 Tui
418 2326 560 2361 prehende!
576 2329 600 2352 te
623 2329 757 2360 postrema
785 2326 924 2354 ηυηιίηῑε..

232 2373 299 2401 Nam
324 2372 352 2400 in
373 2373 468 2400 Grzeco
484 2372 617 2400 Manuelis
633 2372 745 2400 nomine
759 2377 898 2407 postrema
912 2373 1016 2409 syllaba

223 2423 338 2448 .tantum
350 2426 495 2446 numerum
506 2418 698 2452 complectitur
709 2418 767 2453 (l).

267 2465 405 2492 Successit
416 2465 440 2491 ci
460 2469 538 2492 natus
551 2465 576 2492 in
593 2473 712 2500 purpura
725 2465 944 2496 filius,ttitttiruttt
958 2467 1020 2495 Alc-

231 2511 295 2539 xins
308 2512 476 2548 anncnus,
502 2512 580 2546 cujus
611 2511 728 2546 pueritia
757 2511 911 2546 reipublica:
925 2514 1018 2548 perni-

232 2559 306 2586 ciosa
321 2558 499 2586 fuit.Alexius
511 2558 583 2585 enim
595 2558 762 2590 Comnenus,
774 2559 977 2594 protoscbastns
992 2564 1020 2587 et

231 2604 467 2639 prolovcstiarius,
482 2604 582 2631 mortui
600 2604 733 2631 Manuelis
749 2604 880 2639 patruelis
903 2606 1020 2640 impera-

231 2652 300 2678 trice
327 2650 380 2678 sibi
408 2650 565 2686 conciliata,
591 2658 726 2678 summam
754 2650 781 2678 itt
817 2650 1017 2685 gubernatione

231 2697 382 2732 potentiam
398 2696 430 2723 ad
445 2704 473 2723 se
486 2696 633 2729 transtulit,
652 2697 816 2731 imperatore
847 2704 895 2730 per
908 2700 1016 2724 a-tatcm

230 2742 265 2769 ad
282 2742 470 2770 sustinendam
486 2741 620 2777 ejusmodi
647 2742 746 2769 molem
769 2749 882 2776 prorsus
910 2741 1016 2775 inepto,

230 2797 315 2824 seque
330 2795 433 2818 tantum
450 2790 644 2818 venationibus
657 2795 685 2818 et
704 2790 922 2826 cquilationibus
939 2791 1017 2818 oble-

228 2840 333 2869 ctante,
354 2845 416 2864 enat
434 2837 517 2864 etiant
541 2845 625 2872 prave
644 2838 814 2873 ca'tcroquin
841 2837 1016 2865 educaretur.

264 2894 336 2929 (1)).
352 2899 378 2922 et
393 2903 410 2930 η
425 2895 573 2923 conﬁciunt
588 2895 632 2923 38.

1077 956 1223 983 voluisset.
1245 956 1440 990 Imperatorem
1467 963 1496 983 se
1528 957 1676 985 teuuuliat.
1699 961 1859 987 coronaqttc

1072 1003 1182 1030 redimit
1195 1011 1202 1035 ;
1217 1010 1250 1030 ac
1270 1003 1379 1029 laudent
1406 1007 1572 1030 consecutus
1591 1001 1617 1028 id
1645 1001 1717 1036 quod
1745 1001 1859 1036 jamdu-

1071 1049 1136 1076 dum
1152 1049 1244 1076 auimo
1253 1049 1305 1076 sibi
1320 1048 1515 1078 destinaverat.
1525 1049 1717 1082 imperatorem
1730 1046 1856 1073 Alexium

1069 1094 1169 1128 capitis
1187 1101 1234 1128 per
1260 1100 1395 1121 summam
1423 1092 1550 1127 iujuriam
1581 1092 1751 1123 damnatum,
1774 1097 1860 1118 arcus

1072 1147 1157 1166 nervo
1170 1138 1334 1173 strangulari
1345 1138 1434 1173 jubet.
1455 1138 1522 1172 Ejus
1533 1137 1669 1164 interfecti
1689 1136 1760 1164 latus
1787 1136 1862 1170 pede

1073 1185 1175 1216 tumlit,
1194 1193 1226 1213 ac
1238 1190 1380 1218 parentum
1394 1184 1481 1219 ipsius
1506 1178 1624 1211 alterum
1654 1188 1684 1210 ut
1715 1182 1859 1217 perjurum

1071 1234 1098 1258 et
1115 1229 1259 1265 iujurium,
1278 1231 1392 1257 alteram
1408 1234 1436 1256 ut
1454 1229 1554 1264 vulgati
1585 1228 1708 1263 corp0ris
1746 1227 1847 1254 mulier

1070 1276 1160 1302 culam
1176 1275 1372 1302 contumeliose
1402 1275 1563 1302 insectatur.
1586 1273 1656 1300 llinc
1684 1273 1812 1300 avulsum
1843 1281 1859 1299 ε

1070 1328 1187 1356 corpore
1211 1327 1293 1356 caput
1309 1321 1402 1355 aliquo
1421 1320 1563 1356 abjicitur,
1587 1315 1702 1347 riuneus
1728 1319 1755 1346 in
1781 1327 1861 1346 mare

1071 1368 1184 1402 plumbo
1201 1367 1380 1400 tlemergitur.

1107 1413 1208 1440 Fuerat
1223 1421 1237 1440 a
1251 1413 1340 1448 prima
1353 1418 1431 1440 :rtate
1445 1412 1620 1440 Andronicus
1633 1411 1748 1446 insignis
1771 1411 1860 1438 scele-

1072 1458 1257 1490 rumartifes,
1281 1460 1434 1493 multasque
1461 1458 1614 1486 facinorum
1637 1465 1749 1484 sumunt
1775 1465 1858 1484 causa

1071 1512 1217 1539 perpessus
1231 1513 1366 1532 :eruntnas
1380 1510 1451 1531 erat.
1467 1504 1534 1532 Nam
1553 1504 1631 1531 initio
1647 1503 1858 1538 conspiratione

1070 1558 1132 1577 cum
1147 1550 1282 1584 llungaris
1296 1550 1367 1577 facta
1381 1571 1388 1583 ,
1420 1550 1574 1577 Manuelcnt
1599 1549 1714 1584 ituperio
1738 1548 1857 1582 dejicere

1071 1600 1186 1623 Conatus
1216 1599 1260 1623 cst
1276 1603 1283 1622 :
1300 1603 1414 1631 quarum
1450 1595 1614 1623 insidiaruttt
1638 1595 1791 1626 Convictus,
1828 1594 1856 1621 in

1070 1642 1162 1676 palatii
1185 1642 1335 1669 custodiam
1347 1642 1426 1669 datus
1449 1647 1499 1669 est.
1514 1641 1637 1669 Accessit
1653 1646 1680 1668 et
1703 1641 1756 1668 alia
1766 1641 1857 1675 capti-

1070 1686 1164 1713 vitatis
1193 1686 1274 1721 hujus
1309 1695 1401 1714 causa.
1430 1686 1536 1720 Quippe
1562 1686 1679 1712 Mauueli
1706 1691 1762 1712 tres
1777 1686 1857 1713 fuere

1071 1730 1185 1763 fratres,
1200 1732 1331 1764 Alexiusr
1352 1732 1526 1759 Andronicus
1553 1736 1580 1758 ct
1592 1731 1721 1763 lsaacius.
1737 1739 1856 1766 quorum

1070 1776 1125 1803 duo
1141 1777 1247 1811 priores
1260 1782 1323 1804 ante
1340 1784 1445 1812 patrem
1469 1777 1612 1805 obierunt.
1645 1777 1684 1804 Ex
1700 1778 1733 1804 iis
1748 1777 1858 1804 Andro-

1071 1822 1149 1850 tticus
1165 1826 1218 1849 tres
1238 1822 1308 1850 filias
1332 1823 1464 1858 suscepit,
1482 1823 1603 1856 Mariam,
1617 1822 1802 1856 Theodoram,
1830 1827 1859 1850 ct

1071 1866 1367 1896 Eudociam.Endocia
1396 1869 1495 1895 ntarito
1509 1867 1641 1896 defuncto
1665 1869 1768 1895 nefaria
1792 1876 1860 1895 con-

1070 1913 1218 1941 suetudine
1228 1914 1377 1941 Andronici
1393 1922 1448 1941 non
1459 1915 1539 1946 clam,
1553 1914 1600 1941 sed
1614 1913 1702 1948 palam
1726 1921 1775 1940 usa
1802 1919 1858 1941 cst.

1070 1959 1185 1993 Quoties
1199 1965 1292 1988 autem
1306 1960 1560 1994 reprehendebatur
1575 1961 1611 1988 ob
1645 1960 1781 1987 incestum
1804 1959 1862 1986 An-

1070 2004 1214 2038 dmnicus,
1232 2005 1304 2033 ltanc
1321 2005 1509 2033 defensionem
1538 2013 1588 2040 per
1621 2005 1714 2041 jocum
1740 2012 1860 2039 usurpa-

1071 2051 1117 2079 bat
1134 2061 1140 2078 :
1158 2053 1247 2079 suich
1265 2051 1390 2078 subditos
1407 2051 1565 2086 principum
1592 2059 1683 2078 mores
1698 2051 1814 2083 imitari,
1831 2055 1861 2078 et

1070 2107 1168 2134 aquam
1185 2106 1218 2126 ex
1231 2099 1326 2126 eodem
1343 2099 1418 2126 fonte
1434 2099 1559 2132 potitant,
1578 2097 1707 2125 eumdem
1730 2105 1859 2131 saporem

1072 2145 1187 2172 referre.
1220 2145 1327 2178 Quibus
1357 2144 1452 2172 verbis
1479 2145 1675 2178 imperatorem
1704 2143 1858 2170 hlaultclctn

1072 2191 1285 2226 perstringebat,
1300 2190 1347 2225 qui
1365 2198 1428 2218 cunt
1449 2189 1543 2216 fratris
1573 2189 1627 2216 ﬁlia
1645 2197 1700 2216 rettt
1728 2189 1859 2218 habebat.

1036 2237 1056 2263 ι)
1072 2238 1092 2264 li
1113 2238 1183 2265 sales
1200 2237 1384 2272 maximopere
1403 2235 1554 2264 Manuclem
1570 2235 1736 2270 pungebant,
1750 2239 1778 2261 et
1797 2243 1861 2261 mu-

1072 2284 1150 2311 lieris
1161 2288 1290 2318 cognatos
1306 2282 1333 2309 in
1347 2282 1534 2309 Audrotticnnt
1554 2280 1747 2308 incendebant.
1763 2280 1860 2315 itaque

1072 2333 1230 2364 compactus
1245 2332 1286 2355 est
1302 2328 1329 2355 in
1350 2327 1469 2360 vincula,
1499 2334 1549 2354 ceu
1579 2326 1698 2353 diximus
1716 2333 1859 2361 :cuntque

1071 2374 1118 2402 diu
1136 2375 1254 2409 quadam
1270 2374 1297 2401 itt
1312 2373 1382 2401 turri
1397 2373 1539 2408 iacuisset,
1559 2372 1753 2400 animadvertit
1782 2379 1858 2400 tuea—

1070 2425 1128 2447 tum
1144 2420 1170 2447 in
1183 2429 1215 2449 ea
1232 2419 1376 2455 quemdam
1394 2419 1614 2450 subterraneum,
1629 2419 1656 2445 in
1673 2426 1754 2452 quem
1770 2424 1858 2445 semet

1068 2468 1154 2501 abdit,
1177 2467 1320 2495 obstructo
1354 2471 1460 2493 meatus
1487 2465 1633 2493 foramine.
1659 2464 1728 2492 Cum
1756 2464 1858 2492 deinde

1068 2512 1208 2543 carcerem
1221 2513 1336 2549 ingressi
1348 2512 1478 2540 custodes
1494 2511 1635 2538 hominem
1658 2519 1798 2545 nusquam
1812 2518 1860 2538 re.

1068 2559 1200 2594 perirent,
1213 2558 1396 2595 omnibusque
1408 2557 1459 2585 viis
1472 2556 1630 2592 perquisitis
1639 2555 1720 2592 339
1732 2564 1860 2591 compre-

1070 2605 1152 2633 hendi
1163 2613 1217 2632 non
1229 2609 1331 2640 posset;
1344 2612 1411 2641 uxor
1420 2604 1480 2638 ejus
1489 2603 1516 2630 in
1529 2608 1643 2635 turrem,
1654 2611 1668 2630 e
1680 2603 1859 2637 quamaritus

1068 2651 1190 2678 evasisse
1214 2651 1374 2686 putabatur,
1396 2655 1526 2684 tauquam
1542 2649 1611 2684 fuga:
1630 2648 1717 2684 ipsius
1733 2649 1855 2679 conscia.

1069 2697 1227 2732 conjicitur.
1244 2697 1420 2724 Andronicus
1437 2704 1451 2723 c
1465 2703 1583 2722 caverna
1595 2703 1625 2722 se
1641 2694 1808 2730 proripiens,
1828 2699 1857 2722 et

1071 2743 1214 2771 mulierem
1231 2744 1374 2778 inopinato
1389 2746 1538 2776 conspecut
1556 2741 1680 2768 territant
1706 2741 1856 2774 allocutus,

1070 2798 1146 2817 cch
1159 2794 1280 2824 tempore
1298 2789 1344 2816 diu
1360 2796 1421 2816 cnttt
1437 2795 1467 2814 ea
1487 2787 1555 2814 vixit
1579 2787 1606 2814 in
1631 2795 1752 2818 carcere,
1773 2787 1859 2814 Joan—

1071 2844 1190 2872 ucmque
1206 2836 1289 2864 tilium
1304 2836 1404 2864 ibidem
1416 2839 1502 2862 mater
1527 2835 1662 2869 concepit.
1681 2842 1762 2869 quem
1778 2833 1858 2861 dein-
