1960 3075
119 118 175 152 629
216 114 221 120 ’

788 120 898 153 CONTI
905 118 1049 151 NUATIO

1685 121 1737 151 (ϊξο
1766 120 1767 125 ‘

119 184 182 212 ceps
201 181 278 212 paler
303 177 409 212 imperii
437 181 591 206 consortem
616 177 690 204 fecit.
707 177 826 209 Tandem
851 178 900 204 ela-

958 178 1036 213 ciujus
1053 185 1174 205 sororem
1195 178 1300 205 ManuL-l
1325 178 1475 213 imperator
1502 184 1556 204 non
1573 176 1608 204 ita
1630 177 1736 210 pridem

119 220 201 252 bitur,
217 222 376 249 custodibus
402 228 513 257 propter
542 222 684 249 mulierem
711 221 790 248 factis
819 221 904 254 negli~

119 267 299 302 gentioribus.
312 268 365 295 Sed
390 261 487 296 rursus
510 276 525 295 a
551 268 637 295 milite
659 267 777 302 quodam
808 266 903 293 Nicaeae

119 318 225 348 captus,
241 314 268 340 in
281 314 435 341 custodiam
451 314 544 348 priore
568 313 750 342 acerbiorem.
784 312 903 347 duplici-

119 360 170 387 bus
186 359 283 387 ferreis
299 360 480 395 compedibus
490 366 633 392 oneratus,
651 359 809 394 conjicitur.

153 402 209 432 lloc
229 405 311 433 etiam
331 413 442 433 carcere
463 411 552 433 semet
571 405 694 441 eripuit,
712 410 740 433 et
759 399 879 432 Galizam
892 424 900 438 ,

119 458 179 484 quae
209 451 350 484 toparcbia
377 451 528 477 Bessorum
555 455 615 483 est,
644 450 751 477 ratione
780 450 900 485 quadam

119 496 274 530 huiusmodi
295 497 431 530 pervenit.
453 496 576 525 Morbum
595 495 686 531 ﬁngit,
706 503 738 523 ac
753 503 838 530 puero
855 504 901 530 pe-

118 539 241 577 regrino,
263 542 341 576 cuius
358 546 441 577 opera
463 543 490 570 in
511 543 634 577 corporis
658 542 822 570 ministeriis
841 547 901 569 ute-

121 587 213 618 batur,
235 588 359 620 mandat,
381 593 411 614 ut
432 589 524 615 claves
545 588 629 615 turris
649 588 718 615 clam
739 592 898 622 surreptas.

118 633 253 660 militibus
270 634 305 660 ob
321 627 466 668 largiorem
481 638 573 667 potum
591 622 801 660 uieridiautibus
814 653 821 664 ,
837 641 900 661 cera

117 678 262 712 exprimat.
280 678 389 704 Illarum
405 677 522 705 clavium
539 678 695 712 exemplum
712 678 829 705 Manueli
845 679 900 705 Au-

120 722 226 766 droqici
249 723 303 750 filio
320 723 450 754 traditur,
468 727 498 750 ut
513 725 717 758 quamprimum
734 724 801 751 tales
817 724 900 751 fabri-

121 774 263 802 carentur,
283 773 310 795 ct
329 769 356 796 in
373 769 536 804 amphoras,
554 770 656 805 quibus
672 776 753 804 potus
769 770 802 798 ad
819 779 901 805 pran-

119 815 196 841 dium
214 814 345 845 ferretur.
359 815 448 842 liueos
464 816 555 848 funes,
572 816 687 851 glomus,
705 821 734 843 et
749 817 792 843 ﬁla
807 817 899 844 tenuia

119 860 280 894 conjiceret.
300 860 340 887 Ita
358 860 476 887 claustra
497 864 580 887 noctu
603 861 778 895 aperiuntur,
797 866 825 888 et
841 861 897 888 An-
913 858 936 888 Β

117 905 247 932 dronicus
258 912 384 939 egressus
395 905 422 932 in
437 905 523 933 denso
547 908 574 933 et
587 906 641 933 alto
655 907 747 941 palatii
765 907 898 942 gramine,

117 958 173 985 quo
191 951 268 978 adire
287 959 372 979 nemo
394 951 519 982 solebat.
538 951 572 978 ad
594 953 703 979 tertium
721 960 808 987 usque
827 953 900 979 diem

118 997 266 1024 delitescit.
284 997 349 1024 lude
366 998 480 1024 funibus
497 1005 546 1032 per
561 997 661 1024 muenia
678 1005 707 1024 se
725 997 855 1028 demittit.
872 1001 901 1024 et

118 1042 146 1069 in
162 1043 320 1070 naviculam
334 1043 456 1078 conjicit.
471 1043 667 1078 Deprehensus
687 1050 701 1069 a
717 1043 900 1077 speculatori-

119 1088 190 1121 bus,
208 1087 301 1115 famuli
320 1095 467 1122 personam
486 1089 615 1121 simulat,
632 1097 666 1116 ex
680 1088 820 1116 diuturnis
839 1089 901 1116 vin-

118 1135 189 1162 culis
202 1135 307 1170 elapsi:
321 1135 355 1162 de
370 1135 505 1162 industria
522 1135 638 1162 barbare
653 1135 775 1169 loquitur
788 1144 794 1161 :
807 1135 900 1163 Graaca

119 1180 206 1207 multa
223 1187 252 1207 se
269 1188 325 1207 non
341 1181 450 1214 assequi
470 1174 557 1214 nugo.
578 1180 730 1207 Intervenit
743 1183 772 1207 et
783 1179 902 1215 Chryso-

119 1226 201 1261 polus
221 1230 303 1253 nauta
318 1226 430 1260 quidam
450 1232 488 1254 ex
504 1226 675 1261 composito,
697 1226 821 1261 datisque
842 1234 901 1253 nut-

119 1272 233 1298 neribus
249 1271 377 1306 impetrat
395 1280 410 1299 a
427 1272 665 1306 speculatoribus,
681 1277 710 1298 ut
725 1271 901 1299 Andronicus

119 1322 247 1352 tanquam
264 1325 360 1345 servus
376 1317 508 1352 fugitivus
525 1317 577 1345 sibi
594 1317 767 1345 redderetur.
784 1317 822 1345 Ita
838 1324 901 1343 suas

119 1363 194 1389 mdes
218 1363 375 1397 ingressus,
399 1363 582 1398 compedibus
607 1363 725 1395 solutis,
747 1371 820 1398 equo
835 1370 902 1389 con-

118 1415 234 1440 scenso.
252 1408 417 1436 Anchialum
436 1414 509 1436 recta
526 1409 624 1443 pergit.
649 1408 708 1441 Quo
729 1416 792 1435 cum
812 1409 902 1435 venis-

119 1458 182 1485 set,
213 1461 227 1481 a
245 1453 350 1488 l‘upace
375 1454 502 1481 familiari
524 1454 625 1481 viatico
647 1458 759 1488 sumpto
792 1454 898 1489 viaeque

119 1500 255 1532 ducibus,
270 1500 388 1527 Galizam
405 1500 602 1535 proﬁciscitur.

153 1545 213 1572 Jam
230 1550 304 1572 metu
318 1553 348 1573 se
365 1545 512 1573 liberatum
530 1550 630 1580 putans
641 1565 649 1578 ,
664 1552 679 1573 a
695 1544 807 1572 Vlachis
824 1544 861 1580 [Ιι.
873 1552 898 1572 e.

120 1589 273 1625 Valacbis]
291 1590 344 1625 qui
357 1590 448 1625 fugam
465 1591 523 1626 ejus
540 1598 573 1618 ex
601 1590 672 1618 fama
699 1594 899 1625 cognoverant,

122 1642 219 1671 captus
233 1637 266 1664 ad
284 1637 476 1672 imperatorem
491 1637 644 1664 reducitur.
660 1637 760 1665 Verum
774 1637 818 1664 hic
832 1644 901 1671 quo«

120 1691 173 1717 que
189 1683 322 1710 industria
336 1683 467 1717 singulari
486 1690 585 1710 rursus
609 1682 739 1710 elabitur.
766 1682 900 1710 Simulato

117 1730 192 1756 enim
206 1729 310 1756 ventris
324 1729 469 1764 proﬂuvio,
482 1729 642 1763 frequenter
654 1734 688 1756 ex
699 1736 771 1764 equo
787 1729 902 1756 desceno

101 1797 104 1800 ,
119 1775 180 1805 dit‘,
197 1780 225 1801 et
238 1774 291 1801 alvi
306 1774 455 1809 purgandae
469 1782 551 1801 causa
566 1775 679 1802 secedit.
696 1774 754 1802 Hoc
769 1775 834 1801 dum
851 1782 901 1801 no-

119 1825 166 1847 ctu
184 1819 359 1854 iuterdiuqne
376 1820 475 1854 saepius
489 1820 570 1852 facit,
587 1820 715 1847 custodes
729 1820 780 1847 hac
796 1820 902 1848 ratione

119 1866 225 1900 decipit
238 1875 244 1892 :
259 1865 411 1901 scipionem
423 1886 430 1897 ,
447 1865 492 1893 cui
505 1866 580 1893 velut
596 1873 667 1900 aeger
681 1864 858 1898 innitebatur,
873 1865 901 1892 in

119 1911 250 1938 tenebris
271 1911 348 1938 humi
373 1910 487 1946 defigit,
512 1911 655 1947 chlamyde
677 1911 777 1942 vestit,
798 1911 900 1945 pileum

119 1957 256 1992 imponit,
279 1962 308 1985 ut
330 1957 471 1985 hominem
493 1957 602 1985 inﬂexis
623 1957 741 1992 genibus
758 1962 900 1985 cacantem

118 2006 341 2037 repracsentarct.
362 2003 588 2030 Id-simulacrum
611 2002 785 2030 intuentibus
805 2007 901 2044 custo-

117 2049 217 2081 ditius,
241 2048 300 2083 ipse
325 2048 440 2076 densum
464 2049 611 2083 quemdam
637 2049 738 2076 saltum
760 2049 903 2083 ingressus

118 2095 238 2129 aufugit.
254 2094 304 2121 Vix
320 2094 429 2121 tandem
447 2094 486 2121 illi
502 2094 732 2127 dol0‘intellecto,
747 2094 900 2122 confectam

118 2140 192 2166 viam
211 2144 337 2172 repetunt
349 2159 356 2170 .
372 2139 467 2167 eadem
485 2144 512 2167 et
533 2140 622 2174 ipsum
642 2140 736 2174 fugere
758 2140 900 2167 arbitrati.

958 224 1085 251 duxerat.
1108 224 1164 251 llac
1178 223 1248 250 fama
1266 224 1416 257 imperator
1429 222 1561 249 attonitus
1574 242 1581 252 .
1601 221 1738 248 Addroui~

954 277 1015 297 ettm
1038 269 1072 296 ob
1095 270 1217 297 incestos
1239 277 1346 296 amores
1368 268 1517 302 puniturus
1539 271 1607 294 erat.
1632 267 1656 293 ls
1671 274 1735 292 vero

953 316 1089 343 Alanuclis
1110 316 1199 343 minas
1215 315 1319 342 veritus
1330 335 1337 345 .
1357 313 1544 347 Hierosolyma
1564 320 1594 339 se
1609 311 1712 338 confert
1727 319 1735 342 ;

952 367 980 389 ct
1003 366 1032 390 ut
1054 362 1135 388 homo
1157 360 1414 392 luxuriosissimus,
1442 358 1615 386 Theodoram
1640 357 1737 384 lsaacii

951 409 1179 436 sebastocratoris
1204 408 1285 435 ﬁliam
1309 407 1443 437 incestat,
1471 405 1595 433 Balduini
1625 405 1732 436 Franci.

952 454 1000 489 qui
1017 454 1169 482 Palaestina:
1182 461 1272 487 nuper
1290 453 1454 487 imperarat,
1471 451 1592 478 viduam.

986 501 1080 528 Altera
1096 500 1148 527 hac
1164 500 1242 534 plaga
1256 499 1363 526 Manuel
1381 501 1493 532 accepta
1505 517 1512 529 ,
1527 496 1608 522 missa
1625 495 1657 522 ad
1672 495 1731 522 C(2-

950 546 1059 580 lesyrim
1076 545 1221 580 toparchas
1238 551 1320 571 aurea
1337 542 1411 570 bulla
1423 564 1430 575 ,
1451 541 1562 569 mandat
1579 546 1610 568 ut
1625 541 1733 567 Andro-

950 592 1041 619 nicum
1053 611 1060 624 ,
1076 591 1214 618 hominem
1229 590 1362 617 incestum
1376 593 1404 616 et
1418 588 1593 617 seditiosum,
1611 587 1737 620 capiant,

949 637 1065 671 visuque
1081 637 1201 671 privent.
1216 636 1261 665 Em
1277 631 1375 662 litterae
1393 633 1544 661 Theodoraa
1565 631 1730 660 redduntur,

950 683 1050 717 quibus
1069 683 1114 710 illa
1135 682 1231 713 lectis.
1253 682 1376 708 chartam
1397 679 1556 707 Andronico
1584 678 1678 704 tradit.
1707 676 1733 702 la

950 728 1067 763 cognitis
1083 727 1192 755 insidiis
1209 726 1390 754 Theodoram
1403 725 1500 752 fraude
1521 725 1665 759 pellectam
1677 743 1684 755 ,
1703 727 1732 748 ut

950 782 980 801 se
1011 782 1063 801 non
1090 774 1170 807 longe
1201 773 1392 804 comitaretur,
1423 779 1473 799 seu
1498 770 1653 800 volentem,
1683 776 1732 795 seu

950 818 1064 846 invitam
1093 825 1186 846 secum
1206 808 1327 844 abducit.
1348 817 1416 844 Cum
1443 816 1534 843 varias
1557 815 1683 849 regiones
1704 819 1733 840 et

950 865 1059 900 regulos
1077 864 1195 896 adisset,
1217 863 1326 890 tandem
1347 863 1380 890 ad
1401 862 1539 890 sultanum
1553 880 1561 892 .
1581 861 1627 895 qui
1652 860 1734 886 Colo~

951 910 1042 942 niam,
1062 909 1191 936 Chaldam
1211 914 1240 937 et
1258 909 1372 936 finitima
1390 908 1450 935 loca
1470 903 1599 937 tenebat.
1617 906 1732 933 diverti-

951 960 1015 983 tor:
1035 955 1128 990 ibique
1145 963 1207 983 cum
1225 955 1381 986 Theodora|
1399 959 1426 982 et
1442 953 1551 981 duobus
1569 961 1603 980 ex
1622 960 1655 980 ea
1669 959 1732 979 sus-

950 1001 1037 1036 ceptis
1063 1001 1177 1033 liberis,
1208 1000 1304 1027 Alexio
1323 1004 1350 1027 et
1370 1000 1466 1030 Irene.
1484 1007 1515 1026 ac
1533 999 1641 1026 Joanne
1664 1004 1731 1031 pro-

950 1051 1043 1075 creato
1056 1054 1090 1074 ex
1103 1047 1218 1081 conjuge
1235 1046 1354 1081 legitima
1365 1065 1372 1077 ,
1387 1049 1582 1074 commoratur.
1597 1043 1685 1071 donec
1698 1042 1733 1070 ad

950 1092 1101 1121 Manuelem
1116 1092 1310 1126 imperatorem
1324 1090 1416 1118 rediit.
1433 1090 1459 1116 Is
1472 1089 1546 1116 enim
1560 1088 1733 1115 Theodoram

950 1144 1048 1172 capere
1060 1136 1174 1169 studuit,
1189 1136 1317 1170 illiusque
1331 1135 1386 1162 voti
1400 1142 1450 1170 per
1466 1133 1645 1168 Trapezuntis
1657 1131 1733 1166 prin-

951 1183 1041 1217 cipem
1066 1183 1252 1218 Nicephorum
1280 1181 1460 1215 Palmolngum
1486 1186 1598 1213 compos
1626 1178 1733 1209 factus,

950 1229 1040 1264 paulo
1061 1234 1124 1263 post
1154 1229 1242 1263 ipsum
1266 1228 1348 1255 etiam
1373 1226 1559 1256 Andronicum
1579 1223 1734 1252 Theodoras

952 1283 1047 1303 amore
1074 1280 1203 1309 tanquam
1224 1280 1286 1301 esca
1310 1274 1449 1304 illectum,
1473 1274 1575 1299 etnon
1600 1269 1733 1297 mediocri

950 1321 1110 1354 liberorum,
1122 1328 1191 1355 quos
1203 1321 1247 1348 illa
1259 1320 1284 1347 ei
1297 1323 1450 1354 pepererat,
1461 1316 1600 1344 desiderio
1614 1315 1734 1350 flagran-

952 1370 1006 1394 t'em
1024 1367 1147 1397 attraxit.
1168 1366 1258 1393 Missis
1272 1363 1345 1392 enim
1364 1364 1397 1397 ad
1414 1363 1607 1398 imperatorem
1624 1360 1732 1395 legatis,

951 1411 1114 1439 delictorum
1133 1411 1241 1438 vcniatn
1262 1415 1290 1438 et
1309 1409 1389 1436 ﬁdem
1409 1407 1545 1442 publicam
1562 1405 1731 1440 postulavit;

951 1461 977 1483 et
991 1460 1106 1491 utraque
1118 1463 1149 1483 re
1165 1456 1318 1490 impetrata,
1340 1462 1395 1481 non
1412 1453 1498 1480 multo
1513 1454 1575 1487 po'st
1591 1451 1618 1478 in
1636 1450 1736 1477 urbem

951 1509 1078 1529 reversus
1091 1505 1142 1529 est.
1157 1501 1223 1528 Inde
1240 1500 1369 1528 OEuamm
1386 1499 1537 1534 ablegatur,
1555 1502 1586 1524 ut
1603 1496 1666 1524 istic
1681 1496 1730 1522 ha-

952 1548 1071 1578 bitaret,
1093 1551 1122 1574 et
1144 1553 1177 1574 ex
1199 1546 1356 1581 longinquis
1377 1544 1519 1571 erroribus
1534 1551 1564 1570 se
1579 1546 1730 1570 recrearet.

951 1592 990 1620 Eo
1004 1593 1065 1620 loco
1079 1591 1197 1626 degens.
1217 1598 1278 1618 cum
1304 1589 1436 1616 Manuclis
1454 1593 1589 1618 mortem,
1613 1586 1738 1620 palatina‘

951 1638 1081 1670 dissidia,
1099 1637 1177 1664 lusus
1192 1640 1220 1664 et
1236 1628 1541 1670 equitationes'Alexii,
1559 1631 1713 1659 audivisset
1724 1651 1731 1661 ,

951 1684 985 1711 ad
1007 1683 1104 1710 urbem
1128 1688 1256 1709 reversus
1278 1688 1311 1708 ea
1333 1679 1487 1714 designavit
1509 1677 1649 1708 facinora,
1668 1683 1730 1709 quze

951 1736 1034 1763 supra
1049 1730 1264 1755 commemorata
1281 1729 1361 1757 sunt,
1381 1724 1546 1757 tandemque
1565 1722 1645 1749 malis
1661 1722 1732 1748 arti-

952 1774 1004 1801 bus
1023 1773 1168 1808 imperium
1185 1772 1212 1799 in
1230 1779 1259 1799 se
1277 1770 1432 1801 transtulit,
1453 1769 1548 1796 Alexio
1569 1773 1730 1803 perempto,

951 1819 1000 1854 qui
1015 1825 1115 1846 annum
1131 1817 1220 1844 aetatis
1234 1816 1371 1844 decitnum
1386 1816 1514 1850 quintum
1529 1813 1651 1841 nondum
1668 1821 1734 1840 exc-

951 1868 1040 1900 gerat,
1059 1863 1264 1897 trienniumque
1282 1864 1455 1897 regnaverat.

988 1911 1040 1938 Ista
1053 1917 1120 1937 vero
1134 1909 1207 1937 unde
1223 1913 1395 1944 perpetrata,
1409 1914 1536 1942 sponsam
1553 1904 1731 1940 imperatoris

951 1956 1037 1985 Alexii
1056 1957 1176 1987 Annam,
1194 1955 1363 1982 Francorum
1383 1953 1457 1988 regis
1474 1953 1575 1985 ﬁliam,
1590 1951 1733 1985 matrimo-

953 2003 998 2030 nio
1017 2002 1068 2030 sibi
1087 2001 1192 2036 jungit,
1216 1999 1285 2027 nihil
1313 1999 1449 2026 reveritus
1465 2006 1548 2025 senex
1565 1997 1677 2025 eﬁ‘mtus
1695 2004 1728 2023 ac

951 2049 1058 2081 vietus,
1079 2054 1192 2075 uxorem
1208 2046 1312 2073 sobrini
1328 2044 1559 2072 adolescentulam
1572 2064 1580 2076 ,
1605 2043 1731 2070 nondqu

953 2102 1039 2122 annos
1054 2101 1080 2120 x1
1102 2098 1193 2120 natam
1219 2100 1268 2127 per
1293 2091 1369 2118 nefas
1394 2090 1534 2124 amplecti.
1555 2089 1658 2116 Deinde
1685 2088 1735 2114 Ni-

954 2147 1119 2174 caeam,»quaz
1132 2143 1240 2166 mortuo
1250 2137 1407 2171 imperatori
1426 2136 1505 2163 ﬁdem
1523 2139 1657 2165 servarat.
1670 2134 1735 2161 totis

117 2186 221 2213 Verum
245 2185 269 2212 is
288 2185 343 2212 alio
359 2193 471 2220 prorsus
495 2185 596 2213 itinere
617 2185 738 2213 Galizam
761 2187 896 2221 pervenit.
912 2189 938 2218 D
951 2185 1056 2213 viribus
1071 2187 1221 2219 oppugnat.
1236 2182 1322 2210 Erant
1339 2182 1366 2209 in
1381 2189 1413 2209 ea
1428 2181 1479 2208 viri
1496 2180 1646 2215 principes.
1661 2179 1733 2206 Isaa-

117 2232 159 2258 lbi
181 2230 391 2265 perhumaniter
416 2237 431 2257 a
452 2230 579 2265 pmfecto
595 2231 751 2265 excipitur,
766 2238 846 2265 quem
864 2231 901 2257 ita

116 2277 172 2304 sibi
186 2276 323 2314 devincit,
337 2281 369 2304 ut
382 2280 411 2304 et
426 2276 455 2303 in
470 2281 570 2304 venatu
585 2276 610 2303 ei
626 2277 737 2304 adesset
747 2297 754 2308 ,
769 2281 797 2304 et
814 2277 841 2304 in
858 2285 902 2304 se-

98 2333 101 2336 ·
118 2327 187 2350 natu
207 2322 361 2354 assideret,
379 2322 533 2357 eodemque
551 2326 624 2349 tecto
638 2328 666 2350 et
679 2323 742 2350 cibo
765 2327 900 2350 uteretur.

156 2365 233 2396 lianc
248 2369 379 2403 patruelis
393 2367 484 2404 fugam
497 2373 525 2396 et
538 2369 665 2396 exsiliunt
681 2369 836 2403 ignominia:
849 2369 901 2396 sibi

114 2423 179 2442 esse
195 2418 271 2442 ratus
284 2415 445 2449 imperator,
458 2422 489 2442 ac
507 2415 658 2450 longiorem
671 2415 732 2449 ejus
746 2415 901 2442 absentiam

116 2465 275 2495 suspectam
289 2460 394 2488 habens
415 2461 495 2494 (natu
507 2461 644 2495 ingentem
662 2461 814 2495 equitatum
833 2461 901 2496 Scy-

118 2506 227 2533 tbicum
241 2513 340 2540 cogere
357 2505 507 2538 ferebatur,
525 2512 554 2533 ut
570 2506 757 2534 Romanorum
774 2506 842 2535 ﬁnes
859 2507 901 2534 iu-

117 2552 279 2587 cursaret),
310 2552 493 2580 revocandum
514 2552 701 2579 Andronicum
717 2553 834 2580 censuit.
851 2553 901 2580 Ita-

117 2605 174 2632 que
199 2597 253 2624 fide
276 2597 338 2624 data
359 2601 388 2625 et
408 2602 536 2632 accepta,
560 2596 702 2624 hominem
723 2597 852 2627 arcessit.
875 2601 902 2624 ct

114 2644 222 2671 Cilicia:
236 2643 366 2678 praeﬁcit,
381 2643 487 2678 adjecto
501 2643 581 2678 Cypri
598 2642 710 2674 tributo,
728 2642 761 2669 ad
776 2648 902 2677 Sumptus

116 2689 229 2716 facilius
252 2689 422 2716 tolerandos.
444 2689 483 2716 Eo
503 2689 654 2723 profectus,
676 2688 824 2715 infeliciter
845 2697 900 2715 rem

115 2740 214 2763 contra
229 2735 363 2763 Torusctn
390 2736 550 2763 Armenium
568 2733 656 2770 gerit,
673 2734 773 2769 prreliis
796 2735 901 2769 aliquot

117 2781 220 2808 victus.
240 2781 306 2808 lude
322 2781 448 2816 sepositis
466 2781 570 2818 bellicis
585 2779 817 2815 occupationibus
830 2800 837 2812 ,
860 2786 902 2807 to-

122 2831 168 2855 tus
188 2834 282 2855 amore
306 2826 438 2863 Philippa:
458 2827 655 2861 inﬂammatur,
679 2826 901 2863 PctcbiniJilite,

953 2232 1013 2259 eius
1041 2230 1177 2264 Angelus,
1202 2229 1248 2264 qui
1273 2235 1369 2256 everso
1398 2227 1558 2255 Andronico
1588 2225 1734 2260 imperium

953 2278 1112 2313 occupavit,
1129 2281 1157 2304 et
1171 2275 1333 2303 Theodorus
1347 2275 1574 2304 Cautacuzenus,
1590 2280 1654 2299 cum
1673 2280 1732 2298 ma-

953 2333 1004 2361 gna
1020 2332 1099 2351 manu
1117 2323 1235 2350 militum
1251 2320 1410 2348 Andronico
1426 2320 1605 2349 infestorum,
1621 2322 1649 2344 et
1662 2315 1735 2343 Tur-

953 2377 1047 2396 eorum
1067 2368 1147 2404 340
1164 2374 1272 2402 quoque
1293 2365 1434 2393 nonnullis
1450 2364 1548 2398 copiis.
1560 2362 1629 2390 Cum
1643 2366 1733 2388 autem

953 2415 1098 2443 interfecto
1120 2414 1324 2444 (iantaeuzeno,
1347 2411 1432 2438 animi
1457 2410 1630 2437 Nicamorum
1658 2408 1735 2435 fracti

953 2464 1062 2491 essent,
1077 2464 1190 2486 auctore
1203 2457 1317 2485 Nicolao
1331 2455 1460 2491 pontiﬁce
1474 2462 1524 2489 pax
1541 2454 1614 2481 facta
1629 2458 1672 2480 est
1682 2472 1689 2484 ,
1708 2457 1737 2480 et

953 2506 1019 2534 urbs
1034 2505 1136 2533 dedita.
1153 2504 1286 2532 Isaacium
1303 2502 1480 2530 Andronicus
1498 2508 1552 2527 nou
1568 2500 1734 2527 incolumem
1763 2506 1767 2507 ν

953 2553 1035 2580 modo
1054 2551 1189 2585 servavit,
1213 2550 1261 2578 sed
1282 2549 1367 2578 etiam
1389 2548 1482 2576 divina
1497 2547 1615 2582 quadam
1638 2546 1736 2579 impel-

953 2600 1025 2627 lente
1040 2597 1212 2633 providentia
1226 2595 1393 2624 collaudavit
1403 2615 1409 2627 ,
1425 2594 1499 2630 quod
1513 2592 1735 2620 maledicentiam

953 2643 1135 2672 Cautacuzeui
1158 2650 1210 2669 nou
1234 2642 1333 2669 fuisset
1350 2641 1484 2667 imitatus.
1505 2639 1619 2665 Prusam
1637 2641 1664 2662 et
1683 2634 1736 2661 Lo-

955 2689 1065 2724 padium
1081 2689 1114 2716 de
1129 2689 1221 2715 causis
1236 2687 1333 2715 iisdem
1349 2686 1494 2716 obsessas,
1513 2691 1560 2718 per
1577 2681 1631 2708 vim
1646 2680 1736 2714 cepit.

954 2743 986 2762 ac
999 2734 1195 2762 immanissime
1212 2734 1239 2761 in
1253 2739 1361 2760 omnem
1376 2735 1482 2758 tetatcm
1495 2733 1645 2762 saxumque
1660 2732 1740 2760 grasv

954 2786 1031 2809 satus
1046 2784 1101 2807 cst.

989 2827 1055 2855 Post
1070 2826 1144 2860 haec,
1159 2825 1278 2862 Cyprum
1294 2823 1405 2861 quidam
1421 2820 1540 2850 lsaacius
1551 2840 1559 2856 ,
1575 2819 1672 2848 lsaacii
1687 2824 1740 2861 δεῖ

944 2880 975 2889 ..ιν
