1960 3075
224 168 272 200 G‘ll

745 166 954 198 MlCllAELlS
969 168 1097 198 GLYCE
1118 167 1325 199 ANNALIUM

1792 165 1844 197 ϐ’ὶὲ

224 222 421 252 ltastocratoris
433 226 459 248 ct
472 221 564 248 fratris
577 221 710 248 lilaauclis
724 222 900 257 imperatoris
912 231 942 249 ex
957 223 1009 249 ﬁlia
1026 227 1046 254 Α
1064 225 1122 250 suis
1137 225 1260 250 Alexium
1275 224 1393 250 Branam
1409 222 1507 250 ducem
1522 211 1643 257 prmiicit.
1659 222 1683 248 ls
1699 222 1770 248 bello
1783 222 1846 248 feli-

225 277 328 303 ncpos,
345 268 461 294 avertit:
480 267 602 301 itemque
618 266 776 294 Contucutts
795 268 921 298 Alcxius.
938 269 1008 302 ejus-

225 316 286 342 dem
311 314 415 340 Manuei
429 321 442 340 s
457 321 489 339 ex
507 313 591 340 fratre
608 321 711 348 nepos,
729 323 819 348 regem
835 315 934 342 Siciliae
956 315 1011 341 Gu-

226 360 351 386 lielmum
377 359 520 389 incitavit,
545 365 573 386 ιιι
592 359 773 394 Dyrrachium
793 365 817 388 et
838 360 1011 388 Thessaloni-

228 412 288 430 cam
306 408 474 438 occuparet:
494 404 596 438 quibus
613 413 679 432 sane
697 406 802 439 captis,
822 406 918 439 ingens
935 415 948 433 a
967 407 1011 433 Si-

223 451 294 477 culis
308 456 350 477 est
365 450 485 476 exercita
502 450 662 476 crudelitas.
681 450 750 477 [line
772 456 800 478 et
823 451 1009 485 Epidamnus,

224 500 252 522 et
267 495 453 528 Amphipolis,
470 499 496 521 et
512 494 695 530 li‘losynopolis
711 495 737 522 in
755 496 875 522 hostium
893 500 1012 529 potesta-

226 544 280 567 tem
295 544 430 567 venerunt
444 549 450 566 ε
468 540 626 567 Andronico
642 548 690 574 per
706 541 861 568 vecordiam
874 547 902 568 et
918 542 1011 568 luxum

227 586 286 613 suis
301 593 356 612 non
379 583 570 613 suecurrente;
591 586 671 612 Hisce
695 586 772 613 malis
796 587 823 613 in
846 587 908 613 dies
930 594 1012 621 ange-

226 631 367 658 scentibus
378 651 385 662 ,
402 632 435 658 de
451 639 611 659 successore
626 632 763 659 sollicitus
777 640 839 659 esse
856 633 941 666 coepit
958 633 1012 659 An-

227 676 366 703 dronicus.
390 676 573 709 Quamobrem
589 671 699 711 cognito
717 685 766 711 per
783 681 856 704 artes
875 677 1013 711 improbas

227 720 420 755 successurum
433 723 484 750 sibi
501 723 646 757 quemdam
659 743 666 755 ,
683 724 726 750 cui
743 731 841 750 nomen
855 728 928 750 esset
940 723 1013 750 Isaa-

227 769 271 796 cio
282 789 289 800 ,
306 769 418 803 putabat
431 770 489 803 ipse
504 770 613 803 quidem
626 769 702 796 illum
717 769 849 796 lsaacium
862 769 988 796 denotari
1004 790 1011 801 ,

227 815 274 849 qui
297 815 346 850 (ut
359 815 461 842 dictum
485 816 542 850 est)
573 815 692 851 Cyprum
717 820 918 850 occupaverat:
937 815 1014 842 fami-

228 861 313 887 liares
328 869 393 888 vero
410 860 541 887 lsaaeiirm
559 861 692 896 Angelum
715 862 890 893 metuebant,
907 860 1013 888 Andro-

228 907 292 933 nico
309 915 419 940 prorsus
435 907 609 934 adversante.
627 908 802 941 Quapropter
817 907 934 934 consilio
950 914 1013 941 pro—
1029 893 1049 922 Β

228 952 291 987 prio
306 952 464 988 Stephanus
485 952 821 988 llagiochristophorites,
847 953 1014 980 immanissi-

229 1006 294 1026 nms
316 998 468 1026 Andronici
492 1000 628 1026 scelerum
652 1000 824 1032 administer,
847 999 881 1026 ad
907 999 1014 1026 interfl-

229 1045 357 1071 eiendum
385 1045 520 1072 lsaacittm
543 1050 630 1072 semet
652 1046 789 1081 accingit:
811 1046 858 1080 qui
882 1050 1013 1080 tanquam

229 1090 255 1118 in
285 1098 314 1118 re
340 1090 506 1125 desperata,
537 1091 708 1126 Stephanum
739 1095 936 1123 antevertens,
964 1097 1015 1118 sua

229 1145 312 1164 manu
332 1134 459 1165 conficit.
485 1138 589 1165 Deinde
612 1138 645 1165 ad
667 1138 789 1173 Magnam
813 1138 960 1165 ecclesiam
985 1144 1016 1164 se

229 1183 385 1218 recipiens,
411 1183 505 1218 populi
530 1183 695 1210 conﬂuentis
718 1191 797 1217 opem
823 1183 964 1217 implorat.
990 1182 1016 1209 ls

230 1237 297 1256 vero
313 1230 398 1264 magis
414 1237 446 1256 ac
462 1230 548 1261 magis
563 1235 651 1257 semet
664 1236 791 1260 armans,
806 1228 942 1255 lsaaeium
959 1228 1016 1254 An—

231 1275 322 1310 gelum
339 1276 533 1309 imperatorem
552 1275 720 1310 proclamat,
735 1279 761 1301 et
774 1274 806 1301 ad
824 1274 955 1308 palatium
970 1272 1016 1300 de-

230 1320 316 1347 ducit.
339 1320 404 1347 lude
426 1320 501 1346 missi
524 1320 675 1351 satellites,
699 1319 746 1354 qui
771 1318 959 1345 Andronicum
977 1317 1017 1343 fu-

231 1367 349 1401 gientem
364 1369 609 1401 persequerentur.
623 1365 789 1391 Pcrvencrat
803 1364 848 1390 ille
861 1371 923 1389 cum
938 1363 1016 1390 Anna

230 1413 363 1448 conjuge,
382 1419 414 1438 ae
429 1415 523 1437 scorto
539 1410 657 1444 quodam
676 1409 778 1436 Chelen
790 1429 797 1439 ,
813 1409 846 1435 ad
864 1409 1016 1443 Tauroscy-

232 1459 294 1485 thas
317 1457 393 1484 illinc
408 1457 585 1491 trajecturus.
601 1455 654 1482 Sed
673 1455 788 1481 marinis
805 1454 1017 1488 tempestatibus

233 1503 397 1538 alioqnoties
410 1502 438 1528 in
451 1502 528 1529 littus
545 1502 658 1536 cjeetus,
671 1508 685 1528 a
700 1501 924 1535 persecutoribus
939 1508 1015 1527 cotu-

233 1549 388 1584 prehensus
401 1552 455 1574 est.

265 1595 304 1622 Ad
322 1594 454 1621 [sanciunt
471 1594 621 1628 perducto,
637 1597 699 1627 post
716 1593 804 1620 varias
820 1592 1016 1625 contumelias,

230 1641 325 1667 chtra
347 1639 516 1674 praeciditur.
539 1640 603 1666 Post
623 1639 727 1673 aliquot
748 1639 808 1665 dies
833 1639 919 1665 altero
936 1639 1017 1664 oculo

230 1687 331 1714 effosso
347 1707 353 1716 .
379 1685 506 1713 scabioso
531 1685 637 1712 camelo
663 1684 827 1720 impositus,
855 1692 903 1718 per
927 1684 1016 1710 forum

231 1732 365 1766 triumphi
395 1731 486 1766 specie
511 1731 676 1758 traducitur.
702 1730 773 1757 Tum
798 1738 861 1757 vero
886 1730 1014 1757 nonnulli

231 1779 323 1806 clavas
337 1778 364 1806 in
380 1782 462 1812 caput
477 1778 537 1812 ejus
551 1777 722 1812 impingere;
737 1776 782 1803 alii
797 1780 920 1803 stercore
935 1783 1017 1803 nares

231 1825 292 1859 ejus
308 1823 436 1855 foedare;
452 1823 498 1849 alii
514 1822 644 1857 spongias
666 1821 849 1848 excrementis
871 1821 1017 1848 hominum

232 1869 426 1903 pecudumque
450 1867 568 1902 repletas
592 1867 619 1893 in
645 1867 742 1894 faciem
765 1867 825 1901 ejus
840 1866 1017 1901 exprimere;

187 1950 192 1952 _
232 1915 278 1941 alii
293 1914 384 1941 verbis
397 1913 536 1941 obscoenis
557 1917 685 1948 parentes
698 1912 784 1945 ipsius
798 1913 944 1940 insectari:
960 1913 1020 1947 qui-

232 1961 295 1987 dam
325 1959 446 1986 verubus
470 1959 555 1986 latera
581 1966 724 1993 pungere;
750 1964 872 1985 scortum
899 1959 1019 1993 denique

232 2006 371 2041 quoddam
396 2005 542 2040 impudens
566 2005 648 2032 ollam
677 2005 795 2032 ferventi
823 2013 894 2040 aqua
909 2005 1017 2040 plenam

232 2040 260 2081 in
276 2053 373 2080 faciem
388 2052 447 2087 ejus
459 2051 565 2079 effudit.
583 2051 639 2078 lloc
655 2051 735 2078 tnodo
750 2040 886 2078 ded‘uctus
903 2052 930 2078 in
945 2051 1021 2078 thea-

233 2104 304 2126 trum
315 2119 322 2130 ,
341 2098 458 2134 pedibus
472 2098 537 2125 fune
552 2098 688 2133 colligatis
703 2098 891 2132 suspenditur.
907 2098 1020 2125 Interim

233 2146 293 2180 ipse
308 2144 462 2176 clamabat,
480 2144 606 2176 Domine,
623 2143 771 2175 miserere;
790 2144 855 2170 item
868 2165 875 2176 ,
893 2143 963 2177 Quid
977 2152 1022 2171 ca-

232 2191 334 2217 laututn
355 2189 504 2217 contritum
527 2189 700 2223 infringitis?
723 2189 779 2216 Nec
799 2190 889 2217 adhuc
907 2195 1022 2218 conten-

233 2241 278 2264 tus
291 2241 351 2262 erat
367 2235 439 2270 vulgi
458 2235 545 2268 furor,
562 2235 721 2262 Andronico
738 2243 884 2269 suspenso.
899 2236 966 2263 Nam
982 2237 1020 2263 la-

233 2286 325 2309 cerata
338 2281 473 2313 tunicula,
487 2280 577 2308 virilia
590 2281 650 2315 ejus
663 2286 856 2317 vexatasunt;
870 2287 898 2309 et
909 2282 1020 2318 quidam

233 2327 344 2362 longum
368 2334 464 2354 ensem
482 2335 532 2360 per
547 2327 641 2354 fauces
657 2328 717 2362 ejus
734 2328 767 2354 ad
787 2328 918 2356 intestina
936 2337 1021 2364 usque

234 2373 353 2409 trajecit.
372 2373 430 2400 Duo
444 2381 553 2408 quoque
569 2373 661 2400 Latini
675 2375 786 2409 generis
797 2396 804 2407 ,
823 2383 905 2403 enses
921 2375 1020 2402 amba-

233 2421 285 2448 bus
311 2421 438 2448 maaibus
460 2421 486 2448 in
506 2425 584 2448 nates
600 2421 659 2456 ejus
676 2422 829 2457 adt-gerunt
843 2442 850 2453 ,
870 2427 898 2449 ut
914 2423 1023 2457 pericu-

233 2469 290 2496 lutn
307 2468 444 2500 facerent,
459 2473 519 2495 uter
531 2473 604 2495 esset
618 2469 736 2496 acutior.
750 2470 815 2496 Post
833 2474 871 2496 tot
885 2478 1022 2497 aerumnas

233 2523 305 2551 aigre
317 2515 400 2542 vitam
426 2515 554 2549 abrupit,
569 2515 680 2543 dextera
695 2524 756 2543 cuin
771 2516 866 2543 dolore
882 2517 915 2543 ad
932 2525 962 2544 os
978 2516 1024 2544 ad-

234 2566 307 2588 mota
322 2570 328 2588 :
346 2566 375 2588 ut
391 2561 470 2588 tuulti
485 2566 615 2596 putarent
627 2582 634 2594 ,
652 2571 715 2589 eum
730 2563 847 2589 calidum
864 2571 895 2589 ex
912 2571 942 2590 ea
960 2571 1023 2590 san-

234 2607 345 2641 guinem
362 2606 397 2632 ob
414 2611 553 2633 recentem
576 2606 682 2640 plagam
705 2606 796 2633 adhuc
817 2606 1023 2638 destillantem,

234 2659 378 2687 exsugere.
394 2651 542 2685 Imperavit
558 2659 645 2677 annos
661 2651 730 2678 duos
741 2672 748 2684 ,
769 2659 831 2678 cum
859 2655 938 2678 antea
962 2659 1026 2687 quo.

235 2705 290 2732 que
312 2705 403 2724 rerum
427 2697 530 2732 potitus
554 2701 628 2723 esset
655 2696 737 2723 unius
761 2696 825 2723 anni
842 2697 949 2730 spatio,
965 2697 1026 2724 sine

237 2751 361 2779 purpura
379 2748 407 2770 et
421 2742 589 2769 diademate.
608 2741 671 2768 Post
686 2742 745 2776 ejus
763 2747 879 2768 tnortcm
895 2743 942 2769 lilii
960 2750 1028 2778 quo-

237 2798 308 2824 q'te,
326 2789 446 2816 Joannes
467 2793 494 2816 ct
510 2789 620 2815 Manuel
634 2809 640 2819 ,
659 2789 751 2815 carenti
769 2788 920 2822 perierunt.

276 2837 347 2863 llinc
366 2836 487 2863 lsaacius
509 2836 535 2863 in
560 2836 747 2870 pt'elligai-dos
762 2836 869 2863 Siculos
885 2836 1007 2864 intentus
1019 2858 1025 2868 ,

241 2883 285 2918 qui
299 2884 354 2918 jam
369 2882 607 2918 Coustuttiniipeli
625 2883 705 2910 etiam
723 2882 919 2918 imminebant,
939 2876 1028 2920 copiis

1061 270 1130 296 citer
1149 269 1358 299 administrate,
1378 274 1476 303 prmter
1492 276 1568 302 spem
1592 268 1715 294 omnium
1737 267 1846 294 Siculus

1062 315 1151 346 delet,
1168 315 1303 350 urbesque
1319 319 1412 349 captas
1426 313 1582 348 recuperat.
1605 314 1715 340 Periere
1737 313 1848 340 Siculo-

1062 368 1123 387 rum
1138 360 1163 386 in
1179 360 1250 386 bello
1264 367 1346 392 supra
1360 359 1468 392 10,000,
1484 359 1510 386 in
1524 358 1680 386 carceribus
1694 363 1783 385 autem
1799 357 1849 384 fri—

1062 413 1127 440 gore
1143 413 1174 432 ac
1193 405 1263 432 fame
1279 405 1313 432 ad
1329 409 1448 440 quatuor
1462 405 1558 431 millia.
1574 404 1661 430 Duct‘s
1675 404 1757 430 etiam
1772 403 1848 436 capti

1063 454 1141 482 stntt,
1165 450 1319 478 Ricltardus
1344 455 1372 478 et
1393 450 1563 483 Balduinus,
1587 457 1639 476 una
1662 457 1725 476 eum
1749 447 1848 475 Alexio

1063 497 1213 529 Comneno,
1226 497 1288 523 belli
1304 501 1415 523 auctore
1425 517 1431 528 ,
1446 497 1488 523 cui
1504 504 1565 523 mox
1580 495 1651 523 oeuli
1667 501 1730 522 sunt
1742 494 1847 521 effossi.

1064 543 1220 571 Secundum
1241 543 1300 570 bree
1322 543 1470 570 infeliciter
1492 548 1595 570 tentata
1617 542 1742 577 Cyprus,
1759 546 1786 568 et
1805 549 1850 568 sc—

1065 590 1120 616 cuti
1133 594 1223 616 motus
1241 589 1407 617 V’lachorum
1420 589 1540 616 nationis
1556 597 1563 615 :
1580 589 1713 616 adversus
1725 595 1794 622 qttos
1809 587 1851 614 ni-

1065 635 1103 662 hil
1120 638 1193 662 recte
1205 639 1312 670 gestum
1330 639 1350 661 a
1360 635 1466 662 Joanne
1480 639 1580 669 patruo
1595 634 1777 668 imperatoris,
1797 641 1851 659 nec

1064 689 1079 708 ιι
1093 682 1197 708 Joanne
1213 681 1416 709 Cantaeuzeno.
1431 681 1532 708 Missus
1548 685 1639 707 autem
1659 680 1691 706 a-f
1708 679 1852 706 debellan-
1886 688 1894 697 ο

1064 725 1114 753 dos
1129 734 1175 753 eos
1195 727 1308 753 Alexius
1333 725 1452 758 Branas,
1476 726 1592 760 imperio
1609 725 1737 751 affectate
1750 745 1757 756 ,
1775 724 1851 751 Cun-

1064 772 1271 806 stantinopolim
1287 779 1415 799 reversus
1430 771 1548 799 obsedit.
1567 771 1666 798 Verum
1687 778 1740 797 non
1759 768 1850 796 multo

1065 823 1141 853 post,
1155 818 1235 846 irrito
1249 823 1349 845 conatu
1363 838 1371 851 ,
1384 826 1470 846 caesus
1481 823 1523 845 est
1537 825 1586 852 per
1605 817 1761 844 Conradum
1782 816 1853 843 Maro

1065 864 1192 891 chionem
1209 863 1487 891 Montisferratensem
1504 873 1510 891 :
1527 857 1571 890 cui
1584 862 1701 890 Caesaris
1715 862 1851 889 honorem

1065 908 1216 944 imperator
1237 909 1389 942 detulerat,
1414 909 1473 936 viro
1494 909 1574 936 valde
1600 913 1713 936 strenuo
1725 913 1754 935 ct
1768 907 1852 938 forti,

1066 955 1195 982 maximis
1216 954 1411 990 largitionibus
1431 962 1464 981 ex
1484 955 1561 981 italia
1582 953 1852 987 Constantinopolim

1065 1005 1187 1033 evocato,
1200 1004 1230 1027 ut
1246 1000 1418 1028 Theodoram
1432 1000 1606 1035 imperatoris
1618 1007 1741 1027 sororem
1755 998 1852 1038 matri-

1066 1046 1159 1074 monio
1175 1047 1228 1074 sibi
1244 1047 1382 1082 jungeret.
1401 1046 1531 1081 Ejusdem
1548 1053 1631 1080 supra
1647 1052 1758 1080 quoque
1775 1044 1850 1071 facta

1066 1097 1109 1121 est
1122 1093 1235 1126 mentio,
1251 1093 1323 1128 quod
1338 1092 1526 1127 Moguntinum
1541 1092 1634 1127 praelia
1647 1092 1750 1119 vietum
1767 1097 1854 1124 cepe-

1066 1139 1112 1166 rit.
1129 1139 1243 1166 Mortem
1255 1139 1325 1166 obiit
1339 1139 1526 1171 immaturam,
1543 1146 1591 1172 per
1606 1137 1732 1164 fraudem
1749 1145 1763 1163 a
1779 1136 1855 1164 Cha-

1066 1184 1108 1212 sio
1132 1185 1250 1219 quodam
1274 1185 1383 1212 occisus
1399 1185 1426 1211 in
1443 1184 1584 1211 Palatstina
1596 1204 1604 1217 ,
1626 1183 1673 1211 ubi
1689 1182 1853 1218 prteclarum

1067 1230 1176 1257 virtutis
1190 1234 1218 1257 et
1240 1230 1392 1264 prudentia:
1407 1230 1563 1264 specimen,
1575 1230 1657 1264 loppe
1670 1229 1763 1264 (quam
1780 1235 1854 1254 nunc

1067 1276 1197 1303 Acconen
1212 1276 1328 1310 vocant)
1343 1280 1371 1303 et
1389 1276 1450 1303 aliis
1467 1276 1574 1310 oppidis
1590 1275 1755 1310 expugnatis
1767 1295 1773 1306 ,
1792 1281 1853 1301 ma-

1067 1328 1120 1354 gno
1149 1328 1211 1348 cum
1245 1327 1349 1348 terrore
1367 1321 1563 1348 Saracenorum
1580 1320 1715 1347 ediderat.
1731 1320 1856 1346 Duraulc

1068 1367 1160 1394 adhuc
1184 1367 1256 1394 bello
1277 1371 1372 1394 centra
1389 1367 1507 1395 Vlachos
1522 1387 1529 1400 ,
1558 1367 1719 1394 Theodorus
1745 1366 1855 1400 Manga-

1068 1413 1137 1448 phas
1150 1433 1157 1445 ,
1186 1420 1268 1447 quem
1292 1413 1532 1440 Morotheodorum
1550 1412 1681 1447 deinceps
1696 1416 1832 1439 vocarunt
1846 1430 1859 1443 ν

1068 1462 1200 1493 occupata
1224 1458 1315 1492 patria
1331 1466 1380 1485 sua
1395 1458 1582 1493 Philadelphia
1596 1479 1602 1490 ,
1628 1457 1733 1485 frustra
1764 1457 1853 1491 impe-

1069 1503 1141 1531 rium
1168 1503 1316 1536 affectavit,
1342 1504 1369 1530 in
1394 1509 1542 1539 perpetuos
1568 1511 1696 1531 carceres
1721 1503 1854 1538 deinceps

1070 1549 1204 1576 inclusus.

1106 1595 1263 1622 Fridericus
1281 1603 1390 1631 quoque
1415 1604 1461 1623 rex
1484 1595 1680 1623 Alemanorum
1704 1596 1857 1631 expeditio-

1068 1649 1132 1668 ttetn
1149 1642 1290 1676 suscepit,
1313 1643 1346 1668 ad
1372 1642 1543 1677 eripiendam
1558 1642 1706 1670 Saracenis
1721 1642 1857 1677 Egyptiis

1069 1686 1250 1713 Palaestinam.
1273 1685 1329 1714 lloe
1352 1687 1413 1721 ejus
1437 1687 1488 1714 iter
1513 1687 1633 1714 lsaacius
1656 1693 1750 1715 contra
1776 1688 1857 1714 fidem

1069 1733 1161 1760 datam
1180 1733 1314 1767 impedire
1333 1733 1504 1764 conabatur,
1521 1733 1568 1760 sed
1585 1740 1647 1761 cum
1664 1733 1734 1760 nihil
1749 1733 1858 1761 eﬂiccre

1069 1787 1098 1807 se
1114 1780 1240 1812 videret,
1269 1779 1377 1806 tandem
1407 1779 1524 1806 liberum
1549 1779 1689 1807 Alemanis
1713 1780 1857 1807 transitum

1070 1825 1215 1853 concessit.
1229 1825 1334 1852 Enituit
1347 1830 1404 1852 tum
1416 1829 1477 1859 erga
1490 1825 1652 1859 peregrinos
1664 1824 1778 1859 insignis
1791 1824 1861 1851 Lao-

1069 1872 1224 1900 dicensium
1251 1871 1437 1906 hospitalitas.
1473 1872 1647 1906 Quapropter
1678 1872 1710 1898 iis
1735 1871 1859 1901 Alcmani

1071 1917 1237 1947 faustissima
1255 1924 1370 1951 quaeque
1388 1921 1452 1944 sunt
1467 1924 1482 1943 a
1507 1917 1562 1944 Deo
1584 1917 1699 1951 precati,
1718 1922 1746 1944 et
1763 1916 1859 1944 Fride-

1072 1962 1144 1988 rieus
1160 1961 1218 1995 ipse
1243 1961 1370 1988 manibus
1395 1961 1537 1995 oculisque
1563 1961 1677 1987 sublatis
1693 1961 1720 1988 in
1739 1961 1838 1987 coelum
1852 1981 1860 1992 ,

1073 2007 1190 2042 genibus
1204 2007 1279 2033 hutui
1297 2007 1385 2038 ﬂexis,
1403 2007 1510 2039 oravit,
1527 2011 1557 2033 ut
1573 2006 1703 2041 quidquid
1719 2007 1781 2034 vita:
1798 2015 1861 2041 pro-

1071 2053 1183 2085 desset,-
1207 2053 1342 2088 quidquid
1369 2051 1470 2079 animis
1491 2052 1607 2079 salutent
1625 2052 1756 2085 afferret,
1773 2060 1788 2078 a
1807 2053 1861 2079 Deo

1072 2099 1259 2135 gubernatore
1281 2099 1364 2133 hujus
1388 2098 1578 2126 universitatis
1600 2097 1791 2132 impetrarent.
1810 2098 1863 2124 Ad-

1075 2146 1144 2181 jecit
1159 2145 1211 2173 hoc
1223 2153 1345 2180 quoque.
1355 2145 1378 2172 si
1390 2145 1499 2178 reliqua:
1512 2143 1660 2179 provincia:
1673 2144 1861 2170 Romanorum

1074 2197 1128 2219 tam
1148 2191 1266 2226 benigne
1283 2191 1385 2218 Christi
1401 2190 1480 2226 341
1500 2190 1601 2217 milites
1623 2189 1807 2223 excepissent,
1833 2198 1863 2217 se

1035 2238 1060 2268 Ι)
1075 2237 1130 2265 illis
1146 2241 1175 2264 et
1188 2245 1255 2271 opes
1269 2244 1363 2264 secum
1387 2236 1481 2263 allatas
1496 2236 1673 2270 pcrlubcnter
1687 2235 1770 2263 fuisse
1786 2236 1863 2262 datu<

1072 2292 1129 2316 ros,
1145 2287 1299 2311 commeatu
1319 2287 1412 2318 pacate
1430 2286 1553 2317 accepto,
1578 2286 1606 2310 et
1633 2282 1701 2309 fines
1726 2282 1864 2309 Romanos

1071 2329 1235 2364 jampridem
1253 2330 1339 2356 fttisse
1359 2329 1534 2359 transituros.
1557 2329 1642 2356 hastis
1659 2328 1761 2355 nuliius
1784 2329 1863 2355 Citri-

1073 2376 1153 2403 stiani
1171 2376 1303 2411 sanguine
1321 2376 1525 2403 contaminatis.
1540 2375 1608 2402 Cum
1632 2379 1726 2402 autem
1741 2375 1862 2401 Frideri-

1075 2429 1125 2449 cus
1142 2422 1284 2457 ingressus
1301 2430 1394 2456 agrum
1411 2421 1561 2449 lcuniensis
1577 2421 1687 2451 sultani,
1702 2423 1748 2455 qui
1763 2426 1790 2447 et
1807 2421 1863 2455 ipse

1075 2472 1200 2503 pacatnnt
1214 2467 1239 2494 ei
1255 2468 1398 2494 transitum
1414 2471 1598 2496 concesserat.
1612 2471 1708 2493 contra
1724 2466 1804 2492 fidem
1818 2467 1864 2492 da-

1076 2519 1130 2541 tam
1150 2514 1317 2545 violaretur,
1337 2514 1444 2541 duobus
1466 2513 1566 2548 pratiiis
1584 2513 1705 2543 Turcos,
1723 2513 1756 2539 ad
1774 2511 1864 2539 Philo-

1076 2560 1187 2587 mclimn
1201 2565 1227 2587 et
1242 2560 1441 2594 Cingularium,
1459 2561 1498 2587 sic
1515 2559 1681 2594 prostravit,
1697 2564 1725 2585 ut
1745 2563 1775 2585 et
1792 2559 1863 2586 cele-

1076 2606 1134 2633 bris
1151 2611 1177 2632 et
1193 2605 1378 2632 formidabilis
1396 2605 1466 2640 apud
1485 2605 1632 2631 orientales
1655 2604 1781 2632 nationes
1799 2612 1864 2631 cva-

1077 2651 1154 2678 (lcret
1171 2661 1177 2678 :
1194 2652 1344 2686 pratscrtim
1360 2657 1536 2686 posteaquam
1555 2658 1608 2677 non
1634 2650 1715 2684 longo
1734 2650 1863 2683 temporis

1078 2698 1222 2733 inlerjecto
1249 2698 1338 2732 spatio
1365 2697 1578 2724 tonsimililihus
1607 2696 1718 2722 eosdem
1742 2696 1865 2724 cladibus

1078 2744 1150 2779 apud
1168 2743 1404 2778 ipsuuthoninm
1431 2743 1579 2772 ιιῖΤιϊὶερυῐ.
1604 2741 1684 2776 quod’
1704 2742 1728 2769 ei
1751 2750 1780 2769 se
1803 2750 1862 2769 mox

1079 2791 1195 2818 dedidit.
1220 2790 1292 2818 Urbe
1318 2789 1396 2824 potiti
1424 2789 1558 2819 Alcmani,
1591 2788 1669 2815 tectis
1700 2788 1863 2815 suburbanis

1079 2836 1213 2868 contenti,
1228 2841 1255 2862 et
1269 2840 1423 2863 commeatu
1439 2835 1533 2861 saltum
1555 2834 1658 2866 ablato,
1675 2834 1743 2861 citra
1762 2834 1864 2860 malefi-

1081 2884 1153 2911 cium
1179 2874 1375 2910 dixcsscrutxt.
1399 2881 1467 2910 lliuc
1491 2881 1523 2909 ab
1549 2880 1690 2908 .\.t‘:::cniis
1715 2881 1862 2908 honorifice
