1960 3075
92 134 144 168 633
186 160 198 171 ,
763 137 1032 168 (ἷίἾΝΊῐΝΗλΤίΟ.
1669 135 1720 167 ϐ’ῖιί

93 196 245 226 susceptus,
265 191 436 220 Antiochiam
455 191 497 220 ire
517 193 544 220 itt
574 192 666 220 animo
686 194 817 226 habebat,
835 202 881 220 au-
897 199 916 224 Α
935 201 987 220 non
1005 193 1135 228 expertis,
1161 197 1188 220 et
1214 193 1381 220 imminentis
1402 194 1499 225 nume,
1519 201 1651 229 nemque
1670 195 1719 220 ho-

92 243 221 271 gescentc
244 238 332 266 indies
349 239 399 265 viri
422 239 517 275 gloria,
536 245 564 266 et
588 240 699 267 nomine
728 241 874 271 illustrato,
928 239 1007 266 stilis.
1024 240 1088 266 Post
1105 240 1162 266 Iu‘e
1179 239 1328 273 imperator
1345 240 1438 274 Angeli
1456 246 1648 274 cognomento,
1663 241 1721 267 sire

96 287 152 308 tum
167 283 202 309 ob
219 283 402 317 prudentiam,
420 289 475 311 tttm
494 290 605 320 propter
622 286 754 312 invictum
770 286 876 312 exerci-
930 290 959 311 nt
977 285 1122 324 Inunilipre
1136 305 1144 318 ,
1166 285 1225 311 sive
1246 290 1273 311 ut
1290 285 1423 311 abolendo
1440 293 1503 311 cum
1520 285 1614 316 fratre,
1635 293 1718 319 repu-

94 332 162 359 tutn,
177 328 214 354 ita
231 333 260 355 ut
275 329 364 356 nullus
381 329 466 356 hostis
483 338 544 356 cum
560 337 593 356 eo
607 331 734 364 congredi
750 330 876 357 auderet.
928 331 1001 358 diato
1012 352 1018 362 ,
1034 331 1192 358 Conmenus
1217 332 1347 366 appellari
1371 331 1468 358 voluit.
1495 331 1561 358 Tota
1588 331 1648 366 ejus
1664 332 1719 358 vita

93 373 160 399 Cum
181 378 271 400 autent
290 374 322 400 ad
338 374 450 401 ﬂuvium
464 375 609 409 quemdam
625 376 802 410 pervenias“,
816 384 878 402 vor-
930 375 1021 401 tnollis
1043 375 1113 406 fuit,
1139 380 1167 402 et
1184 381 1317 410 perpetuo
1348 383 1442 403 socors
1457 376 1606 410 ingenium.
1621 375 1718 403 Omnia

93 419 193 445 ticibus
211 427 343 454 aquarum
359 420 525 448 sutioeatur:
544 421 586 448 vir
600 421 715 448 honesta
732 426 760 448 et
780 429 877 456 perpe-
929 419 963 447 de
981 421 1163 454 imperatricis
1181 421 1316 448 sententia
1332 422 1389 448 fere
1404 420 1580 455 gerebantur,
1598 421 1678 457 cujus
1691 427 1720 448 et

93 470 138 492 tua
155 466 285 493 memoria
305 467 404 501 dignus
416 487 424 499 ,
440 472 470 494 et
483 468 586 502 judicio
601 467 766 502 prudentum
783 467 825 493 vel
850 467 876 493 in
929 465 1016 492 virilis
1039 471 1097 493 erat
1120 467 1239 500 animus,
1254 471 1282 493 ct
1296 466 1468 501 providentia
1486 466 1643 502 singularis,
1670 468 1718 494 sed

93 510 139 537 tali
154 511 230 538 obitu
248 512 322 543 felix,
344 519 398 539 non
416 520 450 539 eo
480 517 596 544 tantum,
614 513 687 547 quod
701 513 784 539 nobili
800 517 877 539 Ortus
929 511 1068 546 impudica
1094 512 1173 546 plane
1191 512 1257 543 vita,
1273 519 1334 546 quae
1359 519 1426 539 sane
1452 511 1562 539 infamia
1589 512 1717 539 maritum

92 563 193 590 genere
206 577 212 588 ,
234 558 339 584 avitum
365 557 512 592 imperium
529 559 556 585 in
574 558 672 586 multas
686 562 780 593 gentes
806 557 878 585 obti-
928 564 1037 591 quoque
1051 557 1260 584 dehonestabat.

73 603 75 606 ‘
91 600 164 632 nuit,
194 601 242 628 sed
259 601 294 628 ob
310 601 376 629 illud
394 603 496 637 potius,
516 604 588 638 quod
611 604 680 630 ultra
705 611 800 630 omnes
817 611 877 630 οιιι-
967 602 1024 629 Hoc
1039 606 1162 637 tempore
1176 610 1222 629 rex
1237 602 1432 630 Alemanorum
1450 601 1719 637 Antmeriguslllent

90 645 167 672 nium
183 647 304 680 gentium
322 646 544 675 Christianarum
559 648 699 682 principes
712 649 814 684 Christi
829 648 878 675 de-
930 647 1028 683 ricus].
1043 648 1175 675 Fritlerici
1189 649 1270 680 titius,
1285 653 1398 682 paterno
1409 648 1564 683 principatu
1578 653 1717 682 suscepto,

90 692 192 719 siderio
205 692 332 727 ﬂagrans,
359 693 460 728 patria,
483 693 589 721 deliciis
612 694 704 729 regiis,
722 694 876 729 tranquilli-
930 693 1023 721 Sicilia
1036 698 1063 721 et
1076 693 1150 720 Italia
1172 693 1304 726 subactis,
1319 694 1428 721 Graecos
1444 693 1616 729 lacessebat;
1634 701 1720 728 quan-

91 742 157 769 tale,
177 737 256 764 beata
278 737 352 764 domi
367 738 541 772 superbaque
556 746 616 766 cum
633 739 803 766 eharissimis
822 739 877 766 vita
929 747 1011 774 quam
1025 740 1059 766 ab
1074 739 1233 767 adversario
1248 747 1310 773 suo,
1323 748 1392 775 papa
1401 740 1495 767 Roma:
1506 741 1616 773 veteris,
1630 740 1665 767 ab
1675 741 1720 767 in-

88 783 233 817 despectis,
250 790 312 810 cutn
325 782 490 811 Christianis
502 784 651 812 Palaestinae
666 785 764 812 incolis
779 792 878 812 aartun-
929 785 1030 811 stituto
1042 784 1238 813 retraheretur.
1254 785 1414 812 Postulabat
1422 789 1513 813 autem
1524 786 1575 813 sibi
1589 794 1637 821 per
1645 787 1719 821 lega-

89 835 137 855 nas
147 829 264 855 tolerare
281 829 388 856 maluit.
401 830 481 857 Patre
493 835 612 862 mortuo,
628 830 700 857 lilius
712 830 875 858 Laodiceam
931 834 974 857 tos
988 830 1096 857 restitui
1108 830 1244 857 Romanas
1257 831 1412 865 provincias
1425 831 1460 858 ab
1472 831 1624 865 Epidamno
1634 831 1721 859 Thes-

90 874 117 900 in
145 873 294 909 Caelesyria
308 893 315 905 ,
331 873 461 909 Berytum
476 894 483 906 ,
500 874 624 909 aliasque
641 875 767 902 civitates
787 874 873 910 Syria:
890 875 912 904 B
926 876 1078 904 salonicam
1089 884 1188 909 usque,
1199 882 1329 911 tanquam
1344 877 1407 904 belli
1420 877 1483 912 jure
1498 885 1609 910 nupera
1619 877 1721 904 Sicilia:

89 919 209 955 subegit,
225 927 257 947 ac
272 919 396 954 pluribus
409 927 460 954 pro
472 919 574 947 Christi
600 921 711 948 nomine
734 920 875 948 laboribus
929 929 993 956 rege
1012 921 1153 953 subactas,
1171 921 1215 949 cui
1232 930 1305 949 ttunc
1319 922 1376 957 ipse
1392 922 1582 950 successisset.
1594 922 1721 950 Addebat

90 965 244 1000 exhaustis,
260 969 412 993 extremum
426 964 460 991 ad
472 965 620 998 Acconem,
630 973 710 1000 quant
721 965 875 997 obsidebat.
927 965 1047 993 otl'ensas
1061 970 1200 999 paternas,
1225 966 1297 1000 quod
1315 966 1465 1000 imperator
1490 965 1597 994 Manuel
1622 973 1719 1001 papam

89 1012 153 1045 vitae
169 1011 242 1038 diem
258 1011 367 1038 clausit.
386 1010 529 1039 Exercitus
545 1011 666 1046 reliquus
682 1012 800 1039 navibus
811 1019 876 1040 διιο-
928 1011 1022 1038 Romae
1039 1011 1140 1039 veteris
1155 1017 1248 1040 contra
1263 1011 1432 1040 Friderieum
1452 1012 1619 1040 concitasset
1633 1017 1662 1040 et
1676 1020 1720 1039 ar-

91 1065 152 1085 rum
167 1057 230 1092 Tyri
245 1056 413 1089 conscensis,
430 1056 577 1085 incolumis
590 1057 624 1084 ad
637 1064 701 1084 suos
713 1057 804 1085 rediit.
929 1061 1041 1084 masset.
1058 1057 1153 1092 Itaque
1168 1057 1370 1091 denuntiabat,
1394 1057 1526 1085 Romanis
1553 1063 1602 1085 aut
1621 1065 1718 1093 pacem

123 1103 179 1130 Nec
197 1101 320 1129 Alemani
344 1101 478 1130 duntaxat
510 1102 563 1130 hoc
587 1107 709 1138 tempore
733 1103 876 1131 Saracenis
929 1101 1047 1128 maxima
1074 1102 1192 1135 pecunia
1217 1101 1417 1134 redimendam,
1437 1106 1485 1129 aut
1505 1101 1608 1129 bellum
1626 1102 1719 1130 statim

88 1148 136 1183 qui
153 1147 322 1174 Palaestinam
335 1152 520 1182 occuparent,
547 1155 623 1175 anna
643 1149 806 1182 intuleruttt,
826 1149 874 1176 scd
929 1146 1112 1173 tolerandum.
1126 1146 1191 1179 Quse
1202 1152 1293 1174 autem
1305 1147 1420 1181 pecunia
1435 1147 1510 1182 pacis
1521 1147 1631 1175 nomine
1644 1155 1718 1183 quo-

89 1194 171 1222 etiam
189 1193 355 1221 Francorum
367 1194 575 1230 Anglorumque
591 1201 669 1229 reges
685 1195 790 1230 magnis
807 1196 876 1223 clas-
930 1192 1019 1219 tannis
1031 1191 1113 1227 pendi
1127 1192 1251 1227 deberet,
1263 1192 1322 1220 auri
1338 1194 1507 1221 centenariis
1518 1194 1718 1229 quinquaginta

89 1240 167 1266 sibus
185 1238 286 1274 Tyrum
309 1240 484 1275 appulerunt.
501 1239 627 1275 Cutuque
651 1239 803 1268 Saracenos
827 1249 876 1269 nec
928 1239 1062 1273 principio
1077 1239 1211 1266 aestimata
1225 1258 1233 1272 ,
1258 1242 1429 1273 postremum
1444 1240 1476 1266 ad
1494 1240 1670 1267 centenarios
1687 1240 1720 1267 10

90 1285 140 1320 ipsi
162 1285 230 1312 urbe
245 1289 338 1312 sancta
352 1285 454 1320 pellere
467 1290 591 1320 possent,
608 1285 720 1313 infectis
735 1288 818 1314 rebus
829 1287 878 1314 do-
928 1284 1038 1311 redacta
1048 1288 1092 1311 est
1105 1293 1112 1311 :
1125 1292 1194 1319 quos
1215 1289 1246 1312 ut
1261 1285 1374 1312 Alexius
1386 1286 1552 1317 exsolveret,
1570 1286 1720 1321 imperato-

91 1340 166 1358 mum
184 1336 366 1359 reverterunt.
383 1331 412 1358 In
426 1331 524 1359 itinere
541 1336 630 1359 tamen
643 1333 744 1368 Anglus
756 1333 876 1368 Cyprum
929 1338 990 1357 rum
1005 1330 1139 1365 sepulcris
1156 1331 1291 1365 spoliatis,
1311 1331 1345 1358 ad
1364 1331 1396 1357 70
1420 1333 1596 1359 centenarios
1611 1331 1718 1366 argenti

88 1378 245 1412 occupavit,
258 1382 338 1412 capto
350 1378 454 1405 Isaaeio
467 1378 608 1406 Comneno
628 1385 754 1414 tyranno,
775 1379 809 1406 de
823 1387 877 1414 quo
928 1379 956 1403 ct
984 1376 1043 1403 auri
1058 1377 1184 1404 nonnihil
1202 1377 1328 1405 corrasit.
1341 1377 1442 1405 Verum
1457 1382 1520 1405 ante
1536 1386 1616 1412 quam
1634 1385 1719 1413 pecu-

89 1432 172 1457 supra
190 1423 308 1450 diximus
326 1432 333 1450 :
351 1424 524 1458 insulamque
547 1432 596 1458 pro
613 1433 661 1452 sua
677 1425 875 1460 Hierosolymi.
930 1422 975 1448 nia
993 1422 1161 1455 mitteretur,
1176 1422 1327 1450 Alcmaniae
1343 1431 1390 1450 rex
1404 1427 1510 1451 natura:
1521 1423 1643 1451 debitum
1659 1431 1721 1458 per-

89 1474 152 1496 tano
169 1469 225 1504 regi
243 1469 365 1502 donavit,
385 1474 413 1497 ttt
441 1470 479 1496 ibi
503 1470 604 1497 amisso
631 1478 713 1505 regno
729 1471 875 1498 habitaret.
928 1468 1019 1501 solvil,
1040 1475 1102 1494 cum
1135 1469 1299 1503 gravissimo
1314 1469 1341 1496 in
1356 1468 1474 1502 Siculos,
1488 1470 1535 1504 qui
1556 1470 1720 1497 seditionem

87 1515 223 1543 Czetcrnm
243 1524 296 1543 nun
312 1516 417 1543 crebrze
433 1511 539 1542 tantum
555 1516 706 1544 seditiones
727 1517 876 1544 multorum
892 1546 910 1552 __
931 1513 1126 1552 (Ξοῐιίείῑεθτίιηιι¹
1154 1513 1403 1547 animadvertisset.
1439 1514 1577 1542 FaClioniS
1605 1515 1719 1550 quidem

87 1561 134 1594 qui
164 1560 330 1588 affectabam
347 1561 504 1596 imperium,
525 1561 658 1588 lsaaeium
682 1562 847 1589 exercebant
864 1569 870 1588 :
890 1546 910 1574 θ
929 1555 1081 1590 [ιτῖηεῖρθηὶ
1101 1550 1129 1582 εί
1146 1563 1237 1590 ι’θὲθηῖ
1252 1557 1387 1585 (laeuum
1419 1565 1521 1585 ⁸0ιόηῆ
1547 1559 1629 1594 iussn
1652 1559 1721 1586 ahe'

87 1607 135 1634 sed
152 1607 234 1634 etiam
254 1607 419 1635 \‘lachorum
435 1607 510 1635 natio
527 1615 683 1643 progressa,
699 1607 819 1635 munitas
831 1616 861 1635 ur

946 1609 980 1631 ea
999 1603 1135 1634 redimiri,
1152 1610 1212 1637 quae
1227 1610 1290 1630 cum
1308 1603 1424 1631 haberet
1438 1609 1558 1638 quatuor
1571 1605 1718 1637 foramina,

88 1653 138 1679 bes
151 1652 308 1680 invadebat.
320 1653 482 1680 Anchialum
497 1654 570 1680 enim
587 1654 741 1686 vastabant,
758 1654 876 1681 Varnam
927 1655 976 1681 PC?
985 1654 1017 1674 εει
1031 1648 1144 1676 “ﬁdem
1159 1649 1245 1676 θιεινίδ
1260 1649 1343 1684 capiti
1355 1650 1414 1685 eius
1424 1654 1466 1677 εει
1478 1650 1566 1677 amnt
1578 1651 1655 1683 Ουοά
1670 1651 1716 1678 "bi

87 1698 271 1731 subigebant,
295 1699 462 1726 Triaditzam
482 1699 539 1726 sive
560 1699 701 1726 Sardicam
726 1699 855 1730 delebant

940 1697 1029 1720 aetum
1055 1693 1151 1721 fuisset
1171 1703 1177 1720 :
1194 1694 1293 1726 Habes,
1311 1695 1350 1721 ait
1374 1695 1562 1727 Ammericus,
1585 1702 1714 1723 coronant

85 1742 214 1778 Stumpio
227 1744 300 1772 cives
315 1745 470 1780 cjicicbant.
489 1745 610 1771 Tandem
639 1745 666 1772 in
691 1745 859 1780 expeditioni

942 1746 1008 1773 ‘uam
1020 1744 1134 1767 venatus
1148 1748 1178 1768 es
1189 1749 1195 1772 ;
1208 1748 1289 1768 nemo
1304 1741 1352 1768 tibi
1366 1741 1716 1777 hanciuvidct.3421lle

83 1795 182 1816 contra
198 1788 324 1822 Vlachos,
338 1790 483 1826 magnifico
498 1798 560 1817 cum
572 1795 705 1825 apparatu
724 1795 852 1825 suscepta

944 1791 992 1812 ero
1006 1793 1068 1812 mox
1084 1785 1180 1812 oborta
1193 1786 1338 1821 vertigine,
1355 1786 1429 1813 humi
1450 1787 1604 1822 prolapsus,
1624 1789 1717 1822 exspi-

83 1842 147 1862 cum
164 1836 303 1862 venationi
329 1840 402 1864 esset
427 1837 550 1863 intentus
581 1836 712 1869 lsaacius,
730 1837 764 1864 ab
781 1836 875 1864 Alexio
926 1832 1009 1858 τεινὶι·
1023 1831 1108 1866 Capta
1124 1831 1219 1859 δίείιῖθ
1233 1851 1241 1863 ν
1259 1839 1321 1859 cum
1337 1832 1444 1860 emeris
1459 1832 1539 1860 [rene
1556 1833 1650 1861 lsaacd
1665 1835 1717 1861 im-

83 1881 179 1913 l'ratre,
194 1881 227 1908 de
242 1889 297 1916 quo
313 1889 366 1908 non
381 1886 489 1909 tantum
505 1882 574 1909 nihil
590 1882 654 1909 mali
670 1882 873 1917 suspicabatur,
926 1878 1063 1912 permotis
1079 1877 1133 1905 ﬁlia
1147 1878 1254 1913 captiva
1270 1882 1312 1906 est.
1325 1877 1455 1911 abducta,
1469 1883 1497 1906 et
1509 1878 1645 1913 desponsa
1661 1879 1717 1907 fra-

83 1928 132 1955 sed
143 1928 226 1955 ctiam
236 1935 369 1955 summam
379 1928 430 1955 sibi
442 1929 605 1956 eherilatem
616 1929 874 1963 observantiamque
927 1924 962 1950 Ui
981 1923 1054 1960 regis
1065 1923 1213 1952 Αιθιηέηίω
1223 1924 1361 1959 Philippo,
1373 1925 1474 1952 amisso
1486 1925 1577 1959 Pl'iorc
1588 1926 1716 1960 εοηιυεθι

84 1974 276 2008 pollicebatur.
304 1979 330 2002 et
360 1974 447 2001 oculis
473 1977 501 2001 ct
524 1975 640 2009 imperio
665 1975 798 2009 spoliatus
820 1979 872 2001 est.
926 1971 971 2005 qui
990 1971 1186 2005 post,obitum
1209 1971 1346 1999 Tancredi
1374 1972 1460 2006 patris
1479 1972 1583 2000 Sicilia:
1602 1979 1736 2008 regnum-

84 2020 233 2054 lmperavit
254 2028 341 2047 annos
364 2020 390 2051 9,
408 2027 515 2047 menses
533 2020 565 2053 8,
591 2019 713 2047 nottdum
738 2027 825 2048 annos
841 2021 873 2047 40
924 2018 1092 2045 obtinuerat.

82 2074 101 2093 ιι
123 2071 177 2097 tus,
193 2073 255 2093 cum
272 2074 384 2101 regnum
403 2066 553 2093 amitteret.
960 2064 1067 2091 Secutae
1086 2068 1149 2091 sunt
1168 2063 1299 2099 deinceps
1321 2065 1492 2100 gravissimte
1515 2064 1716 2094 Constantino-

118 2112 232 2139 Alcxius
253 2111 402 2146 imperator
418 2112 445 2138 in
460 2111 559 2139 castris
574 2111 747 2146 designatus,
765 2111 870 2139 omisso
922 2110 993 2144 polis
1011 2109 1113 2136 clades.
1125 2109 1193 2136 Nam
1218 2109 1337 2137 lsaacius
1350 2110 1457 2145 pridem
1483 2111 1636 2145 imperator
1651 2119 1715 2139 cum

82 2163 182 2187 contra
198 2157 314 2186 Vlachos
330 2157 411 2190 bello,
425 2156 692 2192 Constantinopolim
716 2158 801 2185 redit:
824 2158 870 2184 ubi
923 2156 1027 2183 Latinis
1050 2163 1148 2183 arcana
1170 2156 1285 2183 consilia
1308 2156 1342 2183 de
1367 2157 1534 2184 ulciscendis
1559 2158 1667 2192 injuriis
1688 2165 1716 2186 et

82 2212 147 2232 cum
161 2204 432 2238 inauguratusesset,
445 2204 582 2238 quoddam
595 2203 772 2231 memorabile
789 2204 877 2231 couti-
892 2208 916 2238 Ι)
929 2202 1077 2229 cvcrtendo
1091 2202 1174 2230 fratre
1188 2202 1283 2229 Alexio
1297 2203 1468 2235 conferebat,
1485 2203 1584 2230 litteris
1606 2203 1638 2229 ad
1661 2203 1716 2230 lrc-

81 2251 132 2286 git.
148 2250 264 2284 Templa
277 2250 350 2276 enitn
365 2257 500 2285 egressus,
513 2258 576 2277 cum
588 2258 789 2278 conscensurus
802 2255 874 2277 esset
926 2257 986 2276 nem
1006 2249 1086 2275 tiliam
1102 2249 1202 2282 missis,
1219 2249 1339 2284 Philippi
1356 2249 1551 2276 Alemauoruut
1567 2251 1638 2284 regis
1650 2258 1716 2276 con-

80 2304 186 2332 equum
201 2295 348 2323 Arabicum
359 2316 366 2328 ,
384 2303 519 2323 sessorem
536 2296 582 2324 ille
600 2304 654 2323 non
673 2296 760 2323 voluit
776 2297 873 2323 admit-
922 2295 1026 2330 jugem,
1039 2295 1140 2329 quibus
1157 2303 1217 2322 eam
1232 2295 1265 2322 ad
1283 2303 1362 2330 opem
1377 2296 1428 2323 sibi
1445 2295 1586 2322 ferendam
1602 2296 1716 2331 instiga-

81 2348 152 2374 tere,
168 2342 217 2369 sed
240 2342 326 2369 oculis
340 2342 473 2376 sanguine
494 2342 616 2374 sulIusis,
635 2343 747 2370 auribus
760 2344 871 2374 erectis,
924 2340 982 2371 bat,
1005 2344 1087 2374 atque
1110 2339 1175 2367 inde
1197 2340 1305 2367 litteras
1329 2341 1480 2375 recipiebat
1494 2362 1501 2373 ,
1520 2341 1622 2375 quibus
1647 2342 1714 2376 quid

79 2390 179 2416 crebro
195 2389 282 2415 solum
301 2388 423 2422 pulsans,
438 2392 466 2415 et
481 2388 667 2415 anterioribus
684 2389 794 2424 ungulis
808 2397 870 2416 cum
924 2387 1059 2424 agendum
1083 2391 1175 2418 esset,
1194 2387 1368 2414 monebatur.
1386 2387 1490 2414 Deinde
1509 2388 1581 2414 lilius
1605 2395 1715 2422 quoque

78 2435 192 2461 fremitu
208 2434 333 2465 sublatis,
351 2434 484 2460 indicium
500 2434 625 2468 pnebuit,
643 2429 724 2468 quasi
745 2434 870 2461 Metium
924 2434 1010 2468 ipsius
1025 2433 1146 2464 Alexius,
1162 2433 1285 2460 custodia
1301 2433 1416 2460 eductus
1429 2453 1436 2463 .
1459 2433 1547 2460 libere
1562 2440 1617 2466 quo
1635 2432 1715 2459 libuit

79 2485 158 2515 [ergo
173 2480 297 2514 recipere
314 2479 524 2514 dedignaretur.
540 2479 589 2506 U‘oi
605 2487 670 2506 vero
691 2485 752 2514 post
770 2480 870 2507 multos
922 2480 1084 2507 ambulavit.
1099 2479 1273 2514 Quapropter
1288 2480 1322 2506 de
1338 2479 1455 2506 consilio
1476 2485 1602 2514 paterno,
1620 2478 1714 2505 Pisani

78 2533 247 2560 pOppystnos
266 2530 293 2552 et
322 2526 438 2552 cervicis
455 2525 627 2560 palpationes
653 2526 793 2560 placatus,
810 2534 870 2553 crc-
922 2525 1066 2559 cujusdam
1081 2533 1143 2558 ope,
1163 2525 1313 2559 perductus
1331 2524 1359 2551 iu
1373 2524 1506 2556 Siciliam,
1530 2523 1617 2550 sorori
1642 2523 1715 2550 indi-

77 2571 143 2598 bros
157 2571 219 2597 illos
232 2578 312 2606 gyros
326 2576 353 2598 et
369 2571 573 2598 calcitrationes
590 2572 742 2599 omissuros
756 2573 868 2600 videba-
922 2577 1001 2598 catur
1017 2578 1024 2596 :
1040 2578 1099 2604 qum
1111 2571 1187 2605 justo
1201 2570 1330 2604 prtesidio
1343 2570 1438 2602 misso,
1451 2570 1562 2596 fratrem
1576 2569 1712 2603 amplexa,

77 2624 134 2650 tur,
162 2618 312 2651 imperator
338 2617 365 2644 in
393 2625 456 2644 eum
483 2618 579 2650 insilit,
605 2622 632 2644 et
659 2618 780 2644 habenas
807 2626 869 2652 pre-
921 2616 1050 2643 maritum
1079 2616 1233 2650 Philippum
1259 2620 1330 2649 orat,-
1357 2620 1387 2643 ut
1402 2616 1472 2651 patri
1493 2623 1542 2642 suo
1565 2622 1614 2649 pro
1640 2612 1712 2640 virili

76 2664 185 2691 hcndit.
203 2663 387 2690 Nihilominus
412 2663 456 2690 ille
482 2662 590 2697 ferocit,
605 2671 656 2690 nec
673 2664 748 2699 prius
763 2664 868 2698 impor-
921 2671 1000 2697 opem
1027 2663 1106 2695 ferat,
1132 2667 1160 2690 et
1184 2663 1296 2690 fratrem
1318 2663 1528 2698 quoquejuvct,
1544 2660 1666 2688 exsulem
1684 2663 1713 2687 et

77 2716 145 2736 tum:
158 2710 258 2737 saltare
275 2709 395 2741 desistit,
413 2717 495 2744 qualn
510 2715 644 2744 gemmata
661 2719 762 2737 corona
777 2711 868 2745 capite
920 2713 1070 2736 extorrem.

77 2756 254 2791 imperatoris
263 2763 389 2789 excussa,
404 2761 430 2783 et
442 2764 474 2783 ex
491 2761 568 2791 parte
585 2757 764 2789 connninuta,
777 2757 867 2791 ipsum
956 2754 1122 2782 Acciderunt
1138 2759 1162 2782 et
1180 2754 1232 2782 alia
1249 2755 1332 2781 mala.
1347 2755 1414 2781 Nam
1430 2762 1491 2781 cum
1509 2751 1620 2780 V.-netis
1635 2758 1710 2778 mer-

78 2810 190 2837 qunque
208 2802 362 2837 dejecisset.
386 2802 446 2830 Alio
467 2811 538 2837 equo
560 2803 687 2834 adducto,
713 2803 796 2830 fracta
821 2811 868 2831 co-
919 2802 1058 2829 catur-ibus
1074 2810 1105 2828 cx
1127 2802 1241 2829 avaritia
1267 2801 1426 2827 ministroru
1442 2810 1455 2824 ιι
1483 2798 1659 2832 ἱεὶιίεΓςιιονὶε
1681 2802 1710 2824 ει

79 2855 147 2874 tona
163 2847 364 2882 inauspicatum
383 2855 461 2876 omen
480 2849 536 2876 visa
561 2853 608 2884 cst.
624 2849 730 2883 imperii
751 2849 865 2876 cladium
919 2853 1096 2884 cognatorum
1112 2849 1299 2876 adimerentur
1313 2848 1398 2882 prisci
1416 2846 1538 2875 uuxdam
1557 2843 1709 2880 privilegia.
