1960 3075
230 134 284 168 625

755 133 969 164 MICIIAELIS
984 133 1113 164 GLYC'E
1134 133 1335 164 ANNA‘LIUM

1779 155 1787 162 .
1803 130 1853 163 636

229 192 376 228 l’isanique
400 191 466 226 ipsis
487 190 683 226 praefarentur
699 198 706 217 :
723 198 738 217 ιι
760 191 861 217 Cumis
885 190 1016 225 paulatim
1033 193 1055 220 A
1104 190 1312 224 Adrianopulim
1329 197 1392 217 eum
1408 189 1549 217 obsideret
1564 189 1723 221 Balduinus,
1737 189 1851 217 Joannes

230 239 389 270 abalienati,
406 246 435 265 se
446 237 568 264 vicissim
582 238 622 265 eis
636 245 684 272 per
698 237 872 264 occasionem
887 244 959 271 aegre
976 236 1016 263 fa-

230 293 325 314 cturos
337 285 533 313 ostendebant.
549 277 642 318 ltaqu‘e
657 282 712 310 dux
723 290 820 310 eorum
838 282 935 318 Ericus
948 281 1018 308 Dan-

229 333 322 364 dulus,
337 332 378 358 vir
396 331 519 365 prudens
547 336 580 356 ac
597 332 732 362 provectae
752 327 899 354 admodum
917 327 1015 358 :ctatis,

229 378 262 403 de
280 377 390 404 auxiliis
403 377 522 403 aliorum
539 373 708 402 aseiscendis
723 373 838 408 cogitat,
856 379 925 407 quos
936 376 1017 398 norat

227 431 242 450 a
262 422 364 450 Graecis
379 422 523 449 dissidere.
538 421 663 452 Cumque
677 424 786 453 tempus
800 419 890 453 ipsum
908 418 1016 445 nobiles

227 469 362 504 quosdam
388 468 544 502 toparchas,
560 466 606 501 qui
630 465 802 493 Palazstinam
817 465 906 492 visere
922 463 1017 497 cupie-

228 515 305 547 bant,
318 519 418 549 sponte
433 513 597 540 obtulisset:
610 512 770 539 societatem
782 514 810 538 et
820 510 911 538 fmdus
922 514 1017 536 contra

228 562 338 589 Gtzecos
353 560 419 586 coit.
436 559 520 586 Erant
540 558 569 589 ii,
583 557 780 584 Montisferrati
794 555 920 583 marchio
936 555 1019 582 Boni-

229 608 327 638 facius,
348 605 482 635 Flandrire
506 611 598 630 comes
615 603 764 630 Balduinus
777 622 784 634 ,
809 609 905 629 cernes
922 601 1016 628 Sancti

229 650 306 678 Pauli
321 649 448 681 llericus,
458 648 528 675 Pleae
541 655 634 675 comes
645 648 683 682 (l)
695 647 843 680 Lodoicus,
852 647 934 674 etalii
946 653 1020 674 com-

229 695 324 730 plures
351 693 469 725 audaces
499 693 658 720 bellatores.
685 691 780 719 Classe
804 699 854 726 per
883 691 1038 727 integrum-

231 740 380 768 tricnnium
401 739 545 770 fabricata.
573 738 687 766 Alexius
710 738 808 765 lsaacii
826 737 923 772 Augcli
949 737 1021 765 illius

230 787 330 815 litteris
344 787 445 814 veteris
462 786 554 813 Romze
570 784 718 820 pontificis,
737 790 765 812 et
783 784 934 812 Alemaniaa
949 784 1021 819 regis

230 835 391 865 instructus,
408 839 470 859 cum
491 831 553 858 aliis
565 838 596 858 se
612 829 765 865 conjungit,
789 834 818 857 et
839 828 1020 864 pecuniarum

1075 237 1237 264 \‘laehorum
1257 236 1395 270 princeps,
1413 235 1517 263 Latinis
1541 236 1569 262 in
1593 235 1707 262 insidias
1722 235 1850 269 pollcetis,

1071 283 1178 318 egregia
1195 282 1298 316 potitus
1312 286 1355 309 est
1370 281 1496 321 victoria,
1510 289 1580 308 caeso
1594 280 1716 308 Lodoico
1731 281 1799 307 l'letr.
1811 289 1853 307 co-

1071 330 1148 363 mite,
1166 328 1301 356 Balduino
1317 333 1408 363 capto,
1423 328 1547 355 Daudulo
1563 332 1590 354 et
1604 327 1719 355 llerrico
1733 327 1851 355 Baluluini

1071 376 1155 403 fratre
1169 379 1283 409 propter
1297 366 1437 408 acceptam
1449 373 1556 400 cladem
1571 373 1633 407 fuga
1647 373 1698 399 sibi
1715 373 1855 399 consulen-

1073 422 1154 449 tibus.
1171 421 1239 448 lliuc
1254 421 1356 448 factum
1375 419 1616 454 Constantinopoli
1631 419 1772 446 decretura
1785 438 1791 449 ,
1805 426 1854 451 quo

1071 467 1161 495 Latini
1181 467 1413 502 promulgarunt,
1432 473 1460 493 se
1477 465 1580 492 nemini
1605 464 1778 500 popularium
1792 472 1854 491 suo-

1072 521 1133 540 rum
1150 513 1387 548 inaugurationem
1404 511 1480 545 regni
1494 502 1688 542 concessmos,
1709 510 1760 536 nisi
1774 515 1855 538 morte

1072 559 1196 587 Balduini
1214 560 1289 594 prius
1301 557 1588 594 explorata.Cumque
1600 557 1652 584 hoc
1664 556 1744 584 modo
1760 565 1854 583 annum

1075 614 1161 633 unum
1181 611 1209 632 et
1224 612 1334 632 menses
1351 609 1469 639 quatuor
1485 603 1682 638 rempublicam
1703 603 1762 629 sine
1777 602 1856 635 impe-

1073 657 1164 679 ratore
1177 651 1430 680 administrassent,
1444 649 1539 676 audito
1554 649 1614 684 ejus
1624 648 1854 681 .intcritu,1terri-

1073 705 1135 725 eum
1161 697 1274 724 fratrem
1302 697 1500 731 imperatorem
1525 695 1676 722 declarant.
1697 694 1745 721 Est
1770 698 1855 720 autem

1074 743 1224 770 Balduinus
1239 743 1274 770 ab
1295 742 1401 770 Joanne
1424 742 1499 776 Myso
1519 741 1714 768 crudelissime
1729 745 1855 772 necatus,

1074 797 1136 816 cum
1149 789 1266 824 pedibus
1275 793 1301 816 et
1317 787 1445 815 manibus
1459 787 1618 821 amputatis,
1636 786 1773 820 reliquum
1785 789 1857 812 trun-

1075 843 1137 862 cum
1161 835 1188 862 in
1201 835 1298 862 r‘allem
1311 833 1475 868 profundant
1491 832 1572 866 abjici
1586 832 1706 867 juberet.
1723 831 1769 858 ubi
1782 831 1856 858 tertio

229 879 335 906 act-rvis
349 878 472 913 ipsorum
495 877 604 904 animos
616 876 798 910 "expleturum
818 882 848 902 se
865 874 1022 909 pollicetur,

1078 882 1185 909 demum
1198 880 1242 908 die
1253 880 1398 907 volucrum
1415 885 1476 906 esca
1492 877 1688 905 miserabiliter
1702 876 1856 911 exspiravit.

229 927 250 952 si
271 929 414 960 paternum
429 923 575 959 imperium
598 921 651 949 sibi
674 921 867 948 restituerent.
883 920 956 948 Idem
981 927 1025 946 sa.

229 976 373 999 cramcnto
387 970 524 1006 promittit
537 968 668 996 auxilium
684 973 779 995 contra
792 967 956 999 Saracenos,
970 966 1025 994 La-

230 1019 406 1053 tinorumque
432 1017 592 1052 religionem
624 1014 786 1049 amplexus,
817 1013 1024 1047 privilegiorum

231 1064 370 1099 papalium
384 1062 602 1094 renorationem,
613 1066 641 1089 et
656 1060 814 1088 Grecorum
833 1059 1023 1086 institutorum

229 1110 411 1136 mutationem
429 1108 586 1142 pollicetur.
602 1107 659 1134 lloc
683 1105 764 1133 modo
790 1105 903 1137 fartum,
927 1109 956 1132 ut
972 1105 1024 1140 By-

231 1156 352 1184 zantium
369 1155 556 1186 obsideretur,
570 1153 684 1180 Alcxius
696 1152 799 1179 frustra
811 1151 923 1178 tentatis
937 1150 1023 1177 armis

230 1203 374 1230 ltebeltutn
390 1201 557 1236 profugeret,
572 1205 635 1235 post
648 1207 696 1226 \'.lll
711 1197 822 1233 imperii
836 1205 939 1224 annum
952 1197 1025 1224 Isaa-

229 1251 271 1277 eio
286 1253 313 1276 ct
328 1249 386 1283 ejus
402 1248 459 1274 lilio
471 1247 567 1274 Alexio
581 1246 728 1280 imperium
749 1244 918 1277 deferretur,
933 1244 1023 1271 Latini

229 1295 344 1329 rapinis.
366 1294 512 1325 incendiis.
530 1293 604 1320 ferro
619 1293 647 1319 in
667 1291 834 1327 Byzantinos
849 1295 944 1325 captos
961 1297 1023 1317 cru-

229 1340 369 1366 delissime
384 1342 590 1373 grassarentur.

266 1385 340 1411 inter
363 1391 473 1418 magnas
494 1387 586 1410 autem
610 1383 763 1410 seditiones
789 1382 901 1409 urbana:
917 1382 1020 1417 plebis.

230 1430 347 1464 imperio
373 1437 482 1456 rursum
509 1429 620 1464 Angelis
643 1432 740 1462 erepto
754 1447 762 1460 ,
783 1428 896 1455 Alexius
914 1428 1020 1461 Ducas,

230 1479 412 1509 cognomento
423 1474 570 1501 Mnrzullus
584 1474 642 1501 sive
653 1473 862 1508 superciliosos,
873 1473 1017 1501 Nicolaum

231 1522 370 1548 Canabum
387 1521 583 1556 imperatorem
603 1528 618 1547 a
635 1520 736 1556 populo
750 1519 922 1561 designatum
936 1520 1021 1555 capit,
1034 1537 1058 1569 α

233 1568 355 1602 itemque
376 1568 487 1594 redacto
504 1566 531 1593 in
546 1571 709 1601 potestatent
723 1573 800 1593 suam
818 1566 913 1594 Alexio
926 1564 1024 1593 lsaacii

231 1615 290 1641 tilio
306 1613 357 1640 sibi
371 1602 665 1647 vindicat’imperiut‘h.
683 1611 751 1639 Cum
768 1611 811 1639 bis
824 1611 920 1639 Alexio
940 1618 1024 1638 vene-

232 1660 303 1686 nuzn‘
316 1659 501 1694 propiuasset,
514 1658 587 1693 quod
603 1658 649 1685 ille
665 1663 722 1686 tum
735 1659 824 1686 aetatis
840 1658 951 1690 robore,
965 1662 1023 1685 tum

232 1705 364 1733 antidotis
382 1705 451 1732 clam
471 1704 591 1739 sumptis
610 1704 717 1731 vicerat
733 1712 741 1730 :
756 1704 855 1739 laqueo
869 1704 979 1732 tandem
996 1704 1023 1731 ei

232 1756 327 1785 guttur
343 1750 432 1782 elidit,
449 1758 543 1777 mense
560 1750 668 1785 imperii
687 1754 776 1784 sexto,
790 1751 834 1778 dic
847 1755 955 1778 octavo.
973 1749 1025 1777 Vc-

233 1805 294 1824 rutr.
309 1805 343 1824 ne
355 1796 504 1824 Murzuﬂns
517 1796 629 1832 quidem
646 1796 717 1824 ultra
732 1795 803 1824 duos
818 1803 928 1824 menses
945 1800 973 1823 et
987 1795 1021 1822 16

233 1845 293 1871 dies
305 1843 421 1878 imperio
438 1843 543 1879 potitus
558 1847 619 1877 est,
637 1847 792 1878 expugnata
813 1850 926 1870 rursum
942 1849 956 1869 a
973 1842 1026 1870 La-

234 1890 298 1917 tinis
312 1890 379 1917 urbe
394 1898 400 1916 :
420 1890 466 1924 qui
482 1897 515 1917 ea
529 1894 620 1924 capta,
634 1889 667 1917 de
682 1897 796 1917 suorum
811 1897 956 1924 procerum
967 1898 1025 1918 .nu-

234 1944 311 1963 mcro
340 1935 504 1962 Balduiuum
530 1934 667 1962 Flandrize
684 1936 811 1962 comitem
833 1935 1025 1963 communibus

235 1981 372 2016 suffragiis
397 1981 593 2016 imperatorem
613 1981 805 2015 di-signarunt,
833 1986 958 2016 agentem
977 1989 1026 2009 au-

235 2035 300 2054 nutn
317 2026 405 2054 anatis
420 2027 464 2060 52,
482 2027 570 2054 virum
588 2026 675 2061 pium,
692 2026 847 2054 modestum
859 2049 866 2060 ,
888 2028 957 2055 adeo
976 2035 1027 2063 pu-

235 2074 341 2105 dicum,
369 2078 396 2100 ut
422 2073 565 2100 mulierem
593 2073 779 2101 inverecunde
797 2081 851 2100 non
869 2075 1024 2109 aspiceret,

235 2119 367 2153 quamdiu
390 2126 405 2145 a
427 2119 543 2154 conjuge
558 2118 670 2150 aberat,
685 2123 713 2146 et
730 2118 773 2146 bis
789 2120 909 2154 qualibet
925 2120 1027 2148 hebdo-

236 2164 317 2191 made
338 2164 447 2198 vesperi
474 2164 637 2199 proclamari
659 2164 779 2200 iuberet,
798 2174 832 2193 ne
849 2166 910 2200 quis
928 2167 955 2193 in
976 2174 1026 2194 suo

236 2210 339 2245 palatio
353 2209 478 2243 cubaret,
493 2210 539 2244 qui
555 2210 671 2237 alienatn
685 2211 828 2239 mulierem
844 2212 990 2247 attigisset.

273 2255 434 2283 Mnrzullunt
453 2256 504 2284 hoc
523 2257 678 2291 imperante
690 2257 802 2285 Alexius
818 2248 912 2285 Isaacii
930 2259 1026 2292 frater,

236 2310 318 2337 quem
340 2302 579 2337 Constantinopoli
607 2303 703 2330 relicto
733 2303 850 2338 imperio
875 2304 1028 2339 profugisse

233 2349 377 2382 dminus,
394 2349 457 2376 dolo
474 2348 707 2384 comprehensum
724 2348 877 2377 luminibus
894 2351 1001 2377 orbavit
1019 2358 1026 2376 :

235 2403 327 2430 neque
341 2395 426 2422 multo
443 2399 506 2430 post
520 2395 733 2422 excatcationem
749 2394 821 2422 idem
839 2394 986 2423 Murzuﬂns
999 2395 1027 2422 in

234 2441 399 2470 Latinorum
420 2449 518 2470 manus
541 2441 666 2474 delatus,
684 2441 845 2476 Byzantium
875 2442 1027 2474 reducitur,

233 2493 266 2515 ct
291 2488 327 2515 ob
355 2487 764 2522 dominumimperatoremque
792 2495 872 2514 suum
900 2481 1026 2515 Alexiutn

237 2534 335 2562 Isaacii
349 2534 434 2560 filintn
450 2533 549 2568 laqueo
559 2533 777 2569 strangulatum,
792 2533 962 2569 injudicium
981 2543 1029 2562 vo-

236 2584 327 2612 ratus,
341 2578 439 2613 capitis
457 2578 615 2610 damnatur,
634 2585 761 2612 novoque
781 2579 908 2613 supplicii
930 2586 1030 2613 genere

235 2627 368 2653 afficitur.
387 2625 455 2653 Nam
469 2625 496 2652 in
513 2624 675 2652 altissimam
692 2624 849 2651 columnam
866 2625 1029 2660 perductus,

237 2673 304 2700 inde
321 2673 511 2708 prxcipitatur
527 2675 580 2699 :‘cl
595 2671 756 2705 aliquandiu
774 2671 800 2698 in
815 2671 900 2706 pedes
918 2671 1033 2698 descen-

237 2721 320 2752 dens,
339 2721 437 2748 deinde
454 2720 480 2747 in
499 2723 581 2755 capttt
599 2720 750 2746 subversus
762 2738 769 2751 ,
784 2724 813 2746 ct
831 2719 906 2746 humi
926 2718 1031 2751 allisus,

241 2766 436 2794 miserabiliter
452 2765 566 2793 interiit.

1107 927 1240 954 ~llerricus
1255 925 1372 960 imperio
1387 924 1500 959 potitus,
1515 931 1577 951 cum
1593 931 1626 951 ex
1650 924 1708 950 suis
1721 922 1857 950 Orestiade

1076 973 1191 1006 relictis,
1212 971 1375 1008 Scytharum
1390 975 1418 998 et
1431 970 1596 998 Vlarhorum
1618 970 1756 998 exercitus
1771 968 1857 997 denuo

1075 1019 1168 1054 egredi
1183 1018 1305 1046 audisset
1318 1026 1326 1043 :
1338 1025 1392 1044 non
1407 1016 1528 1044 hostium
1544 1016 1721 1044 multitudine
1737 1011 1856 1049 territus,

1075 1074 1127 1094 nec
1152 1062 1327 1101 superiorum
1352 1063 1488 1090 bellorum
1516 1062 1641 1090 cladibus
1658 1066 1857 1095 consternatus,

1074 1112 1151 1139 exire
1177 1117 1232 1137 non
1260 1109 1406 1141 dubitarit,
1427 1111 1458 1134 ut
1482 1112 1510 1134 et
1534 1114 1600 1134 suos
1620 1111 1806 1137 conservaret,
1833 1111 1856 1132 et

1074 1158 1232 1185 Griecorum
1249 1155 1363 1189 reliquis
1377 1153 1548 1181 Subveniret.
1559 1152 1643 1187 Igitur
1656 1152 1856 1188 Adrianopolin

1075 1203 1223 1239 profectus,
1239 1209 1302 1228 cum
1317 1199 1435 1228 Vlachos
1453 1198 1616 1228 Latinorum
1633 1203 1801 1234 conspectu,
1814 1206 1859 1234 au-

1074 1249 1179 1276 daciatn
1204 1249 1334 1275 usitatam
1360 1252 1388 1275 et
1411 1247 1450 1275 rei
1476 1247 1603 1274 tnilitaris
1630 1247 1754 1274 habitmn
1781 1245 1857 1272 etiam

1074 1299 1135 1329 post
1150 1295 1211 1321 illas
1227 1300 1332 1330 strages
1345 1294 1536 1326 retinentium,
1552 1293 1664 1320 territos
1679 1293 1805 1320 vidisset:
1818 1298 1858 1317 us-

1073 1348 1127 1376 que
1158 1340 1192 1367 ad
1225 1340 1347 1368 thnum
1369 1345 1398 1367 et
1416 1340 1531 1367 Boream
1555 1347 1602 1366 cos
1626 1343 1669 1366 est
1696 1342 1857 1373 persecutus.

1073 1385 1140 1413 inde
1161 1393 1210 1420 per
1223 1385 1416 1420 Agathopolim
1430 1406 1438 1418 ,
1457 1384 1619 1412 Anchialum
1637 1391 1725 1418 usque
1744 1389 1860 1418 progres-

1073 1438 1130 1464 sus,
1153 1430 1246 1466 ibique
1262 1432 1360 1458 castris
1385 1431 1493 1466 positis,
1520 1435 1548 1458 et
1563 1430 1658 1457 multis
1674 1430 1755 1457 rebus
1770 1428 1857 1464 gestis,

1073 1477 1146 1505 unde
1164 1478 1305 1512 pecunias,
1322 1477 1401 1512 343
1417 1477 1552 1507 homines.
1577 1476 1715 1511 pecudum
1730 1482 1820 1510 greges
1834 1479 1858 1501 et

1073 1528 1198 1551 armenta
1213 1524 1297 1558 cepit,
1311 1523 1404 1550 salvus
1420 1521 1688 1556 Constantinopolim
1704 1521 1793 1548 rediit.

1115 1569 1224 1596 Interea
1240 1576 1317 1602 vero,
1334 1568 1399 1596 dum
1415 1567 1656 1602 Consmnlinopoli
1679 1570 1794 1602 regnant
1809 1565 1857 1592 La-

1077 1615 1140 1648 tini,
1157 1615 1321 1642 Theodorus
1336 1614 1473 1647 Lasearis,
1490 1614 1578 1641 Alexii
1595 1613 1729 1641 Comneni
1745 1614 1858 1647 impera-

1078 1662 1148 1688 toris
1168 1669 1262 1696 gcner,
1280 1662 1306 1689 iu
1319 1661 1382 1688 Asia
1399 1661 1451 1688 sibi
1476 1665 1590 1695 usurpat
1605 1661 1763 1695 imperium,
1781 1666 1856 1694 quam

1076 1715 1213 1743 occupare
1228 1707 1318 1734 Latini
1334 1708 1449 1742 propter
1459 1706 1625 1734 Vlachorum
1648 1699 1719 1733 bella
1743 1713 1794 1733 non
1812 1711 1858 1739 po—

1076 1758 1174 1781 terant.
1205 1753 1274 1781 Cum
1303 1757 1395 1780 autem
1424 1752 1536 1779 Alexius
1561 1751 1704 1779 Theodori
1729 1758 1806 1778 socer
1828 1756 1858 1776 ex

1076 1800 1187 1834 Europa
1209 1801 1235 1826 in
1253 1799 1345 1826 Asiam
1360 1798 1538 1834 profugisset,
1552 1797 1585 1825 ad
1598 1797 1766 1825 Jathatincm
1781 1797 1858 1823 sulta-

1076 1853 1153 1877 num,
1169 1844 1278 1872 Attalize
1291 1844 1442 1879 principem
1459 1850 1519 1871 sese
1534 1843 1665 1876 contulit,
1687 1847 1717 1870 ut
1740 1842 1797 1878 ejus
1811 1847 1858 1875 ope

1076 1897 1177 1925 genero
1196 1890 1277 1924 pulso
1290 1899 1310 1922 ,”
1324 1897 1417 1916 rerum
1446 1889 1504 1924 ipse
1526 1889 1674 1924 potiretur.
1705 1887 1756 1916 Sed
1772 1886 1858 1914 irritus

1078 1935 1123 1962 hic
1140 1938 1255 1961 certatus
1269 1934 1333 1966 fuit,
1349 1933 1487 1961 Jathatiue
1506 1940 1589 1963 manu
1606 1932 1745 1960 Theodori
1760 1932 1860 1959 fortiter

1076 1980 1229 2016 prwliantis
1254 1980 1431 2015 interempto.
1455 1979 1537 2007 'Cunt
1559 1980 1642 2008 annis
1658 1980 1691 2008 i8
1707 1978 1858 2007 Theodorus

1077 2026 1252 2061 imperasset,
1280 2031 1386 2053 natura:
1415 2025 1540 2052 debitum
1573 2025 1726 2060 persolvit:
1763 2024 1858 2052 Joanne

1076 2074 1161 2104 Duca,
1178 2072 1225 2107 qui
1248 2072 1330 2099 filiam
1344 2073 1404 2108 ejus
1423 2073 1519 2099 lretten
1545 2071 1573 2099 iu
1592 2071 1767 2099 matrimonio
1781 2069 1858 2097 habe-

1077 2118 1132 2150 bat,
1152 2125 1313 2145 succcssore
1328 2117 1481 2152 designato.

1110 2164 1232 2192 Henrico
1247 2168 1337 2191 autent
1354 2164 1518 2198 imperatore
1536 2161 1860 2196 mortuorltobertusim-

1043 2210 1066 2240 D
1080 2211 1157 2247 pcrio
1175 2210 1280 2246 potitus
1307 2215 1359 2243 est,
1378 2210 1438 2245 ejus
1458 2217 1492 2237 ex
1518 2210 1624 2238 lolanta
1648 2217 1744 2238 sorore
1765 2214 1859 2242 nepos:

1080 2256 1128 2292 qui
1141 2257 1243 2284 frustra
1255 2256 1390 2284 Joannem
1406 2257 1585 2291 oppugnavit,
1602 2256 1724 2292 trajectis
1738 2255 1763 2282 in
1775 2253 1859 2281 Asiam

1080 2302 1168 2338 copiis
1182 2301 1329 2329 Lascarum
1347 2301 1465 2329 duorum
1482 2309 1576 2332 causa,
1593 2302 1640 2336 qui
1658 2309 1687 2328 se
1700 2299 1796 2327 .loanni
1814 2305 1860 2333 pu-

1085 2350 1181 2376 tabant
1205 2349 1318 2376 omnino
1343 2347 1530 2383 pra‘ferendos
1553 2355 1624 2374 esse.
1655 2347 1787 2375 Paulatim
1802 2351 1860 2372 vero

1083 2394 1206 2430 potentia
1220 2393 1336 2420 Joannis
1356 2393 1454 2425 crevit,
1474 2392 1501 2419 in
1520 2392 1657 2427 Europam
1671 2391 1861 2423 Thraciamque

1082 2441 1203 2469 lloberto
1225 2441 1367 2475 parentem
1396 2439 1577 2474 trajieicntis:
1610 2439 1682 2466 unde
1705 2437 1813 2468 factum,
1836 2438 1862 2460 ut

1081 2495 1096 2515 e
1112 2486 1238 2522 Bulgaria
1253 2486 1335 2521 legati
1351 2485 1384 2512 ad
1406 2492 1470 2512 eum
1497 2485 1685 2515 mitterentur,
1712 2487 1765 2510 tam
1794 2479 1861 2515 pacis

1083 2532 1241 2567 expetenda:
1257 2540 1351 2564 causa,
1370 2539 1453 2565 quam
1469 2536 1499 2558 ut
1518 2529 1695 2565 imperatoris
1712 2528 1767 2555 filio
1780 2525 1865 2553 Theo-

1083 2580 1162 2611 doro,
1179 2579 1286 2606 Helena:
1313 2579 1413 2605 Asanis
1435 2577 1566 2613 junioris,
1595 2576 1771 2610 Bulgarorntn
1794 2571 1862 2607 prin-

1084 2626 1165 2661 cipis,
1180 2626 1241 2653 filia:
1257 2625 1369 2660 nuptias
1385 2624 1529 2651 offerrent.
1558 2623 1597 2650 Ea
1611 2622 1712 2655 legatio
1726 2624 1780 2647 rata
1806 2617 1861 2647 fuit.

1085 2677 1111 2699 et
1127 2671 1266 2706 congressi
1282 2672 1353 2698 circa
1367 2670 1568 2698 Chersonesum
1585 2669 1734 2703 imperator
1749 2669 1775 2692 et
1787 2664 1862 2691 Asan.

1090 2718 1220 2745 lli-lenam
1241 2717 1338 2743 Asauis
1357 2716 1440 2743 filiam
1458 2716 1552 2742 decem
1568 2721 1656 2741 annos
1672 2717 1770 2743 natam,
1786 2709 1863 2743 imper

1089 2763 1189 2790 ratoris
1205 2763 1260 2789 lilio
1276 2762 1412 2797 itnpubcri
1429 2761 1530 2795 adhuc,
1547 2759 1692 2789 Theodoro
1707 2757 1810 2787 Lasoari
1822 2754 1862 2789 λα’

278 2858 315 2892 (l)
330 2858 357 2885 ld
374 2864 414 2886 cst
430 2858 575 2887 Blescnsis.
601 2857 669 2886 Vide
692 2857 840 2893 Grcgoram
855 2865 882 2894 p.
902 2856 932 2884 li
946 2877 953 2892 ,
968 2864 1029 2885 cum
1049 2857 1091 2884 Dn
1108 2856 1202 2892 Caugii
1220 2860 1293 2882 nota.
1309 2855 1388 2884 Eum
