1960 3075
96 137 148 170 ϐ37

772 133 1050 164 ’(ΣΟΝΊΊΝΗΑΤΙΟ.

1672 132 1727 163 638

98 192 181 225 niori,
216 190 379 225 espondeut.
410 189 435 216 is
459 189 590 222 deinceps
606 191 715 215 mortuo
735 189 817 222 patri,
840 189 888 221 qui
903 189 925 217 Α
941 188 1077 220 Tertium,
1095 191 1124 214 ut
1136 187 1176 214 illi
1193 186 1364 222 principatus
1378 185 1405 213 in
1423 185 1551 213 omnibus
1562 185 1726 213 deferretur.

97 239 132 265 55
147 237 228 264 annis
241 236 375 272 regnavit,
388 234 416 262 in
436 235 552 270 imperio
570 234 702 261 sutl'cctus
718 239 777 261 est:
795 241 885 268 neque

97 284 144 310 diu
162 290 253 310 rerum
272 282 388 317 potitus,
409 281 515 308 Joanne
539 281 605 311 lilio.
625 287 673 307 sex
700 287 786 306 annos
808 284 885 311 nato,

83 329 207 366 duerede
225 328 332 360 relicto,
349 327 458 354 vivendi
472 326 553 353 linem
572 326 646 353 fecit.

132 374 282 401 Michaelus
306 377 398 401 autem
429 373 615 407 Palaeologus,
641 371 687 405 qui
720 370 885 406 jamdudum

96 420 179 446 etiam
198 419 261 446 vivo
275 418 422 445 Theodoro
438 426 483 445 res
496 426 581 444 novas
597 418 708 445 nrolitus
734 417 833 448 fuerat.
859 418 886 444 in

97 473 126 491 se
141 472 233 492 rerum
251 471 358 491 summa
375 465 517 496 translata,
532 463 666 490 Joannem
679 463 765 490 oculis
778 463 888 497 spoliat.

99 511 281 545 llecuperavit
296 510 369 537 idem
380 509 660 544 Constantinopolim,
676 509 720 536 cui
736 513 791 536 tum
807 516 889 543 quar-

99 559 143 582 t.‘.s
165 562 198 582 ex
227 554 353 582 Flandris
380 555 529 589 inrperator
557 559 671 589 prwcrat
688 574 695 586 ,
737 554 889 582 Balduinus

98 600 250 631 secundus,
270 601 383 628 ltoberti
396 602 452 637 jam
470 600 572 628 mortui
590 602 684 628 frater.
714 601 809 636 itaque
825 609 889 628 rur-

97 654 146 673 sus
162 646 270 681 imperii
285 647 373 673 forma
391 647 514 681 quaedam
526 655 573 681 per
588 647 749 674 Michaclum
764 652 805 674 est
822 655 889 674 con-

98 692 206 724 stituta,
226 684 331 719 Latinis
346 700 461 727 prorsus
478 700 512 719 ex
530 693 690 721 Cratcoruur
707 693 811 721 ditione
829 694 891 728 pul-

97 740 148 770 sis.
161 743 259 772 printer
278 739 362 766 exiles
379 739 519 774 reliquias,
538 738 565 766 in
590 739 782 774 Peloponneso
799 739 891 767 adhuc

99 785 245 812 ltiEI'CDICS.
263 784 387 820 Cumque
398 793 452 812 non
470 789 577 817 tutum,
595 792 646 812 nec
660 785 718 819 paci
736 792 891 812 accommo-

98 831 192 856 datum
219 837 280 857 esse
297 830 440 857 videretur
461 829 605 861 Michaelo,
636 830 744 856 turbam
760 829 889 864 opilieurn

100 880 128 902 et
143 880 340 908 mercatorum,
353 883 386 903 ex
405 874 517 902 Venetis
529 875 688 910 Pisanisque
706 879 890 907 constantenr,

98 929 161 955 qua:
175 921 259 956 pulsis
283 921 391 948 Latinis
407 928 588 953 remanserat,
616 921 687 948 intra
717 921 811 948 urbeur
836 929 890 948 una

91 975 162 993 cum
186 967 378 997 Genuensibus
393 987 400 998 ,
431 968 572 1001 perpetuis
597 967 719 1002 ipsorum
752 967 891 999 hostibus,

99 1013 223 1047 degere,
241 1012 370 1040 'Galatam
404 1012 597 1040 Ceuuensibus
625 1013 783 1048 aSsignavit,
811 1020 826 1039 e
850 1020 892 1039 re-

97 1057 181 1091 gione
199 1057 292 1089 sitam,
310 1057 442 1084 mercium
458 1057 630 1084 immunitate
650 1065 793 1090 concessa,
809 1065 890 1092 quam

99 1108 180 1130 antea
196 1110 307 1138 quoque
322 1104 504 1138 promiserat,
530 1103 605 1130 ‘urbc
628 1103 747 1130 nondum
774 1104 889 1138 potitus,

101 1147 124 1173 si
141 1156 190 1182 per
212 1155 259 1174 eos
286 1148 313 1174 in
341 1148 385 1175 illa
404 1148 590 1183 recuperanda
610 1148 766 1183 juvarclur.
800 1149 891 1176 Mitte-

95 1193 203 1219 -bantur
221 1193 264 1220 his
289 1194 466 1228 magistratus
493 1194 575 1221 domo
598 1194 683 1221 certis
709 1195 888 1229 temporibus,

101 1238 149 1273 qui
173 1239 218 1274 jtrs
242 1239 378 1271 dicerent.
406 1239 519 1274 suisque
545 1244 702 1274 pra-essent.
731 1241 770 1267 Ac
794 1240 889 1268 Veneti

100 1284 213 1318 quidem
225 1286 309 1311 'sunm
327 1284 501 1319 appellabant
519 1284 639 1311 Balivurn
651 1286 707 1312 sive
722 1291 888 1318 curatorem,

101 1329 193 1357 Pisani
209 1330 361 1362 consulem,
378 1330 538 1357 Genucuscs
554 1331 732 1358 Potestatem.

138 1376 287 1403 Balduinus
310 1376 428 1404 Flander
445 1396 452 1409 ,
483 1377 606 1410 periculo
637 1375 890 1411 Constantinopoli-

103 1427 167 1450 tano
180 1422 313 1450 liberatus
328 1422 486 1457 eteiapsus,
504 1423 529 1449 in
543 1422 648 1449 Italiam
666 1430 729 1450 cum
744 1423 889 1456 pervenis-

94 1473 162 1500 ‘set,
182 1476 244 1496 cum
259 1476 321 1503 rege
336 1468 518 1505 Neapolitano
533 1468 642 1500 Carolo,
656 1468 796 1495 Gallorum
817 1469 888 1503 regis

943 233 1012 260 llttie
1029 233 1184 260 concordia:
1199 233 1334 267 principio
1349 232 1487 268 Byzantini
1499 232 1726 264 advrrsabantur,

941 279 989 306 Sed
1012 279 1142 314 paulatim
1166 279 1261 307 mitius
1276 287 1398 311 sensere,
1417 284 1512 313 postca
1529 286 1612 312 quant
1629 278 1727 304 Joanui

943 325 1013 352 Bcco
1038 325 1247 360 Chartoplrylaci
1272 325 1389 352 fuissent
1423 325 1536 352 cxbibiti
1568 324 1730 359 Blcmntyda:

942 373 1088 407 Nicephori
1116 372 1190 403 libri,
1215 372 1262 406 tpri
1288 372 1321 399 de
1346 372 1442 399 iisdem
1470 372 1602 399 adversus
1617 371 1731 399 Latinos

941 418 1138 445 controversiis
1160 418 1266 445 Joanne
1292 419 1364 445 Duca
1395 419 1551 453 imperante
1577 418 1729 451 consultus,

944 463 1028 490 multa
1041 464 1199 498 scripserat.
1221 464 1276 490 lloc
1291 464 1374 491 modo
1390 464 1502 496 factum,
1521 470 1550 491 ιιι
1562 465 1660 495 Becus,
1678 465 1726 499 qui

945 508 1048 535 dudum
1064 509 1196 536 acerrime
1209 508 1313 536 Latinis
1324 508 1533 542 adversabatur,
1548 514 1649 535 nmtata
1666 517 1730 536 sen-

944 554 1041 587 tentia,
1055 554 1199 581 victoriam
1218 553 1321 581 faceret
1336 554 1492 589 ambiguam
1505 573 1513 586 ,
1533 554 1731 589 patriarcltico—

945 607 999 634 que
1015 599 1086 627 solio
1102 607 1264 632 conscenso,
1277 599 1309 627 ad
1325 600 1450 627 intimam
1470 600 1645 635 imperatoris
1661 600 1729 627 artri-

945 645 1037 673 citiam
1051 645 1256 673 admitteretur.

983 690 1094 718 Mortuo
1113 696 1203 718 autent
1231 690 1377 723 Michaelo,
1406 690 1580 718 Andronicus
1608 691 1679 718 filius
1705 691 1732 719 in

945 736 1063 771 imperio
1079 737 1231 765 successit:
1255 745 1310 772 quo
1323 743 1471 772 regnante,
1485 737 1638 764 Tureorum
1655 737 1733 772 prin-

940 781 1031 816 \cipcs,
1049 781 1211 809 Carmanus
1234 771 1388 814 Alisnrius,
1407 782 1576 814 Sarclrancs.
1595 783 1731 816 Calaures,

946 828 1075 860 Cerasus,
1088 828 1185 855 Atman
1201 828 1258 863 (qui
1273 833 1301 856 et
1318 829 1479 863 Oiomanusy
1499 829 1660 864 Ammiitlue
1673 830 1731 862 lilii,

944 874 1103 909 provincias
1124 874 1259 902 Asiaticus
1286 875 1389 902 Cnet-is
1417 875 1570 909 ademptas,
1602 875 1674 902 itrtcr
1702 883 1733 902 se

942 919 1034 953 partiti
1049 924 1124 956 sunt.
1139 919 1280 947 Adversus
1297 920 1348 947 hos
1360 920 1486 947 arcessiti
1503 926 1569 948 sunt
1582 928 1613 947 ex
1632 921 1731 955 llispa-

942 966 987 993 nia
1011 965 1134 994 Catelani
1163 965 1301 994 itonzerio
1325 966 1418 998 'duce,
1449 959 1554 1000 magiris
1585 967 1732 1000 promissis

942 1012 1073 1046 praemiis,
1088 1012 1110 1038 si
1130 1011 1237 1039 Turcos
1248 1020 1262 1039 a
1275 1012 1433 1040 Grzecorum
1451 1012 1551 1039 finibus
1562 1018 1730 1040 averterent.

941 1056 1008 1084 Curti
1028 1062 1119 1084 autern
1138 1065 1167 1084 re
1192 1062 1290 1085 contra
1305 1057 1410 1085 Tuvcos
1435 1058 1552 1086 feliciter
1576 1065 1661 1096 gesta,
1677 1067 1730 1086 non

940 1098 1154 1131 numera'rentur
1169 1104 1210 1131 eis
1222 1101 1372 1138 stipendia,
1386 1105 1421 1131 de
1433 1105 1534 1139 quibus
1547 1111 1710 1133 convenerat
1723 1114 1730 1132 :

941 1149 1083 1177 conversis
1094 1150 1121 1177 in
1136 1149 1210 1185 ipsos
1225 1151 1334 1177 Graecos
1348 1151 1444 1183 armis,
1456 1151 1537 1187 344
1546 1152 1635 1179 Asiam
1647 1152 1732 1187 ιιι-ρο.

940 1197 1037 1231 putati,
1048 1204 1144 1223 rursus
1157 1197 1184 1223 in
1198 1197 1333 1231 Europam
1344 1197 1521 1231 trajecevunt.
1534 1198 1657 1233 Currrque
1668 1199 1731 1225 Cal-

941 1241 1037 1277 liupoli
1054 1248 1201 1277 occupata,
1216 1243 1386 1270 Ronzerium
1402 1243 1518 1271 Caesaris
1534 1245 1638 1272 honore
1655 1245 1731 1279 prius

939 1289 973 1315 ab
1002 1289 1168 1323 imperatore
1191 1295 1328 1320 ornatum,
1360 1289 1393 1316 ad
1417 1291 1576 1324 postulanda
1594 1291 1731 1325 stipendia

939 1343 987 1361 sua
1003 1334 1186 1367 Orestiadenr,
1205 1335 1250 1362 ubi
1266 1335 1414 1363 Micbaclus
1426 1337 1572 1364 Andronici
1592 1333 1662 1364 filius
1683 1337 1734 1363 int-

939 1384 1049 1413 perator
1062 1379 1221 1413 designatus
1236 1380 1262 1407 id
1274 1381 1409 1414 temporis
1420 1381 1526 1415 agebat,
1542 1381 1730 1415 abiegnast-nt:

935 1427 1014 1462 jussu
1031 1424 1157 1452 Michacli
1172 1425 1324 1453 lionzerius
1347 1425 1380 1452 ad
1410 1426 1496 1460 ipsam
1512 1427 1613 1459 regiam
1628 1426 1732 1454 Cra-cis

939 1477 954 1496 a
976 1470 1110 1511 militibus
1134 1475 1177 1497 est
1200 1470 1394 1505 interemptus.
1411 1470 1468 1504 Qua
1495 1471 1568 1498 ca'de
1595 1473 1730 1504 nuntiata,

102 1515 198 1547 fratre,
225 1514 272 1549 qui
294 1514 480 1541 Conradinunr
506 1513 626 1549 Su’evurn
656 1514 808 1549 legitimum
829 1515 889 1550 t'jtts
903 1523 926 1554 ρ
941 1514 1063 1543 Catelani
1084 1522 1144 1542 sese
1170 1515 1243 1542 bello
1260 1523 1366 1557 parare,
1383 1516 1540 1543 Graecorum
1570 1516 1641 1543 burnt
1666 1517 1733 1544 diri-

97 1560 240 1587 -h:credem
278 1560 352 1594 regni
387 1559 555 1592 trucidarat,
587 1559 747 1586 allinitatcrn
768 1559 888 1594 .junxit,

103 1607 176 1633 itlius
200 1606 254 1632 lilia
271 1605 326 1632 lilio
344 1613 394 1632 suo
409 1605 556 1640 desponsa,
573 1612 687 1640 sperans
704 1605 765 1640 ejus
786 1605 890 1640 opibus

102 1651 403 1685 seCunstantinopolim
419 1654 655 1685 recuperaturum.
685 1649 738 1677 Sed
754 1658 786 1677 ea
805 1650 887 1685 cupi-

102 1698 173 1724 ditas
184 1703 264 1732 atque
281 1702 394 1724 conatus
406 1697 498 1724 irritus
511 1697 623 1723 omnino
643 1697 703 1723 luit.
734 1697 888 1732 lmpcrante

101 1744 264 1778 Palamlogn,
280 1743 315 1770 25
327 1735 370 1770 die
380 1742 454 1775 Maii,
472 1743 534 1769 anni
551 1742 631 1774 6775,
646 1743 697 1769 sub
712 1743 808 1770 lrorarn
823 1747 889 1770 ante

103 1791 245 1817 meridiem
262 1790 380 1820 tertiam.
401 1791 464 1817 luna
480 1791 565 1817 solem
590 1790 758 1823 obscuravit,
783 1790 889 1825 fuitque

99 1833 161 1863 tota
176 1837 288 1871 eclipsis
302 1841 470 1871 punctorum
487 1836 545 1863 fere
564 1836 606 1863 l2.
626 1835 720 1862 Tanta:
733 1840 824 1864 autem
839 1836 891 1863 sub

97 1884 164 1917 ejus
177 1882 298 1910 medium
313 1887 380 1909 orta:
395 1887 461 1911 sunt
482 1882 614 1915 tenebrat,
629 1886 659 1909 ut
685 1882 778 1909 multa:
805 1882 890 1910 stella:

102 1932 286 1963 apparerent:
311 1935 372 1962 qua:
395 1927 525 1954 nimirum
548 1927 680 1954 maximas
704 1927 890 1954 Romanorum

103 1973 283 2004 calamitates,
299 1981 314 2000 a
339 1972 437 2000 Turcis
462 1972 649 2004 imminentes,
676 1971 888 2007 portendebant.

102 2018 262 2046 Secundum
281 2021 336 2044 tunc
359 2018 510 2052 itnpcrator
527 2017 685 2044 Andronico
711 2017 766 2046 lilio
782 2019 890 2046 Annam

103 2063 271 2090 Pannoniam
291 2062 453 2097 despondet,
477 2062 614 2096 simulque
631 2063 720 2098 ipsuru
737 2063 890 2098 insignibus

103 2107 213 2142 imperii
228 2111 320 2139 ornat,
340 2114 403 2133 curtr
422 2106 597 2141 promisisset
619 2107 683 2134 dato
696 2107 887 2142 jurejurando,

101 2162 132 2181 se
152 2153 197 2188 pie
213 2158 405 2180 vcncraturum
423 2152 582 2185 Ecclesiam,
603 2157 630 2179 ct
642 2152 784 2187 privilegia
803 2153 890 2188 ipsius

943 1568 1020 1595 pere,
1041 1560 1185 1588 Thraciam
1205 1561 1358 1596 pervagari,
1372 1561 1536 1589 Micltaclunt
1553 1567 1647 1596 aperto
1664 1569 1732 1596 prm-

941 1606 980 1633 lio
997 1606 1030 1633 ad
1057 1605 1162 1640 Aprum
1181 1605 1286 1640 (oppidi
1314 1606 1366 1633 hoc
1386 1607 1413 1633 irt
1429 1606 1546 1633 Thracia
1561 1615 1659 1634 nonrcn
1677 1607 1732 1640 est)

942 1656 1077 1684 sternere,
1093 1651 1207 1678 victoria
1228 1651 1288 1679 freti
1306 1651 1490 1679 Macedoniam
1518 1652 1659 1684 invadere,
1682 1660 1730 1679 su-

941 1697 1099 1732 peratisque
1122 1698 1265 1725 montibus
1291 1701 1318 1724 et
1342 1698 1524 1730 convallibus,
1552 1706 1612 1732 qua:
1628 1698 1731 1733 Tempe

941 1749 1145 1778 nuncttpantur,
1167 1744 1193 1770 in
1206 1744 1379 1772 Thessaliam
1395 1744 1510 1771 irruere.
1539 1744 1607 1770 Cum
1639 1749 1730 1770 autem

943 1790 1058 1817 minime
1071 1790 1246 1817 lacessendos
1262 1789 1386 1817 Thessali
1400 1789 1545 1821 Catelaunos
1565 1795 1729 1822 statuerent,

942 1836 1015 1863 datis
1031 1836 1157 1871 pecuniis
1172 1841 1200 1863 et
1214 1836 1263 1864 vite
1279 1836 1398 1863 ducibus
1412 1836 1574 1871 impetrant,
1593 1842 1622 1863 ut
1635 1844 1729 1864 corum

942 1883 1044 1911 finibus
1060 1883 1252 1911 excederent.‘

976 1929 1061 1963 Igitur
1080 1929 1108 1956 iu
1122 1929 1254 1956 Bmotiam
1277 1928 1371 1960 delati,
1387 1928 1420 1956 ab
1434 1928 1602 1956 Athenarum
1624 1929 1733 1956 Theba-

941 1983 1057 2010 rumque
1075 1975 1144 2003 duce
1164 1975 1309 2002 transitum
1326 1983 1374 2010 per
1386 1976 1446 2010 ejus
1461 1975 1528 2013 lines
1543 1980 1668 2010 pacatum
1683 1984 1731 2011 pc-

943 2025 1014 2049 tunt.
1029 2022 1077 2049 ille
1092 2029 1153 2049 cum
1172 2022 1245 2048 fastu
1270 2027 1298 2048 et
1313 2021 1405 2048 derisu
1422 2020 1561 2048 Catelanis
1576 2029 1730 2056 eorumque

942 2068 1088 2103 postulatis
1104 2068 1218 2102 spretis,
1233 2075 1283 2102 per
1299 2072 1461 2094 autumnum
1479 2072 1506 2095 ct
1524 2067 1642 2094 lrictncm
1658 2069 1730 2095 vires

942 2121 1006 2140 suas
1024 2113 1057 2141 ad
1071 2121 1119 2141 ver
1135 2121 1221 2148 usque
1245 2113 1360 2148 colligit.
1394 2113 1487 2148 itaque
1507 2113 1629 2140 Catelani
1654 2114 1729 2141 veris

943 2159 1020 2186 initio
1036 2167 1089 2186 non
1107 2159 1201 2194 procul
1217 2167 1232 2186 a
1247 2159 1364 2194 Cephiso
1380 2159 1492 2186 ﬂumine
1505 2159 1603 2187 castris
1620 2160 1728 2194 positis,

102 2199 235 2226 inviolata
262 2202 508 2230 conservaturum,
535 2197 606 2232 patri
629 2201 721 2224 autem
747 2205 888 2232 nunquam

943 2206 1050 2233 hOStem
1067 2192 1293 2240 opperiebantur.
1317 2206 1402 2233 Erant
1415 2214 1512 2234 eortrm
1526 2192 1633 2242 equites
1648 2207 1728 2239 3500,

101 2245 311 2273 insidiaturum.

137 2291 207 2318 Cum
225 2294 315 2317 autern
336 2289 452 2317 Carolus
468 2296 519 2323 rex,
532 2288 661 2324 Neapolis
678 2296 792 2324 magnos
807 2295 889 2323 appa-

102 2345 180 2365 ratus
201 2336 303 2364 faceret
325 2336 352 2362 in
367 2335 482 2370 gratiam
503 2334 630 2362 Balduini
649 2333 770 2366 Flandri,
788 2333 890 2361 Pal-.eo-

102 2385 181 2419 logus
203 2381 355 2410 domestica
373 2381 400 2408 in
428 2381 505 2408 illunr
524 2380 596 2407 bella
613 2381 772 2412 commovit,
791 2387 889 2414 magna

103 2429 221 2465 pecunia
238 2428 372 2460 liuititnis,
389 2427 482 2454 Siculo
507 2435 569 2461 rege
596 2434 628 2454 ae
645 2427 764 2458 Venetis,
782 2426 815 2453 ad
832 2425 890 2455 bel-

104 2478 160 2504 lum
178 2477 217 2503 illi
235 2475 391 2502 faciendum
408 2475 564 2502 concitatis.
583 2474 718 2502 Praeterea
734 2475 837 2510 legatos
854 2474 888 2501 ad

104 2530 201 2558 papam
219 2522 315 2552 mittit.
339 2521 374 2548 de
390 2521 509 2548 ineunda
537 2521 637 2548 veteris
653 2525 680 2548 et
701 2529 778 2548 nova:
794 2521 889 2548 “ornat

106 2559 289 2597 l‘lccleslarum
305 2568 466 2600 concordia,
484 2567 566 2594 modo
581 2567 604 2594 is
627 2567 719 2594 Caroli
734 2567 888 2607 expeditio-

105 2623 168 2643 nem
189 2619 335 2642 atertcret.
362 2614 395 2641 Et
409 2613 548 2648 legatione
560 2621 575 2640 a
593 2621 661 2648 papa
679 2613 796 2647 benigne
810 2613 889 2641 audi-

106 2666 141 2692 ta,
158 2660 312 2688 concordia:
325 2660 446 2687 rationes
460 2659 534 2686 initae
548 2664 622 2690 sunt.
643 2659 721 2694 cujus
739 2659 796 2693 haec
811 2659 888 2686 luere

106 2707 211 2742 capita:
233 2706 363 2738 Primum,
377 2710 406 2732 ut
431 2706 459 2732 in
485 2713 626 2732 sacrorum
650 2704 820 2732 voluminum
839 2705 889 2741 hy-

106 2753 224 2779 nnmdiis
248 2760 324 2786 papa:
357 2759 420 2779 cum
453 2756 572 2786 quatuor
595 2750 758 2786 patriam-iris
786 2753 888 2779 mentio

107 2798 193 2825 ﬁeret.
214 2797 350 2830 Alterum,
367 2802 397 2824 ut
410 2797 507 2824 liceret
522 2797 609 2824 cuivis
628 2797 741 2823 Romam
756 2802 887 2829 veterem,

107 2851 166 2874 trux
190 2844 266 2872 curia
290 2844 375 2879 major
403 2847 430 2871 ct
457 2843 604 2878 perfectior
628 2847 710 2878 esset,
738 2843 886 2878 appellare.

941 2252 1065 2287 peditum
1080 2251 1161 2278 4000.
1178 2252 1247 2278 Dum
1264 2251 1384 2278 hostium
1398 2254 1544 2279 adventum
1559 2259 1728 2288 exspectant,

940 2305 1047 2325 omnem
1067 2297 1140 2324 illam
1159 2301 1261 2324 terram
1276 2302 1366 2329 arant,
1393 2297 1438 2324 ubi
1459 2305 1580 2332 pugnare
1601 2299 1730 2325 decreve-

941 2347 1023 2376 rant;
1040 2342 1139 2370 deinde
1150 2342 1270 2369 obducto
1284 2342 1365 2374 vallo,
1376 2346 1404 2370 et
1420 2343 1490 2369 actis
1507 2343 1618 2371 flumine
1635 2343 1727 2376 fossis,

942 2392 1024 2416 totam
1041 2388 1182 2422 planitiem
1210 2388 1250 2415 sic
1276 2387 1403 2423 irrigant,
1427 2391 1457 2415 ut
1479 2392 1628 2423 stagnaret.
1659 2388 1729 2416 Vere

941 2434 1032 2461 medio
1049 2434 1169 2469 regionis
1185 2433 1316 2469 princeps
1329 2441 1390 2460 eum
1405 2435 1512 2469 magnis
1524 2434 1611 2468 copiis
1622 2434 1728 2467 aderat,

940 2482 1065 2514 equitum
1082 2480 1152 2506 6400
1163 2500 1171 2513 ,
1189 2479 1314 2514 peditum
1334 2480 1452 2515 amplius
1469 2480 1538 2507 8c00
1553 2481 1668 2508 ducens.
1697 2480 1730 2507 Et

939 2532 999 2554 erat
1015 2526 1101 2561 ipsius
1117 2526 1210 2561 opinio
1225 2526 1435 2561 arrogantiaque
1450 2527 1530 2561 longe
1546 2528 1643 2561 major.
1661 2526 1729 2561 Spe-

940 2573 1019 2600 rabat
1033 2573 1117 2605 enim,
1144 2579 1173 2599 se
1186 2572 1325 2600 Catelanis
1344 2574 1436 2605 victis,
1455 2574 1548 2600 omnia
1564 2573 1727 2609 Byzantium

940 2626 1027 2653 usque
1053 2625 1130 2645 suam
1154 2618 1181 2645 in
1197 2622 1363 2653 potestatem
1387 2619 1575 2647 redacturum.
1603 2619 1728 2653 Cumque

940 2664 1084 2698 planitiem
1107 2664 1181 2691 inter
1195 2672 1260 2692 suos
1275 2670 1302 2692 ct
1319 2665 1412 2692 hostes
1425 2665 1595 2700 interjcctatn
1607 2685 1614 2696 ,
1641 2665 1727 2691 multo

939 2710 1063 2744 gramine
1078 2710 1211 2738 virentem
1236 2711 1436 2746 conspexisset,
1464 2711 1534 2738 nihil
1553 2718 1649 2737 eorum
1665 2718 1726 2745 qua:
1765 2742 1770 2744 _

940 2758 999 2781 acta
1018 2759 1106 2787 erant,
1124 2756 1286 2790 suspicatus,
1314 2764 1376 2783 curn
1390 2755 1531 2791 equitibus
1552 2755 1580 2782 in
1599 2763 1648 2782 eos
1669 2756 1726 2782 fer-

941 2804 995 2833 tur,
1008 2806 1083 2828 cxtra
1095 2810 1220 2836 campum
1237 2802 1262 2828 in
1277 2802 1417 2837 procinctu
1432 2806 1546 2829 stantes.
1568 2801 1620 2828 Sed
1633 2802 1728 2836 prius-

942 2855 1024 2879 quam
1051 2848 1134 2875 Attici
1165 2847 1281 2876 mediam
1305 2847 1337 2875 ad
1365 2847 1509 2883 planitiem
1536 2849 1726 2884 pervenirent,
