1960 3075
208 135 260 168 639

733 133 944 165 MICHAELIS
966 133 1094 164 GLYC/E
1115 132 1314 163 ANNALIUM

1789 129 1840 161 δυ

209 192 273 226 equi
296 192 379 218 veluti
408 191 525 218 vinculis
549 190 684 225 impediti,
703 189 853 217 madefacta
872 194 944 217 terra
963 189 997 216 ad
1013 194 1034 222 Α
1050 189 1132 221 filius,
1150 189 1195 223 qui
1215 189 1310 223 legatis
1328 186 1361 213 ad
1386 187 1542 214 Amttratem
1570 184 1677 218 missis,
1695 193 1790 220 pacem
1808 191 1839 212 ac
1875 183 1882 187 “

211 245 333 271 gressum
348 237 526 264 audaciorem
542 236 705 264 subsidente
718 255 725 268 ,
743 235 842 269 partim
862 242 917 262 una
936 242 998 261 cum

211 284 350 318 equitibus
374 284 401 310 itt
426 284 486 310 luto
501 283 681 314 volutantur,
706 283 804 316 partint
822 282 855 312 iis
876 281 999 308 excussis

212 333 315 356 temere
331 329 358 355 in
375 336 472 362 eampo
489 327 628 359 feruntur,
645 327 745 362 partim
761 327 876 361 pedibus
893 325 1000 353 demer-

211 374 249 400 sis
261 373 356 401 ordine
374 374 509 401 astabant.
527 373 634 405 Quibus
647 373 729 400 rebus
740 372 853 399 animati
865 371 998 402 Catelani,

213 420 273 447 telis
290 420 382 447 hostes
399 420 602 447 circumventos
629 418 819 446 internecione
844 417 946 449 delent,
972 421 1000 444 et

212 473 276 491 (‘ulll
292 466 415 500 equitatu
433 465 567 500 fugientes
583 464 692 491 Thebas
717 471 748 490 ae
769 463 890 491 Athenas
908 464 1012 498 usque

215 511 363 543 persecuti,
383 511 467 537 urbes
494 511 567 545 ipsas
586 518 647 537 cutn
664 510 763 544 opibus
777 529 784 541 ,
807 509 941 536 uxoribus
973 512 1001 536 et

213 555 308 582 liberis
328 556 449 582 hostium
467 559 499 582 cx'
516 555 667 590 improviso
682 555 806 590 capittnt.

249 598 389 626 Caeterum
407 605 517 626 mortuo
531 600 586 626 lilio
602 600 751 630 ldichaelo,
762 598 936 626 Andronicus
951 604 1000 624 ne-

214 650 305 678 potem
324 653 356 671 ex
373 653 406 672 eo
421 653 500 672 suum
514 665 521 677 ,
539 645 727 672 Andronicum
744 645 882 680 iuniorem
895 664 903 676 ,
919 644 1000 679 longe

214 691 267 716 sibi
288 690 491 723 charissimtttn,
505 691 701 725 imperatorem
715 691 878 726 designavit.
897 690 921 717 Is
936 697 1002 717 vero

215 735 372 762 dominandi
398 736 512 763 libidine
529 736 639 768 ductus,
659 743 750 767 .avum
775 737 856 770 longo
877 740 1002 770 tempore
1041 739 1043 741 '

214 782 296 808 variis
310 783 439 810 mrutnnis
455 790 585 810 exercere
602 790 656 809 non
673 782 772 814 desiit,
789 782 877 809 donec
891 782 917 808 ei
936 785 1000 808 tan-

216 827 276 854 dem
293 827 436 862 imperium
452 832 640 862 extorqueret.
668 827 727 860 Quo
751 827 834 860 facto,
863 827 1002 855 euslodie-

216 874 296 900 batur
314 874 342 901 in
361 873 462 908 palatio
477 874 569 900 senior
584 874 770 905 Attdrottieus,
786 881 897 908 praeque
923 873 1001 900 senio

215 918 410 951 perpetuisque
437 917 572 945 tnolestiis
599 922 627 944 et
649 918 775 953 laerymis
801 919 901 945 amisso
929 918 1001 950 vilu,

217 962 399 996 qttorutttdam
416 963 569 989 aulicorum
586 963 748 998 intemperia
764 968 934 998 postremum
953 964 1003 990 ha-

215 1006 274 1034 bitu
286 1008 438 1034 monastico
453 1008 588 1040 induitur,
607 1013 767 1043 mutatoque
784 1009 905 1041 nomine,
927 1009 1003 1036 dein-

216 1061 284 1087 ceps
315 1054 426 1080 Atttouii
455 1054 665 1089 appellationem
688 1055 797 1089 accipit.
824 1054 1004 1089 Posteaquam

217 1098 250 1124 ad
276 1106 305 1125 se
325 1099 511 1126 transtulisset
537 1098 681 1134 imperium
699 1099 875 1130 Andronicus
899 1099 1004 1134 junior,

216 1144 366 1176 intellecto,
391 1143 509 1171 Nicaeam
524 1145 558 1172 ab
580 1144 707 1173 Orchane
734 1145 835 1179 Tttreo,
867 1146 1006 1181 Bithynia:

217 1189 356 1224 principe,
375 1189 508 1227 obsideri,
535 1188 658 1224 trajectis
675 1190 702 1217 in
720 1190 812 1217 Asiam
833 1191 930 1225 copiis,
958 1190 1007 1217 be-

216 1240 286 1262 stctn
311 1235 434 1268 adortus,
450 1235 548 1270 insigni
570 1235 648 1263 clade
669 1236 795 1268 adicitur,
813 1237 930 1263 maxima
943 1243 1007 1263 suo-

217 1288 277 1307 rum
303 1285 379 1315 parlc
403 1281 514 1308 amissa.
555 1281 659 1309 Eodem
671 1282 828 1309 Andronico
841 1282 1007 1316 imperante,

218 1324 376 1350 Scrviorum
392 1332 501 1359 quoque
518 1326 594 1352 natio
617 1325 726 1353 Cralcm
747 1326 812 1361 (hoc
837 1330 889 1359 est,
905 1318 1006 1362 regem)

218 1376 309 1399 sutttn,
325 1369 372 1402 qtti
389 1369 543 1396 diutissime
560 1374 696 1403 regnarat,
720 1369 754 1396 ab
770 1370 1008 1398 administratione

219 1418 351 1440 removet.
379 1413 484 1441 Deinde
502 1414 558 1440 lilio
575 1414 644 1448 patri
669 1414 833 1447 substituto,
862 1423 957 1442 senem
980 1415 1008 1442 in

219 1467 328 1487 carcere
347 1460 480 1493 sufl'ocat;
506 1460 593 1488 invito
615 1460 739 1489 fortassis
759 1461 817 1495 illo,
844 1461 892 1489 sed
917 1466 1009 1497 tamen

220 1505 386 1533 cottnivettte
400 1513 431 1533 ac
447 1512 565 1534 tacente.

257 1551 355 1578 Scuior
366 1556 456 1579 autettt
470 1552 655 1585 Andronicus,
674 1561 746 1581 anno
769 1554 859 1581 atlatis
872 1554 919 1587 74,
935 1561 1009 1581 mor-

221 1601 284 1624 tuus
302 1601 344 1625 est
355 1619 361 1630 ,
375 1598 421 1632 qui
434 1597 469 1624 ab
484 1597 563 1625 initio
575 1598 682 1634 imperii
697 1599 755 1634 ejus
768 1599 1009 1634 quinquagesimus

220 1647 289 1670 erat.
313 1643 411 1670 Junior
426 1651 514 1671 annos
527 1644 561 1671 45
578 1644 694 1672 vivendo
711 1652 766 1672 tton
778 1645 910 1680 explevit,
929 1652 1010 1673 mor-

215 1692 285 1726 tuus
300 1696 372 1715 anno
396 1693 456 1723 post
476 1694 639 1724 occupatam
673 1690 957 1726 Constantinopolim,
983 1695 1011 1718 et

220 1739 346 1768 ereptum
360 1742 411 1761 avo
425 1735 570 1770 imperium
589 1736 732 1764 vicesimo.
759 1737 826 1765 Cum
842 1741 933 1765 autem
950 1745 1009 1765 mo-

221 1784 339 1813 reretur,
357 1780 469 1815 reliquit
484 1781 618 1809 Joannem
643 1783 727 1810 lilium
741 1790 835 1810 natum
852 1791 939 1811 annos
957 1783 990 1810 l2
1002 1792 1017 1817 ;ι

221 1830 397 1860 tutoretnquc
408 1827 557 1862 assignavit
566 1827 591 1854 ei
601 1827 833 1861 Cantacuzeuum,
842 1829 930 1856 virum
943 1837 1011 1864 opu-

221 1870 343 1902 lentttttt,
361 1875 389 1898 et
408 1879 503 1906 magna
521 1873 645 1907 potentia
661 1873 826 1906 subnixum,
848 1878 878 1901 ut
894 1882 1011 1909 puerum

223 1921 369 1950 tutarctttr,
389 1922 417 1944 et
431 1923 542 1946 curaret
555 1919 588 1946 ad
611 1926 670 1946 cam
696 1927 783 1953 usque
804 1925 923 1953 aetatem,
951 1928 1012 1955 qua

223 1970 306 1997 regno
321 1963 501 1997 gubernando
517 1964 616 1992 idonea
627 1965 708 1992 foret.
724 1965 777 1993 Ubi
791 1973 858 1993 vero
873 1966 1013 1993 Androni-

222 2017 270 2036 cus
284 2010 449 2037 excessisset
464 2017 479 2036 e
491 2011 572 2043 vivis,
586 2018 640 2038 non
653 2011 741 2038 ntulto
762 2015 834 2046 post,
850 2013 1012 2047 urgentibus

222 2061 250 2082 ct
274 2056 478 2090 postulantibus
503 2055 618 2089 Graecis,
633 2057 842 2085 Cantacuzenus
875 2065 949 2087 tutor
978 2059 1013 2087 ad

223 2108 336 2135 regnum
363 2101 478 2129 allectus
502 2106 556 2134 est,
580 2110 668 2137 pttero
697 2108 789 2131 tamett
814 2105 887 2132 nulla
913 2105 1013 2141 injuria

223 2146 332 2172 affecto.
361 2146 485 2181 Cumque
502 2148 556 2174 sibi
576 2147 684 2176 aﬂinem
705 2148 783 2176 illum
805 2150 1013 2179 Cantacuzcnus

225 2191 345 2223 fecisset,
363 2196 393 2218 ut
406 2191 545 2220 imbellem
557 2196 731 2229 contemptui
745 2196 852 2229 habuit,
865 2184 940 2231 spcto
955 2204 1013 2223 om-
1030 2203 1051 2231 υ

225 2243 287 2263 nunt
306 2236 448 2264 iuGratcis
470 2242 602 2272 quantum
633 2239 667 2266 ad
699 2248 814 2275 regnum
839 2242 1014 2269 retinendum

226 2282 371 2314 attinebat,
398 2290 515 2317 ponens.
554 2284 689 2320 Deinceps
711 2291 815 2320 autem,
843 2295 905 2315 euttt
931 2297 1014 2324 regno

226 2328 360 2363 pupillum
376 2329 532 2364 spoliasset,
547 2330 724 2366 Orchattique
741 2333 823 2360 filiam
838 2342 950 2362 uxoretn
967 2337 1014 2363 tle-

226 2375 326 2401 disset:
345 2383 406 2402 eum
423 2380 450 2402 et
467 2377 663 2404 amicissimum
680 2383 708 2405 et
729 2379 975 2408 familiarissimum
987 2382 1014 2409 in

228 2425 367 2454 posterum
383 2426 513 2455 expertus
529 2426 580 2462 est.
601 2422 732 2457 Orchani,
751 2425 798 2459 qui
812 2426 848 2452 22
870 2434 956 2454 atinas
973 2436 1016 2454 rc-

228 2473 369 2502 gnaverat,
400 2467 574 2495 Sulcimanus
601 2469 673 2497 filius
699 2478 760 2498 cum
787 2470 918 2499 Amurate
933 2473 1016 2500 fratre

228 2514 378 2541 successit:
407 2521 525 2549 quorum
546 2515 592 2542 ille
606 2524 669 2543 mox
685 2522 778 2544 contra
795 2517 1014 2546 Cantacuzenttm

227 2566 303 2586 artua
320 2559 416 2586 movit.
445 2559 545 2587 Verum
563 2568 616 2587 tton
634 2561 720 2589 multo
737 2568 799 2597 post
819 2563 948 2598 utrinque
966 2572 1016 2598 pax

229 2605 299 2632 facta
322 2610 374 2637 est,
400 2610 428 2632 et
451 2605 540 2634 fiedus
566 2607 676 2640 initutn,
702 2614 732 2635 ut
753 2609 907 2644 conjunctis
930 2612 1017 2646 copiis

229 2652 331 2678 bellum
356 2651 481 2687 Bulgaris
497 2652 658 2680 inferretur.
685 2654 761 2687 Quod
779 2663 841 2682 cum
858 2656 1016 2691 aliquandiu

229 2698 403 2725 Sulcimanus
428 2699 566 2733 gessisset,
594 2708 645 2727 nec
661 2701 770 2734 oppidis
784 2702 867 2728 etiam
883 2702 1016 2736 Thraciat,

229 2752 290 2778 qua:
306 2745 462 2773 Graecorum
478 2747 551 2782 juris
564 2751 654 2778 erant,
673 2747 862 2780 abstinuisset,
879 2755 1015 2784 ntortttus,

231 2789 366 2818 luercdetn
390 2793 466 2825 regni
483 2792 602 2827 bclliquc
629 2793 740 2819 fratrem
756 2793 915 2822 Atnttratetn
934 2797 1018 2823 relin—

231 2835 299 2870 quit.
329 2837 444 2864 i‘r;ceral
464 2843 520 2865 tttm
548 2839 669 2874 Bulgat'ls
693 2840 845 2868 Sttsntauus
867 2842 1016 2871 Alexandri

1050 233 1143 260 fmdus
1167 233 1335 267 impetravit,
1368 231 1431 258 data
1454 231 1479 258 ci
1499 231 1552 257 lilia
1571 231 1598 257 in
1626 230 1839 262 matritnoniutn,

1050 286 1130 313 quam
1145 278 1290 305 excellenti
1310 277 1397 304 forma
1415 277 1557 311 prtcditam
1577 276 1706 302 habebat.

1085 324 1220 351 Caeterum
1239 322 1362 350 Joannes
1378 323 1546 357 Palccologus
1560 322 1708 349 Andronici
1722 321 1839 356 junioris

1051 369 1125 397 filius
1145 370 1191 397 ubi
1209 369 1387 400 adolevisset,
1403 368 1520 402 itnperio
1539 373 1719 402 recuperato,
1741 366 1840 393 Canta-

1051 423 1186 443 cuzcnum
1212 415 1327 449 expulit,
1354 414 1505 441 monastica
1532 418 1608 440 veste
1629 413 1728 444 induit,
1753 417 1841 438 tnttta-

1051 465 1135 495 toque
1159 460 1272 487 nomine
1297 459 1455 486 Mattlneum
1479 459 1609 493 appellari
1636 458 1726 494 iussit.
1757 457 1842 484 Erant

1050 507 1242 534 Cantacuzcno
1257 506 1304 532 lilii
1321 505 1384 538 duo,
1404 512 1521 540 quorum
1537 509 1601 531 natu
1619 504 1750 539 majorem
1765 508 1841 538 pater

1052 552 1168 586 imperio
1186 552 1355 590 destinabat,
1383 551 1519 590 minorem
1537 550 1695 577 Manuelum
1710 549 1840 576 Mizithm

1052 598 1109 625 sive
1123 598 1229 632 Sparta:
1244 598 1342 625 ducent
1373 598 1449 624 fecit.
1478 597 1563 632 Major
1575 601 1652 631 patre
1674 604 1688 623 a
1704 596 1827 630 guberna

1052 644 1122 671 culis
1138 645 1280 676 submoto,
1299 651 1349 670 ceu
1370 644 1501 675 diximus,
1518 643 1551 670 ad
1563 643 1653 669 Rhodi
1678 642 1831 676 principem

1052 697 1133 724 quem
1151 689 1231 724 345
1249 697 1376 724 magnum
1403 689 1565 723 magistrum
1580 693 1690 720 vocant,
1707 687 1833 722 profugiti

1057 736 1106 762 ubi
1121 743 1183 762 cum
1198 736 1299 762 frustra
1314 743 1343 763 5e
1360 735 1596 770 recuperationem
1608 734 1718 769 imperii
1729 741 1837 768 sperart

1053 786 1190 812 cerneret,
1216 782 1249 808 ad
1266 781 1377 808 fratrem
1398 782 1426 808 in
1449 781 1667 816 Peloponnesum
1693 780 1833 815 profectus

1054 830 1186 864 deinceps
1213 830 1336 864 privatus
1351 829 1428 857 vixit.
1444 829 1557 856 Joannis
1571 827 1711 863 Palzeologi
1729 829 1834 862 impera

1054 876 1120 903 toris
1134 875 1188 902 filio
1206 875 1364 902 Andronico
1387 875 1515 902 Susmani
1538 875 1593 902 lilia
1609 882 1679 901 uxor
1694 875 1756 901 data
1790 878 1833 901 est

1054 922 1132 956 cujus
1145 928 1268 949 sororem
1282 921 1401 948 habebat
1413 921 1567 948 Amuratcs.
1584 920 1732 948 Andronici
1745 920 1840 947 fratrev

1054 972 1134 994 erant
1162 966 1329 999 Demetrius,
1358 966 1514 999 Manuelus,
1543 970 1570 994 et
1593 966 1767 997 Tlteodorus,
1797 967 1842 1000 qui

1054 1012 1196 1040 Amuratis
1221 1017 1311 1040 castra
1328 1013 1508 1047 sequebatur.
1537 1012 1606 1040 Cum
1622 1017 1713 1040 autem
1732 1013 1760 1039 in
1781 1012 1843 1039 Asia

1055 1067 1104 1094 per
1131 1059 1283 1087 absentiam
1294 1059 1434 1086 Amuratis
1448 1063 1522 1086 mola
1537 1058 1634 1086 fuisset
1646 1059 1755 1091 seditio,
1773 1058 1839 1093 ejus-

1056 1113 1110 1140 que
1136 1106 1345 1140 compescendte
1367 1113 1450 1132 causa
1466 1105 1569 1146 icopias
1596 1104 1662 1132 illuc
1682 1104 1844 1139 ttajecisset,

1056 1156 1165 1185 sumpto
1179 1159 1272 1178 secum
1287 1151 1391 1178 Joamte
1404 1151 1588 1190 imperatore:
1604 1150 1749 1184 utriusque
1761 1150 1844 1181 lilitts,

1058 1196 1161 1224 Sauzes
1175 1201 1204 1224 ct
1221 1197 1407 1232 Andronicus,
1423 1196 1635 1223 communicatis
1652 1195 1774 1223 consiliis
1791 1195 1843 1222 cri-

1059 1249 1124 1276 pcre
1148 1242 1308 1276 parentibus
1332 1242 1480 1278 itnperium
1500 1243 1690 1269 decreverunt.
1719 1241 1846 1275 Quapro-

1058 1293 1119 1322 pter
1134 1288 1160 1314 in
1179 1288 1317 1322 Europam
1335 1288 1373 1316 illi
1399 1289 1513 1320 reversi,
1541 1288 1613 1316 filios
1637 1288 1664 1314 in
1680 1291 1846 1322 potestatem

1059 1333 1185 1360 redactos
1207 1339 1388 1368 excaecarunt,
1403 1334 1508 1362 Joanne
1522 1334 1656 1361 fervidum
1669 1339 1776 1360 acetum
1789 1333 1846 1360 suis

1059 1378 1146 1406 oculis
1164 1378 1337 1407 iuiundentc.

1095 1423 1251 1451 Secundum
1273 1425 1330 1452 lucc
1349 1425 1460 1453 territus
1477 1425 1597 1453 Joannes
1614 1424 1766 1452 Turcorum
1784 1431 1843 1451 sur.-

1059 1470 1194 1502 cessibus,
1212 1470 1375 1498 auxiliorum
1399 1471 1632 1506 impetrandorum
1649 1478 1730 1499 causa
1756 1471 1848 1505 profe-

1061 1515 1149 1543 fectus
1173 1519 1215 1542 est
1235 1516 1440 1543 Venetiaszubi
1465 1524 1528 1544 cum
1554 1517 1624 1543 nihil
1648 1516 1794 1548 effecisset,
1819 1516 1848 1543 iu

1060 1562 1173 1590 Galliam
1199 1567 1227 1589 et
1245 1562 1368 1597 Angliam
1388 1563 1466 1596 abiit,
1491 1571 1538 1598 spe
1551 1563 1646 1591 itidem
1664 1563 1751 1596 irrita,
1775 1563 1850 1598 quod

1061 1608 1174 1636 Carolus
1187 1614 1279 1635 sextus
1294 1616 1342 1636 rex
1357 1609 1522 1637 tumultibus
1535 1617 1648 1636 suorum
1659 1609 1850 1637 distineretur.

1061 1653 1155 1688 itaque
1180 1661 1319 1682 reversum
1343 1655 1472 1683 Venetias
1487 1675 1495 1688 ,
1519 1655 1659 1683 dimittere
1682 1659 1852 1682 mercatores

1064 1701 1157 1729 Veneti
1182 1704 1232 1736 per
1257 1709 1392 1729 summam
1419 1702 1593 1729 insolentiam
1622 1702 1779 1734 noluerunt,
1796 1702 1851 1729 nisi

1044 1746 1205 1781 -pecuniam
1226 1746 1358 1774 creditam
1383 1747 1457 1775 ituro
1480 1747 1514 1774 ad
1535 1747 1630 1775 Gallire
1653 1755 1744 1782 regem
1758 1767 1766 1778 ,
1795 1754 1850 1773 una

1062 1800 1122 1820 cum
1139 1793 1229 1820 usuris
1240 1793 1417 1821 restituisset.
1432 1789 1488 1820 Hac
1499 1793 1532 1820 de
1544 1801 1625 1821 causa
1640 1801 1701 1821 cum
1713 1793 1746 1820 ad
1764 1792 1852 1820 filium

1062 1838 1258 1870 Andronicum,
1276 1846 1358 1874 quem
1374 1839 1609 1874 Constantinopoli
1632 1847 1681 1874 per
1696 1840 1852 1867 absentiam

1062 1892 1139 1912 suam
1154 1884 1326 1919 praefecerat,
1339 1892 1404 1912 suos
1423 1884 1585 1920 ablegasset,
1603 1893 1653 1912 nec
1675 1885 1708 1912 ab
1724 1892 1758 1913 eo
1771 1885 1853 1919 quid-

1063 1937 1143 1964 quam
1158 1935 1323 1965 extorqucre
1345 1934 1437 1965 posset
1455 1930 1601 1960 :Yenetiis
1622 1931 1726 1959 ltzcrere
1744 1931 1853 1959 diutius

1063 1981 1175 2003 coactus
1190 1976 1297 2010 fuisset,
1311 1976 1339 2004 ni
1355 1976 1498 2015 lii-anuelus
1513 1977 1582 2004 alter
1597 1977 1680 2010 ﬁlius,
1701 1978 1748 2011 qui
1764 1977 1854 2005 Thes-

1063 2022 1213 2049 salonicam
1230 2022 1452 2055 administrabat,
1471 2030 1486 2051 e
1504 2030 1551 2050 sua
1569 2024 1732 2058 praefectura
1748 2024 1855 2051 coactis

1064 2069 1195 2101 nummis,
1210 2067 1339 2095 Venetiae
1355 2069 1388 2096 ad
1401 2073 1505 2104 patrem
1517 2070 1647 2102 venisset,
1657 2070 1855 2104 eumquclibc-

1064 2119 1161 2142 rasset.
1179 2114 1237 2148 Quo
1251 2114 1361 2149 quidem
1378 2115 1423 2142 ille
1436 2115 1507 2142 facto
1517 2120 1622 2150 patrem
1633 2116 1788 2144 arctissime
1799 2116 1856 2144 sibi

1065 2160 1197 2193 devinxit,
1225 2159 1384 2188 Andronico
1405 2160 1535 2196 deinceps
1557 2162 1717 2197 gravissime
1739 2170 1857 2191 succcn-

1066 2210 1181 2232 sentem.

1101 2251 1246 2278 Amurates
1261 2251 1335 2279 illato
1347 2251 1487 2285 Triballis,
1505 2259 1656 2287 eorumque
1667 2253 1797 2288 principi,
1810 2255 1857 2282 cui

1066 2296 1171 2323 Lazaro
1186 2304 1285 2324 nomen
1305 2302 1375 2330 erat,
1395 2298 1478 2331 bello,
1508 2304 1608 2333 prrcter
1620 2300 1857 2334 exspectationem

1067 2341 1118 2367 hoc
1133 2341 1214 2369 modo
1232 2345 1273 2369 est
1290 2342 1483 2378 interemptus.
1502 2343 1616 2370 Stabant
1629 2344 1766 2378 utrimque
1782 2345 1857 2372 acies

1068 2387 1094 2413 in
1110 2388 1382 2422 procinctu,jamjatn
1400 2394 1569 2416 consertum:
1583 2397 1691 2422 ntanus,
1704 2398 1767 2417 cum
1779 2391 1859 2417 llltlo-

1069 2438 1114 2457 sus
1124 2432 1232 2465 quidam
1244 2432 1438 2464 Cabilovicitts,
1452 2432 1546 2460 Lazari
1563 2434 1651 2466 utiles,
1665 2443 1694 2460 re
1708 2443 1769 2462 cum
1783 2437 1860 2470 prin-

1069 2477 1127 2511 cipe
1144 2485 1193 2504 suo
1205 2477 1416 2511 communicata,
1431 2479 1507 2506 velut
1526 2480 1665 2515 transfuga
1685 2488 1714 2507 se
1725 2481 1759 2507 ad
1773 2482 1859 2508 Antu—

1069 2527 1155 2548 ratcm
1172 2522 1291 2550 confert.
1312 2524 1455 2551 Admissus
1469 2525 1495 2551 in
1514 2530 1689 2560 conspectum
1704 2526 1857 2561 Amuratis,

1069 2567 1172 2595 facinus
1185 2569 1263 2604 longe
1274 2570 1488 2604 pulcherrimum
1498 2572 1665 2606 aggreditur.
1679 2573 1792 2601 Nant'co
1804 2574 1861 2601 for-

1070 2615 1133 2641 titer
1152 2615 1317 2650 interfecto,
1335 2625 1396 2644 eutn
1416 2618 1533 2645 evadere
1544 2618 1577 2645 ad
1598 2626 1662 2646 suos
1677 2627 1730 2646 non
1748 2626 1859 2655 posset,

1069 2661 1193 2689 auintosc
1213 2670 1337 2698 pugnans
1359 2664 1498 2691 occubuit.
1528 2664 1566 2691 Ita
1595 2666 1676 2699 periit
1699 2666 1860 2700 Auturales,

1069 2716 1131 2734 cutn
1149 2716 1234 2735 annos
1249 2709 1281 2736 57
1298 2717 1380 2744 regno
1393 2710 1556 2744 prmfuissct,
1573 2718 1605 2738 ac
1625 2711 1696 2738 bella
1710 2712 1743 2739 57
1759 2718 1812 2740 taut
1828 2714 1858 2740 in

1069 2753 1143 2785 Asia,
1158 2762 1238 2788 quam
1250 2755 1370 2790 Europa,
1384 2756 1542 2783 felicissime
1557 2757 1695 2791 gessisset.
1712 2757 1862 2786 Successo—

1070 2807 1126 2826 rem
1143 2801 1296 2835 llajazetutn
1316 2802 1401 2828 filiuni
1419 2802 1525 2830 habuit.

1104 2846 1144 2872 Ad
1161 2854 1221 2873 eum
1236 2855 1264 2874 se
1281 2848 1397 2875 contuli:
1411 2848 1584 2879 Andronicus
1598 2850 1711 2880 Joannis
1728 2851 1800 2880 filius
1813 2851 1859 2880 cui
