1960 3075
167 183 220 218 6M

842 185 1111 216 CONTINUATIO.

1743 183 1793 215 ΗΞ

169 242 277 269 fervens
301 245 409 269 acetunt
424 242 451 269 in
479 242 574 270 oculos
600 242 718 270 infusum
737 243 820 270 fuisse
836 243 956 269 diximus
972 250 994 271 Α
1009 242 1084 276 quod
1098 242 1208 277 quidem
1229 241 1359 277 deinceps
1375 242 1476 270 factum
1493 246 1545 269 est.
1559 241 1629 268 Cum
1646 241 1697 269 ltoc
1710 246 1792 275 nupta

168 289 257 323 (irrito
272 292 361 315 tamen
374 293 484 321 conatu,
497 296 559 316 natn
573 289 661 316 visum
675 289 726 315 hoc
742 293 864 324 tempore
876 296 955 315 Γενυ-

167 335 332 370 peraverat),
341 343 394 362 una
404 343 465 362 cum
476 335 580 363 JOanne
591 335 663 362 lilio:
677 333 952 368 petentcsauxilium,

168 387 198 408 ut
234 381 349 415 imperio
380 381 530 416 Il‘yzantino
560 381 705 415 potiretur.
735 379 802 407 Cum
829 380 952 413 equitum

167 426 239 453 4000
287 427 497 461 impetrassent,
545 426 702 462 Byzantium
740 425 953 452 contenderunt.

167 473 285 499 Joannes
303 476 392 499 autem
403 472 552 506 imperator
573 477 602 499 et
618 471 725 498 Manuel
752 471 835 502 filius,
858 471 953 497 audito

167 516 318 544 Andronici
341 516 471 550 adventu,
497 525 586 544 arcem
613 517 710 544 Aureae
735 517 828 551 (quam
843 515 952 550 vocant)

168 561 281 596 ingrcssi
305 562 442 589 obsidioni
466 562 613 590 tolerandae
634 570 663 589 se
680 562 824 596 parabant.
851 561 952 588 Verum

166 607 341 634 Andronicus
354 615 444 634 arcem
463 607 638 642 pactionibus
652 608 679 634 in
692 607 860 634 deditionem
875 613 954 633 acce-

167 651 217 686 pit,
238 657 266 679 et
287 654 382 680 ambos
405 654 432 680 in
454 661 593 681 carcerem
622 653 707 681 turris
728 653 848 688 ligneum
875 652 953 679 valde

167 702 272 725 arctum
286 699 422 734 compegit
441 708 447 726 :
464 700 491 726 in
509 707 563 733 quo
577 699 726 726 triennium
743 706 835 734 egere,
852 698 953 725 frustra

168 749 295 771 tncnente
311 744 445 780 Bajazeto,
465 751 496 771 ut
510 745 741 772 interficerentur.
757 746 836 772 Antto
855 750 953 779 quarto

167 790 286 817 carceris
310 790 437 823 pratl'ecto
464 795 673 824 persuaserunt,
688 789 818 817 alimenta
838 790 954 823 captivis

166 835 344 868 ministranti,
360 840 389 862 ut
402 836 504 863 ferrum
513 835 582 862 ciant
599 836 665 869 ipsis
679 836 875 870 suppeditaret.
892 835 953 868 Quo

166 881 247 912 facto,
272 887 419 908 evaserunt
446 882 478 908 ad
506 881 674 923 Quiazetum.
700 889 750 916 pro
779 881 952 909 restitutione

1006 287 1057 314 fuit
1071 288 1192 323 quaedam
1206 295 1238 314 ex
1248 286 1447 314 Malateslarum
1457 286 1539 322 3&6
1546 286 1734 313 marchionum
1754 286 1793 313 fa-

1007 333 1093 365 milia,
1112 338 1245 371 praestans
1265 334 1378 360 omttino
1393 333 1480 360 forma
1501 333 1668 368 reliquisque
1682 326 1793 360 dotibus

1006 377 1117 405 mulier.

1041 423 1149 451 Mortuo
1167 425 1348 457 Machometo,
1362 432 1443 458 quem
1462 425 1489 451 in
1513 432 1542 451 se
1556 424 1642 452 (ἓνωοί
1665 424 1792 458 perbeni—

1005 478 1087 506 gnum
1101 475 1129 497 ct
1137 470 1254 497 amicum
1269 470 1375 504 experti
1388 474 1462 502 sunt,
1480 477 1552 496 anno
1564 470 1673 510 imperii
1689 470 1722 496 12
1736 470 1792 505 pri-

1006 516 1158 551 mogenitus
1173 517 1317 543 Amurates
1328 524 1442 550 regnum
1458 516 1605 543 Turcicnm
1615 517 1642 542 in
1657 524 1686 544 se
1703 520 1792 544 trans-

1006 562 1080 590 tulit.
1097 561 1153 589 Hoc
1182 561 1327 596 imperium
1342 569 1422 589 suttnt
1437 562 1590 596 auspicato,
1604 562 1691 589 Grzeci
1707 570 1791 597 seqtte

1005 614 1104 642 resque
1126 615 1191 635 suas
1213 607 1295 641 plane
1317 606 1454 640 perditum
1475 607 1593 634 iverunt.
1611 607 1793 634 Arcessebant

1005 653 1078 680 enim
1100 661 1114 680 e
1132 653 1236 680 Lemno
1258 653 1440 687 Mustapham,
1457 652 1503 687 qui
1525 652 1643 686 Bajazeti
1661 660 1689 679 se
1705 651 1791 678 ﬁlium

1004 697 1174 734 perhibebat,
1184 706 1342 733 quanquam
1354 698 1551 730 Macltometus,
1562 697 1643 731 paulo
1654 702 1717 724 ante
1729 698 1791 732 (ceu

1004 744 1108 771 dictum
1122 744 1174 779 est)
1188 749 1322 775 mortuus.
1334 744 1539 779 supposititium
1549 751 1610 771 esse
1625 744 1748 774 dixisset,
1763 746 1792 769 et

1000 790 1039 817 ’ab
1052 789 1154 817 Graecis
1171 790 1354 825 impetrasset,
1372 795 1401 816 ut
1415 797 1526 817 carcere
1540 790 1650 817 clausus
1667 796 1790 816 asserva-

1004 840 1092 863 retur.
1107 836 1176 863 Cum
1194 840 1284 863 autem
1307 843 1363 870 prae
1382 841 1527 863 ventorum
1540 836 1714 863 vehementia
1731 835 1791 862 Mu—

1004 882 1116 917 stapltas
1131 890 1146 910 e
1157 882 1261 910 Lemno
1275 883 1302 909 in
1321 882 1526 917 Hellespontum
1541 882 1722 919 transportari
1734 890 1790 909 non

168 925 300 953 tributum
321 926 469 953 maximum
487 921 658 961 pollicentes.
677 927 832 961 Exploratis
849 927 951 962 Byzan-
970 921 991 948 Β
1004 932 1110 962 posset,
1128 935 1159 955 ac
1174 928 1201 954 in
1219 927 1327 961 Europa
1353 934 1400 954 rex
1416 926 1553 959 constitui,
1573 927 1731 954 triremibus
1747 926 1789 953 in-.

166 970 268 997 ti0rum
299 971 408 1003 animis,
437 971 542 999 Manttel
566 972 606 999 eis
624 971 773 1006 imperator
797 971 878 999 datus
911 977 953 999 est

164 1015 328 1043 auctoritate
350 1016 479 1050 Bajazeti,
493 1017 539 1051 qui
553 1017 663 1050 triginta
679 1017 762 1045 millia
774 1015 950 1044 nummorum

165 1066 311 1087 aureorum
335 1060 455 1096 singulos
470 1062 498 1088 itt
517 1069 605 1089 annos
622 1062 712 1088 Turco
732 1063 873 1096 penderet,
898 1064 952 1090 An-

165 1105 279 1133 dronico
293 1111 320 1134 et
331 1107 435 1134 Joanne
446 1107 501 1135 lilio
516 1107 542 1134 in
552 1104 640 1135 aulam
657 1108 776 1143 Bajazeti
786 1108 948 1143 deportatis,

165 1152 212 1178 ubi
225 1152 327 1179 victum
341 1153 484 1180 haberent.
497 1151 651 1188 Adjuv'ante
660 1154 795 1187 Mauuele,
809 1154 951 1190 Bajazetus

166 1196 355 1232 Philadelphia
376 1197 466 1234 Lydia:
486 1199 591 1226 ntunita
607 1200 686 1232 urbe,
709 1207 771 1235 qua:
790 1200 847 1227 sola
864 1200 950 1227 Gratci

164 1241 254 1269 adhuc
267 1242 337 1278 juris
348 1244 445 1270 eratin
460 1243 535 1276 Asia,
553 1244 656 1279 potitus
670 1249 722 1272 est.

200 1287 270 1316 Cum
299 1293 389 1316 autem
417 1290 552 1324 promissa
596 1289 724 1325 Bajazelo
763 1290 869 1318 Ilanuel
896 1298 950 1318 non

166 1338 318 1368 praestaret,
333 1342 366 1362 ac
389 1335 416 1362 In
434 1335 523 1362 aulam
548 1335 630 1363 Turci
651 1336 746 1364 venire
769 1337 948 1368 detrectaret,

166 1379 294 1407 inchoata
316 1385 357 1408 est
375 1380 483 1408 obsidio
497 1380 763 1417 Constantinopolis,
779 1390 839 1417 qua:
862 1386 950 1409 totmn

166 1425 329 1453 decennium
342 1425 461 1458 duravit.
473 1432 501 1454 et
513 1427 580 1454 urbs
588 1427 700 1455 omnino
713 1432 792 1463 capta
804 1427 910 1460 fuisset,
921 1428 949 1455 ni

165 1470 359 1500 Tamberlanes
373 1472 486 1508 Scytha,
496 1473 568 1501 bello
581 1473 679 1500 Turcis
692 1472 775 1506 illato,
792 1473 949 1508 Bajazetum

165 1516 254 1551 ipsum
271 1517 397 1552 cepisset.
421 1517 478 1545 Hae
510 1518 654 1546 obsidione
679 1518 808 1551 durante,
839 1518 947 1546 Manuel

164 1563 231 1590 urbe
240 1563 337 1590 Joanni
349 1563 497 1591 Andronici
511 1563 567 1592 filio
579 1565 735 1596 commissa,
746 1565 814 1599 quia
824 1564 948 1600 Bajazeto

165 1608 198 1634 ad
221 1608 309 1642 ipsutn
336 1609 482 1646 defecerat,
504 1610 667 1637 auxiliorum
689 1617 772 1637 causa
793 1610 821 1637 in
841 1610 946 1637 Italiam

162 1654 195 1680 ad
218 1653 335 1682 Venetos
347 1660 373 1682 et
389 1655 533 1682 Mediolani
549 1656 646 1682 ducettt
658 1656 796 1689 profectus
808 1659 863 1683 est.
881 1655 947 1683 Inde

161 1699 274 1726 Galliam
292 1701 440 1735 ingressus,
458 1708 547 1735 regem
563 1700 701 1728 Gallorum
717 1700 845 1728 Carolum
863 1701 946 1736 phre-

161 1745 220 1772 nesi
244 1745 412 1772 laborantem
438 1745 563 1778 oll'endit,
584 1753 636 1773 nec
658 1747 747 1781 potuit
770 1754 785 1773 a
808 1753 945 1781 quoquam

160 1790 254 1818 Gallia:
279 1791 378 1818 dueum
398 1799 429 1819 ea
449 1792 607 1826 impetrare,
625 1800 744 1826 quorutn
765 1800 846 1820 causa
866 1800 947 1820 vene-

162 1841 214 1864 rat.
228 1837 398 1872 Quapropter
414 1838 449 1865 ita
467 1837 676 1865 consulentibus
689 1838 879 1872 optimatibus,
899 1838 946 1873 qui

162 1882 217 1910 illic
242 1889 329 1915 erant,
354 1890 407 1911 tam
432 1884 482 1917 diu
502 1884 717 1919 exspectandum
739 1884 845 1916 statuit,
859 1885 946 1912 donec

161 1936 207 1955 rex
224 1930 438 1956 convalesceret.
454 1929 522 1957 Cum
540 1934 631 1956 autent
656 1929 769 1956 morbus
792 1930 818 1956 in
834 1930 945 1964 longum

160 1974 381 2008 protralterelur,
411 1982 522 2002 manere
544 1974 648 2002 diutius
674 1982 729 2002 non
757 1975 809 2002 fuit
823 1983 905 2003 ausus
937 1984 944 2001 :

161 2020 276 2054 ideoque
301 2020 416 2047 transita
440 2019 585 2048 Germania
608 2020 814 2056 Pannoniaque,
832 2021 945 2048 domum

163 2064 256 2092 rediit.

198 2111 304 2138 Mortuo
322 2111 467 2146 Bajazelo,
492 2119 554 2138 cum
584 2111 772 2139 Machametus
787 2111 862 2139 filius
885 2117 946 2147 post

161 2157 261 2184 fratres
288 2157 321 2184 ad
352 2157 496 2191 imperium
526 2157 706 2191 pervenisset,
730 2161 945 2193 perpetuamque

159 2210 222 2229 eum
257 2202 358 2230 Graecis
383 2210 477 2237 pacent
511 2203 637 2235 fecisset,
660 2203 766 2230 Manuel
798 2203 945 2238 imperator

1004 973 1184 1007 tercipiebant
1201 973 1340 1000 Amuratis
1351 972 1377 999 in
1395 972 1532 1006 Europam
1546 972 1690 1007 trajectum
1721 972 1789 998 Pro-

1005 1017 1117 1052 pontide
1145 1025 1177 1045 ac
1206 1017 1382 1052 Hellesponto
1404 1018 1572 1045 interclusis.
1597 1017 1709 1045 Interim
1735 1017 1788 1052 ipsi

1002 1063 1175 1098 Calliupolim
1188 1063 1499 1098 navigant,Cltersmtesi
1513 1063 1608 1090 urbem
1618 1063 1788 1097 opulentam,

1004 1112 1034 1135 ut
1051 1108 1088 1135 ibi
1105 1115 1168 1135 cum
1184 1108 1347 1135 adveniente
1360 1107 1501 1142 Mustaplta
1517 1107 1545 1134 in
1559 1107 1724 1142 colloquium
1741 1114 1789 1134 vc-

1003 1153 1103 1185 nirent,
1115 1160 1195 1187 quem
1209 1153 1255 1180 ubi
1268 1160 1358 1188 regem
1369 1151 1486 1188 Europae
1497 1153 1637 1183 fecissent,
1650 1152 1789 1187 petieruttt

1002 1203 1034 1225 ut
1043 1197 1216 1232 Calliupolim
1228 1198 1280 1225 sibi
1293 1198 1462 1229 restitueret,
1473 1197 1556 1232 idque
1570 1197 1649 1224 facile
1661 1197 1789 1224 obtinue-

1002 1249 1078 1272 runt.
1094 1244 1163 1271 Tum
1181 1251 1246 1270 vero
1261 1243 1346 1270 duces
1361 1243 1514 1281 Amuratis,
1529 1243 1556 1270 in
1573 1243 1682 1277 Europa
1698 1243 1787 1270 relicti

1002 1298 1016 1316 a
1043 1290 1214 1317 Machometo
1231 1294 1318 1323 patre,
1336 1290 1490 1324 Bajazetum
1510 1297 1594 1316 unum
1619 1297 1652 1316 cx
1670 1289 1788 1324 optima-

1002 1341 1058 1362 tunt
1073 1342 1188 1362 numero
1199 1335 1359 1370 Byzantium
1373 1335 1406 1361 ad
1421 1334 1573 1362 Manttelcm
1587 1335 1723 1370 ablegant,
1736 1336 1784 1370 qui

1002 1384 1126 1415 rogaret,
1141 1387 1175 1407 ne
1190 1380 1287 1407 ittitutn
1301 1388 1363 1407 cum
1380 1379 1549 1407 Macltouteto
1566 1381 1654 1407 foedus
1670 1381 1788 1409 violare-

1003 1431 1058 1459 tur,
1085 1426 1222 1460 simulque
1241 1425 1386 1453 duodecim
1411 1427 1557 1460 primatum
1571 1427 1642 1454 filios
1661 1427 1785 1460 obsides.

999 1479 1147 1499 aureorum
1162 1471 1315 1499 ducentena
1330 1471 1424 1503 millia,
1437 1471 1577 1506 regionem
1592 1472 1712 1507 denique
1727 1481 1787 1501 nta-

1000 1518 1101 1544 ximam
1121 1517 1262 1551 Calliupoli
1277 1517 1404 1549 vicinam,
1425 1525 1617 1553 quamcunque
1635 1518 1720 1547 Grzeci
1735 1526 1784 1554 po-

961 1582 984 1614 C
1001 1565 1160 1596 stulassent,
1181 1563 1303 1596 offerret,
1319 1564 1341 1591 si
1357 1564 1526 1599 Mustapham
1539 1566 1683 1601 Byzantius
1698 1567 1786 1602 impe-

999 1614 1073 1637 rator
1096 1610 1244 1642 desereret,
1274 1617 1305 1637 ac
1324 1610 1429 1637 neutris
1454 1611 1594 1645 suppetias
1618 1612 1713 1646 ferret,
1736 1613 1785 1640 sed

999 1655 1073 1691 ipsos
1088 1655 1179 1690 potius
1196 1656 1300 1683 sineret
1318 1655 1424 1683 infestis
1438 1657 1522 1684 armis
1536 1664 1711 1685 concurrere.

1031 1701 1136 1734 Quibus
1150 1701 1304 1734 intellectis,
1317 1701 1434 1729 Joannes
1444 1702 1575 1731 Manuelis
1583 1702 1665 1737 ﬁlius,
1677 1704 1786 1740 juvenis

997 1747 1105 1781 intperii
1127 1747 1261 1782 cupidus,
1276 1747 1462 1774 arbitrabatur
1485 1748 1564 1775 initio
1589 1756 1632 1776 res
1648 1757 1712 1777 suas
1724 1758 1784 1777 tne-

996 1793 1050 1820 Iius
1067 1793 1216 1825 ltabituras,
1236 1794 1258 1821 si
1278 1794 1437 1821 inimicitias
1448 1794 1521 1821 inter
1537 1801 1565 1822 se
1585 1795 1623 1822 illi
1638 1801 1782 1830 gererent,

997 1838 1187 1873 discordiaque
1211 1843 1304 1867 tttutua
1329 1847 1373 1867 res
1391 1848 1454 1867 suas
1468 1841 1624 1876 perderent.
1648 1843 1782 1871 Prmterea

997 1891 1052 1911 non
1069 1888 1164 1919 parum
1180 1885 1230 1912 sibi
1246 1880 1445 1913 obnducturum
1461 1887 1585 1921 putabat,
1600 1889 1622 1915 si
1639 1889 1720 1917 ambo
1734 1898 1782 1917 sua

996 1936 1079 1963 opera
1095 1930 1285 1965 indiguissent.
1303 1931 1381 1964 Quod
1398 1933 1420 1959 si
1433 1933 1515 1960 etiam
1531 1941 1644 1969 regnum
1661 1936 1733 1963 inter
1752 1944 1782 1963 se

996 1976 1176 2010 partirentur,
1190 1977 1298 2005 facilius
1307 1983 1452 2013 utrumque
1463 1987 1543 2014 posse
1551 1981 1668 2016 opprimi
1677 1986 1782 2010 statue-

995 2021 1043 2048 bat
1054 2021 1088 2049 ab
1105 2029 1145 2053 se.
1160 2023 1206 2057 qui
1221 2027 1311 2050 tamen
1327 2025 1419 2052 neutri
1433 2033 1525 2060 reapse
1541 2033 1590 2061 par
1602 2033 1683 2055 esset.
1699 2029 1781 2057 Dein-

992 2075 1060 2102 ceps
1074 2075 1140 2095 vero
1155 2069 1233 2104 longe
1243 2070 1323 2097 aliam
1337 2075 1447 2099 secutus
1463 2076 1505 2099 est
1519 2074 1694 2107 sententiam,
1708 2080 1780 2103 totus

994 2112 1143 2146 Mustapltzc
1159 2114 1283 2147 partibus
1303 2114 1439 2143 addictus.
1457 2115 1538 2144 Pater
1556 2123 1649 2145 autem
1668 2119 1781 2147 Joannis

993 2158 1100 2185 Manuel
1127 2159 1276 2193 imperator
1292 2160 1430 2189 diversum
1459 2169 1474 2189 a
1487 2163 1542 2190 lilio
1564 2166 1710 2199 sentiebat,
1728 2167 1780 2195 fm-

994 2203 1089 2231 derutn
1117 2205 1277 2241 relgionem
1302 2212 1425 2236 statuens
1447 2210 1600 2238 violandam
1630 2220 1684 2239 non
1708 2221 1778 2241 esse.

158 2248 185 2275 in
203 2247 422 2282 Peloponnesum
437 2248 586 2282 profectus,
602 2249 735 2275 Isthmum
753 2256 831 2275 tnuro
845 2249 942 2280 cinxit,
957 2252 982 2282 ι)
995 2249 1165 2278 Vicittamen
1178 2252 1260 2283 illius,
1275 2253 1441 2289 decretaque
1459 2261 1525 2284 sunt
1538 2257 1689 2293 Mustaplta:
1704 2261 1781 2287 auxi-

158 2297 188 2319 ut
201 2294 327 2319 universa
347 2293 423 2327 regio
448 2298 504 2320 tuta
519 2294 599 2321 foret.
626 2293 711 2320 Erant
732 2293 847 2321 Mauueli
875 2294 920 2321 ﬁlii
933 2314 940 2326 ,

156 2337 294 2369 Joannes,
322 2338 506 2370 Andronicus,
532 2338 704 2370 'I‘lteodorus,
725 2337 941 2370 Constantinus.

159 2381 321 2412 Demetrius.
347 2382 477 2410 Thomas.
491 2382 624 2410 Joannem
647 2383 869 2418 primogenitum,
894 2384 940 2418 qui

158 2427 271 2461 reliquis
288 2432 418 2462 pra-stare
437 2428 591 2462 videbatur,
608 2429 635 2456 in
650 2429 808 2457 societatem
835 2429 940 2463 imperii

157 2473 278 2501 admisit.
301 2473 397 2502 Eidem
414 2483 525 2502 tutorem
539 2483 572 2502 ex
588 2475 664 2503 Italia
685 2475 770 2507 dedit,
786 2475 942 2503 Montisfer-

157 2520 209 2547 rati
226 2520 358 2555 principis
368 2521 460 2551 filiam.
475 2521 565 2548 indole
579 2521 688 2556 qui-lem
701 2522 829 2556 pra-clara
846 2521 942 2556 praedi-

157 2569 225 2596 tam,
240 2565 286 2592 sed
302 2565 427 2592 illiberali
443 2565 527 2592 forma
545 2575 551 2591 :
567 2573 647 2600 quam
663 2565 698 2592 ob
713 2574 822 2593 causam
838 2566 882 2594 illa
895 2574 942 2601 ρκ-

157 2619 217 2638 rum
240 2612 265 2638 ei
279 2612 356 2639 cordi
377 2616 446 2642 erat,
463 2619 513 2638 nec
528 2611 708 2644 coltabitanti,
726 2620 776 2639 nec
801 2613 942 2641 matrimo-

157 2658 195 2684 nii
226 2658 312 2692 legem
333 2660 464 2686 scrvanti.
490 2660 527 2687 Ea
554 2667 621 2687 vero
647 2667 677 2687 se
702 2660 801 2687 marito
825 2661 940 2688 invisam

156 2705 387 2738 animadvertetis,
400 2705 489 2733 navim
503 2706 674 2738 conscendit,
688 2712 716 2734 et
727 2707 758 2734 ad
774 2708 942 2742 propinquos

156 2757 221 2776 suos
234 2757 263 2775 se
280 2750 392 2784 rerepit.
406 2751 579 2779 Andronicus
589 2752 768 2786 elepltantiasi
784 2759 940 2788 corruptus,

156 2802 211 2821 non
229 2795 274 2821 diu
292 2795 368 2823 vixit.
389 2796 552 2824 Theodorus
577 2805 592 2824 a
618 2802 695 2832 patre
721 2799 821 2827 missus
845 2804 887 2827 est
907 2801 940 2827 ad

157 2839 331 2867 Theodorum
348 2842 560 2876 purpurigenam
576 2847 715 2876 patruum,
733 2848 762 2870 ut
780 2844 911 2871 educatus
925 2854 940 2872 a

159 2891 266 2918 patruo,
281 2885 370 2912 eidem
383 2887 410 2911 in
419 2886 596 2920 Peloponnesi
607 2887 760 2922 principatu
770 2890 938 2917 succederet.

319 2933 455 2962 Parnoz.
472 2934 529 2963 Gn.
548 2933 675 2966 CLVIII.

993 2295 1040 2322 lia.
1054 2295 1114 2323 Mox
1124 2297 1235 2325 obsessa
1247 2298 1405 2334 Calliupolis
1417 2306 1444 2328 et
1459 2308 1623 2337 expugnata,
1641 2313 1721 2339 quam
1733 2306 1779 2333 ubi

992 2341 1079 2370 Grzeci
1109 2348 1275 2377 repeterent,
1298 2345 1455 2381 Mustaphas
1480 2348 1583 2381 dicere,
1609 2349 1706 2379 Turcis
1728 2353 1781 2378 hoc.

993 2389 1128 2422 ingratum
1157 2388 1226 2421 fore,
1252 2397 1336 2423 regno
1359 2391 1475 2418 necdum
1503 2398 1581 2428 parto
1615 2396 1779 2431 :simulque

993 2441 1105 2471 rogare',
1138 2439 1242 2461 tantum
1262 2435 1457 2471 aliquantisper
1477 2443 1675 2473 exspectarent.
1698 2442 1779 2469 Dein—

993 2487 1056 2514 ceps
1074 2479 1264 2514 Adrianopolis
1281 2487 1423 2516 occupata.
1441 2483 1548 2511 'I‘nreici
1564 2487 1638 2520 regni
1654 2487 1733 2514 sedes
1751 2489 1777 2515 itt

992 2524 1100 2559 Europa
1123 2533 1198 2559 :quo
1214 2526 1297 2557 facto.
1317 2528 1417 2561 passim
1439 2529 1472 2555 ad
1488 2538 1551 2557 eum
1572 2532 1658 2566 copim
1673 2533 1777 2560 Tureo-

993 2579 1064 2604 rum,
1083 2579 1139 2599 ceu
1163 2572 1279 2606 Ilajazcti
1301 2573 1396 2606 lilium,
1424 2576 1592 2605 defecerunt.
1610 2579 1727 2606 Iledacta
1749 2581 1775 2607 in

993 2621 1154 2650 potestatem
1175 2617 1293 2653 Europa,
1308 2626 1369 2646 cutn
1384 2620 1510 2655 Azapidis
1526 2622 1676 2650 Turcorum
1700 2626 1776 2658 pedi-

993 2662 1076 2694 tibus.
1093 2663 1209 2698 aliisque
1223 2664 1309 2698 copiis
1324 2665 1473 2700 Europzeis,
1486 2673 1512 2694 et
1526 2668 1640 2696 Zunaite
1654 2669 1776 2705 Smyrna:

992 2708 1116 2743 principe
1131 2708 1158 2735 in
1175 2710 1266 2736 Asiam
1284 2711 1400 2745 trajecit,
1418 2717 1489 2740 utea
1504 2721 1613 2748 quoque
1630 2715 1774 2750 potiretur.

992 2753 1078 2781 Simul
1093 2754 1127 2782 ad
1143 2755 1251 2783 Graecos
1264 2757 1361 2791 legatis
1380 2759 1469 2786 missis
1490 2760 1576 2793 petiit,
1592 2769 1626 2788 ne
1647 2762 1712 2796 quid
1727 2763 1775 2790 ab-

992 2805 1069 2827 sente
1081 2802 1279 2829 seinnovarent
1298 2812 1304 2829 :
1320 2811 1349 2829 se
1364 2805 1493 2832 Amnrate
1505 2806 1588 2838 vieto,
1603 2807 1775 2842 Calliupolim

991 2846 1173 2873 redditurum.
1199 2846 1273 2874 illisit
1294 2852 1321 2873 et
1340 2856 1406 2876 suos
1422 2851 1575 2884 Amuratcs,
1592 2854 1638 2887 qui
1663 2854 1775 2889 amplis-

992 2890 1059 2917 sima
1082 2899 1196 2926 qumque
1219 2892 1430 2926 pollicerentur,
1455 2895 1478 2922 si
1495 2904 1557 2923 suas
1582 2903 1673 2932 partes
1696 2901 1774 2935 sequi
