1960 3075
181 156 234 197 eis

857 172 1129 206 CONTINUATIO.

1751 173 1802 206 om
1827 215 1830 218 ,

181 222 337 250 concordia:
352 231 414 251 cum
429 225 476 252 illo
499 225 573 254 inita:
591 228 753 262 poenitebat.
783 229 968 262 Quamobrem
986 237 1007 264 Α
1024 232 1056 258 ad
1087 232 1221 259 arcendos
1250 239 1264 258 ιι
1296 222 1483 266 Peloponneso
1518 226 1622 259 Turcos
1646 235 1802 259 exstructus

181 266 274 294 missis
288 268 321 295 ad
346 270 505 298 Amuratem
534 272 642 307 legatis,
672 274 792 302 Joannes
813 276 964 309 imperator

180 320 274 347 pacem
291 315 398 347 orabat,
412 321 440 343 et
454 317 630 352 impetrabat.

214 358 319 387 Secutae
334 366 398 388 sunt
415 361 532 390 fratrum
550 363 718 398 Grtecorum,
735 367 849 394 Joannis
865 372 894 395 et
916 367 966 395 Dc-

179 403 291 442 'me_trii,
321 404 466 434 discordia:
485 416 492 435 :
508 409 611 443 quibus
640 410 817 443 durantibus,
844 412 966 439 Joannes
984 437 990 441 .

177 448 343 476 Demetrium
358 456 434 485 parte
452 453 623 488 principatus
636 456 765 490 spoliavit
781 467 789 485 ι
811 458 966 486 Demetrius

176 493 443 530 Constantinopolim
459 505 511 533 ope
524 499 678 528 Turcorum
699 502 818 535 obsedit,
853 504 967 532 iniecta-

176 547 230 574 que
243 548 272 568 re
286 541 422 570 discessit.
438 543 557 572 Rursum
573 547 640 574 inita
666 555 730 575 cum
751 549 883 577 Atnurate
898 557 966 577 cono

176 585 282 617 cordia,
310 587 398 615 nihilo
427 591 555 618 cessabat
585 593 676 620 minus
700 593 850 629 imperator
863 595 968 630 agitare

176 631 290 659 consilia
304 640 366 660 cum
383 634 504 669 Eugenio
517 636 641 665 Romano
657 639 798 672 pontifice,
811 647 844 667 ac
860 641 967 668 Panno-

175 684 241 703 num
258 685 321 712 rege
333 677 481 712 Vladislan,
497 682 544 716 qui
561 690 648 717 nuper
664 684 810 712 admodum
823 693 838 713 e
854 685 967 714 Polonia

176 727 298 756 vocatus,
313 724 476 759 Ungaricum
493 733 607 762 regnum
624 735 815 764 occupaverat.
832 731 967 766 Impetra-

175 768 215 795 vit
231 773 322 796 autem
348 778 362 797 a
385 772 512 806 pontifice
535 773 630 801 decem
656 776 794 808 triremes,
816 785 878 811 quae
904 785 966 805 cum

176 813 234 840 suis
246 813 450 850 Hellespontum
474 819 661 852 custodirent,
691 826 721 848 ut
735 820 851 850 Asianas
874 824 968 858 copias

175 858 320 887 Amurates
335 862 461 896 trajicere
479 872 532 890 non
549 871 653 899 posset.
682 867 782 895 Verum
800 869 867 896 vicit
883 869 967 896 Amu-

175 904 242 950 ratis
261 905 370 932 fortuna
383 908 544 942 trajicientis
561 918 594 938 co
614 915 747 946 tempore.
773 921 828 946 quo
852 919 963 950 propter

174 948 347 978 adversarios
365 957 461 980 ventos
480 954 567 982 Cru'ci
585 956 730 992 Latinique
746 963 844 986 contra
858 948 963 987 Tui-cos

174 996 224 1022 niti
240 997 315 1024 nullo
331 999 411 1026 modo
426 1005 562 1034 poterant.
593 1001 658 1038 Ejus
675 1008 729 1030 tam
759 1004 864 1032 felicem
881 1006 963 1041 traje-

174 1041 292 1069 ctioncm
302 1042 420 1071 Joannes
445 1045 594 1080 imperator
622 1056 696 1083 :egro
721 1057 784 1076 cum
813 1051 962 1086 accepisset

174 1087 275 1119 animo,
293 1088 462 1117 deliberabat
477 1099 539 1119 cum
556 1093 624 1125 suis,
641 1095 707 1128 quid
722 1094 748 1122 in
766 1096 892 1129 praesenti
916 1104 961 1123 re-

175 1140 234 1159 rum
250 1139 320 1161 statu
338 1137 511 1169 potissimum
526 1145 641 1173 ageret;
656 1141 807 1174 bellumue,
820 1149 854 1168 an
868 1150 960 1177 pacem

173 1178 294 1206 Amurati
310 1181 495 1211 denuntiaret.
520 1185 629 1221 Quippe
645 1187 667 1213 si
686 1195 782 1221 pacem
797 1196 859 1215 cum
878 1189 961 1216 Amu—

174 1229 232 1251 rate
243 1225 333 1254 colere
346 1227 521 1259 instituisset.
537 1230 596 1259 fore
612 1233 736 1266 putabat,
751 1238 781 1261 ut
796 1234 819 1261 ei
832 1240 882 1269 per
892 1234 963 1262 Pon-

176 1273 233 1296 tum
249 1272 400 1300 cxercituni
413 1274 535 1308 ducenti,
561 1283 745 1305 commeatum
762 1285 789 1306 et
806 1281 960 1308 necessaria

172 1321 301 1349 priestare
316 1323 461 1353 cogeretur
476 1329 482 1349 :
496 1329 550 1356 qua
565 1330 595 1350 re
612 1323 758 1352 Pannones
792 1322 960 1354 offensurum

173 1367 203 1387 se
219 1361 338 1394 videbat.
354 1371 369 1390 ξι
386 1364 487 1398 quibus
501 1359 556 1394 non
573 1368 634 1396 leve
650 1370 816 1403 periculum.
831 1371 961 1400 Amurate

173 1404 292 1440 devicto,
308 1408 473 1440 immineret.
488 1411 605 1441 Putabat
617 1415 701 1450 igitur
714 1423 748 1443 eo
762 1422 885 1452 tempore
896 1425 961 1445 con-

173 1453 352 1482 sultissimum
366 1455 434 1491 fore,
450 1458 611 1487 Pannouum
624 1462 700 1496 sequi
716 1468 818 1497 partes,
835 1469 863 1490 et
877 1463 962 1491 Amu-

172 1499 224 1525 rati
236 1499 337 1534 bellum
355 1501 468 1530 inferre.
499 1505 566 1533 Post
589 1514 705 1541 pugnam
722 1515 789 1535 vero
813 1509 960 1537 infeliciter

173 1544 207 1571 ab
219 1544 336 1580 Ungaris
349 1553 444 1575 contra
452 1549 557 1578 Turcos
570 1554 730 1587 pugnatam,
745 1553 856 1582 Grtecus
872 1555 959 1590 impe-

172 1595 247 1617 ratur
264 1592 289 1618 in
306 1591 395 1621 fuatlus
412 1602 474 1622 cum
492 1595 624 1625 Amurate
646 1598 740 1630 rediit,
769 1606 819 1627 nec
835 1601 955 1635 ampliUs

172 1635 199 1662 id
219 1636 349 1665 violatum
368 1644 419 1667 est.
436 1640 501 1668 Nam
518 1642 638 1676 quietem
656 1644 798 1678 amplexus
809 1650 861 1676 est.
874 1646 959 1673 Amu-

174 1687 315 1716 ratemque
333 1686 496 1714 muneribus
517 1687 612 1720 coluit,
640 1693 670 1716 ut
681 1689 750 1716 nihil
781 1690 844 1717 mali
862 1695 958 1719 contra

173 1727 262 1762 ipsum
275 1731 393 1765 amplius
406 1732 562 1762 moliretur.

208 1773 290 1802 Fteda
309 1781 399 1804 autem
416 1779 556 1807 contentio
577 1779 650 1807 inter
661 1781 858 1815 imperatorem
875 1783 958 1810 Joan-

171 1829 235 1849 nem
249 1827 276 1850 et
293 1822 403 1851 fratrem
418 1824 594 1852 Theodorum
606 1831 666 1854 erat
676 1832 781 1860 coorta,
794 1827 842 1862 qui
858 1828 959 1863 Byzan-

172 1868 239 1895 tium
258 1874 380 1902 venerat,
399 1875 429 1897 ut
456 1870 484 1898 iu
515 1871 676 1899 sacietatem
708 1873 818 1908 imperii
841 1881 855 1900 a
874 1874 958 1902 fratre

170 1913 375 1941 admitteretur.
391 1914 415 1942 ls
425 1922 454 1942 se
465 1923 516 1950 pro
542 1916 707 1951 imperatore
731 1918 819 1945 solum
834 1919 956 1952 gerebat,

173 1958 308 1994 fratrique
324 1960 477 1988 resistebat.
494 1961 664 2001 Postremum
679 1965 767 1998 aperti
779 1965 874 1992 hostes
893 1965 956 1992 facti

170 2009 245 2030 sunt.
257 2004 324 2031 Nam
341 2006 545 2040 expeditionem
564 2007 726 2035 Theodorus
751 2014 845 2036 contra
868 2010 956 2043 impe-

171 2055 290 2077 ratorem
304 2050 414 2078 fratrem
427 2052 555 2081 instituit.
566 2053 631 2080 Erat
642 2055 667 2082 ei
679 2062 810 2083 concessa
822 2056 955 2091 Sclybria,

170 2103 232 2122 cum
252 2096 362 2130 regione
377 2097 468 2125 vicina
483 2107 490 2125 :
508 2106 626 2133 cumque
641 2104 749 2134 peteret
775 2101 810 2128 ab
835 2101 955 2137 impera-

171 2143 231 2165 tore
240 2145 391 2174 proventus
399 2148 505 2168 annuos
516 2142 664 2176 ampliores
674 2143 706 2170 ad
718 2143 801 2171 vitam
813 2145 954 2172 sustinen-

977 907 1000 936 Β

1017 277 1113 304 fuerat.

1051 322 1147 356 Neque
1159 322 1246 349 multo
1264 327 1324 356 post
1343 321 1448 349 Joanne
1474 322 1639 356 imperatore
1659 322 1800 354 defuncto,

1018 366 1044 393 in
1059 366 1270 393 Constantinum
1285 367 1345 402 ejus
1360 366 1471 393 fratrem
1486 367 1644 394 devolutum
1665 371 1707 394 est
1718 367 1802 401 impe-

1017 411 1098 439 rium.
1112 412 1268 439 Demetrius
1284 412 1406 446 quidem,
1425 412 1540 439 fratrum
1555 413 1635 444 alter,
1653 412 1799 446 imperium

1016 465 1150 492 occupare
1164 458 1304 486 nitebatur
1318 467 1324 484 :
1342 465 1438 485 verum
1452 458 1599 492 impeditus
1615 458 1666 484 fuit
1685 458 1719 485 ab
1735 458 1803 485 ciri-

1020 503 1082 536 bus,
1099 509 1195 534 matre,
1216 503 1408 530 Cantaeuzeno
1423 507 1452 530 et
1467 503 1578 535 Notara,
1604 503 1650 537 qui
1676 503 1802 530 arbitro—

1017 557 1077 576 rum
1091 549 1216 583 partibus
1231 548 1427 584 fungebantur.
1444 547 1590 575 Timebant
1606 547 1691 581 enim,
1709 548 1732 575 si
1750 548 1803 575 iic-

1017 594 1132 621 metrius
1147 599 1341 629 assequeretur
1356 594 1513 628 imperium,
1529 593 1599 624 tbre,
1626 597 1655 620 ut
1667 593 1802 620 Constan-

1019 640 1093 668 tinus
1105 640 1257 671 exereitum
1272 639 1433 671 adduceret,
1459 645 1515 674 quo
1531 638 1615 669 iacto,
1647 639 1802 673 periturum

1016 690 1088 713 esset
1103 685 1259 720 imperium.
1277 684 1414 712 Demetrio
1433 689 1534 714 tamen,
1549 689 1577 711 et
1589 684 1710 716 Thomas,
1723 684 1802 711 fratri

1017 735 1083 759 natu
1100 731 1224 764 minimo,
1241 731 1447 766 Peloponnesus
1457 732 1492 757 e‘x
1502 737 1580 764 aequo
1592 737 1721 757 concessa
1734 729 1800 757 fuit:

1017 778 1053 804 ob
1067 784 1149 812 quam
1166 777 1241 803 varie
1255 776 1452 804 tumultuatum
1468 775 1541 801 inter
1562 775 1635 808 ipsos
1652 777 1705 807 est,
1724 781 1801 802 utro-

1017 830 1070 856 que
1088 821 1216 849 studente
1228 821 1345 848 alterum
1358 820 1470 855 ejicere.

1053 867 1110 894 Sub
1125 867 1179 894 hoc
1193 871 1302 901 tempus
1323 865 1470 894 Am'urates
1487 866 1630 901 apoplexia
1651 869 1800 899 correptus

1015 913 1041 940 in
1056 913 1194 943 convivio,
1212 912 1330 940 moritur
1341 919 1402 939 cum
1418 911 1453 939 52
1467 912 1547 939 annis
1565 916 1714 945 regnasset.
1744 911 1801 938 Ma-

1013 957 1172 984 chometum
1184 956 1269 984 filium
1282 962 1468 984 successorem
1481 956 1601 991 reliquit.
1611 956 1637 983 Is
1648 955 1698 982 sub
1711 955 1800 989 ipsum
1816 952 1820 956 ’

1014 1003 1090 1038 regni
1121 1003 1164 1030 sui
1191 1002 1346 1036 auspicium
1377 1000 1645 1036 Constantinopolim
1671 1000 1799 1028 obsidere

1013 1049 1108 1083 ccepit,
1124 1053 1152 1076 et
1168 1048 1202 1075 ad
1218 1048 1450 1082 expugnationem
1460 1049 1552 1074 omnia
1570 1047 1668 1074 idonea
1685 1054 1799 1081 compa-

1013 1094 1094 1121 ravit.
1110 1094 1176 1128 Ejus
1192 1093 1270 1120 urbis
1284 1093 1437 1129 amplitudo
1453 1100 1514 1121 cum
1542 1098 1617 1121 tanta
1633 1094 1680 1125 sit,
1710 1099 1740 1121 ut
1771 1095 1798 1121 in

1012 1140 1129 1166 circuitu
1147 1140 1191 1166 111
1209 1139 1299 1167 stadia
1313 1140 1455 1167 contineat
1469 1148 1476 1166 :
1490 1140 1647 1167 distributis
1662 1140 1688 1167 in
1705 1148 1799 1167 muros

1011 1185 1254 1219 militibus,eoque
1271 1189 1349 1218 pacto
1362 1185 1505 1212 instructis
1516 1185 1614 1219 copiis,
1645 1185 1746 1212 accidit
1770 1188 1800 1212 ut

1012 1231 1103 1257 minus
1121 1230 1225 1257 munita
1243 1230 1324 1257 foret.
1341 1230 1442 1257 Aderat
1462 1230 1489 1257 in
1507 1230 1576 1258 drbe
1586 1230 1688 1258 Graecis
1709 1230 1798 1258 [sido-

1012 1284 1057 1303 rus
1070 1276 1223 1303 Russorum
1239 1277 1355 1304 antistes
1375 1276 1523 1304 cardinaiis
1551 1276 1646 1312 s’ynodi
1670 1276 1798 1311 cogendae

1012 1328 1094 1348 causa
1109 1321 1220 1352 missus,
1235 1327 1267 1348 ut
1281 1319 1407 1349 Romano
1428 1321 1554 1356 pontifici
1572 1322 1681 1350 Graecos
1702 1329 1798 1350 recon-

1012 1368 1117 1394 ciliaret
1135 1376 1142 1394 :
1161 1372 1244 1402 atque
1255 1367 1282 1394 id
1303 1375 1358 1394 non
1378 1368 1467 1395 multo
1481 1373 1545 1396 ante
1559 1368 1726 1395 confecerat.
1747 1368 1799 1395 Ve-

1013 1421 1071 1440 rmn
1086 1412 1187 1440 Gra'cis
1206 1413 1252 1440 illa
1271 1421 1334 1440 cum
1349 1412 1478 1441 Romanis
1506 1413 1694 1442 reconciliatio
1717 1415 1799 1441 nimis

1012 1467 1072 1486 sera
1089 1459 1206 1486 exstitit.

1049 1504 1171 1532 Tandem
1183 1504 1438 1540 Constantinopolis
1457 1510 1613 1541 expugnata
1628 1511 1672 1533 est
1697 1510 1798 1540 quarto

1012 1551 1147 1578 Kalendas
1160 1545 1323 1584 Quinctiles.
1348 1551 1395 1586 qui
1421 1551 1481 1579 dies
1508 1552 1602 1579 lilartis
1630 1556 1701 1584 erat,
1725 1558 1800 1578 anno

1012 1595 1081 1623 1455
1100 1595 1153 1629 vel,
1175 1600 1205 1623 ut
1219 1596 1266 1622 alii
1283 1596 1406 1628 tradunt,
1424 1590 1652 1631 quinquagesimo
1663 1596 1798 1628 secundo,

1010 1649 1072 1668 cum
1092 1641 1265 1669 obsidionem
1283 1642 1481 1677 quinquaginta
1495 1646 1614 1676 quatuor
1631 1641 1690 1669 dies
1725 1642 1795 1669 tole—

1010 1691 1107 1714 rasset.
1118 1686 1340 1718 Cantacuzenus,
1351 1686 1532 1722 Theophilus,
1544 1687 1722 1721 Palaaologus,
1736 1686 1798 1713 alii-

1000 1737 1064 1767 ’que
1081 1731 1246 1760 nobilissimi
1263 1733 1322 1760 viri-
1333 1732 1443 1760 fortiter
1468 1732 1644 1764 dimicantes,
1659 1731 1796 1759 interfecti

1010 1782 1084 1805 sunt.
1096 1778 1294 1806 Constantinus
1308 1779 1460 1813 imperator
1485 1777 1594 1813 fugiens
1606 1778 1634 1805 in
1648 1778 1796 1805 humerum

1009 1829 1121 1859 accepto
1130 1825 1245 1852 vulnere
1259 1824 1352 1859 periit.
1370 1824 1436 1859 Ejus
1445 1824 1575 1852 exstincti
1590 1829 1674 1859 caput
1692 1824 1725 1852 ad
1737 1824 1795 1852 Ma-

1009 1870 1164 1897 chometum
1177 1869 1287 1905 quidam
1304 1870 1407 1901 attulit,
1419 1861 1574 1905 prmterque
1590 1876 1702 1897 munera
1713 1871 1795 1905 longe

1009 1915 1180 1950 amplissima
1195 1915 1354 1951 principatu
1374 1923 1486 1951 quoque
1501 1915 1620 1943 donatus
1636 1921 1691 1943 est.
1707 1915 1797 1951 Impe-

1008 1962 1050 1989 rio
1068 1961 1157 1989 tribus
1168 1962 1251 1989 annis
1267 1967 1295 1989 et
1311 1962 1401 1989 tribus
1417 1961 1558 1989 mensibus
1572 1961 1675 1995 potitus
1691 1962 1792 1989 fuerat.

1008 2008 1110 2035 Eodem
1126 2007 1182 2039 die,
1198 2007 1294 2035 Peram
1312 2014 1431 2042 quoque,
1450 2007 1507 2034 sive
1519 2005 1652 2039 Galatam,
1665 2007 1796 2034 Genuen-

1008 2054 1078 2082 sium
1104 2053 1254 2088 oppidum,
1286 2053 1368 2080 Turci
1398 2060 1446 2088 per
1478 2052 1645 2080 deditionem
1676 2060 1793 2087 occttpa-

1008 2103 1084 2127 runt.
1103 2099 1169 2132 Qute
1187 2105 1280 2126 autem
1295 2099 1469 2127 calamitates
1483 2099 1510 2126 in
1523 2099 1575 2126 hac
1590 2099 1794 2134 expugnatione

1008 2144 1146 2180 Byzantiis
1159 2144 1331 2174 acciderunt,
1352 2143 1486 2178 explicari
1505 2143 1625 2170 dicendo
1639 2147 1792 2177 nequeunt.

169 2184 244 2216 dam,
262 2185 398 2220 repulsam
413 2193 508 2220 passus
519 2187 580 2214 fuit.
594 2187 677 2224 348
688 2189 756 2216 Hinc
767 2189 868 2217 bellum
883 2191 955 2218 inter
971 2199 993 2226 ι)
1007 2189 1076 2216 Nam
1094 2189 1250 2216 miserabile
1268 2189 1320 2216 hoc
1333 2188 1588 2223 Constantinopolis
1621 2187 1736 2215 exilium
1753 2188 1794 2213 vi-

169 2229 257 2264 ipsum
269 2235 296 2257 et
309 2230 422 2258 fratrem
438 2233 566 2260 exortu'm
579 2239 632 2261 est.
647 2235 727 2262 Prius
746 2240 846 2268 tamen,
869 2245 952 2272 quam

168 2273 233 2301 belli
249 2271 410 2302 Theodorus
424 2275 542 2310 aliquem
558 2285 716 2305 successum
734 2279 885 2312 habuisset,
898 2281 954 2308 vita

169 2319 281 2346 functus
291 2324 344 2352 est,
361 2319 518 2348 Secundum
535 2321 593 2349 haec
621 2323 774 2352 lacessente
795 2325 952 2353 Amuratcm

168 2364 361 2397 Constantino,
393 2367 480 2394 altero
508 2367 622 2396 Joannis
655 2370 828 2405 imperatoris
859 2372 953 2405 fratre,

169 2411 288 2438 Isthmus
303 2417 457 2447 expugnata
474 2414 535 2447 fuit,
563 2423 641 2443 muro
654 2416 758 2449 diruto,
789 2418 835 2452 qui
865 2427 955 2453 nuper

1006 2236 1088 2263 detur
1103 2235 1208 2266 omnia,
1224 2243 1286 2270 quae
1298 2243 1347 2270 per
1377 2234 1535 2261 universum
1556 2233 1650 2260 orbem
1672 2233 1794 2268 contige‘

1006 2287 1081 2314 runt,
1093 2281 1199 2308 excidia
1213 2288 1368 2315 superasse.
1381 2281 1470 2314 Atque
1484 2279 1528 2307 hic
1541 2279 1646 2314 imperii
1659 2279 1794 2306 Constan—

1007 2327 1182 2363 tinopolitani
1201 2327 1263 2355 ﬁnis
1281 2327 1344 2359 fuit,
1371 2326 1444 2361 quod
1461 2334 1475 2352 a
1495 2325 1674 2353 Constantino
1697 2325 1793 2359 Magno

1006 2382 1038 2401 ex
1057 2374 1133 2401 Italia
1159 2374 1332 2406 translatum,
1349 2371 1528 2408 Byzantiique
1551 2372 1743 2403 constitutum,
1763 2372 1792 2398 in

1009 2418 1191 2446 Constantino
1203 2418 1355 2454 Paimologo
1370 2417 1462 2444 desiit.

230 2506 485 2540 Continuationis
510 2509 718 2550 Glycanorum
735 2513 915 2550 Annalium,
937 2518 1063 2544 auctore
1080 2514 1202 2542 Joanne
1218 2512 1415 2549 Lcuncla-vio,
1437 2511 1618 2550 ad‘cuptum
1635 2521 1730 2550 usque

843 2566 1028 2604 Byzantium
1043 2565 1124 2603 ﬁnis.

792 2696 1156 2714 ψ-
