1960 3075
137 158 189 190 713

834 164 1018 194 EPISTULA
1041 166 1082 196 II.

1715 168 1768 200 7M

134 217 361 254 aeavatdntpov;
377 219 486 252 πάντως
501 220 576 247 οὐδέν
593 228 601 237 ’
619 221 659 248 ὁτι
676 220 745 256 μηδὲ
762 221 808 248 τοῦ
821 220 914 256 θνητοί

974 222 1038 256 quia
1058 230 1146 258 neque
1171 223 1279 251 mortali
1306 223 1446 252 mortalius
1467 224 1617 260 quidquam
1642 224 1768 253 invenire

133 264 297 300 θνητότερον
323 265 400 300 εὖροι
428 275 470 298 τις
487 267 538 294 ἄν·
556 267 634 294 ἔνθεν
651 276 692 294 τοι
720 268 767 294 καὶ
791 268 821 294 τὸ
839 268 921 303 ῥητὸν

132 311 222 338 ἐκεῖνο
241 312 272 338 τὸ
288 312 378 346 λέγον,
399 313 577 348 Ἐγενόμεθίι
602 314 641 342 ἂν
663 315 737 348 ὅπερ
753 316 809 342 οὐκ
834 313 920 349 ἦμεν,

131 358 193 392 εἴτε
206 358 264 392 τὴν
278 358 408 393 ἐντολὴν
423 359 630 395 ἐφυλάεαμεν,
660 361 722 389 καθ’
740 361 835 397 ἕτερόν
858 370 921 388 τινα

130 404 210 437 λόγον
228 402 389 432 ὲκλαϐέσθαι
406 407 570 442 προήγμεοα
587 409 636 443 τῆς
649 408 792 442 Γραφικῆς
809 408 921 435 ἀκολου-

131 450 202 482 θίας,
228 451 259 478 οὐ
277 452 327 486 μὲν
348 452 395 479 οὖν
418 453 448 480 οὐ
474 454 569 490 ττόρρω
595 463 647 480 που
673 454 818 488 πίπτοντα,
848 455 922 482 καθὰ

130 496 278 528 δοκεῖτοῖς
294 497 414 532 ἀμαθέσι
437 499 507 527 τέως
528 499 606 534 ἡμῖν,
633 499 664 526 El
685 499 712 526 δὲ
741 500 788 526 καὶ
810 500 920 527 δοκοῦσί

131 550 202 573 τινες
214 540 284 568 εἷναί
297 551 324 569 τι
336 542 382 570 τοῦ
398 543 534 571 ἀθανάτου
549 544 768 580 ἀθανατώτερον,
787 545 920 580 δεξῧμεθα

131 588 272 615 καὶτοῦτο
298 589 388 622 πάσης
412 590 568 625 ἀντιλογίας
593 591 671 623 ἐκτός
685 600 692 607 ⁵
709 592 757 619 καὶ
783 592 838 628 γὰρ
858 594 920 620 ὅσον

129 635 235 668 ἐγγίζει
257 644 299 667 τις
317 637 356 671 τῷ
372 636 442 671 Θεῷ,
463 637 593 664 τοσοῦτον
618 638 852 671 ἀπαθανατίζεται
873 639 921 666 καὶ

129 680 330 716 ϐεοειδὲστερος
343 682 450 716 γίνεται
473 684 582 717 σώματί
599 692 630 710 τε
645 685 694 711 καὶ
710 684 859 720 πνεύματι.
874 685 920 711 Δί-

129 734 208 752 καιον
224 725 271 752 οὖν
287 729 347 754 ἐστι
362 728 450 754 καὶτὸ
464 729 497 755 τὰ
509 729 656 763 θεολογικὰ
677 730 749 764 ῥητὰ
764 730 919 762 καλοθε).ὦ;

129 771 320 804 ὑποδέξεσθαι,
340 775 389 800 καὶ
414 775 447 801 τὰ
473 775 527 801 τῶν
552 776 655 802 λοιπῶν
676 776 845 804 διδασκάλων
875 777 920 804 διὰ

126 817 212 852 τιμῆς
229 819 314 854 ἔχειν,
339 820 369 846 οὺ
398 820 451 855 μὴν
476 822 711 856 ἀποστρέφεσθαι*
729 824 758 850 τὸ
781 823 836 858 γὰρ
851 823 920 858 πρὸς

126 864 230 900 ἄλληλα
254 866 289 892 τά
314 866 370 893 τῶν
393 867 481 902 ἁγίων
511 869 642 904 Πατέρων
672 870 743 905 ῥητὰ
763 859 919 903 καλοθελῶς

977 273 1035 302 est;
1051 273 1079 296 et
1095 269 1195 297 exinde
1215 269 1318 298 dictum
1337 270 1403 298 illud
1426 271 1464 298 ita
1479 271 1604 299 habens:
1620 271 1768 300 Fuisscmus

976 315 1075 349 utique,
1085 316 1154 350 quod
1166 323 1217 342 non
1228 324 1343 349 eramus,
1352 316 1375 343 si
1387 317 1544 344 mandatum
1553 317 1766 349 custodissemus,

976 361 1125 389 secundum
1141 362 1221 389 aliam
1236 362 1381 396 rationem,
1395 371 1456 398 quae
1473 371 1505 390 ex
1517 363 1659 399 Scriptura
1673 371 1768 391 conse-

975 413 1088 442 quatur,
1110 417 1161 436 nec
1177 409 1272 444 procul
1289 409 1378 442 cadat,
1399 415 1429 436 ut
1444 409 1572 442 indoctis,
1587 410 1766 445 quemadmo-

975 453 1040 482 dum
1058 462 1126 486 nos",
1144 455 1262 486 videtur,
1279 454 1403 489 accipere
1417 454 1526 481 adducti
1546 462 1652 491 sumus.
1674 454 1703 481 Si
1718 462 1768 482 au-

977 505 1031 528 tem
1044 500 1202 528 concedunt
1217 499 1340 528 nonnulli
1357 507 1418 528 esse
1431 499 1533 535 aliquid
1552 500 1698 528 immortali
1714 501 1766 527 itu-

976 546 1130 579 mortalius,
1147 547 1200 574 hoc
1214 546 1297 574 etiam
1315 546 1374 574 sine
1391 546 1447 574 ulla
1463 545 1681 574 coutradictione
1695 546 1767 573 rcci-

976 592 1094 627 picmus.
1113 592 1233 620 Etenim
1249 597 1382 627 quantum
1398 591 1453 620 Deo
1465 593 1528 627 quis
1544 592 1766 627 appropinquat,

976 643 1083 666 tantum
1106 638 1140 665 ad
1160 638 1394 666 immortalitatem
1411 639 1543 674 assurgit,
1565 642 1593 666 et
1610 638 1663 665 Deo
1677 637 1765 672 persi-

974 683 1048 712 milis
1062 691 1177 719 corpore
1194 689 1223 711 et
1244 684 1343 719 spiritu
1362 684 1467 711 evadit.
1493 683 1545 711 Par
1571 688 1613 711 est
1634 683 1716 719 igitur
1739 687 1766 710 et

975 729 1127 765 theologica
1143 730 1214 758 dicta
1232 730 1349 765 benigne
1366 731 1504 764 accipere,
1517 735 1544 757 et
1557 730 1629 757 dicta
1649 729 1768 764 reliquo-

975 783 1035 803 rum
1064 776 1259 811 magistrorum
1294 776 1399 803 honore
1424 776 1565 810 prosequi,
1595 780 1766 802 nouantem

973 819 1107 846 aversari.
1131 819 1206 846 Dicta
1228 818 1302 846 enim
1328 824 1487 846 sanctorum
1511 818 1621 845 Patrum
1650 819 1766 846 invicem

974 866 1072 894 collata
1090 866 1206 902 benigne
1218 867 1336 902 probare
1347 871 1375 894 et
1387 867 1527 894 laudabile
1539 871 1590 899 est,
1603 871 1631 894 et
1644 867 1766 898 beatum.

127 911 310 946 ουμδισάζειν
325 913 469 951 ἐπαινετόν
483 915 542 941 ἔστι
555 916 603 942 καὶ
618 916 755 951 μακάριον
768 917 857 945 καὶτὸ
872 918 916 944 ὃν·
935 905 956 933 Β
969 917 998 940 ει
1014 912 1069 940 Deo
1083 916 1190 948 ﬁrmum
1205 912 1330 939 θωπίῖιο·
1344 912 1465 940 Ᾱιίειιάθ
1481 912 1574 946 ῖιίιιπ-
1592 911 1622 939 Si
1639 919 1768 946 Ρθτδθνθ·

125 965 181 988 τως
198 956 357 992 θεάρεστον.
373 948 498 995 Πρόσεχε
513 959 570 987 οὖν.
586 948 624 987 Εἰ.
634 962 684 995 μὲν
699 948 746 989 οὖν
766 963 916 999 ἐμείναμεν

124 1004 194 1039 ὅπερ
212 1001 294 1039 ἦμεν,
313 1006 360 1032 καὶ
373 1006 423 1041 τὴν
438 1007 551 1043 ἐντολὴν
561 1008 748 1043 ὲφυλάξαμεν,
764 1009 915 1044 ἐγενόμεθα

123 1050 193 1086 ὅπερ
212 1051 263 1077 οὐκ
277 1050 359 1087 ἦμεν,
377 1052 450 1079 τοῦτ’
467 1053 552 1087 ἔστιν,
569 1054 700 1088 ἀτρεπτοι
719 1056 767 1082 καὶ
783 1056 845 1083 κατ’
864 1057 914 1083 αὑ-

123 1096 173 1130 τὴν
200 1096 250 1131 τὴν
278 1097 462 1133 προαίρεσιν
480 1099 548 1126 ἀλλὰ
567 1099 605 1135 μὴ
629 1101 676 1128 τὸν
702 1101 781 1135 λόγον
813 1102 915 1134 εὐθέως

123 1140 321 1177 ἀποστραφῇς·
339 1143 398 1177 εἴγε
417 1143 466 1169 καὶ
489 1143 515 1170 οι
541 1143 677 1171 θειότατοι
704 1145 815 1180 ἄγγελοι
843 1147 915 1174 κατά

123 1187 287 1221 προαίρεσιν
303 1188 368 1216 ἄλλο
390 1197 418 1215 τι
442 1189 578 1225 πρότερον
597 1191 689 1225 δντες,
713 1190 828 1227 ὕστερον
845 1193 915 1229 ὅπερ

122 1233 172 1260 οὐκ
186 1231 256 1269 ἦσαν
274 1236 412 1269 ἐγένοντο.
435 1236 597 1270 Δυσκινητοι
615 1236 666 1272 μὲν
681 1238 735 1273 γάρ
753 1235 835 1273 ἦσαν,
855 1239 914 1266 ἀλλ’

121 1280 173 1308 οὐκ
189 1281 314 1316 ἀκίνητοι
328 1282 397 1317 πρὸς
412 1283 443 1309 τὸ
460 1283 545 1310 κακὸν
558 1284 606 1310 ἀπ’
617 1285 717 1320 ἀρχῆς.
734 1285 805 1312 Ἀλλ’
817 1286 913 1321 ἐπειδὴ

121 1329 179 1359 τοῖς
195 1328 361 1355 ἐκπεσοῦσιν
383 1329 511 1363 ἀγγέλοις
539 1330 659 1365 οὐδαμοῦ
688 1332 912 1368 συνεπήχθησαν,

122 1373 171 1400 ἆτε
191 1374 242 1408 τῆς
265 1374 449 1406 κακοϐουλίας
466 1375 572 1410 ὲκεὶνης
588 1377 747 1410 ιὺρεϐἐντες
766 1378 912 1414 ἀνώτεροι,

121 1419 166 1446 διὰ
179 1420 260 1446 τοῦτο
273 1421 401 1454 γεγόνασι
420 1422 467 1448 καὶ
491 1421 615 1455 ἀκίνητοι
637 1422 704 1458 πρὸς
728 1425 758 1450 τὸ
782 1425 866 1452 κακὸν
881 1427 911 1452 οὐ

122 1465 204 1499 φύσει
220 1466 288 1493 ἀλλά
312 1466 414 1501 χάριτι,
440 1465 512 1493 καθὰ
537 1466 570 1500 δὴ
597 1468 645 1494 καὶ
671 1468 711 1503 τῷ
738 1469 912 1506 Δαμασκηνῷ

128 1511 239 1546 Ἰωάννῃ
254 1512 320 1548 περὶ
333 1512 428 1539 τούτου
443 1513 527 1539 δοκεῖ.

156 1557 236 1584 Οὕτω
252 1557 302 1592 μὶν
322 1557 378 1589 οὖν,
403 1559 545 1591 ὁσιώτατε,
569 1560 616 1586 καὶ
639 1559 704 1596 περὶ
729 1560 778 1588 τοῦ
802 1562 910 1597 πρώτου
925 1571 947 1600 c

120 1602 267 1637 ἀνθρώπου
281 1602 430 1629 ἐννοεῖσθαι
447 1611 476 1629 σε
491 1604 554 1638 χρή.
577 1604 632 1630 Καὶ
649 1606 703 1640 γὰρ
717 1605 842 1638 ἐξουσίαν
858 1608 916 1643 εἶχε

122 1649 217 1683 μένειν
241 1649 290 1675 καὶ
314 1649 481 1684 προκόπτειν
505 1650 534 1676 ὲν
559 1650 599 1685 τῷ
620 1651 726 1686 ἀγαθῷ,
748 1652 796 1679 καὶ
816 1654 863 1679 ἐπὶ
886 1654 917 1681 τὸ

120 1695 214 1730 χεῖρον
226 1692 303 1724 αὖθις
321 1695 376 1722 ἀπὸ
399 1694 448 1721 τοῦ
473 1695 555 1721 καλοῦ
580 1697 810 1732 μετατρέπεσθαι.
828 1698 916 1734 Εἴπερ

119 1741 167 1768 οὖν
184 1741 319 1775 ἀνώτερος
336 1740 437 1776 εὑρέθη
462 1741 588 1772 κάκεῖνος
607 1741 655 1774 τῆς
672 1741 720 1768 τοῦ
741 1741 828 1776 ὄφεως
847 1751 917 1779 συμ-

120 1787 232 1825 ϐουλῆς,
248 1787 328 1820 εἴπερ
346 1785 465 1820 ἐφύλαξε
483 1787 532 1821 τὴν
553 1786 676 1813 δοθεῖσαν
698 1788 772 1823 αὐτῷ
793 1789 913 1825 ἐντολὴν,

119 1824 230 1868 ἐγένετο
250 1832 482 1864 ἀποθανατισθεὶς
509 1834 578 1869 ὅπερ
608 1834 657 1860 οὒκ
686 1832 719 1869 ἦν
746 1834 793 1860 ἀπ’
813 1824 913 1869 ἀρχῆς,

118 1879 192 1906 τοῦτ’
205 1880 277 1906 ἐστιν
292 1879 438 1914 ἄτρεπτος,
455 1879 484 1905 οὗ
501 1879 572 1905 κατὰ
588 1879 670 1913 φύσιν
687 1880 779 1914 μόνον,
794 1880 862 1907 ἀλλά
881 1881 912 1916 δὴ

118 1928 167 1953 καὶ
183 1925 243 1952 κατ’
258 1925 343 1960 αὐτὴν
359 1925 409 1960 τὴν
432 1925 606 1961 προαίρεσιν.
628 1926 794 1960 ’Λντιλέγειν
818 1927 847 1953 δὲ
866 1928 913 1954 ἐπὶ

117 1972 224 2003 τούτοις
234 1972 285 1998 οὐκ
297 1971 418 2005 εὓλνιγον.
431 1972 462 1998 Εἰ
473 1972 525 2006 γὰρ
539 1972 586 1998 καὶ
599 1973 630 1999 ἐν.
641 1973 673 2006 τῇ
686 1972 768 2006 φύσει
782 1973 810 1999 τὸ
823 1975 877 2008 ἀμσ
884 1981 912 2008 ρ-

117 2020 210 2045 τᾶνειν
235 2018 285 2044 οὐκ
309 2015 367 2053 εἷχε
390 2017 451 2044 κατ’
475 2017 562 2051 ἀρχὰς
586 2017 599 2042 ὁ
623 2017 777 2053 ἄνθρωπος,
806 2018 854 2044 ἅτε
877 2019 909 2054 δὴ

117 2063 195 2100 παρὰ
210 2063 278 2090 Θεοῦ
302 2062 517 2098 δημιουργηοεὶς
540 2062 680 2098 ἄφθαρτος
702 2064 750 2090 καὶ
765 2064 907 2097 ἀθάνατος,

116 2110 175 2137 ἀλλ’
189 2110 218 2135 ιν
236 2109 304 2143 αὐτῇ
321 2110 354 2143 τῇ
371 2107 544 2143 προαιρέσει,
560 2107 632 2134 καθά
657 2108 689 2141 δὴ
712 2109 757 2134 καὶ
781 2110 909 2144 προείποε

118 2162 179 2188 μεν,
195 2153 319 2186 ἐξουσίαν
336 2150 394 2187 sile
412 2153 504 2187 μένειν
523 2154 552 2179 ὲν
573 2153 611 2187 τῷ
627 2153 733 2188 ἀγαθῷ,
751 2154 798 2180 καὶ
815 2154 862 2180 ἐπὶ
879 2155 908 2182 τὸ

115 2201 207 2235 χεῖρον
225 2196 303 2230 αὖθις
320 2198 374 2225 ἀπὺ
386 2198 433 2224 τοῦ
450 2198 553 2232 ἀγαθοῦ
574 2199 805 2234 μετατρέπεσοαι.
821 2201 906 2236 Εἴπερ

968 966 1107 986 rassemus
1115 959 1188 993 quod
1199 965 1319 990 eramus,
1328 963 1356 986 et
1366 963 1529 993 praeceptum
1540 958 1765 990 custodissemus,

966 1004 1039 1041 quod
1053 1012 1109 1032 non
1118 1012 1227 1031 eramus
1239 1003 1398 1037 fuissemus,
1409 1004 1461 1031 hoc
1475 1010 1526 1038 est,
1541 1002 1727 1031 immutabiles
1739 1007 1767 1030 't-t

967 1059 1075 1086 semper
1083 1050 1208 1086 ejusdem
1222 1050 1368 1086 propositi.
1383 1050 1439 1078 Nec
1450 1057 1605 1078 sermonem
1623 1050 1696 1077 hunc
1709 1053 1767 1076 sta-

967 1097 1015 1124 tim
1028 1104 1166 1125 aversare.
1176 1096 1203 1124 Si
1220 1097 1295 1124 enim
1310 1096 1476 1124 divinissimi
1486 1096 1575 1131 angeli
1587 1103 1649 1123 cum
1664 1103 1764 1123 secun—

966 1142 1030 1170 dum
1045 1143 1215 1178 propositum
1238 1142 1343 1177 aliquid
1360 1142 1435 1170 aliud
1449 1142 1527 1177 prius
1542 1145 1636 1170 essent
1647 1161 1654 1174 ,
1672 1142 1766 1170 novis-

966 1189 1046 1222 sime,
1062 1189 1134 1224 quod
1151 1196 1207 1216 non
1219 1193 1308 1221 erant.
1330 1193 1503 1216 evaserunt:
1517 1188 1666 1216 dilliculter
1689 1188 1763 1216 enim

965 1236 1083 1263 mobiles
1092 1240 1181 1270 erant,
1195 1235 1244 1263 sed
1258 1243 1314 1263 non
1326 1235 1481 1263 immobiles
1494 1235 1527 1262 ad
1541 1235 1643 1262 malum
1658 1243 1673 1262 a
1689 1235 1765 1269 priu-

963 1282 1053 1317 cipio;
1068 1282 1115 1310 sed
1131 1282 1261 1317 quoniam
1279 1290 1341 1310 cum
1367 1282 1535 1311 cadentibus
1559 1282 1665 1317 angelis
1687 1282 1764 1309 nullo

964 1332 1044 1364 pacto
1057 1328 1180 1356 devoluti
1198 1333 1281 1359 sunt.
1299 1333 1395 1363 utpote
1409 1328 1457 1363 qui
1481 1327 1544 1356 mali
1569 1328 1679 1356 illorum
1697 1335 1764 1354 con-

964 1374 1017 1401 silii
1033 1374 1189 1409 superiores
1206 1378 1468 1409 contemptoresque’
1486 1374 1600 1409 reperti,
1612 1379 1760 1409 propterea

963 1420 1044 1448 etiam
1064 1420 1219 1448 immobiles
1232 1420 1266 1448 ad
1282 1420 1383 1447 malum
1394 1424 1544 1448 evaserunt
1568 1427 1623 1448 non
1645 1425 1758 1451 natura,

963 1467 1012 1495 sed
1028 1467 1126 1503 gratia,
1137 1467 1367 1502 quemadmodum
1385 1467 1569 1495 Damascenus
1583 1467 1664 1494 etiam
1675 1466 1759 1494 Joan-

963 1521 1013 1541 nes
1030 1513 1065 1541 de
1079 1513 1132 1541 hoc
1147 1513 1289 1548 opinatur.

1000 1559 1040 1587 lla
1063 1559 1156 1594 igitur,
1181 1559 1222 1586 vir
1248 1559 1432 1592 sanctissime,
1444 1560 1527 1587 etiam
1546 1560 1580 1587 de
1603 1560 1693 1594 primo
1710 1559 1761 1587 lto-

972 1605 1046 1633 mine
1064 1605 1185 1641 cogitare
1203 1609 1230 1632 te
1246 1609 1365 1639 oportet.
1385 1604 1492 1632 Etenim
1509 1605 1566 1640 (90)
1587 1605 1717 1633 manendi
1733 1609 1761 1632 et

971 1649 1129 1685 proﬁciendi
1163 1650 1191 1676 in
1224 1649 1296 1677 bono
1333 1654 1497 1684 potestatem
1524 1649 1642 1677 habebat
1672 1654 1698 1677 et
1727 1650 1760 1677 ad

970 1696 1050 1731 pejus
1071 1696 1168 1723 iterum
1185 1703 1199 1722 a
1216 1695 1290 1722 bono
1312 1703 1341 1722 se
1362 1696 1552 1723 convertendi.
1578 1695 1607 1723 Si
1628 1696 1712 1731 igitur
1733 1700 1761 1724 ct

970 1742 1015 1770 illc
1041 1742 1178 1777 serpentis
1197 1741 1304 1769 consilii
1327 1746 1501 1776 contemptor
1525 1747 1652 1776 repertus
1673 1746 1758 1774 CSset,

969 1789 991 1816 si
1019 1788 1113 1816 datum
1134 1788 1186 1815 sibi
1206 1793 1373 1823 praaceptum
1393 1787 1569 1820 custodisset,
1588 1787 1621 1814 ad
1646 1787 1760 1814 immota

968 1834 1100 1861 talitatem
1115 1834 1321 1865 assurrexissct,
1348 1838 1375 1861 et
1398 1835 1530 1861 cvasisset
1546 1833 1618 1869 quod
1643 1842 1658 1860 a
1681 1833 1759 1868 prin-

967 1880 1039 1915 cipio
1056 1888 1110 1907 non
1125 1885 1195 1913 erat,
1224 1881 1275 1908 hoc
1301 1884 1344 1907 est
1375 1879 1553 1907 immutabilis
1578 1887 1633 1906 non
1660 1887 1759 1907 secun-

966 1926 1031 1954 dum
1053 1930 1177 1953 naturam
1193 1930 1310 1960 tantum,
1328 1925 1376 1954 sed
1395 1926 1477 1952 etiam
1497 1925 1648 1953 secundum
1673 1926 1756 1961 ipsam
1784 1953 1786 1955 _

965 1971 1146 1999 voluntatem.
1176 1970 1257 1999 Hisce
1282 1977 1373 1999 autem
1402 1972 1611 2005 contradicere,
1638 1980 1692 1999 non
1715 1978 1757 1999 est

965 2017 1065 2044 rationi
1096 2021 1325 2045 consentaneum.
1355 2016 1382 2044 Si
1396 2018 1470 2044 cnim
1495 2025 1608 2053 peccare
1634 2018 1717 2046 homo
1740 2025 1755 2044 a

965 2062 1101 2098 principio
1122 2063 1148 2090 in
1175 2067 1273 2090 natura
1294 2071 1349 2090 non
1377 2064 1482 2095 habuit,
1509 2073 1523 2090 a
1540 2063 1596 2091 Deo
1618 2064 1755 2099 siquidem

963 2108 1149 2143 corruptionis
1168 2116 1267 2143 expers
1285 2109 1505 2144 innuat-talisque
1523 2113 1632 2136 creatus
1654 2114 1706 2142 est,
1726 2110 1754 2136 iu

962 2155 1021 2189 ipsa
1040 2154 1190 2187 voluntate,
1210 2159 1240 2182 ut
1263 2154 1396 2188 diximus,
1419 2155 1614 2190 perseverandi
1634 2155 1660 2182 in
1681 2155 1753 2183 bono

962 2204 1127 2235 potestatem
1157 2201 1293 2233 habebat,
1325 2206 1353 2228 et
1383 2201 1410 2229 in
1434 2201 1557 2229 deterius
1589 2201 1689 2229 iterum
1718 2202 1752 2229 ab

114 2244 162 2272 οὖν
175 2244 291 2280 ἐφύλαξε
305 2244 354 2279 τὴν
372 2244 495 2271 δοθεῖσαν
512 2244 587 2279 αὐτῷ
603 2245 723 2279 ἐντολὴν,
746 2246 854 2280 ἐγένετο
871 2248 904 2274 ἂν

968 2251 1075 2273 ronesto
1088 2254 1118 2273 se
1135 2247 1324 2274 convertendi.
1340 2247 1369 2274 Si
1389 2248 1472 2283 igitur
1493 2248 1585 2275 datum
1604 2248 1656 2275 sibi
1671 2256 1752 2275 man-

113 2294 183 2326 ὂπερ
194 2292 243 2318 οὐκ
258 2289 293 2326 ἦν
307 2292 354 2318 ἀπ’
369 2290 468 2326 ἀρχῆς,
484 2290 565 2325 ἔχων,
582 2290 620 2322 ὡς
635 2291 756 2327 εἴρηται,
771 2294 817 2319 καὶ
832 2295 903 2321 κατὰ

113 2340 276 2374 προαῖρεσιν
291 2338 320 2363 τό
336 2346 366 2364 τε
383 2337 520 2372 ἄτρεπτον
535 2337 603 2371 ὁμοῦ
627 2339 674 2364 καὶ
689 2339 884 2374 ἀναμάρτητον
896 2349 903 2355 ·

111 2385 205 2414 ὁποῖος
217 2384 319 2409 testam
335 2383 461 2414 κάκεῖνος
483 2383 498 2409 ό
523 2383 593 2410 κατά
609 2391 641 2417 γε
657 2383 706 2418 τὴν
729 2383 776 2410 τοῦ
802 2386 904 2416 παντὸς

114 2429 271 2456 συντάλειαν
288 2428 503 2463 ὲγερθησόμενος
522 2427 674 2463 ἄνθρωπος.
697 2430 790 2465 Ἀρκεῖ
803 2431 902 2457 τοσαῦ-

111 2483 162 2503 τα⁸
178 2477 232 2507 τοῖς
248 2476 303 2510 γὰρ
317 2476 447 2510 ὲχέφροσι
467 2475 538 2501 κατὰ
555 2476 584 2501 σὲ
599 2477 646 2502 καὶ
665 2472 703 2509 εἷς
730 2477 808 2512 λόγος
824 2479 903 2514 ἀρκεῖ

113 2522 180 2557 πρός
196 2530 228 2556 γε
242 2522 291 2556 τὴν
310 2522 357 2549 τοῦ
374 2520 530 2556 κρείττονος
545 2520 665 2556 εὕρεσιν.

961 2291 1054 2319 datum
1082 2292 1260 2326 custodisset,
1288 2295 1360 2328 quod
1390 2302 1405 2320 a
1432 2294 1569 2329 principio
1596 2302 1651 2321 non
1678 2300 1750 2328 erat,

959 2339 1054 2372 utique
1070 2339 1185 2372 fuisset,
1203 2339 1318 2372 habens,
1339 2344 1368 2368 ut
1393 2340 1498 2367 dictqu
1521 2345 1574 2373 est,
1600 2341 1683 2368 etiarn
1704 2349 1751 2368 se-

958 2384 1079 2411 cundutn
1098 2385 1266 2412 voluntatem
1290 2391 1318 2413 et
1340 2386 1589 2414 inmutabilitatem
1605 2393 1631 2415 et
1648 2387 1750 2422 imper-

957 2430 1144 2462 cabilitatem;
1160 2431 1249 2465 qualis
1267 2433 1321 2460 erit
1349 2432 1393 2459 ille
1411 2433 1503 2466 homo,
1524 2434 1569 2468 qui
1587 2434 1613 2460 in
1639 2434 1749 2461 univcr-

957 2476 1045 2504 sitatis
1069 2478 1309 2505 consummatioue
1334 2484 1540 2508 resurrecturus
1563 2485 1614 2508 est.
1637 2481 1669 2507 Et
1690 2481 1748 2508 iure

956 2521 1065 2556 quidem
1083 2521 1229 2550 sulliciant.
1257 2523 1440 2553 Prudentibus
1468 2525 1551 2557 enirn,
1569 2527 1747 2560 quemadmo-

956 2567 1021 2594 dum
1039 2572 1067 2594 tu
1083 2575 1124 2600 es,
1142 2573 1169 2595 et
1186 2576 1270 2596 unum
1295 2571 1420 2603 verbum,
1448 2575 1475 2597 ut
1494 2571 1566 2606 quod
1591 2571 1688 2599 melius
1703 2577 1745 2599 et

954 2613 1071 2640 inveniri
1088 2615 1184 2648 possit,
1205 2613 1315 2644 suﬂicit.

147 2697 333 2743 er-illus
348 2698 550 2728 Alexandrinus
568 2697 616 2727 lib.
638 2700 740 2728 (loutra
760 2701 914 2736 Ambropot

968 2704 1026 2737 ph.,
1054 2712 1113 2739 cap.
1131 2705 1158 2738 ‘2,
1177 2706 1280 2734 arbitrii
1301 2706 1454 2735 libertatem
1489 2707 1592 2740 homini
1629 2707 1743 2743 νηυσίν

110 2742 117 2760 ι
127 2734 179 2762 iter
193 2734 302 2762 aSserit.
