1954 3068
181 111 231 144 731

814 109 1024 139 MlCllAELIS
1044 109 1174 140 GLYCIE

1758 108 1811 141 732

177 170 206 198 Si
221 170 294 197 enim
311 170 450 197 credimus
474 169 618 196 universos
644 167 771 195 homines
791 167 967 202 corruptione

1021 167 1044 193 at
1060 167 1211 202 ἄνθρωποι,
1235 168 1262 194 τί
1280 167 1311 194 τδ
1328 166 1540 202 καταναγκάζον
1557 166 1659 199 αὐτοὺς
1676 165 1812 202 αἰσθητῆς

176 216 334 250 superiores
346 223 407 243 esse
419 220 637 246 resurrecturos.
653 214 788 248 responde
801 214 868 248 jam.
889 213 966 248 quiti-

177 269 240 288 nam
260 261 380 288 futurum
399 263 446 292 sit.
465 261 537 297 quod
567 268 614 288 eos
647 260 775 288 settsileut
805 260 896 286 cibum
921 266 968 286 au—

176 315 251 335 ntcre
277 307 422 342 compellat
450 307 527 342 (57)?
555 307 583 335 Si
613 314 678 334 vero
704 306 854 334 secundum
883 306 967 332 etiam

175 354 334 388 angelou'um
351 354 574 387 similitudinem,
591 358 622 381 ιιι
636 354 716 381 divus
734 353 883 387 Gregorius
898 352 967 387 Nys-

176 407 258 428 senus
287 401 345 434 ait,
368 401 441 428 vivet
468 401 496 428 in
527 400 733 428 resurrectione
761 400 842 426 homo
867 398 969 433 (inquit

174 447 264 474 enim:
285 447 317 474 Et
345 452 427 474 erunt
444 455 540 474 omnes
563 451 592 474 ut
611 446 699 481 angeli
727 444 800 478 Dei),
831 445 968 479 quomodo

176 493 265 527 ipsum
293 493 348 521 cibi
380 497 407 520 et
435 492 554 528 potionis
587 493 754 528 indigentem
777 490 968 518 allirutmuus?

176 538 346 574 lmpossibile
362 539 413 566 ltoc
436 539 559 570 omnino.
574 538 754 573 impossibile.
775 538 801 564 Si
822 538 894 564 enim
920 537 969 563 ali-

176 585 277 612 mentis
299 586 404 612 utimur
424 585 451 612 in
477 585 696 619 praesentiarum,
718 592 751 611 ex
772 592 805 611 eo
828 588 870 611 est
894 583 966 618 quod

177 636 302 658 naturam
325 631 413 665 ipsam
440 630 574 658 habemus
589 639 649 665 qua:
662 638 712 658 nos
727 630 884 664 compellit;
907 629 966 661 sed,

177 677 404 711 quemadmodum
419 676 557 712 Nyssenus
573 677 673 711 ittquit,
696 677 748 703 hoc
766 681 822 703 tum
841 676 967 702 ministe-

177 722 219 749 rio
234 722 400 750 liberabitur
417 723 508 755 homo,
520 728 547 750 et
559 730 637 757 teque
650 730 681 750 ac
694 722 782 756 angeli
797 729 826 748 se
843 721 965 753 habebit.

177 768 250 796 sicut
279 769 306 795 in
333 767 482 803 Evangelio
508 769 640 795 Dominus
662 768 739 795 dicit.
767 767 822 794 Sed
847 767 967 795 Joannes

178 822 287 849 quoque
311 815 495 842 Damascenus
522 815 548 841 itt
575 822 625 842 suo
642 814 732 848 capite
751 814 902 841 centesimo
928 814 967 840 De

177 860 366 887 resurrectione
394 860 429 887 ita
454 861 522 887 dicit
546 859 579 887 ad
604 860 718 887 verbum
745 866 753 886 :

177 913 276 940 corpus
303 906 438 939 animale,
465 914 591 934 crassum
622 905 749 933 videlicet
778 910 805 933 et
831 906 968 933 mortale:

178 952 295 987 resurgit
313 959 413 986 corpus
429 952 564 987 spiritale,
580 952 660 987 quale
679 951 730 978 fuit
751 951 858 979 Domini
872 959 971 986 corpus

177 1002 238 1031 pOsl
266 997 516 1030 resurrectionem,
549 998 656 1025 clausas
676 997 774 1032 januas
800 998 970 1032 pervadens,

179 1044 394 1080 indefatigabile,
420 1045 592 1076 uutrimcnti,
611 1044 699 1071 somni
717 1049 744 1071 et
760 1044 878 1079 potionis
898 1043 970 1071 haud

166 1090 311 1126 -indigum.
327 1089 417 1117 Vitam
439 1091 512 1117 ettitn
530 1090 662 1124 agqualent
682 1090 787 1125 angelis
803 1090 829 1116 in
843 1090 972 1117 omnibus

178 1135 261 1162 homo
282 1139 348 1162 tunc
372 1136 455 1168 vivet,
485 1136 562 1171 juxta
590 1144 653 1163 eum
678 1135 724 1170 qui
740 1135 823 1162 dicit:
843 1135 875 1162 Et
889 1140 972 1163 erunt

177 1189 275 1209 omnes
290 1187 320 1209 ut
336 1183 426 1217 angeli
443 1182 489 1209 Dei
508 1182 575 1217 (38).
592 1191 601 1208 ›
665 1218 668 1219 ν

214 1228 268 1255 Sed
294 1228 360 1263 quid
386 1228 481 1255 multis
499 1236 568 1263 opus
585 1234 627 1256 est
645 1229 753 1256 verbis?
777 1227 805 1256 Si
830 1226 970 1257 Christum

177 1275 265 1310 ipsum
287 1283 342 1310 pra:
356 1275 464 1302 cunctis
481 1275 584 1302 habere
608 1275 751 1307 debemus,
772 1276 818 1310 qui
837 1276 906 1303 bona
923 1276 970 1303 illa

177 1321 317 1355 accepturi
336 1325 411 1354 sunt,
437 1329 498 1356 quze
521 1322 619 1349 oculus
636 1330 689 1349 non
715 1323 795 1353 vidit.
821 1330 872 1350 nec
895 1323 971 1350 attris

177 1367 293 1399 audivit,
311 1375 362 1395 nec
388 1368 416 1395 in
444 1376 491 1395 cor
515 1367 636 1406 hominis
665 1363 860 1400 ascenderunt.
888 1370 969 1396 aliain

178 1411 289 1438 vivendi
304 1412 450 1444 rationem,
465 1412 636 1445 utrarbitror,
651 1413 814 1448 participare
827 1421 968 1448 nunquam

178 1457 389 1492 compellentur.
409 1457 569 1486 Bcatitatem
587 1466 652 1486 vero
673 1459 757 1492 illam,
776 1467 831 1486 non
854 1460 970 1489 sensiles

179 1502 273 1537 epulas
289 1502 343 1537 (59)
364 1510 435 1536 esse,
451 1503 499 1530 sed
522 1503 722 1538 intelligibilem
743 1505 834 1539 potius
859 1513 891 1532 ex
911 1506 968 1540 ipsa

179 1549 286 1575 visione
302 1548 421 1575 laetitiam
442 1548 470 1576 in
488 1550 591 1576 sanctis
612 1549 771 1584 excitatam,
793 1551 852 1586 ipse
875 1550 968 1579 Domi~

180 1602 233 1622 nus
245 1594 444 1622 demonstravit
461 1603 523 1622 cum
549 1595 587 1623 ita
603 1595 689 1623 dixit:
709 1605 718 1622 ι
732 1595 822 1628 Pater,
838 1605 906 1632 quos
921 1598 969 1625 de—

179 1641 243 1668 disti
269 1640 346 1674 mihi,
369 1641 430 1668 volo
447 1645 479 1668 ut
506 1641 551 1668 ubi
576 1649 626 1677 ego
647 1649 720 1673 sum.
740 1643 822 1669 etiam
854 1643 891 1670 illi
914 1643 970 1671 sint

178 1695 297 1720 mecum.
314 1692 345 1715 ut
360 1695 447 1715 meam
463 1688 578 1723 gloriam
599 1689 827 1724 contemplentur.
842 1699 852 1716 ι
870 1691 970 1718 Atten-

177 1735 211 1762 de
230 1735 333 1770 igitur:
350 1742 405 1762 non
429 1735 508 1766 dixit,
535 1744 545 1761 ι
559 1740 588 1763 ut
600 1735 777 1771 participem,
793 1746 803 1762 ι
831 1736 889 1768 sed.
913 1746 922 1763 ι
939 1742 969 1764 ut

177 1780 401 1815 contemplemur
415 1781 530 1815 gloriam
548 1789 648 1809 meam.
661 1791 670 1808 ι
689 1782 752 1809 Inde
762 1783 845 1818 igitur
855 1783 969 1810 demon-

177 1827 286 1858 stravit,
302 1831 331 1854 ut
354 1834 436 1854 aurea
460 1828 542 1854 verba
564 1827 682 1855 fundens
706 1827 826 1856 Joannes
852 1829 890 1856 ait
915 1829 968 1857 tale

176 1871 300 1898 divinum
318 1872 421 1899 dictum
450 1880 596 1906 enarrans,
613 1881 723 1902 omnem
748 1874 818 1902 hanc
844 1875 968 1910 requiem

179 1918 205 1944 iu
229 1918 274 1945 liei
305 1917 368 1946 Filii
395 1920 626 1954 contemplatione
649 1922 804 1948 consistere
831 1921 898 1957 (40).
925 1920 967 1948 Uti

176 1967 252 1993 cnim
271 1965 288 1992 ii
301 1966 348 2000 qtti
361 1966 427 1993 solis
440 1966 533 1994 radios
543 1967 730 2001 speculantur.
742 1974 856 2002 aereque
872 1968 967 1995 l'ruun-

177 2017 241 2044 tur,
273 2011 460 2039 tenuissimam
482 2020 515 2039 ex
544 2017 655 2047 aspectu
681 2012 782 2040 habent
807 2014 967 2041 delectatio-

178 2064 253 2086 ιιστιιι,
284 2057 320 2083 ita
345 2064 455 2091 quoque
483 2062 548 2084 tttttc
570 2057 633 2084 erit.
660 2056 767 2084 Etenim
792 2058 968 2093 intelligibilis

179 2102 217 2129 ibi
231 2110 263 2129 ev
284 2103 517 2138 contemplatione
539 2103 632 2130 laetitia
651 2103 678 2130 in
693 2105 806 2136 sanctis,
823 2109 851 2131 ut
863 2105 967 2132 dictum

177 2154 229 2179 est.
246 2149 420 2176 excitabitur.
439 2149 494 2176 Hoc
518 2150 607 2183 ipsum
625 2150 720 2184 utique
734 2150 888 2178 consultum
913 2157 968 2179 sta-

1022 214 1157 241 ἇπτεσθαι
1175 214 1324 250 βρώσεως;
1345 214 1395 246 Δὸς
1419 214 1466 241 ἐπὶ
1481 213 1588 246 τούτοις
1605 213 1762 249 ἀπόκρισιν.
1779 213 1811 240 Et

1021 260 1048 287 δέ
1063 261 1109 288 καὶ
1132 261 1194 288 καθ’
1215 261 1364 296 ὁμοιότητα
1386 261 1442 288 τῶν
1461 261 1597 296 ἀγγέλων,
1614 260 1653 300 ᾡς
1672 261 1686 286 6
1700 260 1812 294 Νύσσης

1023 306 1094 337 θεῖος
1114 307 1277 342 Γρηγόριος,
1303 309 1332 335 έν
1349 309 1382 343 τῇ
1406 307 1554 337 ἀναστάσει
1576 306 1689 341 ζήσεται
1706 306 1813 341 ἀνθρω-

1022 361 1074 385 πος
1091 353 1158 387 (Καὶ
1183 353 1291 380 ἔσονται
1315 353 1380 388 γὰρ,
1408 354 1488 388 φησὶ,
1513 353 1612 385 πάντες
1638 353 1676 384 ὡς
1699 353 1810 386 ἄγγελοι

1022 399 1115 435 Θεοῦ),
1132 399 1191 432 πῶς
1213 400 1295 428 αὐτὸν
1310 400 1388 427 ἐνδεᾶ
1402 399 1528 436 βρώσεως
1541 399 1588 426 καὶ
1606 399 1713 431 πόσεως
1727 399 1810 426 εῐπω-

1024 454 1092 480 μεν;
1116 446 1272 481 Ἀμήχανον
1291 447 1372 473 τοῦτο
1393 445 1513 479 πάντως,
1537 445 1691 481 ἀμήχανον.
1707 445 1740 472 Εί
1756 445 1811 480 γὰρ

1022 492 1069 518 καὶ
1085 491 1205 526 βρώσεσι
1223 492 1357 527 χρώμεθα
1373 492 1506 528 σήμερον,
1521 492 1570 520 an
1590 493 1640 526 τὴν
1663 491 1746 526 φύσιν
1761 491 1812 518 αὐ·

1023 537 1071 572 τὴν
1084 537 1192 572 ἔχοντες
1203 537 1425 572 ἀναγκάζουσιν,
1438 538 1517 570 ἀλλὰ,
1532 537 1660 572 καθάπερ
1673 538 1687 563 6
1700 537 1812 571 Νύσσης

1023 583 1100 617 φησὶ,
1117 583 1167 618 τῆς
1189 582 1361 620 λειτουργίας
1382 584 1486 616 ταύτης
1500 584 1726 619 ἀπαλλαγήσεται
1748 583 1812 609 τότε

1022 630 1036 656 ὁ
1049 629 1193 665 ἄνθρωπος
1210 630 1259 657 καὶ
1274 632 1331 662 τοίς
1347 630 1476 665 ἀγγέλοις
1490 630 1520 662 ἐξ
1536 630 1595 657 ἴσου
1609 630 1812 665 διατεθήσιται,

1023 675 1114 708 καθὼς
1138 677 1166 702 ὲν
1190 676 1370 710 Εὑαγγελίοις
1392 676 1444 712 ἔφη
1469 677 1484 704 6
1510 677 1623 711 Κύριος.
1644 675 1724 702 Ἀλλὰ
1739 676 1813 702 καὶὸ

1022 721 1206 757 Δαμασκηνὸς
1238 722 1367 758 Ἰωάννης
1397 723 1427 749 ἐν
1452 722 1491 758 τῷ
1517 722 1587 756 Περὶ
1614 721 1810 754 ἀναστάσεως

1023 767 1164 801 ἑκατοστῷ
1181 767 1324 802 κεφαλαίῳ
1343 767 1427 794 αὑτοῦ
1441 768 1512 794 κατά
1527 767 1600 799 λέξιν
1621 767 1695 794 οὓτω
1707 768 1792 802 φησίν
1803 773 1814 784 ο
1834 798 1839 804 ἰ

1025 822 1035 838 ι
1054 813 1199 848 Σπείρεται
1216 814 1298 848 σῶμα
1313 813 1441 849 ψυχικὺν,
1455 815 1540 849 ἢγουν
1555 813 1628 848 παχύ
1643 822 1672 840 τε
1687 815 1734 840 καὶ
1750 814 1815 848 θνη-
1842 810 1846 813 ’

782 869 792 886 ‹
810 859 968 887 Sentinatur
985 849 1006 876 Β
1022 861 1078 891 τὸν,
1091 861 1231 896 ἐγείρεται
1253 861 1334 896 σῶμα
1348 860 1550 896 πνευματικὸν,
1570 858 1627 888 οἷον
1642 861 1673 887 τὸ
1693 860 1741 887 τοῦ
1756 861 1814 887 Κυ-

1024 905 1082 940 ρίου
1098 905 1178 940 σῶμα
1191 906 1261 940 μετά
1271 906 1321 941 τὴν
1335 907 1500 938 ἀνάστασιν,
1512 906 1716 940 κεκλεισμένων
1726 906 1813 933 ὅντων

1019 945 1112 986 ὀυρῶν
1137 952 1325 987 διερχόμενον,
1353 953 1541 986 ἁχοπίαστον,
1569 954 1695 988 τροφῆς,
1726 952 1814 978 ὕπνου

1022 996 1071 1022 καὶ
1085 996 1191 1028 πόσεως
1208 998 1344 1029 ἀνενδεές.
1365 998 1428 1024 Βίον
1443 998 1500 1033 γὰρ
1518 998 1663 1032 ίσάγγελον
1677 998 1724 1024 ἐπὶ
1742 998 1814 1024 πᾶσι

1022 1043 1082 1069 τότε
1097 1043 1210 1077 ζήσεται
1225 1043 1369 1078 ἄνθρωπος
1385 1045 1458 1071 κατά
1470 1043 1516 1070 τὸν
1532 1044 1657 1078 είπὸντα,
1670 1044 1726 1076 Καὶ
1738 1043 1815 1071 hov-

1022 1098 1068 1116 ται
1084 1089 1185 1122 πάντες
1199 1090 1237 1122 ὡς
1251 1090 1364 1125 ἄγγελοι
1378 1086 1458 1118 Θεοῦ.
1479 1099 1489 1117 ι

1057 1226 1113 1255 Καὶ
1126 1227 1154 1253 τί
1168 1225 1222 1262 χρὴ
1237 1226 1323 1254 πολλά
1343 1226 1453 1261 λέγειν;
1477 1226 1510 1253 Et
1531 1226 1576 1253 τὸν
1592 1226 1711 1262 Χριστὸν
1728 1225 1812 1252 αὑτὸν

1022 1273 1082 1300 ἀντὶ
1102 1274 1212 1300 πάντων
1229 1272 1303 1307 ἔχειν
1319 1272 1475 1307 ὀφείλοντες
1489 1272 1515 1298 οἱ
1534 1271 1589 1299 τῶν
1610 1272 1722 1306 ἀγαθῶν
1739 1272 1813 1297 ἑκεί-

1022 1328 1075 1345 νων
1091 1319 1241 1345 ἀπολασεῐν
1262 1319 1408 1354 μέλλοντες
1422 1319 1440 1346 ἃ.
1455 1318 1596 1353 ὀφθαλμὸς
1610 1319 1660 1344 οὐκ
1680 1316 1746 1349 εἷδε,
1762 1319 1813 1345 καὶ

1021 1366 1067 1397 οὓς
1090 1366 1140 1393 οὐκ
1165 1367 1277 1401 ἤκουσε,
1305 1367 1352 1393 καὶ
1369 1366 1414 1392 ἐπὶ
1443 1366 1559 1399 καρδίαν
1588 1366 1735 1400 ἀνθρώπου
1762 1366 1813 1392 οὐκ

1021 1413 1118 1448 ἀνέθη,
1136 1413 1242 1447 διαίτης
1264 1413 1375 1447 ἑτέρας,
1391 1413 1430 1445 ὡς
1442 1410 1533 1448 οἶμαι,
1550 1413 1698 1448 μετασχεῖν
1713 1413 1763 1439 οὐκ
1779 1413 1813 1440 ἄν

1021 1468 1086 1485 ποτε
1100 1460 1334 1495 προαχθήσονται.
1351 1460 1415 1487 Ὀτι
1435 1460 1465 1487 δὲ
1485 1461 1501 1495 ή
1529 1461 1700 1496 μακαριότης
1717 1461 1812 1495 ἐκείνη

1021 1506 1184 1542 οὐ¹βρῶσις
1213 1506 1330 1542 αἰσθητή
1360 1507 1450 1539 ἐστιν,
1477 1506 1535 1534 ἀλλ’
1561 1507 1577 1542 ή
1605 1506 1688 1541 νοητὴ
1710 1507 1813 1541 μᾶλλον

1022 1553 1175 1588 εὐφροσύνη
1191 1552 1236 1580 διὰ
1260 1553 1325 1585 θέας
1342 1549 1507 1587 ἐγγινομένη
1532 1554 1590 1584 τοῖς
1609 1552 1710 1586 ἁγίοις,
1730 1553 1813 1586 αὐτὸς

1019 1601 1034 1626 6
1049 1600 1152 1635 Κύριος
1173 1599 1275 1631 ἔδειξεν
1290 1601 1319 1626 ὲν
1333 1596 1374 1631 οἷς
1388 1599 1476 1631 οὕτως
1497 1599 1574 1633 ἔλεγε
1590 1606 1598 1614 ·
1617 1609 1626 1625 ι
1645 1600 1747 1638 Πάτερ,
1764 1599 1813 1630 οὓς

1020 1643 1141 1675 δέδωκάς
1158 1652 1205 1679 μοι
1220 1643 1291 1670 θέλω
1308 1644 1352 1670 ῐνα
1376 1643 1445 1671 ὅπου
1462 1644 1522 1679 εἰμὶ
1542 1643 1609 1678 ἐγὼ,
1624 1645 1745 1671 κάκεῖνοι
1759 1641 1811 1671 ὦσι

1021 1690 1082 1724 μετ’
1099 1690 1178 1724 ἐμοῦ,
1191 1690 1235 1716 ἵνα
1253 1689 1377 1725 θεωρῶσι
1392 1690 1442 1726 τὴν
1458 1689 1539 1722 δόξαν
1553 1690 1603 1726 τὴν
1617 1691 1699 1725 ἐμήν.
1714 1700 1723 1716 ι
1742 1691 1812 1726 [1ρὸ-

1021 1742 1085 1768 σεχε
1110 1732 1157 1760 οὖν
1169 1742 1176 1749 ·
1194 1733 1243 1760 οὐκ
1260 1731 1351 1767 εἶπεν,
1369 1743 1378 1760 ι
1397 1734 1441 1760 ἵνα
1459 1734 1622 1770 μετέχωσιν,
1641 1744 1651 1760 ι
1665 1735 1724 1761 ἀλλ’
1742 1744 1751 1760 ι
1767 1736 1812 1762 ἴνα

1020 1779 1146 1814 οιωρῶσι
1160 1779 1211 1814 τῆν
1223 1779 1305 1812 δόξαν
1318 1780 1368 1814 τὴν
1384 1779 1465 1813 ἐμήν.
1481 1789 1491 1805 ι
1512 1779 1635 1812 Ἔδειξεν
1652 1777 1699 1807 οὖν
1716 1781 1812 1808 ἐντεῦ-

1020 1825 1076 1857 θεν,
1090 1825 1128 1857 ὡς
1141 1826 1155 1852 6
1172 1826 1376 1861 χρυσορρήμων
1396 1825 1525 1860 Ἰωάννης
1546 1827 1613 1860 φησὶ
1637 1827 1668 1853 τὸ
1689 1827 1812 1854 τοιοῦτον

1019 1872 1239 1907 ἐπεξηγούμενος
1265 1872 1336 1898 θεῖον
1362 1872 1457 1906 ῥητὸν,
1482 1873 1525 1899 ὃτι
1552 1873 1630 1900 πᾶσα
1655 1873 1813 1906 ἀνάπαυσις

1020 1917 1093 1953 αὕτη
1109 1917 1185 1944 ἐστὶν
1201 1918 1240 1949 είς
1255 1917 1285 1944 τὺ
1300 1917 1414 1952 Θεωρετν
1439 1918 1480 1949 εις
1500 1918 1548 1944 τὺν
1565 1919 1630 1945 Υίδν
1656 1919 1704 1946 τοῦ
1719 1919 1788 1946 Θεοῦ
1803 1928 1810 1936 ·

1018 1964 1113 1999 ὥσπερ
1126 1966 1180 1999 γὰρ
1196 1964 1220 1990 οἱ
1239 1964 1307 2000 πρὸς
1322 1964 1371 1995 τὰς
1386 1964 1500 1995 ἀκτῖνας
1515 1963 1565 1991 τοῦ
1581 1964 1658 2000 ἡλίου
1675 1965 1813 2000 θεωροῦν-

1017 2020 1063 2044 τες
1092 2013 1140 2038 χαὶ
1167 2011 1248 2047 ἀέρος
1271 2011 1456 2042 ἀπολαύοντες
1484 2011 1654 2048 λεπτοτάτην
1684 2012 1737 2038 ἀπὸ
1762 2013 1813 2047 τῆς

1018 2057 1107 2092 ὅψεως
1121 2058 1214 2093 έχουσι
1229 2058 1279 2092 τὴν
1292 2057 1455 2092 ἀπόλαυσιν,
1479 2058 1567 2091 οὕτως
1582 2060 1660 2087 ἔσται
1679 2061 1726 2087 καὶ
1738 2061 1812 2088 τότε.

1018 2105 1113 2140 Νοητὴ
1130 2104 1246 2139 καὶγὰρ
1271 2105 1429 2140 εὐφροσύνη
1450 2105 1540 2132 ἐκεῖσε
1562 2107 1608 2133 διὰ
1629 2107 1693 2138 θέας
1706 2109 1814 2141 ἐγγινο-

1021 2151 1089 2187 μένη
1104 2152 1160 2182 τοῖς
1173 2151 1272 2184 ἁγίοις,
1284 2151 1322 2182 ὡς
1337 2150 1458 2186 εῐρηταιρ
1467 2152 1553 2178 Τοῦτο
1567 2153 1660 2188 μέντοι
1675 2153 1705 2179 rb
1720 2153 1812 2188 δόγμα

178 2195 238 2222 bilit
269 2194 351 2221 etiam
376 2194 564 2222 divinissimus
584 2195 704 2223 Joannes
728 2195 914 2224 Damascettus
936 2198 967 2225 de

1023 2199 1167 2232 συνίστησι
1182 2197 1230 2224 καὶ
1253 2198 1267 2224 6
1292 2197 1432 2229 θειότατος
1456 2198 1583 2234 Ἰωάννης
1598 2199 1612 2225 6
1630 2200 1811 2234 Δαμασκηνδ;

177 2240 350 2267 intr-merulis
373 2239 474 2267 Christi
489 2240 627 2276 mysteriis
651 2241 731 2268 verba
752 2241 868 2273 faciens.
887 2248 916 2270 et
938 2251 970 2271 ea

169 2293 238 2320 qua:
253 2291 407 2321 sequuntur
429 2286 495 2314 dicit
510 2295 518 2312 :
532 2295 541 2312 ι
557 2286 655 2314 Sancta
674 2288 730 2314 haec
747 2294 918 2316 sacramenta
935 2290 972 2317 si-

177 2334 300 2361 mulacra
316 2332 473 2360 futurorum
499 2333 637 2367 dicuntur,
664 2340 719 2360 non
741 2334 804 2369 quia
823 2342 886 2362 vere
915 2343 970 2363 non

213 2416 269 2451 (37)
286 2415 420 2450 Superius
440 2414 571 2451 col.,702.

213 2449 269 2486 (38)
286 2449 481 2480 Tertulliattus.
495 2450 531 2476 De
547 2459 632 2478 retur.
644 2458 719 2476 cam.
741 2458 750 2474 ι
761 2449 926 2486 νΤι-τιιιείιιιτί
941 2451 967 2479 in

175 2493 277 2516 statum
292 2486 444 2521 angelicum
461 2494 509 2521 per
534 2485 723 2512 indumentqu
750 2485 814 2512 illud
841 2486 967 2514 incorru-

177 2522 344 2559 ptibilitatis,
361 2529 410 2555 per
424 2522 584 2559 substantia}
611 2521 796 2559 resuscitatzo
812 2526 902 2559 tamen
910 2522 968 2559 _de-

175 2555 366 2585 humationem.
386 2566 394 2581 ι
427 2555 540 2583 Ruliuus
558 2556 654 2590 Expos.
674 2558 700 2581 in
722 2555 839 2590 Symbol.
853 2565 862 2582 :
881 2566 889 2581 ι
910 2557 963 2583 lit-

176 2592 356 2620 surrectionis
373 2599 436 2626 ergo
450 2592 536 2618 virtus
550 2591 703 2626 angelicum
722 2591 880 2618 hominibus
896 2599 961 2618 con-

176 2630 231 2656 fert
246 2633 360 2659 statum,
382 2628 469 2660 utqui
490 2627 524 2652 de
557 2632 628 2652 terra
658 2631 878 2659 resurrcxerunt,
905 2635 960 2654 non

176 2663 275 2691 iterum
296 2664 322 2689 in
341 2667 413 2689 terra
429 2669 490 2689 cum
504 2661 737 2695 quadrupedibus,
767 2661 815 2687 sed
842 2669 868 2687 tn
893 2662 963 2689 caelo

176 2707 238 2726 cum
256 2697 370 2733 angelis.
385 2696 490 2723 vitant.
512 2706 521 2721 ι

211 2734 267 2768 (59)
283 2729 429 2766 P'erperaut
449 2732 531 2766 igitur
547 2730 665 2768 theologi
676 2729 784 2768 quidam
795 2730 964 2768 perlettdunt

176 2766 632 2803 gustustactusquevoluptatibus
658 2766 831 2803 ctcjttstnodt‘
857 2766 963 2803 «ιε-ιιρίιε

176 2801 271 2830 beatos
285 2803 311 2829 in
325 2802 395 2829 caelo
406 2801 488 2828 etiam
503 2802 636 2828 fruiturus
650 2810 655 2826 :
670 2805 697 2827 ct
724 2801 787 2826 hinc
804 2801 962 2828 cxculratur

175 2837 300 2864 Ccrinllti
335 2838 460 2870 ιιειεΓοδις,
490 2842 518 2865 ct
547 2843 641 2863 eorum
673 2835 880 2868 ()ltiliztsturum,
917 2839 962 2872 qui

1019 2245 1086 2280 mp“.
1100 2244 1155 2270 τῶν
1181 2243 1326 2278 ἀχράντων
1353 2243 1402 2270 τοῦ
1426 2244 1547 2279 Χριστοῦ
1581 2245 1739 2280 μυστηρίων
1764 2246 1808 2271 tot

1019 2291 1100 2322 λόγον
1117 2290 1289 2327 ποιούμενος,
1307 2290 1354 2316 καὶ
1371 2290 1435 2317 τάδε
1451 2291 1540 2326 φησί’
1563 2299 1572 2316 ι
1583 2291 1623 2317 Τὰ
1642 2292 1709 2325 ἃγια
1723 2292 1812 2318 ταῦτα

1022 2337 1163 2373 μυστήρια
1183 2335 1240 2362 τῶν
1254 2336 1409 2370 μελλόντων
1425 2335 1562 2363 ἀντίτυπα
1580 2337 1688 2371 λέγεται
1703 2337 1753 2373 οὑχ
1769 2338 1812 2364 ὃτι

1019 2417 1144 2446 homines
1162 2420 1306 2450 postquam
1333 2416 1535 2444 resurrexerint
1569 2423 1631 2443 cum
1649 2416 1761 2443 Christo
1782 2418 1810 2444 in

1019 2453 1071 2480 hoc
1089 2453 1192 2479 tnundo
1207 2456 1379 2486 regnaturus,
1394 2451 1500 2478 deliciis
1508 2452 1638 2478 omnibus
1647 2457 1674 2479 et
1687 2453 1812 2486 volupta-

1018 2489 1092 2515 tibus
1103 2487 1255 2517 allluentes,
1271 2486 1418 2518 alllrtuant,
1433 2487 1467 2514 de
1479 2487 1579 2520 quibus
1587 2487 1646 2514 vide
1664 2487 1810 2514 Eusebium

1018 2523 1212 2550 Caesariensem
1226 2521 1273 2547 lib.
1291 2528 1319 2547 ιιι
1335 2521 1436 2549 lliuor.
1450 2522 1531 2548 ecula
1546 2541 1553 2553 ,
1570 2530 1630 2556 cap.
1648 2521 1711 2548 QIt-t
1725 2523 1769 2550 ἰιυ.
1782 2528 1812 2549 et

1019 2559 1066 2585 lib.
1087 2566 1133 2589 ru.
1150 2565 1210 2590 cap.
1226 2556 1271 2588 21,
1294 2561 1323 2592 et-
1344 2556 1527 2592 Augusttutttn
1551 2557 1600 2584 lib.
1616 2565 1660 2584 χιχ
1686 2557 1722 2582 De
1736 2558 1808 2584 util.

1019 2593 1079 2626 Dei,
1093 2600 1152 2627 cap.
1172 2593 1200 2622 7,
1217 2596 1246 2618 ut
1263 2591 1542 2627 reliqttosr'outittatn.

1053 2629 1110 2662 (ω)
1128 2626 1195 2654 llint:
1210 2631 1283 2653 recte
1307 2629 1356 2662 viri
1376 2626 1476 2662 doctus
1501 2627 1639 2654 Avicenna
1673 2628 1809 2662 iustorum

1017 2664 1167 2690 secundum
1182 2662 1286 2689 obitum
1313 2661 1471 2688 felicitati-ut
1499 2663 1576 2696 juxta
1607 2663 1810 2690 Mllililllllnl‘fils

1017 2700 1112 2733 placita
1131 2697 1328 2733 expoucttstiu
1357 2704 1409 2723 una
1425 2696 1469 2723 Dei
1497 2698 1728 2729 contemplatione
1747 2704 1809 2723 cum

1016 2731 1142 2763 collocat.
1169 2731 1210 2759 ret
1251 2731 1443 2766 ὀλληγορικώς
1485 2733 1694 2766 interpretatur,
1747 2740 1810 2767 qua:

1015 2769 1246 2803 ψευδοπροφήτης
1280 2767 1323 2793 ille
1351 2769 1385 2794 de
1410 2767 1588 2794 scnsibilibus
1622 2767 1808 2802 voluptatibus

1016 2802 1125 2831 tutetur
1142 2803 1279 2838 ingerere.
1300 2802 1364 2830 \‘idc
1381 2803 1442 2837 ejus
1456 2810 1525 2837 Opus
1541 2803 1576 2830 de
1591 2803 1733 2831 Alma/md.
