1954 3068
122 102 176 136 769

804 97 991 129 EPISTOLA
1004 98 1061 130 .VI.

1685 96 1738 128 770

124 158 172 185 καὶ
186 158 289 192 γήμῃς,
307 156 357 191 οὐχ
371 157 495 192 ⁴ἥμαρτες
507 164 514 172 ·
536 156 593 183 ἀλλ’
609 155 636 182 ὲν
662 155 809 191 ἁμαρτίαις
830 155 906 190 ὅμως

962 153 1025 181 eatis
1037 152 1165 181 similiter
1182 153 1263 180 habet
1280 158 1374 180 nostra
1394 152 1535 188 generatio
1548 160 1738 189 progressum;

123 202 140 235 ἡ
163 201 270 235 γένεσις
285 201 363 234 ἡμῶν
382 200 438 235 ἔχει
453 200 502 234 τὴν
521 201 661 234 πρόσοδον,
680 200 727 227 ἅτε
741 200 773 235 δὴ
787 209 907 235 προκατ-

123 239 254 281 άρχοντος
279 245 384 276 πάθους
410 246 495 280 αὐτῆς
507 253 514 261 ⁸
531 243 562 272 οὗ
579 246 660 280 χάριν
675 246 787 281 ἐμπαθῆ
803 246 907 282 ταύτην

125 290 196 316 εἶναι
219 291 266 317 καὶ
292 289 388 324 δοτᾶλην
413 291 427 316 ὁ
449 290 580 324 Θεολόγος
606 290 710 324 ἔλεγεν.
742 291 907 318 Ἐπιϐεϐαιοῖ

125 334 212 361 ταῦτα
232 335 280 361 καὶ
296 334 378 361 Δαὸὶδ
402 335 416 361 ὁ
440 335 510 366 θεῖος
526 335 597 361 οὕτω
623 335 729 368 λέγων·
750 344 759 360 t
786 335 830 361 Ἐν
845 336 906 362 ἀνο-

127 381 203 414 μίαις
223 381 404 416 συνελήφθην,
415 382 463 407 καὶ.
483 382 512 407 ὲν
530 382 679 416 ἁμαρτίαις
694 382 822 417 ἐκίσσησέ
840 383 903 417 μεή

126 426 219 460 μήτηρ
233 433 294 460 μου.
312 434 321 451 ι
339 426 393 452 Καὶ
405 426 461 459 γὰρ
482 427 506 452 εί
524 426 560 461 μὴ
590 426 668 452 τοῦτο
683 424 727 462 ἦν,
750 428 774 453 εἰ
801 426 838 462 μὴ
857 427 906 462 τὴν

126 470 222 506 ζωώδη
235 471 337 506 ταύτην
348 471 465 506 εὕρηκεν
476 472 572 505 ἄλογον
583 472 711 506 γέννησιν
722 474 761 503 εἰς
772 472 806 508 ἢν
820 475 833 500 ό
845 473 905 499 κατ’

125 515 219 542 εἰκόνα
234 516 416 550 γεγενημένος
430 516 497 543 Θεοῦ
521 517 673 552 κατηνέχθη
693 517 737 544 διὰ
749 517 798 553 τὴν
817 518 906 553 παρά-

125 561 217 593 ϐασιν,
236 561 286 588 οὐκ
300 561 332 588 ἂν
349 562 396 588 ἐπὶ
411 562 538 589 τοσοῦτον
557 563 677 598 ὠδύρετο
696 564 796 596 λέγων·
819 574 828 591 ε
843 565 907 591 Ἀν-

125 606 236 642 θρωπος
252 607 282 634 ἒν
298 609 365 642 τιμῇ
379 607 416 634 ὢν
430 608 460 634 οὐ
479 608 589 643 συνῆκε.
606 610 836 646 Παρασυνεῦλήθη
850 612 906 642 τοῖς

125 653 253 688 ἀνοήτοις
267 655 388 688 κτήνεσι,
401 654 448 680 καὶ
460 654 588 689 ὡμοιώθη
605 655 723 687 αὐτοῖς.»
737 656 767 682 Εί
777 655 806 682 δὲ
820 657 906 683 ταῦτα

123 698 211 730 οὕτως
227 699 301 734 ex“;
314 700 340 725 τί
356 699 409 735 χρὴ
424 701 471 726 καὶ
495 701 585 734 λέγειν
598 701 612 735 ἢ
627 702 668 728 ὅτι
682 702 735 735 πρὸ
756 702 802 728 τοῦ
818 711 906 737 rupa—

125 744 230 778 χθῆναι.
240 745 269 770 τὺ
284 744 361 781 θῆλυ,
379 745 431 779 πρὸ
447 745 492 772 τοῦ
517 746 730 781 συγχωρηθῆναι
743 747 789 773 τὸν
804 747 904 782 γάμον,

124 789 191 824 ἄλλη
209 798 250 820 τις
272 790 288 825 ἡ
313 790 445 824 διαγωγὴ,
470 790 515 816 καὶ
532 790 613 826 ἑτέρα
635 791 766 824 ᾠσαύτως
788 793 831 819 τοῦ
850 793 902 820 σώ-

127 843 212 869 ματος
229 837 385 871 κατασκευὴ
408 837 439 871 τῇ
457 837 624 863 καταστάσει
640 838 747 868 πάντως
762 839 853 874 ἐκείνῃ
869 840 901 874 τῇ

127 881 261 916 πρότερον
277 881 431 915 πρέπουσα.
445 881 505 907 καθ’
518 881 551 916 ἥν
565 881 696 916 ὁμότιμος
711 883 764 913 τοῖς
779 883 905 916 ἀγγέλοις

125 925 140 950 ὁ
156 925 299 960 ἄνθρωπος
319 924 364 960 ἦν.
384 926 444 953 ’Ὅτι
459 926 487 952 δὲ
510 927 595 953 ταῦτα
611 925 699 958 οὕτως
720 925 778 962 εἶχε
792 928 844 963 πρὸ
857 929 905 962 τῆς

126 971 302 1003 ἐκπτώσεως,
315 971 386 998 αὐτά
409 980 438 997 σε
456 972 509 1006 πρὸ
526 971 572 998 τοῦ
592 972 672 1006 λόγου
697 973 846 999 διδασκέτω
873 974 906 1001 τὰ

127 1015 292 1050 πράγματα.
304 1016 353 1042 Διὰ
368 1016 394 1042 τί
408 1016 462 1050 γὰρ
477 1017 491 1042 ὁ
507 1017 612 1048 Παῦλος
627 1019 686 1048 ταῖς
699 1019 843 1053 παρθένοις
860 1019 907 1045 καὶ

126 1061 188 1091 ταῖς
205 1061 303 1095 χήραις
320 1062 410 1095 μεῖναι
426 1062 487 1088 κατ’
506 1063 610 1088 ἐκεῖνον
634 1063 803 1095 ὲπέτασσεν;
821 1065 907 1099 Είπερ

125 1104 174 1133 οὖν
189 1107 236 1132 ἀπ’
250 1107 337 1142 ἀρχῆς
352 1107 436 1142 ἄρσεν
450 1108 498 1134 καὶ
512 1108 579 1142 θῆλυ
593 1108 720 1144 ἐποίησεν
733 1111 746 1135 ὁ
758 1109 834 1141 Θεὸς,
851 1111 908 1141 πῶς

125 1152 151 1178 οι
167 1152 298 1186 ὀμόζυγοι
314 1153 377 1183 τοὺς
393 1153 500 1187 γάμους
514 1153 601 1180 ἐνίοτε
617 1154 726 1185 λύοντες
738 1155 846 1186 ἑκόντες
862 1155 908 1182 ἀπ’

127 1197 252 1231 ἀλλήλων
267 1198 437 1232 διίστανται;
454 1200 503 1225 Διὰ
522 1199 548 1226 τί
564 1200 610 1226 καὶ
634 1200 725 1236 ἀσιτία
743 1201 909 1234 προσταλαι-

129 1243 251 1278 πωροῠσί
264 1252 348 1276 τινες,
363 1246 410 1270 καὶ
420 1246 453 1280 τῇ
466 1245 547 1281 λοιπῇ
563 1247 697 1281 κακουχίᾳ
708 1246 754 1273 τοῦ
769 1247 909 1280 σώματος

128 1288 177 1315 καὶ
193 1289 278 1316 ταῦτα
293 1289 339 1316 τοῦ
367 1290 434 1316 Θεοῦ
453 1291 540 1326 μυρία
565 1293 774 1326 παραγαγόντος
796 1292 912 1327 ἐδώδιμα

129 1335 199 1370 πρὸς
225 1336 363 1370 ἡμετέραν
381 1336 541 1364 ἀπόλαυσιν.
569 1337 685 1373 Εὔδηλον
708 1336 756 1365 οὖν
777 1339 818 1365 ὅτι
838 1339 912 1374 πρὸς

126 1381 178 1416 τὴν
200 1381 316 1416 ἀρχαίαν
340 1381 447 1416 ἐκείνην
464 1381 537 1416 ζωὴν
553 1383 709 1417 ἀφορῶντες
732 1384 756 1409 oi
773 1383 912 1419 ἄνθρωποι

87 1438 99 1447 κ
129 1428 178 1455 καὶ
193 1427 342 1462 παρθενίαν
359 1427 487 1461 ἀσκοῦσι,
512 1428 560 1455 καὶ
580 1429 687 1463 γάμους
706 1429 792 1455 ἐνίοτε
809 1429 912 1462 λύουσι,

956 199 1158 234 perturbatione
1173 199 1300 226 videlicet
1329 206 1390 228 eam
1417 203 1621 231 antevertente;
1645 207 1739 234 quau»

957 245 1052 272 obrem
1076 248 1203 279 ingratam
1220 251 1280 270 eam
1295 248 1322 270 et
1335 248 1440 271 servam
1452 251 1513 271 esse
1529 243 1574 271 ille
1585 244 1739 279 Tltcologus

956 291 1035 319 dixit.
1052 290 1202 318 Conﬁrmat
1215 290 1272 317 haec
1298 289 1408 316 divinus
1431 290 1513 316 etiam
1539 290 1622 317 David
1640 290 1675 317 ita
1695 291 1739 318 di-

957 344 1024 364 cens
1039 345 1046 363 :
1069 345 1079 362 ‹
1096 336 1124 363 In
1142 335 1333 370 iniquitatibus
1347 339 1495 369 conceptus
1509 343 1580 367 sum,
1592 340 1619 362 et
1633 335 1660 362 in
1677 343 1740 370 pec-

957 382 1026 409 catis
1036 381 1163 415 conccpit
1177 388 1219 408 me
1237 384 1323 408 mater
1338 387 1410 407 mea.
1424 390 1433 406 ι
1454 380 1482 408 Si
1502 381 1576 408 enim
1602 381 1675 409 haud
1703 381 1739 408 ita

958 434 1002 456 res
1017 434 1047 454 se
1067 427 1196 458 habebat,
1211 426 1233 453 si
1246 433 1300 453 non
1317 426 1460 453 animalem
1481 426 1551 453 hanc
1566 426 1645 458 vidit,
1660 431 1688 453 et
1701 427 1740 453 ir-

957 472 1140 500 ritationalem
1161 472 1363 507 generationem
1381 472 1414 498 ad
1439 479 1519 506 quam
1548 473 1602 504 ille,
1630 473 1677 508 qui
1705 474 1739 500 ad

957 519 1004 546 Dei
1024 519 1168 554 imaginem
1184 519 1270 545 factus
1285 518 1385 548 fuerat.
1412 526 1461 552 per
1485 519 1739 552 praevaricationem

957 565 1091 592 deductus
1102 569 1153 596 est,
1166 571 1219 591 non
1229 565 1322 597 utique
1334 564 1401 591 adeo
1416 564 1611 592 lamentaretur
1623 566 1718 593 dicens
1730 574 1738 592 :

959 618 968 635 ι
991 609 1078 637 Homo
1092 617 1153 636 eum
1172 609 1200 635 in
1219 610 1321 636 honore
1339 613 1412 636 esset
1424 617 1476 636 non
1493 610 1641 642 intellexit,
1666 619 1742 638 com-

956 660 1067 690 paratus
1078 659 1118 683 est
1134 655 1266 690 jtlmetllis
1285 655 1525 688 insipientibus.et
1538 656 1636 682 similis
1652 656 1740 684 factus

956 706 999 729 est
1013 693 1077 728 illis.
1093 711 1102 727 ι
1122 701 1150 728 Si
1165 708 1228 728 vero
1241 702 1298 728 ha'c
1315 701 1352 727 ita
1365 709 1395 728 se
1412 701 1521 734 habent,
1540 702 1604 736 quid
1617 710 1685 736 opus
1700 708 1743 730 est

956 747 1047 774 dicere
1058 750 1147 773 utrum
1162 750 1310 780 antequam
1323 746 1423 773 femina
1436 747 1645 780 produceretur,
1663 753 1740 775 ante-

956 798 1036 825 quam
1052 790 1274 825 permitterentur
1300 789 1413 824 nuptim,
1438 790 1492 817 alia
1512 787 1646 824 quaedam~
1661 793 1743 823 fuerit

955 835 1177 867 vitm-institutio,
1192 840 1220 862 et
1235 835 1318 862 altera
1333 836 1429 862 colem
1440 835 1521 861 modo
1531 835 1655 869 corporis
1671 841 1743 863 stru—

955 886 1033 909 ctura
1062 882 1100 908 illi
1130 881 1317 909 universitatis
1340 881 1543 913 constitutioni,
1576 889 1637 915 qua:
1666 882 1743 916 prius

956 925 1018 958 fuit,
1034 926 1211 957 conveniens,
1237 925 1387 952 secundum
1413 933 1493 960 quatn
1509 926 1612 960 angelis
1638 927 1743 953 honore

956 973 1039 1000 homo
1053 976 1114 999 erat
1129 971 1251 1008 aequalis.
1268 971 1330 999 llaec
1345 976 1435 999 autem
1448 972 1484 998 ita
1498 980 1527 999 se
1539 972 1667 1000 habuisse
1679 978 1742 1000 ante

957 1019 1063 1053 lapsum
1078 1025 1122 1045 res
1149 1013 1216 1052 ipsa:
1232 1025 1281 1052 pro
1311 1025 1437 1045 sermone
1468 1023 1494 1044 te
1527 1018 1652 1045 doceant.
1689 1019 1742 1045 Cur

959 1066 1031 1091 enim
1046 1064 1146 1090 Paulus
1162 1063 1315 1097 virginibus
1339 1068 1367 1090 et.
1385 1063 1474 1090 viduis
1491 1063 1526 1090 ita
1545 1072 1656 1092 manere
1682 1073 1743 1099 per-

959 1110 1045 1141 misit,
1073 1110 1094 1136 si
1111 1109 1145 1136 ab
1164 1109 1242 1136 initio
1272 1109 1344 1135 Deus
1373 1109 1522 1136 masculum
1557 1114 1585 1136 et
1613 1111 1742 1138 feminam

960 1154 1024 1182 fecit
1042 1154 1053 1180 9
1069 1154 1210 1187 Quomodo
1235 1155 1364 1189 conjuges
1393 1155 1501 1189 nuptias
1532 1155 1666 1182 interdum
1696 1164 1744 1182 vo-

962 1199 1080 1227 luntarie
1110 1200 1247 1227 solventes
1275 1200 1309 1227 ab
1337 1200 1452 1227 invicem
1481 1202 1658 1235 separantur?
1689 1202 1744 1229 Cur

963 1245 1052 1272 inedia
1068 1252 1097 1272 se
1113 1245 1223 1279 quidam
1238 1245 1371 1279 afﬂigunt,
1387 1250 1415 1272 et
1436 1251 1534 1274 caetero
1553 1247 1677 1282 corporis
1697 1255 1745 1274 ne-

963 1291 1069 1326 glectu?
1085 1299 1147 1319 cum
1164 1296 1290 1323 sexcenta
1307 1293 1363 1319 haec
1376 1292 1465 1319 edulia
1482 1293 1562 1325 Deus,
1578 1299 1608 1321 ut
1622 1294 1655 1322 iis
1670 1294 1744 1323 frue-

964 1345 1066 1370 remnr,
1076 1337 1254 1372 produxerit?
1265 1337 1361 1372 Liquet
1376 1338 1458 1372 igitur
1468 1346 1530 1365 cum
1551 1339 1586 1366 ad.
1605 1339 1743 1374 antiquam

965 1383 1038 1409 illam
1067 1382 1149 1409 vitam
1180 1382 1305 1410 homines
1329 1383 1488 1416 respiciant,
1513 1387 1541 1410 ct
1561 1383 1745 1418 virginitatem

966 1430 1087 1460 servare,
1107 1432 1135 1455 et
1151 1428 1262 1462 nuptias
1279 1428 1417 1457 interdum
1433 1428 1548 1460 solvere,
1571 1432 1600 1455 et
1627 1428 1744 1456 inediam

130 1474 178 1500 καὶ
192 1473 301 1500 ἀσιτίαν
320 1473 502 1505 ἀσπάζονται,
521 1474 569 1500 καὶ
592 1475 682 1500 πᾶσαν
708 1474 791 1508 ἄλλην
807 1475 910 1508 ὑπομέ-

964 1473 1103 1508 amplecti,
1117 1477 1144 1500 et
1161 1480 1270 1500 omnem
1296 1472 1377 1500 aliam
1403 1473 1579 1500 alllictionem
1599 1473 1745 1502 sustinere.

130 1527 207 1546 νουσι
224 1520 358 1546 κάκωσιν.
376 1519 448 1554 Θῆλυ
473 1520 539 1554 γὰρ,
563 1519 600 1551 ὡς
621 1519 741 1555 είρηται,
757 1521 803 1546 καὶ
823 1520 913 1554 γάμου

131 1565 266 1599 συνάφεια
282 1565 332 1591 οὐκ
346 1563 380 1600 ἦν
395 1564 442 1591 ἀπ’
457 1565 556 1599 ἀρχῆς,
576 1564 657 1599 ἡνίκα
672 1564 774 1599 δηλαδὴ
787 1565 834 1591 τὸν
850 1565 912 1591 κατ’

131 1609 224 1635 εἰκόνα
241 1609 416 1643 παρήγαγεν.
438 1608 469 1635 El
493 1609 521 1635 δὲ
543 1609 580 1644 μὴ
604 1609 688 1635 ταῦτα
707 1609 806 1643 παρῆν,
822 1609 912 1644 esset,

133 1653 187 1680 τῶν
202 1654 349 1688 σχημάτων
363 1654 471 1684 πάντως
482 1654 599 1689 διαφορά
609 1662 616 1669 '
629 1654 688 1686 πῶς
699 1654 763 1687 γὰρ,
775 1654 832 1688 είγε
845 1655 913 1689 μετά

129 1699 179 1734 τὴν
193 1699 243 1733 τῆς
259 1699 362 1729 εἰκόνος
391 1699 574 1734 κατασκευὴν,
597 1700 635 1731 ὡς
662 1701 676 1726 ὀ
699 1700 811 1735 Νύσσης
836 1702 913 1735 φησὶ,

128 1745 284 1770 τιλευταῖον
300 1743 369 1778 αὕτη
386 1744 561 1778 ἐπιτεχνᾶται
576 1744 615 1779 τῷ
641 1744 800 1780 πλάσματι;
827 1746 914 1780 Πρόσ-

130 1799 176 1825 sxa
200 1789 258 1817 οὖν.
282 1790 352 1816 Οὐδὲ
375 1790 430 1825 γὰρ
454 1789 502 1816 ἀπ’
532 1790 630 1825 ἀρχῆς,
655 1791 692 1822 ὡς
720 1791 837 1826 εἴρηται,
864 1790 914 1826 τὴν

132 1838 262 1870 τοιαύτην
278 1835 390 1869 ἐποίησε
403 1835 538 1870 διαφορὰν
554 1836 569 1862 ὁ
584 1835 651 1867 Θεός
662 1843 669 1850 '
684 1835 741 1862 ἀλλ’
756 1835 837 1868 αὐτὸς
851 1836 914 1862 ἑαυ-

132 1882 170 1916 τῷ
182 1881 365 1916 προύξένησεν
382 1880 495 1916 ὕστερον
507 1882 520 1907 ὀ
536 1881 644 1916 πρῶτος
660 1881 757 1916 Ἀδὰμ,
773 1882 914 1909 ἐκπίπτων

133 1926 184 1960 ἠδη
211 1926 260 1960 τ’ής
287 1926 467 1961 τελειότητος.
482 1926 535 1953 Καὶ
561 1926 616 1960 γὰρ
642 1927 667 1953 εί
694 1927 732 1961 μὴ
758 1927 915 1961 παμεῆναι

131 1971 261 2005 ἔμελλεν,
287 1971 311 1996 εί
339 1970 377 2005 μὴ
404 1971 554 2001 πεσεῖνηείς
583 1970 688 2005 φθορὰν
717 1967 914 2003 ἐκινδύνευσεν,

131 2017 182 2044 οὐκ
197 2017 230 2043 ἂν
252 2015 314 2050 ἔσχε
332 2016 435 2052 χώραν,
451 2016 488 2046 ὡς
506 2016 561 2042 ἄνω
583 2016 748 2051 διείληπται,
773 2016 828 2043 τῶν
850 2024 916 2051 σχη-

133 2062 228 2095 μάτων
240 2061 356 2095 διαφορὰ
370 2060 417 2086 τοῦ
437 2069 465 2086 τε
479 2060 592 2095 ἄρσενος
612 2062 659 2087 καὶ
675 2061 780 2096 θήλεος.

963 1519 1075 1546 Femina
1091 1518 1175 1551 enim,
1197 1522 1227 1544 ut
1247 1518 1351 1545 dictum
1364 1523 1418 1550 est.
1434 1523 1462 1546 et
1477 1519 1632 1554 nuptiarum
1661 1527 1746 1547 nexus

964 1571 978 1590 a
992 1562 1127 1598 principio
1141 1569 1196 1589 non
1212 1566 1281 1595 erat,
1296 1569 1357 1589 cum
1375 1563 1447 1589 Deus
1463 1563 1589 1591 videlicet
1605 1564 1680 1592 illum
1694 1565 1747 1592 ho-

964 1609 1064 1635 minem
1078 1608 1112 1635 ad
1130 1608 1275 1642 imaginem
1293 1615 1368 1635 suam
1389 1609 1528 1643 produxit.
1553 1609 1581 1636 Si
1603 1610 1662 1637 haec
1682 1618 1747 1637 vero

965 1660 1018 1680 non
1032 1652 1158 1684 aderant,
1175 1659 1265 1687 neque
1278 1653 1390 1680 omnino
1405 1657 1463 1680 erat
1494 1653 1641 1688 ﬁgurarum
1665 1655 1747 1681 diﬂ‘o-

964 1696 1061 1724 rentia.
1082 1696 1224 1729 Quomodo
1240 1696 1312 1724 enim
1331 1698 1353 1724 si
1376 1702 1438 1732 post
1468 1697 1592 1732 imaginis
1618 1704 1746 1726 constru-

964 1743 1080 1770 ctionem
1095 1747 1126 1769 ut
1146 1742 1284 1777 Nyssenus
1299 1743 1347 1774 ait,
1364 1743 1422 1770 haec
1434 1747 1600 1777 postremum
1617 1743 1746 1779 ﬁgmento

965 1787 1182 1822 superaediﬁeata
1210 1787 1267 1814 est?
1297 1787 1414 1815 Attende
1438 1787 1530 1821 igitur.
1553 1787 1647 1823 Neque
1673 1789 1746 1815 enim

966 1832 1109 1867 principio,
1131 1836 1161 1859 ut
1175 1832 1304 1863 diximus.
1323 1832 1455 1867 ejusmodi
1471 1832 1653 1860 differentiam
1675 1833 1747 1860 Deus

966 1877 1040 1908 fecit.
1060 1877 1106 1904 sed
1121 1877 1177 1910 ipse
1193 1878 1244 1904 sibi
1259 1885 1318 1904 eam
1336 1877 1440 1912 primus
1454 1877 1584 1911 Adamus,
1601 1886 1662 1905 eum
1683 1887 1745 1913 per-

965 1922 1084 1950 fectione
1097 1923 1151 1957 jam
1165 1923 1321 1952 excidisset,
1342 1923 1487 1950 novissime
1502 1923 1670 1950 conciliavit.
1684 1923 1747 1950 Ete—

966 1968 1021 1994 nim
1031 1968 1084 1995 nisi
1100 1972 1320 2003 transgressurns
1329 1967 1435 2000 fuisset,
1443 1969 1493 1995 nisi
1506 1969 1532 1995 in
1542 1970 1745 2003 corruptionem

965 2013 1063 2040 cadere
1076 2013 1244 2047 periclitatus
1258 2018 1340 2050 esset,
1360 2013 1430 2040 haud
1452 2015 1558 2048 utique,
1573 2018 1603 2041 ut
1629 2016 1684 2050 jam
1702 2023 1747 2041 sn-

966 2058 1060 2093 pcrius
1076 2058 1238 2085 affirmatum
1257 2063 1309 2091 est,
1335 2059 1495 2092 ﬁgurarum,
1529 2060 1610 2087 maris
1643 2061 1747 2088 scilicet

968 2104 1142 2138 feminaeque.
1157 2104 1302 2130 discrimen
1316 2104 1406 2131 locum
1421 2105 1569 2132 habuisset.

170 2148 201 2174 Et
218 2147 245 2174 δὲ
262 2147 311 2182 μὲν
326 2147 382 2179 οὖν,
397 2146 539 2178 ὸσιὼτατε,
554 2147 678 2183 καθάπερ
693 2149 718 2174 οι
735 2148 845 2179 πλείους
861 2156 910 2181 φα-

1001 2149 1077 2185 Opus
1090 2155 1148 2177 erat
1163 2149 1256 2184 igitur.
1273 2157 1288 2176 ο
1306 2151 1346 2176 vir
1361 2150 1544 2181 sanctissime.
1571 2155 1600 2177 ut
1622 2151 1747 2186 plerique

136 2196 174 2226 o‘t,
188 2193 239 2228 τὴν
254 2193 301 2219 τοῦ
316 2193 402 2228 ’Δδὰμ
416 2192 544 2226 γενέσθαι
559 2193 692 2228 πρότερον
705 2193 854 2225 ἔκπτωσιν,
866 2193 914 2219 καὶ

133 2239 194 2265 τότε
221 2239 251 2265 τὸ
277 2238 344 2272 θῆλυ
369 2238 555 2274 παραχθῆναι,
577 2238 614 2269 ὡς
635 2236 771 2270 ἐντεῦθεν,
791 2238 914 2273 εὐπαρά-

134 2284 217 2310 δεκτα
235 2281 303 2310 εἶναι
314 2284 390 2310 δοκεῖ
401 2283 436 2310 τὰ
453 2283 588 2318 λεγόμενα
599 2291 606 2299 ⁸
623 2283 680 2309 ἀλλ’
696 2283 797 2310 ειδέναι
810 2283 915 2317 ὀφείλο-

136 2337 186 2364 μεν
200 2329 242 2355 ὅτι
268 2329 284 2364 ή
305 2328 359 2356 ἀπὸ
385 2328 434 2362 τῆς
462 2328 582 2363 πλευρᾶς
607 2328 653 2354 τοῦ
669 2329 755 2363 ’Ᾱδέιμ
769 2328 819 2363 τῆς
842 2327 914 2360 Εὔας

134 2375 290 2410 παραγωγὴ
305 2375 352 2401 καὶ
376 2375 448 2402 πάνυ
469 2376 607 2409 ἀναγκαία
624 2376 661 2411 τῷ
680 2376 741 2402 τότε
773 2376 914 2410 ἐτύγχανε.

133 2421 212 2453 Τίνος
229 2421 340 2453 ἓνεκεν;
357 2422 439 2448 Ὥστε
456 2422 494 2456 μὴ
508 2421 617 2456 φύσεως
630 2422 716 2457 αὐτὴν
731 2421 826 2457 ἐτέρας
840 2422 917 2457 νομί-

134 2468 228 2500 ζεσθαι
243 2467 286 2494 διὰ
300 2467 330 2493 τδ
351 2468 470 2502 ἑτεροῖον
489 2467 535 2493 τοῦ
554 2468 705 2502 σχήματος,
730 2468 777 2493 χαὶ
791 2468 862 2498 ὅπως
875 2469 915 2499 εἰς

134 2513 260 2548 ὁμόνοιαν
274 2513 367 2548 ἀγάγῃ
380 2512 415 2538 τὰ
429 2513 493 2546 γένη
514 2513 560 2539 καὶ
583 2514 702 2548 φυσικήν
721 2522 782 2539 τινα
798 2513 916 2547 στοργὴν

135 2558 276 2594 ἐντεθῆναι
292 2558 490 2594 παρασκευάσῃ
512 2559 610 2589 αὐτοῖς.
626 2559 696 2593 Πρὸς
710 2558 813 2588 τούτοις
827 2558 854 2584 δὲ
871 2557 917 2584 καὶ

173 2650 230 2685 (8!)
249 2650 345 2685 Glycas
362 2654 454 2685 noster
470 2650 612 2677 Annalium
628 2654 741 2685 partat:
757 2649 916 2685 Ἀναγκαῖον

135 2686 191 2725 γαρ
314 2685 362 2724 την
480 2685 534 2727 ora
548 2685 599 2733 γῆς
614 2683 765 2733 Ῑτιρσελθεζξ,
786 2684 852 2733 ἁλλί
862 2685 916 2710 ἀπὺ

137 2719 187 2754 τῆς
202 2719 294 2750 οὗσίας
307 2719 354 2745 τοῦ
377 2719 474 2753 Ἀδὰμ,
496 2720 533 2750 ὡς
554 2719 677 2758 ἐντεῦθεν
709 2719 820 2757 φίλτρον
842 2719 915 2745 ἐντε-

139 2754 221 2788 θῆναι
255 2755 311 2785 τοΐς
348 2753 503 2787 ὁμοζύγοις.
538 2753 726 2787 Augustinus,
754 2752 802 2779 1th.
824 2761 850 2780 Ix
877 2753 915 2779 De

137 2787 230 2819 εἰπερ.
252 2790 285 2816 ad
311 2789 382 2815 liter.
395 2794 455 2821 cap.
474 2788 522 2816 15:
537 2788 605 2820 Quid
623 2795 683 2823 ergo
698 2788 746 2814 sibi
769 2787 821 2814 vult
834 2788 915 2814 etiam

294 2837 429 2866 PATBOL.
453 2834 510 2864 Gn.
528 2834 660 2864 CLVIII.

966 2197 1088 2228 tradunt,
1104 2201 1133 2222 ut
1145 2195 1238 2223 Adami
1256 2196 1334 2222 ruina
1349 2196 1424 2230 prius
1438 2189 1618 2230 contingeret,
1633 2201 1660 2223 et
1684 2202 1749 2223 tunc

967 2241 1066 2269 femina
1087 2241 1296 2276 produceretur,
1322 2245 1353 2281 ut
1375 2242 1439 2269 hinc
1463 2250 1504 2275 ea,
1530 2249 1589 2276 qum.
1608 2243 1747 2276 dicuntur,

968 2286 1048 2313 facile
1064 2286 1218 2325 recipienda
1233 2286 1388 2314 vidcantur.
1403 2287 1462 2313 Non
1484 2292 1522 2315 est
1555 2292 1645 2314 tamen
1671 2288 1748 2322 igno-

969 2333 1083 2360 randum
1102 2332 1162 2358 Eva:
1182 2339 1214 2358 ex
1231 2332 1326 2358 Adanti
1349 2332 1435 2359 latere
1457 2333 1665 2367 productionem
1699 2334 1750 2360 ho-
1781 2350 1791 2362 ,γ

970 2377 1036 2405 mini
1048 2377 1075 2403 in
1091 2381 1235 2411 peceatum
1247 2377 1324 2411 lapso
1338 2378 1520 2403 necessariam
1532 2377 1644 2404 omnino
1655 2377 1749 2405 fuisse.

967 2422 1051 2457 Cujus
1070 2422 1108 2448 rei
1127 2421 1229 2456 gratia?
1244 2421 1284 2448 Ne
1299 2421 1404 2448 scilicet
1427 2422 1485 2456 ipsa
1513 2422 1626 2450 alterius
1645 2428 1751 2450 natura:

969 2471 1130 2494 censeretur
1141 2470 1252 2501 propter
1261 2466 1352 2502 ﬁgura:
1363 2467 1560 2500 diversitatem,
1573 2473 1598 2494 et
1613 2471 1641 2494 ut
1652 2475 1750 2503 genera

968 2512 1000 2539 ad
1019 2512 1229 2539 consensionem
1245 2517 1270 2538 ct
1284 2511 1460 2539 concordiam
1487 2513 1647 2545 adduceret,
1660 2517 1687 2539 et
1702 2520 1752 2539 na-

969 2558 1083 2585 turalem
1100 2557 1244 2592 quemdam
1260 2565 1382 2584 amorem
1409 2558 1447 2586 eis
1461 2557 1568 2585 inderet
1582 2558 1658 2592 ¹(81).
1687 2558 1750 2584 Erat

970 2650 1048 2682 illud,
1062 2651 1131 2685 quod
1161 2649 1254 2676 mulier
1283 2649 1332 2685 uiri
1357 2649 1388 2677 de
1414 2650 1495 2676 latere
1524 2650 1594 2683 facta
1621 2653 1658 2675 est
1680 2650 1693 2674 .’
1710 2649 1753 2675 Ve-

958 2693 1027 2711 ‘rum
1042 2692 1105 2717 esto,
1121 2690 1225 2717 propter
1240 2684 1321 2717 ipsius
1345 2684 1535 2718 conjunctionis
1556 2685 1606 2710 vim
1622 2692 1753 2710 commen-

969 2720 1086 2746 dandam
1114 2721 1161 2746 hoc
1174 2725 1213 2745 tta
1224 2718 1280 2751 ﬁeri
1303 2719 1449 2752 oportuisse
1462 2719 1606 2745 credamus.
1617 2718 1750 2745 Caeterum

967 2753 1110 2788 Cajetanus
1136 2754 1206 2781 hanc
1222 2752 1283 2780 Evn
1300 2761 1331 2780 ex
1346 2753 1441 2780 Adami
1459 2758 1534 2780 costa
1545 2752 1751 2786 productionem

969 2787 1052 2816 totam
1070 2787 1259 2823 ἁλληγορικῶς
1274 2788 1470 2823 interpretatur
1495 2792 1524 2814 et
1541 2788 1666 2823 explicat,
1684 2795 1752 2816 con-

1503 2832 1542 2863 25

1164 2932 1179 2941 κ
