1954 3068
175 116 229 148 ’7ῗῦ
812 114 963 144 ΜΙΟΗΑΕ

1017 115 1022 143 i
1041 114 1169 144 GLYCE

1736 115 1788 146 776

176 183 234 202 cam
250 174 356 201 exuerit
369 193 376 206 ,
396 179 475 208 atque
499 173 562 201 inde
592 180 642 200 nos
667 173 702 200 ab
721 173 848 200 omnibus
864 174 961 201 libera-

1017 174 1159 200 κάντευθεν
1184 173 1342 206 ἀπαλλάξας
1372 174 1446 208 ἡμᾶς
1474 174 1592 207 πάντων,
1622 170 1659 200 ὧν
1686 174 1791 200 ἐκεῖθεν

176 221 256 252 verit.
270 227 329 255 qua:
348 219 410 246 itide
427 220 631 254 pirtieipamus.
650 219 678 246 Si
697 219 770 245 enim
786 220 896 246 hahitus
913 220 958 246 ille

177 268 249 294 circa
274 274 322 293 nos
340 273 394 293 non
419 266 472 292 erit
493 265 569 299 juxta
591 265 681 292 divum
697 264 869 299 Gregorium,
889 273 958 298 quu-

177 312 256 339 modo
272 312 360 342 nobis,
378 319 438 346 qua:
453 311 512 345 ejus
533 311 641 345 propria
665 314 728 336 sunt
752 310 958 346 relinquentur?

176 357 310 384 Caeterum
327 357 533 383 lransl’orrnahit
551 364 609 389 nos,
623 356 732 389 quando
748 355 865 382 tunicam
881 354 959 382 nobis

175 412 207 430 ex
226 402 313 430 brutis
336 402 558 438 supcrinductam
581 402 688 429 tandem
706 401 838 434 destruet,
853 406 879 428 et
893 401 959 428 tales

175 448 301 475 ostendet
320 448 429 478 iterum,
447 447 542 481 qualos
564 455 578 473 a
598 446 733 481 principio
749 446 835 478 ﬁnxit,
849 446 959 480 quando

176 494 281 521 scilicet
307 494 425 528 primum
448 493 523 519 illurn
551 492 688 519 hominem
719 491 856 526 produxit.
876 501 885 517 ι
921 491 959 518 Ita

174 538 283 571 quidem
297 537 390 570 igitur.
400 545 416 563 o
430 536 611 567 sanctissime.
625 536 706 563 etiam
723 536 831 563 divinus
847 538 960 563 Anasta-

175 584 232 609 sius
262 590 324 609 cttm
352 582 473 609 audisset
504 590 632 616 magnum
659 582 770 608 Paulum
805 582 959 609 dicentem:

178 638 187 653 ‹
205 627 423 655 Translormahit
448 632 514 654 tunc
541 635 640 662 corpus
669 627 831 654 humilitatis
860 634 961 655 nostra:

176 674 319 706 Servutor;
337 683 346 699 ι
368 673 406 700 Ad
421 674 471 700 alia
487 674 715 708 specie,dicehat,
727 677 755 700 et
771 674 856 701 altero
867 674 960 701 habitu

176 727 292 754 corpora
307 719 417 746 Ieremia
438 724 501 746 tunc
524 727 715 754 resurgetnus;
735 719 811 753 juxta
832 719 961 745 similitu-

176 765 269 791 dinetn
300 764 429 791 videlicet
452 763 527 798 grani
551 767 578 790 et
599 763 690 797 spicaz.
717 761 769 790 Sed
796 771 830 790 ne
855 767 961 790 metuas

176 816 328 845 propterea.
343 809 407 836 Vide
419 810 491 836 enim
507 814 533 836 et
554 816 617 836 vere
638 816 766 844 magnum
783 808 895 835 Paulum
912 808 960 835 ist-

176 857 230 883 huc
252 857 342 890 ipsum
370 860 464 889 aperte
487 855 566 882 nobis
584 853 816 881 detnonstrantem
833 854 934 881 dixisse
951 862 958 881 :

178 911 188 927 α
207 901 258 928 Sed
285 901 359 928 dicet
377 900 477 935 aliquis
502 901 536 928 de
559 900 754 927 resurrecturis
778 907 809 926 ex
834 899 958 932 mortuis,

176 946 247 981 quali
263 953 378 981 corpore
398 946 529 973 venient?
547 946 647 978 Stulte,
663 945 733 980 quod
759 946 887 978 seminas,
905 952 960 971 non

176 1001 276 1028 corpus
292 992 413 1019 futurum
437 993 567 1024 seminas,
591 993 638 1019 sed
657 994 757 1019 nudum
784 1000 899 1025 granum
918 991 960 1019 vel

177 1039 247 1066 forte
263 1038 356 1070 tritici,
373 1039 415 1064 vel
429 1038 535 1069 hordei,
550 1038 591 1064 vel
609 1038 721 1065 ulterius
737 1037 851 1071 alicujus
865 1037 960 1071 hujus-

178 1085 270 1116 modi;
286 1085 358 1112 Deus
374 1090 463 1112 autent
480 1085 525 1111 dat
546 1083 597 1118 ipsi
615 1086 720 1118 'eorpus
744 1083 815 1110 sicut
835 1083 929 1110 voluit.
949 1092 958 1108 ι

176 1130 215 1157 Ne
231 1130 328 1158 timeas
342 1131 434 1164 igitur,
456 1122 502 1157 sed
520 1129 610 1164 potius
626 1129 777 1163 obsequere
790 1128 961 1155 divinissitno

177 1176 321 1203 Anastasio
341 1175 455 1205 dicenti.
480 1175 713 1205 transformatum,
737 1179 764 1201 et
785 1175 960 1208 transfigura—

178 1226 234 1248 tum
248 1221 285 1247 ‘iri
311 1225 376 1251 tunc
395 1227 505 1254 corpus.
521 1225 549 1247 et
572 1221 624 1246 tale
648 1224 862 1246 resurrecturum
883 1219 963 1253 quale

177 1267 258 1293 initio
270 1261 347 1297 erat;
362 1268 413 1291 nOn
427 1264 547 1299 profecto
562 1264 624 1296 tale,
636 1264 716 1298 quale
728 1264 845 1291 secunda
857 1264 961 1290 factura

177 1311 266 1345 ipsum
296 1310 462 1342 construxit;
494 1318 576 1337 causa
608 1309 680 1336 enim
716 1309 820 1342 ablata,
853 1313 963 1344 propter

178 1363 259 1390 quam
273 1355 370 1381 horum
388 1355 529 1382 habituum
548 1353 702 1380 differentia
720 1354 826 1381 inducta
841 1358 892 1384 est,
912 1361 963 1380 ne—

179 1400 329 1427 cessarium
343 1399 454 1426 omnino
468 1404 510 1426 est
533 1403 560 1426 et
575 1397 755 1425 differentiam
775 1404 834 1432 quin
851 1397 961 1429 accidit,

181 1445 238 1473 tolli
254 1450 435 1481 postremum,
454 1449 481 1472 et
502 1445 570 1472 tales
591 1452 686 1471 omnes
702 1451 853 1478 resurgere,
875 1443 963 1478 qualis

1011 221 1173 254 μετέχομεν.
1188 220 1219 245 Εἰ
1236 219 1290 253 γὰρ
1303 219 1335 246 τὺ
1353 219 1445 254 σχῆμα
1464 220 1553 246 ἐκεῖνο
1570 219 1636 254 περὶ
1653 220 1727 254 ἡμᾶς
1741 219 1791 246 οὕιι

1008 265 1084 291 ἔσται
1100 267 1170 291 κατὰ
1187 265 1232 291 τόν
1258 265 1330 291 θεῖον
1353 265 1514 299 Γρηγόριον,
1542 265 1601 296 πῶς
1624 265 1691 298 ἡμῖν
1711 265 1746 291 τὰ
1763 265 1792 296 ἐξ

1009 312 1114 345 ἐκείνου
1139 311 1398 344 ὑποτειφθεὲσεταη
1424 310 1670 344 Μετασχηματίσει
1697 309 1792 336 λοιπὸν

1008 357 1082 391 ἡμᾶς
1102 355 1182 390 ἡνίκα
1197 356 1242 382 τὸν
1265 356 1297 382 ὲκ
1313 355 1367 383 τῶν
1391 355 1496 389 ἀλόγων
1520 356 1585 389 ἡμῖν
1609 354 1791 388 ὲπιδληθέντα

1003 402 1113 437 ;χιτῶνα
1142 402 1233 428 τέλεον
1249 400 1445 431 ἀποσκευάσει,
1466 399 1515 427 καὶ
1536 399 1675 430 τοιούτους
1689 399 1781 425 ἀναδεί

1010 448 1051 479 Eu
1064 447 1146 475 πάλιν
1157 448 1272 479 ’ὁποίους
1289 447 1392 473 ἔπλασε
1408 446 1468 473 κατ’
1483 445 1580 481 ἀρχὰς,
1597 445 1679 480 ἡνίκα
1693 443 1792 478 δηλαδὴ

1009 493 1055 520 τὸν
1072 492 1180 527 πρῶτον
1203 493 1307 519 ἐκεῖνον
1328 491 1491 526 παρήγαγεν
1515 490 1668 525 ἄνθρωπον.
1689 498 1698 514 ι
1715 489 1794 515 Οὕτω

1011 538 1061 572 μὲν
1075 535 1130 570 οὖν,
1145 536 1288 568 όσιώτατε,
1304 536 1352 563 καὶ
1367 537 1380 562 ό
1395 536 1465 566 θεῖος
1483 535 1661 570 Ἀναοτάσεος
1675 533 1793 564 ἀκούσας

1009 583 1056 610 τοῦ
1078 584 1199 618 μεγάλου
1224 583 1331 609 Παύλου
1352 583 1489 616 λέγοντος,
1510 582 1551 607 ὅτι
1579 590 1588 606 ι
1608 581 1794 615 Μετασχημα-

1010 628 1080 655 τίσει
1097 627 1158 654 τότε
1174 627 1203 653 re
1231 628 1310 661 σῶμα
1337 627 1386 660 τῆς
1404 626 1598 656 ταπεινώσεως
1615 625 1694 660 ἡμῶν
1709 626 1722 651 ό
1739 625 1794 650 Σω-

1011 673 1073 707 τὴρ,
1095 682 1103 698 ι
1120 672 1202 699 ’Λλλο
1225 671 1304 705 εἶδος,
1319 672 1407 706 ἐλεγε,
1431 672 1477 698 καὶ
1491 671 1584 705 ἕτερον
1610 672 1704 706 σχῆμα
1719 672 1796 705 ἐγερ-

1012 721 1151 754 Θησόμεοα
1178 721 1238 745 τότε
1259 719 1352 754 φέρειν
1377 718 1504 752 σώματα,
1533 717 1603 743 κατὰ
1625 717 1676 751 τὴν
1702 716 1794 742 εἰκόνα

1011 765 1112 800 δηλαδὴ
1125 765 1170 791 τοῦ
1188 765 1299 796 κόκκου,
1316 764 1363 790 καὶ
1387 762 1434 789 τοῦ
1458 763 1584 797 στάχυος.
1603 761 1684 787 ’Λλλὰ
1702 760 1739 795 μὴ
1754 760 1796 786 δέ-

1012 812 1065 838 διθι
1082 810 1299 837 τούτο·.›.ἓνεκεν.
1317 810 1389 843 Ὀρα
1411 809 1466 844 γὰρ
1489 809 1530 835 ὅτι
1550 807 1597 834 καὶ
1615 808 1629 833 ό
1644 806 1795 840 πάμμεγας

1014 858 1120 888 Παῦλος
1135 857 1201 884 αὐτὸ
1216 857 1294 883 τοῦτο
1308 856 1401 889 σαφῶς
1417 856 1483 890 ἡμῖν
1501 853 1681 888 ὑπεμφαίνων
1691 852 1796 885 ἔλεγεν

1017 913 1026 929 ι
1048 903 1118 930 Ἀλλ’
1131 903 1188 938 ἐρεῖ
1203 911 1243 933 τις
1260 901 1325 936 περὶ
1342 901 1396 927 τῶν
1412 899 1636 934 ὲγεροησομένων
1651 899 1681 924 ἐκ
1693 897 1797 931 νεκρῶν

1014 949 1100 984 ὁποίῳ
1116 948 1225 982 σώματι
1246 948 1391 983 ἔρχονται;
1408 947 1522 980 '42-prv,
1538 944 1552 970 ὃ
1569 944 1709 977 σπείρεις,
1725 942 1754 968 οὐ
1768 942 1797 968 τι

1015 995 1096 1029 σῶμα
1110 995 1140 1019 τὸ
1157 993 1341 1027 γενησόμενον
1375 991 1510 1025 σπείρεις,
1521 989 1596 1016 -ἀλλὰ
1616 987 1719 1022 γυμνὸν
1734 987 1798 1013 κόκ-

1015 1049 1063 1066 κον
1080 1039 1103 1065 εἰ
1120 1038 1189 1074 τύχῃ
1209 1038 1282 1064 σίτου
1298 1037 1314 1073 ἢ
1338 1037 1435 1072 κριθῆς
1449 1036 1466 1070 ἢ
1483 1035 1577 1068 ἑτέρου
1598 1033 1652 1059 τῶν
1668 1033 1797 1060 τοιούτων

1014 1085 1098 1116 τινός.
1117 1085 1146 1111 '0
1161 1084 1189 1110 δὲ
1214 1084 1280 1114 Θεὸς
1295 1083 1403 1109 δίδωσιν
1419 1079 1494 1115 αὑτῷ
1520 1079 1610 1114 σῶμα,
1628 1078 1720 1109 καθὼς
1736 1078 1797 1112 ἠθέ-

1015 1131 1114 1166 λησε.»
1130 1129 1177 1165 Μὴ
1206 1128 1287 1155 δέδιθι
1315 1128 1384 1155 οὖν·
1410 1125 1547 1161 συγγνῶοι
1574 1125 1602 1152 δὲ
1628 1124 1729 1160 μᾶλλον
1757 1123 1798 1157 τῷ

1016 1176 1145 1212 θειοτάτῳ
1164 1175 1333 1210 Ἀναστασίῳ
1357 1174 1476 1208 λέγοντι,
1499 1174 1541 1200 ὅτι
1570 1170 1798 1208 μεταμορφοῦται

1016 1225 1063 1250 καὶ
1081 1221 1353 1258 μετασχηματίζεται
1376 1221 1437 1247 τότε
1455 1221 1486 1246 τὸ
1502 1221 1592 1254 σῶμα,
1611 1218 1658 1245 καὶ
1670 1216 1799 1244 ’τοιοῦτον

1016 1269 1154 1304 ἐγείρεται
1170 1269 1262 1294 ὁποῖον
1279 1265 1313 1302 ἦν
1332 1266 1381 1294 ἀπ’
1394 1266 1492 1301 ἀρχῆς.
1509 1265 1614 1291 Οὐκοῦν
1632 1272 1663 1298 γε
1680 1263 1800 1290 τοιοῦτον

1016 1316 1107 1342 ὁποῖον
1123 1315 1139 1349 ἠ
1154 1313 1270 1348 δευτέρα
1298 1313 1410 1347 ποίησις
1437 1312 1503 1338 αὐτὸ
1528 1310 1727 1337 κατεσκεύασε.
1745 1309 1800 1343 Τῆς

1016 1360 1071 1394 γὰρ
1087 1359 1176 1390 αἰτίας
1192 1357 1419 1394 περιαιρεθείσης
1443 1355 1476 1382 δι’
1491 1356 1525 1391 ἢν
1541 1356 1557 1390 ή
1581 1355 1635 1381 τῶν
1653 1353 1801 1390 σχημάτων

1016 1403 1131 1430 τουτωνὶ
1145 1401 1318 1437 παρεισήχθη
1336 1400 1465 1436 διαφορὰ,
1478 1401 1587 1435 ’ἀνάγκη
1604 1399 1679 1426 πᾶσα
1694 1398 1740 1425 καὶ
1752 1398 1802 1432 τὴν

1019 1449 1226 1484 συμϐεϐηκυῖαν
1240 1447 1354 1482 ὕστερον
1370 1446 1582 1482 περιαιρεθῆναι
1596 1445 1738 1480 διαφορὰν,
1754 1445 1802 1471 καὶ

180 1496 239 1518 erat
253 1491 356 1526 primus
377 1491 478 1524 homo;
499 1491 543 1518 ille
558 1490 696 1521 videlicet.
712 1490 757 1524 qui
782 1490 814 1516 ad
835 1489 882 1516 Dei
897 1489 963 1516 ima-

1017 1494 1133 1522 τοιοῦτοι
1153 1493 1301 1528 ἄγερθῆναι
1330 1492 1450 1523 ἅπαντες
1479 1492 1571 1522 ὁποῖος
1597 1489 1632 1526 ἦν
1656 1492 1670 1516 ὁ
1695 1490 1802 1525 πρῶτος

181 1537 272 1572 ginem
289 1536 416 1567 conditus
427 1541 478 1563 est.
501 1536 551 1564 Hie
574 1540 601 1563 ct
613 1543 727 1571 magnus
741 1535 905 1563 Athanasius
923 1535 963 1562 vi-

182 1583 251 1610 dens
265 1590 309 1614 ea,
319 1590 378 1617 qua:
393 1582 620 1609 resurrectionem
637 1582 764 1613 attinent,
777 1581 810 1608 ad
830 1581 903 1608 illum
923 1589 966 1608 re.

183 1629 290 1664 spicere
303 1634 385 1654 unum
396 1632 423 1654 et
435 1627 557 1662 primum'
567 1627 717 1658 hominem,
731 1631 761 1653 ιιι
775 1627 966 1661 supradictum

181 1679 225 1703 est
236 1683 244 1707 ;
257 1673 284 1701 et
296 1673 445 1701 secundum
462 1673 535 1700 illum
559 1673 584 1699 in
595 1674 801 1707 regeneratione
812 1680 906 1699 omnes
922 1679 965 1699 re-

183 1725 369 1751 surrecturos,
384 1719 416 1746 ad
430 1719 596 1746 Antiochum
610 1718 717 1746 dicebat
731 1727 738 1745 ε
758 1728 766 1744 ι
783 1717 811 1745 1η
828 1726 967 1745 resurrec-

184 1765 257 1793 tione
272 1772 325 1792 non
342 1769 384 1791 est
397 1764 535 1791 masculus
557 1767 584 1790 et
604 1763 724 1795 femina;
739 1770 792 1789 non
814 1770 914 1797 parvus
940 1767 967 1789 et

184 1817 315 1844 magnus;
333 1817 388 1836 non
402 1809 479 1843 niger
493 1813 520 1835 et
541 1808 645 1840 ﬂavus;
662 1815 716 1834 non
736 1807 817 1834 varia:
839 1807 921 1835 facies
941 1812 965 1834 et

184 1854 305 1881 habitus.
331 1853 427 1881 Omnis
453 1853 526 1879 enim
551 1851 671 1879 hominis
694 1851 782 1886 imago
802 1851 898 1878 similis
916 1851 968 1879 erit

186 1906 250 1927 tttnc
263 1899 358 1926 Adami
377 1898 499 1931 imagini,
519 1903 546 1925 et
562 1897 674 1929 fictioni,
693 1902 719 1924 et
735 1897 926 1931 magnitttdini,
942 1902 968 1924 ct

185 1946 299 1974 habitui.
314 1955 323 1971 ι
338 1945 366 1972 Si
387 1952 451 1971 vero
467 1944 524 1971 haec
544 1944 579 1970 ita
597 1951 625 1970 so
646 1943 763 1976 habent;
783 1943 805 1970 si
819 1943 968 1970 secundum

186 1991 301 2024 primum
324 1990 399 2018 illttm
417 1991 554 2016 hominem
577 1996 628 2015 una
653 1988 743 2022 specie
753 1993 789 2014 et
806 1988 898 2015 habitu
923 1995 968 2015 re-

186 2041 299 2070 surgent
311 2043 417 2068 omnes,
431 2040 460 2061 ut
479 2035 542 2062 inde
558 2033 661 2060 nullum
682 2035 716 2061 sit
733 2033 879 2061 discrimen
896 2041 969 2061 mas-

186 2082 239 2108 culi
254 2086 279 2107 ct
300 2081 418 2112 femina},
439 2080 515 2115 parvi
538 2084 565 2107 et
585 2080 685 2114 magni,
700 2080 770 2114 nigri
785 2084 811 2106 et
826 2079 970 2114 ﬂavi,quid

186 2134 255 2161 opus
270 2131 313 2154 est
331 2127 419 2152 adhuc
441 2125 514 2159 loqui
539 2126 572 2152 de
597 2126 643 2152 illo
666 2125 779 2152 habitu?
798 2124 902 2152 Tacere
920 2133 970 2153 nos

1019 1541 1174 1576 ἄνθρωπος,
1190 1541 1203 1566 ό
1218 1539 1281 1566 κατ’
1301 1539 1393 1566 εἰκόνα
1410 1537 1510 1573 δηλαδὴ
1525 1537 1708 1571 γεγενημένος
1723 1535 1801 1562 Θεοῦ.

1019 1587 1111 1621 Ταύτῃ
1132 1594 1173 1611 τοι
1190 1585 1238 1611 καὶ
1255 1585 1342 1620 μέγας
1364 1583 1525 1614 ’Λοανάσιος
1551 1582 1628 1614 εἰδὼς
1645 1582 1685 1608 ὅτι
1706 1582 1741 1608 τὰ
1755 1583 1803 1615 τῆς

1019 1631 1194 1662 ἀναστάσεως
1219 1631 1258 1662 εἰς
1283 1631 1386 1656 ἐκεῖνον
1409 1629 1546 1664 ἀφορᾶται
1563 1628 1612 1655 ἕνα
1633 1628 1679 1654 καὶ
1696 1627 1804 1663 πρῶτον

1019 1676 1175 1710 ἄνθρωπον,
1190 1675 1227 1706 ὡς
1251 1675 1307 1702 ἄνω
1320 1675 1483 1708 διείληπται,
1501 1675 1549 1700 καί
1564 1674 1605 1700 δτι
1620 1673 1681 1700 κατ’
1700 1673 1805 1698 ἐκεῖνον

1020 1723 1049 1748 ὲν
1065 1723 1099 1757 τῇ
1126 1721 1325 1756 παλιγγενεσία
1353 1720 1455 1751 πάντες
1486 1719 1706 1754 ἀναστησόμεοα,
1735 1719 1805 1753 πρὸς

1027 1767 1162 1801 Ἀντίοχον
1179 1766 1270 1800 ἔλεγεν
1283 1775 1289 1781 ·
1308 1775 1318 1791 ι
1329 1766 1373 1792 Ἐν
1386 1767 1419 1801 τῇ
1435 1766 1583 1801 ἀναστάσει
1599 1765 1648 1792 οὐκ
1664 1765 1737 1791 ἐστιν
1753 1764 1804 1796 ἄρ-

1022 1820 1068 1838 σεν
1086 1799 1133 1839 καί
1150 1811 1216 1846 θῆλυ
1228 1799 1236 1827 λ
1249 1811 1279 1837 οὐ
1299 1810 1397 1846 μικρὸς
1406 1799 1467 1837 ..καὶ
1480 1799 1588 1844 Ῐιέγα;·
1606 1810 1637 1836 οὐ
1658 1810 1740 1844 μέλας
1757 1810 1807 1835 καὶ

1022 1857 1135 1890 ξανθός·
1155 1859 1185 1883 οὐ
1201 1856 1317 1892 διάφορά
1337 1864 1365 1883 τε
1389 1856 1523 1891 πρόσωπά
1542 1864 1573 1882 τε
1595 1855 1642 1881 καὶ
1665 1855 1804 1890 σχήματα.

1023 1904 1102 1933 Πᾶσα
1127 1903 1174 1929 καὶ
1201 1902 1255 1938 γὰρ
1283 1902 1428 1936 ἀνθρώπου
1451 1901 1532 1928 εἰκὼν
1556 1901 1637 1935 όμοία
1652 1901 1728 1926 ἔσται
1745 1901 1806 1926 vita

1022 1950 1071 1984 τῆς
1083 1949 1168 1983 Ἀδὰμ
1185 1949 1287 1979 εἰκόνος
1307 1949 1355 1975 καὶ
1370 1947 1506 1979 πλάσεως,
1528 1948 1575 1973 καὶ
1599 1947 1744 1982 μεγέθους,
1758 1947 1808 1973 καὶ

1024 1995 1173 2030 σχήματος.
1190 2004 1200 2023 ι
1218 1994 1249 2020 Εἰ
1270 1993 1299 2020 δὲ
1319 1993 1405 2020 ταῦτα
1420 1993 1506 2024 οὕτως
1523 1993 1590 2028 ἔχει,
1617 1994 1642 2019 εἰ
1666 1993 1736 2019 κατὰ
1759 1993 1808 2019 τὸν

1025 2041 1131 2076 πρῶτον
1150 2041 1253 2066 ἐκεῖνον
1269 2039 1412 2074 ἄνθρωπον
1428 2039 1457 2065 ἒν
1478 2037 1547 2070 εἶδος
1562 2038 1610 2064 καὶ
1625 2039 1717 2073 σχῆμα
1731 2038 1808 2072 ἐγείη

1024 2093 1114 2120 ρονται
1129 2083 1259 2115 ἅπαντες,
1275 2084 1313 2114 ὡς
1328 2082 1454 2110 ἐντεῦθεν
1470 2082 1507 2117 μὴ
1521 2079 1589 2109 εἶναι
1608 2082 1740 2116 διαφορὰν
1755 2082 1809 2117 ἆῤ-

1024 2127 1101 2162 ρενός
1115 2135 1145 2153 τε
1163 2127 1210 2153 καὶ
1229 2126 1335 2161 θήλεος,
1355 2126 1454 2161 μικροῦ
1475 2127 1521 2152 καὶ
1538 2126 1669 2161 μεγάλου,
1690 2127 1808 2161 μέλανός

187 2179 270 2206 super
297 2171 339 2198 his
366 2175 486 2206 prastat,
511 2175 539 2198 et
563 2178 653 2204 neque
679 2171 739 2205 ejus
765 2170 963 2204 formationem,

1022 2180 1051 2198 τε
1064 2172 1111 2197 καὶ
1130 2170 1228 2204 ξανθοῦ
1242 2180 1248 2187 ·
1263 2171 1289 2198 τί
1304 2171 1356 2206 χρὴ
1367 2172 1413 2197 καὶ
1427 2171 1516 2204 λέγειν
1529 2172 1591 2206 περὶ
1604 2171 1651 2198 τοῦ
1667 2172 1809 2205 σχῆμα-ειη

186 2216 275 2250 qualis
298 2215 360 2246 erit,
383 2215 519 2242 curiosius
534 2214 685 2248 inquirere,
704 2222 754 2241 nec
770 2216 906 2249 quomodo
923 2223 970 2242 vo-

187 2262 319 2288 cabimus.
339 2261 368 2288 Si
383 2260 465 2288 enim‘
477 2260 560 2287 maris
581 2266 607 2288 et
624 2260 732 2288 femina:
747 2261 893 2288 discrimen
915 2268 970 2288 non

186 2308 276 2338 habet,
293 2308 405 2334 omnino
421 2307 502 2334 fuerit
523 2307 646 2342 pltmnix,
661 2306 748 2339 Arabs
767 2306 894 2338 volucris,
910 2314 971 2341 qua:

187 2352 356 2386 splendidam
375 2352 403 2378 in
419 2359 447 2379 sc
460 2352 516 2386 ipsa
533 2352 613 2387 primi
626 2352 698 2379 illius
713 2352 808 2380 Adami
823 2351 969 2387 imaginem

187 2396 256 2429 fert;
287 2405 321 2424 ne
352 2398 439 2424 dicam
471 2398 690 2425 molestissimum
724 2405 859 2431 vcrtncm,
889 2398 969 2425 talem

185 2442 327 2477 quiescere
341 2447 461 2470 nostram
479 2443 707 2477 nugotiositatem.

219 2587 260 2611 An
278 2593 341 2612 vero
363 2585 387 2611 in
406 2585 605 2612 resurrectione
626 2588 805 2618 cognoscctur
828 2583 926 2610 femina
943 2589 970 2610 et

186 2638 254 2661 mas,
271 2638 325 2657 uno
342 2635 369 2657 et
383 2630 478 2657 eodem
496 2629 588 2656 habitu
603 2628 732 2656 omnibus
748 2628 967 2662 resurgentihus,

185 2675 309 2702 dubitare
323 2683 384 2706 nos,
398 2674 493 2709 procul
510 2682 525 2701 ο
541 2674 648 2700 ratione
663 2673 778 2700 recedit.
794 2672 822 2700 Si
844 2673 927 2704 enim,
941 2677 971 2701 ut

185 2722 318 2748 aurifluus
337 2721 457 2748 Joannes
479 2721 528 2751 ait,
538 2728 590 2747 non
616 2720 659 2747 hic
686 2724 763 2747 notos
783 2723 899 2750 tantum,
921 2720 969 2747 sed

183 2773 232 2793 eos
247 2774 317 2800 quos
328 2774 466 2801 nunquam
481 2766 609 2798 vidimus,
619 2773 683 2793 cum
695 2765 796 2792 ibidem
812 2764 968 2797 viderimus,

186 2818 398 2845 cognoscemus;
416 2813 643 2847 quemadmodum
658 2816 731 2839 certe
745 2816 771 2838 et
786 2811 969 2839 Abrahamum

1022 2217 1142 2250 ἐκείνους
1170 2217 1288 2251 Σιωπᾷν
1305 2217 1378 2252 ἡμᾶς
1403 2217 1448 2243 ἐπὶ
1472 2217 1578 2247 τούτοις
1605 2217 1729 2250 ἄμεινον,
1758 2219 1810 2243 καὶ

1023 2260 1093 2297 μήτε
1110 2262 1159 2296 τὴν
1173 2263 1256 2289 αὑτοῦ
1271 2263 1371 2289 πλάτιν
1386 2262 1465 2289 ὁποία
1478 2262 1519 2295 τίς
1534 2263 1592 2289 ἐστι
1605 2263 1809 2298 πολυπραγμο-

1022 2311 1088 2342 νεῖν,
1107 2310 1175 2344 μήτε
1195 2310 1254 2340 πῶς
1269 2301 1433 2344 καλέσομεν,
1448 2309 1505 2343 είγε
1522 2309 1572 2345 τὴν
1589 2311 1660 2337 κατὰ
1675 2310 1704 2336 τὸ
1719 2311 1810 2346 ἇρῤεν

1022 2355 1070 2380 καὶ
1085 2353 1151 2389 θῆλυ
1167 2354 1216 2381 οὐκ
1232 2354 1288 2389 ἔχει
1302 2354 1435 2389 διαφορὰν
1457 2355 1526 2385 ὅλως
1543 2355 1775 2390 περιεργάζεσθαι
1794 2357 1810 2382 ὁ

1022 2399 1110 2434 φοῖνιξ
1133 2401 1146 2426 ό
1167 2400 1312 2434 Ἀραὸικδς
1330 2401 1414 2436 ὅρνις,
1440 2401 1454 2427 ό
1472 2401 1519 2426 καὶ
1541 2401 1657 2436 φαιδρὰν
1673 2402 1701 2427 ἐν
1719 2401 1810 2436 ἑαυτῷ

1022 2445 1112 2481 φέρων
1127 2446 1219 2472 εἰκόνα
1233 2446 1279 2473 τοῦ
1294 2446 1352 2478 ἐνὸς
1369 2446 1475 2473 ἐκείνου
1491 2447 1579 2482 Ἀδάμ
1593 2455 1600 2462 ·
1618 2447 1661 2473 Ζνα
1676 2447 1715 2482 μὴ
1735 2447 1811 2481 λέγω

1021 2491 1066 2517 τὸν
1081 2491 1254 2526 οἰκτρότατον
1270 2492 1411 2526 σκώληκα,
1434 2491 1484 2526 τὴν
1507 2491 1635 2527 τοιαύτην
1652 2493 1811 2518 armamini:

1023 2536 1292 2572 πολυπραγμοσύνην
1311 2537 1400 2572 ἡμῶν.

1059 2582 1090 2608 Εἰ
1103 2582 1131 2608 δὲ
1145 2583 1192 2608 καί
1205 2591 1256 2609 που
1272 2583 1300 2609 ὲν
1315 2585 1347 2618 τῇ
1364 2584 1512 2610 ἀναστάσει
1528 2584 1718 2619 γνωσθήσεται
1731 2584 1761 2610 τό
1775 2591 1808 2609 τε

1021 2627 1090 2662 θῆλυ
1110 2630 1158 2655 καὶ
1172 2629 1202 2655 τὸ
1219 2629 1303 2664 app“
1320 2629 1359 2655 ἑνὶ
1379 2630 1425 2655 καὶ
1440 2629 1478 2665 τῷ
1494 2630 1569 2665 αὑτῷ
1592 2630 1714 2665 σχήματι
1737 2629 1810 2655 πάν-

1022 2682 1075 2699 των
1091 2674 1290 2708 ἀνισταμένων,
1316 2675 1468 2709 ὑπαπορείν
1493 2676 1577 2710 ἡμᾶς,
1593 2675 1631 2706 ὠς
1649 2673 1737 2709 οἶμαι.
1754 2675 1808 2701 οὐκ

1022 2718 1144 2752 εὔλογον.
1164 2718 1194 2744 Εἰ
1208 2719 1274 2753 γὰρ,
1289 2720 1326 2751 ὼς
1337 2721 1350 2746 ὁ
1365 2720 1565 2754 χρυσορρήμων
1584 2720 1710 2754 Ἰωάννης
1726 2721 1807 2755 φησὶ,

1023 2764 1061 2799 μὴ
1075 2765 1154 2798 μόνον
1168 2765 1230 2796 τοὺς
1244 2762 1294 2792 ὦδε
1311 2765 1459 2799 γνωστοὺς,
1475 2766 1543 2792 ἀλλὰ
1557 2767 1603 2791 καὶ
1616 2765 1661 2797 οὓς
1676 2765 1807 2792 οὐδέποτε

1021 2812 1127 2847 εἴδομεν
1141 2812 1241 2844 ἰδόντες
1257 2813 1344 2840 ἐκεῖσε
1362 2813 1531 2848 γνωρίσομεν
1545 2821 1551 2827 ι
1566 2813 1636 2839 καθὰ
1651 2813 1682 2848 δὴ
1696 2813 1741 2838 καὶ
1759 2811 1807 2837 τδν
