1954 3068
187 157 237 189 7Τ7

869 156 1053 187 EPISTOLA
1075 157 1125 187 VI.

1757 156 1811 187 778

193 212 319 248 ’Δῦραὰμ
337 212 350 238 ὸ
365 212 492 243 πλούσιος
504 219 510 226 ·
524 211 549 238 εί
567 211 605 246 μὴ
627 212 680 246 γὰρ
707 211 854 247 ἐγνώρισεν
878 212 970 244 αὐτὸν,

1028 211 1101 238 dives
1113 219 1120 243 ;
1133 210 1184 238 nisi
1196 210 1269 237 enim
1283 216 1345 236 cum
1362 208 1544 244 cognovisset,
1553 208 1688 242 quomodo
1701 209 1811 234 nomine

186 259 245 290 πῶς
262 259 296 285 ἂν
312 258 443 285 ἐκάλεσεν
462 258 492 290 ἐξ
508 257 658 291 ὀνόματοςς
674 257 724 284 οὐκ
747 258 781 284 ἄν
800 266 843 287 τις
861 258 971 292 ἀμήχα-

185 313 242 335 νον,
255 304 294 335 ὼς
320 301 408 338 οἶμαι,
429 303 574 338 ἡγήσεται.
595 303 642 336 Μὴ
665 303 712 329 καὶ
734 303 792 329 τόδε
816 303 847 329 τὸ
864 303 970 330 παιδίον

185 350 233 377 καὶ
249 350 328 384 τήνδε
339 349 389 384 τήν
407 350 534 383 γυναῖκα,
546 349 595 375 καὶ
609 349 654 376 τὸν
671 350 788 383 γέροντα
803 349 907 375 ἐκεῖνον
924 349 972 374 ὑπ“

184 395 308 429 ἀλλήλων
329 394 535 430 ἐπιγνωσθῆναι
557 394 630 427 τότε,
656 395 680 420 εί
705 395 753 420 καὶ
780 395 844 430 μιᾶς
861 394 971 429 ἡλικίας

185 442 232 467 καὶ
248 442 387 476 σχήματος
403 440 461 471 ἑνὸς
481 440 689 475 ἀναστήσονται.
711 440 778 473 οὐδὲ
793 440 847 474 γὰρ
861 439 893 466 ἐκ
906 448 972 466 συσ-

185 485 282 519 σήμων
305 485 352 511 καὶ
379 485 529 519 σχημάτων
553 485 600 511 καὶ
618 484 733 519 ἡλικιῶν
757 484 773 519 ἠ
798 484 972 518 γνωριμὸτηέ⁵

183 531 295 556 ἐκεῖσε·
321 530 390 557 ἀλλὰ
416 530 455 563 τῷ
481 531 628 566 διορατικῷ
651 531 700 564 τῆς
725 530 812 565 ψυχῆς
838 529 971 564 ὀφθαλμῷ

184 574 354 609 γνωριοῦμεν
368 575 467 605 πάντες
480 575 543 606 τοὺς
559 575 672 607 πάντας,
684 566 721 606 di;
731 576 745 601 ὸ
760 575 874 610 ποιητὴς
890 574 968 610 ἡμῶν

184 618 232 644 καὶ
244 618 366 653 πλάστης
381 618 544 653 ηὐδόκησεν.
560 618 632 644 Αὐτὸ
646 618 726 656 τοῦτο
739 618 787 645 καὶ
805 619 818 644 ὁ
832 618 970 650 θειάτατος

198 663 366 694 Δναστάσιος
386 663 579 699 ἀριδηλότερόν
594 670 636 690 σοι
659 664 820 699 παρίστησι.
839 664 886 690 καὶ
900 662 971 690 οὕτω

185 709 269 743 φησί’
290 710 343 735 Καὶ
357 709 408 736 οὐκ
420 710 453 735 ἐκ
469 710 619 746 συσσήμων
642 710 789 743 ἐπίγνωσις
804 709 881 736 ἔσται
897 710 970 737 τότε.

191 754 260 781 Ἀλλ’
277 755 338 781 οὐδὲ
357 754 393 781 τὰ
417 756 565 790 γεννητικὰ
582 755 669 781 ταῦτα
695 756 776 790 μόρια
799 756 829 781 τό
851 764 879 781 τε
903 751 970 789 θῆλύ

159 802 162 804 ’
184 801 232 827 καὶ
252 801 283 827 τὸ
296 801 381 835 ᾶρῤεν
410 792 587 836 παρίστησιν,
604 802 644 827 ὃτι
666 801 734 835 μηδὲ
752 803 779 828 ἐν
804 802 844 836 τῷ
860 802 970 837 Χριστῷ

184 847 269 881 ἄρσεν
295 847 344 873 καὶ
372 847 450 882 θῆλυ,
478 847 549 874 καθά
564 856 632 881 φησι
653 847 768 878 Παῦλος.
792 847 824 873 El
838 847 867 873 δέ
883 847 971 874 ταῦτα

1025 260 1151 284 vocasset
1172 256 1183 282 ?
1206 263 1286 282 nemo
1312 255 1406 291 utique
1428 254 1606 289 impossibile,
1629 257 1659 281 ut
1683 254 1811 284 arbitror,

1023 302 1166 338 iudicabit,
1179 305 1207 329 et
1231 301 1304 328 hunc
1320 309 1444 335 puerum,
1466 305 1494 327 et
1517 300 1587 327 hanc
1612 299 1765 331 mulierem,
1784 304 1812 325 et

1025 355 1120 375 senem
1135 347 1222 376 illum,
1241 346 1357 373 invicem
1375 349 1432 372 tum
1448 346 1584 381 cognitum
1599 345 1643 376 iri,
1662 344 1714 372 etsi
1730 345 1811 371 unius

1023 394 1123 424 aetatis,
1140 393 1275 427 uniusque
1292 391 1385 427 ﬁgurae
1403 396 1556 426 resurgent.
1575 391 1669 424 Neque
1690 390 1763 417 enim
1779 397 1812 416 ex

1025 436 1179 473 insignibus
1201 443 1228 465 et
1256 437 1349 472 ﬁguris
1373 437 1409 463 ibi
1426 437 1567 471 cognitio;
1587 436 1635 463 sed
1662 434 1811 470 perspicaci

1023 485 1120 511 animm
1132 483 1212 511 oculo
1221 490 1316 510 omnes
1325 483 1359 509 ab
1369 482 1495 509 omnibus
1503 486 1711 517 cognoscentur,
1721 489 1812 516 quem-

1024 529 1171 557 admodum
1199 528 1295 555 l‘netori
1325 531 1352 554 et
1386 527 1471 554 ﬁctori
1498 533 1593 554 nostro
1614 527 1702 554 visunt
1720 527 1811 553 fuerit.

1026 574 1118 602 lsthuc
1143 565 1231 608 ipsum
1256 578 1282 601 et
1304 573 1492 601 divinissimus
1523 573 1683 600 Anastasius
1697 572 1813 599 manife-

1025 619 1097 647 stius
1115 619 1164 646 tibi
1180 619 1268 651 sistet,
1283 623 1310 645 et
1327 619 1364 646 ita
1383 619 1423 645 ait
1440 629 1446 646 ι
1467 628 1476 644 ι
1495 618 1528 645 Et
1541 626 1597 645 non
1611 625 1643 645 cx
1661 617 1814 652 insignibus

1025 665 1146 700 cognitio
1161 669 1225 692 tunc
1236 664 1299 692 erit.
1316 673 1325 689 ι
1342 664 1397 691 Sed
1413 671 1501 698 neque
1512 663 1640 698 genitalia
1658 663 1716 689 hmo
1729 670 1815 688 Illelll-

1031 710 1078 737 bra
1102 716 1158 737 tum
1177 717 1280 737 marem
1295 715 1323 737 et
1335 709 1464 736 feminam
1482 709 1665 740 constituent;
1686 708 1751 743 quia
1765 715 1815 733 ne-

1025 764 1078 791 que
1096 756 1124 783 in
1140 756 1251 784 Christo
1268 764 1327 783 mas
1341 759 1367 783 et
1383 755 1496 786 femina,
1511 760 1541 782 ut
1557 755 1657 782 Paulus
1672 754 1771 789 inquit.
1787 753 1816 780 Si

1026 809 1090 829 vero
1106 802 1164 828 hac
1179 802 1215 828 ita
1240 802 1339 828 habent
1354 806 1381 827 et
1404 801 1556 828 secundum
1576 792 1703 835 magniun
1733 799 1816 826 Atha«

1025 848 1132 874 nasium
1150 855 1222 874 unus
1239 847 1321 876 homo
1338 847 1365 874 in
1387 846 1564 880 generatione
1579 853 1676 872 omnes
1689 852 1816 878 resurge-

183 893 269 923 οὕτως
284 892 342 926 ἔχει
368 894 414 920 καὶ
433 893 503 920 κατὰ
516 893 562 919 τὸν
584 893 671 927 μέγαν
688 893 851 920 Ἀθανάσιον
873 891 912 925 εἷς
928 894 974 921 ἇν-

1028 901 1104 926 mus;
1122 901 1177 922 una
1193 894 1267 921 enim
1287 898 1352 921 tetas
1370 893 1443 928 apud
1461 901 1568 924 omnes.
1590 901 1642 919 una
1662 892 1747 924 ﬁctio.
1763 900 1816 918 una

185 937 296 971 θρωπος
321 938 351 963 ἐν
373 939 403 972 τῇ
431 938 630 973 παλιγγενεσία
655 938 757 970 πάντες
778 939 949 973 ἁνιστάμεθσ.
964 948 971 955 ·

186 983 236 1016 μία
252 985 307 1017 γὰρ
322 983 417 1017 ἡλικία
432 983 516 1021 παρὰ
541 985 618 1016 πᾶσι,
646 985 695 1018 μία
711 984 820 1017 πλάσις,
843 986 871 1010 ἓν
890 983 970 1018 εἶδος,

184 1027 214 1053 ἒν
230 1028 324 1062 σχῆμα
338 1028 385 1054 καὶ
402 1028 518 1062 μέγεθος
530 1028 570 1054 ἓν*
584 1029 710 1063 περιττὸν
729 1029 762 1063 ἂν
780 1030 822 1064 εἴη
836 1030 969 1066 διαφορὰν

185 1073 333 1107 σχημάτων
350 1073 490 1108 ἐπιζητεῖν
501 1081 509 1089 ·
525 1075 549 1101 εἰ
564 1074 618 1109 γὰρ
632 1075 680 1109 τήν
696 1075 825 1110 τοιαύτην
839 1075 970 1110 διαφορὰν

185 1119 202 1153 ἡ
223 1118 310 1153 φθορὰ
332 1119 547 1153 παρεισήγαγεν,
563 1120 670 1154 ἀνάγκη
690 1121 776 1151 πᾶσα,
798 1121 847 1155 τῆς
863 1121 972 1155 ἀφθαρ-

185 1165 245 1195 σίας
261 1165 403 1199 ἐλθούσης,
421 1165 507 1192 ταῦτα
526 1166 614 1192 πάντα
632 1166 680 1192 σὺν
704 1167 736 1201 τῇ
760 1166 848 1201 φθορᾷ
868 1167 971 1201 παρελ-

185 1211 252 1238 οεῖν.
265 1211 321 1237 Καὶ
335 1211 406 1238 οὕτω
422 1211 473 1245 μὲν
489 1212 503 1237 ὁ
514 1211 547 1237 τὰ
561 1211 619 1238 οεῖα
635 1212 673 1247 τῷ
686 1212 742 1238 ὄντι
756 1212 837 1246 σοφὸς
855 1212 971 1239 Ἀθανάι

185 1265 242 1288 σιος
255 1265 263 1272 ν
276 1257 317 1283 ὅτι
336 1257 380 1284 διὰ
394 1256 444 1292 τὴν
465 1257 603 1292 ἁμαρτίαν
622 1258 638 1292 ἡ
662 1258 716 1284 τῶν
739 1259 888 1293 σχημάτων
908 1258 967 1284 δια-

186 1303 257 1335 φορὰ
274 1303 320 1328 καὶ
337 1303 351 1337 ἡ
366 1302 414 1328 τοῦ
426 1302 516 1337 γάμου
528 1303 611 1338 ἀρχή·
625 1305 767 1339 καταρχὰς
781 1305 836 1339 γὰρ
850 1304 928 1331 οῦδὲν
944 1313 970 1331 τι

186 1347 306 1374 τοιοῦτον
331 1345 376 1382 ἦν,
396 1348 444 1375 ἅτε
472 1349 518 1375 τοῦ
540 1349 594 1376 τῶν
620 1349 773 1384 ἀνθρώπων
801 1349 973 1385 πλεονασμοῦ

192 1393 262 1418 κατά
279 1392 341 1423 τοὺς
358 1393 502 1426 ἀγγέλους.
521 1394 558 1424 ὡς
575 1395 748 1429 προείρηται,
768 1395 891 1428 γίνεσθαι
908 1395 974 1429 μέλι

185 1437 278 1467 λοντος
290 1446 298 1454 ·
314 1438 463 1465 κάντεῦθεν
480 1439 518 1474 μὴ
535 1439 663 1474 δεόμενον
682 1441 731 1474 τῆς
746 1441 801 1467 ἀπὸ
814 1441 862 1468 τοῦ
878 1441 974 1476 θήλεος

188 1483 323 1518 βοηθείαςσ
340 1486 387 1511 καὶ
403 1485 457 1520 γὰρ
472 1487 497 1512 εὶ
524 1487 562 1520 μή
583 1483 663 1520 ὤφθη
688 1488 828 1522 παρήκοος
843 1489 858 1515 ὸ
876 1488 972 1522 Ἀδὰμ,

187 1529 238 1554 οὐκ
253 1529 287 1556 ἂν
300 1529 393 1564 ἐδέησε
411 1531 513 1564 γάμου,
527 1531 574 1557 καὶ
589 1532 640 1566 τῆς
659 1531 697 1566 τῷ
714 1533 797 1566 γάμῳ
807 1532 901 1559 λοιπὸν
914 1541 975 1559 συν-

1024 941 1140 974 species.
1166 948 1238 967 unus
1254 940 1374 971 habitus.
1391 944 1419 966 et
1448 938 1608 973 magnitudo
1630 945 1693 969 una,
1719 945 1816 972 super-

1025 986 1110 1012 linum
1128 986 1236 1021 quidem
1259 986 1340 1014 fuerit
1366 986 1512 1020 ﬁgurarum
1534 985 1684 1012 discrimen
1707 984 1817 1019 perqui—

1026 1039 1098 1058 rere.
1123 1031 1152 1058 Si
1176 1032 1249 1059 enim
1278 1031 1330 1058 tale
1359 1031 1506 1058 discrimen
1533 1029 1672 1064 corruptio
1697 1029 1815 1059 induxit.

1024 1078 1211 1104 necessarium
1226 1078 1338 1104 omnino
1353 1081 1404 1107 est,
1417 1076 1623 1110 incorruptione
1639 1075 1815 1106 adveniente,

1025 1123 1083 1150 h.ce
1101 1123 1192 1150 omnin
1208 1131 1270 1151 cum
1284 1122 1461 1157 corruptione
1479 1121 1630 1156 prxterirc.
1650 1121 1683 1147 Et
1703 1121 1740 1148 ila
1754 1121 1815 1154 qui-

1015 1171 1086 1201 dem
1117 1171 1272 1198 divinarum
1298 1179 1389 1198 rerum
1418 1170 1602 1204 peritissimus
1635 1168 1814 1196 Athanasius.

1025 1217 1092 1250 Quia
1107 1225 1156 1252 per
1169 1221 1310 1251 peccatum
1324 1217 1469 1251 ﬁgurarum
1483 1214 1644 1245 discrimen,
1661 1218 1689 1240 et
1707 1213 1817 1248 nuptia-

1026 1271 1086 1290 rum
1102 1263 1219 1290 initium.
1233 1262 1359 1290 Abinitio
1367 1262 1440 1289 enim
1454 1260 1522 1288 nihil
1535 1260 1587 1288 tale
1600 1263 1668 1293 erat,
1684 1258 1817 1293 siquidem

1027 1309 1071 1336 hic
1084 1309 1166 1336 homo
1177 1309 1411 1344 multiplicandus.
1422 1313 1451 1336 ut
1462 1307 1562 1342 angeli,
1571 1311 1647 1339 erat;
1660 1310 1684 1334 el
1698 1302 1763 1333 inde
1776 1305 1817 1332 l'e-

1028 1354 1108 1381 mina:
1118 1355 1218 1382 auxilio
1229 1362 1284 1382 non
1297 1354 1446 1389 indigebat.
1455 1353 1482 1382 Si
1492 1353 1566 1380 enim
1578 1351 1738 1379 inohediens
1746 1349 1818 1377 Ada-

1027 1404 1150 1425 musnon
1158 1398 1335 1432 apparuisset.
1343 1398 1499 1432 nuptiarum
1505 1396 1615 1432 quidem
1623 1403 1677 1424 non
1685 1395 1815 1430 eguisset,

1027 1448 1054 1470 et
1083 1443 1194 1478 reliqua
1211 1443 1315 1478 nuptiis
1339 1443 1503 1471 necessaria!
1528 1441 1754 1477 constructionis.
1778 1441 1818 1468 Ad

1025 1489 1090 1523 quid
1117 1489 1192 1516 enim
1212 1490 1270 1517 haec
1297 1489 1457 1524 profuisset,
1487 1489 1510 1517 si
1536 1489 1618 1516 etiam
1631 1487 1692 1515 Sine
1716 1486 1818 1522 nuptiis

1028 1534 1170 1562 hominum
1190 1534 1338 1562 multitudo
1355 1535 1501 1571 provenire
1517 1542 1573 1562 non
1590 1533 1755 1561 vetabatur?

187 1576 319 1610 τελούσης
332 1576 517 1610 κατασκευῆς.
544 1576 591 1608 Εἰς
606 1577 632 1603 τί
653 1578 701 1604 καὶ
722 1578 778 1612 γὰρ
801 1579 976 1607 συνετέλεσεν
996 1578 1078 1615 αὕτη,
1111 1580 1168 1615 εῐγε
1191 1580 1238 1606 καὶ
1255 1580 1345 1615 γάμου
1362 1580 1447 1616 χωρὶς
1466 1581 1483 1615 ή
1497 1580 1553 1607 τῶν
1566 1579 1719 1615 ἀνθρώπων
1750 1579 1820 1614 πλη-

191 1623 241 1653 0b;
257 1623 401 1658 προελθεῖν
415 1623 465 1649 οὐκ
480 1623 636 1655 ὲκωλύετος

226 1669 398 1704 Προλαΰὼνὸ
415 1669 493 1703 λόγος
510 1669 633 1703 διείληφέ
658 1678 702 1697 σοι
724 1671 790 1705 περὶ
811 1670 908 1698 τούτου
929 1679 974 1698 σα-

1065 1668 1224 1697 Ριεεροὰοιιε
1246 1676 1336 1696 sermo
1355 1669 1485 1696 disseruit
1500 1669 1548 1696 tibi
1566 1668 1600 1696 de
1624 1668 1677 1695 hoc
1696 1670 1818 1703 apertis-

191 1716 334 1750 φέστερον.
349 1715 380 1741 Ei
394 1715 422 1741 δὲ
438 1715 525 1742 ταῦτα
539 1715 626 1748 οὕτως
640 1716 707 1750 ἔχει,
724 1718 750 1743 εἰ
765 1717 809 1744 διὰ
825 1717 874 1752 τὴν
889 1725 977 1752 παρα-

191 1762 257 1795 κοὴν
274 1762 323 1788 καὶ
341 1761 392 1796 τὴν
406 1762 459 1788 ἀπὸ
478 1762 526 1788 τοῦ
544 1762 660 1789 θανάτου
677 1763 781 1798 φθορὰν
797 1763 885 1798 ἀρχὴν
898 1763 977 1798 ἔσχεν

190 1809 204 1834 ὁ
219 1807 318 1842 γάμος,
329 1807 365 1838 dt;
380 1807 394 1833 6
408 1807 525 1842 χρυσοῦς
540 1808 590 1842 τὴν
612 1808 734 1842 γλῶττάν
751 1817 832 1843 φησιν
846 1817 853 1825 ·
866 1810 890 1836 εἰ
909 1809 978 1844 μετὰ

191 1854 222 1880 τὸ
238 1854 341 1888 ὑψηλὸν
357 1853 407 1887 τῆς
430 1854 546 1885 κτίσεως
564 1854 611 1880 ἐπὶ
629 1855 675 1880 τον
701 1854 846 1889 ἄνθρωπον
863 1855 978 1889 ἤνεγκεν

192 1900 206 1926 ὸ
223 1899 289 1930 Θεὸς
314 1899 343 1925 τὸ
368 1899 420 1932 τῆς
446 1899 545 1932 ἀλόγου
571 1899 746 1934 κατασκευῆς
774 1900 884 1935 ἰδίωμα,
911 1900 948 1931 ὡς
963 1902 978 1926 ὁ

192 1945 302 1980 Νύσσης
320 1945 412 1978 φησίν·
425 1944 510 1979 εἰτῆς
531 1945 664 1979 δευτέρας
683 1946 742 1971 ἐστὶ
764 1945 878 1976 κτίσεως
891 1947 908 1980 ἡ
924 1946 978 1973 τῶν

193 1991 341 2025 σχημάτων
356 1989 473 2024 διαφορὰ
500 1990 572 2016 κατὰ
587 1990 633 2016 τὸν
661 1991 788 2026 Σιναῖτην
807 1990 878 2018 θεῖον
898 1991 978 2018 Ἀνα-

193 2036 304 2063 στάσιον
314 2044 321 2051 ·
337 2037 362 2062 εἰ
376 2036 446 2062 κατά
465 2036 511 2063 τὸν
527 2036 635 2071 πρῶτον
650 2038 752 2063 ἐκεῖνον
766 2037 911 2072 ἄνθρωπον
928 2039 979 2073 μιᾷ

194 2083 252 2118 ἰδέᾳ
267 2082 314 2109 καὶ
325 2082 365 2108 ἐνὶ
380 2082 500 2117 σχήματι
515 2083 621 2112 πάντες
632 2082 795 2117 ἐγείρονται,
809 2082 847 2114 ὡς
863 2083 877 2110 ὁ
890 2084 979 2118 μέγας

193 2128 277 2163 φησὶν
289 2129 459 2160 ’Λοανάσιος,
482 2128 531 2154 ἅτε
548 2128 599 2162 τῆς
615 2129 686 2155 κατὰ
707 2129 737 2154 τὸ
753 2129 837 2164 ἄρῤεν
849 2129 896 2155 καὶ
912 2129 978 2164 θῆλυ

192 2173 324 2208 διαφορᾶς
343 2173 456 2207 ὕστερον
481 2172 709 2208 ἐπιτεχνηθείσης
743 2173 802 2208 Θεῷ
827 2173 862 2200 δι’
877 2174 977 2206 αίτίαν,

192 2219 254 2254 ἥτις
265 2219 322 2246 ἄνω
335 2218 504 2253 διείληπται·
519 2218 546 2244 τί
559 2219 612 2253 χρὴ
630 2220 677 2245 καὶ
688 2219 780 2252 λέγειν
794 2220 840 2246 ἐπὶ
854 2219 895 2254 τῷ
912 2228 980 2254 προ-

157 2291 162 2296 _
193 2264 312 2298 κειμένῳ
340 2263 499 2297 (mmini;
516 2263 610 2290 Ταῦτα
636 2264 851 2298 παρακαλοῦμεν
870 2264 978 2299 μαθεῖν.

193 2309 265 2343 Εἶγε
279 2309 326 2335 καὶ
342 2308 442 2343 μᾶλλον
460 2309 474 2334 ὁ
488 2309 670 2343 Δαμασκηνὸς
693 2309 820 2344 Ἰωάννης
843 2310 979 2337 ἐναντιοῦ-

193 2355 255 2381 σθαι
273 2355 329 2384 τοῖς
348 2354 505 2388 εἰρημένοις
533 2354 617 2381 δοκεῖ.
642 2355 685 2381 Ἐν
705 2356 758 2390 γὰρ
776 2356 816 2391 τῷ
842 2365 978 2392 τεσσαρα-
995 2345 1018 2374 D

193 2400 420 2436 xoott'p‘tetdpﬂp
442 2400 497 2426 τῶν
518 2401 698 2435 Δογματιιιῶν
724 2402 808 2429 αὐτοῦ
822 2403 978 2437 κεφαλαίων

192 2447 240 2472 καὶ
253 2445 316 2472 τάδε
332 2446 394 2480 περὶ
408 2446 456 2472 τοῦ
472 2445 582 2480 πρώτου
597 2445 741 2480 ἀνθρώπου
751 2448 839 2482 λέγων
851 2448 976 2483 εὖρηται”

196 2500 205 2517 ι
222 2491 323 2517 Τοῦτον
336 2491 429 2525 μέντοι
442 2491 488 2517 τὸν
504 2491 649 2525 ἄνθρωπον
658 2493 762 2527 ἄῤῥενα
776 2495 979 2521 κατεσκεύασεν

192 2536 207 2561 ὸ
222 2536 288 2568 Θεὶς
302 2536 434 2570 μεταδοὺς
450 2536 525 2569 αὑτῷ
538 2538 588 2572 τῆς
603 2537 700 2564 ἑαυτοῦ
716 2539 790 2571 θείας
804 2540 925 2575 χάριτος,
937 2540 977 2568 ἔτι

192 2583 278 2609 δὲκαὶ
290 2583 339 2618 τῆς
349 2584 404 2609 τῶν
421 2582 553 2617 ἐπιγείων
568 2584 677 2610 πάντων
693 2584 790 2619 ἀρχῆς.
806 2594 815 2611 ι
829 2586 978 2612 ’Ἐντεῦθεν

192 2628 239 2655 οὖν
264 2628 454 2665 ἐναντιοῖζσοαι
472 2629 564 2655 δοκεῖ·
583 2630 630 2655 τὸν
660 2629 713 2664 γὰρ
736 2630 845 2665 πρῶτον
872 2632 977 2658 ἐκεῖνον

192 2674 336 2707 ἇνορωπον
362 2660 466 2709 ἇβρενα
481 2674 558 2710 παρὰ
577 2674 646 2701 Θεοῦ
664 2676 923 2710 κατασκευασθῆναι
938 2678 977 2703 εἰ-

195 2718 264 2751 πὼν,
278 2719 396 2755 ἀπορίαν
410 2719 441 2745 οὑ
453 2721 503 2754 τὴν
517 2721 653 2758 τυχοῦσαν
664 2721 762 2755 ἐνῆκεν
779 2722 855 2756 ἡμῖν.
870 2723 901 2749 Εἰ
914 2723 978 2758 γὰρ.

194 2766 230 2797 ὡς
245 2767 259 2792 ό
275 2766 361 2801 μέγας
387 2766 471 2799 φησὶν
488 2766 661 2800 Ἀθανάσιος,
679 2768 708 2793 ἐν
729 2769 763 2803 τῇ
783 2769 980 2804 παλιγγενεσίᾳ

193 2811 294 2843 πάντες
321 2809 361 2842 εἷς
387 2811 611 2847 ἀναστησόμεοα,
639 2812 711 2840 τοῦτ’
735 2814 810 2840 ἔστιν
829 2816 918 2849 ὁμοῖοι
941 2816 980 2849 τῷ

195 2857 294 2894 πρώτῳ
317 2857 454 2897 ἀνθρώπῳ
475 2859 545 2886 κατὰ
571 2859 664 2896 σχῆμα
686 2861 731 2888 καὶ
756 2861 873 2889 πλάσιν·
891 2862 980 2898 ἄρρην

1031 1715 1108 1742 sime.
1129 1715 1157 1741 Si
1170 1722 1234 1742 vero
1253 1714 1312 1742 hmo
1335 1714 1372 1742 ita
1395 1715 1506 1744 habent.
1523 1719 1637 1749 propter
1658 1714 1821 1742 inobedicn-

1032 1753 1108 1788 tiam}
1122 1766 1150 1789 et
1163 1762 1367 1797 corruptionem
1383 1769 1443 1796 quae
1466 1769 1498 1788 ex
1525 1766 1614 1788 morte
1640 1764 1693 1793 est,
1717 1760 1820 1794 nuptiae

1031 1808 1197 1842 principium
1213 1808 1346 1839 habuere,
1367 1812 1398 1835 ut
1411 1807 1623 1842 Chrysostomus
1643 1807 1693 1833 ait.
1715 1806 1743 1833 Si
1760 1810 1821 1841 post

1031 1853 1227 1880 sublimitatem
1245 1853 1406 1883 creationis,
1421 1853 1447 1879 in
1467 1853 1605 1879 hominem
1625 1851 1731 1878 induxit
1748 1851 1820 1878 Deus

1032 1897 1196 1925 irrationalis
1203 1897 1413 1925 constructionis
1425 1897 1630 1932 proprietatem,
1642 1901 1671 1923 ut
1683 1895 1821 1930 Nyssenus

1031 1945 1078 1971 ait.
1087 1943 1116 1971 Si
1132 1948 1176 1971 est
1188 1943 1315 1971 secundae
1330 1943 1477 1970 creationis
1491 1943 1639 1977 ﬁgurarum
1658 1942 1818 1973 discrimen,

1030 1989 1106 2024 juxta
1124 1989 1256 2016 Sinaitcm
1273 1989 1397 2016 divinum
1414 1980 1598 2016 Anastasinm.
1619 1988 1647 2014 Si
1667 1987 1819 2014 secundum

1032 2036 1151 2070 primum
1172 2035 1247 2062 illum
1264 2034 1418 2064 hominem.
1435 2042 1488 2061 una
1503 2034 1595 2069 specie
1611 2039 1640 2061 et
1661 2042 1712 2060 una
1735 2033 1820 2069 ﬁgunt

1032 2089 1130 2109 omnes
1151 2086 1306 2115 resurgcnt,
1327 2085 1356 2108 ut
1382 2088 1499 2116 magnus
1526 2080 1613 2114 inquit
1638 2080 1819 2111 Athanasius;

1032 2128 1165 2162 siquidem
1180 2127 1264 2154 maris
1282 2132 1309 2154 et
1325 2126 1430 2154 fetuinze
1452 2126 1600 2154 discrimen
1616 2126 1819 2161 superiabricav

1033 2178 1089 2201 tum
1114 2177 1157 2200 est
1180 2173 1318 2208 posterius
1342 2180 1358 2199 ιι
1389 2172 1453 2204 Deo,
1473 2177 1584 2207 propter
1611 2180 1670 2200 eam
1698 2179 1820 2202 causam,

1032 2227 1114 2254 quam
1133 2227 1215 2254 supra
1239 2219 1392 2250 retulimus,
1416 2219 1481 2254 quid
1505 2223 1611 2252 oportet
1632 2219 1722 2245 adhuc
1747 2218 1819 2252 loqui

1033 2272 1116 2299 super
1134 2264 1274 2299 proposita
1294 2263 1465 2298 quu-stiouc?
1488 2263 1551 2291 llaec
1566 2268 1691 2298 optamus
1705 2263 1820 2290 discere.

1035 2309 1062 2336 Si
1079 2314 1109 2337 et
1125 2309 1210 2343 magis
1232 2309 1419 2335 Dumnsccnus
1443 2308 1564 2336 Joannes
1578 2308 1658 2336 dictis
1680 2308 1822 2336 adversari

1032 2355 1152 2382 videtur.
1169 2354 1196 2381 In
1221 2354 1430 2389 quadragesimo
1447 2359 1544 2389 quarto
1566 2354 1639 2382 cuitu
1662 2355 1721 2389 cjus
1748 2355 1823 2389 capi-

1032 2406 1091 2429 tum
1104 2401 1318 2437 dugmaticorum
1337 2406 1365 2428 et
1381 2403 1438 2428 hmc
1452 2401 1485 2428 de
1499 2402 1588 2435 primo
1604 2401 1715 2428 homine
1729 2401 1820 2431 dicere

1032 2447 1268 2482 deprehenditur:
1288 2457 1297 2472 ι
1317 2447 1395 2474 llunc
1411 2447 1522 2480 quidem
1547 2447 1686 2474 hominem
1712 2454 1820 2474 mascu-

1032 2495 1088 2522 lum
1104 2493 1257 2521 construxit
1271 2493 1353 2525 Deus,
1373 2501 1434 2520 eum
1458 2500 1514 2520 sua:
1530 2493 1630 2520 divina:
1649 2493 1742 2528 gratia:
1760 2500 1822 2527 par-

1033 2540 1144 2575 ticipem
1155 2540 1275 2572 faciens;
1288 2539 1378 2567 adhuc
1388 2547 1452 2566 vero
1466 2543 1494 2566 et
1508 2539 1679 2567 terrestrium
1696 2538 1818 2566 omnium

1033 2587 1212 2622 principatus.
1227 2596 1237 2613 ι
1248 2586 1312 2613 lude
1327 2586 1408 2621 igitur
1418 2585 1555 2613 adversari
1569 2585 1686 2612 videtur.
1699 2585 1818 2611 Primum

1032 2634 1106 2661 enim
1130 2633 1204 2660 illum
1230 2633 1370 2660 hominem
1399 2632 1553 2660 masculum
1578 2639 1593 2658 a
1619 2631 1674 2657 Deo
1697 2634 1819 2659 creatum

1032 2680 1117 2707 fuisse
1128 2679 1232 2710 dicens,
1245 2687 1300 2706 non
1313 2678 1514 2715 despiciendam
1525 2676 1730 2712 ambiguitatcm
1742 2675 1821 2703 nobis

1032 2725 1134 2753 intulit.
1145 2725 1174 2752 Si
1190 2724 1276 2758 enim,
1289 2731 1319 2753 ut
1335 2732 1447 2759 magnus
1462 2723 1629 2751 Athanasius
1638 2721 1685 2753 ait,
1697 2721 1724 2748 in
1741 2729 1819 2756 rcge-

1031 2772 1178 2799 ncrutioue
1195 2779 1291 2800 oninrs
1305 2779 1373 2798 unus
1387 2777 1572 2805 resurgemus,
1589 2769 1641 2796 hoc
1652 2773 1704 2801 est,
1715 2768 1820 2795 similes

1031 2817 1120 2852 primo
1135 2817 1239 2844 homini
1250 2818 1326 2852 juxta
1337 2817 1446 2850 ﬁgurant
1470 2820 1498 2842 et
1515 2815 1669 2846 ﬁctionem;
1681 2814 1820 2842 masculus

1032 2871 1121 2892 vcroa
1137 2865 1191 2892 ι)οο
1208 2865 1358 2900 productus
1373 2863 1478 2898 primus
1492 2862 1547 2896 ille,
1558 2867 1587 2891 ut
1598 2870 1690 2891 rerum
1708 2862 1818 2890 divina-
