1954 3068
214 164 263 194 78'!

845 165 1054 195 MICHA’ELIS
1071 167 1199 197 GLYC/E

1783 166 1835 198 181

211 220 280 249 Ilinc
295 225 322 247 et
346 219 479 248 Ecclesiae
501 211 629 248 doctores
651 221 823 248 occasionem
851 221 914 249 inde
927 222 999 249 arri-

1055 224 1202 258 δειγμένων
1218 225 1270 250 εἰσὶ
1299 224 1471 260 παραϐολαί·
1487 224 1559 250 οὕτω
1587 223 1641 257 γὰρ
1667 221 1836 256 παριστῶσιν

208 266 315 300 pientes
328 265 363 292 de
375 266 560 301 recognitione
569 266 614 293 illa
631 266 760 301 placitum
772 267 844 294 inter
855 275 883 294 se
894 267 998 295 stabili-

208 317 318 339 verunt.
335 311 363 339 Si
380 312 453 339 enim
473 319 504 339 ex
522 312 674 347 insignibus
684 313 727 340 hic
739 313 865 340 homines
878 313 998 340 invicem

209 365 238 384 se
251 363 433 392 cognoscunt,
448 357 493 384 ubi
512 358 656 392 perspicax
672 359 770 386 anima:
787 363 886 386 nostrai.
901 359 998 386 oculus

208 410 258 438 per
275 409 418 438 peccatum
435 403 585 430 oﬂ‘uscatus
599 408 653 436 est,
665 408 744 438 atque
759 404 823 431 inde
837 404 929 431 videre
942 411 995 432 non

208 453 309 482 potest,
325 449 362 476 uti
377 450 453 483 prius
466 458 472 482 ;
485 450 530 476 sed
543 449 581 477 ibi
597 455 625 476 et
645 450 705 478 sine
723 450 820 485 signis.
843 450 901 478 Una
922 451 996 478 enim

208 499 275 523 aetas
301 495 374 530 apud
402 503 508 527 omnes,
537 500 566 522 et
594 496 681 523 forma
709 504 776 528 una.
800 501 830 524 ut
846 496 997 532 Scriptum

209 541 316 569 dicunt.
343 541 446 571 Omnes
466 542 500 569 ab
515 542 643 569 omnibus
663 547 873 578 cognoscentur,
890 547 918 570 ut
935 551 997 571 mox

212 595 305 616 sermo
317 588 365 615 tibi
379 588 514 616 ostendet.
537 588 584 616 Hic
605 589 677 615 enim
692 589 715 616 si
734 589 857 616 eamdem
873 594 899 617 et
913 597 995 617 uuam

208 641 305 661 omnes
321 634 432 669 ﬁguram
452 634 594 666 haberent,
614 642 668 661 non
686 635 798 662 minima
820 636 882 663 vim
898 636 995 665 confu-

208 681 252 708 sio
272 682 451 716 contingerct.
467 681 538 708 Cur?
559 680 627 713 Quia
644 680 815 719 discernendi
839 681 996 709 facultatem

209 733 288 753 mens
300 731 394 754 nostra
407 734 501 753 sanam
517 726 616 758 adhuc,
630 730 658 752 ut
680 726 768 760 prius,
790 734 844 753 non
864 727 993 761 possidet.

207 770 415 798 lnlirmitatibus
449 771 530 806 igitur
562 771 664 799 nostris
702 771 793 799 divina
824 772 995 806 providentia

183 818 187 822 ‘
210 824 291 851 opem
319 817 422 850 ferens,
443 821 469 844 et
485 818 670 847 diversitatem
697 824 843 851 corporum
866 826 917 853 per
939 819 994 846 dis-

208 862 397 896 pensationem
418 863 516 890 adcsse
532 863 612 890 nobis
626 864 770 896 concessit,
782 869 812 891 ut
822 864 885 891 inde
900 871 996 891 omnes

207 908 242 934 ab
267 908 382 935 invicem
406 913 655 944 cognoscercntur:
684 909 730 936 sed
760 909 806 942 ibi,
828 910 919 937 divine
944 910 996 944 vir,

208 954 277 980 nihil
298 953 452 987 hujusmodi
466 954 528 982 erit.
542 955 574 982 Et
587 955 610 982 si
623 955 663 982 vis
677 963 746 982 auro
760 955 890 983 ﬂuentem
913 955 997 983 Joan-

208 1006 272 1026 nem
286 999 361 1032 prius
371 999 447 1032 audi,
462 1000 517 1026 haec
531 1000 567 1027 ita
580 1002 789 1028 conﬁrmantem
804 1005 832 1028 et
843 1001 998 1033 dicentem.

208 1045 280 1079 quod
299 1052 352 1072 non
371 1045 458 1072 solum
475 1053 523 1073 eos
540 1046 586 1080 qui
612 1046 656 1073 hic
678 1047 735 1074 noti
761 1047 840 1074 nobis
863 1051 936 1078 sunt,
953 1054 1000 1074 co-

209 1098 382 1125 gnoscemus,
401 1091 447 1118 sed
468 1098 517 1119 eos
533 1099 602 1126 quos
618 1099 759 1127 nunquam
781 1092 912 1124 vidimus.
935 1093 999 1120 Ete-

211 1136 268 1162 nim
285 1136 472 1164 Abrahamnm
489 1145 542 1164 non
564 1137 666 1170 vidisti,
687 1145 777 1173 neque
801 1137 935 1172 lsaacum,
950 1145 1001 1165 ne-

211 1190 266 1218 que
281 1183 402 1217 reliquos
417 1184 679 1219 antiquospatres;
703 1185 750 1212 sed
771 1185 867 1212 videns
884 1185 957 1220 ipsos
972 1185 1000 1213 in

213 1230 259 1256 illo
273 1229 394 1257 horribili
411 1234 438 1256 et
453 1230 592 1257 communi
616 1235 763 1263 conventu,
790 1237 952 1266 cognosces.
974 1237 1002 1259 et

211 1284 281 1304 cum
290 1278 451 1312 cognoveris
465 1277 540 1304 dices
555 1286 562 1304 :
581 1277 650 1304 Ecce
667 1277 815 1310 Abraham,
830 1285 894 1305 ecce
914 1278 1001 1311 Isaac,

209 1330 274 1350 ecce
294 1323 387 1355 Iacob,
415 1331 480 1351 ecce
501 1323 608 1355 Petrus,
622 1328 649 1350 et
665 1323 778 1356 Paulus,
790 1327 817 1351 ct
833 1323 929 1358 reliqui
953 1324 1002 1351 dc-

209 1368 319 1403 inceps.
342 1369 376 1397 Et
394 1369 477 1403 huius
493 1369 533 1396 rei
547 1369 632 1404 gratia
650 1377 684 1396 ne
699 1369 809 1400 mirere,
824 1376 914 1404 neque
931 1369 1004 1396 inso-

213 1415 273 1441 lens
291 1415 316 1441 id
332 1414 467 1442 existima.
486 1413 515 1441 Si
543 1415 615 1442 enim
645 1414 699 1446 illa,
714 1422 781 1449 ,quae
808 1415 834 1441 in
861 1414 1001 1443 Dominiea

218 1460 346 1494 passione
369 1468 384 1487 a
414 1461 527 1488 mortuis
552 1467 764 1488 resurrexerunt
787 1468 913 1496 σοι-βοτη,
939 1468 1001 1488 cum

212 1505 395 1541 prwliguratio
407 1511 499 1534 essent
514 1506 616 1533 ultima:
637 1511 663 1533 et
682 1507 838 1534 communis
862 1513 1000 1534 resurrec-

1052 267 1132 296 αὗται
1146 270 1180 296 τὰ
1192 269 1355 305 πράγματα,
1367 270 1438 296 καθὰ
1452 269 1483 304 δὴ
1500 270 1546 297 καὶ
1564 268 1691 302 γενέσθαι
1707 268 1756 302 ὀψέ
1771 276 1836 294 ποτε

1052 316 1198 349 μέλλουσιν
1211 324 1217 331 ·
1234 316 1312 342 ἐνθεν
1327 325 1368 342 τοι
1392 316 1440 342 καὶ
1458 316 1483 342 οὶ
1505 314 1556 349 τῆς
1578 312 1743 348 Ἐκκλησίας
1765 313 1836 339 διδά-

1052 362 1147 388 σκαλοι
1164 362 1293 397 ἀφορμῆς
1313 361 1439 388 ἐντεῦθεν
1459 360 1625 395 δραξάμενοι
1646 358 1693 385 καὶ
1714 358 1745 385 τὸ
1771 358 1836 391 περὶ

1051 407 1100 434 τοῦ
1114 407 1328 442 ἀναγνωρισμοῦ
1352 407 1459 434 ἐκείνου
1484 407 1573 440 δόγμα
1592 405 1660 440 πρὸς
1675 405 1731 436 τοῖς
1743 403 1836 435 ᾅλλοις

1051 453 1295 480 διεϐεϐαιώσαντο⁸
1315 454 1340 479 sl
1357 453 1410 486 γὰρ
1427 453 1458 478 ὲκ
1481 451 1629 486 συσσήμων
1647 450 1766 477 ἐνταῦθα
1779 450 1836 480 τοῖς

1051 499 1206 534 ἀνθρώποις
1223 500 1353 533 πρόσεστι
1367 499 1398 527 τὸ
1412 498 1557 532 γνωρίζειν
1573 497 1713 533 ἀλλήλους,
1726 495 1774 523 ἅτε
1788 495 1836 521 τοῦ

1050 543 1208 578 διορατικοῦ
1219 543 1269 579 τῆς
1277 543 1366 578 ψυχῆς
1378 543 1457 578 ἡμῶν
1472 542 1612 577 ὀφθαλμοῦ
1625 543 1668 569 διὰ
1681 543 1732 576 τὴν
1746 541 1838 576 ἁμαρ-

1052 589 1113 615 τίαν
1126 588 1351 624 ἀμαυρωθέντος.
1367 589 1517 616 κάντεῦθεν
1539 589 1605 623 ὀρᾷν
1620 588 1670 614 οὐκ
1685 587 1835 622 ἰσχύοντος,

1051 634 1145 669 ὥσπερ
1160 634 1192 671 δὴ
1208 635 1256 661 καὶ
1273 635 1303 661 τὸ
1319 635 1455 670 πρότερον
1465 643 1472 651 ”
1487 634 1545 662 ἀλλ’
1559 635 1616 661 ἐκεῖ
1626 635 1673 660 καὶ
1686 633 1836 667 συσσήμων

1051 680 1114 707 ἄνευ
1129 688 1136 696 ·
1156 681 1205 714 μία
1228 681 1282 716 γὰρ
1304 681 1398 714 ἡλικία
1416 681 1492 716 παρὰ
1506 681 1573 707 πᾶσι
1587 681 1636 707 καὶ
1655 679 1723 710 εἶδος
1740 680 1779 711 ἓν,
1798 679 1836 709 ὣς
1882 687 1891 694 ·

1051 735 1133 760 φασιν
1149 727 1176 753 αἱ
1191 727 1310 761 Γραφαὶ,
1325 727 1349 753 οἱ
1364 726 1464 758 πάντες
1477 726 1625 761 γνωριοῦσι
1639 725 1702 757 τοὺς
1718 725 1837 754 πάντας,

1051 773 1086 804 ὼς
1103 773 1118 799 ἁ
1132 772 1210 806 λόγος
1228 772 1279 807 ἤδη
1304 772 1364 807 μετ’
1387 773 1416 798 οὐ
1437 772 1504 798 πολὺ
1523 773 1693 806 παραστήσει
1712 779 1754 797 σοι
1768 779 1775 785 ι
1793 771 1837 798 ὲν-

1049 817 1139 844 ταῦθα
1152 817 1202 852 μὲν
1216 819 1272 852 γὰρ
1293 819 1317 844 εἰ
1333 818 1379 844 τὸν
1397 818 1478 844 αὐτὸν
1496 818 1544 844 καὶ
1559 817 1607 843 ἕνα
1629 815 1699 851 εἶχον
1715 816 1853 846 ἅπαντες

1051 864 1224 900 χαρακτῆρα,
1240 865 1289 900 οὐχ
1305 865 1321 900 ἡ
1337 865 1456 899 τυχοῦσα
1471 865 1505 891 ἂν
1519 864 1557 899 τῷ
1573 864 1621 899 βίῳ
1646 864 1734 898 τούτῳ
1756 863 1837 889 συνέ-

1050 919 1134 936 πιπτε
1150 910 1292 945 σύγχυσις.
1314 910 1393 941 Τίνος
1407 910 1518 943 ἐνεκεν;
1539 910 1600 936 Ὅτι
1619 910 1649 935 τὸ
1663 908 1852 943 διακριτικὶν¹

1049 957 1063 982 ό
1077 956 1138 987 νοῦς
1153 956 1167 981 6
1180 956 1313 991 ἡμέτερος
1329 956 1410 992 ὑγιὴς
1423 957 1498 991 ἄρτι,
1515 955 1587 982 καθὰ
1608 955 1654 982 καὶΙ
1677 954 1782 988 πρώην,
1805 954 1838 979 οὗ

1051 1003 1192 1037 κέκτηται.
1205 1002 1270 1033 Ταῖς
1282 1002 1327 1028 οὖν
1338 1001 1491 1033 ἀσθενείαις
1506 1002 1586 1037 ἡμῶν
1600 1002 1615 1035 ἡ
1630 1000 1689 1027 οιία
1702 998 1840 1035 βοηθοῦσα

1052 1049 1176 1084 πρόνοια,
1199 1049 1248 1075 καὶ
1264 1049 1313 1083 τὴν
1331 1048 1514 1084 παραλλαγὴν
1538 1048 1592 1074 τῶν
1613 1047 1747 1082 σωμάτων
1762 1045 1840 1072 οἰκο-

1051 1095 1171 1128 νομικῶς
1183 1095 1382 1129 προσγίνεοθαι
1393 1095 1460 1129 ἡμῖν
1473 1093 1697 1129 συγκεχώρηκεν,
1710 1094 1747 1124 ὡς
1756 1093 1841 1118 ἐπευ-

1053 1139 1107 1171 eo;
1131 1139 1255 1171 ἅπαντας
1278 1139 1402 1166 ἐντεῦθεν
1418 1140 1467 1167 ἀπ’
1491 1139 1615 1173 ἀλλήλων
1639 1138 1837 1173 γνωρίζεσθαι.

1059 1185 1129 1212 Ἀλλ’
1145 1186 1214 1217 ἐκεῖ,
1229 1186 1364 1212 θεοείκελε
1377 1182 1453 1220 ἆνερ,
1463 1185 1584 1212 τοιοῦτον
1600 1184 1651 1211 οὐκ
1662 1184 1736 1210 ἐστιν
1747 1183 1837 1210 οὐδέν.
1867 1209 1876 1219 ,

1052 1233 1108 1259 Καὶ
1134 1232 1157 1258 εί
1183 1231 1275 1266 βούλει
1302 1231 1528 1266 χρυσορρήμονος
1551 1230 1688 1257 Ἰωάννου
1704 1229 1838 1263 πρότερον

1052 1279 1145 1310 ἄκουε,
1158 1278 1192 1305 τὰ
1209 1278 1273 1312 περὶ
1297 1277 1401 1304 τούτων
1428 1277 1500 1304 οὕτω
1524 1275 1767 1310 διαεεσαιουμένου
1788 1275 1838 1301 καὶ

1053 1323 1189 1358 λέγοντος,
1205 1323 1241 1353 ὡς
1257 1323 1287 1349 οὐ
1304 1323 1386 1358 μόνον
1399 1324 1464 1353 τοὺς
1481 1320 1531 1348 ὦδι
1549 1321 1690 1355 γνωστοὺς
1705 1319 1838 1354 γνωριοῦ-

1055 1381 1117 1408 μεν,
1136 1371 1204 1398 ἀλλὰ
1222 1371 1267 1397 καὶ
1294 1370 1342 1402 οὓς
1366 1369 1494 1396 οὐδέποτε
1519 1369 1624 1404 εἴδομεν
1636 1377 1644 1385 ’
1660 1367 1776 1401 καὶγὰρ
1792 1366 1838 1392 τὸν

1060 1418 1185 1454 Ἀϐραὰμ
1200 1417 1250 1451 οὐχ
1269 1416 1406 1451 ἑώρακας,
1426 1415 1488 1442 οὐδὲ
1509 1415 1556 1441 τὸν
1583 1414 1687 1445 Ἰσαὰκ,
1701 1413 1761 1439 οὐδὶ
1775 1412 1839 1442 τοὺς

1054 1465 1164 1495 λοιποὺς
1189 1463 1415 1498 ἀρχαιοπάτορας
1427 1471 1434 1478 ·
1451 1460 1509 1487 ἀλλ’
1526 1460 1588 1487 ἰδὼν
1604 1459 1704 1489 αὐτοὺς
1722 1458 1769 1484 ἐπὶ
1789 1457 1839 1490 τῆς

1055 1509 1173 1545 φρικτῆς
1197 1509 1306 1542 ἐκείνης
1333 1508 1381 1534 καὶ
1404 1507 1500 1540 κοινῆς
1527 1504 1710 1535 συνσλεύσεως
1739 1502 1841 1537 γνωρί-

214 1552 297 1579 tionis
315 1552 340 1578 in
362 1556 484 1579 sanctam
496 1552 636 1580 civitatem
650 1552 770 1587 ingressa
784 1556 859 1584 sunt,
871 1556 899 1578 et
909 1551 1002 1578 multis

1055 1562 1122 1588 σεις,
1135 1555 1182 1582 καὶ
1190 1554 1329 1589 γνωρίσας
1342 1555 1423 1588 ἐρεῖς·
1432 1552 1500 1579 Ἰδοὺ
1515 1550 1654 1587 Ἀϐραὰμ,
1665 1549 1719 1576 ίδοῦ
1733 1548 1842 1580 Ἰσαὰκ,

212 1603 408 1634 apparuerunt,
425 1599 478 1626 hoc
491 1603 542 1631 est,
567 1598 675 1633 cognita
693 1602 770 1630 sunt;
793 1597 845 1625 nisi
862 1598 935 1625 enim
951 1604 1000 1625 co-

213 1643 369 1678 gnoscenda
405 1643 532 1675 fuissent,
563 1643 634 1670 haud
663 1643 854 1678 apparuissent
887 1643 998 1676 utique;

213 1697 273 1716 cum
288 1693 378 1716 autem
402 1690 605 1724 apparuissent,
629 1690 711 1717 simul
735 1691 842 1724 cognita
866 1693 940 1717 sunt.
958 1690 1001 1717 ‘Et

213 1736 271 1762 hac'c
288 1735 358 1770 apud
379 1743 429 1762 e05
446 1736 492 1770 qui
511 1735 612 1762 trullam
638 1735 739 1762 habent
759 1742 849 1762 rerum
865 1739 1001 1770 spectata-

213 1787 275 1808 ru‘m
289 1781 481 1817 cognitionem.
494 1780 580 1808 Nemo
592 1781 664 1808 enim
674 1788 768 1807 eorum
782 1780 829 1815 qui
843 1784 908 1807 tunc
923 1780 1000 1807 adin-

211 1829 286 1856 venti
303 1829 429 1860 luerunt,
457 1831 489 1855 ut
513 1826 646 1854 auriﬂuus
676 1826 814 1854 invenitur
841 1825 944 1859 dicere,
971 1825 999 1852 in

213 1875 326 1902 humilia
358 1875 392 1902 88
421 1875 448 1901 iu
484 1877 608 1900 sanctum
635 1871 812 1906 Evangelium
850 1872 1001 1898 secundum

213 1921 430 1953 Matthreum,de
450 1919 511 1946 visu
538 1926 586 1946 eos
613 1918 659 1952 qui
684 1917 747 1944 olim
767 1912 1000 1949 obdormiverunt,

212 1969 301 2001 iustos
316 1966 453 2002 cognovit.
471 1965 554 1992 Multo
573 1964 659 1998 magis
677 1962 833 1998 hujusmodi
851 1963 1002 1998 recognitio

214 2014 243 2042 in
259 2013 303 2041 illa
327 2021 390 2040 vera
411 2017 439 2039 et
458 2015 581 2039 extrema
604 2009 806 2037 resurrectione
827 2009 889 2036 crit.
904 2007 1001 2036 Crassa

215 2060 287 2086 enim
304 2059 355 2086 hac
372 2065 464 2088 carne.
485 2057 558 2084 tcnui
575 2060 603 2083 et
622 2056 673 2083 levi
691 2059 756 2082 tunc
773 2059 801 2082 et
819 2054 1002 2089 patriarcbica

215 2105 320 2136 enecta,
333 2104 471 2139 perspicax
483 2103 580 2130 animas
602 2106 703 2129 nostra:
713 2094 818 2128 oculus'
829 2100 1003 2135 apertissime

217 2158 272 2179 non
288 2149 491 2186 prohibebitur.
501 2149 536 2175 Et
546 2147 706 2183 persuadeat
717 2151 742 2174 te
753 2147 858 2181 primus
872 2146 916 2174 ille
932 2146 1005 2173 Ada-

216 2204 288 2225 mus.
299 2197 367 2224 Cum
377 2195 450 2223 enim
459 2201 574 2222 asomno
581 2193 715 2220 excitatus
724 2192 831 2224 fuisset,
840 2196 867 2219 et
877 2192 959 2219 Evam
972 2191 1006 2218 il-

1056 1601 1111 1627 ιὸοὺ
1129 1599 1239 1632 Ἰακὼϐ,
1253 1599 1307 1625 ἰδοὺ
1331 1598 1433 1632 Πέτρος
1451 1598 1498 1623 καὶ
1515 1595 1632 1626 Παῦλος,
1648 1596 1695 1621 καὶ
1709 1594 1735 1619 οί
1751 1592 1845 1619 λοιποὶ

1054 1645 1184 1680 καθεξῆς.
1201 1645 1255 1672 Καὶ
1272 1643 1368 1671 τούτου
1384 1644 1464 1678 χάριν
1482 1642 1520 1677 μὴ
1534 1640 1668 1676 θαύμαζε,
1684 1639 1751 1675 μηδὲ
1766 1638 1846 1671 ξένον

1055 1701 1080 1719 τι
1095 1691 1175 1727 ἡγοῦ.
1190 1691 1221 1717 Εἰ
1237 1690 1291 1724 γὰρ
1308 1690 1399 1716 ἐκεῖνα
1412 1690 1446 1715 τὰ
1460 1686 1532 1715 κατά
1545 1696 1576 1721 γε
1592 1687 1622 1713 τὸ
1638 1687 1773 1720 σωτήριον
1788 1685 1846 1710 πά-

1056 1738 1101 1769 Θος
1118 1737 1150 1763 ὲκ
1163 1736 1266 1772 νεκρῶν
1282 1735 1438 1762 ἀναστάντα
1454 1734 1568 1768 σώματα
1582 1731 1758 1766 προ-τύπωσις
1776 1729 1846 1755 ὄντα

1046 1784 1105 1819 ίτῆς
1119 1782 1279 1813 τελευταίας
1289 1782 1336 1808 καὶ
1347 1781 1440 1814 κοινῆς
1454 1778 1628 1808 ἀναστάσεως
1642 1777 1682 1807 είς
1697 1775 1747 1809 τὴν
1759 1775 1847 1807 ἁγίαν

1057 1828 1135 1855 πὸλιν
1148 1827 1272 1863 εἰσῆλθον
1282 1826 1329 1852 καὶ
1340 1824 1555 1860 ἐνεφανίσθησαν
1568 1821 1686 1853 πολλοῖς,
1702 1819 1847 1846 τουτέστιν

1057 1874 1243 1909 ἐγνώσθησαν,
1257 1874 1282 1899 εί
1295 1872 1332 1908 μὴ
1348 1872 1403 1906 γὰρ
1415 1869 1570 1904 γνωσθῆναι
1594 1867 1708 1902 ἔμελλον
1734 1866 1785 1892 οὐκ
1811 1865 1848 1892 ἆν

1057 1920 1285 1954 ἐνεφανίσθησαν,
1301 1916 1512 1952 ἐμφανισθέντες
1527 1915 1556 1941 δὲ
1565 1915 1638 1949 ὅμως
1647 1912 1829 1947 ἐγνώσθησαν
1837 1918 1846 1926 ·

1059 1968 1104 1993 καὶ¹
1119 1965 1206 1992 ταῦτα
1218 1964 1295 1999 παρὰ
1310 1964 1367 1994 τοῖς
1385 1962 1520 1997 μηδεμίαν
1533 1959 1685 1987 θεαθέντων
1697 1958 1849 1991 διάγνωσιν

1058 2011 1165 2046 ἔχουσιν
1177 2018 1183 2025 ·
1201 2009 1288 2040 οὐδεὶς
1306 2009 1360 2044 γὰρ
1380 2008 1434 2034 τῶν
1449 2007 1509 2033 τότε
1529 2004 1766 2040 παρευρεθέντων,
1779 2002 1821 2033 ὥς
1835 2003 1850 2028 ὁ

1059 2055 1262 2092 χρυσορρὴμων
1272 2053 1387 2088 εὕρηται
1399 2052 1488 2086 λέγων
1501 2052 1528 2077 ὲν
1540 2052 1573 2086 τῇ
1585 2052 1625 2081 είς
1639 2049 1668 2075 τὸ
1683 2048 1755 2074 κατὰ
1767 2047 1851 2074 Ματ-

1060 2103 1136 2129 θαίον
1163 2101 1239 2134 ἆγιον
1275 2098 1441 2132 Εὑαγγὲλιον
1473 2096 1641 2131 ὀγδοηκοστῇ
1671 2095 1751 2128 ὀγδόῃ
1780 2095 1850 2128 ἁμι-

1058 2150 1113 2185 λίᾳ,
1127 2148 1176 2183 τὴν
1191 2147 1256 2174 θέσιν
1267 2147 1321 2173 τῶν
1333 2145 1416 2171 πάλαι
1447 2143 1634 2179 κοιμηθέντων
1658 2141 1772 2168 δικαίων
1784 2140 1851 2174 εγε-

1062 2201 1161 2222 νωσκε’
1177 2193 1268 2227 πολλῷ
1284 2192 1385 2227 μᾶλλον
1399 2192 1413 2218 ὁ
1428 2190 1550 2221 τοιοῦτος
1559 2186 1767 2223 ἁναγνωρισμὸς
1782 2185 1851 2213 κατ’

216 2244 269 2271 lam
283 2243 407 2274 vidisset,
424 2241 562 2276 cognovit,
571 2243 598 2266 ct
607 2246 668 2266 cum
680 2238 863 2274 cognovisset,
877 2237 984 2265 dicebat
996 2246 1002 2265 :

1058 2243 1167 2277 ἐκείνην
1180 2240 1325 2274 γενήσεται
1339 2239 1388 2273 τὴν
1397 2237 1486 2271 ἀληθῆ
1499 2237 1547 2263 καὶ
1558 2235 1719 2262 τελευταίαν
1730 2234 1850 2261 ἀναστα-

219 2299 230 2316 t
240 2290 296 2317 lloc
305 2288 461 2324 lgiturosex
471 2286 579 2313 ossibus
588 2285 666 2316 meis.
676 2289 703 2312 et
710 2292 772 2312 caro
779 2284 813 2312 de
822 2292 903 2312 carne
913 2291 983 2312 mea.
994 2293 1003 2310 ι

216 2337 257 2364 Ne
275 2336 356 2372 igitur
371 2334 451 2362 ﬁdem
482 2332 613 2360 adhibere
631 2336 730 2359 renuas
743 2332 776 2358 iis
791 2339 852 2366 quas
866 2331 1007 2359 dicuntur.

218 2383 296 2410 Tunc
309 2381 381 2409 enim
398 2380 431 2407 ad
442 2379 576 2407 Adamutn
595 2378 669 2406 illum
685 2378 883 2412 regrediemur.
896 2377 1008 2404 Sienim

218 2427 386 2457 resurrectio
401 2427 469 2454 nihil
483 2426 556 2453 aliud
567 2430 608 2454 est
620 2433 700 2460 quam
710 2424 743 2452 ad
754 2425 897 2459 antiquum
907 2428 1008 2451 statum

219 2483 313 2504 eorum
341 2475 387 2509 qui
412 2473 586 2505 ceciderunt,
608 2471 756 2503 restitutio,
780 2471 936 2497 necessario
961 2476 1009 2497 co-

220 2529 385 2558 gnoscemus
400 2526 428 2548 et
444 2527 512 2555 quos
540 2526 679 2553 nunquam
696 2517 814 2545 vidimus
830 2517 938 2544 fratres.
948 2515 1010 2542 Ete-

220 2569 276 2603 nim
292 2569 321 2595 in
336 2574 452 2602 corpore
475 2573 531 2593 uno
548 2572 644 2592 omnes
659 2571 744 2591 unum
770 2563 904 2590 habemus
928 2565 1012 2595 caput

219 2615 373 2643 Christum.
400 2612 562 2640 Necessario
589 2611 672 2646 igitur
701 2610 795 2638 cuncti
823 2613 939 2637 cunctos
965 2616 1011 2636 co-

220 2668 396 2697 gnoscemus.
414 2659 441 2692 Si
456 2659 531 2686 enim
553 2661 581 2684 et
596 2656 711 2684 diversis
734 2655 905 2690 temporibus
926 2654 1010 2690 geniti

220 2707 340 2739 fuimus;
359 2705 405 2732 sed
429 2704 550 2732 omnium
574 2710 646 2729 unus
662 2707 704 2729 est
722 2705 799 2736 pater
821 2700 904 2727 Deus.
923 2700 1013 2732 Quare

222 2757 250 2780 ct
262 2752 409 2779 convenire
421 2749 502 2777 simul
514 2755 609 2775 otnnes
629 2755 643 2774 ο
664 2747 763 2775 saeculo
782 2754 866 2781 usque
885 2747 912 2773 in
930 2746 1012 2773 ﬁncm

223 2797 407 2828 conveniens;
440 2799 468 2823 et
495 2794 585 2822 elferri
617 2793 800 2821 communiter
826 2789 1012 2828 patriaréhico

224 2843 271 2868 illo
288 2842 397 2877 gaudio.
418 2842 564 2876 Propterea
581 2841 655 2867 enim
676 2844 703 2867 et
728 2839 774 2874 qui
801 2838 1012 2874 promissionem

226 2893 427 2922 pueceperunt,
457 2888 494 2914 illi
521 2887 597 2921 juxta
619 2894 745 2922 magnum
763 2886 876 2914 Paulum
892 2893 947 2914 non
967 2885 1013 2913 dc-

1061 2299 1102 2316 σιν
1114 2298 1120 2305 ·
1136 2290 1186 2325 τῆς
1201 2290 1255 2324 γὰρ
1285 2287 1403 2322 παχείας
1428 2285 1531 2320 ταύτης
1556 2283 1658 2317 σαρκὶς
1680 2281 1783 2316 λεπτῆς
1798 2281 1850 2308 καὶ

1059 2337 1164 2372 κούφης
1190 2334 1342 2370 τηνικαῦτα
1365 2332 1415 2359 καὶ
1433 2331 1636 2366 πατριαρχικῆς
1661 2329 1821 2363 γεγονυίας,
1836 2329 1852 2354 ὁ
1885 2360 1889 2361 ν

1059 2381 1216 2418 διορατικδς
1243 2381 1292 2415 τῆς
1317 2378 1409 2415 ψυχῆς
1435 2378 1513 2413 ἡμῶν
1538 2375 1678 2411 ὀφθαλμὸς
1693 2374 1852 2410 τρανότατα

1060 2430 1090 2456 οὐ
1123 2427 1269 2455 κωλύεται.
1300 2426 1355 2452 Kal.
1380 2424 1497 2451 πειθέτω
1524 2431 1553 2449 σε
1576 2423 1590 2448 ὀ
1613 2421 1721 2457 πρῶτος
1743 2421 1851 2452 ἐκεῖνος

1067 2474 1153 2509 Ἀδάμ
1165 2482 1172 2489 ·
1191 2473 1305 2506 ἔξυπνος
1321 2471 1376 2505 γὰρ
1393 2468 1512 2503 γεγονὼς
1528 2468 1575 2494 καὶ
1590 2466 1639 2500 τὴν
1660 2463 1732 2493 Εὕαν
1741 2463 1853 2509 ἐκείνην

1063 2506 1289 2554 ἰδὼν-ἐγνώρισε,
1307 2517 1354 2543 καὶ
1372 2514 1509 2549 γνωρίσας
1535 2512 1613 2546 ἔλεγε
1626 2519 1633 2526 ·
1661 2520 1670 2536 t
1691 2509 1778 2536 Τοῦτο
1801 2506 1852 2554 οὖν

1061 2565 1159 2593 ὀστοῦν
1176 2553 1276 2591 ἐκτῶν
1290 2562 1377 2588 ὀστῶν
1397 2569 1459 2595 μου,
1483 2558 1532 2586 καὶ
1548 2557 1616 2593 σὰρξ
1633 2557 1664 2582 ὲκ
1679 2555 1730 2589 τῆς
1746 2553 1852 2588 σαρκός

1063 2620 1127 2648 μου.
1153 2620 1162 2636 ›
1180 2609 1226 2645 Μὴ
1248 2607 1295 2635 οὖν
1321 2607 1430 2634 ἀπίστει
1456 2606 1512 2636 τοῖς
1527 2602 1707 2638 λεγομένοις·
1729 2599 1851 2648 οπηνίκα

1062 2645 1118 2692 γὰρ
1132 2657 1178 2683 ἐπὶ
1194 2655 1240 2682 τδν
1262 2654 1348 2688 Ἀδὰμ
1367 2653 1471 2679 ἐκεῖνον
1494 2649 1665 2683 ἐπέλθωμεν,
1679 2647 1696 2681 ή
1713 2646 1768 2692 γὰρ
1780 2645 1850 2688 ἁνα-

1064 2690 1161 2730 στασις
1176 2698 1253 2725 οὐδὲν
1268 2697 1334 2724 ἄλλο
1347 2697 1422 2723 ἐστὶν
1439 2695 1455 2730 ἢ
1471 2695 1539 2729 πρδς
1555 2694 1586 2719 τὺ
1602 2692 1715 2728 ἀρχαῖον
1729 2690 1786 2716 τῶν
1799 2696 1850 2714 πει

1063 2746 1212 2773 πτωκότων
1230 2744 1464 2773 ἀποκατάστασις,
1482 2740 1512 2772 ἐξ
1527 2740 1649 2773 ἀνάγκης
1676 2736 1851 2772 γνωρίσομεν

1064 2793 1110 2819 ml
1127 2792 1172 2822 οὓς
1195 2790 1323 2817 οὐδέποτε
1342 2788 1461 2824 εἴδομεν,
1475 2786 1585 2821 ἀῖελφοί
1598 2793 1605 2800 ·
1622 2785 1671 2811 καὶ
1696 2783 1750 2818 γὰρ
1766 2783 1851 2814 ἐσμεν

1065 2839 1144 2873 σῶμα
1159 2838 1199 2869 ἒν,
1213 2837 1239 2863 οι
1258 2837 1357 2867 πάντες
1377 2835 1441 2870 μίαν
1463 2833 1562 2869 ἔχομεν
1588 2830 1709 2864 κεφαλὴν
1723 2829 1767 2855 τὸν
1782 2827 1851 2873 Χρι-

1066 2883 1138 2911 στόν.
1166 2882 1210 2914 Ἐξ
1228 2882 1350 2916 ἀνάγκης
1374 2879 1420 2906 (ὗν
1437 2879 1461 2906 οἱ
1478 2879 1576 2908 πάντες
1591 2874 1761 2910 γνωρισῦμεν
1785 2871 1849 2902 τοὺς
