1954 3068
97 156 147 188 785

768 164 952 199 EPISTULA
975 167 1045 199 VlI.

1670 173 1725 207 ’186

97 213 231 246 ἅπαντας.
247 214 278 241 Et
301 216 355 251 γὰρ
374 217 422 243 καὶ
441 218 513 245 κατὰ
530 218 676 255 διαφόρους
696 222 808 256 καιροὺς
825 223 880 256 ἔγε-

937 222 984 251 lati
1000 227 1075 258 sunt,
1094 232 1128 252 ne
1144 225 1204 254 sine
1221 228 1304 257 nobis
1320 230 1506 265 perficiantur.
1535 230 1564 258 Si
1578 238 1644 259 vero
1666 232 1725 260 haec

96 261 234 296 γόνειμεν,
247 262 317 288 ἀλλὰ
336 263 446 291 πάντων
472 263 510 296 εἷς
529 266 588 292 ἐστι
611 267 703 303 πατὴρ
718 268 731 293 ό
745 267 822 299 Θεὸς,
840 268 882 302 ἐφ’

96 304 118 340 ᾧ
133 306 181 334 κα)⁵
194 307 337 335 συνελθεῖν
352 309 411 344 ἅμα
426 311 489 342 τοὺς
502 312 550 338 ἀπ’
562 312 660 344 αίῶνος
677 313 724 339 καὶ
741 314 823 349 μέχρι
837 314 883 340 τέ-

96 351 158 382 λου;
171 353 245 384 εἰκὸς
262 354 451 390 ἐμφορηθῆναι
478 357 576 388 κοινῶς
600 358 650 392 τῆς
675 360 883 395 πατριαρχικῆς

97 398 206 434 ἐκείνης
222 401 309 435 χαρᾶς
321 408 328 415 ·
342 402 389 427 ὲπὶ
405 402 459 436 γὰρ
475 403 565 438 τούτῳ
581 404 628 430 καὶ
647 404 697 439 τὴν
717 405 884 440 ἐπαγγελίαν

96 442 121 468 οἱ
135 444 318 477 προλαὸόντες
334 446 432 472 ἐκεῖνοι
449 448 519 473 κατὰ
536 448 581 473 τὸν
599 449 686 485 μέγαν
708 449 814 476 Παῦλον
833 451 884 476 οὐκ

97 489 269 524 ἐκομίσαντο,
286 491 329 517 ἴνα
353 492 389 526 μὴ
410 495 493 527 χωρὶς
506 494 593 528 ,ήμῶν
618 494 794 522 τελειωθῶσι.
810 496 841 522 El
855 495 884 522 δὲ

96 534 183 561 ταῦτα
198 535 282 567 οὕτως
296 536 362 571 ἔχει,
381 538 438 569 πῶς
453 538 514 572 οὐχὶ
529 539 576 565 καὶ
599 540 764 575 γνωριοῦσιν
776 541 801 566 ol.
815 541 884 568 πάιν-

96 587 142 611 ἰες
161 581 223 612 τοὺς
249 583 372 615 πάντας;
387 584 434 618 Μὴ
459 583 506 610 οὖν
531 585 575 611 ἐπὶ
603 585 685 612 πλέον
704 586 859 621 ἀμφίὸαλλε
875 595 882 603 ⁸

97 627 144 653 τὸν
161 627 216 662 γὰρ
233 628 321 655 κοινὸν
346 630 448 656 ἐκεῖνον
465 631 676 666 ἁναγνωρισμὸν
700 634 745 658 καὶ
765 634 779 658 ὁ
797 633 885 667 μακά-

99 681 156 707 ριος
178 673 297 709 Ίζφραῖμ
316 676 457 710 παριστῶν
483 677 561 710 ἔλεγε
575 685 582 692 ·
598 678 666 704 Τότε
692 679 775 704 τέκνα
797 687 884 706 κατα-

97 720 223 753 κρινοῠσι
237 723 335 754 γονεῖς,
351 721 388 753 ὡς
406 722 444 756 μὴ
460 723 492 748 τὰ
516 724 623 758 χρηστὰ
646 724 884 759 διαπραξαμένους

98 765 185 799 ἔργα·
203 766 250 792 καὶ
275 767 328 800 γὰρ
346 768 370 794 ei
399 768 437 802 μὴ
465 770 648 803 γνωρίσουσιν
667 769 809 805 ἀλλήλους,
825 770 884 801 πῶς

98 811 177 837 ἔσται
194 813 248 843 τοῖς
264 813 372 845 γονεῦσι
397 814 472 849 παρὶι
490 815 544 841 τῶν
561 815 662 842 τέκνων
678 817 694 850 ἡ
709 817 820 851 τοιαύτη
836 825 884 848 κα-

97 856 296 891 τάκρισιςςού
320 858 406 884 ταῦτα
431 859 460 885 δὲ
486 859 579 894 μόνον,
594 860 662 886 ἀλλὰ
683 861 730 887 καὶ
752 861 883 894 ἀδελφοὺς

97 902 187 940 ἐκεῖσε
207 903 388 938 γνωρίσουσιν
417 895 597 938 ἀδελφοὶίκαὶ
615 905 732 940 μεγίστη
747 906 791 932 διὰ
804 906 883 932 τοῦτο

98 937 241 976 συδέσεται
263 951 400 985 χαρμονή.
427 937 667 985 Καὶγβεὸαιοῖίτὺν
681 937 760 985 λόγον
773 953 786 978 ό
802 952 884 982 πολὺς

97 996 126 1022 ἒν
141 995 267 1030 θεολογίᾳ
283 996 434 1030 Γρηγόριος
449 1003 456 1012 ⁸
471 997 500 1023 ὲν
515 996 569 1031 γὰρ
585 997 622 1031 τῷ
639 998 679 1028 είς
694 997 739 1023 τὸν
752 996 884 1023 αὐτάδελ-

97 1049 148 1075 φον
165 1041 247 1068 αὑτοῦ
264 1042 414 1076 Καιαάριον
436 1043 573 1078 ἐπιταφίῳ
590 1043 662 1078 λόγῳ
686 1044 731 1070 καὶ
749 1043 812 1070 τάδε
827 1043 884 1070 δια-

96 1087 247 1121 λαμὸάνων
261 1087 377 1123 εὓρηται
387 1097 395 1104 ·
417 1098 426 1115 ι
450 1089 519 1116 Τότε
535 1090 687 1123 Καιπάριον
700 1089 800 1124 ὂψομαι
814 1090 884 1124 λαμ-

96 1132 176 1167 πρὶν,
188 1132 302 1165 ἔνδοξον,
319 1133 514 1168 ἀγαλλόμενον,
537 1132 592 1166 οἷός
609 1143 654 1168 μοι
672 1135 719 1161 καὶ
734 1135 796 1161 κατ’
815 1134 882 1169 όναρ

96 1175 202 1210 ὤφθης,
214 1176 336 1210 ἀδελφῶν
351 1177 471 1210 φίλτατε.
495 1187 504 1204 ι
522 1177 584 1204 Ὅτι
600 1178 628 1204 δὲ
646 1178 676 1204 οὐ
697 1178 758 1204 τότε
791 1178 882 1213 μόνον,

95 1222 165 1248 ἀλλὰ
177 1223 225 1249 καὶ
238 1222 284 1249 νῦν
299 1223 324 1249 οἱ
335 1224 363 1249 ὲν
378 1223 473 1258 Κυρίῳ
489 1224 668 1258 κοιμηθέντες
676 1224 705 1249 ὲν
715 1223 803 1258 τούτῳ
819 1232 882 1250 συν-

95 1267 299 1303 ευφραίνονται,
314 1268 329 1294 ό
347 1268 432 1304 μέγας
450 1269 608 1301 Ἀθανάσιος
624 1269 726 1302 ἔδειξεν
749 1270 835 1301 οὕτως
846 1271 884 1296 ει-

96 1312 173 1339 πών·
188 1313 250 1340 Ὀτι
276 1314 324 1340 καὶ
350 1314 432 1340 τοῦτο
450 1316 507 1345 τοῖς
533 1314 700 1349 σωζομένοις
721 1315 883 1350 κεχάρισται

97 1357 175 1392 παρὰ
194 1357 274 1389 θεοῦ,
286 1357 316 1384 τὸ
333 1358 417 1392 μέχρι
433 1358 482 1391 τῆς
500 1359 592 1393 κοινῆς
611 1359 787 1390 ἀναστάσεως
802 1358 883 1393 ψυχι-

98 1401 154 1432 κῶς
168 1401 301 1436 ἀλλήλους
319 1404 439 1429 συνεῖναι
462 1403 510 1429 καὶ
535 1404 781 1438 συνευφραίνεσθαι
793 1412 800 1419 ’
813 1404 838 1430 oi
852 1404 882 1430 δὲ

96 1447 255 1482 ἁμαρτωλοὶ
268 1449 315 1475 καὶ
328 1448 431 1483 ταύτης
444 1449 623 1483 παραμυθίας
637 1449 808 1485 ἐστέρηνται·
821 1450 882 1483 οὐδὲ

95 1493 149 1528 γὰρ
163 1493 235 1521 καθά
252 1502 334 1528 φησιν
346 1495 360 1520 ό
373 1494 554 1528 Δαμασκηνὸς
575 1494 713 1529 Ἰωάννης,
726 1495 756 1521 τὸ
768 1495 882 1528 διαγνω-

935 269 973 296 ita
999 269 1110 303 habent,
1136 275 1274 307 quomodo
1295 277 1418 304 universi
1447 277 1481 304 ab
1504 277 1640 305 universis
1668 285 1722 305 non

935 318 1154 350 cognoscentur?
1170 318 1209 346 Ne
1225 320 1309 355 igitur
1324 323 1443 357 amplius
1460 323 1564 350 dubita.
1593 324 1725 351 Commu-

936 369 998 390 nem
1014 363 1177 391 enimvillam
1194 367 1407 402 recognitionem
1429 373 1456 396 et
1477 370 1572 396 beatus
1592 369 1724 403 Ephraem

935 406 1128 435 demonstrans
1151 409 1279 438 dicebat:
1300 421 1309 437 ι
1328 411 1406 439 Tunc
1431 413 1477 439 lilii
1503 413 1726 441 condemnabam

934 458 1072 488 parentes,
1084 461 1114 482 ιιι
1130 463 1179 483 eos
1195 457 1242 490 qui
1259 457 1330 485 bona
1345 465 1427 493 opera
1442 466 1497 487 non
1513 459 1662 487 fecerunt.)
1676 460 1739 487 Et—‘

935 499 1008 527 enim
1022 501 1073 528 nisi
1093 508 1260 537 cognoscent
1278 503 1408 536 invicem,
1420 506 1559 538 quomodo
1572 510 1698 539 parentes
1709 513 1725 533 α

936 545 1000 572 ﬁliis
1024 545 1061 573 ita
1085 547 1363 577 condemnnbumur?
1381 550 1439 577 Non
1456 551 1514 578 haec
1534 558 1600 578 vero
1623 551 1723 583 solum.

935 591 985 628 sed
998 596 1026 619 et
1039 591 1136 620 fratres
1152 594 1188 620 ibi
1201 602 1214 620 a
1230 595 1360 622 fratribus
1375 601 1583 631 cognoscentur,
1595 602 1623 623 et
1637 597 1725 624 maxi-

935 644 981 664 mo
996 642 1139 672 propterea
1154 639 1233 666 simul
1249 640 1401 668 allicicntur
1417 642 1526 675 gaudio,
1541 647 1570 668 et
1582 642 1726 669 confirmat

935 690 1087 711 sermonem
1117 692 1233 719 magnus
1249 686 1405 722 Theologus
1431 687 1590 722 Gregorius.
1625 687 1655 714 ln
1684 688 1729 714 fu-

934 728 1013 755 nebri
1035 729 1107 756 enim
1126 731 1257 758 oratione
1271 732 1306 758 -ιιι
1325 739 1404 758 suum
1426 732 1538 770 fratrem
1566 733 1726 766 Caesarium,

935 778 962 803 et
983 774 1041 800 haec
1055 774 1193 812 disserens
1216 777 1369 809 reperitur:
1388 786 1397 803 ι
1414 777 1490 804 Tunc
1508 778 1657 805 Ccsarium
1684 779 1723 805 vi-

934 819 1005 846 debo
1025 820 1211 854 splendidum,
1234 822 1391 856 gloriosum.
1413 824 1609 856 exsultantem,
1631 825 1721 858 qualis

936 864 1003 891 mihi
1017 870 1045 892 et
1059 867 1211 894 secundum
1228 868 1348 902 quietem
1360 869 1435 896 visus
1448 874 1490 896 est
1500 889 1507 901 ,
1524 870 1639 897 fratrum
1658 870 1722 898 cha-

936 910 1053 938 rissime.
1068 921 1078 942 ι
1093 912 1170 944 Quod
1186 921 1251 941 vero
1267 922 1322 941 non
1333 915 1420 942 solum
1436 921 1511 947 tunc,
1524 915 1572 943 sed
1585 921 1613 943 et
1627 916 1720 947 modo,

934 956 982 990 qui
998 957 1026 983 in
1046 957 1163 985 Domino
1181 959 1354 986 dormierunt
1370 960 1397 987 in
1423 961 1475 988 hoc
1491 961 1573 988 simul
1589 961 1724 994 lzetantur,

936 1008 1048 1035 magnus
1073 1002 1236 1034 Athanasius
1255 1004 1373 1032 ostendit
1400 1005 1444 1035 itaj
1459 1005 1570 1032 dicens:
1593 1006 1671 1039 Quod
1699 1011 1726 1034 et

935 1045 988 1074 hoc
1002 1047 1036 1074 iis
1052 1047 1099 1082 qui
1114 1049 1264 1081 salvantur,
1281 1049 1396 1084 largitur
1411 1050 1483 1078 Deus
1501 1058 1588 1085 usque
1601 1051 1634 1078 ad
1651 1059 1726 1079 eom-

935 1100 1045 1121 munem
1063 1096 1303 1128 resurrcctionem,
1314 1096 1420 1124 scilicet
1430 1097 1589 1132 spiritaliter
1606 1097 1725 1126 invicem

938 1140 1106 1171 conversari,
1123 1145 1150 1168 et
1163 1141 1244 1168 simul
1259 1142 1362 1175 laetari;
1375 1148 1535 1177 peccatores
1552 1151 1618 1170 vero
1633 1148 1660 1171 et
1673 1144 1726 1171 hac

935 1183 1123 1211 consolatione
1140 1192 1248 1213 carere.
1271 1185 1365 1220 Neque
1381 1186 1467 1219 enim,
1479 1191 1508 1214 ut
1522 1188 1561 1215 ait
1579 1187 1726 1216 Damasce-

935 1236 987 1256 nus
1015 1228 1146 1263 Joannes,
1169 1231 1346 1259 discernendi
1382 1233 1540 1261 facultatem
1568 1234 1614 1267 hi,
1644 1233 1725 1261 sicuti

934 1274 1032 1307 sancti,
1062 1275 1223 1309 possident.-
1238 1276 1266 1303 In
1292 1277 1338 1305 illo
1355 1285 1419 1305 vero
1440 1279 1580 1306 communi
1606 1279 1725 1311 theatro,

933 1320 1013 1348 sicuti
1040 1325 1117 1349 actus
1143 1323 1266 1349 onmium
1291 1323 1406 1351 revelati
1432 1328 1507 1355 sunt.
1534 1325 1571 1351 ita
1594 1328 1622 1352 et
1641 1324 1726 1352 facies

932 1373 1004 1394 noue
1021 1367 1149 1395 omnibus
1164 1369 1291 1396 astabunt
1305 1388 1312 1402 ,
1327 1369 1415 1397 donec
1431 1370 1465 1397 ab
1484 1370 1602 1398 invicem
1619 1370 1724 1405 disiun—

933 1417 1049 1448 gantur;
1065 1418 1094 1440 et
1107 1413 1260 1441 dimittetur
1279 1414 1395 1449 quilibet
1409 1416 1437 1443 in
1453 1416 1554 1451 locum.
1568 1422 1651 1450 quem
1669 1415 1722 1454 sibi

932 1458 1106 1492 praeparavit.
1132 1459 1174 1486 Ab
1199 1460 1329 1488 omnibus
1344 1468 1408 1488 vero
1430 1468 1480 1488 nos
1510 1465 1663 1496 peetatmn
1686 1460 1722 1494 iri

932 1503 1015 1530 etiam
1039 1511 1153 1538 magnus
1174 1503 1307 1532 Maximus
1333 1505 1477 1534 manifeste
1499 1507 1588 1535 docet.
1617 1505 1648 1534 In
1673 1514 1724 1534 sua

95 1538 190 1565 στικδν
202 1541 250 1566 καὶ
264 1539 348 1571 οὗτοι,
362 1539 489 1575 καθάπερ
511 1540 535 1566 οι
560 1540 646 1574 ἅγιοι,
664 1540 813 1574 κέκτηνται
826 1547 834 1556 ’
852 1541 880 1566 ἐν

933 1549 1008 1576 enim
1023 1549 1150 1577 oratione
1170 1550 1204 1577 de
1216 1550 1329 1578 tristitia
1341 1558 1395 1585 quo
1406 1551 1556 1580 secundum
1573 1551 1657 1579 Deum
1670 1556 1723 1584 est,

93 1584 193 1619 ἐκείνῳ
215 1585 244 1611 δὲ
261 1585 300 1619 τῷ
323 1585 458 1620 πανδήμῳ
482 1585 590 1621 θεάτρῳ
607 1585 702 1617 καθὼς
722 1586 751 1612 αἱ
765 1585 879 1620 πράξεις

93 1629 207 1659 πάντων
223 1631 485 1666 ἀνακεκαλυμμέναι
499 1632 580 1663 εἰσὶν,
602 1631 673 1658 οὕτω
687 1631 733 1657 καὶ
747 1631 782 1658 τὰ
795 1631 880 1665 πρόσ-

93 1684 157 1702 ωπα
170 1676 298 1711 γνώριμα
313 1678 381 1704 πᾶσι
397 1678 576 1705 καθίστανται
591 1678 644 1710 ἕως
671 1675 701 1704 οὗ
714 1678 731 1712 ἡ
743 1677 881 1713 Mam-

93 1722 147 1749 λων
158 1723 291 1755 διὰζευξις
303 1724 415 1758 γένηται
428 1732 434 1739 ·
446 1725 491 1751 καλ
503 1722 754 1760 ἀποπεμφθήσεται
763 1727 880 1758 ἕκαστος

93 1770 136 1800 εἰς
162 1769 191 1796 ὃν
204 1771 293 1804 ἑαυτῷ
307 1771 390 1796 τόπον
405 1771 564 1807 ἡτοίμακεν.
580 1771 641 1798 Ὅτι
659 1772 688 1798 δὲ
703 1772 755 1798 ὑπὸ
771 1773 879 1799 πάντων

93 1815 337 1850 θεατρισθήσοντσι
347 1816 387 1842 -τὰ
405 1817 540 1851 ἡμέτερα,
555 1819 603 1844 καὶ
617 1819 631 1844 ὁ
651 1817 738 1852 μέγας
753 1818 879 1852 Μάξιμος

92 1860 231 1895 ὰριδήλως
253 1860 334 1887 τοῦτο
353 1861 519 1896 παρίστησιν
533 1870 540 1877 ·
565 1863 594 1889 ιν
612 1863 666 1897 γαρ
692 1863 730 1898 τῷ
747 1863 880 1900 περὶτῆς

93 1906 167 1932 κατὰ
179 1905 245 1932 Θεὸν
259 1906 347 1941 λύπης
361 1907 432 1942 λόγῳ
457 1908 551 1941 αὑτοῦ,
566 1909 614 1934 καὶ
630 1908 694 1936 τάδε
716 1909 787 1936 κατὰ
802 1909 879 1944 ῥῆμα

91 1950 223 1983 διέξεισι·
243 1960 252 1978 ι
273 1952 434 1985 Τηνικαῦτα
460 1952 547 1987 βίϐλοι
571 1953 737 1987 ἀνοίγονται,
755 1954 878 1989 δηλονότι

91 1998 122 2024 ἐν
137 1998 171 2031 τῇ
196 1997 288 2032 ἡμέρᾳ
308 1998 358 2032 τῆς
375 1998 503 2033 κρίσεως,
519 1998 572 2025 τῶν
587 1999 731 2034 ἡμετέρων
743 1999 833 2035 ἔργων
848 2009 877 2026 τε

91 2045 141 2070 καὶ
155 2043 254 2077 λόγων,
271 2044 318 2070 καὶ
333 2044 471 2078 λογισμῶν
487 2044 598 2079 ἔχουσαι
616 2045 686 2079 μδτὰ.
696 2046 789 2080 πάσης
800 2046 879 2081 ἀκρι-

92 2089 170 2120 σείας
181 2089 216 2115 τὰ.
224 2089 363 2124 inpacta,
375 2089 409 2116 δι’
423 2088 460 2116 ὧν
474 2090 603 2117 ἁπάντων
617 2089 759 2125 γύμνωσις
772 2091 877 2126 γίνεται

90 2136 148 2162 τῶν
175 2136 380 2170 πεπραγμένων
395 2136 461 2170 ἡμῖν
484 2136 531 2162 ἐπὶ
553 2135 645 2170 πάσης
662 2136 787 2170 κτίσεως,
805 2137 877 2165 ὥστε

90 2183 222 2209 τοσοῦτον
245 2182 367 2217 ἀλλήλων
385 2181 532 2215 γινώσκειν
556 2183 646 2213 πάσας
662 2183 709 2214 τὰς
727 2183 875 2218 ἁμαρτίας,

933 1599 962 1622 et
980 1595 1038 1622 htec
1050 1594 1083 1622 ad
1099 1595 1213 1623 verbum
1227 1595 1377 1624 dissertat:
1401 1605 1410 1623 ι
1427 1595 1504 1624 Tunc
1519 1597 1580 1624 libri
1597 1597 1725 1631 aperien-

933 1645 978 1668 tur
989 1640 1045 1676 (die
1060 1641 1156 1675 judieii
1169 1641 1307 1676 videlicet)
1319 1646 1476 1672 nostrorum
1487 1649 1614 1677 operum,
1624 1646 1652 1669 et
1662 1650 1722 1670 ser-

933 1692 1065 1716 monum.
1093 1689 1121 1712 et
1149 1685 1363 1720 cogitationum,
1386 1686 1487 1720 scripta
1514 1685 1723 1721 diligentissime

934 1732 1105 1758 continentes
1130 1738 1176 1764 ea,
1201 1739 1249 1766 per
1280 1739 1341 1766 quze
1367 1732 1493 1760 omnium
1520 1729 1648 1759 revelatio
1676 1731 1723 1759 fiet

932 1783 1026 1804 eorum
1043 1783 1103 1810 quae
1115 1784 1130 1803 a
1143 1777 1222 1803 nobis
1239 1776 1315 1804 facta
1329 1776 1430 1804 fuerint
1445 1777 1473 1803 in
1488 1777 1562 1804 omni
1582 1780 1721 1808 creatura,

933 1823 1001 1850 adeo
1018 1827 1048 1850 ut
1063 1823 1180 1850 invicem
1195 1823 1220 1849 in
1237 1827 1345 1852 tantum
1363 1823 1485 1850 omnium
1502 1828 1613 1857 peccata
1629 1823 1721 1849 omnia

932 1873 1141 1904 cognoscantur,
1166 1872 1298 1903 quantum
1325 1869 1442 1903 quilibet
1465 1876 1524 1901 sua,
1547 1869 1646 1895 librum
1664 1876 1722 1896 suae

933 1913 1108 1940 conscientias
1121 1912 1226 1948 legens.
1245 1922 1254 1938 ι
1279 1912 1369 1947 Atque
1387 1913 1424 1939 ita
1445 1913 1556 1947 quidem
1580 1912 1721 1939 divinissi-

931 1966 992 1986 mus
1008 1958 1152 1988 Maximus.
1180 1958 1319 1993 Propheta
1348 1966 1414 1987 vero
1431 1958 1516 1986 Isaias
1538 1957 1719 1990 manifestius,

932 2005 955 2031 si
974 2004 1182 2037 animadvertis,
1199 2004 1331 2038 placitum
1348 2004 1400 2032 hoc
1417 2008 1443 2031 te
1462 2003 1584 2032 docebit.
1608 2004 1644 2030 De
1658 2003 1720 2038 qui-

931 2049 1047 2077 busdam
1063 2049 1136 2076 enim
1154 2050 1182 2076 in
1195 2054 1308 2084 peccato
1323 2049 1440 2076 mortuis
1454 2050 1536 2077 verba
1555 2049 1659 2076 faciens
1683 2049 1720 2076 ita

931 2095 1022 2123 dicere
1045 2094 1280 2129 deprehenditur:
1308 2103 1317 2120 ι
1336 2095 1441 2123 Vermis
1467 2102 1562 2121 eorum
1579 2102 1634 2121 non
1659 2102 1719 2121 mo.

931 2140 1027 2173 rietur,
1043 2145 1070 2168 et
1084 2141 1153 2176 ignis
1169 2148 1264 2168 eorum
1282 2148 1335 2167 non
1348 2141 1547 2176 exstinguetur,
1559 2146 1584 2167 et
1594 2144 1677 2167 erunt
1692 2140 1719 2167 in

931 2186 1117 2221 spectaculum
1138 2187 1213 2214 omni
1235 2186 1321 2213 carni.
1343 2196 1353 2212 ι
1378 2186 1468 2214 lstlmc
1497 2186 1587 2220 ipsum
1604 2190 1631 2213 et
1654 2185 1719 2213 illud

89 2230 154 2256 ὅσον
170 2229 286 2260 ικαστος
304 2229 353 2259 τὰς
371 2228 468 2255 ἑαυτοῦ
493 2229 543 2264 τὴν
571 2228 663 2263 βίϐλον
680 2228 877 2263 ἀναγινώσκων

933 2232 1120 2266 evangelicum
1132 2232 1311 2267 divinumque
1327 2232 1430 2259 dictum
1445 2231 1578 2259 indicavit
1594 2232 1718 2258 habens:

89 2275 141 2309 τῆς
156 2274 253 2301 ἑαυτοῦ
274 2273 464 2309 συνειδήσεως.
487 2283 498 2300 ι
516 2275 570 2300 Καὶ
585 2274 656 2301 οὕτω
674 2275 722 2308 μὲν
741 2275 755 2301 ὁ
770 2274 877 2301 θειότα-

89 2328 136 2351 ςος
153 2319 279 2354 Μάξιμος
291 2328 298 2337 ν
314 2319 329 2345 6
344 2319 373 2345 δὲ
397 2328 428 2353 γε
449 2320 593 2355 προφήτης
621 2320 736 2352 Ἡσαΐας
752 2319 877 2354 ἀριδηλό-

88 2374 180 2401 τερον,
195 2366 222 2392 εἴ
238 2374 270 2400 γε
284 2368 432 2401 προσέχῃς,
445 2366 476 2393 τὸ
497 2366 585 2401 δόγμα
609 2366 687 2393 τοῦτο
704 2365 804 2398 διδάξει
822 2374 851 2392 σε
867 2375 875 2383 ·

89 2412 156 2446 περί
172 2420 252 2438 τινων
262 2412 315 2446 γὰρ
331 2413 359 2438 ὲν
377 2412 526 2446 ἁμαρτίαις
548 2411 721 2447 τεθνηκότων
737 2412 782 2438 τὸν
797 2411 876 2445 λόγον

89 2459 263 2493 ποιούμενος,
284 2457 371 2488 οὕτως
394 2457 510 2492 εὓρηται
536 2457 641 2490 λέγων’
671 2466 680 2483 ι
710 2457 741 2484 Ὀ
765 2457 875 2492 σκώληξ

88 2503 182 2530 αὐτῶν
195 2503 226 2529 οὐ
239 2503 407 2537 τελευτήσει,
421 2503 468 2529 καὶ
483 2503 512 2529 τὸ
527 2502 583 2535 πῦρ
609 2501 698 2528 αὐτῶν
712 2502 742 2528 οὐ
761 2502 876 2536 σϐεσοή-

89 2557 179 2581 σεται,
193 2549 241 2575 καὶ
256 2548 365 2575 ἔσονται
387 2547 427 2579 εῐς
451 2548 548 2581 ὅρασιν
565 2547 646 2582 πάσῃ
661 2547 752 2581 σαρκί.
777 2556 786 2572 ι
805 2547 876 2573 Αὐτὸ

87 2595 169 2622 τοῦτο
192 2595 287 2622 καὶτὸ
309 2593 488 2628 εὐαγγελικὸν
516 2593 605 2620 ἐκεῖνο
631 2592 680 2619 καὶ
703 2592 774 2618 θεῖον
793 2592 875 2627 ῥητὸν

89 2641 260 2676 ὑπεμφαινει
282 2641 312 2668 τὸ
326 2640 407 2673 λέγον
420 2647 427 2655 ·
454 2639 486 2665 '0
502 2639 598 2672 Πατήρ
616 2647 662 2664 σου
679 2639 692 2664 ὁ
713 2638 820 2673 βλέπων
844 2646 874 2664 σε

87 2689 119 2714 ὲν
130 2687 170 2722 τῷ
184 2686 297 2722 κρυπτῷ
310 2684 444 2713 ἀποδώσει
458 2693 500 2711 σοι
523 2686 552 2711 ἐν
569 2683 608 2718 τῷ
625 2683 747 2718 φανερῷο
771 2693 781 2709 ι
797 2692 875 2710 τουτ-

87 2734 165 2760 έστιν
188 2733 233 2760 ἐπὶ
258 2732 350 2767 πάσης
366 2730 483 2762 κτίσεως
496 2738 504 2745 ·
521 2730 594 2756 κατὰ
614 2730 668 2764 γὰρ
685 2729 730 2755 τὸν
759 2730 876 2764 χρυσορ-

90 2780 198 2814 ῥήμονα
220 2778 356 2812 Ἰωάννην,
378 2775 434 2802 εἴτε
452 2773 661 2810 στεφανωθῆναι
688 2775 795 2809 μέλλεις
818 2775 874 2802 εἴτε

89 2823 300 2859 κατακριθῆναι,
313 2823 390 2849 πᾶσα
406 2822 486 2848 τοῦτο
502 2822 563 2848 τότε
588 2821 657 2856 σὰρξ
681 2822 791 2856 γνωριεῖ
804 2829 811 2837 ·
829 2823 874 2849 καὶ

88 2869 144 2906 γὰρ
154 2870 279 2904 ἕκαστος,
296 2870 350 2897 εἴτε
365 2868 480 2901 δίκαιος,
495 2868 550 2896 εἴτε
563 2867 610 2895 καὶ
623 2867 795 2903 ἁμαρτωλὸς,
806 2876 874 2902 γνωη

934 2285 943 2302 ι
962 2277 1044 2303 Pater
1060 2282 1122 2304 tuus
1134 2278 1180 2310 qui
1202 2282 1228 2305 te
1244 2278 1318 2305 videt
1336 2278 1364 2304 in
1381 2277 1500 2310 occulto,
1519 2276 1615 2304 reddet
1627 2276 1675 2303 tibi
1692 2275 1719 2303 in

932 2321 1086 2349 manifesto.
1102 2332 1112 2348 ι
1130 2322 1188 2349 Hoc
1200 2327 1242 2349 est
1260 2330 1352 2349 coram
1377 2322 1451 2349 omni
1474 2328 1610 2350 creatura.
1633 2320 1715 2349 Juxta

930 2368 1002 2394 enim
1024 2368 1196 2402 auriloquum
1213 2367 1429 2400 Joannein,sire
1449 2368 1634 2399 coronandus,
1661 2367 1720 2395 sive

930 2414 1154 2441 condemnandus
1173 2421 1213 2446 es,
1230 2414 1255 2441 id
1278 2418 1342 2441 tunc
1364 2414 1455 2442 omnis
1474 2421 1537 2441 caro
1556 2418 1715 2448 cognoscet.

930 2458 1036 2487 Etenim
1050 2460 1164 2495 quilibet
1179 2460 1238 2488 sive
1249 2460 1350 2495 justus,
1375 2460 1432 2488 sive
1450 2465 1578 2494 peccator
1596 2467 1718 2494 cognos-

930 2509 973 2532 cet
987 2510 1053 2533 tunc
1069 2513 1176 2536 omnes.
1192 2509 1222 2532 ut
1238 2506 1292 2540 jam
1309 2505 1414 2532 dictum
1429 2509 1481 2537 est,
1495 2510 1523 2532 et
1542 2505 1578 2532 ab
1591 2505 1719 2532 omnibus

930 2551 1031 2586 pariter
1049 2551 1107 2586 ipse
1120 2556 1311 2587 cognosretur.
1336 2552 1367 2578 Et
1390 2551 1442 2579 hoc
1462 2550 1636 2578 manifestius
1663 2550 1718 2576 lin—

930 2606 1010 2633 guam
1027 2605 1137 2630 aureus,
1154 2598 1181 2625 in
1199 2605 1249 2625 sua
1268 2597 1378 2626 homilia
1394 2597 1429 2625 '50
1458 2597 1485 2624 in
1515 2597 1717 2628 Hexaemeron,

930 2643 1060 2671 ostendit.
1078 2643 1148 2670 Dicit
1171 2643 1244 2670 enim
1263 2643 1501 2670 conversationem
1516 2645 1651 2672 nostram,
1667 2648 1715 2668 seu

930 2688 1013 2721 bona,
1030 2696 1077 2716 seu
1094 2689 1166 2716 mala
1189 2694 1242 2721 est,
1259 2689 1293 2716 ab
1310 2689 1438 2719 omnibus
1453 2687 1490 2714 ibi
1502 2687 1590 2714 visum
1609 2686 1654 2717 iri,
1668 2685 1721 2720 qui

929 2733 963 2760 ab
986 2734 1090 2761 Adamo
1116 2735 1245 2762 videlicet
1272 2742 1358 2769 usque
1386 2733 1420 2760 ad
1449 2731 1720 2760 consummationem

929 2777 1041 2807 fuerint.
1067 2779 1100 2807 Et
1123 2780 1175 2808 hoc
1191 2784 1232 2807 est
1249 2779 1321 2814 quod
1348 2778 1456 2806 dicebat
1484 2777 1575 2804 divina
1591 2775 1717 2803 Littera:

933 2834 941 2850 ι
964 2825 1042 2852 Pater
1059 2830 1123 2852 tuus
1136 2826 1182 2860 qui
1203 2825 1273 2852 \‘idcl
1289 2830 1313 2852 te
1331 2825 1358 2851 in
1370 2823 1488 2855 occulto,
1502 2822 1593 2850 reddet
1620 2821 1668 2849 tibi
1686 2821 1726 2848 im

930 2869 1093 2906 manifesto._
1107 2879 1115 2896 ι
