1954 3068
44 128 99 160 793

716 127 899 160 EPISTOLA
919 129 1004 160 VIII.

1615 129 1667 161 791

47 185 185 220 συγγενὴς
197 186 313 218 ἐκείνου,
329 187 387 214 ἀλλ’
404 186 441 218 ὡς
463 187 513 222 τὴν
526 186 611 221 αὐτὴν
628 185 734 217 πάντως
748 185 827 218 δεξα-

881 186 999 215 versatio
1012 193 1060 221 per
1074 185 1166 226 omnia
1178 185 1293 218 similis;
1307 190 1335 213 et
1349 190 1374 213 te
1384 192 1447 213 cum
1465 185 1580 212 honesto
1594 183 1667 212 Tlte-

48 231 119 266 μὲνη
131 232 280 259 πολιτείαν.
299 234 329 259 Εἰ
344 233 398 268 γὰρ
421 233 465 260 τὸν
481 232 606 268 Λάζαρον
628 232 737 266 ἀγνῶτα
766 233 829 259 ὅντα

47 276 87 311 τῷ
101 277 229 312 ’Δσραὰμ
242 278 282 309 είς
294 279 357 310 τοὺς
372 278 470 310 αὐτοὺς
497 278 614 310 κόλπους
630 277 704 313 αὑτῷ
729 278 828 312 ἠγαγε,

48 322 96 349 καὶ
114 322 229 354 πολλοὺς
242 324 289 349 ἀπ’
302 324 440 350 ἀνατολῶν
455 324 502 350 καὶ
518 323 628 358 δυσμῶν
651 322 829 358 ἀνακλιθῆναι

49 368 114 402 μετ’
126 368 210 395 αὐτοῦ
222 364 425 404 παρασκευάζεί
440 370 472 396 τὸ
483 370 532 405 τῆς
544 368 683 400 πολιτείας
706 369 830 404 ἀπαράλ-

48 412 159 445 λακτον,
180 414 227 440 καί
255 423 285 441 σι
317 416 384 449 μετὰ
415 414 461 441 τοῦ
478 414 560 441 καλοῦ
591 414 728 449 Θηρασίου
756 415 835 448 ὁτῆς¹

48 457 223 490 ἀναστάσεως
240 459 378 491 ἐκδέξεται
392 460 485 492 τόπος,
502 459 535 486 ἂν
546 459 642 492 ὲκείνῳ
657 458 696 493 τῷ
709 458 760 493 βίῳ
784 457 830 484 θέ-

49 503 99 538 λῃς
118 503 164 529 τὸν
187 504 268 530 αὑτὸν
295 505 493 536 ἐπιδείξασθαι·
518 505 589 530 οὕτω
612 504 659 530 καὶ
671 503 720 538 τὴν
747 503 831 537 αὐτὴν

49 548 148 582 ἐκείνῳ
161 549 333 582 κατοικήσεις
350 549 463 584 σκηνὴν,
482 549 529 575 καὶ
553 548 722 583 συνοφθῆναι
749 549 831 575 πάλιν

50 595 124 630 αὺτῷ
137 595 247 630 δυνήσει
274 596 313 627 είς
331 597 393 628 τοὺς
418 597 567 628 ἀθανάτους
590 597 711 628 ἐκείνους
731 597 832 628 αἰῶνας

50 639 81 664 οὗ
96 639 200 674 ταύτην
217 641 266 674 τὴν
288 641 336 667 τοῦ
362 642 452 676 γάμου
479 641 637 675 συνάφειαι),
666 640 723 668 ἀλλ’
736 641 833 676 ἑτέραν

51 684 141 719 πολλῷ
154 685 288 719 βελτίονα.
307 686 379 721 Αὕτη
393 687 444 721 μὲν
460 687 511 722 γὰρ
524 687 657 720 σωμάτων
682 687 740 712 ἐστὶ
766 695 834 720 συμ-

50 729 140 764 πλοκὴ
160 731 249 764 μόνον’
279 732 381 758 roseos
392 732 480 767 ψυχῆς
506 734 564 758 ὲοτι
580 732 646 766 πρὸς
664 731 752 766 ψυχὴν
769 731 831 758 ἕνω-

51 783 93 806 σις
106 775 289 810 ἀκριϐεστέρα
322 778 368 803 καὶ
383 778 465 812 ὴδῖων
488 777 578 812 πολλῷ
610 777 657 803 καὶ
683 777 805 811 βελτίων.
822 785 831 802 ›

883 231 957 260 rasio
972 231 1185 258 resurrectionis
1208 231 1286 259 locus
1304 232 1432 265 excipiet,
1454 231 1476 258 si
1498 231 1543 258 illa
1556 230 1611 257 vita
1627 231 1668 265 ip-

881 285 944 304 sum
958 277 1090 304 exhibere
1109 273 1239 304 volucris.
1264 277 1303 304 Ita
1321 283 1350 304 et
1364 277 1435 304 idem
1460 284 1521 304 cum
1542 276 1601 311 ipso
1624 280 1668 302 ta-

883 321 1061 349 bernaculum
1088 322 1234 354 habitabis,
1258 326 1285 349 et
1312 323 1393 349 simul
1413 322 1541 357 conjungi
1567 322 1666 348 iterum

883 369 986 402 poteris
1002 375 1052 402 per
1077 368 1241 396 immertalia
1266 368 1312 395 illa
1336 369 1444 400 saecula,
1464 376 1517 395 non
1539 368 1589 394 hac
1614 376 1665 394 nu-

883 411 1002 446 ptiarum
1018 413 1125 446 copula,
1142 413 1190 440 sed
1204 413 1256 440 alia
1281 413 1370 440 multo
1382 413 1498 440 meliori.
1515 412 1578 439 llaec
1592 413 1666 439 enim

884 464 1029 492 corporum
1045 463 1150 485 tantum
1166 463 1209 486 est
1217 459 1396 494 complexus;
1411 463 1476 485 tunc
1490 465 1554 485 \‘ero
1570 459 1667 485 anima:

884 503 938 530 erit
955 511 1018 530 cum
1036 504 1128 530 anima
1142 504 1302 538 conjunctio
1315 504 1447 535 exactior.
1464 508 1491 531 et
1505 503 1590 530 multo
1605 511 1668 530 sua-

884 549 944 576 vior
970 557 1001 577 ac
1031 549 1211 584 przestantior.
1233 559 1242 575 ι
1273 550 1301 577 Si
1329 557 1395 577 vero
1420 550 1477 576 hazc
1501 549 1538 575 ita
1555 549 1668 580 habent,

882 595 968 622 satius
995 599 1037 622 est
1062 599 1092 622 ut
1117 601 1257 622 taceamus
1275 600 1302 622 et
1318 589 1463 630 diligamus
1489 602 1549 629 quae
1566 594 1668 627 scripta

881 640 1002 672 fuerunt,
1020 645 1048 668 et
1064 648 1118 667 non
1137 641 1275 668 contraria
1287 641 1437 668 sentiamus
1450 639 1593 674 prophetis
1607 638 1669 673 Spi-

882 685 967 717 ritus;
983 693 1018 712 ne
1037 685 1107 713 forte
1121 690 1148 713 et
1161 691 1256 713 contra
1277 694 1327 713 nos
1340 686 1474 713 inferatur
1493 684 1669 719 propheticus

883 737 973 758 sermo
986 731 1032 765 qui
1044 731 1111 758 dicit
1124 739 1132 759 :
1149 741 1157 757 ι
1174 731 1217 758 Vae
1230 731 1264 758 iis
1273 731 1318 765 qui
1332 731 1384 758 sibi
1400 731 1468 765 ipsis
1479 733 1543 757 sunt
1557 729 1667 763 sapient-

885 781 936 809 tes,
951 779 978 802 et
991 783 1084 802 coram
1101 784 1131 803 se
1146 776 1237 811 periti.
1259 785 1268 802 I

50 819 216 846 Είδὲταΰτα
232 820 318 853 οὕτως
334 821 402 856 ἔχει,
417 823 526 857 σιωπᾷν
547 823 620 857 ἡμᾶς
633 821 744 856 ἄμεινον
773 821 897 855 στέργειν
922 828 953 846 τε
986 820 1020 847 τὰ
1052 821 1246 856 γεγραμμένα,
1271 821 1318 848 καὶ
1342 821 1379 856 μὴ
1403 820 1533 848 τάναντία
1561 820 1669 855 φρονεῖν

49 867 106 897 τοῖς
117 867 270 903 ὕποφήταις
283 868 329 895 τοῦ
358 869 525 903 Πνεῦματος·
553 869 596 895 ίνα
629 869 665 904 μὴ
692 869 739 895 καὶ
771 869 832 895 καθ’
850 867 929 902 ἡμῶν
944 869 958 894 ὁ
973 869 1143 903 προφητικὺς
1157 868 1311 904 ἐξενεχθείη
1332 868 1411 902 λόγος
1430 869 1444 895 ὁ
1462 868 1562 902 λέγων·
1583 866 1666 893 «Οὐαὶ

49 915 74 941 ot
90 917 156 950 παρ’
174 917 281 948 ἑαυτοῖς
296 918 383 951 σοφοὶ,
396 917 444 944 καὶ
455 917 571 944 ἐνώπιον
597 917 687 944 αὐτῶν
718 917 912 952 ἐπιστήμονες.
929 923 939 941 ι

316 974 485 1000 ΕΠΙΣΤΟΛΗ
512 969 554 1001 ιγ.

53 1024 96 1057 Τῷ
107 1027 271 1059 τιμιωτάτῳ
282 1027 403 1061 μοναχῷ
415 1028 495 1060 κυρῷ
520 1027 637 1061 Ἡσαΐᾳ.
653 1041 686 1047 η-
697 1028 766 1061 Περί
778 1027 830 1054 τοῦ

85 1060 146 1096 εἴτε
158 1060 337 1094 προκόπτειν
348 1064 374 1088 οί
389 1062 496 1088 δίκαιοι
523 1063 669 1096 μέλλουσι
701 1060 775 1089 κατά
798 1071 831 1095 γε

86 1094 211 1131 γνῶσιν,
230 1096 277 1122 καί
298 1097 404 1129 δόξαν,
417 1097 475 1123 alte
487 1094 535 1123 καί
541 1096 582 1131 μὴ
598 1097 673 1131 μετὰ
688 1097 744 1131 τῂν
758 1094 831 1123 ἐκεῖ·

86 1137 124 1156 σε
138 1129 399 1158 ἀποκατάστασιν.

87 1185 201 1220 Πρῶτον
214 1187 264 1221 μὲν
281 1186 328 1213 οὖν
353 1188 399 1214 ὲπὶ
428 1188 534 1219 τούτοις
561 1188 709 1222 ἀναγκαῖον
732 1189 830 1220 εἰπεῖν,

51 1228 186 1256 θεοείκελε
203 1231 278 1266 ἄνερ,
294 1233 373 1258 ὁποία
390 1233 431 1263 τίς
446 1235 522 1259 ἐστιν
558 1234 575 1267 ἡ
592 1235 680 1259 ἐκεῖσε
709 1235 765 1265 τοῖς
790 1234 830 1260 δι-

51 1273 143 1305 καίοις
158 1274 398 1310 ἀποταμιευομένη
413 1277 592 1307 κατάστασις⁹
620 1278 666 1303 καὶ
682 1277 755 1309 ὅπως
784 1279 832 1304 αὑ-

49 1319 108 1345 τῶν
119 1319 232 1352 ἕκαστος
247 1323 296 1348 καὶ
305 1323 365 1348 τίνα
381 1322 481 1357 τρόπον
511 1322 582 1357 μετὰ
602 1323 709 1349 ἐνθένδε
738 1323 830 1359 βιοτὴν

49 1368 250 1395 ἀναπαύσεται·
262 1369 333 1396 οὕτω
348 1371 400 1405 γὰρ
418 1370 451 1396 ἂν
461 1370 532 1405 καὶὴ
545 1371 607 1404 περὶ
623 1370 670 1397 τοῦ
682 1372 829 1405 κεφαλαίου

49 1413 129 1440 τοῦδε
166 1413 312 1450 συζήτησις
341 1415 564 1451 ὲκφαντικωτέρα
594 1417 741 1452 γενήσεται
774 1421 831 1450 τοῖς

50 1459 243 1494 προσέχουσιν.
274 1461 303 1487 Et
336 1455 391 1494 γαρ
415 1461 462 1487 καὶ
491 1461 615 1496 Σωτῆρος
634 1463 714 1497 ήμῶν
742 1463 830 1498 Ἰησοῦ

50 1504 170 1538 Χριστοῦ
186 1505 215 1530 ὲν
228 1505 405 1539 Εὐαγγεὶλοις
428 1506 598 1541 ἀκούσαιμεν
626 1507 762 1541 λέγοντος,
788 1510 830 1535 ὅτι

52 1557 61 1573 ι
79 1547 126 1575 Ἐν
143 1550 177 1583 τῇ
191 1549 264 1584 οίκιᾳ
276 1550 322 1576 τοῦ
332 1550 436 1584 Πατρός
450 1560 501 1585 μου
516 1551 611 1577 πολλαί
637 1553 715 1585 μοναί
730 1552 827 1586 um,»

49 1593 109 1620 ἀλλ’
121 1594 151 1620 οὐ
164 1595 295 1629 διαφορὰν
305 1596 462 1631 οἰκημάτων
472 1596 549 1624 ἔνοεν
563 1598 693 1624 κακεῖθεν
711 1600 829 1634 ἐγηγερ-

1147 971 1316 999 EPISTOLA
1338 972 1405 999 νιιι.

884 1025 1031 1052 Admodum
1066 1026 1212 1052 venerando
1241 1026 1366 1052 monacho
1396 1024 1490 1051 dounto
1522 1024 1667 1051 Esaia-.—

922 1060 1014 1087 Utrum
1028 1062 1091 1093 iusti
1107 1061 1234 1094 proﬁcere
1254 1061 1363 1086 debeuut
1383 1061 1491 1086 scientia
1524 1065 1547 1086 et
1569 1060 1666 1094 gloria,

920 1095 960 1121 vel
974 1103 1035 1127 non,
1050 1100 1107 1129 post
1121 1103 1189 1127 eant,
1204 1103 1263 1129 quae
1284 1095 1320 1121 ibi
1335 1096 1396 1127 erit,
1416 1095 1616 1121 restitutionem.

920 1183 1040 1210 Primum
1066 1183 1177 1217 quidem
1202 1184 1283 1218 igitur
1307 1183 1340 1210 de
1369 1184 1411 1211 his
1436 1183 1527 1210 dicere
1553 1191 1668 1211 necesse

884 1232 935 1260 est,
949 1227 1042 1256 divine
1054 1229 1104 1261 vir,
1123 1230 1211 1264 qualis
1230 1230 1357 1256 videlicet
1382 1230 1503 1257 conditio
1529 1235 1582 1263 est,
1607 1238 1668 1264 qua:

884 1275 921 1302 ibi
939 1275 1019 1309 justis
1035 1280 1210 1313 reservatur,
1232 1281 1259 1302 et
1286 1276 1424 1310 quomodo
1447 1276 1568 1310 ipsorum
1584 1276 1666 1311 quili-

884 1320 930 1348 bet
947 1325 1008 1356 post
1036 1322 1106 1347 hanc
1128 1321 1210 1348 vitam
1239 1321 1403 1355 requiescet.
1430 1321 1468 1347 lla
1491 1322 1563 1348 enim
1587 1327 1613 1349 ct
1635 1323 1668 1350 de

884 1367 973 1401 capite
990 1367 1042 1394 hoc
1069 1367 1185 1401 quaestio
1209 1367 1413 1394 attendentibus
1432 1368 1583 1395 evidentior
1611 1369 1665 1396 lict.

884 1411 912 1439 Si
940 1412 1012 1438 enim
1037 1417 1065 1439 ct
1080 1412 1253 1440 Servatorcm
1271 1418 1393 1440 nostrum
1412 1413 1507 1440 Jestnn
1528 1414 1665 1441 Christum

884 1456 912 1482 in
926 1457 1081 1492 Erangcliis
1096 1459 1232 1485 dicentem
1256 1458 1408 1489 audiamus.
1431 1460 1458 1486 in
1483 1460 1564 1486 domo
1581 1461 1666 1487 Patris

884 1501 925 1527 sui
953 1502 1050 1528 multas
1064 1509 1124 1529 esse
1152 1494 1326 1534 mansiones.
1350 1512 1404 1531 non
1431 1506 1526 1537 utique
1553 1507 1666 1532 domici-

883 1544 981 1571 liorum
1007 1546 1189 1574 diﬂ‘crentiam
1210 1547 1260 1574 hac
1286 1553 1314 1575 et
1331 1549 1392 1575 illuc
1420 1550 1611 1583 excitaturum,
1638 1557 1666 1578 ct

883 1597 898 1616 a
930 1590 1012 1624 justis
1041 1592 1197 1620 haereditate
1220 1594 1419 1627 adeundorum,
1441 1596 1487 1622 scd
1515 1596 1664 1623 charisma-

50 1640 143 1674 μένων
160 1641 274 1672 καὶτοῖς
299 1641 411 1673 δικαίοις
440 1643 722 1678 ἀποκεκληρωμένων,
752 1653 828 1680 χαρι-

885 1639 940 1661 tum
969 1637 1150 1671 proprietates
1177 1639 1352 1679 evangelicus
1379 1644 1407 1666 et
1433 1640 1542 1667 divinus
1574 1649 1664 1669 sermo

50 1685 163 1719 σμάτων
181 1686 210 1712 δὲ
227 1686 360 1721 ἰδιότητας
375 1688 389 1713 ὁ
401 1687 578 1722 εὐαγγελικδς
599 1691 646 1716 καὶ
667 1689 737 1722 θεῖος
751 1690 829 1724 λόγος

48 1729 175 1756 ἐντεῦθεν
194 1730 379 1766 ὑπεμνήσατο.
401 1733 469 1767 Περὶ
486 1735 542 1765 τοῖς
571 1736 725 1770 χαρίσμασι
736 1735 828 1762 λοιπὸν

47 1776 76 1801 τδ
104 1775 244 1811 διάφορον·
280 1778 296 1812 ἠ
331 1778 385 1812 γὰρ
428 1778 496 1814 μονὴ
536 1781 584 1814 μία
625 1781 729 1807 καὶού
765 1782 829 1808 πολ-

47 1821 100 1847 λαί.
126 1821 174 1852 Τίς
203 1821 231 1847 δὲ
256 1822 272 1856 ή
302 1824 369 1857 μονὴ
400 1823 493 1858 ἐκείνη
516 1825 563 1851 καὶ
593 1826 675 1852 πόοεν
702 1827 759 1858 τοῖς
789 1827 828 1853 δι-

48 1866 135 1897 καίοις
149 1867 353 1901 ἀπονενέμηται
367 1868 400 1894 τὰ
412 1869 579 1903 χαρίσματα,
595 1870 676 1902 αὐτὸς
696 1872 711 1897 ὁ
727 1873 829 1908 Κύριος

47 1912 126 1946 ἡμῶν
145 1912 248 1947 Ἰησοῦς
263 1913 380 1946 Χριστὸς
395 1915 450 1944 τοῖς
466 1915 533 1940 πᾶσι
554 1916 640 1942 πάντα
663 1917 722 1943 τότε
751 1918 827 1944 καθί-

49 1965 156 1984 σταται.
171 1958 257 1988 Αὐτός
270 1959 344 1984 ἐστιν
363 1959 379 1994 ἡ
397 1960 475 1993 μονὴ,
492 1960 538 1986 καὶ
554 1961 570 1996 ὴ
587 1961 766 1997 ἁνεκλάλητος
775 1964 828 1990 τῶν

48 2002 161 2029 δικαίων
185 2003 257 2038 χαρά
271 2011 278 2018 ·
291 2004 371 2035 αὐτὸς
393 2005 408 2039 ἠ
425 2004 582 2038 ἀπόλαυσις,
597 2005 702 2042 αὐτὸςὴ
719 2007 828 2034 πάντων

47 2049 207 2080 ἀνάστασις.
223 2050 277 2076 Καὶ
292 2049 371 2076 τοῦτο
390 2050 469 2085 δῆλον
486 2051 516 2083 ἐξ
526 2048 563 2077 ὧν
577 2053 591 2078 ὁ
608 2052 738 2086 Θεολόγος
759 2054 828 2090 Γρη‹

47 2094 138 2129 γόριος
148 2095 236 2126 οὕτως
250 2094 364 2130 εὕρηται
379 2095 475 2129 λέγων’
503 2107 512 2122 1
533 2098 630 2124 Οὐκέτι
656 2098 747 2125 λοιπὸν
764 2100 828 2126 ἀθε-

47 2142 121 2176 τήσω
134 2141 169 2167 τὰ
181 2141 381 2176 ὁμολογηθέντα
397 2151 441 2177 μοι
455 2143 485 2168 ὲν
508 2143 547 2177 τῷ
576 2143 757 2179 βαπτίσματι,
784 2147 827 2173 ἵνα

49 2187 85 2222 μὴ
101 2189 151 2223 τῆς
162 2188 266 2214 ἐκεῖθεν
282 2189 393 2214 ὲκπέσω
417 2190 629 2224 μακαριότητος.
654 2190 685 2217 Ἦ
700 2191 728 2217 δέ
753 2192 827 2218 ἐστιν

48 2232 63 2266 ἡ
91 2233 140 2266 τῆς
167 2233 282 2268 Τριάδος
311 2233 489 2267 ἐκτυπωτέρα
518 2234 679 2268 κατάληψις.
704 2244 713 2260 ι
749 2236 824 2271 Πρὸς

47 2277 149 2309 τούτοις
163 2277 192 2304 ὀὶ
209 2278 284 2304 καὶὸ
308 2278 456 2309 ὁσιώτατος
488 2279 630 2314 Βαρλαὰμ,
653 2281 696 2310 τίς
719 2281 793 2307 ἐστιν
809 2282 825 2316 ἡ

48 2322 170 2356 βασιλεία
187 2324 241 2349 τῶν
267 2324 391 2359 οὐρανῶν
409 2325 568 2359 ἐρωτηθεὶς,
598 2327 727 2362 τοιαύτην
758 2327 827 2363 πρὸς

47 2370 91 2395 τδν
122 2369 244 2404 Ίωάσαφ
278 2371 387 2398 ἐκεῖνον
417 2373 565 2407 ἐποιήσατο
591 2373 642 2407 τῆν
670 2374 827 2409 ἀπόκρισιν,

52 2421 59 2437 ι
81 2413 125 2445 Ὠς
138 2416 171 2440 ὲκ
186 2414 297 2448 Γραφῆς
313 2416 461 2450 μεμάθηκα
483 2416 571 2451 ἔγωγε
596 2418 626 2443 τὸ
647 2417 762 2453 πλησίον
783 2426 829 2452 γε-

49 2459 138 2486 νέσθαι
156 2461 204 2494 τῆς
220 2460 336 2495 θεωρίας
352 2461 402 2495 τῆς
417 2462 497 2495 ἁγίας
509 2463 633 2497 Τριάδος·
660 2467 705 2490 καὶ
733 2463 831 2490 ἀνακε-

51 2504 215 2540 καλυμμένῳ
231 2506 270 2540 τῷ
286 2507 424 2542 προσώπῳ
439 2507 488 2542 τὴν
506 2508 585 2541 δόξαν
600 2509 686 2543 αὐτῆς
702 2510 828 2545 ἐνοπτρί-

50 2551 151 2581 quem.
170 2552 266 2578 Ἔνθεν
276 2561 318 2578 τοι
345 2553 392 2579 καὶ
422 2553 460 2587 τῷ
477 2554 565 2589 νοητῷ
585 2555 633 2589 μὲν
652 2555 719 2590 ἡλίῳ
746 2557 825 2582 ἐπεν-

50 2596 220 2628 τρανίσουσιν
250 2597 368 2628 ἆπαντες
383 2597 492 2630 δίκαιοι,
513 2600 615 2626 καὶτοῦ
630 2600 701 2626 θείου
718 2601 822 2627 ἐκείνου

50 2642 132 2672 φωτὸς
144 2644 304 2676 γενήσονται
323 2645 442 2679 μέτοχοι,
452 2646 475 2671 εί
493 2646 539 2672 καὶ
556 2645 593 2681 μὴ
621 2647 720 2681 ἐπίσης
737 2648 825 2673 ἃπαν-

50 2693 90 2717 τες
107 2694 113 2701 ’
129 2688 196 2715 ἀλλὰ
214 2690 284 2715 κατὰ
298 2689 346 2725 τὴν
360 2690 457 2717 ἑαυτοῦ
468 2692 542 2724 ὅμως
563 2691 738 2727 καθαρότητα
763 2693 825 2719 ἱκα-

51 2739 116 2764 στος.
136 2734 270 2770 Καθάπερ
287 2737 340 2771 γὰρ
354 2738 367 2762 ὁ
380 2737 507 2772 αἰσθητὸς
528 2735 606 2768 οὗτος
633 2738 708 2773 ἥλιος
737 2739 825 2771 κοινὸς

51 2777 86 2808 εἰς
101 2779 163 2806 θέαν
177 2781 262 2808 ὅιπασι
277 2784 428 2816 πρόκειται,
445 2783 495 2810 καὶ
511 2783 584 2810 οὕτω
595 2783 644 2819 μὲν
656 2784 777 2815 ἔλασσον,
788 2785 825 2820 τῷ

51 2820 76 2847 δὲ
90 2825 265 2860 σφοδρότερον
275 2827 324 2859 τὰς
343 2827 455 2860 ἀκτῖνας
471 2828 552 2855 αὑτοῦ
585 2829 743 2865 ἐπαφίησιν·
767 2830 825 2858 ἀλλ’

880 1681 944 1707 inde
967 1684 1202 1710 commemoravit.
1233 1684 1367 1712 Caeterum
1394 1686 1590 1714 charismatum
1619 1688 1663 1714 di-

879 1727 998 1754 scrimen
1018 1733 1070 1761 est,
1097 1736 1149 1755 una
1164 1729 1236 1756 enim
1260 1731 1376 1764 mansio,
1397 1739 1450 1758 non
1474 1733 1574 1759 multae.
1598 1733 1664 1765 Quae

879 1780 946 1800 vero
966 1774 1072 1801 mansio
1086 1774 1143 1807 illa,
1159 1780 1186 1802 ct
1199 1776 1271 1803 unde
1283 1777 1365 1811 justis
1388 1777 1552 1804 charismata
1570 1778 1663 1805 distri-

878 1818 1005 1851 buantur,
1024 1819 1082 1854 ipse
1105 1820 1238 1848 Dominus
1253 1827 1345 1849 noster
1360 1822 1440 1850 Iesus
1456 1824 1581 1851 Christus
1593 1833 1661 1851 cun-

879 1864 931 1891 ctis
945 1865 1036 1892 omnia
1053 1871 1117 1893 tunc
1133 1867 1298 1895 constitutus
1321 1873 1371 1896 est.
1398 1869 1457 1903 Ipse
1482 1875 1522 1897 est
1546 1872 1661 1904 mansio,

879 1917 905 1936 et
920 1911 1057 1939 ineﬂ'abile
1075 1912 1209 1946 justorum
1226 1914 1373 1948 gaudium;
1399 1915 1458 1950 ipse
1482 1916 1587 1949 fruitio,
1603 1917 1663 1951 ipse

880 1957 1004 1984 omnium
1022 1959 1198 1986 resurrectio.
1214 1959 1248 1986 Et
1262 1960 1287 1987 id
1305 1961 1479 1988 manifestum
1495 1969 1527 1989 ex
1545 1962 1578 1989 iis
1602 1971 1662 1999 qu?

879 2001 1033 2038 Theologus
1057 2004 1205 2040 Gregorius
1229 2007 1265 2033 ita
1285 2006 1376 2034 dicere
1398 2009 1556 2042 reperitur:
1579 2019 1588 2035 ‹
1604 2010 1661 2036 (Σιο-

880 2043 967 2074 terum
985 2056 1021 2076 ne
1037 2050 1158 2083 amplius
1179 2056 1366 2084 contemnam,
1387 2061 1447 2087 quae
1474 2054 1500 2080 in
1525 2055 1661 2089 baptismo

879 2094 1022 2122 confessus
1037 2103 1108 2127 sum,
1128 2104 1162 2123 ne
1187 2096 1230 2123 illa
1249 2098 1418 2125 beatitudine
1439 2100 1574 2127 excidam.
1598 2101 1661 2128 ll:cc

879 2145 969 2167 autem
988 2145 1030 2168 est
1059 2140 1199 2169 Trinitatis
1223 2144 1382 2178 expressior
1410 2146 1630 2179 comprehensio.
1647 2155 1656 2172 ι

877 2185 993 2220 lusuper
1018 2191 1046 2214 et
1081 2187 1269 2216 sanctissimus
1296 2189 1431 2221 Barlaam,
1450 2191 1515 2224 quid
1551 2191 1585 2218 sit
1616 2199 1660 2218 re-

878 2239 962 2266 gnum
988 2233 1120 2260 caelorum
1140 2234 1332 2269 interrogatus,
1357 2235 1437 2262 talem
1460 2235 1597 2270 Joasapho
1623 2236 1660 2263 illi

878 2275 1086 2312 responsionem
1102 2278 1197 2306 dedit:
1217 2289 1226 2304 ι
1242 2280 1275 2307 Ut
1290 2289 1321 2308 ex
1335 2281 1476 2316 Scriptura
1493 2283 1553 2317 ipse
1567 2283 1661 2314 didici,

879 2323 1100 2357 contemplationi
1122 2331 1224 2352 saucue
1248 2325 1391 2353 Trinitatis
1415 2329 1567 2361 proximum
1592 2329 1659 2362 fieri,

879 2373 906 2394 et
923 2369 1040 2396 revelata
1062 2369 1130 2396 facie
1156 2370 1271 2405 gloriam
1299 2373 1359 2405 ejus
1383 2372 1493 2399 intueri.
1512 2373 1609 2400 Lilinc
1633 2379 1662 2401 et

878 2415 912 2442 ab
936 2415 1100 2450 intelligibili
1122 2416 1233 2450 quidem
1260 2417 1310 2443 soli
1331 2418 1541 2445 illustrabuntur
1565 2427 1662 2447 omnes

876 2460 954 2495 justi,
972 2465 999 2487 et
1015 2460 1115 2487 divinze
1141 2461 1213 2487 illitis
1230 2462 1299 2488 lucis
1323 2463 1469 2498 patticipcs
1496 2464 1571 2494 ﬁent.
1599 2465 1662 2492 licet

879 2515 933 2533 non
949 2514 981 2534 ex
1000 2514 1078 2540 mque
1094 2514 1200 2539 onmcs,
1218 2508 1264 2534 sed
1281 2509 1357 2542 juxta
1370 2517 1446 2535 suam
1466 2511 1568 2544 puriter.
1581 2519 1660 2538 utun-

878 2553 975 2579 ditiaut
992 2553 1113 2586 quilibet
1133 2553 1218 2579 Sicuti
1239 2553 1310 2579 enim
1332 2554 1440 2581 sensilis
1464 2555 1507 2582 hic
1525 2556 1564 2582 sol
1584 2563 1660 2582 com—

878 2601 968 2626 munis
998 2599 1029 2625 ad
1057 2600 1243 2634 spectaculqu
1270 2600 1399 2628 omnibus
1428 2603 1606 2636 proponitur,
1632 2607 1660 2628 ct

872 2646 938 2673 huic
953 2646 1056 2676 minus,
1079 2646 1117 2672 illi
1136 2645 1327 2674 vehementius
1350 2648 1441 2675 radios
1460 2655 1525 2675 suos
1539 2649 1657 2680 emittit,

875 2692 922 2718 sed
942 2692 1049 2726 fparitcr
1073 2692 1149 2726 juxta
1175 2693 1317 2720 oculorum
1343 2694 1550 2728 dispositionem
1573 2694 1658 2728 quili-

873 2738 919 2765 bet
934 2743 961 2765 ct
988 2738 1050 2765 inde
1068 2738 1199 2773 fulgorem
1219 2740 1327 2775 recipit;
1355 2740 1390 2767 ita
1417 2745 1444 2767 et
1461 2741 1495 2768 de
1511 2740 1557 2767 illo
1582 2741 1659 2767 inac-

874 2792 952 2812 ccsso
978 2785 1134 2819 splendore,
1159 2790 1186 2812 et
1209 2785 1258 2818 eis,
1282 2787 1328 2821 qui
1347 2787 1395 2820 ipsi
1425 2787 1569 2818 inhaerent,
1594 2791 1659 2814 tunc

876 2831 933 2858 fore
947 2831 1036 2859 crede.
1058 2832 1139 2859 Juxta
1164 2832 1236 2860 enim
1258 2833 1367 2861 beatum
1387 2832 1500 2861 Paulum
1527 2833 1658 2861 transfor-
