1954 3068
224 121 276 152 863

855 119 880 152 Μ
887 119 1064 153 lCIlAELlS
1080 117 1208 153 GLYC/E

1785 120 1835 157 Sﬁl

259 179 401 207 Simillima
408 178 463 214 jam
475 178 669 206 demonstratis
676 176 863 207 divinis‘simus
873 179 999 206 Malachia

1090 179 1132 206 Τὰ
1145 180 1215 206 αὐτὰ
1237 180 1293 210 τοῖς
1310 179 1480 214 διαληφθείσι
1498 181 1543 207 καὶ
1557 180 1571 207 6
1588 180 1724 223 θειότατος
1741 183 1836 210 Μαλα-

222 227 275 253 alta
286 225 437 252 inclamans
450 233 517 252 voce
529 225 617 252 dixit:
636 234 645 250 ι
658 224 717 252 Νοη
735 230 777 252 est
794 225 859 252 mihi
878 226 1003 252 voluntas

222 272 250 298 in
260 271 346 304 vobis,
355 271 421 298 dicit
432 271 573 303 Dominus,
583 278 671 305 neque
681 278 785 298 sumam
795 270 960 298 sacriﬁcium
969 270 1003 297 de

223 318 349 348 manibus
359 317 470 350 vestris,
482 317 612 352 quoniam
623 317 657 345 ab
669 322 730 344 ortu
743 317 807 344 solis
817 323 903 352 usque
913 317 946 343 ad
956 324 1003 344 oce

221 371 314 390 casum
326 370 425 390 nomen
438 370 527 390 meum
543 362 689 398 gloriosum
700 366 741 389 est
751 362 777 389 in
792 362 930 397 gentibus,
938 366 964 388 ct
976 361 1003 388 in

221 409 295 436 omni
303 409 364 436 loco
375 408 536 436 sacrilicium
545 413 572 435 et
579 409 679 435 oblatio
686 409 787 435 munda
796 408 907 435 oll‘ertur
914 408 1002 435 nomi-

221 455 247 481 ni
264 462 325 482 meo
338 463 345 481 :
358 462 406 482 vos
418 459 508 481 autem
521 461 553 481 ea
578 455 797 482 contaminastis.
816 463 825 479 ι
841 454 924 490 Facta
937 459 1002 481 sunt

222 501 290 532 hmo,
309 507 343 526 an
356 508 410 527 non
426 500 438 526 ?
452 500 608 527 Oﬂ'erturne
623 500 807 533 ,incruentum
825 505 852 527 et
872 500 1001 526 mundum

219 546 382 572 sacriﬁcium
398 546 452 571 Deo
467 545 492 571 iu
508 547 581 572 omni
598 546 742 573 nationum
772 545 842 576 loco.
862 553 896 572 an
928 545 1002 572 non?

221 591 318 617 Verum
333 590 397 625 quid
409 590 506 625 plura?
518 591 666 618 Audiamus
675 591 833 625 prophetam
849 591 999 618 diecntem:

221 644 230 659 ι
254 635 290 661 Ex
304 634 369 661 Sion
386 635 472 662 exibit
491 635 543 666 lex.
562 640 593 662 et
606 632 723 663 Verbum
745 635 852 663 Domini
871 636 904 662 de
921 635 1001 663 Jeru-

219 681 322 713 salem;
338 685 366 707 et
386 681 520 716 judicium
537 681 618 708 faciet
643 682 670 708 in
694 682 781 709 medio
798 682 949 712 nationum,
975 686 1002 708 et

221 730 318 760 arguet
337 726 465 760 populqu
490 726 616 754 multum.
632 735 641 752 ›
659 726 746 754 Dicite
772 734 848 762 ergo,
874 734 999 761 quamam

219 775 263 797 est
279 771 321 798 lex
340 772 434 798 exiens
450 778 481 797 ex
499 771 576 804 Sion,
591 775 620 798 et
644 773 756 806 quitiam
771 777 834 799 sunt
862 773 908 807 qui
939 779 999 799 eam

220 818 402 851 receperunt?
416 817 545 844 Nationes
561 825 626 844 sane
642 827 648 850 ;
669 818 733 853 ipsa:
755 819 827 845 enim
849 819 1000 854 redargutm

181 885 184 889 .
219 868 284 889 sunt
299 863 513 897 velutlerrantes
532 870 546 888 a
563 862 625 895 ﬁde,
639 861 666 890 et
677 863 777 890 Christi
788 864 874 899 legem
889 871 1001 900 recepe-

219 912 296 937 runt,
311 915 392 941 quam
411 907 521 940 quidem
539 908 684 942 discipulis
698 909 772 936 dedit
787 910 812 935 in
839 909 1009 951 Jerusalem:

219 958 247 980 et
269 960 317 987 per
344 953 418 987 ipsos
433 953 560 981 omnibus
576 954 714 988 gentibus.
745 964 754 980 ι
771 954 808 980 Ex
830 955 897 982 Sion
919 956 1004 984 exibit

218 998 261 1024 lex
275 1007 282 1030 ;
298 1007 307 1023 ι
327 999 471 1032 oportebat
488 999 560 1026 enim
575 1007 671 1026 novam
689 999 747 1026 dari
766 1000 852 1035 legem
875 1009 947 1028 novo
970 1009 1003 1028 ex

218 1043 377 1070 nationibus
390 1044 499 1078 populo,
516 1045 746 1078 quemadmodum
764 1045 899 1073 Jercmias
914 1047 981 1074 dicit
995 1056 1001 1074 :

220 1086 234 1115 «⁷
250 1088 320 1116 Ecce
333 1090 390 1116 dies
408 1089 531 1121 veniunt.
561 1094 589 1117 et
612 1089 708 1117 feriam
737 1098 799 1118 cum
827 1092 910 1119 domo
935 1091 1004 1119 Juda

218 1135 308 1161 medus
323 1142 437 1167 novum,
456 1142 510 1162 non
527 1136 677 1171 secundum
695 1142 806 1171 pactum
830 1138 902 1171 quod
917 1138 1005 1173 pepigi

217 1188 280 1207 cum
301 1181 425 1215 patrihus
448 1188 543 1208 eorum
569 1181 596 1208 in
617 1182 713 1209 diebus
729 1183 755 1209 in
778 1183 877 1217 quibus
904 1191 1004 1218 appre-

216 1225 355 1252 hendente
371 1233 413 1252 me
434 1233 544 1253 manum
561 1234 669 1258 eorum,
685 1227 767 1254 eduxi
793 1228 854 1256 illos
876 1229 910 1256 de
932 1233 1004 1256 terra

215 1269 335 1304 Egypti.
354 1279 363 1295 ι
381 1269 428 1297 Vel
446 1271 528 1305 igitur
553 1271 646 1299 dicant
671 1279 732 1306 qua!
759 1273 801 1300 lex
824 1273 887 1300 dala
909 1274 943 1301 sit
969 1281 1003 1301 ex

217 1314 294 1345 Sion,
308 1314 351 1341 'vel
367 1322 465 1341 novam
481 1323 496 1342 a
518 1316 629 1343 Christo
645 1317 843 1351 legislalionem
859 1318 1003 1353 recipiant.

217 1359 282 1386 Post
301 1360 375 1386 enim
400 1361 629 1387 resurrectionem
656 1362 714 1396 ejus
741 1370 756 1389 a
771 1363 895 1396 mortuis,
911 1371 1007 1398 quem-

216 1405 362 1432 admodum
400 1406 540 1439 prophetaz
575 1407 781 1441 praedixerant,
805 1409 931 1436 ascendit
967 1410 1001 1437 ad

216 1448 311 1481 cmlos,
321 1453 348 1475 et
364 1448 493 1480 intonuit.
506 1451 557 1477 hoc
571 1454 625 1483 est,
637 1451 726 1486 ipsum
737 1453 787 1479 hoc
795 1452 899 1481 Novum
910 1454 1004 1482 Testa-

218 1498 341 1537 mentum
359 1501 408 1527 per
430 1495 542 1522 omnino
568 1500 691 1522 sanctum
719 1495 849 1531 Spiritum
871 1499 1000 1534 elargitus
1015 1512 1035 1541 ο

216 1543 269 1566 est.
286 1531 384 1565 verum
397 1539 463 1566 mihi
481 1540 560 1572 dicis,
578 1541 649 1574 quod
661 1543 684 1568 si
700 1542 746 1569 Dei
763 1542 847 1570 Filius
860 1531 1002 1577 erae-vere

215 1583 297 1610 etiam
317 1584 449 1611 surrexit.
467 1583 521 1612 Sed
539 1585 621 1617 audi;
638 1587 661 1613 si
677 1586 731 1614 hoc
745 1586 850 1615 factum
861 1588 922 1621 fuit,
935 1597 1001 1616 con-

216 1627 293 1654 tiuuo
306 1627 439 1655 debueras
454 1629 589 1656 credere?
605 1630 733 1658 Profecto
761 1639 834 1665 non;
863 1634 909 1667 qui
927 1635 1000 1661 enim

213 1672 250 1699 iis
278 1680 338 1707 quae
364 1679 559 1707 prmcesserant
588 1682 644 1702 non
668 1677 793 1708 credidit.
816 1685 905 1712 neque
926 1679 1000 1706 illius

213 1719 409 1746 resurrectioni
421 1720 584 1751 crediderit.
595 1727 624 1747 et
635 1721 659 1747 si
677 1721 705 1748 in
719 1728 866 1757 conspectu
878 1724 999 1750 omnium

211 1761 312 1788 factum
330 1761 354 1788 id
366 1762 410 1790 sit.
423 1762 520 1790 Nonne
530 1764 621 1791 vidisti
635 1764 997 1800 Lazarumhquatriduanum

213 1812 228 1830 a
246 1805 360 1832 mortuis
378 1808 591 1841 resurgentem?
605 1807 748 1840 Quomodo
766 1818 819 1837 non
842 1811 1000 1839 credidisti?

212 1849 282 1881 Quid
309 1850 360 1877 hoc
384 1850 589 1884 incredibilius,
615 1853 700 1880 solem
730 1855 861 1882 cruciﬂxo
890 1856 999 1884 Christo

212 1894 421 1922 ubtenebratum
449 1897 530 1923 esse?
546 1896 617 1929 Quid
633 1898 737 1932 majus,
757 1905 880 1928 mortuos
911 1909 999 1929 resur-

212 1939 326 1971 rexisse,
342 1944 434 1974 petras
450 1941 549 1968 scissas
564 1949 636 1974 esse,
650 1947 679 1970 et
694 1944 782 1978 ipsum
799 1946 891 1980 templi
908 1947 996 1974 velum

211 1983 239 2010 in
254 1983 322 2010 duas
333 1989 425 2018 partes
440 1985 557 2014 divisum
573 1987 654 2014 esse?
665 1987 762 2016 Nonne
778 1991 898 2018 omnium
916 1992 998 2019 mira-

211 2028 347 2060 culorum,
365 2036 401 2056 ne
415 2029 475 2064 ipsa
499 2031 611 2065 quidem
638 2038 753 2067 excepta
787 2036 996 2070 resurrectione,

211 2074 269 2101 haec
294 2078 359 2101 sunt
389 2075 508 2103 maxime
534 2077 691 2104 mirabilia?
722 2079 865 2111 Quomodo
897 2081 995 2109 horum

210 2119 350 2154 signorum
364 2125 504 2154 spectator
532 2121 621 2150 laetus
649 2132 705 2151 non
734 2126 896 2153 credidisti?
926 2127 996 2155 Vere

1054 225 1115 259 χίας
1131 225 1334 260 προαναφωνῶν
1353 225 1446 260 ἔλεγεν
1456 234 1464 242 ·
1480 235 1489 251 ι
1504 226 1560 253 Οὐκ
1583 227 1640 254 ἐστι
1667 237 1712 263 μοι
1727 230 1759 255 ἐν
1771 231 1836 265 ὑμῖν

1054 269 1169 304 θέλημα,
1187 270 1262 304 λέγει
1276 271 1290 297 6
1305 270 1416 306 Κύριος,
1433 273 1480 298 καὶ
1498 272 1592 299 θυσίαν
1606 274 1636 300 οὐ
1654 275 1836 310 προσδέξομαι

1054 314 1085 340 ὲκ
1097 315 1152 340 τῶν
1166 315 1265 349 χειρῶν
1274 315 1367 350 ὑμῶν,
1390 316 1457 342 διότι
1472 317 1520 343 ἀπ’
1540 318 1678 344 ἀνατολῶν
1699 320 1775 354 ἡλίου
1790 322 1836 347 καὶ

1053 360 1105 392 ἕως
1117 361 1228 395 δυσμῶν
1241 362 1272 387 et
1286 362 1371 397 ὄνομά
1388 370 1439 396 μου
1451 363 1606 395 δεδόξασται
1622 366 1651 391 ἐν
1663 367 1719 397 τοῖς
1735 366 1836 399 ἔθνεσι,

1054 406 1102 432 καὶ
1115 407 1143 432 ὲν
1155 407 1237 434 παντὶ
1250 407 1325 442 τόπῳ
1339 407 1466 442 θυμίαμα
1481 409 1650 443 προσάγεται
1666 411 1704 445 τῷ
1723 411 1836 447 ὀνόματί

1055 459 1118 485 μου,
1134 453 1181 478 καὶ
1199 452 1279 479 θυσία
1295 454 1403 488 καθαρά
1414 462 1420 469 ·
1438 454 1515 488 ὑμεῖς
1528 455 1557 481 δὲ
1574 455 1719 491 βεϐηλοῦτε
1737 458 1832 485 actia

1060 496 1183 530 Ἐγένετο
1206 498 1304 530 ταῦτα.
1330 499 1346 533 ἢ
1370 499 1418 531 ob;
1439 500 1644 537 Προσάγεταιή
1668 503 1836 537 ἀναίμακτος

1054 543 1101 568 καὶ
1115 542 1224 576 καθαρὰ
1234 543 1316 570 θυσία
1329 544 1368 579 τῷ
1383 544 1441 579 Θεῷ
1454 546 1482 570 ἑν
1497 547 1579 572 παντὶ
1591 547 1665 580 τόπῳ
1675 548 1729 574 τῶν
1739 549 1834 582 ἐθνῶν,

1053 587 1068 620 ἢ
1084 587 1129 620 οῦ;
1146 587 1200 614 Καὶ
1215 587 1240 613 τί
1254 588 1339 615 πολλὰ
1353 585 1462 623 λέγεινς
1483 591 1677 626 Ἀκουσώμεθα
1693 595 1834 628 προφήτου

1053 632 1100 658 τοῦ
1119 633 1244 666 λέγοντος
1255 643 1262 649 ·
1281 644 1290 660 ι
1301 635 1348 661 Ἐκ
1361 635 1431 662 Σιὼν
1443 636 1613 668 ἐξελεύσεται
1624 639 1715 672 νόμος,
1729 641 1776 666 καὶ
1791 640 1835 666 λά-

1053 683 1099 708 To;
1113 677 1215 712 Κυρίου
1241 677 1270 711 ἐξ
1289 678 1480 715 Ἰερουσαλὴμ)
1508 681 1555 708 καὶ
1571 684 1661 717 κρινεῖ
1682 684 1735 710 ἀνὰ
1753 688 1836 719 μέσον

1053 721 1149 756 ἐθνῶν,
1162 723 1210 749 καὶ
1225 724 1360 758 ἐξελέγξει
1378 725 1440 752 λαὸν
1464 727 1559 754 πολύν.
1580 735 1590 753 1
1613 728 1715 756 Ειπατε
1730 728 1778 757 οὖν
1792 732 1835 763 τίς

1052 767 1167 799 ἐξελθὼν
1183 770 1263 804 νόμος
1281 771 1312 796 ὲκ
1328 771 1407 802 Σιὼν,
1433 773 1480 799 καὶ
1501 773 1574 805 τινες
1597 775 1621 801 οε
1644 775 1739 803 τοῦτον
1756 777 1836 810 δεξὰ-

1054 821 1146 846 μενοι;
1163 814 1273 846 Πάντως
1289 815 1322 842 τὰ
1336 816 1400 851 ἔθνη
1413 825 1421 832 ·
1437 818 1506 845 αὐτὰ
1521 819 1568 846 καὶ
1589 821 1643 856 γὰρ
1663 821 1836 858 ἡλέγχθησαν

1052 858 1147 893 ὥσπερ
1159 859 1209 894 τὴν
1224 860 1316 887 πίστιν
1328 861 1505 897 πλανώμενα,
1523 866 1570 892 καὶ
1587 865 1631 892 τὸν
1651 867 1697 892 τοῦ
1715 868 1835 902 Χριστοῦ

1050 904 1131 938 νόμον
1160 905 1295 938 ἐδέξαντο,
1321 907 1335 932 δ
1363 907 1449 935 ἔδωκε
1465 909 1516 943 μὲν
1534 911 1563 937 tv
1586 911 1764 948 Ἰερουσαλὴμ
1780 916 1836 946 τοῖς
1862 910 1865 911 ν

1051 949 1196 984 μαθηταῖς,
1213 950 1247 976 δι’
1261 951 1351 978 αὐτῶν
1364 953 1393 978 δὲ
1407 954 1455 980 καὶ
1469 955 1536 981 πᾶσι
1549 957 1606 987 τοῖς
1623 957 1736 985 ἔθνεσιν.
1755 967 1765 984 t
1788 959 1836 986 Ἐκ

1051 994 1119 1020 Σιὼν
1134 994 1304 1027 ἐξελεύσεται
1319 995 1333 1023 6
1354 998 1437 1032 νόμος
1448 1007 1455 1014 ·
1470 1008 1480 1024 ι
1503 1000 1556 1026 ἔδει
1570 1002 1624 1037 γὰρ
1643 1003 1682 1036 τῷ
1697 1003 1726 1035 ἐξ
1750 1004 1836 1030 ὲθνῶν

1051 1039 1138 1072 καινῷ
1153 1039 1209 1074 λαῷ
1222 1040 1269 1066 καὶ
1282 1041 1364 1075 νόμον
1384 1042 1496 1084 δοθῆναι
1520 1045 1623 1079 καινὸν,
1645 1047 1736 1079 καθὼς
1754 1049 1838 1084 Ἰερε‹

1053 1084 1118 1118 μίας
1131 1085 1231 1119 φησίν·
1253 1095 1262 1111 ι
1282 1085 1347 1113 Ἰδοὺ
1369 1081 1473 1123 ἡμέραι
1493 1090 1629 1125 ἔρχονται,
1647 1094 1692 1120 καὶ
1707 1081 1838 1130 διαθήσο-

1053 1138 1102 1164 μαι
1119 1130 1158 1165 τῷ
1177 1130 1244 1165 οἴκῳ
1265 1131 1350 1158 Ἰούδα
1365 1133 1499 1169 διαθήκην
1520 1137 1626 1170 καινὴν,
1649 1138 1679 1163 οὐ
1701 1138 1773 1165 κατὰ
1788 1139 1838 1174 τὴν

1051 1175 1187 1210 διαθήκην
1200 1176 1236 1211 ὴν
1248 1176 1377 1212 διεθέμην
1399 1180 1455 1211 τοῖς
1473 1181 1608 1216 πατράσιν
1623 1183 1712 1209 αὐτῶν
1725 1184 1754 1210 ὲν
1769 1185 1837 1218 ὴμέ-

1052 1230 1113 1256 ραις
1130 1222 1331 1258 ὲπιλαδομένου
1349 1232 1400 1258 μου
1416 1225 1466 1259 τῆς
1485 1226 1578 1261 χειρὸς
1601 1228 1701 1262 αὐτῶν,
1728 1231 1775 1256 καὶ
1792 1231 1837 1263 ἐξ·

1051 1268 1164 1303 αγαγὼν
1179 1269 1277 1301 αὐτοὺς
1290 1270 1322 1296 ὲκ
1335 1270 1386 1305 γῆς
1400 1271 1552 1305 Αἰγύπτου.
1565 1282 1574 1298 ι
1592 1274 1627 1300 Ἢ
1639 1274 1706 1306 γοῦν
1719 1275 1833 1303 εἰπάτω)

1055 1321 1106 1340 σαν
1122 1314 1163 1345 τις
1176 1316 1190 1340 6
1206 1314 1287 1350 νόμος
1301 1317 1315 1342 6
1327 1315 1415 1348 δοθεὶς
1431 1318 1462 1344 ἐκ
1484 1318 1564 1351 Σιὼν,
1578 1319 1595 1354 ἤ
1611 1319 1660 1354 τὴν
1677 1321 1774 1355 καινὴν
1787 1322 1838 1348 τοῦ

1052 1359 1172 1395 Χριστοῦ
1190 1361 1352 1396 νομοθεσίαν
1365 1363 1616 1398 καταδεχέσθωσαν.
1632 1366 1709 1393 Μετὰ
1723 1367 1776 1401 γὰρ
1788 1368 1837 1403 τὴν

1052 1406 1084 1431 ὲκ
1098 1405 1205 1439 νεκρῶν
1217 1406 1300 1433 αὑτοῦ
1318 1407 1438 1443 ἔγερσιν,
1454 1408 1544 1440 καθὼς
1555 1410 1579 1436 οἱ
1593 1412 1731 1446 προφῆται
1745 1415 1837 1447 προείυ

1054 1458 1115 1482 πον,
1132 1451 1215 1486 ἀνέὸη
1232 1451 1273 1483 εῑς
1289 1452 1422 1487 οὐρανοὺς
1443 1454 1491 1480 καὶ
1506 1454 1664 1490 ἐϐρόντησε,
1676 1456 1750 1482 τοῦτ’
1763 1457 1837 1484 ἐστιν

1054 1490 1139 1530 αὐτὴν
1151 1495 1253 1531 ταύτην
1268 1497 1318 1532 τὴν
1341 1498 1405 1524 νέαν
1426 1498 1561 1534 διαθήκην
1576 1500 1619 1527 διὰ
1636 1502 1683 1528 τοῦ
1699 1504 1836 1536 παναγίου

1053 1535 1211 1577 Πνεῦματος
1238 1544 1419 1579 ἐχορήγησεν.
1441 1546 1522 1587 me
1543 1547 1633 1582 λέγεις
1658 1558 1714 1584 μοι,
1743 1535 1785 1578 ὅτι
1811 1553 1838 1579 τί

1051 1588 1117 1614 Θεοῦ
1133 1588 1198 1619 Υἱὸς
1218 1587 1262 1624 ἦν,
1288 1590 1337 1616 καὶ
1363 1590 1472 1624 ἀληθῶς
1487 1593 1596 1628 ἀνέστη.
1615 1595 1669 1622 Καὶ
1689 1595 1771 1623 ἄκουε
1787 1605 1795 1612 ·
1811 1600 1837 1625 ει

1050 1632 1129 1658 τοῦτο
1142 1632 1260 1666 ἐγένετο,
1277 1633 1421 1661 πιστεῦσαι
1432 1633 1504 1670 εἶχες
1516 1644 1524 1669 ;
1540 1636 1652 1668 Πάντως
1662 1638 1722 1672 οὐχί
1733 1647 1740 1655 ·
1750 1639 1765 1664 6
1781 1641 1837 1676 γὰρ

1052 1677 1089 1712 μὴ
1104 1679 1159 1710 τοῖς
1174 1678 1340 1712 προλαϐοῦσι
1352 1680 1501 1713 πιστεύσας
1519 1682 1581 1709 οὐδὲ
1600 1685 1633 1719 τῇ
1651 1685 1755 1712 ἐκείνου
1769 1686 1838 1712 dva—

1051 1723 1144 1749 στάσει
1165 1723 1328 1750 ἐπίστευσεν
1358 1726 1391 1752 ἂν
1407 1727 1453 1753 καὶ
1476 1728 1500 1753 εί
1516 1728 1632 1755 ἐνώπιον
1648 1731 1759 1758 πάντων
1772 1732 1838 1766 £76-

1050 1777 1118 1795 νετο.
1134 1769 1189 1796 Οὐκ
1205 1768 1280 1801 οἶδας
1295 1770 1340 1796 τὸν
1349 1770 1475 1807 Λάζαρον
1486 1773 1516 1798 ὲκ
1528 1773 1632 1808 νεκρῶν
1644 1777 1836 1812 τετραήμερον

1049 1813 1195 1850 ἐγερθέντα
1209 1823 1216 1848 ;
1232 1815 1292 1846 Πῶς
1312 1816 1361 1842 οὐκ
1373 1817 1536 1849 ἐπίστευσας
1548 1827 1556 1851 ;
1568 1819 1601 1845 Τί
1619 1821 1836 1858 παραδοξότερον

1048 1859 1095 1885 τοῦ
1110 1860 1156 1886 τὸν
1168 1860 1245 1895 ἥλιον
1260 1861 1437 1897 σκοτισθῆναι
1465 1866 1668 1900 σταυρουμένου
1692 1868 1834 1902 λριστοῦῖ

1048 1905 1081 1931 Τί
1097 1905 1190 1940 μεῖζον
1204 1906 1265 1938 τοὺς
1279 1908 1393 1943 νεκροὺς
1415 1908 1572 1943 ἐγερθῆναι,
1592 1912 1696 1946 πέτρας
1717 1913 1835 1948 extolli}-

1048 1958 1102 1982 ναι,
1120 1951 1167 1978 καὶ
1177 1951 1243 1978 αὐτὸ
1253 1952 1436 1988 διαρραγῆναι
1447 1955 1477 1981 τδ
1488 1956 1535 1982 τοῦ
1546 1956 1609 1982 ναοῦ
1618 1958 1832 1993 καμταπέτασμας

1047 1995 1085 2022 Οὐ
1103 1995 1211 2023 πάντων
1227 1996 1385 2032 θαυμάτων,
1412 2000 1459 2026 καὶ
1483 2001 1567 2036 αὐτῆς
1588 2002 1621 2037 δὴ
1643 1989 1692 2037 ⁴ἑῆς
1715 2004 1835 2031 ἀναστά-

1049 2050 1126 2073 σεως,
1143 2043 1228 2069 ταῦτα
1245 2044 1458 2081 θαυμασιώτερα
1473 2055 1480 2079 ;
1496 2048 1557 2079 Πῶς
1569 2048 1696 2076 τοιούτων
1710 2051 1834 2084 τεράτων

1047 2087 1146 2122 θεατὴς
1160 2089 1279 2122 γεγονὼς
1296 2090 1345 2116 οὐκ
1361 2091 1523 2124 ἐπίστευσας
1536 2102 1543 2126 ;
1563 2094 1669 2126 Ὄντως
1684 2096 1834 2131 πεπλήρω-

1045 2143 1091 2160 ται
1108 2135 1139 2161 τδ
1151 2135 1199 2161 τοῦ
1222 2135 1331 2163 Ἡσαΐου
1345 2146 1353 2153 ·
1371 2147 1381 2163 ι
1403 2138 1434 2164 Ἦ
1451 2139 1549 2174 καρδία
1564 2141 1653 2167 αὐτῶν
1668 2141 1810 2177 ἐπαχύνθη
1823 2151 1830 2158 ·

209 2164 388 2198 adimpletum
404 2170 446 2192 est
460 2166 534 2200 quod
556 2167 642 2195 Isaias
673 2169 762 2196 dixit:
792 2179 801 2195 ι
818 2170 873 2198 Cor
898 2179 993 2199 eorum

1051 2176 1105 2206 ὧτα
1118 2180 1221 2214 έχουσι,
1241 2182 1288 2208 καὶ
1309 2183 1360 2209 οὐκ
1375 2164 1520 2212 ἀκούουσιν
1531 2193 1539 2201 ·
1557 2164 1787 2221 ὀφθαλμοὺς,Λκαὶ
1800 2164 1831 2215 ἑο

210 2208 408 2243 impinguatum
422 2215 465 2238 est
480 2219 487 2236 :
508 2219 591 2239 aures
608 2210 720 2246 habent,
739 2219 766 2241 et
784 2223 839 2242 non
861 2217 993 2251 audiunt;

211 2254 313 2282 habent
326 2255 433 2288 oculos,
449 2261 476 2284 et
499 2265 554 2284 non
576 2258 679 2286 vident.
699 2269 708 2285 ι
728 2261 765 2288 De
793 2264 996 2291 resurrectione

209 2300 318 2333 quidem
331 2306 500 2330 mortuorum
519 2311 580 2337 qua:
594 2305 694 2333 Christi
709 2306 863 2336 Senatoris
873 2313 995 2344 tempOre

210 2345 336 2381 conligit,
352 2354 366 2372 a
382 2347 555 2376 divinissimo
570 2351 703 2385 propheta
719 2352 821 2380 dictmn
838 2360 896 2382 est:
910 2364 919 2380 ι
939 2356 994 2382 Cu-

209 2391 280 2417 rubit
295 2395 322 2418 et
349 2393 456 2420 sanabit
468 2401 518 2421 nos
536 2401 598 2429 post
625 2397 692 2424 duos
720 2398 796 2431 dies;
817 2399 843 2426 in
863 2400 907 2427 die
930 2409 994 2428 vero

211 2437 290 2473 tertia
304 2438 493 2471 suscitabitur,
508 2446 536 2467 et
548 2441 672 2470 vivemus
688 2443 716 2469 in
731 2450 883 2479 conspectu
893 2446 964 2480 ejus.
981 2456 990 2471 ι

247 2479 345 2507 Verum
363 2483 503 2511 eiiimvero
518 2490 546 2511 et
562 2485 612 2513 hoc
636 2489 776 2520 protendis
794 2490 860 2516 mihi
876 2479 970 2517 dicens
984 2499 992 2518 :

209 2525 279 2558 Quid
295 2526 338 2554 hic
356 2529 440 2555 novi?
456 2529 484 2556 Si
512 2536 600 2558 vester
620 2533 663 2559 hic
682 2534 807 2562 Christus
829 2536 904 2571 signa
931 2545 992 2564 cuin

210 2571 308 2598 fecerit
329 2574 458 2608 populum
473 2583 527 2602 non
545 2584 657 2610 parvum
676 2578 703 2604 in
719 2586 839 2606 errorem
864 2581 992 2616 impulit?

209 2615 279 2644 Ecce
307 2619 380 2645 enim
414 2625 442 2647 et
471 2621 654 2649 Maomethum
681 2624 757 2659 signa
787 2626 871 2653 multa
894 2627 992 2655 fecisse

208 2663 350 2696 discimus,
366 2671 449 2700 atque
479 2667 541 2694 inde
557 2676 611 2695 non
627 2677 741 2703 parvum
758 2672 888 2705 populum
913 2673 994 2700 dccc-

176 2722 185 2727 -
208 2708 291 2741 pisse.
307 2709 334 2735 Si
357 2710 439 2745 igitur
456 2711 583 2740 Christus
596 2719 638 2741 est
655 2714 728 2742 Deus
745 2721 856 2750 propter
868 2717 946 2752 signa
959 2719 992 2745 ab

207 2761 240 2778 co
261 2760 375 2788 patrata.
394 2756 466 2784 Deus
479 2758 573 2785 eodem
589 2767 703 2793 prorsus
719 2761 798 2788 modo
814 2763 866 2789 erit
877 2768 903 2790 et
919 2764 993 2791 Μαο-

209 2800 326 2827 mellina.
358 2802 411 2829 Sed
441 2804 696 2836 au=!i,-Maomclhi
727 2809 819 2842 signa,
849 2811 989 2838 munifesla

1047 2225 1187 2263 βλέπουσι.
1205 2235 1214 2252 ι
1239 2227 1307 2262 Περὶ
1329 2228 1422 2262 μέντοι
1437 2230 1488 2263 τῆς
1502 2231 1572 2257 κατὰ
1591 2231 1619 2258 τὺ
1635 2233 1768 2268 σωτήριον
1783 2235 1832 2261 τοῦ

1046 2269 1164 2303 Χριστοῦ
1176 2270 1319 2305 ’ἐγέρσεως
1332 2273 1387 2300 τῶν
1411 2275 1515 2309 νεκρῶν
1541 2276 1580 2311 τῷ
1604 2277 1736 2312 θειοτάτῳ
1763 2288 1834 2313 προ-

1046 2313 1118 2349 φήτῃ
1138 2313 1246 2349 εἴρηται
1261 2323 1268 2330 '
1288 2325 1298 2341 ι
1313 2317 1438 2344 Μοτώσει
1454 2320 1502 2346 καὶ
1528 2320 1635 2353 ὑγιάσει
1661 2323 1735 2357 ἡμᾶς
1759 2326 1832 2357 μετὰ

1045 2358 1091 2384 δύο
1106 2360 1212 2392 ἡμέρας
1228 2367 1234 2375 ·
1253 2361 1282 2386 ἓν
1303 2361 1331 2387 δὲ
1354 2363 1388 2396 τῇ
1413 2363 1504 2399 ἡμέρᾳ
1525 2366 1559 2399 τῇ
1580 2366 1656 2401 τρίτῃ
1682 2367 1831 2404 ἐξαναστη-

1047 2404 1160 2438 σόμεθα,
1176 2405 1221 2431 καὶ
1237 2406 1375 2442 ζησόμεθα
1391 2409 1508 2436 ἐνώπιον
1527 2411 1620 2439 αὑτοῦ.
1639 2421 1649 2437 ι

1086 2493 1156 2520 ’Δλλ“
1170 2495 1209 2521 ἔτι
1228 2497 1274 2522 καὶ
1289 2497 1366 2524 τοῦτο
1387 2501 1539 2533 προ-κείναις
1556 2511 1603 2536 μοι
1617 2503 1705 2536 λέγων
1716 2512 1725 2519 '
1741 2505 1782 2531 ὅτι
1795 2506 1829 2531 Τί

1044 2541 1154 2572 καινόν;
1171 2540 1201 2567 El
1214 2543 1228 2567 6
1241 2543 1355 2576 Χριστὸς
1369 2545 1471 2577 ἐκεῖνος
1482 2548 1581 2581 σημεῖα
1594 2549 1753 2583 πεποιηκὼς
1764 2551 1830 2578 λαὸν

1044 2587 1093 2611 οὐκ
1106 2586 1195 2620 ὀλίγον
1211 2588 1384 2622 ὲπλάνησεν;
1410 2591 1474 2617 Ἰδοὺ
1500 2593 1554 2626 γὰρ
1574 2595 1621 2620 καὶ
1636 2596 1681 2620 τὸν
1703 2595 1827 2630 Μωάμεθ

1045 2633 1146 2665 σημεῖα
1162 2632 1248 2658 πολλὰ
1267 2635 1449 2674 πεποιηκέναι
1471 2639 1655 2674 μανθάνομεν,
1679 2640 1828 2667 κάντεῦθεν

1043 2677 1093 2703 οὐκ
1110 2677 1201 2712 ὀλίγον
1225 2669 1429 2715 πεπλανηκέναι
1442 2669 1515 2710 λαόν.
1540 2684 1570 2710 Ei
1586 2669 1633 2711 οὖν
1649 2669 1747 2721 ’Θεὸςιό
1761 2687 1827 2721 Χρι-

1045 2723 1107 2754 στός
1132 2724 1190 2749 ἐστι
1213 2724 1258 2751 διὰ
1283 2725 1318 2751 τὰ
1343 2727 1408 2760 παρ’
1431 2727 1513 2753 αὑτοῦ
1530 2728 1691 2755 τελεσθέντα
1713 2717 1826 2764 έημεία,

1043 2767 1111 2800 Θεὸς
1136 2767 1189 2802 ἄρα
1211 2768 1249 2803 τῷ
1272 2771 1365 2804 τρόπῳ
1388 2771 1474 2805 τούτῳ
1496 2773 1544 2798 καὶ
1566 2773 1581 2797 6
1608 2774 1742 2808 Μωάμιθ.
1772 2775 1829 2801 Καὶ

1044 2812 1136 2844 ἄκουε,
1163 2815 1196 2839 τὰ
1218 2815 1264 2840 τοῦ
1288 2816 1411 2850 Μωςὶμεθ
1433 2818 1448 2850 ἡ
1476 2817 1563 2852 πλάνη
1588 2819 1738 2854 καθέστηκα
1756 2828 1823 2854 7:90-
