1954 3068
121 165 174 198 885

792 174 972 204 EPISTULA
996 175 1071 207 XIV.

1684 184 1736 216 886

121 220 245 256 ἀπῆλθον
258 222 473 257 ἀποδιδράσκων,
490 226 601 253 κᾶκεῖσε
626 219 772 264 ἠγαγόμην
787 229 888 263 ἁλλόφυ

956 238 1030 263 nam.
1050 231 1085 258 ita
1106 237 1133 259 et
1149 232 1193 260 ille
1209 240 1223 260 a
1239 234 1439 263 contribulibus
1455 236 1581 270 rejeetus.
1599 238 1630 266 ad
1654 238 1734 265 aliam

119 267 177 301 λον,
191 268 263 294 οὕτω
287 270 414 301 κάκεῖνος
446 271 500 298 τῶν
525 273 671 307 ὁμοφύλων
699 275 902 309 ἀποπεμφθεὶς,

121 312 189 349 πρδς
202 312 414 348 ᾶλλογενήματα
429 315 552 350 βήσεται,
568 319 617 352 τὴν
644 318 672 350 ἐξ
687 318 772 345 ἐθνῶν
799 319 902 355 δηλαδὴ

119 357 279 393 ἐκκλησίαν.
296 359 363 391 «Ὧς
375 361 455 392 ἐμέ.)
473 361 579 396 Ὥσπερ
605 364 660 397 ἐγὼ
678 365 753 399 παρὰ
767 367 813 392 τοῦ
833 367 902 392 Θεοῦ

119 403 275 440 ἀπεστάλην
290 405 336 431 ἐπὶ
352 406 398 432 τὸν
421 407 485 442 λαδν
518 409 567 434 ἀπ’
584 410 723 442 Αἰγύπτου
751 410 901 445 ἐξελέσθαι,

120 447 192 474 οὕτω
206 450 331 486 κάκεῖνος
346 451 421 486 παρὰ
437 453 485 487 τοῦ
512 454 614 481 οἰκείου
644 455 760 490 Πατρδς.
796 457 838 482 ἵνα
856 457 901 483 τὸν

121 496 224 528 κόσμον
236 496 312 532 ἐξέλῃ
327 498 377 532 τῆς
395 499 565 534 κατεχούσης
585 501 668 526 αὑτὸν
697 501 900 536 ζοφερᾶςπλᾶ-

119 549 167 575 νης
183 542 230 567 κα)¹
245 541 391 576 ἁμαρτίας.
421 553 432 570 ι
454 545 498 576 Ὠς
525 546 585 580 ἐμέ.
606 555 615 572 ι
633 547 740 582 ’Ὠσπερ
770 548 826 581 ἐγὼ
854 548 900 575 διὰ

118 586 168 619 τῆς
181 587 237 613 τῶν
248 588 349 622 χειρῶν
363 590 500 622 ἐκτάσεως
523 592 724 627 ἐτροπωσάμην
750 593 796 620 τὸν
817 593 901 628 Ἅμα·

117 631 179 666 λὴκ,
195 631 265 659 οὕτω
281 633 406 665 κάκεῖνος
421 635 470 666 τὰς
486 638 580 670 χεῖρας
601 635 722 669 ἐκτείνας
754 638 800 664 ἐπὶ
819 647 900 665 σταυ-

120 676 165 711 ροῦ
180 677 224 702 τὸν
239 677 333 712 νοητὸν
343 678 479 713 τροπώσει
495 679 541 706 τὸν
561 681 697 715 Ἀμαλήκ.
718 690 728 707 ‹
739 681 746 690 '
756 681 791 712 Ως
807 681 868 716 ἐμὲ.
886 691 895 707 ι

119 723 224 758 Ὠσπερ
235 723 288 761 γὰρ
298 724 363 758 ἐγὼ,
375 724 417 751 ἕνα
431 725 468 761 μὴ
477 725 548 759 λέγω
563 726 596 752 τὰ
609 726 668 752 καθ’
683 726 809 761 ἕκαστον,
820 735 899 761 νομο-

118 768 198 804 θέτης
211 770 276 796 λαοῦ
289 771 335 797 καὶ
343 771 435 804 ἄρχων
443 772 617 807 κεχειροτόνη
623 781 682 806 μαι,
692 772 763 798 οὓτω
771 774 898 805 κακεῖνος

116 815 265 848 νομοθέτης
279 816 336 846 νέος
352 816 512 851 ὀφθήσεται,
530 825 540 842 ι
558 817 614 843 Καὶ
630 817 717 848 ἔσται,
734 818 808 844 πᾶσα
823 818 897 855 ψυχὴ

115 859 173 894 ῆτις
191 859 241 885 οὐκ
255 861 444 894 εισακούσεται
457 861 551 894 αὑτοῦ,
565 861 831 897 ὲξολοθρευθήσεται.
849 873 858 889 ι

954 281 1062 316 gentem
1084 277 1242 311 descendet,
1268 280 1301 306 ad
1320 284 1420 307 emtum
1442 282 1547 309 scilicet
1561 290 1593 309 ex
1608 284 1734 318 gentibus

953 322 1092 349 coalitum.
1114 332 1123 348 ι
1141 323 1175 350 Ut
1199 332 1254 351 me.
1269 334 1279 350 ι
1307 326 1539 358 Quemadmodum
1567 336 1616 362 ego
1637 336 1650 354 a
1681 330 1734 355 lleo

953 366 1051 393 missus
1077 375 1137 394 sum
1155 373 1186 395 ut
1211 370 1342 404 populum
1359 371 1392 397 ab
1413 370 1530 406 Egypto
1557 373 1732 403 viu’icarem.

952 411 991 438 sic
1007 416 1034 438 et
1057 413 1102 439 ille
1120 414 1153 440 ab
1171 415 1293 448 ejusdem
1317 420 1420 443 natura;
1445 417 1523 443 Patre
1549 418 1684 446 mittetur.
1705 422 1733 444 ut

952 458 1082 484 mundum
1106 463 1184 486 eruat
1206 468 1220 486 a
1238 460 1387 494 coliginoso
1405 469 1458 496 quo
1474 462 1612 494 detinetur
1640 471 1732 489 errore

952 505 978 527 et
989 506 1111 536 peccato.
1134 512 1143 528 (
1162 503 1195 530 Ut
1220 512 1273 532 me.
1295 513 1303 529 ι
1329 505 1563 537 Quemadmodum
1586 507 1658 533 enim
1682 515 1732 541 ego

950 545 1101 574 elevatione
1117 555 1244 575 manuum
1267 549 1334 584 fuga:
1358 550 1420 577 dedi
1442 551 1561 584 Amalec,
1579 552 1618 578 sic
1632 556 1660 579 et
1688 552 1732 579 ille

950 598 1047 620 manus
1069 593 1220 620 extendens
1251 594 1278 620 in
1309 602 1391 623 cruce
1423 596 1593 634 spiritualem
1620 597 1730 624 Amalec

950 636 1100 664 subvertet.
1136 647 1145 662 ‹
1161 637 1197 664 Ut
1218 646 1270 666 me.
1288 639 1547 677 {Quemadmodum
1569 641 1642 668 enim
1660 649 1729 676 ego.

949 688 984 707 ne
1003 683 1104 715 quaevis
1129 683 1266 718 sigillatim
1285 692 1459 720 percurram.
1484 686 1622 721 legislator
1638 688 1729 721 populi

949 730 976 753 et
991 726 1043 753 dux
1065 727 1223 762 designatus
1240 729 1296 761 fui.
1315 731 1352 757 ita
1375 735 1404 757 et
1425 731 1470 757 ille
1489 739 1576 758 novus
1593 732 1731 766 lcgislator

948 773 1099 805 apparebit.
1122 783 1131 799 ι
1145 774 1178 801 Et
1195 775 1283 802 omnis
1298 775 1388 802 anima
1413 783 1473 810 quae
1489 777 1575 811 ipsum
1603 785 1655 804 non
1681 785 1730 805 au-

949 816 1039 849 dierit.
1062 816 1271 852 disperde-tur.»
1307 853 1315 857 η
1553 814 1560 818 ’

150 904 205 931 Καὶ
219 905 304 931 ταῦτα
325 905 373 940 μὲν
389 906 484 932 τοῦτον
496 905 552 941 ἔχει
569 907 616 940 τὸν
629 895 740 945 apd-nov;
759 908 796 934 Σὺ
812 907 834 933 δ’
853 908 888 934 ἔτι

980 901 1013 928 Ει
1032 902 1088 930 haec
1112 903 1221 938 quidem
1247 904 1283 931 ita
1308 911 1338 932 se
1362 905 1473 934 habent.
1492 906 1531 934 Tu
1559 914 1624 934 vero
1641 907 1728 935 adhuc

112 950 284 981 ἀντιπίπτεις
293 951 339 977 ἐπὶ
353 952 386 986 τῇ
403 951 525 987 ἀληθείᾳ,
536 953 604 983 ,ταῖς
617 953 819 987 παραγραφαῖς
844 961 892 980 σου

113 996 233 1032 θαρρεῖς,
249 997 294 1023 ἐπὶ
309 999 354 1024 τὸν
367 998 412 1024 τοῦ
426 998 505 1032 Ναυῆ
527 998 632 1033 Ἰησοῦν
646 1000 750 1033 ταύτην
767 1000 892 1035 ὲπανάγῃ

111 1042 162 1077 τὴν
187 1044 365 1077 προφητείαν.
399 1044 517 1080 Δέχομαι
534 1045 583 1078 τὴν
612 1045 801 1080 παραγραφὴν
832 1053 890 1072 σου.

113 1088 167 1114 Ποῦ
184 1088 212 1114 δὲ
224 1087 344 1122 θήσομεν
356 1088 386 1115 τὸ
397 1089 445 1114 τοῦ
464 1089 587 1122 Ἡσαΐου,
612 1088 752 1123 τρισάθλιε
787 1089 819 1115 σὺ
844 1090 892 1115 καὶ

111 1134 287 1168 ταλαίπωρες
304 1133 368 1171 Ἆρ’
384 1135 505 1169 ἰσχύσεις
527 1137 573 1162 καὶ
602 1135 651 1170 τὴν
671 1127 754 1162 αὐτοῦ
781 1143 891 1170 προφη-

110 1180 184 1206 τείαν
199 1180 418 1215 ἔκκροὺσασθαις
436 1180 546 1212 Πάντως
562 1180 633 1216 οὐχί.
663 1181 744 1214 Λέγει
774 1182 829 1215 γὰρ
858 1180 891 1206 δι’

110 1226 192 1252 αὐτοῦ
209 1226 276 1261 πρὸς
292 1227 337 1253 τὸν
358 1225 466 1261 Ἰσραὴλ
478 1228 491 1252 ὁ
506 1226 584 1255 Θεός·
605 1235 615 1252 ‹
638 1226 728 1261 ’Υμᾶς
741 1227 790 1261 μὲν
804 1226 891 1252 ἅνελῶ

110 1271 142 1305 τῇ
160 1270 281 1305 μαχαίρᾳ
300 1279 361 1305 μου,
377 1272 432 1301 τοῖς
446 1270 473 1297 δὲ
489 1270 644 1297 δουλεύουσί
674 1279 720 1306 μοι
742 1271 891 1306 ἐπικληθῆ-

110 1323 187 1342 σεται
203 1316 288 1350 ὄνομα
303 1316 332 1342 τὸ
347 1316 450 1343 καινόν.
467 1325 476 1342 ι
491 1316 523 1342 Τί
534 1316 641 1350 λέγειςς
673 1317 790 1343 Ἀνεῖλεν
806 1317 888 1351 ὑμᾶς,

109 1361 220 1396 ἦοὺχίς
246 1361 424 1388 Δουλεῡουσιν
437 1362 526 1397 ἕτεροι
554 1362 594 1397 τῷ
618 1362 689 1397 Θεῷ,
715 1362 800 1397 ﬂeo;
829 1363 889 1389 Κᾶν

110 1409 142 1434 σὺ
163 1408 200 1443 μὴ
212 1408 365 1443 ὁμολογεῖς.
381 1408 439 1434 ἁλλ’
452 1408 518 1435 αὐτὸ
533 1408 563 1434 τὸ
579 1409 671 1435 καινὸν
685 1408 770 1443 ὄνομα
791 1409 889 1444 τρανό-

106 1460 186 1488 τερον
199 1453 349 1488 σάλπιγγος
364 1453 424 1489 βοᾷ,
453 1454 499 1481 καὶ⁸
513 1454 743 1490 διαμαρτύρεται.
774 1455 809 1480 'H
822 1453 888 1488 γοῦν

109 1499 201 1525 καινὸν
213 1499 300 1531 δεῖξον
316 1499 409 1533 ἓτερον
425 1499 521 1533 ὄνομα,
539 1499 556 1534 ἢ
585 1499 615 1526 τὸ
631 1499 684 1525 τῶν
715 1497 888 1534 Χριστιανῶν

107 1545 153 1571 καὶ
176 1545 250 1571 ἄκων
282 1545 441 1577 κατὰδεξαι.
468 1545 522 1572 Τοῦ
537 1546 591 1580 γὰρ
620 1545 765 1578 ἐπωνύμου
791 1545 886 1572 τούτου

106 1591 262 1626 καινότερον
276 1591 324 1625 οὐχ
341 1591 472 1626 εὖροιτις
499 1591 542 1619 ἄν.
571 1591 602 1618 Εἰ
629 1591 657 1617 δὲ
686 1591 771 1618 ταῦτα
800 1590 887 1622 οὕτως

107 1637 172 1672 ἔχει,
190 1637 232 1663 ἵνα
247 1637 273 1663 τί
288 1638 334 1662 καὶ
350 1637 434 1663 εἰσέτι
451 1637 630 1671 ita-ratiis“;
647 1636 708 1663 Ἵνα
723 1636 750 1662 τί
763 1636 810 1663 καὶ
825 1645 887 1663 και-

107 1684 251 1717 ροσκοπεϊς
261 1683 307 1708 ἐπὶ
323 1684 422 1714 κενοῖς,
437 1683 484 1714 καὶ
502 1684 583 1709 αὐτὸν
608 1683 708 1718 ἐκδέχῃ
732 1683 777 1709 τὸν
791 1683 886 1717 ὴλειμ-

107 1728 196 1762 μένον,
213 1727 279 1762 μηδὲ
294 1728 384 1758 τοῦτο,
402 1727 454 1754 κᾶν
469 1728 595 1760 ὲννοῆσαι
617 1728 747 1763 δυνηθῇς,
773 1728 814 1759 τίς
829 1735 858 1753 τε
872 1727 887 1753 ὁ

105 1773 269 1807 ὴλειμμένολς
281 1772 348 1803 ἐστὶ,
361 1773 409 1799 καὶ
426 1773 509 1798 πόθεν
531 1772 605 1807 αὐτῷ
635 1773 748 1807 συσταίη
775 1773 810 1799 τὰ
837 1773 886 1807 τῆς

104 1817 248 1852 γενέσεως.
272 1818 351 1844 Ἀλλὰ
366 1818 444 1852 ψιλὸς
458 1818 622 1854 ἄνθρωπος;
637 1820 694 1846 Καὶ
712 1819 766 1854 μὴν
779 1820 803 1846 οἱ
815 1827 885 1854 προ-

105 1862 189 1898 φῆται
203 1864 241 1898 τῷ
255 1864 396 1898 ἐρχομένῳ
413 1865 515 1899 σημεῖα
532 1864 659 1899 θεότητος
679 1864 885 1897 προστιθέασιν.

110 1911 192 1937 Ἀλλὰ
209 1909 407 1945 θεάνθρωποςῖ
425 1911 478 1936 Καὶ
491 1910 517 1936 τί
533 1911 586 1946 χρὴ
611 1911 659 1937 καὶ
679 1910 788 1944 λέγειν;
819 1910 885 1938 Ἰδοὺ

104 1956 157 1990 γὰρ
170 1956 264 1991 ἕτερον
277 1955 403 1989 θεότητος
419 1956 566 1989 πρόσωπον
578 1956 718 1982 λανθάνων
732 1957 884 1991 ὁμολογεῖς·

52 2003 54 2006 ’
104 2002 142 2036 μὴ
158 2001 213 2036 γὰρ
233 2001 279 2027 τὸν
297 2001 404 2034 πατέρα
435 2001 507 2035 ἔχεις
528 2001 630 2033 εἰπεῖν,
646 2001 693 2028 καὶ
721 2001 808 2028 ταῦτα
836 1999 885 2026 τοῦ

103 2049 243 2083 προφήτου
259 2048 394 2082 λέγοντος·
412 2056 422 2072 ί
439 2048 548 2074 Παιδίον
573 2048 708 2083 ἐγεννήθη
730 2049 809 2083 ἡμῖν,
828 2048 885 2079 υίὸς

103 2096 151 2122 καὶ
175 2094 253 2128 ἐδόθη
271 2095 346 2128 ἡμῖν.
363 2103 373 2119 ι
399 2093 462 2127 Ὀψέ
480 2102 546 2120 ποτε
573 2094 619 2120 τὸν
638 2094 687 2120 τοῦ
722 2094 886 2129 γράμματος

944 947 1076 975 ohuiteris
1090 954 1184 976 contra
1211 950 1363 983 veritatem,
1392 951 1419 978 in
1441 953 1647 980 commentariis
1673 954 1727 981 luis

943 991 1070 1023 confidis.
1086 997 1113 1019 et
1131 994 1163 1020 ad
1189 991 1283 1021 Jesum
1308 995 1384 1022 Nave
1408 996 1539 1023 transfers
1564 996 1635 1024 hanc
1663 1004 1727 1031 pro-

944 1034 1074 1068 phetiam.
1103 1035 1334 1064 Commentariun“
1360 1042 1434 1067 tuum
1463 1046 1518 1066 non
1547 1047 1646 1072 renuo;
1679 1040 1726 1068 sed

941 1077 1078 1111 quomodo
1102 1079 1168 1111 illud
1194 1079 1270 1113 Isaia:
1295 1074 1505 1117 explicabimus,
1528 1089 1544 1109 ο
1572 1083 1726 1110 miserrime

941 1126 968 1149 et
981 1124 1152 1150 zerumnose?
1172 1122 1314 1152 Poterisne
1328 1129 1356 1151 et
1378 1125 1448 1152 hanc
1471 1126 1724 1160 ejus'prophetiam

941 1166 1092 1201 repellere?
1107 1166 1188 1194 Nullo
1207 1169 1289 1196 modo
1312 1173 1397 1197 certe.
1422 1170 1467 1197 Ait
1483 1171 1555 1197 enim
1581 1171 1651 1198 Dens
1676 1179 1742 1205 per.

941 1213 1089 1247 ipsum‘ad
1114 1212 1195 1249 lsrael
1211 1223 1218 1241 :
1237 1225 1246 1240 ‹
1262 1215 1391 1249 Auferam
1417 1216 1526 1250 quidem
1554 1224 1602 1243 vos
1627 1217 1724 1244 robore

940 1255 1019 1290 gladii
1037 1257 1101 1288 mei,
1122 1262 1150 1284 et
1168 1258 1214 1292 qui
1242 1257 1389 1287 famulatur
1414 1259 1493 1290 mihi.
1520 1260 1630 1286 nomine
1653 1268 1724 1291 novo

939 1300 1157 1335 compellabitur.
1175 1311 1184 1326 ι
1205 1301 1263 1334 Dic.
1276 1302 1367 1334 sodes,
1385 1303 1496 1330 sustulit
1510 1311 1568 1335 vos,
1588 1311 1622 1330 an
1649 1303 1724 1329 non?

940 1345 1117 1374 Famulantur
1131 1347 1186 1374 Deo
1214 1347 1270 1380 alii,
1295 1349 1408 1376 necne?
1431 1348 1488 1376 Hoc
1512 1349 1535 1376 si
1560 1353 1589 1375 tu
1613 1349 1723 1377 minime

938 1390 1103 1426 Confitearis,
1126 1391 1215 1425 ipsum
1241 1396 1332 1418 tamen
1358 1400 1458 1419 novum
1482 1401 1584 1420 nomen
1613 1397 1639 1420 ct
1666 1393 1724 1422 ela-.

939 1435 995 1462 rius
1010 1435 1074 1462 tuba
1099 1436 1208 1462 insonat
1234 1441 1262 1468 et
1284 1441 1464 1471 contestatur.
1487 1437 1537 1467 Vel
1554 1437 1635 1474 igitur
1650 1437 1722 1465 aliud

938 1486 1038 1506 novum
1053 1479 1156 1507 indices
1167 1487 1276 1516 nomen,
1289 1480 1331 1506 vel
1342 1481 1406 1507 illud
1417 1481 1631 1508 ChristianOrum
1642 1481 1722 1511 ctiam

939 1524 1042 1551 invitus
1065 1531 1262 1557 recognoscas;
1292 1525 1364 1552 haud
1388 1526 1440 1553 erit
1457 1527 1527 1553 enim
1549 1527 1594 1561 qui
1620 1519 1723 1561 cogno-

900 1563 921 1592 C
938 1574 1000 1593 men
1021 1566 1157 1594 invenerit
1174 1567 1226 1593 hoc
1242 1568 1389 1597 recentius.
1416 1569 1493 1601 Quod
1515 1569 1536 1595 si
1566 1569 1622 1595 haec
1637 1569 1672 1596 ita
1694 1576 1724 1595 se

938 1611 1049 1644 habent,
1065 1611 1163 1646 ecquid
1187 1612 1277 1639 adhuc
1294 1611 1416 1647 desipis?
1439 1612 1510 1646 Quid
1533 1613 1633 1640 frustra
1655 1618 1723 1639 tem-

939 1664 1007 1690 pora
1023 1656 1164 1691 expendis,
1183 1661 1210 1692 et
1236 1656 1325 1691 ipsum
1349 1662 1493 1692 exspectas
1520 1663 1643 1689 unctum,
1661 1665 1722 1684 cum

938 1709 1026 1736 neque
1035 1702 1097 1736 ipse
1112 1702 1199 1736 possis
1216 1702 1386 1737 dignoscere.
1414 1707 1441 1730 et
1469 1704 1529 1738 quis
1546 1703 1582 1730 sit
1597 1704 1655 1737 ipsc
1674 1711 1725 1729 un-

937 1751 1008 1777 ctus,
1023 1751 1051 1773 et
1065 1747 1137 1774 unde
1154 1746 1205 1781 ipsi
1230 1747 1265 1775 sit
1281 1747 1466 1782 generationis
1483 1747 1580 1782 origo?
1596 1747 1675 1774 Forte
1702 1747 1724 1774 is

936 1792 1027 1818 nudus
1042 1792 1143 1818 homo?
1158 1792 1285 1819 Attamen
1301 1796 1416 1819 venturo
1432 1792 1572 1826 prophetae
1594 1791 1724 1818 divinita-

937 1837 971 1863 tis
999 1836 1097 1863 indicia
1125 1837 1287 1864 tribuerunt.
1318 1836 1398 1863 Forte
1431 1836 1501 1863 Deus
1526 1837 1625 1863 homo?
1652 1836 1716 1870 quid

938 1881 1035 1917 plura?
1050 1882 1121 1909 Ecce
1145 1883 1217 1909 enim
1231 1882 1311 1909 aliam
1338 1882 1488 1909 divinitatis
1504 1889 1648 1917 personam
1672 1882 1722 1908 im-

936 1929 1056 1967 prudens
1089 1929 1245 1962 conliteris;
1275 1936 1328 1956 non
1356 1928 1430 1956 enim
1458 1933 1536 1963 potes
1562 1929 1652 1956 dicere
1676 1936 1723 1962 pa-

937 1979 1016 2005 trem,
1033 1981 1093 2000 cum
1111 1974 1242 2008 propheta
1253 1973 1325 2000 dicat
1339 1981 1345 2000 :
1358 1982 1367 1998 ε
1383 1973 1452 2000 Puer
1467 1977 1547 1999 natus
1570 1977 1611 1999 est
1629 1973 1719 2004 nobis,

937 2020 1008 2046 filius
1028 2019 1108 2046 datus
1124 2026 1166 2046 est
1181 2019 1271 2046 nobis.
1288 2028 1298 2044 ι
1323 2018 1443 2045 Tandem
1459 2018 1603 2052 aliquando
1627 2018 1733 2045 litteras

937 2071 1074 2090 racemum
1100 2064 1295 2098 exprimentes,
1319 2063 1403 2090 bibite
1429 2063 1522 2099 vinum
1541 2070 1587 2090 cor
1603 2063 1722 2091 hominis

938 2109 1151 2137 exhilarantem.

104 2141 201 2176 βότρυν
218 2140 407 2175 ἒκθλίψαντες.
426 2139 505 2166 πίετε
519 2139 592 2167 οῐνον
607 2140 755 2176 ἀνθρώπου
770 2141 886 2175 καρδίαν
929 2164 938 2173 ,

102 2188 297 2223 εὐφραίνοντα.

142 2235 223 2262 Ἀλλὰ
238 2236 292 2269 γάρ
309 2243 367 2267 πως
381 2234 422 2262 ἔτι
437 2234 508 2261 κατὰ
523 2235 572 2270 τῆς
600 2234 729 2269 ἀληθείας
762 2235 885 2269 φρονεῖς.

976 2239 1076 2269 Verum
1108 2240 1248 2272 enimvero
1271 2239 1461 2275 quoquomodo
1489 2243 1516 2267 et
1548 2238 1637 2266 adhuc
1654 2245 1721 2265 con-

100 2282 148 2309 καὶ
168 2282 218 2316 τὴν
241 2281 287 2308 τοῦ
309 2281 427 2316 Χριστοῦ
448 2281 601 2315 παρουσίαν
624 2280 702 2307 οὔπω
728 2280 886 2314 λέγειςιγε-

99 2327 202 2359 νέσθαι,
214 2327 264 2358 τὰς
280 2327 408 2362 ἀφορμὰς
422 2326 502 2361 δῆθεν
515 2327 547 2353 ὲκ
562 2325 610 2353 τοῦ
624 2325 738 2352 Ἡσαΐου
749 2326 886 2359 λέγοντοςι

102 2383 112 2400 ‹
133 2374 187 2400 Καὶ
212 2372 376 2408 συγκόψουσι
405 2373 466 2399 τότε
489 2372 538 2404 τὰς
566 2372 703 2407 μαχαίρας
734 2371 825 2398 αὐτῶν
846 2372 887 2402 είς

99 2419 213 2454 ἄροτρα,
231 2419 277 2445 καὶ
296 2419 344 2450 τὰς
370 2418 481 2450 ζιόύνας
507 2418 598 2444 αὐτῶν
624 2419 664 2449 εἰς
679 2418 801 2452 δρέπανα
814 2425 821 2432 ·
840 2417 886 2443 καὶ

98 2466 130 2492 οὐ
143 2465 259 2499 λήψεται
281 2464 357 2495 ἔθνος
386 2464 520 2494 ἐπ’ἐθνος
547 2464 697 2499 μάχαιραν,
720 2465 768 2490 καὶ
785 2463 816 2490 οὐ
845 2463 883 2498 μὴ

99 2511 221 2548 μάθωσιν
236 2511 428 2547 ἐτιπολεμεϊν.
452 2521 462 2536 ι
487 2510 547 2536 ’Ὶνα
563 2509 589 2535 τί
605 2511 668 2540 τοῦς
692 2509 790 2540 ἄλλους
816 2517 883 2543 προ-

98 2558 187 2592 φήτας
202 2557 282 2592 ἀφεὶς
294 2558 358 2588 τοὺς
371 2556 577 2590 λαμπροτέρους
590 2555 718 2589 κήρυκας
744 2556 793 2581 τοῦ
808 2554 878 2589 Χρι-

98 2604 233 2638 στοῦ,καὶ
249 2603 297 2638 τῆς
312 2603 463 2638 παρουσίας
492 2601 586 2632 αὑτοῦ.
615 2601 647 2628 τὺ
675 2601 723 2627 τοῦ
764 2601 878 2628 Ἦσαϊου

97 2649 176 2676 τοῦτο
188 2649 270 2684 ῥητὸν
296 2648 372 2681 ὅλαις
393 2649 521 2683 κατέχεις
550 2649 638 2682 χερσὶ,
666 2648 714 2676 καὶ
739 2647 876 2681 πανταχοῦ

97 2694 251 2729 περιάγεις,
282 2695 330 2722 καὶ
354 2694 444 2729 ψυχὰς
473 2691 672 2727 ἀπειροκάλους
695 2692 875 2727 ,ᾃιαστρὲφειν

132 2771 188 2808 (9.3)
197 2772 304 2808 iMerito
318 2780 383 2799 sane
399 2771 494 2806 Glyeas
507 2775 598 2799 noster
613 2771 722 2808 Iudaeos
731 2771 775 2798 hic
787 2771 875 2805 arguit

96 2807 169 2843 quod
192 2807 348 2843 Scripturas
371 2808 554 2841 distorqueant
582 2815 637 2843 pro
655 2807 750 2843 libitu;
778 2811 873 2843 contra

96 2841 205 2870 omnem
232 2842 372 2869 veritatem
395 2843 496 2869 etenim
516 2842 713 2876 apertissimam
742 2842 811 2867 hanc
841 2841 873 2866 de

97 2878 206 2906 Clu-isto
224 2877 393 2911 prophetiam
413 2878 557 2911 explicant,
575 2881 602 2903 et
615 2877 870 2910 reditum-ipsorum

940 2291 982 2314 tre
1004 2286 1145 2313 veritatem
1172 2285 1269 2316 sentis,
1291 2290 1319 2312 et
1343 2285 1480 2312 Christum
1498 2284 1618 2311 nondum
1638 2284 1721 2310 adve-

939 2333 1014 2369 nisse
1029 2331 1109 2362 dicis,
1133 2331 1287 2365 perfugium
1305 2331 1410 2358 scilicet
1439 2330 1584 2364 exquirens
1605 2337 1638 2357 ex
1653 2329 1721 2356 lsaia

938 2377 1069 2404 dicente:
1089 2385 1098 2402 ι
1113 2376 1144 2404 Et
1169 2380 1236 2403 tunc
1252 2375 1410 2403 conflabunt
1421 2375 1525 2410 gladios
1551 2383 1614 2402 suos
1630 2375 1656 2401 in
1676 2382 1723 2401 vo-

938 2428 1036 2452 meres.
1052 2425 1079 2448 et
1098 2420 1232 2448 venabula
1254 2427 1302 2447 sua
1318 2420 1345 2446 in
1372 2420 1465 2453 falces,
1481 2428 1531 2447 nec
1546 2413 1610 2455 gens
1624 2419 1723 2447 levabit

936 2467 1053 2503 gladium
1072 2467 1099 2493 in
1117 2470 1237 2502 gentem.
1264 2472 1353 2500 neque
1379 2465 1577 2492 exercebantur
1593 2465 1661 2492 ultra
1687 2465 1720 2492 ad

935 2511 1067 2545 praelium.
1083 2519 1092 2534 ι
1128 2509 1181 2537 Sed
1212 2509 1276 2544 quid
1299 2509 1367 2536 alios
1384 2509 1548 2544 prophetas.
1579 2509 1625 2543 qui
1644 2509 1722 2536 lucu-

934 2557 1034 2584 lentius
1046 2555 1241 2582 annuntiarunt
1252 2555 1285 2582 de
1296 2554 1404 2582 Christo
1418 2555 1506 2590 deque
1519 2555 1578 2589 ejus
1593 2554 1720 2586 adventu.

932 2601 1068 2636 rejiciens,
1077 2601 1128 2629 hoc
1142 2601 1218 2636 Isaia!
1231 2599 1338 2628 eli'atum
1351 2606 1463 2635 utraque
1482 2600 1654 2635 amplecteris
1664 2607 1723 2626 ma-

930 2655 978 2680 nu.
999 2652 1025 2675 et
1041 2654 1204 2683 quocunque
1219 2646 1390 2677 circumfers.
1406 2651 1434 2674 et
1458 2646 1597 2681 imperitas
1616 2645 1719 2672 animas

932 2697 1086 2728 pervertere
1108 2691 1249 2720 contendis
1273 2690 1349 2726 (25)?
1366 2690 1482 2718 Advenit
1505 2696 1568 2718 vere
1595 2690 1721 2717 Christus

928 2779 960 2798 ex
986 2770 1123 2805 Babylone
1141 2771 1174 2797 ab
1203 2771 1272 2798 Isaia
1299 2770 1342 2797 his
1361 2768 1452 2805 verbis
1478 2767 1585 2805 prmdici
1611 2773 1717 2805 putantx

928 2806 994 2832 falso
1010 2803 1119 2837 tamen;
1138 2807 1252 2838 Πόλεμοι
1275 2805 1338 2838 γὰρ,
1354 2805 1392 2831 ait
1409 2803 1611 2835 Theodoretus,
1634 2803 1719 2830 ἐπάλ-

927 2841 1002 2874 ληλοι
1014 2839 1082 2874 ἦσαν
1096 2842 1166 2867 κατὰ
1177 2841 1268 2866 πᾶσαν
1277 2841 1325 2872 τὴν
1333 2839 1556 2874 οἴκουμένηνιείς
1568 2839 1653 2864 πολλὰ
1664 2839 1714 2872 τῆς

927 2876 1063 2909 βασιλείας
1083 2876 1299 2909 μεμερισμένης,
1314 2875 1363 2911 καὶ
1377 2875 1431 2901 τῶν
1455 2873 1514 2900 κατ’
1531 2873 1607 2904 ἔθνος
1637 2874 1716 2906 βασι·
