1954 3068
226 98 278 129 399
864 96 1078 136 MJCHAELIS
1098 98 1229 129 GLYC‘E
1620 119 1623 125 -
1799 99 1843 131 900

228 164 305 185 mare
321 157 377 192 jam
393 164 448 185 non
463 165 522 185 esse
536 177 543 190 ,
565 157 639 185 nullo
654 158 744 192 modo,
761 162 791 186 ut
806 158 933 194 equidem
953 157 1015 185 arbi

1079 157 1190 193 τρόπον,
1214 158 1247 184 Εἰ
1266 158 1341 192 λέγει
1361 158 1409 193 μὲν
1428 158 1607 194 ἐρημωθῆναι
1630 158 1692 186 τότε
1715 157 1763 193 τὴν
1776 156 1845 184 6.60a-

231 207 305 238 tror,
333 206 499 241 discrepant.
521 205 599 239 Quod
636 205 659 233 si
685 206 720 233 ita
745 213 788 234 res
817 213 877 234 sese
905 205 1007 233 habent

1071 211 1136 234 νσον,
1150 202 1266 238 ξηρᾶναι
1292 202 1321 230 δὲ
1335 203 1367 229 τὸ
1390 203 1420 232 ὲν
1435 206 1569 239 ποταμοῖς
1585 204 1630 231 καὶ
1648 204 1755 238 λίμναις
1773 201 1844 237 ὕδωρ,

226 251 392 287 Scripturas
409 253 499 280 vereri
523 253 664 287 convenit,
685 261 736 281 nec
752 252 890 282 contraria
906 251 1015 286 scripto-

1077 248 1229 284 θαυμάζειν
1245 249 1295 277 οὐκ
1309 248 1433 283 εὔλογον,
1452 250 1509 284 εῐγε
1533 250 1578 278 καὶ
1594 252 1608 277 6
1623 249 1755 286 θεηγόρος
1771 248 1847 276 Ἰωάν-

229 297 306 326 ribus
324 299 411 326 sacris
426 299 536 335 opinari
552 300 696 328 debemus.
725 298 831 327 Sufﬁcit
853 298 927 326 enim
943 296 1015 325 disci

1075 304 1124 330 νης
1140 296 1169 322 ὲν
1185 297 1217 331 τῇ
1233 295 1421 330 ’Δποκιιλύψει
1438 296 1522 322 αὐτοῦ
1544 297 1591 323 καὶ¹
1614 297 1695 324 τοῦτό
1711 304 1777 330 φησι
1790 295 1847 329 πρὸς

228 344 304 380 pulo,
323 345 423 380 inquit,
441 351 470 373 ut
483 346 519 373 sit
535 346 606 375 sicut
620 346 762 382 magister.

1074 343 1130 373 τοῖς
1145 341 1247 375 ἄλλοις,
1271 343 1312 368 ὅτι
1330 341 1386 368 Καὶ
1403 342 1421 376 ή
1440 342 1581 370 θάλασσα
1609 343 1666 370 οὐκ
1697 342 1782 369 ἔστιν
1804 341 1849 368 ἔτι.

229 392 267 418 Τδ
282 391 336 427 γὰρ
363 392 544 428 ἐρημωθῆναι
559 393 621 419 τότε
650 392 700 428 τὴν
722 386 853 424 ἄϐυσσονς
872 390 920 418 καὶ
939 390 980 423 τδ.
1005 390 1042 419 ’Π
1073 389 1215 417 θάλασσα
1242 389 1298 414 οὐκ
1326 388 1414 415 ἐστιν
1438 388 1494 422 ἔτι,
1521 388 1583 416 κατ’
1599 389 1697 422 οὐδὲν,
1719 389 1756 420 ὡς
1772 385 1849 423 οἶμαι,

231 440 300 476 προς
317 440 421 475 ἄλληλα
449 441 635 477 διαφέρουσιν.
660 441 693 469 Et
711 440 740 467 δὲ
770 439 857 467 ταῦτα
879 439 967 473 οὕτως
992 440 1060 476 ἔχει,
1075 440 1110 466 τὰ.
1126 437 1308 473 γεγραμμένα
1333 437 1459 472 στέργειν
1471 436 1629 473 ὀφείλομεν,
1643 437 1693 465 καὶ
1710 438 1748 474 μὴ
1766 438 1852 465 τάναν-

230 486 275 513 τία
295 487 407 521 φρονεῖν
418 487 475 519 τοῖς
503 487 660 523 simam;
693 486 742 514 τοῦ
774 486 948 522 Πνεύματος.
972 486 1102 523 Ἀρκετδν
1133 484 1200 520 γὰρ,
1216 483 1295 519 φησῒ,
1312 484 1351 519 τῷ
1367 483 1487 519 μαθητῇ.
1500 483 1546 511 ἐὰν
1560 484 1597 517 ὡς
1612 486 1626 512 6
1641 484 1799 516 διδάσκαλος
1813 483 1854 510 αὖ.

230 535 278 562 τοῦ
290 536 414 570 γένηται.

497 606 666 634 EPISTOLA
684 607 756 635 XVI.

233 661 464 689 Venerandissimo
479 662 606 688 monac/to
619 660 714 687 domno
728 660 874 688 Cltart'toni.
883 674 915 680 —-
928 660 1022 689 Utrum

266 697 357 723 beatus
374 696 489 724 Joannes
512 695 672 731 evangelista
687 698 765 723 morti
788 696 955 728 concesserit,
968 696 1036 722 sive‘

266 740 328 759 non.

265 798 375 825 Minime
390 804 440 826 nos
461 796 530 831 fugit
552 796 625 832 quod
649 796 695 824 ille
718 796 764 831 qui
787 804 831 825 res
847 801 938 833 gestas
953 803 1021 831 apo.

230 845 361 873 stolorum
376 844 514 871 memoria;
528 842 682 876 mandavit,
705 847 732 871 et
748 842 805 878 ipse
818 850 932 879 magnus
947 842 1019 872 inter

233 895 365 927 martyres
385 889 719 926 llippolytus,evangelica
731 888 778 917 illa
790 889 884 921 verba,
900 893 929 916 ut
942 888 1018 917 vide-

232 942 286 968 tttr,
304 937 469 964 audiverunt
486 945 492 964 :
513 945 522 962 ι
541 934 640 965 Sieum
656 934 717 963 volo
727 942 838 963 manere
855 935 943 963 donec
959 935 1018 970 ipse

230 983 348 1016 veniam,
369 982 434 1018 quid
455 983 487 1010 ad
506 982 556 1010 te?
572 986 600 1010 tu
619 989 663 1010 me
677 988 807 1017 sequere;
828 990 838 1007 ι
856 980 927 1009 inter
943 981 1018 1009 vivos

231 1029 341 1056 beatunt
359 1027 494 1056 Joannem
511 1027 704 1063 evangelistam
720 1026 825 1056 versari
845 1026 995 1062 praedicant
1008 1046 1015 1060 ,

228 1074 374 1109 ipsumque
389 1073 501 1103 licnoch
527 1079 555 1103 et
579 1073 645 1102 Eliae
665 1073 836 1102 consociant.
860 1073 918 1101 Etsi
943 1073 1017 1101 enim

229 1120 314 1148 multa
330 1120 441 1155 quidem
461 1127 511 1147 nos
533 1124 717 1154 praetereant,
743 1124 865 1147 attamen
878 1126 963 1154 opera
983 1118 1018 1147 de

229 1167 289 1202 ipso
304 1175 317 1194 a
335 1167 403 1195 viris
416 1174 499 1201 supra
518 1166 600 1194 dictis
617 1166 789 1200 clucnbrata,
807 1170 835 1194 et
848 1165 939 1201 magni
953 1165 1018 1193 feci-

229 1221 290 1241 mus
304 1219 332 1241 et
348 1212 493 1242 didicimus
505 1222 512 1245 ;
524 1212 690 1248 proindeun
702 1212 859 1247 Scripturas
877 1212 1015 1246 venerari,

229 1266 317 1294 neque
339 1259 367 1286 in
387 1258 588 1287 controversias
612 1258 689 1285 abire
714 1257 846 1293 oportuit.
872 1257 940 1284 Cum
966 1265 1015 1285 au-

229 1311 282 1333 tem
297 1306 384 1333 sancti
400 1305 450 1332 viri
467 1304 540 1332 haud
566 1303 657 1341 pauci,
672 1303 723 1330 alia
748 1303 794 1330 alii
809 1303 843 1330 de
870 1303 913 1330 bis
935 1303 1017 1330 rebus

229 1351 389 1386 opinentur,
406 1350 503 1378 borum
519 1349 599 1378 etiam
615 1349 789 1377 sermonibus
804 1349 884 1377 ﬁdem
897 1354 923 1376 et
935 1349 1016 1376 obse-

228 1397 321 1432 quium
336 1399 466 1432 prazstare
479 1396 568 1427 decet,
589 1394 724 1430 siquidem
748 1394 834 1422 sacris
864 1394 1016 1422 canonibus

228 1442 417 1470 contradicere
433 1441 547 1469 omnino
560 1448 614 1471 non
627 1440 757 1468 valemus.
772 1438 838 1468 Nam
858 1441 880 1468 si
897 1440 1015 1475 plurium

1347 605 1520 631 ΕΠΙΣΤΟΛΗ
1537 605 1595 637 ις’.

1077 662 1119 695 Τῷ
1131 648 1294 724 τιμιωτάτέ
1323 662 1446 698 μοναχῷ
1471 662 1554 696 κυρῶ
1577 659 1856 695 Χαρίτωνα-Περι

1110 698 1249 724 male!”
1293 699 1322 724 ιὰ
1346 697 1476 724 θανάτου
1498 698 1585 724 τέλος
1603 699 1619 724 ὁ
1642 695 1856 724 eoa-rrthth

1110 695 1174 729 τοῦ,
1187 698 1249 725 εἴτε
1273 695 1330 724 8ιᾶ
1346 695 1476 724 θανᾶτου
1498 695 1585 730 τέλος
1603 699 1619 724 ὁ
1642 695 1856 731 εὐαγγελιστὴς

1109 732 1252 768 Ἰωάννης
1269 733 1406 765 ἐδέξατο,
1427 733 1488 759 εἴτε
1513 733 1562 759 καὶ
1586 732 1641 767 μή.

1109 800 1172 828 ὀτι
1183 801 1233 836 μὲν
1249 798 1296 828 οὖν
1313 801 1327 826 6
1342 800 1375 828 τὰ
1389 801 1443 827 τῶν
1457 800 1617 828 ἀποστόλων
1628 799 1857 836 συγγραψάμενος

1072 847 1274 883 ὑπομνήματα,
1300 847 1349 874 καὶ
1371 847 1452 879 αὐτὸς
1468 847 1481 872 6
1507 847 1537 873 ιν
1561 845 1682 882 μάρτυσι
1699 845 1788 881 μέγας
1809 845 1858 871 Ἰπ-

1072 893 1189 926 πόλυτος
1200 893 1255 920 τῶν
1268 892 1466 928 εὖαγγελικῶν,
1478 892 1516 923 ὡς
1532 892 1615 924 ἔοικε,
1632 891 1856 928 ῥημάτωννὰκού-

1073 946 1169 973 σαντες
1181 939 1236 967 τῶν
1257 937 1330 968 οὕτω
1353 937 1496 972 λεγόντων,
1514 937 1585 965 Ἐὰν
1601 937 1698 964 αὐτὸν
1720 937 1800 966 θέλω
1811 937 1857 972 μέ-

1072 991 1147 1016 νειν.
1162 983 1218 1017 ἕως
1235 983 1360 1018 ἔρχομαι
1373 1002 1380 1016 ,
1401 983 1430 1010 τι
1461 983 1535 1018 πρὸς
1560 982 1614 1015 σέ;
1634 983 1675 1010 Σὺ
1696 983 1858 1011 ἀκολούθει

1069 1038 1131 1064 μοι,
1146 1031 1174 1057 ὲν
1199 1030 1255 1061 τοῖς
1272 1029 1341 1062 ζῶσι
1357 1029 1483 1064 λέγουσιν
1500 1026 1571 1055 εἶναι
1593 1029 1638 1055 τὸν
1655 1028 1858 1064 εὖαγγελιστὴν

1071 1076 1119 1103 και
1137 1075 1209 1103 θεῖον
1233 1076 1361 1111 Ἰωάννην
1377 1075 1417 1110 τῷ
1435 1075 1521 1110 Ἐνὼχ
1533 1083 1562 1101 τε
1579 1075 1626 1102 καὶ
1646 1075 1727 1110 Ἦλίςι⁵
1744 1083 1857 1110 συναγε-

1071 1121 1212 1155 λάζεσθαι,
1229 1121 1290 1148 οὐδὲ
1309 1122 1377 1157 ἡμῖν
1399 1120 1509 1152 πάντως
1527 1121 1673 1155 ἠγνόηται.
1689 1121 1723 1148 Εἰ
1745 1121 1800 1155 γὰρ
1814 1121 1858 1147 καὶ

1071 1168 1189 1203 ἀμαθεῖς
1207 1168 1253 1194 ἐπὶ
1267 1167 1395 1194 τοσοῦτόν
1417 1168 1512 1201 ἐσμεν,
1530 1167 1588 1193 ἀλλ’
1604 1164 1651 1194 οὖν
1676 1167 1711 1196 τὰ
1730 1168 1788 1199 τοῖς
1801 1167 1857 1194 δια·

1070 1213 1213 1249 ληφθεῖσιν
1226 1213 1356 1248 ἀνδράσιν
1374 1212 1418 1240 ἐπ’
1433 1213 1509 1248 αὐτῷ
1523 1213 1610 1248 τούτῳ
1625 1213 1782 1248 πονηθέντα
1799 1222 1857 1240 συν-

1071 1258 1201 1293 τάγματα
1214 1258 1261 1284 καὶ
1276 1258 1393 1293 εὕρομεν
1413 1258 1467 1293 πρὸ
1485 1258 1595 1290 πολλοῦ,
1611 1259 1660 1285 καὶ
1687 1259 1856 1294 ἀνέγνωμεν.

1073 1304 1169 1332 Ἔνθεν
1184 1313 1226 1331 τοι
1242 1304 1292 1330 καὶ
1308 1304 1435 1338 στέργειν
1457 1304 1493 1330 τὰ
1509 1305 1690 1340 γεγραμμένα
1713 1305 1809 1340 ἐχρῆν,
1827 1306 1856 1331 οὗ

1071 1351 1125 1386 μὴν
1141 1350 1209 1382 ὅλως
1231 1349 1406 1377 ἀντιπίπτειν
1433 1350 1480 1376 ἐπὶ
1505 1351 1612 1382 τούτοις
1629 1351 1676 1378 καὶ
1704 1351 1856 1387 ἀντιμάχε‹

1072 1397 1146 1424 σθαι.
1165 1396 1236 1423 Ἀλλ’
1249 1395 1347 1431 ἐπειδὴ
1359 1397 1407 1422 καὶ
1422 1395 1535 1431 ἐτέρους
1550 1397 1604 1423 τῶν
1627 1396 1714 1431 ἁγίων
1735 1397 1785 1423 οὐκ
1803 1397 1856 1422 ὀλί-

1069 1451 1135 1477 γους
1156 1441 1261 1469 ἐκεῖθεν
1289 1442 1470 1474 ἀνθέλκοντας
1491 1442 1589 1477 ἔχομεν
1603 1460 1609 1472 ,
1625 1443 1673 1467 καὶ
1689 1442 1766 1477 ἕτερ’
1786 1443 1856 1469 ἄττα

228 1487 391 1515 sententiam
415 1486 563 1522 praevalere
582 1486 652 1514 sacri
676 1493 797 1513 canones
823 1485 975 1519 suadeant,
1000 1493 1014 1512 a

1070 1490 1136 1524 περὶ
1148 1489 1243 1518 τούτου
1262 1488 1495 1524 διαλαμϐάνοντας
1508 1508 1515 1521 ,
1532 1487 1581 1514 καὶ
1605 1489 1659 1519 τοῖς
1682 1488 1799 1515 ἐκείνων
1814 1490 1856 1516 λό-

228 1536 308 1563 nobis
326 1542 434 1570 quoque
458 1534 523 1562 illud
540 1534 628 1569 ipsum
646 1533 752 1561 admitti
768 1541 876 1568 aequum
893 1538 943 1561 est.
960 1533 1018 1561 Etsi

227 1583 300 1610 enim
319 1582 430 1610 divinus
445 1588 527 1616 supra
541 1580 630 1607 dictus
643 1579 806 1614 Hippolytus
823 1579 893 1606 inter
917 1579 1018 1609 Christi

228 1634 362 1665 martyres
391 1627 531 1660 enituerit,
552 1627 669 1661 indeque
692 1626 778 1661 ipsius
797 1633 879 1661 opera
901 1634 916 1654 a
939 1625 1019 1654 nobis

227 1675 308 1703 recoli
331 1681 444 1702 necesse
457 1673 503 1706 sit,
519 1680 574 1700 non
595 1672 696 1700 idcirco
717 1671 850 1706 sequitur,
865 1676 895 1699 ut
915 1673 942 1698 in
957 1679 1018 1699 om-

227 1721 307 1748 nibus
322 1720 365 1747 his
387 1720 411 1747 ei
430 1718 625 1751 assentiamur,
649 1718 676 1744 in
699 1717 794 1753 primis
818 1717 842 1745 si
863 1716 1035 1746 orthodoxo‘

211 1786 214 1787 ν
228 1768 356 1794 Ecclesiae
370 1766 462 1794 sensui
479 1770 627 1802 oppugnat.
644 1765 715 1792 Ecce
731 1764 804 1793 enim
817 1785 824 1798 ,
842 1764 915 1799 quod
936 1765 1016 1792 Anti-

226 1814 360 1841 cbristutn
382 1813 480 1844 illum,
510 1811 589 1846 cujus
616 1811 771 1844 adventus,
798 1811 877 1846 juxta
891 1810 1015 1845 Apostoli

226 1861 319 1892 verba,
340 1860 366 1887 in
379 1859 481 1886 virtute
497 1863 598 1885 satana:
614 1857 670 1889 ﬁet,
685 1864 748 1884 cum
764 1860 903 1892 potestate
917 1856 1013 1890 multa,

226 1912 253 1934 et
269 1906 353 1941 signis
365 1909 393 1932 et
406 1904 537 1940 prodigiis
561 1904 648 1936 falsis,
669 1903 807 1931 diabolum
835 1903 862 1930 in
887 1903 956 1930 libro
980 1903 1016 1931 de

227 1952 397 1980 Pcriectione
421 1956 561 1984 vocat;ac
573 1950 698 1986 proinde,
710 1957 743 1977 ex
767 1950 881 1978 muliere
912 1949 1015 1983 virgine

225 2003 323 2034 sponte
335 2002 416 2026 natus
427 2003 469 2025 est
481 1996 619 2030 Christus,
635 1996 672 2023 ita
683 2001 711 2024 et
723 1995 768 2023 ille
781 1995 868 2031 quoad
882 1997 1013 2030 speciem,

225 2048 252 2073 in
273 2045 375 2073 mundo
392 2045 473 2072 etiam
490 2044 629 2071 habitasse
645 2047 672 2071 et
687 2050 701 2069 a
727 2042 875 2078 semetipso
894 2047 958 2069 tunc
974 2041 1014 2069 si-

226 2093 278 2127 gna
302 2097 328 2120 ct
356 2091 477 2126 prodigia
501 2090 600 2117 fecisse
619 2089 695 2117 dicit.
713 2088 745 2117 Et
765 2089 829 2117 talia
852 2088 961 2123 quidem
980 2088 1013 2116 de

224 2138 330 2166 Joanne
355 2137 534 2172 evangelista,
548 2136 620 2170 quod
646 2135 703 2169 jam
733 2135 865 2167 diximus,
882 2134 948 2163 viris
967 2142 1013 2162 su-

224 2191 273 2218 pra
295 2183 378 2210 dictis
400 2182 518 2211 videtur.
540 2182 663 2209 Discrtus
678 2188 742 2209 vero
756 2180 878 2208 Joannes
896 2188 1012 2217 evange-

223 2230 306 2257 licum
323 2227 388 2256 illud
405 2228 518 2256 verbum
534 2234 617 2261 supra
644 2227 746 2254 dictum
761 2235 768 2254 :
785 2235 794 2252 ι
814 2225 842 2254 Si
863 2234 926 2254 eum
951 2226 1013 2254 volt)

221 2281 337 2303 manere
346 2274 432 2301 d0ncc
447 2273 564 2305 veniam,
576 2272 640 2307 quid
652 2273 684 2300 ad
699 2272 742 2300 te?
759 2276 786 2300 tu
806 2279 850 2301 me
865 2280 1009 2308 sequere,»

224 2329 275 2349 nec
286 2321 320 2348 de
335 2320 387 2347 vita
399 2328 448 2347 sua
458 2318 591 2346 intellexit
603 2326 653 2346 nec
663 2318 745 2354 hujus
756 2318 1010 2353 interpretationem

225 2369 252 2395 in
262 2367 315 2394 hoc
329 2373 413 2394 sensu
429 2365 503 2397 fecit,
516 2365 575 2397 sed,
587 2374 596 2391 ι
607 2365 646 2391 Τιι
663 2364 784 2400 quidem,
800 2364 891 2397 Petre,
907 2371 950 2392 me
966 2372 1011 2392 sc-

221 2420 319 2449 quere,
341 2422 350 2438 ι
368 2411 394 2440 id
409 2416 460 2444 est,
474 2410 547 2438 Vade
566 2411 687 2446 undique
704 2411 818 2443 docens,
831 2415 858 2438 ct
874 2418 889 2438 a
904 2410 1012 2438 Joanne

223 2459 352 2492 discede;
367 2460 426 2494 ipse
445 2466 509 2485 vero
528 2459 572 2485 hic
587 2462 705 2491 maneat,
728 2457 816 2484 donec
840 2457 935 2484 abiero
957 2456 1011 2484 Ro-

223 2514 304 2534 mana
320 2506 394 2545 virga
407 2505 583 2539 conti-ingens
597 2511 645 2531 eos
663 2503 709 2539 qui
735 2511 778 2531 me
802 2503 1008 2531 cruciﬁxcrunt.

223 2553 356 2580 Praeterea
372 2551 535 2579 Ammonius
556 2550 686 2578 sacerdos
708 2550 820 2577 verbum
841 2549 907 2576 illud
928 2556 1010 2576 evan-

221 2600 340 2636 gelicum
359 2598 528 2633 explanans,
546 2606 555 2623 ι
573 2597 602 2624 Si
617 2604 680 2624 eum
704 2596 766 2623 volo
782 2602 904 2628 manere,
921 2594 1009 2622 donec

221 2646 280 2680 ipse
301 2645 419 2678 veniam,
438 2653 447 2670 ι
467 2644 615 2679 longaevam
641 2641 756 2669 Joannis
778 2640 862 2668 vitam
887 2641 1010 2668 indicare

221 2691 300 2718 dicit.
318 2690 454 2725 Tempore
468 2689 544 2717 enim
557 2688 666 2723 Traiani
684 2687 787 2722 absque
797 2686 921 2713 cruciatu
937 2693 1010 2713 mor-

216 2742 284 2765 tuus
302 2741 354 2764 est.
380 2736 419 2764 Ad
445 2737 502 2763 haec
523 2735 605 2763 etiam
632 2734 708 2764 addit
725 2732 918 2771 Apollinarius,
936 2732 1009 2767 quod

220 2791 252 2809 ex
269 2783 425 2817 ignorantia
439 2782 538 2810 fratres
561 2781 625 2808 inde
648 2780 833 2810 deduxerunt,
857 2779 929 2814 quod
951 2787 1006 2806 non

220 2827 371 2855 moriturus
385 2832 436 2855 est.
456 2827 573 2865 Sanctus
593 2834 675 2863 porro
691 2826 807 2853 Joannes
822 2825 1006 2854 Dauiascenus

1071 1543 1130 1569 γοις
1145 1535 1175 1567 ἐξ
1199 1535 1323 1570 ἀνάγκης
1352 1534 1503 1568 πειθόμεθά
1530 1542 1562 1560 τε
1585 1534 1632 1561 καὶ
1650 1533 1855 1570 ὑποπιπτομεν,

1072 1581 1120 1608 άτε
1154 1581 1192 1617 μὴ
1229 1582 1285 1613 τοῖς
1311 1582 1393 1617 ἱεροῖς
1422 1580 1533 1608 κανόσιν
1568 1581 1761 1616 ἀντιπράττειν
1786 1582 1854 1614 ὅλως

1072 1628 1223 1662 ἰσχύοντες.
1244 1628 1276 1655 ΕΙ.
1296 1628 1350 1664 γὰρ
1370 1629 1419 1663 τὴν
1448 1627 1503 1654 τῶν
1529 1627 1661 1654 πλειόνων
1678 1628 1765 1662 ψῆφον
1784 1637 1852 1663 κρα-

1069 1676 1125 1701 τεῖν
1149 1674 1173 1701 οἱ
1197 1675 1263 1701 θεῖοι
1287 1675 1400 1704 κανόνες
1430 1673 1686 1708 παρακελεύονται,
1709 1673 1756 1699 καὶ
1775 1673 1848 1708 ἡμᾶς

1070 1721 1178 1752 πάντως
1195 1721 1262 1749 αὐτὸ
1285 1720 1365 1748 τοῦτο
1387 1720 1586 1755 καταδέχεσθαι
1614 1721 1726 1747 δίκαιον.
1743 1720 1773 1746 ΕΞ
1793 1720 1846 1755 γὰρ

1069 1767 1118 1794 καὶ
1132 1768 1146 1793 ὁ
1159 1766 1317 1802 διαληφθεὶς
1333 1766 1404 1797 θεῖος
1421 1766 1584 1798 Ἱππόλυτος
1608 1767 1636 1793 ἑν
1649 1767 1706 1798 τοῖς
1721 1765 1768 1792 τοῦ
1782 1766 1848 1801 Χρι-

1069 1813 1133 1840 στοῦ
1151 1813 1280 1848 διέπρεῲε
1297 1813 1429 1848 μάρτυσι,
1451 1812 1599 1840 κάντεῦθεν
1621 1812 1777 1846 ἐπάναγκες
1793 1813 1848 1843 τοῖς

1068 1859 1150 1887 αὑτοῦ
1176 1859 1347 1893 συντάγμασι
1369 1858 1569 1887 κατατίθεσθαι
1583 1867 1590 1874 ·
1604 1857 1662 1884 ἀλλ’
1677 1857 1725 1884 οὐκ
1746 1859 1850 1885 ἐπικλι-

1067 1908 1122 1937 vet;
1143 1906 1216 1940 ἡμᾶς
1240 1905 1286 1931 ἐπὶ
1315 1906 1383 1932 πᾶσ,
1397 1905 1504 1936 τούτοις
1526 1905 1670 1939 φαίνεσθαι
1693 1906 1776 1940 ἄξιον,
1792 1907 1849 1939 εἴγε

1067 1953 1114 1979 καὶ
1131 1952 1251 1987 μάλιστα
1266 1951 1306 1986 τῷ
1333 1951 1382 1986 τῆς
1398 1951 1566 1986 Ἐκκλησῐας
1592 1952 1758 1979 ἀντίκεινται
1772 1952 1850 1986 ὀρθο-

1066 1999 1132 2032 adeo
1147 1999 1312 2034 φρονήματι.
1327 1999 1398 2034 Ὅρα
1412 2000 1476 2033 γὰρ,
1489 1999 1530 2025 ὅτι
1542 1999 1590 2026 καὶ
1603 1999 1651 2026 τὸν
1664 1999 1850 2034 ’Δντίχριστον

1066 2044 1180 2076 ἐκεῖνον,
1201 2041 1232 2070 οὗ
1259 2044 1276 2079 ἡ
1303 2044 1441 2080 παρτυσία
1457 2043 1603 2079 γενήσεται
1632 2045 1692 2073 κατ’
1710 2045 1850 2079 ἐνέργειαν

1065 2091 1113 2118 τοῦ
1135 2091 1242 2118 Σατανᾶ
1271 2091 1299 2118 ὲν
1316 2091 1429 2125 δυνάμει
1460 2090 1545 2125 πολλῇ
1577 2091 1626 2118 καὶ
1651 2091 1778 2127 σημείοις
1805 2094 1851 2121 καὶ

1066 2137 1160 2171 τέρασι
1185 2136 1314 2171 ψεύδους,
1331 2136 1403 2164 καθά
1428 2145 1510 2170 φησιν
1540 2137 1554 2162 ὁ
1577 2135 1753 2170 Ἄπόστολος,
1770 2139 1850 2165 αὐτὶν

1065 2182 1135 2209 εἶναι
1157 2183 1230 2217 λέγει
1253 2182 1300 2210 τὸν
1322 2182 1445 2210 διάϐολον
1479 2184 1508 2210 ἐν
1531 2182 1571 2217 τῷ
1596 2183 1662 2217 περὶ
1693 2184 1850 2216 συντελείας

1065 2229 1136 2264 λόγῳ
1154 2229 1247 2257 αὐτοῦ’
1264 2228 1414 2255 κάντεῦθεν
1425 2228 1479 2255 ἀπὸ
1491 2222 1627 2264 παρθένου
1645 2230 1775 2263 γυναικὸς
1791 2239 1850 2265 γεν-

1063 2275 1176 2310 νηθῆναι
1194 2275 1256 2302 κατ’
1268 2275 1349 2302 αὐτὴν
1371 2274 1403 2310 δὴ
1423 2275 1468 2301 τὸν
1485 2275 1613 2310 Χριστὸν,
1632 2276 1678 2301 καὶ
1695 2275 1769 2302 οὕτω
1782 2277 1848 2303 κατά

1063 2319 1215 2355 φαντασίαν
1239 2319 1277 2354 τῷ
1308 2319 1402 2354 κόσμῳ
1426 2319 1665 2354 ὲμπεριπατῆσαι,
1683 2320 1730 2346 καὶ
1751 2323 1849 2356 σημεῖα

1062 2365 1097 2392 δι’
1117 2365 1214 2391 ἑαυτοῦ
1240 2365 1391 2400 τηνικαῦτα
1409 2365 1568 2391 ἐπιτελέσαι
1592 2366 1639 2392 καὶ
1665 2366 1784 2401 τέρατα.
1798 2368 1849 2394 Καὶ

1062 2411 1174 2438 τοιαῦτα
1188 2411 1237 2446 μὲν
1253 2411 1316 2445 περὶ
1330 2410 1376 2437 τοῦ
1398 2410 1594 2445 εὐαγγελιστοῦ
1613 2411 1738 2439 Ἰωάννου
1754 2432 1760 2444 ,
1774 2414 1848 2440 ὁποῖα

1062 2456 1094 2491 δὴ
1108 2457 1155 2483 καὶ
1175 2456 1328 2490 φθάσαντες
1353 2457 1479 2491 εἴπομεν,
1503 2457 1561 2488 τοῖς
1586 2456 1779 2491 διαληφθεῖσιν
1805 2459 1846 2486 άν-

1061 2503 1142 2537 δράσι
1168 2503 1261 2529 δοκεῖ·
1287 2503 1300 2529 6
1323 2503 1352 2529 δὲ
1369 2503 1574 2538 χρυσορρήμων
1589 2503 1720 2538 Ἰωάννης
1745 2505 1777 2531 τὸ
1792 2504 1847 2531 ’δια-

1061 2548 1165 2584 ληφθὲν
1187 2549 1290 2576 ἄνωθεν
1314 2549 1491 2584 εὐαγγελικδν
1508 2549 1591 2584 ρητὺν
1616 2550 1648 2576 τὸ
1665 2549 1746 2584 λέγον
1762 2570 1769 2583 ,
1781 2551 1846 2578 Ἐὰν·

1060 2595 1156 2622 αὐτὸν
1171 2594 1247 2623 θέλω
1266 2595 1372 2629 μένειν
1385 2616 1392 2628 ,
1408 2594 1463 2628 ἕως
1486 2595 1621 2630 ἔρχομαι,
1636 2595 1666 2622 τι
1690 2596 1768 2630 πρὸς
1792 2597 1845 2627 tri;

1061 2641 1102 2667 Σὺ
1120 2641 1281 2668 ἀκολούθει
1296 2649 1357 2675 μοι,
1381 2641 1410 2668 οὺ
1439 2642 1506 2677 περὶ
1530 2641 1604 2676 ζωῆς
1619 2641 1776 2676 ὲξελάῦετο,
1790 2643 1843 2671 οὐδὲ

1060 2688 1109 2723 τὴν
1135 2686 1217 2714 αὐτοῦ
1246 2687 1378 2723 ἐξήγησιν
1405 2688 1476 2714 κατά
1510 2696 1541 2722 γε
1569 2687 1691 2715 τοιοῦτον
1717 2687 1842 2724 λογισμὸν

1060 2733 1219 2768 ἐποιήσατο,
1232 2734 1313 2767 ἀλλὰ,
1324 2734 1366 2762 Σὺ
1375 2734 1443 2769 μὲν,
1463 2731 1486 2762 ὦ
1502 2734 1603 2769 Πέτρε.
1614 2734 1776 2764 ἀκολούθει
1785 2743 1838 2770 μοι.

1059 2780 1209 2812 τουτέστιν,
1226 2781 1337 2813 Ἔξελθε
1366 2781 1508 2816 πανταχοῦ
1537 2782 1690 2814 διδάσκων,
1723 2782 1773 2808 καὶ
1798 2779 1838 2806 τοῦ

1066 2827 1190 2853 Ἰωάννου
1219 2827 1412 2864 διαζεύχθητι·
1431 2829 1510 2859 αὐτὸς
1528 2828 1555 2854 δὲ
1580 2828 1685 2863 μενέτω
1718 2826 1837 2860 ἐνταῦθα,
