1954 3068
137 126 187 159 901

809 122 993 156 EPISTOLA
1014 125 1092 157 XVI.

1708 126 1763 155 ςιικ

137 187 218 221 ἄχρις
235 182 267 213 οὗ
287 185 435 222 ἐλεύσομαι
449 187 495 215 διὰ
506 188 556 224 τῆς
575 187 732 222 Ῥωμαῖκῆς
747 184 847 222 ρἀῗου
866 192 913 212 ιτα-

984 187 1008 210 ta
1025 183 1059 211 de
1083 191 1117 212 eo
1143 185 1284 220 loquitur:
1300 185 1439 212 Minentur
1460 182 1571 211 Henoch
1588 189 1617 210 et
1633 182 1718 215 Elius,
1738 189 1765 211 ιιι

137 233 227 266 τόξων
248 234 312 265 τοὺς
337 233 550 269 σταυρώσαντάς
577 243 622 270 με.
648 233 730 260 Ἀλλὰ
749 232 795 259 καὶ
824 231 838 258 ό
859 239 926 266 πρε-

140 279 271 315 σσύτιρος
281 278 440 314 ’Δμμώνιος
451 279 482 306 τὸ
492 278 618 306 τοιοῦτον
632 277 813 312 εὐαγγελικὺν
830 275 924 312 ῥητὸν,

137 326 178 359 τὸ,
198 326 266 353 Ἐ’ὰν
284 326 380 353 αὐτὸν
403 326 484 354 θέλω
512 325 632 360 μένειν,
654 324 709 357 ἕως
727 323 852 357 ἔρχομαι
867 341 875 354 ,
894 321 927 347 τὸ

141 372 292 407 μακρόϐιον
312 371 365 406 τῆς
387 370 472 398 αὑτοῦ
496 369 570 405 ζωῆς
590 369 717 396 ἐντεῦθεν
740 368 815 402 λέγει
842 365 927 393 αίνίτ-

140 419 246 446 τεσθαι.
270 418 315 444 Ἐν
338 417 394 452 γὰρ
417 418 474 449 τοῖς
502 416 609 452 χρόνοις
639 414 778 450 Τραίανοῦ
806 413 925 440 ἀπέθανε

140 464 277 499 τιμωρίας
291 463 369 490 ἄνευ.
395 462 467 497 Πρὸς
488 462 596 493 τούτοις
617 461 647 488 δὲ
670 461 718 487 καὶ
732 461 748 486 ὁ
761 457 925 485 ’Δπολλινά-

144 510 200 545 ριός
215 517 294 544 φησι,
314 510 356 536 ὅτι
373 508 403 541 ἐξ
417 509 532 542 ἀγνοίας
555 507 691 534 ὑπέλαϐον
708 506 732 532 οι
748 504 869 538 ἀδελφοὶ,
887 504 927 530 ὅτι

140 556 192 582 οὐκ
207 555 396 582 ἀποθανεῖται.
415 555 470 581 Καὶ
499 554 513 580 ὁ
538 554 566 580 ὲν
590 552 678 586 ἁγίοις
704 551 733 578 δὲ
764 551 892 584 Ἰωάννης
913 550 928 575 ό

141 600 325 636 Δαμασκηνὸς
340 601 387 627 καὶ
400 600 464 626 τάδε
485 599 548 634 περὶ
565 598 662 626 τούτου
682 597 776 633 φησὶν,
791 595 928 622 ’Δποστα-

141 648 256 683 λήσεται
272 646 360 681 Ἑνὼχ
392 645 493 681 δηλαδὴ
516 645 567 672 καὶ
579 643 673 676 Ἠλίας
688 663 696 676 ,
711 642 771 669 *καὶ
798 642 928 676 ἐπιστρέι

141 693 222 728 ψουσι
238 691 352 727 καρδίας
382 690 508 725 πατέρων
534 689 582 716 ἐπὶ
611 688 708 720 τέκνα,
737 686 785 714 καὶ
813 685 866 712 ὑπὸ
881 684 927 711 τοῦ

143 738 330 774 ’Δντιχρίστου
351 736 590 772 ἀναιρεθήσονται.
613 733 667 761 Τοῦ
692 733 786 768 μέντοι
808 732 926 766 εὐαγγε-

142 784 235 812 λιστοῦ
249 784 376 810 Ἰωάννου
393 781 521 817 οὐδαμῶς
539 779 716 816 μνημονεύει,
732 779 749 815 ἢ
774 778 840 813 γοῦν
864 779 929 804 ἑπε-

977 230 1060 257 corda
1077 234 1185 265 patrum
1201 230 1229 256 in
1245 230 1315 257 ﬁlios
1340 233 1512 261 convertent,
1523 233 1551 256 et
1567 228 1601 256 ab
1625 227 1765 256 Antichri-

976 279 1020 303 sto
1035 276 1174 310 peribunt.
1191 275 1372 311 Evangelistze
1404 280 1496 303 tamen
1522 274 1636 303 Joannis
1662 275 1765 302 nullam

977 317 1145 349 mentionem
1164 321 1245 355 facit;
1258 326 1305 348 attt
1320 321 1407 356 ipsius
1422 321 1506 357 igitur
1523 321 1625 348 oblitus
1637 325 1689 353 est,
1701 329 1765 348 cum

978 372 1084 396 tantum
1100 368 1213 396 Henoch
1240 373 1268 396 et
1293 367 1378 395 Eliam
1405 375 1575 395 memorasse
1598 367 1766 397 inveniatur.

979 413 1021 441 vel
1037 414 1128 448 ipsum
1144 412 1278 441 Joannem
1294 413 1364 442 vivis
1377 421 1432 441 non
1444 413 1620 440 adnumerat.
1635 413 1688 440 Sed
1708 421 1767 440 ma—

978 467 1048 494 gnus
1073 460 1212 495 apostolus
1234 459 1303 488 duos
1319 464 1405 488 testes
1429 459 1458 486 in
1475 459 1638 494 Apocalypsi
1663 459 1768 491 induci;

978 506 1024 541 qui
1045 506 1149 534 ultimis
1170 507 1268 535 diebus
1282 506 1486 541 prophetabunt
1514 510 1541 533 et
1566 506 1642 541 signa
1666 505 1768 533 facient

978 561 1028 588 per
1044 558 1098 581 tres
1113 561 1200 581 annos
1214 561 1245 580 ac
1261 553 1390 584 medium.
1406 552 1484 580 hisce
1499 552 1609 580 verbis:
1625 561 1635 578 ι
1651 551 1683 579 Ει
1698 552 1769 579 dabo

979 598 1088 626 duobus
1108 599 1223 626 testibus
1240 599 1320 630 meis.
1334 603 1361 626 et
1371 598 1574 632 prophetabunt
1588 597 1685 625 diebus
1697 598 1770 624 mille

979 644 1104 672 ducentis
1120 644 1271 679 sexaginta,
1287 643 1379 671 amicti
1393 644 1492 671 saccis.
1514 652 1523 669 ι
1543 642 1596 670 Per
1617 642 1669 670 hos
1686 647 1770 671 testes

979 689 1091 718 Henoch
1120 695 1147 718 et
1176 690 1262 718 Eliam
1293 691 1489 719 intellexerunt
1519 694 1770 721 commentatores.

979 736 1050 763 alius
1072 743 1141 764 vero
1153 736 1179 763 in
1197 735 1359 772 Apocalypsi
1375 743 1429 763 non
1449 735 1619 771 designatur.
1637 735 1670 762 Et
1689 735 1771 770 paulo

980 788 1041 817 post
1053 782 1138 815 addit,
1150 791 1159 808 ι
1171 782 1205 809 Et
1218 781 1403 809 inhabitantes
1411 786 1512 808 terram
1522 780 1679 816 gaudebunt
1689 788 1772 816 super

143 831 241 859 λάθετο
269 829 316 857 τοῦ
345 829 480 861 τοιούτου,
496 827 644 854 κάντεῦθεν
671 825 726 853 τῶν
757 825 806 852 δύο
838 823 927 859 μόνων

984 829 1043 856 illos
1070 828 1260 863 interemptos,
1277 832 1305 855 et
1319 835 1432 854 munera
1443 827 1495 855 sibi
1510 827 1620 854 mittent
1635 827 1770 854 invicem:

145 876 271 908 ικείνων,
282 874 369 910 Ἑνὼχ
390 874 491 908 δηλαδὴ
508 874 558 900 καὶ
579 870 862 906 Ἦλία,”μνημονεύων
885 870 931 896 εὑ-

147 923 282 958 ρίσκεται.
304 921 367 953 Τοῖς
391 919 475 952 ζῶσιν
499 920 550 946 οὐκ
575 916 647 953 εῖχεν
662 917 743 944 αὐτὸν
761 916 929 951 ἐναρίθμιον.

145 967 227 995 Ἀλλὰ
239 966 287 994 καὶ
301 964 382 996 αὐτὸς
406 965 420 990 ό
442 963 528 999 μέγας
543 962 694 994 ἀπόστολος
717 962 746 989 ὲν
763 962 796 997 τῇ
815 961 932 988 ’Δποκα-

146 1013 227 1049 mea
245 1013 330 1039 αὑτοῦ
349 1011 396 1038 δύο
417 1010 494 1042 τινὰς
508 1010 674 1045 παρεισάγει
690 1007 932 1044 προφητεύσυντας

147 1061 177 1088 ὲν
192 1059 323 1095 ἐσχάταις
341 1058 458 1093 ἡμέραις
480 1057 529 1083 καὶ
547 1057 649 1091 σημεία
664 1055 871 1086 ὲπιτελὲσοντας
884 1053 933 1087 ἐτη

146 1107 211 1143 τρία
222 1106 269 1133 καὶ
282 1105 382 1141 ἥμισυ,
399 1104 485 1138 λέγων
499 1102 594 1134 οὕτως·
611 1100 666 1129 Καὶ
680 1101 767 1128 δώσω
782 1099 844 1134 τοῖς
860 1100 932 1126 δυσὶ

144 1152 280 1187 μάρτυσί
289 1159 360 1187 μου,
369 1150 419 1176 καὶ
431 1149 702 1184 προφητεύσουσιν
713 1147 825 1181 ἡμέρας
834 1147 933 1181 χιλίας

147 1199 307 1231 διακοσίας
326 1197 487 1230 ἐξήκοντα,
508 1194 755 1230 περιϐεϐλημένοι
783 1193 931 1225 σάκκους.

148 1245 266 1278 Τούτους
291 1245 342 1280 μὲν
368 1243 515 1278 οὗνἘνὼχ
543 1242 590 1270 καὶ
614 1241 708 1268 Ἠλίαν
731 1241 847 1276 ἐνόησαν
863 1239 933 1266 οίτᾶι

147 1292 262 1321 τοιαῦτα
284 1290 538 1325 ἑπεξηγησάμενοι·
558 1289 651 1323 ἕτερος
665 1287 694 1314 δέ
715 1295 756 1318 τις
772 1287 805 1322 τῇ
821 1285 934 1321 τοιαύτῃ

149 1339 334 1372 ’Δποκαλύψει
359 1337 408 1365 οὐκ
435 1335 591 1371 ἐκφέρεται.
616 1335 671 1362 Καὶ
687 1333 746 1369 μετ’
760 1333 837 1368 ὀλίγα
851 1341 859 1348 ·
876 1332 935 1359 Καὶ

147 1386 176 1412 οί
188 1383 402 1416 κατοικοῦντες
427 1382 475 1408 ἐπὶ
496 1380 552 1415 τῆς
570 1380 625 1414 τῆς
644 1379 806 1414 χαίρουσιν
822 1377 868 1405 ἐπ’
883 1378 934 1404 αὺ-

145 1429 210 1463 τοῖς
222 1427 417 1463 ἁναιρεθεῖσι,
429 1425 478 1452 καί
489 1425 568 1459 δῶρα
583 1424 761 1459 πέμψουσιν
775 1423 934 1456 ἀλλήλοις,

145 1477 192 1504 ὅτι
209 1473 292 1504 οὗτοι
307 1475 335 1501 ot
348 1473 403 1500 δύο
418 1470 568 1506 προφῆται
578 1471 765 1498 ἐϐασάνισαν
782 1470 854 1502 τοὺς
865 1477 934 1496 καιν-

984 873 1114 909 quoniam
1136 873 1164 901 hi
1189 874 1244 902 duo
1270 874 1412 909 propheta:
1439 873 1632 901 cruciaverunt
1650 881 1700 901 eos
1723 874 1770 904 qui

983 919 1143 947 habitabant
1166 927 1248 955 super
1266 924 1491 954 terram;postea
1509 927 1576 947 vero
1595 925 1768 955 resurgant.)

982 965 1097 993 Aliunde
1114 965 1275 1001 Hippolytus
1288 965 1433 993 historicus
1447 965 1480 993 de
1492 965 1624 1001 apostolis
1647 965 1773 1000 loquens,

983 1011 1093 1039 beatum
1108 1011 1241 1039 Joannem
1256 1011 1463 1047 evangelistam,
1474 1010 1581 1039 Nerone
1596 1011 1771 1046 imperatore,

983 1057 1017 1086 ab
1044 1057 1143 1085 exsilio
1170 1063 1325 1086 revocatum
1351 1056 1436 1086 fuisse
1459 1062 1595 1091 testatur,
1624 1058 1771 1094 ipsumque

984 1108 1079 1139 postea
1095 1104 1131 1131 ita
1148 1104 1232 1131 vitam
1251 1104 1366 1137 (iniisse.
1380 1109 1410 1132 ut
1425 1106 1485 1139 ejus
1503 1105 1627 1139 reliquis:
1641 1112 1773 1140 nusquam

985 1150 1039 1178 sint
1064 1155 1190 1185 repertae.
1217 1150 1265 1178 His
1296 1154 1483 1178 consentanea
1513 1150 1666 1179 Prochorus
1690 1151 1772 1179 etiam

985 1197 1106 1224 tradidit.
1120 1197 1192 1225 Dicit
1206 1197 1279 1225 enim
1296 1197 1369 1232 quod
1385 1197 1460 1226 lllius
1483 1197 1560 1232 jussu
1576 1197 1682 1225 foveam
1705 1197 1775 1225 clio-

984 1243 1091 1277 derant,
1103 1243 1130 1271 in
1142 1251 1224 1279 quam
1238 1244 1383 1279 prolapsus
1395 1244 1522 1278 moleque
1536 1244 1652 1271 obrutus
1668 1252 1682 1272 a
1696 1245 1775 1272 uoltis

984 1289 1077 1317 emisit
1090 1289 1225 1326 spiritum.
1246 1289 1314 1318 Cum
1332 1290 1389 1318 haec
1410 1294 1505 1325 postea
1538 1289 1656 1317 civitatis
1676 1290 1774 1318 inrelis

985 1335 1146 1364 annuntiata
1157 1339 1259 1370 essent,
1269 1336 1370 1364 reversi
1379 1336 1469 1364 locum
1481 1343 1594 1364 vacuum
1606 1336 1773 1364 invenimus.

987 1380 1041 1409 Sed
1060 1381 1146 1410 divini
1170 1381 1295 1418 Gregorii
1317 1381 1398 1409 frater
1424 1381 1561 1409 Cmsarius
1588 1381 1622 1409 de
1638 1381 1690 1409 hoc
1704 1380 1775 1408 Cor:-

985 1427 1162 1462 stantlnopoli
1176 1432 1282 1456 secrete
1293 1427 1486 1463 interrogatus,
1502 1427 1677 1462 dixit,ipsum
1690 1426 1774 1454 Joan-

987 1481 1049 1501 nem
1065 1474 1092 1501 in
1110 1474 1258 1510 Evangelio
1274 1482 1325 1502 suo
1340 1474 1373 1502 de
1388 1474 1441 1502 hoc
1453 1479 1546 1509 aperte
1560 1474 1715 1502 declaraSse
1731 1473 1775 1500 his

147 1521 310 1554 οικοῦντας
346 1518 394 1546 ἐπὶ
424 1517 480 1552 τῆς
504 1516 578 1553 γῆς,
602 1514 666 1544 εἷτα
696 1516 932 1549 ἀναστήσονται.

989 1519 1079 1546 verbis
1093 1528 1100 1546 :
1122 1528 1131 1545 ι
1151 1519 1223 1547 Exiit
1239 1528 1304 1556 ergo
1324 1528 1414 1548 sermo
1429 1520 1500 1547 inter
1515 1520 1626 1553 fratres,
1643 1519 1719 1547 illum
1734 1519 1776 1547 di-

149 1567 234 1595 Ἀλλὰ
257 1567 304 1594 καὶ
325 1566 340 1592 ὁ
369 1564 504 1598 ἱστορικὸς
530 1562 688 1594 Ἱππόλυτος
710 1563 776 1597 περὶ.
797 1562 853 1589 τῶν
866 1562 935 1588 ἀπο-

150 1612 254 1639 στόλων
283 1608 391 1642 διεξιὼν
411 1609 485 1643 λέγει
514 1607 560 1634 τὸν
591 1607 787 1641 εὐαγγελιστὴν
806 1607 935 1641 Ἰωάννην

149 1657 374 1692 ἑπανακληθῆναι
387 1655 438 1690 τῆς
457 1654 564 1690 ὲξορίας
585 1653 638 1680 ὑπὸ
651 1653 776 1688 Νερούα,
795 1653 843 1680 καὶ
863 1652 936 1679 οὕτω

151 1703 222 1739 μετὰ
234 1702 321 1730 ταῦτα
335 1701 511 1736 τελευτῆσαι,
527 1697 557 1728 οὗ
572 1701 619 1726 καὶ
631 1700 661 1727 τὸ
675 1699 801 1734 λείψανον
817 1698 936 1734 ζητηθὲν

148 1751 200 1786 οὺχ
213 1750 325 1785 εὑρέθη.
345 1749 386 1777 Τὰ
399 1749 470 1776 αὐτὰ
483 1751 540 1781 τοῖς
562 1747 733 1784 διαληφθείσι
749 1747 796 1774 καὶ
808 1746 848 1782 τῷ
866 1747 937 1782 Προ-

150 1795 235 1832 χώρῳ
261 1795 427 1830 διείληπται.
444 1794 526 1829 Λέγει
559 1795 626 1829 γὰρ,
656 1794 696 1821 ὅτι
720 1794 782 1821 κατ’
802 1792 936 1829 ἐπιταγὴν

149 1843 259 1870 ἐκείνου
275 1843 376 1874 λάκκος
401 1841 520 1878 ὢρυκτο,
553 1841 581 1869 ὲν
595 1839 616 1875 ᾧ
639 1840 731 1868 πεσὼν
757 1842 805 1868 καὶ
829 1840 936 1876 χώματι

152 1889 322 1921 σκεπασθεὶς
341 1888 406 1924 παρ’
428 1888 508 1924 ἡμῶν
524 1888 667 1924 παρέδωκα
688 1889 719 1915 τὸ
733 1888 853 1923 πνεῦμα.
870 1886 938 1916 Εἶτα

146 1937 351 1972 διηγησάμενος
365 1935 453 1963 ταῦτα
466 1936 522 1967 τοῖς
539 1935 568 1963 ὲν
583 1936 616 1970 τῇ
636 1935 724 1968 πόλει,
739 1935 788 1962 καὶ
803 1935 936 1971 ὑποστρέ-

146 1984 251 2018 ψαντες
268 1982 348 2009 κενὸν
364 1981 410 2009 τὸν
422 1981 506 2008 τόπον
517 1981 690 2016 εὑρήκαμεν.
707 1982 790 2009 Ἀλλὰ
804 1985 851 2009 καὶ
865 1983 879 2008 ὁ
892 1981 937 2009 τοῦ

147 2028 284 2063 Θεολόγου
299 2028 454 2063 Γρηγορίου
473 2027 588 2062 ἀδελφὸς
604 2028 766 2062 Καισάριος,
789 2028 938 2064 ἐρωτηθεὶς

145 2076 199 2102 ἐπὶ
220 2075 351 2109 σεκρέτου
378 2075 408 2100 ὲν
426 2073 717 2101 Κωνσταντινουπόλει
739 2074 806 2109 περὶ
827 2075 938 2106 τούτου,

143 2119 239 2153 εἷπεν,
260 2121 301 2147 ὃτι
318 2120 398 2150 αὐτὸς
415 2119 428 2145 ὀ
444 2118 572 2154 Ἰωάννης
587 2119 617 2145 ὲν
634 2118 672 2154 τῷ
685 2119 748 2146 κατ’
759 2119 839 2145 αὑτὸν
852 2119 939 2154 Εὐαγ-

986 1566 1121 1601 seipulum
1133 1574 1186 1594 non
1199 1567 1362 1594 moriturum
1374 1575 1446 1595 esse.
1459 1568 1551 1595 Etnon
1565 1567 1633 1596 dixit
1648 1567 1672 1595 ei
1684 1567 1772 1595 Jesus:

987 1612 1046 1640 Non
1063 1613 1196 1646 moritur;
1214 1613 1275 1646 sed,
1289 1614 1318 1641 Si
1336 1621 1397 1641 eum
1417 1614 1478 1642 volo
1493 1622 1605 1642 manere
1618 1615 1705 1642 donec
1719 1617 1776 1650 ipse

989 1659 1109 1691 veniam,
1134 1659 1200 1694 quid
1215 1659 1248 1686 ad
1266 1659 1313 1687 te?
1335 1665 1364 1687 tu
1387 1667 1430 1687 me
1446 1667 1574 1695 sequere.
1596 1669 1605 1686 ι
1622 1661 1655 1688 Et
1667 1661 1730 1697 jure
1748 1661 1774 1688 id

987 1705 1074 1739 dixit,
1101 1705 1183 1733 falsas
1200 1713 1295 1733 eorum
1320 1705 1489 1740 suspiciones
1507 1706 1684 1742 redarguens,
1701 1707 1773 1741 quod

988 1752 1088 1787 sapius
1111 1752 1166 1787 egit
1178 1771 1186 1784 ,
1204 1752 1303 1779 stultos
1326 1753 1400 1787 lpsos
1416 1759 1517 1788 vocans
1533 1757 1562 1780 et
1581 1752 1665 1780 duros
1676 1753 1774 1780 corde.

989 1798 1017 1825 In
1032 1798 1147 1833 epistula
1171 1806 1235 1826 vero
1257 1798 1407 1834 Polycratis
1436 1799 1605 1827 successoris
1620 1799 1776 1835 Ephesique

989 1845 1188 1881 archiepiscopi
1202 1845 1239 1873 ad
1254 1843 1392 1873 Victorem
1410 1838 1602 1874 successorem
1617 1853 1776 1882 magnaeque.

990 1892 1082 1920 Rutilae
1110 1891 1346 1928 archiepiscopum
1371 1892 1430 1919 haec
1458 1891 1540 1919 etiam
1566 1892 1669 1928 scripta
1691 1897 1774 1920 sunt:

990 1939 1084 1974 Magna
1097 1946 1145 1974 per
1155 1939 1247 1967 Asiam
1261 1938 1397 1966 elementa
1409 1938 1591 1970 dormierunt,
1606 1945 1666 1972 quae
1681 1937 1777 1964 ullitno

989 1985 1034 2013 die
1051 1988 1204 2020 resurgent.
1216 1984 1359 2020 Philippus
1375 1992 1447 2012 unus
1459 1992 1491 2011 ex
1506 1983 1653 2012 duodecim
1667 1988 1777 2018 aposto-

989 2031 1033 2064 lis,
1056 2031 1100 2066 qui
1115 2030 1251 2066 Hierapoli
1276 2037 1331 2058 una
1355 2037 1418 2057 eum
1433 2029 1540 2057 ﬁliabus
1557 2029 1614 2057 suis
1627 2029 1776 2061 dormivit;

990 2077 1110 2104 Joannes
1136 2077 1217 2104 etiam
1240 2076 1286 2112 qui
1310 2084 1391 2111 supra
1423 2081 1516 2110 pectus
1541 2075 1605 2103 Jcsu
1637 2075 1775 2109 recubuit,

990 2123 1090 2158 Ephesi
1108 2130 1216 2158 quoque
1234 2122 1354 2150 dormiit.
1369 2121 1483 2157 Magnus
1505 2121 1683 2153 Athanasius.
1699 2122 1726 2149 in
1744 2122 1777 2149 li-

142 2167 230 2202 γελίῳ
242 2166 390 2201 διεσάφησε
396 2165 430 2192 τὰ
439 2165 503 2200 περὶ
511 2165 618 2198 τούτου,
631 2164 659 2191 ὲν
668 2161 707 2195 οἷς
717 2165 787 2191 οὕτω
800 2165 932 2197 διέξεισιν

995 2169 1041 2195 hro
1058 2168 1096 2195 De
1111 2169 1321 2200 resurrectione,
1335 2167 1446 2195 lleuoch
1460 2172 1487 2195 et
1499 2168 1586 2195 Eliam
1615 2169 1686 2196 inter
1701 2169 1777 2197 vivos

150 2211 302 2246 Ἐξῆλθεν
324 2208 382 2239 οὖν
399 2212 415 2238 ὀ
434 2211 527 2245 λόγος
550 2212 595 2244 εὶς
620 2210 692 2243 τοὺς
707 2210 869 2245 ἀδελφοὺς,
896 2211 929 2237 ὅτ

995 2215 1097 2243 versari
1119 2214 1197 2248 dixit,
1221 2222 1271 2242 nec
1291 2213 1372 2241 alium
1399 2221 1590 2249 quemcunque
1616 2213 1672 2242 ullo
1695 2214 1777 2241 modo

142 2261 163 2287 ὀ
180 2257 319 2294 μαθητὴς
337 2257 455 2290 ἐκεῖνος
483 2258 541 2284 οὐκ
566 2257 766 2291 ἀποθνήσκει.
802 2257 856 2284 Καὶ
884 2258 940 2284 οὐκ

140 2304 237 2334 εἶπεν
258 2304 339 2336 αὐτῷ
372 2305 388 2331 ὁ
422 2303 555 2338 Ἰησοῦς,
586 2303 630 2330 ὅτι
656 2304 712 2331 οὐκ
739 2303 937 2337 ἀποθνήσκει,

140 2352 221 2381 ἀλλ’
243 2350 311 2377 Ἐὰν
326 2351 420 2377 αὐτὸν
438 2351 515 2377 θέλω
526 2350 642 2384 μένειν,
659 2349 716 2383 ἓως
739 2350 864 2385 ἔρχομαι
876 2371 883 2383 ,
910 2350 938 2377 τί

139 2398 226 2434 πρὸς
253 2398 304 2431 σέ;
330 2397 372 2425 Σὺ
397 2397 557 2425 ἀκολούθει
580 2406 641 2432 μοι.
662 2398 748 2425 Τοῦτο
775 2398 828 2434 γὰρ
861 2396 937 2425 εἶπεν

140 2448 262 2481 ἄριστα,
287 2444 480 2480 διορθούμενος
504 2444 553 2480 τὴν
570 2445 745 2480 ὲσφαλμένην
760 2445 852 2473 αὐτῶν
870 2446 937 2472 ὑπό-

137 2501 234 2525 νοιαν,
249 2491 286 2523 ὡς
307 2491 443 2526 πολλαχοῦ
459 2491 539 2518 τοῦτο
555 2492 717 2528 πεποίηκεν,
734 2493 865 2528 ἀνοήτους
887 2501 936 2520 κα-

137 2541 202 2568 λῶν
226 2539 325 2570 αὐτοὺς
352 2538 400 2565 καὶ
427 2537 534 2573 βραδεῖς
561 2539 594 2573 τῇ
621 2540 729 2575 καρδίᾳ.
747 2539 830 2566 Ἀλλὰ
843 2540 891 2567 καὶ
907 2540 935 2566 ἐν

135 2589 177 2623 τῇ
206 2586 274 2621 πρὸς
298 2585 418 2618 Βίκτορα
442 2584 489 2611 τὸν
514 2584 638 2620 διάδοχον
654 2586 701 2613 καὶ
717 2587 934 2621 ἀρχιεπίσκοπον

133 2633 197 2665 τῆς
213 2631 333 2667 μεγάλης
352 2630 463 2666 Ῥώμης
476 2632 604 2666 ἐπιστολῇ
630 2631 821 2668 Πολυκράτους
843 2635 932 2662 διαδό-

133 2678 437 2717 χουμὰρχιεπισκόπου
458 2676 573 2712 Ἐφέσου
604 2677 651 2704 καὶ
674 2678 736 2705 τάδε
759 2680 929 2715 γέγραπται·

993 2260 1165 2288 memoravit.
1190 2259 1251 2296 lpse
1269 2261 1350 2288 etiam
1369 2259 1517 2294 Gregorius
1535 2259 1649 2294 Magnus
1665 2260 1777 2287 Sermo-

991 2306 1098 2335 cinatur
1121 2306 1254 2334 Jacobum
1286 2311 1414 2334 necatum
1441 2313 1504 2334 esse
1533 2306 1618 2339 dicit,
1643 2305 1777 2334 Joannem
1792 2338 1798 2343 Α

992 2361 1055 2381 vero
1070 2345 1095 2379 iu
1112 2360 1178 2388 pace
1194 2360 1210 2380 e
1225 2353 1278 2380 vita
1291 2352 1451 2381 decessisse.
1463 2352 1655 2383 Divinissimus
1667 2353 1777 2381 tandem

991 2401 1114 2436 Ephrrem
1126 2400 1154 2427 in
1168 2407 1296 2427 sermone
1311 2400 1343 2426 de
1355 2399 1476 2427 secundo
1488 2401 1605 2427 adventu
1630 2399 1698 2427 duos
1717 2405 1777 2427 tan-

988 2453 1045 2476 tum
1062 2447 1136 2475 viros
1148 2446 1356 2482 praenuntiatus.
1371 2444 1482 2473 Henoch
1507 2446 1613 2474 scilicet
1636 2450 1663 2473 et
1674 2445 1774 2478 Etiam,

984 2494 1087 2522 citasse
1108 2493 1257 2528 reperitur.
1273 2492 1306 2519 Et
1322 2491 1380 2518 lucc
1390 2491 1500 2526 quidem
1516 2492 1550 2519 de
1566 2493 1644 2519 beato
1656 2492 1776 2527 evange-

987 2540 1050 2567 lista
1065 2539 1172 2567 Joanne
1200 2546 1214 2567 a
1241 2538 1370 2566 Patribus
1388 2537 1555 2572 supradictis
1579 2538 1676 2566 tradita
1700 2544 1776 2566 sunt.

989 2586 1055 2614 Sive
1070 2585 1160 2613 adhuc
1173 2584 1253 2612 vivus
1265 2583 1378 2611 Henoch
1392 2587 1422 2610 et
1441 2582 1504 2610 Elim
1521 2584 1704 2617 consocietur,
1720 2583 1777 2618 sive

985 2639 1050 2665 non,
1069 2640 1083 2659 a
1093 2630 1261 2660 sublimitate
1272 2636 1317 2658 tua
1328 2629 1532 2666 diiudicandum
1547 2633 1599 2663 est,
1615 2638 1665 2658 nec
1681 2639 1734 2658 non
1744 2638 1777 2658 ex

986 2688 1062 2708 more
1076 2677 1259 2706 nescientium
1268 2677 1356 2705 oculis
1364 2675 1627 2703 subministrandum
1639 2676 1776 2712 relinquo.

134 2727 226 2754 Κατὰ
250 2727 299 2762 τὴν
325 2726 418 2753 Ἀσίαν
447 2727 555 2762 μεγάλα
582 2728 702 2763 στοιχεῖα
730 2729 934 2765 κεκοίμηνται,
963 2733 1043 2760 ᾰτινα
1061 2729 1260 2761 ἀναστήσονται
1291 2728 1324 2762 τῇ
1356 2727 1459 2762 ἐσχάτῃ
1475 2727 1574 2764 ἡμέρᾳ.
1588 2728 1721 2759 Φίλιππος
1736 2724 1777 2758 εἷς

136 2779 184 2804 ὢν
212 2775 267 2802 τῶν
296 2775 400 2802 δώδεκα
426 2777 594 2810 ἀποστόλων,
622 2776 651 2808 ὃς
684 2777 848 2812 κεκοίμηται
866 2779 894 2806 ὲν
915 2779 1067 2815 Ἱεραπόλει
1085 2777 1134 2803 καὶ
1156 2775 1306 2811 θυγατέρες
1323 2775 1419 2802 αὐτοῦ.
1438 2775 1498 2802 Ἔτι
1510 2776 1538 2802 δὲ
1555 2775 1603 2803 καὶ
1616 2775 1743 2810 Ἰωάννης
1763 2781 1777 2807 δ

136 2824 198 2855 επὶ
225 2822 264 2857 τῷ
292 2822 384 2857 στήθει
400 2823 446 2850 τοῦ
470 2823 557 2859 Ἰησοῦ
589 2823 733 2851 ἀναπεσὼν
748 2832 755 2840 ·
769 2822 848 2856 οὗτος
874 2825 903 2852 ἰν
924 2825 1029 2860 Ἐφέσῳ
1046 2825 1221 2860 κεκοίμηται.
1247 2825 1302 2852 Καὶ
1327 2825 1341 2850 ὁ
1370 2823 1456 2858 μέγας
1477 2823 1505 2850 δὲ
1519 2823 1677 2855 Ἀθανάσιος
1695 2823 1725 2851 ιν
1738 2822 1777 2859 τῷ
