1954 3068
186 97 242 127 90?
816 96 1026 127 MICHAEIJS
1045 97 1174 127 GLYCE
1766 99 1819 130 90$

189 153 230 184 εἰς
258 152 308 187 τὴν
335 152 470 189 ἀνάληψιν
496 152 568 188 λόγῳ
596 152 680 180 αὐτοῦ
709 152 796 188 Ἐνὼχ
821 153 868 179 καὶ
887 153 983 180 Ἠλίαν
1021 153 1225 188 μνημονεύσας,
1253 155 1300 180 καὶ
1329 152 1414 180 εἰπὼν
1435 153 1465 180 ὲν
1488 153 1544 186 τοῖς
1560 153 1628 187 ζῶσι
1648 154 1752 186 διάγειν
1771 156 1822 182 αι-

187 200 261 230 τοὺς,
292 200 387 235 ἐτέρου
407 200 479 231 τινὸς
514 200 646 235 οὐμενοῦν
682 200 881 234 ἐμνημόνευσε.
908 200 964 226 Καὶ
993 199 1073 232 αὐτὸς
1095 199 1123 226 δὲ
1153 200 1167 226 ὁ
1195 199 1283 234 μέγας
1309 199 1460 235 Γρηγόριος
1494 201 1508 226 ὁ
1530 200 1664 235 Διάλογος
1693 201 1740 228 τὸν
1770 201 1822 236 μὲν

194 246 322 274 Ἰάκωϐον
346 246 420 281 λέγει
450 246 649 282 ἀναιρεθῆναι,
672 247 718 274 τὸν
744 247 773 273 δὲ
799 247 927 282 Ἰωάννην
949 248 978 274 ὲν
1008 247 1106 282 εἰρήνῃ
1134 246 1337 281 ἁναπαυθῆναι.
1351 246 1430 273 Οὕτω
1455 247 1505 283 μὲν
1518 247 1564 274 οὗν
1580 247 1627 275 καὶ
1643 248 1658 274 ὁ
1681 248 1821 281 θειότατος

187 294 313 329 Ἐφρατμ
349 296 378 322 ὲν
401 295 440 330 τῷ
457 297 496 327 εἰς
522 295 572 331 τὴν
589 295 719 331 δευτέραν
740 295 894 331 παρουσίαν
923 295 995 331 λόγῳ
1011 295 1108 329 αὐτοῦ,
1121 295 1176 322 τῶν
1198 294 1452 330 ἀναγεγραμμένων
1476 295 1523 322 δύο
1538 296 1587 323 καὶ
1600 296 1690 330 μόνων
1703 297 1821 332 ἀνδρῶν,

187 341 235 379 τοῦ
263 341 350 377 Ἐνὼχ
383 342 484 377 δηλαδὴ
511 343 557 368 καὶ
585 341 678 375 Ἠλία,
698 343 874 377 μεμνημένος
899 342 1070 377 εὑρίσκεται.
1103 341 1196 368 Ταῦτα
1233 341 1283 376 μὲν
1306 340 1353 369 οὖν
1378 342 1444 377 περὶ
1466 342 1513 368 τοῦ
1544 343 1740 377 εὐαγγελιστοῦ
1776 347 1825 372 καὶ

190 389 264 415 οείου
285 388 411 416 Ἰωάννου
435 389 492 420 τοῖς
516 389 709 424 διαληφθεῖσιν
731 389 836 417 ἄνωθεν
858 389 980 423 Πατράσι
1012 388 1187 424 διείληπται’
1219 388 1274 415 εἴτε
1300 388 1330 415 δὲ
1355 388 1394 424 τῷ
1417 388 1503 424 Ἑνὼχ
1529 391 1576 416 καὶ⁸
1593 389 1674 426 Ἠλίᾳ
1703 391 1757 423 ζῶν
1784 390 1825 417 ἔτι

189 439 417 473 συναγελάζεται,
444 438 500 463 εἴτε
524 437 636 472 καὶμὴ,
661 439 696 473 τῇ
720 439 754 473 σῇ
780 437 947 474 μεγαλονοίᾳ
970 437 1018 466 καὶ
1035 435 1234 472 διασκέψασθαι
1262 436 1296 464 τὰ
1324 437 1390 472 περὶ
1417 437 1520 465 τούτων
1544 437 1670 474 ἀφίημι,
1691 440 1739 467 καὶ
1766 439 1823 469 τοῖς

188 485 334 520 ἀγνοοῦσιν
352 484 389 517 ὡς
411 484 472 516 ἐοος
488 483 733 511 ὑποτυπώσασθαι,

447 575 616 604 EPISTOLA
633 574 717 603 XVII.

196 634 425 662 i’mwrandissimo
454 633 581 660 monac/to
609 633 705 659 domno
730 632 866 660 Nectario.
888 648 923 653 —
943 632 981 659 De

226 671 312 701 Jmla,
344 675 432 696 utrum
450 668 542 703 laqueo
560 676 586 694 se
600 668 765 702 suspenderit
778 668 856 702 juxta
871 676 981 702 euange-

226 706 304 732 lica-it
322 705 473 734 historiam,
490 703 542 730 sive
556 707 612 737 post
624 705 679 729 luto
693 708 833 737 superstes,
850 709 878 730 ut
889 703 979 730 dicunt

227 741 322 774 aliqui,
337 747 405 775 aqua
428 739 550 765 intercuti
570 738 740 770 labaraverit,
759 743 783 765 et
805 739 844 766 ita
861 742 981 765 mortuus

224 777 269 802 sit.

222 863 341 899 Pappias
367 862 523 894 historicus,
539 861 585 896 qui
599 860 696 889 Judam
713 868 839 895 magnum
855 860 980 896 impieta-

191 911 225 939 tis
239 911 346 946 signum
360 917 408 944 per
420 908 552 936 mundum
565 908 709 935 incessisse
724 907 802 938 dixit.
814 915 848 934 ex
862 908 979 934 Actuum

190 958 260 985 libro
286 955 430 984 materiam
452 954 594 986 hauriens,
622 954 666 981 his
686 953 821 987 principis
842 953 980 988 apostolo-

190 1011 249 1031 rum
262 1003 334 1030 Petri
346 1002 437 1029 verbis
448 999 623 1034 utimendacii
644 1007 705 1027 reus
727 998 815 1034 palam
840 998 981 1026 convinci-

191 1055 246 1077 tur.
257 1049 381 1083 Namque
402 1047 514 1074 divinus
529 1045 573 1073 ille
587 1045 727 1080 apostolus
753 1050 829 1072 stans
842 1045 871 1072 in
886 1045 977 1073 medio

189 1096 306 1123 fratrum
323 1093 351 1121 in
371 1092 525 1125 cenaculo,
538 1092 565 1118 in
578 1099 632 1126 quo
645 1091 721 1124 juxta
735 1091 848 1118 verbum
871 1091 980 1118 Domini

191 1141 320 1169 sedentes
346 1138 485 1174 discipuli,
512 1137 710 1173 exspectabant
735 1137 824 1164 donec
850 1137 981 1164 virtutem

191 1189 309 1222 desuper
322 1186 511 1217 induerentur,
527 1184 586 1212 hate
599 1184 671 1212 inter
685 1184 737 1211 alia
753 1185 786 1212 de
799 1183 869 1212 Juda
889 1183 959 1211 dixit
973 1192 980 1212 :

193 1243 202 1260 ι
224 1234 307 1261 ludas
320 1232 386 1259 emit
398 1239 493 1266 agrum
510 1230 544 1258 de
560 1230 685 1257 mercede
699 1230 864 1265 iniquitatis.
877 1234 904 1257 et
920 1237 983 1258 sus-

191 1288 291 1316 pensus
307 1278 412 1314 crepuit
428 1277 547 1309 medius,
564 1281 592 1304 et
604 1275 700 1304 ditl‘usa
720 1279 787 1303 sunt
795 1275 900 1303 viscera
911 1276 980 1311 ejus,

125 1319 136 1328 ’
189 1332 216 1354 et
237 1326 358 1353 innotuit
372 1323 502 1351 omnibus
520 1322 713 1350 habitantibus
730 1321 894 1355 Jerusalem,
909 1322 982 1357 quod

189 1372 375 1407 appellaretur
388 1377 452 1404 ager
479 1369 523 1396 ille
535 1369 626 1404 lingua
639 1376 734 1396 eorum
745 1367 917 1402 Haceldama,
929 1369 982 1396 hoc

189 1423 245 1450 est,
260 1417 331 1452 Ager
349 1415 500 1450 sanguinis.
514 1424 524 1441 ›
539 1414 679 1447 Animum,
694 1421 796 1448 quzrso.
818 1413 937 1442 attende.
953 1413 981 1441 Si

192 1464 264 1490 enim
286 1464 362 1498 juxta
379 1462 483 1489 dictum
503 1461 633 1496 Pappiam
655 1461 825 1495 aliquantum
851 1461 982 1495 temporis

193 1513 254 1544 post
278 1506 456 1543 suspendium
490 1512 629 1542 superstes
657 1506 754 1535 fuisset
787 1505 889 1539 ludas,
911 1507 983 1534 hunc

191 1562 347 1583 sermonem
373 1562 428 1582 non
452 1554 657 1589 pronuntiasset
686 1553 814 1588 princeps
845 1553 983 1587 apostolo-

192 1610 252 1630 rum
276 1601 383 1633 Petrus,
396 1599 448 1627 nisi
478 1599 524 1627 diu
556 1604 617 1634 post
644 1598 874 1626 resurrectionem
904 1598 984 1626 Chri-

184 1649 227 1676 sti
243 1657 257 1675 a
275 1647 401 1675 mortuis.
421 1647 449 1674 Si
475 1646 548 1673 enim
569 1645 615 1672 ille
632 1649 690 1672 tum
704 1645 776 1672 inter
792 1644 868 1672 vivos
886 1651 984 1671 nume-

184 1699 311 1727 raretur,
333 1700 387 1728 quo
406 1697 486 1727 pacto
502 1692 536 1720 de
554 1692 614 1727 ipso
628 1696 657 1719 ut
681 1695 789 1719 mortuo
805 1691 902 1719 beatus
917 1698 982 1726 apo-

189 1737 279 1768 ‘stulus
303 1738 527 1767 sermocinatur?
552 1738 599 1765 Sin
625 1743 715 1765 autem
742 1737 776 1765 ab
800 1737 860 1772 ipso
887 1745 982 1772 agrum

191 1787 356 1822 acquisitum
384 1794 445 1814 esse
467 1786 493 1813 in
515 1787 630 1812 Aetuum
647 1785 716 1812 libro
733 1784 843 1820 legitur,
862 1791 982 1819 eumque

194 1841 356 1868 suspensum
381 1830 574 1859 miserabiliter
592 1831 726 1859 cecidisse
740 1826 862 1865 iuptum,
879 1830 934 1858 noli
947 1830 983 1858 ob

180 1881 248 1908 "hoc
257 1878 477 1911 utirarigdieens,
487 1878 515 1905 Si
525 1885 618 1913 agrum
627 1878 703 1910 emit,
712 1877 746 1905 de
757 1877 912 1905 necessario
923 1881 983 1912 Post

193 1926 372 1962 suspendium
385 1923 523 1952 vixit.Nisi
535 1925 607 1951 enim
620 1928 758 1959 superstes
771 1923 875 1957 fuisset,
889 1931 982 1959 agrum

193 1982 247 2000 non
265 1973 386 2000 eruisset.
404 1972 513 2004 Desine,
528 1979 629 2006 quaeso,
647 1970 710 1998 talia
725 1971 826 1998 sentire
837 1978 869 1999 ac
879 1971 981 2002 dicere,

178 2018 304 2046 ‘Minime
319 2018 391 2045 enim
405 2024 421 2044 a
435 2017 582 2052 semetipso
601 2023 697 2052 agrum
714 2016 769 2044 ullo
785 2017 865 2044 modo
879 2017 980 2045 emisse

193 2065 344 2096 invenitur,
359 2064 406 2091 sed
423 2064 505 2091 veluti
531 2063 558 2090 in
576 2063 656 2090 tertia
678 2063 712 2090 de
737 2063 851 2090 Actibus
870 2063 980 2091 humilia

194 2110 312 2137 disertus
324 2109 443 2137 Joannes
451 2109 554 2141 decuit,
565 2109 610 2135 alii
621 2108 729 2143 quidam
740 2116 835 2143 agrum
845 2114 981 2143 emerunt,

1307 575 1481 604 ΕΠΙΣΤΟΛΗ
1508 574 1545 602 1Ζ’
1552 595 1559 603 .

1034 635 1079 669 Τῷ
1094 635 1256 670 τιμιωτάτῳ
1274 635 1398 670 μοναχῷ
1416 633 1497 668 κυρῷ
1513 634 1668 670 Νεκταρίῳ
1683 633 1749 667 περὶ
1768 633 1823 670 τοῦ

1075 670 1184 702 Ἰούδα,
1206 671 1266 697 εἴτε
1276 669 1318 704 ⁷τῇ
1330 670 1445 704 ἀγχόνῃ
1461 669 1647 703 ὲνιιπέψυξε,
1660 670 1738 696 κατὰ
1762 669 1822 703 τὴν

1067 704 1271 740 eum—Taltth
1297 705 1445 738 ιστορίαν,
1465 705 1525 731 εἴτε
1543 705 1617 738 μετὰ
1646 704 1739 731 ταῦτα
1755 704 1822 740 ἐπιῇ

1070 740 1174 773 ζῆᾕσας,
1192 740 1232 773 ὥς
1251 741 1328 774 φασί
1355 747 1446 771 τινες.
1462 739 1559 773 ὑδέρῳ
1575 740 1754 773 περιέπεσε,
1771 739 1824 766 καί

1070 776 1164 809 οὕτως
1177 776 1210 802 τι)
1229 773 1282 802 τοῦ
1294 775 1369 807 ,ϐίου
1390 774 1477 807 τέλος
1499 773 1635 807 ἐδέξατο.

1065 861 1117 888 Τὺν
1132 862 1181 896 μὲν
1205 861 1251 888 οὖν
1266 862 1404 896 ἱστορικὸν
1418 862 1522 888 ἐκεῖνον
1538 861 1672 888 ῐῐαππίαν
1689 861 1761 897 μέγα
1775 861 1824 888 τὸν

1030 907 1133 935 Ἰούδαν
1148 909 1273 940 ἀσεϐείας
1289 908 1445 943 ὑπόδειγμα
1463 907 1655 942 περιπατῆσαι
1667 907 1706 943 τῷ
1723 908 1821 942 κόσμῳ

1031 955 1148 990 λέγοντα
1174 954 1289 990 ὕστερον
1301 974 1309 987 ,
1326 953 1374 981 ἅτε
1390 954 1440 986 τὰς
1460 954 1588 990 ἀφορμὰς
1608 955 1640 981 ὲκ
1660 944 1711 989 τῆς
1727 954 1822 989 βίϐλου

1033 999 1153 1029 λαϐόντα
1167 1001 1221 1028 τῶν
1241 1000 1383 1037 Πράξεων,
1401 1000 1472 1028 αὐτὰ
1487 1001 1519 1036 δὴ
1535 1001 1568 1028 τὰ
1588 1001 1642 1028 ’τοῦ
1668 1001 1824 1036 κορυφαίου

1035 1048 1138 1083 Πέτρου
1153 1046 1246 1081 σαφῶς
1263 1046 1410 1082 ἀπελέγχει
1429 1046 1607 1081 ψευδόμενον.
1630 1046 1660 1073 '0
1678 1045 1732 1081 γὰρ
1749 1046 1825 1078 θεῖος

1038 1093 1115 1125 οὗτος
1127 1092 1278 1124 ἀπόστολος
1293 1092 1359 1125 στὰς
1381 1094 1409 1120 ἐν
1431 1091 1470 1127 τῷ
1487 1091 1605 1128 ὑπερῴῳ
1621 1092 1720 1127 ἐκείνῳ
1739 1092 1824 1127 μέσον

1038 1138 1085 1165 τοῦ
1100 1138 1191 1173 ὄχλου,
1207 1140 1236 1166 ἐν
1256 1135 1278 1173 ᾧ
1295 1138 1367 1166 κατὰ
1383 1140 1432 1174 τὴν
1446 1138 1493 1165 τοῦ
1518 1138 1623 1173 Κυρίου
1637 1139 1729 1174 φωνὴν
1744 1138 1824 1165 καθί-

1034 1194 1130 1216 σαντες
1158 1185 1184 1211 οί
1210 1185 1332 1221 μαθηταὶ
1354 1185 1470 1220 δύναμιν
1495 1184 1542 1220 ἀφ’
1561 1184 1645 1219 ὕψους
1656 1183 1825 1211 ἓνδύσασυαι

1034 1232 1240 1268 προσεδέχοντο,
1266 1233 1314 1259 καὶ
1340 1232 1403 1259 τάδε
1423 1231 1491 1267 πρὸς
1513 1232 1569 1264 τοῖς
1587 1231 1678 1263 ἄλλοις
1693 1231 1760 1267 περὶ
1773 1231 1824 1258 τοῦ

1033 1278 1117 1305 Ἰούδα
1135 1278 1304 1312 ἐφθέγξατο·
1324 1278 1458 1311 Ἐκεῖνος
1467 1278 1527 1312 μὲν
1543 1275 1600 1306 οὖν
1615 1278 1725 1312 χωρίον
1736 1277 1826 1310 ἐκτή-

1033 1333 1110 1353 σατο
1128 1325 1163 1352 ἐκ
1180 1324 1233 1351 τοῦ
1259 1325 1370 1359 μισθοῦ
1396 1324 1453 1359 τῆς
1470 1325 1600 1357 ἀδικίας,
1624 1324 1676 1351 καί
1701 1324 1826 1358 πρηνὴς

1033 1371 1195 1405 γενόμενος
1203 1369 1327 1396 animos
1337 1370 1445 1404 μέσος,
1457 1369 1506 1396 καὶ
1518 1369 1646 1404 ἐξεχύθη
1659 1369 1695 1396 τὰ
1704 1369 1824 1404 σπλάγ-

1034 1425 1093 1450 χνα
1119 1416 1236 1447 αὑτοῦ),
1266 1417 1315 1443 καί
1340 1416 1480 1450 γνωστὸν
1507 1415 1627 1450 ἐγένετο
1656 1414 1731 1443 πᾶσι
1757 1415 1825 1447 τοῖς

1001 1463 1230 1507 Βκατοικοῦσιν
1263 1461 1484 1496 Ἰερουσαλὴμ,
1511 1461 1589 1488 ὥστε
1611 1460 1761 1507 κληρῆναι
1787 1462 1825 1487 τὸ

1035 1510 1146 1544 χωρίον
1172 1508 1271 1535 ἐκεῖνο
1289 1507 1326 1542 τῇ
1350 1508 1411 1542 tan;
1439 1507 1587 1540 διαλέκτῳ
1610 1506 1710 1534 αὐτῶν
1724 1507 1825 1535 Ἁκελ-

1034 1554 1129 1589 δαμὰ,
1154 1554 1292 1581 τουτέστι
1320 1554 1432 1588 χωρίον
1457 1554 1594 1588 αἵματος.
1622 1553 1743 1589 Πρόσεχε
1773 1553 1825 1582 οὖν

1035 1601 1167 1636 ἀκριϐῶς,
1184 1601 1214 1626 Et
1233 1600 1297 1639 γᾴρ,
1317 1603 1389 1627 κατὰ
1410 1600 1456 1627 τὸν
1475 1600 1657 1636 διαληφθέντα
1676 1598 1822 1635 Παππίανξ

1035 1646 1131 1682 καιρὸν
1150 1646 1242 1672 ἱκανὸν
1266 1646 1280 1672 ὁ
1295 1645 1398 1678 Ἰούδας
1417 1645 1486 1681 μετά
1506 1646 1557 1680 τὴν
1583 1647 1702 1682 ἀγχόνην
1717 1646 1823 1682 ἐπέζηο

1035 1701 1092 1724 cev,
1108 1692 1158 1718 οὐκ
1181 1691 1213 1718 ἂν
1237 1691 1286 1726 τὴν
1310 1691 1482 1726 δημηγορίαν
1507 1692 1610 1726 ταύτην
1629 1692 1688 1728 μετ’
1704 1693 1735 1719 οὒ
1752 1692 1821 1719 πολὺ

1034 1738 1084 1773 τῆς
1112 1739 1143 1764 ὲκ
1167 1737 1273 1772 νεκρῶν
1298 1738 1476 1769 ἀναστάσεως
1502 1738 1548 1765 τοῦ
1568 1738 1687 1773 Χριστοῦ
1704 1740 1718 1766 ό
1735 1747 1822 1774 κορυ-

1034 1785 1114 1818 φαῖος
1139 1783 1242 1816 Πέτρος
1267 1782 1409 1817 ἐποίησεν.
1428 1782 1459 1809 Et
1473 1782 1528 1817 γὰρ
1542 1783 1598 1813 τοῖς
1611 1782 1695 1814 ζῶσιν
1715 1783 1822 1814 ἐκεῖνος

1034 1829 1185 1864 τηνικαῦτα
1202 1828 1363 1863 ἐναρίθμιος
1376 1825 1409 1863 ἦν
1422 1848 1430 1860 ,
1447 1828 1506 1861 πῶς
1525 1828 1564 1860 ὡς
1589 1829 1654 1864 περὶ
1671 1828 1823 1861 τεθνεῶτος

1035 1874 1120 1902 αὐτοῦ
1148 1876 1162 1902 ὁ
1186 1875 1258 1905 θεῖος
1282 1873 1451 1910 ἐδημηγόρει
1479 1874 1650 1908 ἀπόστολοςῖ
1677 1875 1708 1902 El
1722 1874 1750 1902 δὲ
1771 1877 1823 1902 καὶ

1036 1922 1136 1957 χωρίον
1169 1921 1322 1957 κτήσασθαι
1347 1923 1393 1948 τὸν
1419 1921 1542 1948 τοιοῦτον
1569 1923 1585 1957 ἡ
1614 1923 1669 1948 τῶν
1686 1922 1823 1957 Πράξεων

1034 1968 1125 2003 βίϐλος
1144 1969 1281 2004 ἱστόρησε,
1299 1969 1390 2004 πρηνῆ
1409 1977 1440 1995 τε
1460 1969 1553 1995 πεσεῖν
1577 1969 1626 1996 καὶ
1639 1969 1751 1997 λακίσαι
1769 1971 1822 2005 μέ-

1035 2023 1081 2040 σον
1095 2015 1141 2040 τὸν
1155 2014 1257 2046 ἄθλιον,
1276 2015 1314 2050 μὴ
1330 2015 1456 2050 θαύμαζε
1472 2015 1570 2042 τούτου
1588 2015 1696 2048 ἕνεκεν,
1713 2016 1819 2051 λέγων,

1035 2060 1120 2095 Εἴπερ
1133 2060 1269 2095 ἐκτήσατο
1285 2061 1397 2094 χωρίον,
1411 2061 1458 2088 καὶ
1472 2061 1556 2095 ζῆσαι
1572 2061 1667 2088 τοῦτον
1684 2063 1754 2097 μετά
1769 2063 1822 2098 τὴν

1033 2105 1153 2142 ἀγχόνην
1170 2107 1335 2141 ἐπάναγκες.
1349 2108 1378 2134 Εί
1403 2108 1441 2142 μὴ
1467 2109 1522 2144 γὰρ
1537 2108 1671 2144 ὲπέζησεν
1694 2108 1822 2145 ὕστερον,

195 2157 256 2191 ipse
276 2163 340 2182 vero
360 2162 475 2189 quoque
490 2159 585 2189 utpote
607 2154 651 2188 qui
669 2154 784 2195 pretium
811 2154 868 2189 agri
885 2154 978 2182 solvit.

1036 2151 1082 2177 ούκ
1104 2151 1137 2178 ἂν
1153 2152 1253 2187 χωρίον
1269 2153 1414 2185 ἐκτήσατο,
1433 2153 1531 2187 Ἄφες,
1542 2154 1566 2180 εί
1592 2153 1692 2188 βούλει,
1705 2155 1822 2184 τοιαῦτα

186 2202 318 2236 ’Namque
332 2201 501 2236 principibus
516 2200 688 2227 sacerdotum
701 2199 814 2235 projeeit
826 2204 979 2234 argenteos.

192 2255 263 2282 quos
280 2247 432 2274 mercedem
446 2245 598 2281 iniquitatis
611 2250 689 2272 vocat
704 2253 711 2272 :
724 2245 822 2273 merito
833 2245 914 2281 igitur
926 2246 979 2274 hu-

190 2294 236 2328 jus
256 2293 310 2328 agri
332 2292 459 2320 dominus
479 2292 588 2320 dicitur.
608 2291 678 2327 Ager
703 2299 768 2319 vero
791 2292 838 2320 ille
864 2300 979 2328 campus

194 2339 268 2374 ﬁguli
285 2344 408 2370 vocatur,
421 2339 467 2373 qui
482 2338 563 2365 etiam
576 2338 673 2365 domus
693 2338 835 2366 maledicta
858 2339 978 2372 dicitur;

194 2384 301 2411 tumqu
325 2385 398 2411 enim
430 2383 498 2411 nihil
517 2384 601 2419 magis
623 2383 789 2411 solitarium.
813 2384 879 2411 Inde
905 2389 980 2419 patet

193 2431 266 2465 quod
283 2430 341 2465 ipse
356 2438 370 2456 a
390 2429 537 2464 semetipso
558 2437 652 2465 agrum
667 2437 721 2456 non
737 2429 814 2456 emit.
832 2430 886 2456 Etsi
904 2430 978 2456 enim

194 2475 347 2510 iniquitatis
375 2476 542 2507 mercedem,
559 2476 586 2502 id
611 2480 671 2507 est,
699 2475 808 2511 triginta
836 2481 978 2510 argenteos

178 2520 364 2556 principibus
380 2522 550 2548 sacerdotum
565 2520 647 2548 ludas
662 2527 759 2556 sponte
784 2522 897 2556 projecit
919 2523 979 2557 qui-

190 2567 244 2594 bus
258 2572 365 2602 emptus
380 2572 438 2594 erat
449 2575 512 2602 ager
525 2568 589 2602 (non
606 2568 705 2595 licebat
721 2568 794 2595 enim
809 2575 855 2595 eos
866 2568 978 2595 mittere

191 2614 221 2641 in
239 2615 387 2641 eorbonam
407 2620 500 2650 utpote
512 2616 628 2649 pretium
650 2614 814 2649 sanguinis),
838 2615 977 2649 quomodo

189 2661 232 2688 vel
249 2660 420 2689 nndc'Jndas
453 2661 575 2696 possedit
592 2668 697 2696 agrum,
719 2667 781 2687 cum
798 2660 857 2695 ipse
886 2662 976 2688 statim

179 2706 218 2732 -in
234 2706 335 2740 templo
355 2705 473 2740 projects
488 2705 613 2732 mercede
643 2704 794 2739 iniu-litatis
829 2705 926 2740 laqueo
947 2714 977 2733 se

189 2751 383 2785 suspenderit?
396 2750 464 2778 Aliis
482 2757 547 2785 ergo
566 2757 661 2784 agrum
677 2749 844 2783 ementibus,
866 2754 893 2778 et
919 2750 976 2786 ipse

186 2797 287 2824 emisse
312 2797 425 2829 dicitur,
446 2801 474 2824 ut
499 2804 581 2831 supra
613 2795 869 2823 demonstravimus.
898 2797 975 2830 Quod

1032 2199 1142 2233 φρονεῖν
1165 2207 1195 2225 τε
1220 2201 1268 2226 καὶ
1285 2199 1389 2234 λέγειν.
1407 2199 1476 2227 Οὐδὲ
1490 2200 1546 2236 γὰρ
1569 2201 1652 2233 αὐτὸς
1668 2201 1702 2228 δι’
1718 2203 1821 2229 ἑαυτοῦ

1031 2245 1131 2280 χωρίον
1163 2246 1335 2280 ὁπουδήποτε
1371 2247 1544 2282 κτησάμενος
1576 2247 1691 2283 εὓρηται
1712 2269 1720 2281 ,
1748 2250 1821 2277 ἀλλὰ

1030 2291 1158 2328 καθάπερ
1175 2293 1205 2318 ὲν
1219 2293 1251 2327 τῇ
1268 2293 1308 2324 είς
1329 2293 1378 2324 τὰς
1396 2293 1514 2328 Πράξεις
1526 2294 1606 2331 τρίτῃ
1621 2295 1714 2331 ὁμιλίᾳ
1730 2296 1819 2324 αὐτοῦ

1030 2338 1044 2363 ὁ
1060 2339 1263 2373 χρυσορῤήμων
1283 2338 1413 2373 Ἰωάννης
1426 2339 1556 2373 ἐδίδαξεν,
1572 2341 1662 2375 ἕτεροι
1678 2342 1728 2376 μέν
1747 2345 1821 2372 εἰσιν

1031 2383 1105 2409 οί-τὸ
1131 2385 1230 2419 χωρίον
1249 2384 1428 2420 ὴγορακότες,
1443 2385 1524 2417 αὐτὸς
1549 2386 1577 2413 δὲ
1605 2387 1699 2422 ὅμως,
1724 2389 1764 2421 ὡς
1787 2391 1820 2417 τὺ

1030 2428 1139 2464 τίμημα
1152 2430 1326 2457 καταϐαλών·
1342 2430 1440 2467 ἔρριψε
1457 2432 1511 2467 γὰρ
1524 2453 1532 2466 ,
1551 2434 1631 2469 φησὶ,
1648 2433 1682 2460 τὰ
1695 2435 1819 2470 ἀργύρια

1031 2476 1100 2511 πρὸς
1118 2476 1181 2508 τοὺς
1197 2477 1338 2514 ἀρχιερεῖς
1351 2498 1357 2510 ,
1381 2478 1398 2505 ἃ
1415 2479 1464 2505 καὶ
1483 2479 1578 2514 μισθὸν
1603 2481 1710 2513 ἀδικίας
1726 2482 1817 2510 καλεί-

1033 2522 1148 2554 είκότως
1162 2522 1210 2549 τοῦ
1227 2523 1350 2550 τοιούτου
1372 2524 1475 2559 χωρίου
1498 2524 1592 2559 κύριος
1618 2525 1737 2560 λέγεται.
1754 2527 1816 2554 Χω-

1031 2567 1088 2600 ρίον
1113 2568 1141 2594 δὲ
1161 2568 1206 2595 τὸν
1233 2569 1320 2604 ἀγρὸν
1352 2569 1399 2596 τοῦ
1417 2570 1563 2605 κεράμεώς
1593 2580 1686 2606 φησιν,
1710 2572 1742 2600 δν
1768 2576 1818 2601 καὶ

1028 2613 1142 2641 ἔπαυλιν
1158 2615 1347 2651 ἠρημωμένην
1372 2616 1461 2644 καλεῖ.
1477 2617 1570 2651 Τάφου
1584 2617 1639 2652 γὰρ
1652 2618 1730 2645 οὐδὲν
1752 2619 1816 2655 ἐρη-

1030 2659 1153 2695 μότερον.
1174 2660 1293 2697 Εὔδηλον
1311 2662 1360 2689 οὖν
1375 2663 1510 2696 ἐντεῦθεν,
1530 2663 1568 2697 ὡς
1582 2665 1716 2699 οὐμενοῦν
1732 2666 1814 2700 αὐτὸς

1027 2706 1061 2732 δι’
1076 2706 1175 2733 ἑαυτοῦ
1197 2708 1298 2742 χωρίον
1314 2709 1459 2745 ἐκτήσατο.
1474 2709 1506 2736 Et
1535 2711 1591 2746 γὰρ
1611 2711 1625 2737 ὁ
1640 2711 1691 2744 τῆς
1704 2711 1812 2744 ἀδικίας

1029 2753 1125 2787 μισθὸς
1137 2773 1144 2785 ,
1160 2756 1284 2782 τουτέστι
1312 2755 1347 2783 τὰ
1369 2756 1516 2792 τριάκοντα
1540 2757 1676 2792 ἀργύρια,
1692 2759 1761 2794 πρός
1780 2768 1810 2792 γε

1027 2801 1089 2831 τοὺς
1100 2801 1240 2836 ἀρχιερεῖς
1257 2803 1323 2837 παρ’
1343 2803 1425 2830 αὐτοῦ
1439 2802 1486 2830 τοῦ
1500 2802 1587 2831 Ἰούδα
1602 2804 1715 2840 ῥιφῆναι
1725 2805 1810 2840 ἐφθει-
