1954 3068
141 158 197 190 905

806 158 991 190 EPlSTOLA
1013 159 1111 191 XVIF.

1713 155 1777 188 905-“

142 222 188 241 σεν
202 232 210 246 ,
227 214 273 250 ὑφ’
292 209 330 242 ὧν
356 214 403 241 καὶ
425 215 455 242 τδ
479 215 601 243 τοιοῦτον
623 216 725 251 χωρίον
746 215 903 251 ἠγόρααται
917 221 923 228 ·

977 214 998 241 si
1017 215 1052 241 ita
1075 221 1118 242 res
1133 221 1162 242 se
1180 214 1293 247 habent,
1308 213 1450 241 evidenter
1473 216 1636 240 errat-erunt
1660 211 1705 246 qui
1729 212 1765 237 ob

140 260 201 288 οὐδὲ
217 261 271 296 γὰρ
288 260 353 297 ἐξῆν
373 261 460 289 ταῦτα
477 262 570 297 βαλεῖν
585 263 624 294 είς
639 263 686 289 τὸν
707 262 861 297 κορϐωνᾶν,
887 270 926 288 τι-

144 307 197 341 μὴν
221 307 381 342 ὑπάρχοντα
399 304 514 342 αἵματος
527 315 535 322 ·
555 307 623 334 πότε
654 307 749 334 λοιπον
779 306 896 342 ῆπόθεν
912 306 926 332 ὁ

140 352 241 384 Ἰούδας
257 353 359 388 χωρίον
374 354 533 388 ὲκτήσατο;
551 354 632 389 εἴπερ
656 353 702 381 καὶ
721 353 823 388 μᾶλλον
844 354 873 379 ὲν
887 352 926 388 τῷ

139 398 194 433 ναῷ
210 398 292 434 ῥίψας
303 399 348 426 τὸν
361 400 410 434 τῆς
422 399 530 431 ἀδικίας
547 399 642 434 μισθὸν
654 401 757 437 ἀγχόνῃ
772 399 926 435 τηνικαῦτα

139 446 286 481 ἐχρήσατο.
311 447 418 474 ’Δλλων
441 448 533 474 τοίνυν
561 448 743 484 ἠγορακότων
760 448 843 480 αὐτὸς
859 449 927 482 ἀγο-

141 491 221 527 ράσαι
241 491 371 526 λέγεται,
394 493 432 524 ὡς
456 493 562 520 ἄνωθεν
587 493 708 529 εἴρηται.
742 494 772 520 Εἰ
791 493 819 520 δὲ
840 493 927 520 ταῦτα

138 537 225 570 οὕτως
251 538 321 573 ἔχει,
347 539 536 575 πεπλάνηνται
562 540 711 576 προφανῶς
724 541 749 568 οί
763 541 808 567 διά
827 549 858 574 γε
876 540 926 577 τὴν

138 584 184 611 τοῦ
199 585 300 619 χωρίου
322 585 402 620 δῆθεν
430 586 564 622 ὲξώνησιν
591 587 638 613 καὶ
654 587 735 622 ζῆσαι
760 587 805 614 τὸν
825 587 927 614 Ίούδαν

140 630 208 664 μετὰ
230 631 279 665 τὴν
309 631 428 667 ἀγχόνην
453 632 629 666 νομίσαντες.
650 632 683 659 Et
709 632 738 659 δὲ
759 633 807 659 καὶ
833 632 925 668 πρηνῆ

138 677 232 702 πεσεῖν
250 676 297 702 τὸν
313 676 417 704 Ἰούδαν
429 697 437 709 ,
462 677 574 705 λακίσαι
594 686 624 704 τε
652 678 736 712 μέσον
755 678 839 705 αὑτὸν
854 679 870 713 ἡ
887 678 925 713 βί-

138 721 201 752 ϐλος
216 721 372 757 διαγορεύει
392 722 447 749 τῶν
463 723 595 758 Πράξεων
607 744 615 757 ,
635 724 673 756 ὡς
688 723 790 750 ἀνωθεν
805 724 925 759 εἴρηται,

137 767 174 797 ὼ;
198 767 324 794 ἐντεῦθεν
349 768 440 794 δοκεῖν
467 768 654 795 ἐναντιοῦσθαι
672 769 799 804 ἀλλήλοις
825 770 876 804 τήν
896 778 926 796 τε

137 812 333 848 διαληφθεῖσαν
347 813 437 849 βίϐλον
462 815 509 841 καὶ
532 815 603 842 αὐτὰ
618 815 653 842 τά
671 815 732 850 ιερὰ
757 816 924 850 Εὑαγγέλια·

136 859 195 885 ἀλλ’
219 860 249 886 οὐ
267 860 394 887 τοσοῦτον
418 860 571 895 θαυμάζειν
596 852 643 889 ἐπὶ
660 862 767 894 τούτοις
786 871 817 889 σε
835 862 925 895 ἄξιον.

137 905 219 938 Εἰκὸς
233 907 288 941 γὰρ
305 907 353 934 καὶ
377 907 526 942 ἀμφότερα
544 908 634 935 ταῦτα
662 908 701 943 τῷ
716 910 776 936 τότε
797 908 830 945 [Γ.
844 909 873 936 ὲν
887 909 927 944 τῷ

137 953 198 978 τ’ῧτε
220 951 320 987 χρόνῳ]
336 952 475 986 γενέσθαι,
502 955 532 979 τὸ
559 953 737 988 τελειωθῆναι
752 963 781 980 τε
796 955 830 981 δι’
842 955 926 989 ἀγχό-

137 1006 186 1032 νης
203 998 296 1032 αὐτὸν,
319 999 367 1025 καὶ
386 999 417 1025 τὺ
442 1001 475 1027 τὰ
493 1000 647 1036 στιλάγχνα’
661 1000 744 1027 αὑτοῦ
766 1001 926 1037 ἐκχυθῆναι,

137 1043 174 1074 ὡς
190 1043 321 1075 πολλάκις
334 1044 501 1080 διείληπται,
523 1046 572 1073 ἅτε
592 1045 640 1073 τοῦ
661 1047 793 1073 καλωδίου
813 1047 927 1083 διαρρα-

136 1088 242 1121 γέντος,
269 1090 297 1116 ἐν
318 1086 339 1123 ᾧ
367 1090 527 1126 ἀπῃώρητο,
548 1091 695 1119 κάντεῦθεν
712 1093 753 1124 είς
773 1092 826 1127 γῆν
847 1100 927 1119 κατε-

138 1134 279 1169 νεχθέντος
299 1136 404 1162 ἐκείνου
420 1157 428 1170 ,
459 1137 506 1163 καὶ
535 1138 606 1164 οὕτω
633 1138 715 1173 μέσον
736 1138 927 1171 λελακικότος,

137 1179 174 1210 ὡς
201 1180 293 1215 θέαμα
323 1183 485 1216 προκεῖσθαι
512 1184 568 1215 τοῖς
588 1185 672 1211 πᾶσιν
694 1184 824 1218 ἐξαίσιον.
846 1185 927 1217 Ποῖος

136 1226 185 1252 καὶ
204 1227 256 1262 γὰρ
272 1227 354 1254 αὑτὸν
369 1228 466 1256 ἑαυτοῦ
484 1231 618 1265 γεγονότα
635 1232 785 1267 αὐτόχειρα
802 1232 818 1268 ἢ
833 1233 925 1269 ταφῆς

136 1272 204 1304 δλως
228 1273 356 1308 ἠξίωσεν,
373 1276 389 1311 ἢ
408 1276 479 1303 κατά.
505 1285 568 1305 τινα
589 1278 692 1313 τρόπον
708 1280 925 1315 περιεποιήσατο

135 1317 248 1352 ἓτερονς
278 1320 404 1346 Μάνθανε
433 1321 479 1349 οὖν
512 1323 651 1356 ἐντεῦθεν,
668 1324 707 1356 ὡς
736 1325 765 1351 ὲν
794 1326 864 1361 αὐτῇ
890 1327 924 1362 τῇ

136 1364 239 1400 ἀγχόνῃ
257 1366 286 1392 τὸ
309 1366 356 1393 τοῦ
376 1367 433 1402 βίου
457 1368 534 1400 τέλος
554 1370 674 1403 ἐδέξατο.
690 1371 742 1399 Ἴδε
759 1372 814 1407 γὰρ
825 1373 866 1399 δτι
878 1371 926 1400 καὶ

136 1411 151 1437 ὁ
179 1411 228 1446 τὴν
253 1412 377 1446 γλῶτταν
391 1414 509 1448 χρυσοῦς
536 1416 565 1442 ὲν
591 1417 624 1451 τῇ
643 1417 685 1448 είς
709 1417 739 1444 τὸ
765 1419 836 1444 κατὰ
851 1419 925 1446 Ματ-

137 1456 213 1482 υαῖον
231 1457 402 1491 Εὑαγγέλιον
413 1459 582 1496 ὀγδοηκοστῇ
597 1462 710 1497 πέμπτῃ
726 1463 821 1499 ὁμιλίᾳ
837 1464 923 1491 αὑτοῦ

136 1501 316 1537 διαλαμϐάνει
331 1504 382 1538 μὲν
400 1504 467 1540 περὶ
492 1507 542 1541 τῆς
570 1507 690 1542 ἀγχόνης
703 1507 750 1534 τοῦ
763 1508 860 1541 Ἰούδα,
878 1510 926 1536 καὶ

978 261 1034 295 agri
1052 261 1217 296 emptionem
1246 260 1342 288 ludam
1361 265 1422 296 post
1445 259 1652 295 suspensionem
1667 258 1767 285 vixis~c

977 308 1188 335 contenderunt.
1211 307 1333 342 Namque
1345 308 1367 335 si
1391 306 1489 334 Judam
1516 312 1680 340 suspensum
1706 312 1768 332 cre-

977 352 1072 387 puisse
1087 353 1208 380 medium
1222 353 1249 380 in
1263 353 1380 380 Actuum
1396 353 1466 380 libro
1483 355 1622 383 narratur,
1638 354 1669 377 ut
1685 357 1767 384 supra

978 398 1111 431 diximus,
1132 399 1231 426 exinde
1246 398 1426 433 sibimetipsis
1445 397 1634 425 contradicere
1651 395 1766 423 videan-

979 448 1022 471 tur
1040 444 1109 471 liber
1124 444 1298 479 supradictus
1313 448 1340 471 et
1355 445 1412 478 ipsa
1425 448 1519 470 sancta
1534 442 1679 478 Evangelia
1692 450 1699 475 ;
1718 441 1766 468 sed

977 498 1033 517 non
1047 491 1116 518 adeo
1130 490 1163 518 de
1179 490 1221 517 his
1236 490 1329 518 mirari
1347 490 1435 517 decet.
1452 489 1558 516 Etenim
1571 489 1625 516 duo
1638 489 1688 516 ista
1702 492 1768 515 tttnc

978 536 1037 564 ﬁeri
1054 537 1185 571 oportuit,
1202 536 1289 571 ipsum
1305 536 1432 563 videlicet
1449 535 1546 570 laqueo
1562 543 1577 561 e
1594 535 1648 561 vita
1664 534 1768 561 disces-

976 583 1057 616 sisse,
1078 587 1106 611 et.
1122 583 1219 610 diffusa
1235 582 1386 618 procidisse
1402 582 1507 610 viscera
1524 581 1599 615 ejus,
1618 581 1689 608 sicut
1701 587 1766 606 ,εω-

977 631 1039 665 pius
1053 630 1182 664 scriptum
1198 634 1256 662 est;
1272 629 1407 664 siquidem
1423 628 1508 656 fracto
1530 628 1627 662 laqueo
1640 635 1694 662 quo
1708 626 1768 654 fuc-

978 681 1021 704 rat
1038 683 1196 710 suspensus.
1225 681 1252 702 et
1268 675 1308 702 sic
1326 675 1384 710 ipso
1403 674 1430 701 in
1449 678 1548 701 terrain
1564 673 1684 708 delapso,
1710 680 1768 699 mc-

978 722 1040 749 dius
1057 722 1175 757 crepuit,
1192 726 1222 748 ut
1238 722 1337 748 mirttm
1355 721 1437 748 veluti
1453 721 1562 755 aliquod
1579 720 1684 756 signum
1710 727 1770 747 om-

977 768 1058 795 nibus
1075 772 1230 802 appareret.
1252 767 1320 800 Quis
1335 767 1408 794 enim
1423 767 1554 793 suicidam
1573 767 1611 793 vel
1626 766 1768 800 sepultura

978 814 1089 849 dignum
1107 813 1239 845 habebit,
1255 813 1298 841 vel
1321 813 1375 840 alio
1390 812 1508 847 quodam
1532 813 1613 839 modo
1639 813 1768 839 auxiliari

978 860 1124 888 voleI?Ab
1143 861 1194 887 hoc
1214 860 1297 895 igitur
1308 860 1394 890 disce.
1406 859 1478 894 quod
1498 859 1597 893 laqueo
1617 865 1769 893 suspensus

977 915 992 935 e
1009 908 1064 934 vita
1081 907 1216 935 discessit.
1241 907 1310 934 Ecce
1326 906 1398 933 enim
1417 905 1552 940 quomodo
1562 905 1769 940 Chrysostomus

978 954 1006 980 in
1024 954 1190 988 et-togcsima
1217 953 1314 986 quinta
1339 953 1366 980 in
1391 952 1588 985 evangelistam
1614 951 1769 978 Matuta-um

977 1000 1100 1032 homilia,
1111 1000 1146 1027 de
1158 999 1235 1027 Iudae
1245 999 1395 1035 proditoris
1410 999 1557 1034 suspendio
1567 999 1680 1034 ejusque
1693 998 1769 1025 exitu

977 1045 1132 1077 disserens,
1160 1046 1197 1072 nil
1224 1046 1342 1080 amplius
1368 1045 1452 1078 dicit;
1481 1045 1647 1080 proindeque
1671 1043 1767 1071 ludam

977 1098 1070 1126 postea
1091 1088 1263 1127 superstitem
1280 1100 1333 1120 non
1351 1091 1435 1119 fuisse
1449 1092 1508 1119 viro
1522 1091 1664 1118 illisancto
1680 1091 1769 1118 visum

977 1142 1036 1172 est,
1065 1143 1093 1165 ut
1118 1138 1239 1173 plerique
1260 1139 1444 1166 crediderunt.
1474 1138 1548 1165 Idem
1575 1137 1683 1164 divinus
1704 1144 1771 1164 con-

977 1183 1071 1211 ﬁtetur
1088 1184 1164 1211 Nilus
1188 1185 1281 1211 dicens
1296 1193 1303 1212 :
1324 1184 1393 1218 Quid
1409 1183 1484 1211 .ludze
1497 1183 1657 1218 profuerunt
1668 1182 1770 1211 Christi

977 1230 1093 1261 monita,
1118 1230 1182 1265 quid
1205 1230 1266 1264 ejus
1288 1230 1429 1263 miracula,
1446 1238 1508 1258 cum
1525 1235 1619 1265 postea
1640 1229 1737 1264 laqueo
1755 1237 1770 1256 e

977 1277 1032 1303 vita
1053 1276 1217 1304 dicesserit?
1235 1276 1298 1305 Haec
1323 1277 1406 1304 etiam
1429 1276 1603 1305 continuavit
1627 1276 1771 1310 presbyter

977 1320 1148 1356 Ammonius,
1164 1323 1258 1351 dicens
1274 1343 1282 1355 ,
1297 1323 1369 1359 quod
1384 1331 1445 1351 cum
1460 1323 1586 1351 Christus
1616 1323 1648 1349 ad
1668 1322 1772 1349 inferos

977 1370 1172 1400 descendisset.
1192 1370 1291 1398 animae
1306 1378 1413 1402 omnes,
1430 1374 1459 1398 et
1475 1370 1562 1405 ipsius
1575 1369 1652 1398 Judze
1664 1368 1768 1401 animal

977 1424 992 1443 a
1006 1416 1123 1445 vinculis
1139 1418 1234 1444 solutae
1255 1421 1331 1449 sunt,
1356 1425 1453 1445 omnes
1470 1425 1535 1445 vero
1550 1417 1691 1445 Christum
1715 1424 1773 1443 non

977 1467 1088 1495 secutas,
1106 1463 1153 1490 sed
1169 1467 1274 1490 tantum
1290 1463 1459 1491 credentium
1477 1465 1584 1491 animm.
1601 1463 1772 1498 Quapropter

978 1509 1000 1537 si
1016 1514 1079 1544 post
1104 1510 1282 1545 suspendium
1306 1511 1391 1538 Judas
1416 1516 1555 1546 Superstes
1579 1510 1688 1541 fuisset,
1703 1517 1772 1545 quo-

136 1547 186 1581 τῆς
211 1546 295 1575 αὑτοῦ
315 1549 453 1585 τελευτῆς
473 1550 546 1585 λέγει
570 1551 599 1578 δὲ
620 1552 695 1587 ὅμως
722 1553 816 1581 πλεῖον
835 1554 922 1582 οὐδέν.

977 1555 1057 1583 modo
1079 1556 1107 1583 in
1129 1556 1224 1583 inferis
1249 1556 1368 1583 animam
1398 1558 1458 1590 ejus
1486 1556 1594 1591 ligatam
1623 1555 1772 1583 invenisset

144 1591 189 1623 Ὠς
213 1593 340 1621 ἐντεῦθεν
366 1595 551 1631 ὑπεμφαίνειν
572 1597 619 1624 τὸν
648 1598 728 1633 ἆγιον
746 1601 813 1635 μηδὲ
832 1601 863 1628 τὸ
878 1610 925 1628 τυ-

138 1637 185 1672 χὸν
212 1639 343 1674 ὲπιζῆσαι
368 1641 415 1668 τὸν
429 1642 533 1670 Ἰούδαν
558 1643 736 1680 ὕστερον,ὡς
759 1648 784 1673 οί
813 1647 924 1681 πλείους

137 1682 276 1718 ᾠήθησαν.
292 1685 373 1713 Ἀλλὰ
389 1689 436 1713 καὶ
463 1690 476 1715 ὀ
497 1689 636 1723 Θειότατος
650 1691 746 1723 Νεῖλος
760 1693 827 1720 αὐτὸ
842 1694 922 1721 τοῦτο

137 1730 296 1766 παρίστησι,
309 1732 406 1767 λέγων·
422 1733 455 1761 Τί
474 1735 521 1762 τὸν
537 1736 640 1764 Ἰούδαν
668 1738 810 1774 ὠφέλησεν
837 1741 853 1776 ἡ
875 1741 923 1768 τοῦ

137 1776 258 1811 Χριστοῦ
287 1780 356 1814 πρὸς
373 1780 456 1808 αὑτὸν
482 1781 647 1810 διδασκαλία
672 1786 720 1811 καὶ
747 1786 925 1823 θαυματουρ-

137 1824 195 1858 γία,
220 1825 300 1857 εἴπερ
323 1828 352 1853 ὲν
367 1828 472 1864 ἀγχόνῃ
492 1830 537 1855 τὸν
564 1830 620 1864 βίον
642 1831 830 1867 κατέστρεψεν
846 1833 925 1860 ὕστε-

139 1879 202 1906 ρον;
226 1872 397 1900 Ἐπιϐεόαιοῖ
421 1874 448 1900 δὲ
463 1875 549 1901 ταῦτα
564 1878 637 1903 καὶὸ
653 1878 841 1914 πρεσϐύτερος
857 1880 925 1915 Ἀμ-

140 1916 240 1951 μώνιος
269 1919 377 1953 λέγων,
398 1920 439 1948 ὅτι
466 1921 514 1947 ¹τοῦ
538 1922 659 1957 Χριστοῦ
682 1925 859 1958 κατελθόντος
885 1927 925 1959 είς

139 1962 206 1998 ᾅδην
231 1965 356 2001 αῖψυχαὶ
380 1967 466 1993 πᾶσαι
489 1968 536 1994 καλ
554 1969 623 2005 αὐτὴ
643 1971 660 2005 ἡ
690 1971 737 1997 τοῦ
761 1971 847 1998 Ἰούδα
871 1973 931 2000 τῶν

138 2007 247 2044 δεσμῶν
280 2011 330 2046 μὲν
356 2011 532 2047 ἀπελύθησαν
546 2033 553 2046 ,
572 2015 664 2041 οὐκέτι
679 2016 707 2042 δὲ
721 2017 769 2043 καὶ
785 2018 871 2045 πᾶσαι
885 2019 925 2053 τῷ

140 2054 252 2091 Χριστῷ
280 2058 495 2092 συνανήλθοσαν,
525 2060 605 2095 μόναι
628 2061 657 2087 δὲ
674 2062 703 2088 αῖ
729 2064 924 2093 πιστεύσασαι.

139 2101 245 2127 Οὐκοῦν
267 2103 292 2129 εί
309 2105 379 2138 μετὰ
393 2105 442 2134 τὴν
457 2106 578 2141 ἀγχόνην
591 2107 605 2133 ὁ
617 2108 720 2140 Ἰούδας
734 2109 831 2144 ἔζησεν
847 2110 926 2137 ὕστε-

137 2155 195 2181 ρον,
212 2148 271 2180 πῶς
287 2150 317 2176 ὲν
330 2150 382 2185 ᾲδῃ
393 2151 443 2186 τὴν
460 2151 551 2187 ψυχὴν
575 2152 660 2180 αὑτοῦ
683 2154 831 2191 δεδεμένην
844 2157 925 2192 εὗρεν

136 2193 152 2253 <2
178 2193 302 2253 ιὲύριοςς
322 2195 440 2253 Εὔδηλον
457 2195 505 2224 οὖν
520 2198 680 2231 κάντεῦθεν,
695 2199 734 2232 ὡς
757 2201 786 2227 ὲν
802 2202 871 2238 αὐτῇ
888 2204 921 2239 τῇ
940 2225 960 2253 D

136 2239 239 2274 ἀγχόνῃ
254 2240 285 2265 τι)
300 2240 389 2275 χρεὼν
414 2242 639 2279 ὲλειτούργησεν.
658 2245 731 2282 Πλὴν
761 2247 811 2282 οὐχ
836 2248 923 2281 οὕτως

135 2285 183 2311 ἐπὶ
194 2285 243 2321 τὴν
259 2286 380 2321 ἀγχόνην
395 2288 521 2324 ἐλήλυθε,
545 2291 618 2318 καθά
633 2281 922 2329 τινεςΊύπειληφασιν,

135 2331 206 2358 ὥστε
224 2333 370 2368 προλαϐεῖν
387 2335 430 2361 τὸν
446 2335 561 2370 Χριστὸν
583 2338 634 2374 (l),
657 2340 704 2366 καὶ
724 2341 764 2372 είς
775 2340 842 2376 ᾅδην
855 2350 925 2369 κατ-

134 2378 223 2406 ελθεῖν
253 2380 302 2406 ἐπὶ
324 2381 363 2416 τῷ
389 2384 482 2417 τυχεῖν
513 2385 604 2411 ἐκεῖσε
629 2387 695 2421 παρ’
706 2387 791 2414 αὑτοῦ
812 2396 922 2424 συγχω-

139 2424 257 2458 ρήσεως.
283 2425 370 2452 Τοῦτο
391 2428 447 2462 γὰρ
467 2429 518 2456 οὐκ
541 2430 656 2458 ἀνιποτέ
678 2440 719 2463 τις
741 2433 922 2466 καταδέξαιτο

135 2469 267 2503 λογισμοῦ
286 2470 379 2506 κύρ.ο;
391 2472 438 2499 ἅν.
459 2473 487 2500 ’0
508 2474 562 2510 γὰρ
578 2476 721 2510 πωρωθεὶς
733 2477 780 2504 ἐπὶ
792 2479 922 2506 τοσοῦτον

136 2515 186 2550 τὴν
201 2516 335 2549 διάνοιαν,
362 2519 376 2544 ὁ
401 2520 561 2547 παντάπασι
585 2522 634 2557 τὴν
666 2524 766 2551 ἑαυτοῦ
784 2526 922 2559 ἀπογνοὺς

138 2563 290 2597 σωτηρίαν,
306 2563 364 2595 πῶς
388 2564 403 2599 ἢ
421 2566 490 2600 ποίῳ
504 2567 597 2602 τρόπῳ
614 2568 676 2595 καθ’
699 2570 796 2597 ἑαυτὸν
810 2571 922 2599 τοιαῦτα

137 2607 317 2643 συνέστρεψες
333 2610 393 2642 πῶς
410 2611 528 2645 ἐμελέτα
541 2613 681 2641 κατελθεῖν
695 2624 725 2642 τε
739 2617 778 2648 εις
791 2617 860 2653 ᾅδην
875 2619 924 2646 κά-

137 2655 211 2681 κεῖσε
229 2655 314 2682 Θεῖναι
345 2657 511 2692 μετάνοιανς
535 2660 640 2692 ¹Ἄλλως
665 2669 695 2688 τε
721 2663 804 2690 πόθεν
819 2664 923 2696 ἐκεῖνος

135 2701 271 2736 ἡκουσεν,
289 2701 305 2737 ἢ
340 2703 414 2735 τίνος
432 2697 558 2738 ε’ἰπόντος
583 2706 662 2733 τοῦτο
686 2709 860 2743 μεμάθηκεν,
879 2711 920 2737 ὅτι

135 2748 204 2782 πρὸς
218 2747 284 2783 ᾅδην
304 2750 442 2778 κατελθὼν
456 2753 470 2778 ὀ
485 2753 604 2788 Χριστὸς
618 2753 752 2789 κήρυγμα
777 2757 921 2790 μετανοίας

976 1601 1108 1629 Dominus
1126 1601 1215 1628 ?lndc
1237 1602 1318 1628 etiam
1350 1602 1432 1629 vitam
1447 1602 1545 1636 laqueo
1573 1609 1634 1628 eum
1669 1601 1771 1629 [iniisse

978 1652 1099 1682 apparet.
1119 1647 1172 1675 Sed
1192 1652 1283 1674 tamen
1312 1656 1367 1675 non
1387 1650 1439 1675 hac
1468 1648 1574 1675 ratione
1595 1648 1628 1674 ad
1643 1648 1769 1682 laqueum

978 1694 1064 1727 venit,
1091 1699 1122 1722 ut
1149 1694 1260 1730 quidam
1292 1695 1494 1727 existimarunt,
1527 1699 1556 1722 ut
1587 1697 1771 1721 anteverterct

978 1741 1130 1774 Christum,
1153 1745 1181 1768 et
1207 1741 1240 1768 ad
1258 1741 1361 1768 inferos
1383 1741 1553 1768 descendens
1570 1740 1604 1768 ab
1622 1747 1654 1767 eo
1671 1740 1724 1767 sibi
1738 1747 1771 1767 co

978 1787 1006 1814 in
1023 1789 1083 1814 loco
1101 1788 1207 1815 veniam
1223 1788 1394 1822 impetraret.
1410 1786 1439 1814 ld
1457 1787 1530 1814 enim
1547 1794 1630 1814 nemo
1645 1794 1769 1821 unquam

978 1833 1128 1865 admiserit,
1153 1833 1304 1861 dumtnodo
1324 1833 1431 1860 consilii
1449 1840 1560 1867 compos
1581 1833 1626 1860 sit.
1643 1832 1695 1865 Qui
1712 1837 1770 1860 etc-

977 1879 1035 1906 nim
1066 1881 1234 1906 tantumdem
1261 1879 1344 1907 corde
1370 1879 1522 1906 obduratus
1551 1883 1651 1912 est,et
1682 1879 1771 1906 modis

979 1925 1107 1953 omnibus
1131 1925 1164 1953 de
1189 1925 1299 1961 propria
1316 1925 1403 1952 salute
1429 1925 1597 1960 desperavit,
1628 1925 1767 1960 quomodo

978 1976 1026 1999 aut
1051 1979 1167 2006 quanam
1195 1973 1300 2000 ratione
1328 1973 1356 2000 in
1384 1980 1444 2000 sese
1468 1973 1568 2001 similia
1598 1973 1771 2000 resolvebat?

978 2017 1121 2050 Quomodo
1139 2019 1321 2046 meditabatur
1341 2019 1374 2046 ad
1398 2019 1501 2047 inferos
1518 2019 1694 2051 descendere,
1718 2019 1771 2046 ibi—

977 2072 1032 2100 que
1045 2064 1236 2099 pmnitentiam
1252 2065 1354 2100 agere?
1373 2065 1487 2100 Insuper
1506 2065 1642 2092 undenam
1659 2066 1703 2092 ille
1719 2073 1771 2093 au-

978 2110 1039 2143 diit.
1055 2115 1103 2138 aut
1117 2119 1171 2146 quo
1187 2111 1213 2138 id
1229 2110 1364 2138 referente
1380 2111 1502 2144 edidicit,
1518 2111 1654 2139 descensu
1671 2119 1721 2139 suo
1736 2113 1771 2140 ad

977 2156 1082 2184 inferos
1106 2157 1248 2186 Christum
1273 2157 1463 2194 paenitentiam
1487 2158 1543 2185 illis
1565 2158 1611 2193 qui
1636 2158 1672 2186 ibi
1691 2164 1771 2187 erant

977 2203 1197 2239 praedicaturum,
1215 2211 1305 2239 eoque
1317 2204 1486 2240 potissimum
1503 2204 1526 2231 si
1542 2204 1635 2232 audiat
1648 2205 1770 2240 quotidie

975 2249 1138 2284 Prophetam
1157 2250 1292 2278 dicentem
1307 2258 1314 2276 :
1330 2259 1339 2276 ι
1359 2251 1388 2278 in
1402 2250 1511 2278 inferno
1524 2255 1615 2278 autem
1631 2251 1692 2285 quis
1704 2258 1770 2278 con-

974 2295 1096 2323 ﬁtebitur
1121 2296 1190 2324 tibi?
1218 2307 1227 2323 l
1254 2296 1355 2324 Praeter
1372 2297 1427 2332 jam
1444 2297 1527 2330 dicta,
1547 2304 1564 2324 ο
1587 2296 1770 2324 sacratissimo

973 2349 1024 2373 Vir,
1041 2340 1105 2375 quid
1119 2341 1152 2368 de
1166 2340 1235 2368 Juda
1246 2340 1377 2377 Georgius
1390 2341 1532 2369 Cedrenus
1544 2342 1769 2377 chronographus

976 2393 989 2412 r
1007 2385 1075 2413 ferat
1094 2385 1164 2414 scire
1180 2390 1216 2419 te,
1234 2391 1262 2413 ut
1280 2386 1306 2413 id
1322 2394 1431 2421 quoque
1448 2395 1502 2415 non
1526 2392 1552 2415 te
1565 2387 1659 2419 lateat.
1675 2388 1768 2422 cupio.

977 2432 1072 2460 Tradit
1088 2432 1161 2460 enim
1179 2433 1251 2468 quod
1266 2433 1300 2460 ab
1316 2433 1448 2467 apostolis
1464 2434 1625 2462 sollicitatus
1639 2434 1723 2462 Judas
1739 2438 1769 2461 ut

977 2478 1123 2505 accederet
1138 2477 1258 2513 factique
1274 2478 1432 2513 paeniteret,
1449 2484 1609 2508 constanter
1622 2487 1768 2507 recusave-

978 2524 1023 2555 rit,
1036 2524 1152 2558 ideoque
1167 2524 1281 2551 audiens
1295 2523 1436 2552 Christum
1452 2524 1479 2551 in
1492 2525 1578 2552 caelos
1597 2525 1767 2557 ascendisse.

977 2570 1006 2598 in
1035 2574 1140 2598 tantum
1166 2571 1329 2598 tumefactus
1347 2575 1398 2604 est,
1424 2575 1453 2599 ut
1478 2572 1617 2606 crepuerit
1649 2572 1767 2599 medius.

978 2617 1011 2644 Et
1028 2616 1086 2644 haec
1100 2616 1211 2651 quidem
1226 2618 1260 2645 de
1281 2617 1363 2653 hujus
1379 2618 1522 2646 sententias
1539 2618 1680 2646 inanitate.
1698 2617 1770 2646 Eunt

977 2671 1059 2699 porro
1072 2663 1106 2691 de
1123 2665 1231 2700 propria
1247 2665 1334 2692 salute
1347 2665 1548 2700 desperantem,
1565 2672 1620 2691 non
1635 2665 1706 2700 apud
1723 2665 1765 2692 itt-

977 2712 1050 2739 t'eros
1066 2711 1101 2739 de
1118 2711 1205 2739 salute
1221 2717 1376 2747 sperantem
1395 2713 1492 2747 laqueo
1508 2712 1571 2738 vita:
1594 2711 1674 2738 ﬁnem
1693 2719 1767 2745 quaa-

976 2757 1066 2790 siisse.
1079 2766 1193 2795 magnus
1202 2758 1369 2786 Athanasius
1385 2757 1529 2786 manifesto
1539 2757 1633 2785 docuit
1651 2756 1678 2784 in
1692 2765 1767 2792 qua:-

170 2837 209 2872 (l)
223 2836 297 2872 Hec,
315 2840 343 2866 ni
361 2840 452 2876 (alim,
471 2845 612 2872 sententia
629 2850 670 2872 cst
686 2845 810 2878 Gregorii
831 2846 1010 2877 Nazianzeni.
