1954 3068
189 127 238 159 9'1

188 241 268 268 quam
282 234 305 262 si
319 233 407 261 adhuc
422 234 449 261 in
461 233 513 261 vita
528 239 628 265 esset";

484 165 487 169 ‘
819 129 1029 161 MICHAELIS
1055 131 1186 163 GLYC/E

187 195 217 214 se
236 187 336 219 ferens,
354 194 444 214 rerum
461 195 475 214 a
488 194 518 215 se
529 192 651 215 actarum
664 186 765 216 clarius
776 188 974 222 recordabitur,

1032 190 1074 216 iul.
1084 190 1115 216 τδ
1128 190 1346 225 μνημονευτικδν
1358 191 1408 226 τῆς
1421 191 1510 228 ψυχῆς
1522 193 1606 220 αὑτοῦ
1620 194 1710 229 φέρει,
1723 195 1814 230 πολλῷ

1763 136 1814 168 919

1030 235 1132 271 μᾶλλον
1146 235 1201 262 τῶν
1215 236 1306 264 πεδῶν
1320 237 1337 272 ή
1353 236 1427 273 ψυχὴ
1445 239 1517 273 μετὰ
1535 239 1649 267 θάνατον
1664 239 1804 275 ἐλευθερω

189 282 266 309 θεῖσα
278 281 326 308 τοῦ
343 283 480 319 σώματος,
503 285 551 312 καὶ
574 285 665 321 γυμνὴ
690 285 746 312 τῶν
760 284 860 320 ἑαυτῆς
873 285 1004 320 γενομένη
1025 284 1139 316 παθῶν,
1164 284 1349 321 καθαρότερόν
1372 294 1402 312 τε
1427 286 1459 313 τὸ
1487 288 1704 322 μνημονιυτικδν
1728 288 1814 325 αὐτῆς

187 329 249 355 τότε
264 330 385 364 φέρουσα
395 351 403 364 ,
417 331 465 359 καὶ
478 331 527 368 τὴν
541 333 639 368 νοερὰν
670 333 813 368 αῐσθησιν,
826 332 880 359 τῶν
896 331 996 367 ἑαυτῆς
1015 330 1180 367 τρανότερον
1195 331 1383 367 μνησθήσεται
1399 332 1539 368 πράξεων,
1555 333 1571 368 ή
1586 333 1631 361 ὅτε
1646 334 1686 361 ἔτι
1701 334 1810 366 (tim...

188 375 277 410 (Dem
292 376 409 411 folium.)

225 423 290 451 5....
298 421 331 451 Ει
340 424 415 452 chori
427 429 498 452 tres:
508 431 623 459 quorum
634 423 739 460 primus
753 424 884 452 trinarius
896 424 974 456 orulo.

189 469 306 503 Throni,
318 470 479 504 Cherubim,
493 471 636 507 Seraphin:
653 472 702 499 :hi
721 476 785 500 sunt
794 472 848 499 loci
858 472 975 507 quietis:

189 514 235 543 hic
261 515 363 550 quietis
388 523 457 550 aqua
484 515 554 544 Deus
582 521 633 550 est,
650 525 731 552 supra
760 518 859 545 solium
884 518 977 553 gloria:

188 561 289 589 sedens
313 562 483 597 praemiaque
516 563 643 598 centupla
673 563 790 591 reddens
806 564 839 591 iis
857 564 903 599 qui
922 564 976 591 ίι-ιι⁴

187 613 262 635 ctum
278 608 312 635 ad
328 609 478 643 perfectam
501 609 623 644 centupii
647 617 805 638 mensuram
834 610 974 643 tulerunt;

187 648 338 687 secundus,
354 654 574 689 Dominationes,
586 654 710 684 Virtutes
740 660 768 682 et
795 655 950 683 Potestates
964 665 970 682 :

189 701 215 728 bi
235 705 300 729 sunt
317 701 512 729 viridescentes
531 702 709 730 recreationis
734 702 798 733 loci,
810 701 856 730 hic
870 701 974 737 placida

190 748 309 783 Spiritus
333 748 421 776 sancti
447 749 534 784 gratia
553 748 695 776 innumera
723 748 833 784 praemia
856 748 975 784 largiens

189 793 233 822 his
248 793 294 829 qui
315 795 349 821 ad
365 801 526 821 mensuram
548 795 746 830 sexagesimam
766 793 886 822 fructum
906 794 974 822 tule-

189 845 270 874 runt;
289 841 397 874 tertius,
423 839 609 876 Principatum,
634 841 810 876 Archangeli,
822 840 929 876 Angeli:
947 840 974 868 hi

1060 426 1130 457 γη...
1150 421 1204 449 Καὶ
1221 422 1312 456 τάξεις
1324 425 1400 459 τρεῖς
1412 432 1419 440 ·
1438 424 1496 452 εστι
1513 425 1542 452 δὲ
1558 426 1572 452 ό
1589 425 1698 460 πρῶτος
1712 427 1816 461 τριαδι-

1027 469 1074 502 κὸς
1089 469 1239 504 διάκοσμος
1253 469 1356 505 θρόνοι,
1371 471 1516 505 χερουσὶμ,
1533 472 1656 507 σεραφίμ
1666 480 1674 488 ·
1689 469 1763 500 οὗτοί
1777 473 1819 499 εί-

1027 524 1069 542 σιν
1081 516 1106 542 οἱ
1117 515 1196 542 τόποι
1209 515 1259 550 τῆς
1270 516 1452 548 ἀναπαύσεως
1463 525 1470 533 ·
1485 516 1550 544 ἔνθα
1562 520 1592 544 τὺ
1604 517 1677 553 ὕδωρ
1688 517 1738 552 τῆς
1749 519 1817 545 ἁνα-

1027 560 1155 593 παύσεώς
1169 562 1244 588 ἐστιν
1257 562 1271 588 ό
1284 562 1362 596 Θεὸς,
1377 563 1425 589 ὲπὶ
1439 562 1535 597 θρόνου
1551 563 1630 598 δόξης
1645 564 1815 599 καθήμενος,

1029 609 1075 635 καὶ
1098 608 1245 643 ἀπονέμων
1266 608 1523 640 ἑκατονταπλασίως
1546 609 1596 640 τὰς
1618 609 1737 641 άμοισὰς
1758 611 1818 641 τοῖς

1029 655 1069 685 είς
1082 654 1127 681 τδν
1140 654 1243 681 τέλειον
1258 652 1305 681 τοῦ
1320 654 1466 681 ἑκατοοτοῦ
1484 654 1584 689 μέτρου
1599 656 1817 691 καρποφορῆσα-

1029 708 1071 726 σιν
1084 707 1092 715 ³
1109 701 1122 726 ὁ
1137 698 1263 735 δεύτερος
1278 699 1449 734 κυριότητες,
1466 700 1597 735 δυνάμεις
1612 701 1659 728 καὶ
1674 700 1798 733 ἐξουσίαι
1808 708 1817 717 ”

1028 745 1101 772 οὗτοί
1117 747 1185 772 εἰσιν
1199 746 1223 772 oi
1241 745 1348 781 χλοεροὶ
1363 746 1414 780 τῆς
1431 745 1593 781 ἀναψύξεως
1607 747 1703 781 τόποι,
1716 747 1733 782 ή
1750 747 1818 782 χλόη

1028 792 1077 825 τῆς
1097 790 1146 817 τοῦ
1166 791 1245 825 ἁγίου
1266 790 1427 826 Πνεύματος
1447 792 1639 824 ἀναπαύσεως,
1661 793 1821 828 παρέχουσα

1028 837 1218 865 πολλαπλάσια
1234 838 1269 864 τὰ
1289 837 1405 874 βραϐεῖα
1423 839 1479 870 τοῖς
1497 838 1538 870 είς
1554 838 1584 866 τὺ
1607 839 1689 874 μέσον
1706 840 1754 866 τοῦ
1776 840 1820 873 ἐξ·

188 892 253 914 sunt
265 887 402 922 splendidi
422 887 562 923 divinique
576 887 639 921 loci,
653 887 707 920 Qubi
731 887 831 922 quietis
847 887 974 915 taberna-

1032 883 1145 919 ηκοστοῦ
1160 883 1261 918 μέτρου
1274 885 1521 927 καρποφορήσασιν
1532 892 1538 899 ·
1552 885 1567 912 ὸ
1577 884 1668 920 τρίτος
1680 885 1708 912 δὲ
1721 886 1820 920 ἀρχαὶ,

188 933 292 966 culum,
307 933 369 961 (ιωιί
385 934 448 961 novi
474 940 599 968 novaque
613 938 686 961 terra
700 942 707 960 :
723 933 769 960 bic
784 937 827 960 est
840 932 882 960 sol
893 933 974 967 justi-

189 979 234 1006 tiae
246 978 373 1007 Christus
386 979 460 1007 Deus
478 984 582 1013 noster,
590 980 705 1015 justitia:
724 987 840 1008 coronas
854 979 974 1015 largiens

188 1026 222 1054 iis
249 1026 296 1061 qui
320 1026 356 1054 ad
383 1033 542 1055 mensuram
577 1026 744 1054 tricesimam
774 1025 920 1056 ministerii
942 1033 975 1053 ac

189 1072 381 1100 retributionis
412 1072 532 1100 fructum
562 1073 720 1108 centuplum
751 1072 873 1100 tulerunt
901 1080 908 1099 :
932 1072 975 1099 vir

188 1119 263 1148 enim
280 1123 394 1147 sanctus
414 1119 487 1154 apud
513 1126 564 1146 nos
580 1118 761 1152 hierarchiam
786 1123 815 1146 et
837 1118 973 1150 ordinem,

188 1163 316 1191 cccleSles
340 1163 411 1191 inter
435 1163 561 1197 virtutes,
578 1163 607 1191 in
628 1163 769 1199 proprium
797 1163 972 1191 lucrabitur:

190 1210 270 1244 cujus
295 1210 386 1238 locum
417 1216 534 1246 occupat
561 1210 587 1238 in
613 1210 798 1238 ecclesiastica
822 1209 894 1245 apud
924 1217 975 1237 nos

190 1257 355 1289 liierarcbia,
371 1256 405 1284 ad
422 1257 493 1284 hanc
509 1262 570 1292 pest
589 1257 694 1285 obitum
711 1261 833 1288 evectus,
846 1260 874 1283 et
893 1255 975 1290 hujus

190 1303 278 1330 bacres
302 1302 417 1332 en‘ectus
447 1303 581 1338 quiescet,
611 1303 701 1330 locum
730 1302 818 1337 ipsum
849 1302 974 1335 sortitus,

189 1348 293 1376 rlarum
304 1348 351 1376 Dei
364 1348 463 1383 quietis
478 1346 656 1375 domicilium.

1028 929 1213 965 άρχάγγελοι,
1236 929 1367 964 ἄγγελοι·
1390 926 1463 957 οὗτοι
1483 930 1554 957 εἰσιν
1576 931 1601 958 oi
1623 931 1751 965 φωτεινοὶ
1771 931 1820 958 καὶ

1028 977 1096 1004 θεῖοι
1108 978 1199 1009 τόποι,
1212 977 1277 1004 ἔνθα
1291 977 1308 1012 ἡ
1327 974 1413 1011 σκηνὴ
1426 975 1477 1010 τῆς
1491 975 1700 1008 καταπαύσεως,
1717 977 1741 1003 οἱ
1758 985 1822 1003 και-

1028 1023 1070 1050 νοὶ
1084 1023 1194 1058 οὐρανοὶ
1209 1022 1256 1048 καὶ
1270 1023 1287 1058 ή
1302 1023 1382 1057 καινή
1398 1022 1434 1056 γῆ
1448 1041 1456 1053 ,
1474 1021 1520 1048 καὶ
1535 1023 1549 1048 ὁ
1563 1022 1640 1057 ἣλιος
1654 1023 1703 1057 τῆς
1716 1022 1821 1049 δικαιο-

1029 1070 1113 1105 σύνης
1127 1070 1186 1096 ἐστὶ
1201 1069 1319 1104 Χριστὸς
1333 1069 1347 1095 ὁ
1360 1068 1427 1100 Θεὸς
1440 1068 1520 1103 ήμῶν
1534 1068 1680 1100 ἀποδιδοὺς
1692 1069 1757 1100 τοὺς
1769 1069 1822 1103 τῆς

1026 1113 1199 1150 δικαιοσύνης
1222 1114 1371 1152 στεφάνους
1388 1115 1444 1145 τοῖς
1466 1113 1507 1145 είς
1524 1113 1673 1149 τριάκοντα
1690 1113 1736 1140 τὸν
1754 1114 1821 1140 στά-

1027 1169 1077 1196 χυν
1107 1161 1158 1195 τῆς
1178 1160 1346 1196 προστασίας
1368 1159 1416 1186 καὶ
1432 1159 1483 1194 τῆς
1502 1159 1672 1194 ἀντιλήψεως
1688 1160 1742 1186 τῶν
1759 1160 1821 1186 δεο-

1029 1207 1119 1242 μένων
1139 1206 1276 1242 πολύχουν
1297 1206 1545 1241 καρποφορήσασιν
1558 1213 1565 1221 ·
1585 1206 1660 1237 ὅστις
1680 1205 1736 1232 τῶν
1756 1206 1820 1232 καθ’

1027 1253 1102 1288 ἡμᾶς
1115 1252 1197 1288 ίερῶν
1210 1251 1317 1287 ἀνδρῶν
1327 1252 1358 1278 τδ
1371 1251 1436 1278 ίδιον
1449 1251 1582 1286 κτήσεται
1597 1251 1662 1286 μιᾶς
1675 1251 1821 1286 ῑεραρχίας

1029 1300 1077 1326 καὶ
1094 1299 1199 1332 τάξεως
1216 1298 1272 1326 τῶν
1291 1299 1348 1326 άνω
1365 1298 1510 1333 δυνάμεων
1521 1305 1529 1314 ⁶
1542 1295 1584 1333 Ῐῆς
1602 1296 1757 1332 ἀναπληροῖ
1772 1296 1821 1323 τὸν

1028 1346 1111 1372 τόπον
1125 1345 1155 1372 ὲν
1167 1346 1200 1380 τῇ
1216 1344 1434 1380 ὲκκλησιαστικῇ
1450 1344 1498 1371 καὶ
1513 1343 1575 1370 καθ’
1589 1344 1662 1378 ἡμᾶς
1678 1342 1821 1378 ῐεραρχίᾳ,

190 1397 219 1421 ὲν
235 1395 328 1430 ἐκείνῃ
360 1395 406 1422 καὶ
426 1394 496 1430 μετὰ
532 1394 635 1428 πότμον
663 1393 854 1428 ἀνερχόμενος,
872 1391 920 1419 καί
950 1392 1153 1427 συναπτόμενος
1177 1392 1267 1427 αὐτῇ,
1282 1391 1473 1424 ἀναπαύεται,
1487 1390 1570 1417 τόπον
1583 1389 1668 1425 αὐτὴν
1681 1390 1821 1425 εὑρίσκων

192 1441 260 1469 Θεοῦ
275 1441 406 1475 φωτεινδν
420 1441 613 1473 ἀναπαύσεως.

228 1490 255 1517 Δ.
279 1489 458 1518 Peccatorum
483 1490 582 1518 animat.
598 1490 730 1523 tenebris,
746 1493 774 1517 et
793 1489 975 1517 immunditiis

1063 1490 1094 1517 δ’.
1114 1489 1146 1516 Δί
1161 1490 1188 1517 δὲ
1201 1489 1286 1524 ψυχαὶ
1299 1489 1353 1517 τῶν
1367 1488 1539 1524 ἁμαρτωλῶν
1552 1488 1634 1516 αὗται
1648 1488 1687 1519 ὡς
1703 1487 1823 1523 πλήρεις

193 1540 222 1562 ct
253 1539 375 1563 stercore
402 1535 436 1562 ab
465 1536 571 1569 angelis
588 1536 635 1563 irae
662 1534 794 1562 ministris
819 1534 973 1566 fmdantur;

1032 1535 1130 1571 ζόφου,
1154 1537 1201 1563 καὶ
1223 1535 1374 1570 δυσοσμίας
1396 1536 1444 1562 καὶ
1467 1535 1555 1569 ῥύπου
1579 1534 1656 1569 παρὰ
1678 1534 1822 1561 κολαστῶν

194 1586 277 1616 atque
293 1581 337 1609 bis
361 1581 482 1609 tenebris
510 1582 648 1614 involutae,
676 1581 768 1608 invitae
791 1585 818 1608 et
843 1588 907 1608 cum
922 1584 977 1608 tre-

194 1637 283 1662 more,
299 1633 327 1657 et
346 1636 446 1663 pavore
457 1633 483 1656 et
504 1633 579 1656 metu
597 1628 630 1655 ad
647 1627 750 1655 inferos
767 1631 795 1654 et
807 1626 835 1654 in
847 1627 978 1654 obscuros

193 1684 319 1705 carceres
332 1681 468 1712 protrustc
485 1675 634 1703 immundis
650 1674 792 1709 spiritibus
813 1679 842 1701 ut
857 1673 979 1701 custodi-

193 1722 243 1748 bus
263 1721 417 1748 traduntur.
447 1720 497 1747 Hic
522 1719 698 1747 tenebrarum
728 1719 857 1754 princeps
881 1717 977 1745 attenti

192 1767 264 1803 ignis
286 1766 403 1794 ﬂammis
426 1770 524 1801 captus
544 1765 693 1793 includitur
716 1773 779 1792 cum
803 1765 887 1792 sociis
908 1764 976 1792 suis.

193 1813 271 1841 Scire
285 1820 399 1841 necesse
413 1816 456 1840 cst
471 1811 545 1847 quod
562 1811 676 1847 mystica
689 1810 776 1839 ollicia
800 1816 827 1838 et
844 1810 978 1838 sacriﬁcia

193 1867 243 1894 pro
259 1860 302 1887 his
320 1859 367 1895 qui
386 1859 484 1887 mortis
503 1865 645 1894 peccatum
669 1858 867 1887 commiserunt
888 1857 977 1885 oblata

193 1907 349 1934 t‘rustranea
366 1911 446 1939 sunt;
462 1905 505 1933 bis
518 1912 583 1933 vero
609 1904 656 1940 qui
675 1905 739 1931 talia
762 1911 817 1932 non
832 1903 978 1932 commise-

194 1957 259 1980 runt
270 1952 390 1980 maxime
409 1956 535 1987 prosunt.
551 1946 696 1979 Peccatum
718 1950 833 1978 mortale
850 1948 978 1977 incredu-

194 1999 256 2026 litas
267 2003 319 2030 est.
332 2004 360 2026 et
369 1998 534 2033 desperatio,
547 1998 723 2032 impaenitens
739 2004 797 2029 cor,
813 2001 841 2024 et
852 1995 978 2031 blasphe-

195 2044 249 2072 mia
262 2044 382 2079 Spiritus
395 2044 494 2075 sancti,
512 2048 540 2070 et
551 2043 692 2072 Christum
717 2049 829 2077 negare,
845 2046 873 2069 et
889 2041 977 2069 haere-

196 2092 279 2119 ticum
294 2091 322 2119 in
337 2091 429 2126 aliqua
444 2090 540 2118 haeresi
561 2094 701 2118 mortuum
716 2096 787 2118 esse.

1030 1586 1155 1620 ἀγγέλων
1183 1585 1230 1612 καὶ
1260 1583 1418 1616 σκοτεινῶν,
1438 1583 1596 1618 ἀῦουλήτως
1614 1582 1661 1609 καὶ
1681 1582 1752 1617 μετὰ
1769 1582 1824 1616 φό-

1032 1631 1079 1658 ϐου
1095 1627 1195 1663 δεινοῦ,
1211 1631 1314 1666 τρόμου
1330 1638 1360 1656 τε
1376 1629 1423 1656 καὶ
1438 1629 1549 1662 δειλίας,
1564 1629 1605 1660 εις
1635 1628 1699 1664 ᾅδου
1716 1628 1823 1663 μυχοὺς

1015 1678 1079 1705 γκαὶ
1098 1678 1137 1708 είς
1157 1676 1281 1712 φρουρὰς
1298 1677 1436 1712 γνοφερὰς
1456 1676 1642 1710 ἀπαγόμεναι,
1660 1674 1824 1710 παραδίδον-

1031 1732 1077 1750 ται
1092 1722 1276 1758 φρουράρχοις
1291 1722 1446 1757 πνεύμασιν
1461 1722 1629 1756 ἀκαθάρτοις
1639 1741 1646 1753 ,
1663 1720 1727 1747 ἔνθα
1742 1721 1756 1746 ὁ
1772 1719 1823 1747 τοῦ

1031 1770 1145 1801 σκότους
1169 1770 1261 1805 ἄρχων
1282 1769 1323 1800 είς
1344 1769 1431 1804 πυρὸς
1453 1768 1564 1796 αἰωνίου
1585 1768 1710 1803 τηρεῖται
1734 1766 1825 1793 ὑπέκ-

1030 1823 1125 1850 καυμα
1139 1815 1210 1849 μετὰ
1223 1815 1276 1842 τῶν
1290 1815 1392 1850 ὁμοίων
1405 1814 1499 1841 αὑτοῦ.
1516 1812 1616 1840 ἰστέον
1629 1813 1670 1839 ὅτι
1682 1813 1709 1838 αἱ
1723 1820 1823 1847 μυστι-

1031 1862 1077 1888 καὶ
1091 1861 1200 1888 τελεταὶ
1213 1861 1260 1888 καὶ
1274 1860 1366 1889 θυσίαι
1382 1860 1453 1895 ὑπὲρ
1466 1859 1522 1886 τῶν
1536 1858 1715 1895 ἁμαρτόντων
1729 1857 1826 1892 ἁμαρ-

1030 1908 1092 1935 τίαν
1112 1908 1162 1943 τὴν
1180 1908 1247 1943 πρὸς
1266 1907 1384 1934 θάνατον
1401 1906 1542 1941 γινόμεναι
1564 1905 1653 1939 μάτην
1674 1903 1800 1938 γίνονται
1814 1910 1824 1918 ν

1029 1955 1085 1986 τοῖς
1104 1953 1133 1980 δὲ
1153 1954 1191 1989 μὴ
1218 1953 1304 1985 οὕτως
1323 1952 1518 1988 ἁμαρτήσασιν
1539 1950 1676 1985 ὠφελοῦσι
1691 1949 1725 1976 τὰ
1744 1949 1827 1984 μέγι-

1030 2009 1091 2028 στα.
1100 1999 1133 2026 Ἡ
1150 1999 1179 2026 δὲ
1189 1998 1256 2034 πρὸς
1267 1997 1382 2025 θάνατον
1399 1995 1520 2032 ἁμαρτία
1537 1994 1610 2022 ἐστὶν
1619 1992 1765 2029 ήὰπιστία,
1776 1992 1827 2019 καὶ

1029 2047 1046 2081 ή
1059 2046 1226 2080 ἀπόγνωσις,
1238 2045 1286 2071 καὶ
1301 2044 1332 2070 τδ
1350 2043 1388 2078 μὴ
1405 2043 1556 2077 μετανοεῖν,
1566 2041 1615 2079 καὶ
1630 2041 1647 2075 ή
1663 2038 1826 2075 βλασφημία

1034 2091 1081 2118 τοῦ
1116 2091 1194 2125 ἁγίου
1218 2089 1393 2124 Πνεύματος,
1424 2087 1470 2115 καὶ
1501 2087 1531 2114 τὸ
1564 2085 1736 2122 ἀρνήσασθαι
1776 2085 1826 2111 τὸν

1036 2137 1165 2172 Χριστὸν,
1177 2136 1226 2163 καὶ
1240 2136 1271 2162 τὺ
1287 2134 1425 2170 αἱρετικὸν
1435 2133 1583 2161 ἀποθανεῖν
1598 2133 1627 2158 ὲν
1642 2130 1824 2166 αίρέσειτινί.

232 2183 259 2211 5.
280 2182 333 2210 Sed
365 2182 431 2210 illud
455 2189 562 2217 quoque
589 2181 660 2208 scire
686 2187 799 2208 necesse
826 2185 878 2212 est,
905 2179 977 2215 quod

1067 2183 1098 2212 ε’,
1120 2183 1181 2218 Χρὴ
1205 2183 1252 2209 καὶ
1273 2182 1353 2208 τοῦτο
1375 2180 1532 2215 γινώσκειν,
1554 2180 1595 2206 ὅτι
1616 2178 1666 2209 τὰς
1688 2177 1828 2211 τεσσαρά-

195 2229 374 2265 quadraginta
401 2228 522 2256 diuturni
555 2228 645 2255 luctus
672 2227 730 2255 dies
751 2226 894 2262 tripliciter
916 2233 979 2260 par-

197 2276 237 2304 ιειί
263 2281 328 2304 sunt
354 2275 480 2311 apostoli.
511 2275 538 2301 in
566 2274 664 2307 tertia,
703 2281 775 2301 nona
805 2278 833 2301 ct
861 2272 980 2308 quadra-

197 2323 311 2358 gesima.
347 2321 388 2349 Ita
422 2321 502 2348 etiam
542 2320 674 2348 Dominus
714 2319 772 2354 ipse
800 2323 862 2354 post
891 2319 980 2347 tertiae

196 2368 250 2396 dici
279 2367 510 2395 resurrectionem
534 2367 654 2402 seipsum
680 2366 822 2402 discipulis
849 2365 980 2398 ostendit,

195 2414 285 2448 januis
311 2414 422 2446 clausis,
453 2417 481 2440 et
507 2413 655 2441 insumavit
685 2413 782 2440 dicens
819 2421 826 2440 :
860 2412 982 2447 Accipitc

197 2461 330 2497 Spiritum
347 2466 472 2488 sanctum
490 2470 496 2488 :
513 2467 540 2488 et
558 2465 618 2495 post
632 2459 691 2488 dies
705 2465 767 2488 octo
790 2466 855 2488 ecce
872 2459 983 2492 iterum,

198 2511 259 2542 post
274 2507 504 2535 resurrectionem
520 2507 591 2534 intra
604 2510 666 2534 octo
676 2506 743 2538 dies,
757 2506 848 2533 denuo
859 2504 986 2540 apparuit

197 2554 250 2581 eis.
269 2553 444 2589 Evangelista
472 2553 545 2581 enim
563 2553 629 2580 dum
646 2553 724 2585 dixit,
748 2551 814 2579 Post
830 2551 889 2578 dies
909 2556 983 2583 octo,

199 2599 411 2628 resurrectionis
437 2599 508 2627 diem
533 2607 587 2627 non
611 2599 779 2635 computavit
802 2606 856 2634 qua
881 2597 985 2625 inclusa

199 2654 297 2674 novem
314 2651 502 2674 numerantur.
518 2646 674 2674 Secundum
691 2646 761 2673 banc
784 2645 916 2673 rationem
935 2651 985 2671 nos

198 2702 231 2722 cx
245 2694 289 2722 die
301 2693 450 2729 sepulturas
462 2694 496 2721 ad
510 2700 610 2720 nonam
626 2692 668 2720 bis
691 2692 816 2719 fulicrum
825 2690 984 2719 memoriam

199 2742 306 2776 agimus
331 2748 339 2767 :
367 2739 472 2776 pariter
501 2743 530 2767 et
564 2739 598 2766 de
627 2738 818 2773 quadraginta,
850 2737 984 2773 siquidem

200 2788 411 2824 quadragesima
426 2787 471 2815 die
485 2789 644 2821 assumptus
659 2789 701 2813 est
721 2785 864 2812 Dominus.

1033 2239 1116 2258 κοντα
1132 2230 1242 2265 ἡμέρας
1258 2228 1305 2255 τοῦ
1324 2226 1440 2254 παλαιοῦ
1459 2227 1575 2258 πένθους
1590 2225 1674 2261 τριχῆ
1690 2224 1829 2255 διελόντες

1033 2278 1057 2305 oi
1070 2277 1226 2310 ἀπόστολοι,
1243 2276 1283 2307 είς
1299 2274 1388 2309 τρίτα,
1405 2275 1504 2301 ἔννατα
1532 2272 1581 2300 καὶ
1597 2270 1809 2306 τεσσαρακοστά.
1819 2279 1827 2286 ·

1033 2323 1120 2355 οὕτως
1137 2324 1191 2359 γὰρ
1209 2323 1257 2350 καὶ
1273 2321 1356 2353 αὐτὸς
1373 2322 1387 2347 ὁ
1404 2320 1508 2353 Κύριος
1526 2318 1596 2354 μετὰ
1610 2319 1659 2353 τὴν
1675 2317 1830 2352 τριήμερον

1033 2371 1143 2404 ἔγερσιν
1156 2368 1238 2396 αὑτοῦ
1252 2367 1424 2402 ἐφανέρωσεν
1438 2365 1535 2399 ἑαυτὸν
1548 2365 1604 2396 τοῖς
1619 2361 1831 2398 μαῦηταῖς,τῶν

1034 2417 1124 2451 θυρῶν
1141 2413 1353 2448 κεκλεισμένων,
1367 2412 1414 2440 καὶ
1430 2410 1597 2446 ἐνεφύσησεν
1613 2409 1703 2439 αὐτοῖς
1721 2407 1809 2441 λέγων
1821 2415 1828 2422 ·

1036 2460 1147 2488 Λάϐετε
1163 2459 1287 2494 Πνεῦμα
1301 2459 1400 2492 ἅγιον.
1417 2456 1473 2483 Καὶ
1489 2455 1548 2491 μεθ’
1560 2454 1669 2490 ἡμέρας
1685 2452 1758 2479 ὀκτὼ
1774 2451 1830 2478 πά-

1036 2507 1078 2533 λιν
1092 2507 1147 2533 ίδοὺ
1162 2505 1232 2541 μετὰ
1243 2505 1293 2541 τὴν
1308 2503 1457 2530 ἀνάστασιν
1472 2501 1546 2532 ὲντδς
1558 2500 1614 2526 τῶν
1626 2499 1698 2526 ὀκτὼ
1713 2498 1830 2533 ἡμερῶν

1038 2553 1167 2588 δεύτερον
1182 2553 1268 2586 ἐφάνη
1283 2551 1374 2582 αὐτοῖς
1387 2559 1393 2565 ·
1412 2549 1497 2575 εἰπὼν
1513 2547 1567 2582 γὰρ
1581 2547 1596 2574 ό
1609 2544 1810 2580 εὑαγγελιστὴς
1828 2567 1829 2570 η

1035 2599 1100 2635 μεθ’
1115 2598 1229 2633 ἡμέρας
1255 2596 1351 2629 ὀκτὼ,
1375 2595 1426 2631 τὴν
1450 2593 1637 2628 άναστάσιμον
1663 2591 1770 2627 ἡμέραν
1797 2589 1830 2616 οὐ

1039 2645 1226 2680 συνηριθμησε
1236 2651 1244 2659 ·
1261 2643 1319 2678 μετ’
1332 2643 1440 2677 ἐκείνης
1452 2640 1518 2676 γοῦν
1532 2640 1610 2666 ιννέα
1623 2635 1832 2672 καταριθμοῦνο

1038 2699 1100 2718 ται·
1117 2692 1188 2718 κατὰ
1202 2691 1267 2724 γοῦν
1282 2691 1328 2717 τὸν
1341 2689 1426 2716 τύπον
1440 2688 1535 2715 τοῦτον
1549 2687 1630 2722 ἡμεῖς
1647 2684 1701 2712 ἀπὸ
1715 2684 1766 2718 τῆς
1781 2691 1830 2709 ταο

1041 2739 1095 2773 φῆς
1108 2738 1161 2769 ἕως
1173 2738 1228 2764 τῶν
1241 2737 1359 2764 ὲννάτων
1371 2734 1498 2770 δεύτερον
1510 2734 1559 2765 τὰς
1574 2733 1669 2768 μνείας
1681 2730 1734 2757 τῶν
1746 2729 1830 2756 ὁσίων

1041 2785 1253 2820 κεκοιμημένων
1281 2783 1459 2818 ἐπιτελοῦμεν
1473 2790 1480 2798 '
1498 2781 1598 2817 ὁμοίως
1609 2780 1638 2808 δὲ
1655 2780 1702 2805 καὶ
1717 2776 1751 2804 τὰ
1769 2783 1822 2802 τεσ-

203 2834 360 2871 σαρκκοστὰ
371 2855 379 2868 ,
394 2834 489 2868 ἐπειδὴ
506 2834 538 2869 τῇ
554 2834 760 2869 τεσσαρακοστῇ
779 2832 871 2868 ἡμέρᾳ
889 2831 1028 2867 ἀνελήφθη
1043 2833 1056 2858 ὁ
1070 2832 1184 2866 Κύριος.
