1954 3068
125 143 179 176 913

396 203 571 233 ΕΠΙΣΤΟΛΗ
590 207 643 234 IH’.

129 258 173 292 τῷ
182 259 344 299 agiturquo
349 261 472 299 μονᾳχῷ
481 262 706 299 καίγδομεστίκῳ
713 265 793 299 κυρῷ
800 266 913 299 Ἡσαΐᾳ.

161 309 195 333 -_—
202 296 238 333 _Et
250 295 482 333 χρὴ-προσέχειν
491 298 552 331 τοῖς
564 295 720 333 λέγουσιν’,
729 295 813 329 dit-al
823 295 914 330 ἀπελί-

161 330 270 367 θοῦσαι
282 331 341 357 τῶν
352 332 444 366 ἁγίων
455 333 552 367 ψυχαί
565 330 641 360 καὶά
655 330 720 361 τινα
733 335 829 364 τόπον
839 338 913 365 ἀνα-

162 366 407 406 θξαυόμενμι-οῠτε
423 366 542 406 ῥέον-ται
553 368 629 406 ὑπὲρ
641 369 735 403 ἡμῶν,
745 368 914 406 αὐτοπροσζ

161 399 246 440 duco);
270 400 309 440 ςῷ
325 402 443 440 Χριστῷ
457 399 686 438 παριστὰμὲνᾶι,
703 399 852 440 οὗτειτοῖξ
865 408 913 435 ὲν-

159 434 255 462 ταῦθα
269 434 542 471 ὄλωςίὲφΙσταν-ἰναι
553 446 560 453 '
576 434 627 466 aiat
644 434 711 474 περὶ
727 434 844 476 ψυχῆςί

160 493 196 517 α’.
207 491 238 518 οι
251 491 415 524 ἀπελθόντες
428 493 513 528 ἅγιοι,
527 494 619 527 καθὼς
632 495 824 532 ἐδιδάχθημεν,
837 498 913 527 οὔπω

127 536 177 571 μὲν
203 538 368 572 ἐκομίσαντο
392 540 442 573 τὴν
465 541 631 576 ἐπαγγελίαν
656 543 779 579 δι’ἠμᾶς
803 545 913 577 πάντως

126 584 197 611 κατὰ
210 584 256 611 τὸν
272 586 359 620 μέγαν
377 586 550 621 ’Δπόστολον,
567 589 610 616 ἵνα
627 590 664 626 μὴ
679 591 762 626 χωρὶς
777 593 857 627 ἡμῶν
869 601 913 619 τε·

123 631 274 659 λειωθῶσιν
285 640 291 647 ·
306 632 454 667 ἀρῤαὗῶνα
467 634 491 661 δ’
500 635 574 670 ὅμως
588 636 721 672 ἐσχήκασι
734 638 788 664 τῶν
800 639 912 666 ἀποκει-

127 677 218 711 μένων
235 678 328 710 αὐτοῖς
348 679 460 713 ἀγαθῶν
478 681 549 707 κατὰ
565 681 612 708 τὸν
629 684 843 718 χρυσορῤήμονα
865 685 912 711 καὶ

123 721 196 748 θεῖον
213 721 338 758 Ἰωάννην
355 723 386 750 τὸ
405 724 475 758 μετὰ
494 725 652 761 παρρησίας
671 727 855 762 παρίστασθαι
872 728 912 763 τῷ

122 766 194 801 Θεῷ,
206 767 236 793 τὸ
253 767 362 794 δέεσθαι
383 768 452 804 ὑπὲρ
465 769 561 804 ἡμῶν,
580 771 627 797 καὶ
643 771 673 798 τὸ
692 772 825 807 κατάγειν
842 772 911 808 πρὸς

121 813 196 847 ἡμᾶς
209 813 314 839 ἄνωθεν
327 814 382 840 πᾶν
394 814 510 849 δώρημα
522 816 636 844 τέλειον.
648 817 710 843 Ὀτι
724 817 753 844 δὲ
765 818 851 846 ταῦτα
866 818 911 846 οὔ·

120 863 174 887 τως
191 855 265 891 ἔχει,
284 859 331 885 καὶ
348 857 431 885 αὐτοῦ
446 859 494 886 τοῦ
512 856 648 895 Κύρίλλου
665 861 790 896 λέγοντος
805 864 887 891 ἀκουε
901 872 909 880 ”

125 903 158 930 Ἠ
174 903 271 938 λογικὴ
288 904 363 940 ψυχὴ
379 905 425 932 καὶ
444 907 513 940 μετά
527 907 577 942 τὴν
591 907 640 934 τοῦ
656 907 784 943 σώματος
800 910 908 945 ἀναχώσ

121 957 200 984 ρησιν
220 950 267 976 καὶ
286 949 320 986 ζῇ
341 951 388 977 καὶ
406 951 530 987 διαμένει
550 953 598 992 καὶ
619 954 696 981 λαλεῖ
715 955 907 992 καταλλήλως,

121 995 167 1022 καὶ
181 996 287 1032 ἐνεργεῖ
297 1005 304 1012 ·
320 997 453 1030 ὡσαύτως
466 999 515 1026 καὶ
527 982 595 1026 Θεῶ
609 1001 827 1036 προστάσσοντος
841 1003 908 1029 ἀπο-

119 1041 258 1068 στέλλεται
272 1043 313 1074 είς
328 1043 403 1070 τόνδε
418 1044 464 1071 τὸν
478 1045 535 1080 βίον
550 1045 594 1072 διὰ
609 1046 709 1083 πολλὴν
723 1047 885 1082 εὐεργεσίαν
898 1056 904 1064 ·

118 1088 165 1113 καὶ
187 1088 242 1123 γὰρ
267 1088 444 1125 αὑτοκίνητος
467 1088 553 1123 οὖσα,
575 1092 702 1119 οὐδέποτε
725 1092 906 1129 ἀνενέργητος

119 1133 207 1168 μένει.
227 1133 310 1161 Ταῦτ’
322 1135 369 1162 οὖν
387 1136 542 1163 ἐπισεσαιοί
561 1138 610 1164 καὶ
627 1139 641 1164 ὀ
661 1138 747 1173 μέγας
768 1139 906 1172 Βασίλειος

117 1178 189 1206 οὕτω
210 1179 296 1214 λέγων
309 1188 318 1197 ⁸
336 1181 446 1216 Ἀμέλει
464 1183 512 1210 καὶ
532 1183 605 1210 κατά
624 1184 687 1215 τοὺς
707 1185 840 1219 ἀγγέλους
859 1186 905 1212 τοῦ

115 1227 275 1260 σωματικοῦ
299 1226 411 1254 λυθεῖσα
435 1228 536 1263 διο·μοῦ
562 1230 579 1265 ἡ
602 1229 685 1266 ψυχὴ.
708 1231 849 1259 ἀναϐαίνει
875 1241 905 1259 τε

115 1273 162 1299 καὶ
174 1273 336 1301 καταϐαίνει
345 1294 353 1308 ,
368 1274 415 1301 καὶ
428 1275 624 1303 ἀποστέλλεται
637 1276 671 1303 δι’
683 1277 844 1312 εὐεργεσίαν
858 1279 906 1305 καὶ

114 1318 249 1353 ὠφέλειαν
272 1320 400 1348 πολλῶν·
425 1323 545 1357 ὁπηνίκα
569 1322 663 1349 λοιπὸν
687 1323 830 1359 διηθῶμεν
856 1325 905 1359 τῆς

114 1365 205 1391 αὐτῶν
220 1366 361 1400 μεσιτείας
372 1375 403 1393 τε
418 1368 466 1394 καὶ
480 1368 664 1404 ἀντιλήψεως,
678 1370 744 1396 ποτὲ
761 1371 810 1405 μὲν
823 1371 904 1398 αὗται

113 1410 148 1437 δι’
159 1411 264 1438 ἑαυτῶν
276 1413 342 1448 ἡμῖν
356 1413 527 1448 ἐφίστανται,
542 1415 608 1442 ποτὲ
621 1415 648 1442 δὲ
662 1416 720 1443 ἀντ’
732 1417 823 1444 αὐτῶν
836 1418 904 1445 θεῖοι

114 1458 268 1485 στέλλονται
283 1459 408 1493 ἄγγελοι,
421 1459 469 1485 καὶΙ
484 1459 571 1486 ἐνίοτε
587 1461 657 1496 αὑτὴ
673 1461 690 1496 ἡ
704 1462 751 1488 τοῦ
767 1464 904 1498 παναγίου

114 1504 270 1540 [Ινεύματος
295 1506 384 1541 χάρις,
408 1506 445 1538 ὡς
469 1506 533 1539 οίδε,
551 1507 711 1542 παραδόξως
735 1508 884 1536 ὀπτάνεται
898 1517 906 1525 ·

797 153 982 185 EPISTOLA
1003 155 1114 187 XVIII.

1704 161 1753 192 9M

1216 215 1385 245 EPISTULA
1415 217 1510 246 XVIII.

965 270 1085 299 Maxime
1111 274 1259 300 venerando
1286 275 1410 302 monacho
1436 280 1461 303 et
1492 276 1633 304 dontestico
1658 276 1754 303 domno

999 305 1136 345 [atticen—7
1147 308 1220 335 Nunt
1231 310 1376 336 adhibenda
1393 311 1456 344 ﬁdes
1469 312 1502 337 sit
1516 311 1671 342 dicentibus,
1686 311 1755 345 quod

1000 342 1060 381 hinc
1075 342 1477 381 profeclw_sanctorumra‘nimm
1490 347 1517 372 in
1533 346 1647 381 aliquem
1659 342 1756 379 quietis

1000 377 1096 408 locum,
1117 378 1312 416 ηοη-,Ῑαῃιλρνο
1334 380 1407 406 nobis
1433 389 1520 415 preces
1547 377 1705 416 {acinum—ac
1726 381 1756 406 in

1000 417 1136 443 conspectu
1166 413 1265 440 Christi
1288 419 1404 442 astantes
1426 413 1500 443 nullo
1522 413 1599 443 modo
1629 417 1661 442 de
1684 420 1756 442 terra

999 452 1093 473 curant
1107 455 1117 474 :
1133 449 1194 475 item
1209 449 1239 475 de
1253 449 1355 477 anima.
1788 451 1792 458 ζ

1000 505 1025 531 I.
1047 504 1140 532 Sancti
1159 505 1222 533 hinc
1239 507 1353 540 profecti
1367 527 1375 540 ,
1393 512 1423 535 ut
1439 508 1611 542 audivimus,
1627 510 1752 537 nondum

964 551 1160 586 promissiones
1170 558 1282 587 propter
1292 561 1344 581 nos
1357 556 1614 589 acceperunt,juxta
1624 563 1753 592 magnum

963 597 1135 631 Apostolum,
1155 606 1189 625 ne
1207 599 1322 626 seorsim
1339 607 1353 626 a
1373 600 1451 627 nobis
1473 600 1650 634 perﬁciantur
1673 609 1680 627 :
1704 601 1755 628 bo—

962 651 1059 671 norum
1080 652 1145 672 vero
1160 645 1234 680 ipsos
1254 647 1422 673 manentium
1449 646 1547 681 pignus
1560 645 1752 680 obtinuerunt,

962 689 1110 715 secundum
1126 689 1249 716 divinum
1265 689 1400 717 Joannem
1417 690 1657 726 ChrysOstomum,
1678 691 1755 718 vide-

961 734 1025 761 licet
1042 734 1069 761 in
1081 740 1230 769 conspectu
1245 735 1291 763 Dei
1311 735 1470 764 liducialiter
1485 742 1576 764 astare
1591 756 1598 769 ,
1611 744 1661 772 pro
1675 737 1754 764 nobis

962 788 1052 820 orare,
1072 784 1100 808 at
1118 781 1152 809 ad
1168 789 1220 809 nos
1239 789 1322 809 omne
1340 782 1442 810 donum
1464 783 1616 817 perlectum
1633 783 1754 818 desuper

960 826 1069 854 atl'erre.
1084 826 1162 860 Quod
1191 831 1282 855 autem
1312 828 1368 855 haec
1391 827 1427 854 ita
1455 835 1485 855 se
1511 828 1638 861 habeant,
1663 828 1752 862 ipsum

960 871 1092 907 Cyrillum
1109 873 1246 900 dicentem
1263 873 1325 901 audi
1346 881 1353 900 :
1372 873 1525 901 Rationalis
1551 874 1643 900 anima
1668 874 1752 901 etiam

961 922 1023 953 post
1040 918 1165 953 corporis
1178 918 1344 946 solutionem
1362 923 1389 945 et
1409 918 1493 952 vivit,
1508 921 1536 945 et
1553 922 1706 953 permanet.
1724 922 1752 945 et

960 963 1085 991 similiter
1098 964 1229 999 loquitur,
1241 969 1269 992 et
1279 964 1335 1000 agit
1347 974 1353 997 ;
1367 964 1405 992 ita
1417 965 1510 998 etiam,
1524 964 1578 992 Deo
1590 963 1705 999 iubente
1716 963 1752 991 ob

959 1011 1071 1038 multam
1087 1011 1231 1038 utilitatem
1247 1011 1275 1039 in
1296 1011 1366 1038 hanc
1383 1011 1466 1038 vitam
1481 1011 1601 1038 mittitur
1616 1017 1624 1036 :
1647 1009 1750 1038 etenim

958 1064 973 1084 a
988 1056 1078 1091 seipsa
1097 1061 1201 1084 motum
1218 1057 1367 1092 accipiens,
1381 1063 1444 1084 actu
1459 1064 1554 1084 carere
1569 1057 1673 1091 nequit.
1686 1056 1751 1083 Ilzec

958 1102 1041 1137 igitur
1062 1102 1145 1130 etiam
1168 1111 1281 1138 magnus
1304 1102 1420 1130 Basilius
1438 1102 1480 1130 bis
1501 1102 1593 1130 verbis
1606 1097 1720 1129 a'ﬂlrmat
1739 1110 1747 1129 :

958 1147 1056 1176 Procul
1071 1148 1166 1181 dubio,
1182 1149 1253 1176 sicut
1269 1149 1371 1184 angeli,
1384 1149 1520 1184 corporali
1536 1150 1625 1176 soluta
1640 1149 1750 1176 vinculo

958 1194 1049 1222 anima
1065 1194 1197 1228 ascendit,
1213 1199 1295 1230 atque
1309 1188 1462 1227 descendit.
1488 1199 1516 1223 et
1539 1195 1575 1222 ob
1597 1197 1748 1230 multorum

959 1240 1090 1267 utilitates
1106 1241 1244 1273 mittitur;
1264 1248 1328 1268 cum
1347 1249 1398 1269 nos
1422 1241 1545 1276 ipsarum
1566 1241 1749 1276 patrocinium

956 1290 984 1313 et
997 1287 1194 1320 protectionem
1208 1287 1401 1321 deprecamur,
1413 1287 1559 1322 aliquando
1572 1287 1638 1322 ipsa:
1651 1291 1749 1322 sponte

956 1331 1036 1359 nobis
1061 1332 1237 1365 auxiliantur,
1260 1333 1408 1367 aliquando
1433 1333 1553 1368 ipsarum
1578 1333 1640 1361 loco
1662 1332 1748 1360 divini

957 1378 1102 1404 mittuntur
1120 1378 1221 1414 angeli,
1243 1378 1390 1412 aliquando
1405 1379 1487 1406 etiam
1514 1379 1602 1406 sancti
1627 1378 1748 1414 Spiritus

957 1424 1056 1459 gratia,
1068 1428 1099 1451 ut
1122 1424 1174 1454 illi.
1191 1424 1355 1452 mirabiliter
1374 1429 1506 1460 apparet,
1525 1425 1659 1460 siquidem
1689 1425 1749 1452 sive

961 1469 1062 1501 sancti,
1082 1469 1140 1497 sive
1158 1469 1258 1504 angeli,
1275 1474 1369 1505 utpote
1395 1470 1448 1505 ipsi
1461 1471 1555 1499 cuncti
1572 1471 1749 1498 circumscri-

959 1513 998 1547 pti
1013 1522 1065 1541 una
1082 1515 1232 1550 eademque
1257 1516 1324 1543 hora
1352 1516 1434 1543 variis
1457 1515 1484 1543 in
1501 1516 1568 1544 locis
1588 1521 1747 1543 occurrunt.

111 1553 159 1580 ἁτε
174 1553 205 1589 δὴ
222 1553 259 1588 μὴ
274 1553 433 1588 δυναμένων
447 1554 503 1580 εἴτε
516 1553 571 1580 τῶν
586 1553 673 1588 ἁγίων
687 1574 694 1587 ,
720 1553 775 1580 εἴτε
806 1554 862 1582 τῶν
877 1556 1020 1593 ἀγγέλων,
1038 1562 1222 1597 περίγραπτοι
1241 1562 1291 1597 μὲν
1308 1562 1364 1598 γὰρ
1381 1559 1455 1591 οὗτοι
1478 1565 1579 1595 πάντες
1607 1563 1750 1599 ὑπάρχου-

112 1607 170 1631 σιν,
189 1601 219 1626 ὲν
243 1600 294 1636 μ.ιᾲ
316 1600 364 1626 καὶ
387 1601 420 1635 τῇ
436 1600 505 1636 αὐτῇ
531 1599 591 1636 ὥρᾳ
614 1600 686 1628 κατὰ
711 1601 859 1636 διαφόρους
873 1603 973 1637 τόπους
989 1607 1180 1643 εὑρίσκεσθαι,

147 1648 269 1683 β’.”Αφες
283 1645 340 1680 οὖν,
355 1649 379 1675 εί
395 1648 496 1683 βούλει,
510 1649 556 1675 τδν
571 1649 657 1683 μέγαν
665 1648 824 1676 Ἀθανάσιον
835 1658 842 1666 ·
859 1651 896 1687 μὴ

986 1655 1014 1684 2.
1030 1657 1213 1686 Praetermitto
1233 1667 1310 1694 ergo,
1329 1659 1352 1687 si
1365 1660 1463 1695 placet,
1480 1667 1607 1695 magnum
1624 1659 1747 1687 Athana-

112 1695 180 1730 πρὸς
203 1694 282 1729 ὕϐριν
305 1694 406 1729 ἑτέρων
425 1694 460 1721 τὰ
480 1695 584 1722 ἐκείνου
604 1695 778 1731 παρείσαγευ
801 1697 826 1723 εί
845 1697 901 1732 γὰρ

112 1741 162 1767 καὶ
177 1741 245 1775 πρὸς
264 1740 400 1775 'Av'rioxov
414 1741 428 1767 ὁ
444 1740 516 1772 θεῖος
531 1741 610 1773 οὗτος
627 1741 697 1777 ἀνὴρ
712 1742 827 1769 τοιαῦτά
841 1752 902 1770 τινα

113 1787 194 1821 δῆθεν
214 1788 372 1823 εὑρίσκεται
392 1788 518 1823 γράφων,
539 1789 596 1816 ἀλλ’
608 1789 659 1816 οὐκ
682 1790 728 1816 ἐπὶ
747 1790 838 1825 τούτῳ
857 1800 901 1817 τε-

113 1834 282 1870 θαρῤηκέναι
304 1843 334 1860 σε
360 1835 423 1869 χρὴ,
449 1835 597 1862 κάντεῦθεν
618 1836 681 1867 τοὺς
702 1836 901 1872 διαληφθέντας

112 1880 215 1906 ἀνωθεν
230 1879 321 1912 ὁσίους
338 1880 438 1915 ἄνδρας
457 1880 621 1915 κακολογεῖν
635 1889 641 1896 ·
659 1881 729 1916 τάχα
747 1881 801 1917 γὰρ
820 1882 901 1917 ἠγνό-

112 1934 201 1961 ηκας,
217 1926 258 1953 ὅτι
272 1927 306 1952 τὰ
320 1926 406 1953 πλείω
420 1926 474 1954 τῶν
490 1927 558 1962 πρὸς
576 1927 713 1962 Ἀντίοχον
728 1928 882 1955 νενόθευται
892 1949 900 1962 ,

113 1974 160 2000 καὶ
176 1973 217 2000 ὄτι
232 1973 271 2008 τῷ
286 1973 401 2008 καθαρῷ
418 1973 484 2008 σίτῳ
501 1973 547 2000 καὶ
565 1974 677 2008 ρυπώδη
693 1975 755 2001 τινὰ
771 1976 900 2010 παραμέ-

114 2028 220 2054 μικται.
239 2020 312 2052 Καὶ,
329 2020 354 2046 εί
371 2019 480 2054 βούλει,
496 2020 635 2054 ἀνάγνωθι
652 2021 686 2047 τὰ
703 2021 855 2056 κεφάλαια,
871 2023 900 2049 ὲν

107 2057 153 2098 ὀἷς
172 2067 237 2102 περὶ
254 2066 346 2093 κοινοῦ
363 2067 486 2094 διδάσκει
502 2067 557 2094 τῶν
574 2068 729 2103 ἀνθρώπων
745 2069 900 2105 ἀναγνωρι-

113 2113 205 2147 σμοῦ,
229 2113 276 2140 καὶ
298 2113 391 2147 γνοίης
416 2113 449 2140 ἂν
472 2113 597 2140 ἐντεῦθεν
619 2114 741 2150 εὐχερῶς
761 2115 810 2151 τὴν
832 2116 899 2151 ἀλή,

113 2159 190 2186 θειαν
201 2166 209 2174 ·
229 2159 297 2194 μηδὲ
315 2161 368 2195 γὰρ
385 2161 414 2190 ἐς
431 2160 560 2187 τοσοῦτον
578 2161 747 2195 μανείημεν,
764 2162 801 2194 ὡς
818 2163 899 2189 αὑτὸν

113 2206 201 2232 είπείν
218 2205 264 2232 τὸν
282 2206 371 2240 μέγαν
389 2205 550 2234 Ἀθανάτων
566 2206 756 2234 ἐναντιοῦσθαί
775 2216 842 2234 ποτε
860 2208 899 2244 τῷ

114 2251 164 2285 τῆς
182 2252 344 2286 Ἐκκλησὶας
362 2251 496 2288 όρθοδόξῳ
515 2255 682 2289 φρονήματι.
701 2253 772 2289 Πρὸς
793 2255 898 2287 τούτοις

112 2299 141 2324 δὲ
157 2299 170 2325 ὁ
186 2298 257 2330 θεῖος
272 2295 349 2331 οὗτος
364 2299 433 2333 ἀνὴρ
449 2299 575 2336 φαίνεται
590 2301 766 2335 μεμνημένος
782 2301 830 2327 τοῦ
847 2310 897 2336 με-

113 2345 198 2379 γάλου
219 2345 360 2372 Βασιλείου
372 2366 379 2378 ,
396 2347 443 2372 καὶ
462 2333 598 2381 ’Ῑσιδώρού
616 2333 662 2373 τοῦ
676 2333 877 2382 ’Πηλοιισιὼτου
890 2367 897 2380 ,

113 2393 160 2427 ἀφ’
172 2390 202 2420 οὒ
217 2394 263 2419 καὶ
279 2394 380 2428 μᾶλλον
394 2393 612 2429 διαγινώσκομεν
625 2395 662 2426 ὡς
678 2396 706 2421 ἐν
723 2395 838 2431 ἀληθείᾳ
854 2404 898 2422 νε-

952 1702 1033 1736 sium,
1043 1710 1092 1731 nec
1107 1711 1169 1731 eum
1180 1704 1240 1732 aliis
1253 1705 1278 1731 in
1291 1705 1466 1740 opprobrium
1477 1705 1540 1733 cita.
1554 1706 1611 1732 Etsi
1624 1705 1696 1733 enim
1711 1705 1746 1732 ad

951 1749 1116 1777 Antiochum
1132 1750 1241 1778 divinus
1257 1751 1302 1778 ille
1325 1751 1366 1779 vir
1381 1751 1443 1778 talia
1466 1751 1611 1786 scripsisse
1644 1751 1747 1786 reperi-

953 1799 1007 1828 tur,
1029 1804 1080 1824 nec
1098 1796 1164 1824 huic
1183 1796 1233 1824 tibi
1248 1796 1441 1824 conﬁdendum
1457 1801 1509 1830 est,
1524 1804 1573 1825 nec
1592 1805 1672 1832 supra
1688 1804 1747 1824 me-

952 1848 1072 1870 moratos
1087 1847 1197 1871 sanctos
1227 1843 1302 1870 viros
1327 1843 1490 1870 calumniari
1521 1843 1584 1871 licet
1605 1843 1746 1872 :iortasse

951 1889 1025 1915 enim
1068 1888 1202 1923 praeteriit
1236 1889 1310 1924 quod
1342 1889 1416 1924 apud
1453 1890 1618 1917 Antiochum
1651 1890 1743 1925 plera-

952 1942 1004 1969 que
1023 1934 1077 1961 sint
1110 1935 1274 1968 adulterata,
1292 1939 1319 1962 et
1342 1936 1414 1970 quod
1428 1935 1500 1963 bono
1511 1935 1647 1964 frumento
1661 1936 1744 1963 etiam

951 1979 1074 2014 quaedam
1092 1981 1186 2015 spuria
1206 1985 1270 2008 sunt
1286 1981 1429 2009 immisla?
1444 1981 1473 2008 Si
1494 1981 1594 2016 placet,
1608 1982 1744 2016 prmeipua

952 2025 1020 2061 lege,
1045 2026 1146 2061 quibus
1164 2026 1199 2053 de
1221 2027 1361 2054 communi
1390 2027 1530 2054 hominum
1561 2035 1645 2055 sensu
1676 2028 1744 2055 edo-

951 2073 1034 2105 ceris,
1051 2076 1078 2100 et
1101 2073 1139 2100 ibi
1162 2072 1233 2100 forte
1247 2074 1390 2101 veritatem
1413 2074 1493 2101 facile
1518 2074 1638 2101 noveris.
1667 2074 1744 2101 Absit

950 2119 1023 2146 enim
1038 2119 1107 2146 adeo
1122 2127 1173 2147 nos
1188 2119 1320 2152 insanire,
1337 2125 1366 2146 ut
1379 2120 1469 2155 ipsum
1483 2128 1610 2155 magnum
1623 2119 1745 2148 Athana-

950 2165 1022 2193 sium
1035 2166 1196 2194 orthodoxa:
1214 2166 1342 2194 Ecclesia:
1357 2166 1489 2194 doctrina:
1502 2167 1649 2202 aliquando
1662 2175 1744 2202 repu-

950 2220 1032 2248 gnare
1043 2212 1177 2240 dicamus.
1189 2213 1325 2241 Praeterea
1339 2213 1447 2241 divinus
1458 2213 1502 2241 ille
1513 2214 1554 2241 vir
1567 2213 1656 2249 magni
1669 2213 1742 2241 Itasi—

951 2252 979 2285 lii
997 2258 1156 2286 meminisse
1171 2259 1280 2286 videtur
1292 2280 1300 2291 ,
1315 2267 1367 2286 nec
1380 2267 1434 2286 non
1445 2259 1542 2287 Isidori
1557 2259 1712 2292 Pelusiotae,
1728 2267 1743 2286 ιι

951 2312 1005 2339 quo
1016 2305 1114 2332 melius
1138 2305 1229 2332 adhuc
1245 2305 1341 2339 audire
1356 2305 1428 2338 licet,
1443 2306 1514 2340 quod
1532 2305 1667 2340 praecipua
1684 2305 1744 2332 loca

954 2351 1107 2378 adulterata
1136 2355 1216 2384 sunt;
1237 2351 1260 2379 si
1277 2351 1350 2378 enim
1382 2351 1419 2378 ita
1442 2359 1471 2378 se
1487 2359 1530 2378 res
1548 2359 1603 2378 non
1619 2351 1744 2382 haberet,

950 2398 1117 2438 griorﬁmtate
1133 2403 1303 2433 posterorum
1317 2398 1474 2426 meminisse
1492 2407 1557 2426 sane
1571 2407 1624 2426 non
1642 2401 1744 2434 posset'

114 2443 237 2470 νὸθευται
264 2443 298 2469 τὰ
327 2443 508 2477 διαληφθέντα
536 2443 672 2479 κεφάλαια
682 2452 689 2459 ·
705 2444 729 2471 εί
746 2445 783 2480 μὴ
797 2444 852 2480 γὰρ
864 2445 943 2472 τἰὖτο
956 2444 989 2479 ἦν
1001 2468 1008 2480 ,
1024 2448 1074 2474 οὐκ
1089 2447 1122 2475 ἂν
1138 2449 1151 2475 ὁ
1168 2447 1385 2483 προγενέστερος
1400 2448 1454 2474 τῶν
1469 2447 1656 2482 ὑστερογενῶν
1674 2456 1745 2482 μεμ-

113 2490 229 2524 νημένος
241 2489 374 2524 ἐφαίνετο.

148 2537 182 2573 γ’.
198 2539 260 2565 Ὀτι
282 2539 310 2565 δὲ
327 2539 414 2572 ταῦτα
423 2538 509 2570 οὕτως
530 2538 598 2574 ἔχει,
616 2540 662 2567 καὶ
680 2539 717 2571 ὡς
736 2540 786 2567 οὐχ
804 2540 832 2567 έν
847 2549 900 2567 τινι

111 2584 204 2620 τόπῳ,
221 2585 349 2618 καθάπερ
363 2585 387 2610 oi
404 2585 514 2616 πλείους
531 2584 659 2611 εἰώθασιν
670 2606 678 2618 ,
694 2585 718 2612 oi
733 2586 900 2619 ἀπελθόντες

113 2632 187 2665 ἆγιοι
202 2632 417 2667 περιορίζονται,
434 2631 503 2659 ἀλλὰ
519 2632 588 2667 μετὰ
603 2632 761 2668 παῤῥησίας
777 2633 819 2659 ὄτι
835 2633 902 2660 πολ-

111 2677 162 2711 λῆς
176 2679 356 2713 παρίστανται
371 2678 410 2711 τῷ
424 2678 499 2713 Θεῷ,
516 2678 598 2704 αὐτοῦ
614 2678 661 2705 τοῦ
679 2679 806 2715 Σωτῆρος
823 2679 901 2714 ἡμῶν

121 2723 208 2759 Ἰησοῦ
225 2724 350 2758 λέγοντος
367 2724 448 2759 ﬁmus
459 2732 467 2741 ’
485 2724 597 2759 Πάτερ,
614 2725 668 2758 οὓς
683 2725 817 2758 δέδωκάς
830 2735 881 2760 μοι
893 2746 900 2760 ,

115 2772 192 2797 θέλω
206 2770 256 2797 ἵνα
272 2770 348 2798 ὅπου
363 2771 421 2805 είμὶ
435 2771 492 2806 ἐγὼ
522 2772 655 2799 κάκεῖνοι
669 2770 725 2801 ὦσι
739 2773 804 2807 μετ’
816 2773 901 2808 ἐμοῦ,

113 2818 163 2843 ἵνα
186 2816 316 2850 θεωρῶσι
341 2816 397 2850 τὴν
419 2817 512 2850 δόξαν
534 2818 591 2853 τὴν
609 2818 696 2853 ἐμήν.
718 2820 799 2846 ’Λλλὰ
821 2820 867 2846 καὶ
888 2821 902 2847 ὸ

116 2863 384 2898 πάμμεγα-Παῦλος
399 2863 482 2897 οὕτως
498 2865 614 2901 εὓρηται
630 2865 717 2900 λέγων
728 2874 734 2881 ·
752 2866 900 2894 Ἐπιπυθώ

989 2543 1016 2570 5.
1035 2543 1113 2576 Quod
1126 2547 1217 2571 autem
1236 2544 1292 2571 haec
1306 2544 1341 2571 ita
1358 2551 1389 2571 se
1406 2544 1531 2577 habeant,
1553 2547 1580 2570 et
1594 2544 1665 2578 quod
1681 2551 1744 2570 san-

954 2585 991 2613 cti
1011 2587 1074 2614 hinc
1090 2587 1215 2622 proiecti,
1233 2595 1287 2615 non
1306 2588 1333 2615 in
1358 2588 1450 2623 aliquo
1467 2587 1536 2621 loco,
1554 2589 1592 2616 uti
1619 2588 1744 2623 plerique

954 2633 1056 2665 solent,
1072 2634 1345 2667 circumscribantur,
1365 2635 1412 2662 sed
1434 2642 1531 2670 magna
1555 2642 1617 2662 cum
1641 2635 1741 2662 ﬁducia

955 2686 1047 2706 coram
1078 2679 1134 2707 Deo
1147 2684 1248 2713 astent,
1265 2681 1434 2708 Salvatorem
1450 2681 1538 2716 ipsum
1555 2685 1679 2708 nostrum
1694 2680 1741 2708 Je.

955 2733 1014 2753 sum
1039 2726 1177 2754 dicentem
1205 2726 1269 2754 audi
1287 2736 1294 2755 :
1314 2736 1324 2753 ι
1342 2727 1434 2759 Pater,
1449 2735 1519 2762 quos
1532 2726 1630 2754 dedisti
1652 2726 1718 2753 mihi
1732 2746 1740 2759 ,

954 2773 1018 2800 volo
1032 2778 1063 2801 ut
1081 2773 1241 2809 ubicunque
1262 2782 1322 2801 smn
1343 2782 1405 2808 ego,
1431 2779 1458 2801 ct
1478 2775 1521 2802 isti
1539 2782 1648 2802 mecum
1666 2774 1739 2807 sint,

956 2824 986 2847 ut
1012 2820 1126 2855 glouiam
1155 2828 1243 2848 meam
1271 2821 1403 2848 videant.)
1428 2821 1485 2848 Imo
1512 2829 1577 2849 vero
1605 2821 1741 2849 maximus

955 2866 1055 2894 I‘aulus
1070 2866 1105 2894 ita
1129 2866 1229 2894 dixisse
1254 2867 1415 2895 invenitur:
1438 2877 1446 2893 ι
1462 2867 1550 2901 Cupio
1572 2868 1684 2897 dissolvi
1711 2873 1739 2896 ct
