1942 3075
215 130 271 163 919

831 129 1042 163 MICHAELlS
1060 130 1189 162 GLYC/E

1786 129 1836 161 920

217 199 227 215 ι
252 188 398 216 Vobiscum
435 187 519 220 enim,
547 185 648 221 inquit,
668 186 797 215 omnibus
821 195 883 215 sum
909 186 1003 214 diebus

1056 185 1139 212 ¹τᾶλλα
1150 185 1239 214 πάντα
1251 185 1373 214 ποιοῦσιν
1383 186 1432 213 ὅσα
1444 185 1492 213 καὶ
1504 184 1645 221 βούλονται
1655 193 1663 202 ’
1676 185 1748 214 Μεθ’
1757 186 1838 221 ὑμῶν

215 241 301 269 usque
317 233 350 260 ad
367 232 634 261 consummationem
648 232 750 259 saeculi.
769 241 779 258 ι
795 232 834 260 Ne
846 231 928 268 igitur
941 233 1002 260 diu—

215 280 270 306 tius
284 279 418 314 inquiras,
436 278 574 313 quomodo
594 277 704 306 aliunde
719 278 857 306 distractae
881 278 922 306 his
953 279 999 313 qui

214 332 296 360 supra
312 329 410 351 terram
426 327 584 359 appareant.
605 323 633 350 Si
648 324 720 351 enim
737 324 867 359 propheta
882 323 926 351 ille
948 322 1001 350 Ha-

213 371 311 404 bacuc,
325 369 459 405 corporali
490 369 599 397 vinculo
620 369 708 397 adhuc
732 369 871 401 detentus,
887 369 920 396 ab
936 368 1002 396 Hie-

213 416 350 451 rosolyma
368 423 421 443 una
436 415 586 450 eademque
601 415 668 443 hora
682 415 711 442 in
722 415 895 443 Chaldaicam
912 415 1002 450 regio-

214 470 278 490 nem
304 463 447 498 pervenit,
474 461 579 490 Danieli
604 462 743 498 prophetae
768 462 796 489 in
821 461 898 489 l'ovea
926 461 1002 489 cibos

213 509 331 536 alIerens
343 528 352 541 ,
368 509 504 544 quomodo
526 509 607 536 etiam
628 513 785 536 sanctorum
800 508 906 535 animas
924 507 1002 535 invo-

214 556 341 583 cantibus
349 555 494 591 aliquando
508 563 641 591 apparere
656 554 837 590 nrgabimus?
850 554 925 582 Mitte
939 562 1002 590 ergo

215 609 338 636 qumrere
355 609 464 629 causam
481 609 489 629 :
507 602 551 628 ubi
573 606 616 628 est
631 601 716 636 gratia
734 600 801 633 Dei,
829 607 939 628 causam
960 599 1003 626 in-

215 647 365 682 vestigandi
399 647 476 674 locus
505 654 560 673 non
576 651 618 674 est
634 655 641 673 :
657 646 729 681 quod
744 649 906 681 appareant,
926 646 1001 674 scio:

216 695 331 721 Patrum
347 694 421 720 enim
446 693 642 721 traditionibus
666 700 720 720 non
744 693 823 720 obsto
840 702 847 720 :
866 693 1003 728 quomodo

216 747 291 772 vero,
309 740 401 767 nescio
417 748 424 766 :
441 739 494 766 scit
511 739 646 766 mirabilis
671 739 717 766 ille
740 739 768 766 in
792 739 895 767 sanctis
919 739 978 766 suis
993 747 1000 765 :

216 785 291 820 quod
310 785 382 817 vivo,
399 785 470 820 quod
485 785 601 817 nutrior.
619 786 677 812 scio
691 792 697 811 :
715 785 852 820 quomodo
864 792 940 818 vero,
955 793 1003 812 nc-

216 831 380 866 sciozquod
406 831 487 858 etiam
512 830 622 866 corpori
648 830 739 858 anima
761 830 896 866 jungitur,
913 831 970 858 scio
994 839 1001 857 :

215 877 352 912 quomodo
366 884 441 910 vero,
456 877 548 905 nescio
564 883 574 903 :
591 876 663 912 quod
684 876 815 912 spiritalis
831 881 859 904 et
877 877 1003 904 immate-

218 923 303 957 rialis,
318 922 387 956 scio,
405 923 496 950 audivi
512 923 586 950 enim
603 931 609 949 :
623 923 714 958 qualis
729 930 795 951 vero
810 923 871 958 ejus
885 923 1002 958 species,

216 977 248 996 ac
275 969 362 1004 qualis
390 969 508 997 essentia
522 989 529 1002 ,
546 969 638 997 nescio
655 977 662 996 :
677 969 729 997 hoc
751 969 823 996 enim
850 969 1003 1004 inexplora-

216 1019 274 1042 tum
293 1015 414 1042 mansit:
435 1015 572 1050 quomodo
593 1015 667 1043 enim
687 1015 797 1043 noverit
820 1015 882 1050 quis
897 1022 953 1042 rem
970 1014 1004 1042 ad

218 1061 364 1096 imaginem
382 1065 503 1087 creatam
520 1061 735 1096 impenetrabilis
749 1067 831 1097 atque
849 1061 1004 1095 incompte-

218 1106 360 1134 hensibilis
375 1106 440 1134 Dei?
454 1106 483 1133 Si
504 1107 603 1134 animae
621 1109 741 1135 essentia
756 1107 1005 1143 comprehendere-

218 1156 309 1184 tur,et
333 1152 423 1187 ipsum
446 1152 575 1188 imaginis
601 1157 787 1188 prototypum.
805 1153 883 1186 Quod
901 1153 923 1180 si
939 1160 1005 1180 vero

217 1201 391 1233 prototypum
422 1198 701 1233 incomprehensibile
725 1203 778 1231 est,
793 1199 1005 1235 incomprehen-

218 1245 305 1272 sibilis
346 1245 503 1273 necessario
536 1250 564 1272 et
584 1245 642 1280 ipsa
666 1245 801 1281 prototypi
816 1245 903 1281 imago
920 1245 1006 1272 :inde

220 1291 335 1322 plurima
360 1296 475 1319 tractata
503 1296 567 1319 sunt
590 1292 624 1319 de
649 1299 699 1325 ea;
717 1299 798 1319 nemo
824 1299 890 1319 vero
924 1291 1006 1325 huius

219 1337 365 1372 aliquando
383 1338 472 1372 potuit
500 1345 599 1373 capere
633 1342 781 1370 naturam,
798 1337 831 1365 ad
859 1337 1005 1372 imaginem

219 1384 328 1416 factam,
344 1387 374 1410 ut
388 1383 493 1416 dicunt,
513 1383 797 1418 incomprehensibilis
820 1391 853 1411 ac
880 1382 1005 1411 inacces-

219 1429 306 1458 sibilis
322 1429 380 1458 Dei.

1051 233 1116 267 γὰρ,
1131 232 1208 268 φησὶ,
1217 232 1316 265 πάσας
1330 232 1383 265 τὰς
1396 233 1506 267 ἡμέρας
1519 232 1575 265 ἕως
1587 232 1642 266 τῆς
1649 233 1837 267 συντελείας.

1051 278 1097 314 Μὴ
1111 276 1158 306 οὖν
1172 279 1218 305 ἐπὶ
1233 278 1314 306 πλέον
1327 278 1491 313 ἁμφίὸαλλε,
1505 278 1564 309 πῶς
1578 278 1695 313 ἀλλαχοῦ
1711 278 1839 314 μεθιστά-

1052 325 1140 352 Μεναι
1151 325 1208 356 τοῖς
1222 323 1339 352 ἐνταῦθα
1351 324 1433 352 πάλιν
1446 324 1619 358 ἐφίστανται.
1633 324 1665 351 Et
1678 327 1733 359 γὰρ
1747 326 1761 352 ὁ
1775 333 1840 360 προ-

1052 370 1142 406 φήτης
1155 371 1258 402 ἐκεῖνος
1273 369 1433 405 Ἀὃϐακοὶιμ
1446 369 1516 405 μετὰ
1527 369 1576 396 τοῦ
1590 369 1720 405 σαρκίνου
1733 369 1838 396 ἐκείνου

1052 421 1157 452 πάχους
1177 417 1231 444 ἀπὸ
1250 417 1431 452 Ἰερουσαλὴμ
1451 417 1481 444 ἑν
1498 417 1531 452 τῇ
1554 417 1624 452 αὐτῇ
1644 416 1692 443 καὶ
1715 417 1764 452 μιᾷ
1783 416 1840 452 ὥρᾳ

1052 463 1102 498 τὴν
1117 463 1274 499 Χαλδαῖκὴιν
1292 463 1424 490 κατέλαϐε
1445 463 1511 498 γῆν,
1528 463 1568 498 τῷ
1589 464 1719 498 προφήτῃ
1739 463 1840 497 Δανιὴλ

1053 509 1218 544 εῐσκομίξων
1234 510 1263 536 ιν
1280 510 1318 545 τῷ
1337 509 1432 545 λάκκῳ
1448 509 1478 536 τδ
1498 510 1617 543 ἄριστον,
1635 510 1695 541 πῶς
1715 509 1775 545 οὐχὶ
1794 510 1840 536 καὶ

1051 556 1102 588 τὰς
1117 556 1172 582 τῶν
1190 556 1277 590 ἁγίων
1293 556 1380 591 ψυχὰς
1397 557 1454 587 τοῖς
1474 555 1702 590 ἐπικαλουμένοις
1724 555 1838 582 ὀπτάνι-

1054 603 1116 630 σθαί
1141 611 1207 629 ποτε
1232 603 1370 637 σῐπωμενς
1389 603 1473 636 Ἄφες
1498 603 1589 628 τοίνυν
1613 602 1643 628 τὸ
1670 601 1750 633 πῶς’
1778 602 1841 628 ἔνθα

1053 649 1134 684 χάρις
1154 648 1238 681 Θεοῦ,
1257 648 1350 684 χώραν
1366 648 1417 674 οὐκ
1433 648 1489 683 ἔχει
1505 649 1535 675 τὸ
1552 648 1610 680 πῶς
1624 655 1631 664 ο
1653 648 1694 675 ὅτι
1717 648 1766 683 μὲν
1784 649 1841 682 ὲφί-

1055 704 1165 722 στανται
1186 693 1246 722 οῖδα
1259 702 1265 709 ·
1287 694 1348 721 οὐδὲ
1370 694 1426 728 γὰρ
1448 694 1591 720 ἁντιτείνω
1609 695 1670 726 ταῖς
1692 695 1841 728 πατρικαῖς

1053 740 1219 776 παραδόσεσι
1232 748 1239 756 '
1257 740 1288 767 τὸ
1308 740 1336 767 δὲ
1355 740 1412 772 πῶς
1433 740 1484 767 οὐκ
1503 738 1562 766 οῖδα
1575 748 1582 755 ·
1601 737 1672 766 οἶδεν
1701 741 1807 771 ἐκεῖνος
1826 741 1840 766 ό

1054 787 1210 821 θαυμαστὸς
1229 787 1258 813 ἑν
1274 787 1330 817 τοῖς
1352 785 1441 820 ἁγίοις
1460 785 1544 812 αὑτοῦ
1556 794 1562 801 ·
1579 785 1621 812 ὅτι
1645 784 1696 821 μὲν
1731 784 1771 817 ζῶ
1795 785 1843 811 καὶ

1053 832 1206 868 τρέφομαι,
1223 829 1281 859 οῖδα
1293 840 1299 847 ·
1318 832 1347 858 τὸ
1363 831 1392 858 δὲ
1423 831 1481 863 πῶς
1504 832 1556 858 οὐκ
1572 829 1631 858 οἴδα
1644 841 1651 848 ·
1670 833 1718 858 καὶ
1733 831 1775 858 ὄτι
1793 832 1842 866 μὲν

1054 876 1100 906 οὖν
1122 878 1161 913 τῷ
1177 877 1286 913 σώματι
1320 878 1443 904 σύνεστιν
1458 878 1475 911 ἠ
1491 877 1565 913 ψυχὴ
1575 897 1583 910 ,
1599 875 1658 904 οῖδα
1669 885 1676 893 ·
1693 877 1723 903 τὺ
1739 877 1767 904 δὲ
1785 877 1844 908 πῶς

1053 925 1103 952 οὐκ
1123 923 1182 952 οἶδα
1194 933 1202 941 ·
1220 925 1269 951 καὶ
1289 925 1330 952 ὅτι
1354 925 1403 959 μὲν
1420 925 1568 960 ἀσώματος
1591 925 1639 951 καὶ
1660 924 1751 956 ἄῦλος,
1769 922 1840 956 οἶδα,

1054 973 1159 1007 ἤκουσα
1174 971 1226 1008 γάρ
1241 980 1248 987 ⁸
1264 972 1291 999 τί
1307 972 1335 999 δὲ
1350 972 1379 999 τὺ
1395 971 1465 1004 εἶδος
1481 973 1566 1008 αὐτῆς
1576 992 1584 1004 ,
1601 973 1649 999 καὶ
1666 972 1776 1006 ποταπὴ
1791 972 1843 1006 τὴν

1054 1018 1148 1053 οὐσίαν
1161 1019 1251 1050 ἐστὶν,
1264 1019 1314 1045 οὐκ
1328 1018 1386 1045 οῖδα
1399 1039 1406 1051 ,
1423 1019 1465 1045 ὅτι
1481 1019 1529 1045 καὶ
1545 1018 1746 1054 ἀνερμήνευτον
1761 1017 1843 1044 τοῦτο

1056 1063 1197 1099 μεμένηκε
1210 1072 1218 1080 ”
1237 1063 1297 1096 πῶς
1315 1064 1370 1098 γὰρ
1388 1064 1421 1091 ἂν
1438 1063 1486 1091 καὶ
1503 1063 1589 1098 είδοίη
1606 1072 1649 1095 τις
1665 1063 1715 1098 τὴν
1731 1063 1793 1090 κατ’
1805 1063 1846 1089 εί-

1055 1110 1121 1136 κόνα
1139 1108 1297 1136 κτισθεῖσαν
1314 1109 1361 1136 τοῦ
1381 1109 1563 1145 ἁπερινοήτου
1585 1109 1635 1136 καὶ
1652 1108 1844 1143 ἀκαταλήπτου

1055 1155 1139 1188 Θεοῦ;
1156 1155 1220 1182 Ἐὰν
1235 1157 1252 1190 ἡ
1274 1154 1322 1190 τῆς
1343 1155 1434 1191 ψυχῆς
1455 1155 1535 1182 οὐσία
1555 1155 1778 1190 κατελαμϐάνετο
1799 1154 1844 1188 ἂν,

1056 1200 1103 1227 καὶ
1117 1200 1184 1227 αὐτὸ
1196 1200 1227 1226 τὸ
1240 1200 1290 1235 τῆς
1304 1200 1410 1232 εἰκόνος
1423 1201 1605 1235 πρωτότυπον
1615 1208 1624 1217 ⁸
1640 1200 1664 1227 εί
1677 1200 1706 1227 δὲ
1721 1200 1752 1226 τὸ
1767 1208 1845 1235 πρω-

1055 1246 1172 1272 τότυπον
1187 1245 1382 1281 ἀκατάληπτον
1393 1266 1401 1278 ,
1418 1246 1613 1281 ὰκατάληπτος
1628 1247 1779 1280 ὲξάναγκες
1795 1247 1846 1274 καὶ

1056 1292 1074 1326 ἡ
1090 1291 1138 1318 τοῦ
1156 1292 1337 1326 πρωτοτύπου
1354 1291 1436 1319 ιίκών
1448 1300 1456 1308 ·
1473 1292 1550 1319 ἐνθεν
1565 1301 1608 1319 τοι
1625 1293 1672 1320 καὶ
1689 1292 1775 1319 πολλὰ
1795 1293 1846 1328 μὲν

1056 1337 1241 1373 ἑφιλοσοφήθη
1256 1338 1320 1372 περὶ
1335 1338 1421 1373 αὐτῆς
1434 1346 1441 1354 ”
1457 1338 1544 1370 οὐδεὶς
1556 1339 1585 1365 δὲ
1600 1338 1650 1374 τὴν
1663 1338 1764 1373 ταύτης
1780 1338 1848 1373 ὴδυ-

1055 1383 1125 1418 νήθη
1148 1383 1350 1410 καταλαϐέσθαι
1376 1384 1458 1418 φύσιν
1484 1384 1569 1416 ποτὲ,
1591 1384 1653 1410 κατ’
1667 1383 1760 1410 εἰκόνα
1787 1392 1847 1410 κτι-

1058 1429 1168 1456 σθεῖσαν
1177 1448 1185 1461 ,
1200 1428 1238 1460 ὡς
1252 1429 1359 1464 εῐρηται
1370 1450 1377 1462 ,
1391 1429 1440 1456 τοῦ
1454 1430 1648 1466 ἀκαταλήπτου
1663 1431 1710 1456 καὶ
1725 1430 1846 1465 ἀπροσί-

1057 1483 1103 1502 του
1118 1474 1199 1502 Θεοῦ.

256 1520 281 1548 9.
298 1519 338 1547 Ne
353 1519 436 1555 igitur
449 1528 560 1548 causam
576 1520 705 1556 indagare
729 1520 813 1554 velis,
824 1527 865 1548 ne
879 1519 949 1548 forte
964 1520 1000 1548 ob

1089 1519 1121 1548 θ’.
1140 1520 1225 1554 Ἀφσς
1240 1521 1332 1547 τοίνυν
1348 1520 1394 1547 ἐπὶ
1411 1521 1465 1548 τῶν
1481 1520 1640 1556 παραδόξων
1655 1521 1686 1547 τδ
1702 1520 1778 1552 πῶς,
1800 1520 1847 1547 ῖνα

222 1566 275 1594 hoc
288 1566 488 1595 incredulitatis
505 1568 642 1595 accuseris
658 1575 665 1594 :
680 1567 747 1596 dicit
760 1567 861 1599 eaim,«
877 1568 934 1596 Nisi
946 1575 1005 1596 cre—

220 1612 362 1646 uideritis,
379 1620 433 1640 non
461 1613 625 1648 intelligetis.
646 1613 705 1642 iUt
731 1622 765 1642 ex
793 1614 895 1641 ultimis
925 1618 1005 1642 terrm

219 1659 353 1694 apostoli.
372 1664 399 1686 et
417 1660 473 1686 haec
489 1659 554 1687 dum
572 1660 690 1687 molesto
707 1667 822 1695 corpore
846 1660 1006 1688 detineren-

219 1709 273 1736 tur,
289 1704 317 1731 in
331 1705 408 1733 obitu
425 1705 602 1733 sanctissimae
614 1706 662 1733 Dei
682 1706 775 1734 Matris
789 1706 817 1734 in
841 1714 924 1734 unum
941 1711 1006 1735 sunt

222 1750 381 1783 coadunati,
395 1750 447 1777 nisi
472 1750 542 1778 forte
561 1751 605 1778 hic
620 1751 730 1787 angelos
745 1752 930 1787 apostolorum
945 1752 1006 1780 loco

218 1797 379 1824 convenisse
407 1797 557 1824 dixerimus
577 1805 584 1823 :
601 1802 630 1824 ut
647 1797 748 1825 Paulus
764 1798 799 1826 ad
826 1798 937 1826 tertium
951 1806 1008 1827 cm-

220 1843 432 1878 liimmbreptus,
449 1843 513 1871 inde
529 1843 557 1871 in
572 1844 727 1879 paradisum
751 1845 910 1878 descendit,
924 1851 952 1874 et
967 1845 1007 1873 in-

218 1888 335 1916 cn‘abilia
357 1889 439 1917 verba
461 1889 568 1917 audivit
591 1897 599 1917 :
619 1890 757 1924 quomodo
782 1891 913 1918 tollentur
938 1891 1006 1924 justi

218 1935 326 1962 obviam
348 1934 463 1962 Domino
482 1936 509 1963 in
533 1943 596 1963 aera
615 1945 622 1963 :
639 1936 777 1970 quomodo
795 1937 877 1964 etiam
894 1938 1007 1965 transli-

219 1987 315 2016 gurato
324 1981 433 2010 Christo
449 1980 552 2017 Moyses
565 1987 594 2010 et
608 1982 681 2009 Elias
694 1983 720 2009 in
734 1987 827 2010 monte
837 1983 985 2011 astiterunt
998 1991 1006 2010 :

219 2030 281 2053 utut
304 2026 386 2062 igitur
396 2027 463 2054 mira
474 2027 583 2062 quidem
598 2028 653 2056 sint
674 2028 736 2060 ista,
749 2028 797 2056 sed
812 2024 906 2056 revera
919 2029 1007 2062 fuere,

219 2080 252 2099 ac
266 2073 403 2101 credimus
414 2081 422 2100 :
434 2074 471 2101 ita
481 2074 564 2102 etiam
580 2074 759 2103 redeuntibus
773 2080 931 2103 sanctorum
946 2076 1007 2103 ani-

220 2119 272 2146 mis
288 2119 372 2147 ﬁdere
386 2124 412 2147 te
425 2120 513 2148 decet.
530 2120 609 2154 Quod
627 2127 718 2149 autem
740 2122 937 2157 superstitibus
955 2130 1006 2158 ap-

220 2169 327 2200 parent,
344 2165 425 2194 crede
441 2173 473 2194 ex
494 2173 575 2202 supra
592 2167 703 2201 relatis;
720 2169 856 2203 quomodo
870 2169 1005 2205 vero.ipsi

221 2211 335 2239 Domino
351 2212 507 2244 committe;
526 2220 581 2239 non
595 2212 667 2240 enim
691 2213 767 2248 plura
789 2221 838 2249 per
852 2214 941 2250 ipsum
959 2202 1004 2243 co-
1018 2202 1045 2233 D

219 2258 305 2291 gitare
321 2257 400 2289 licet,
414 2265 449 2285 ne
463 2258 515 2285 tale
526 2258 591 2293 quid
607 2259 753 2294 patiamur,
767 2261 847 2295 quale
862 2262 1005 2290 damnatus

221 2303 349 2344 Lucifer;
366 2304 487 2338 quicum
502 2304 554 2339 ipsi
574 2305 699 2333 collatam
718 2314 733 2333 a
750 2306 865 2334 Domino
878 2307 1003 2342 gloriam,

219 2353 310 2384 utpote
328 2350 475 2382 diﬂicilem.
488 2351 558 2379 ferre
570 2359 625 2379 non
642 2357 743 2387 posset,
754 2353 781 2380 in
793 2358 890 2381 terram
906 2353 1004 2381 misere

219 2400 331 2430 repente
346 2396 473 2432 delapsus
490 2402 541 2425 est.
558 2397 731 2434 Quapropter
746 2404 773 2426 et
799 2407 897 2434 magno
919 2400 1003 2428 Paulo

218 2450 273 2476 quo
288 2448 410 2477 tempore
427 2444 452 2470 iu
475 2444 573 2471 uelum
595 2450 637 2472 εει
663 2446 804 2480 abreptus,
823 2446 1004 2475 revelationes

219 2488 270 2516 sub
287 2488 395 2516 silentio
408 2489 513 2517 tradita:
528 2495 592 2518 sunt
614 2500 620 2518 :
644 2491 723 2518 aliter
737 2492 810 2519 enim
829 2493 910 2520 totius
928 2492 1003 2520 orbis

219 2533 350 2569 magister
375 2533 485 2562 silentio
507 2542 561 2562 non
588 2535 808 2570 praetermisisset
834 2543 840 2561 ε
866 2537 1003 2571 quomodo

219 2588 285 2607 vero
302 2585 392 2608 tacere
406 2589 460 2608 non
477 2581 639 2610 maluisset?
653 2582 699 2617 qui
720 2582 779 2617 ipse
795 2583 912 2618 propriae
927 2582 1003 2610 carui

219 2625 346 2653 stimulos
366 2626 495 2654 adhibere
515 2634 546 2654 se
569 2627 646 2659 dixit,
670 2635 705 2655 nc
721 2628 917 2656 revelatiouum
934 2629 1004 2656 mole

217 2672 389 2700 obrueretur.

1058 1565 1096 1601 μὴ
1117 1566 1165 1593 καὶ
1186 1565 1317 1592 ἀπιστίαν
1333 1566 1380 1592 ἐπὶ
1397 1566 1487 1601 τούτῳ
1516 1566 1696 1602 κατακριθῇς.
1718 1565 1789 1593 Ἐὰν
1804 1565 1849 1601 μὴ

1056 1610 1243 1646 πιστεύσητε
1258 1612 1324 1647 γὰρ,
1340 1611 1435 1647 φησὶν,
1451 1611 1514 1639 οὐδ’
1526 1612 1562 1638 οὐ
1575 1611 1618 1646 μὴ
1633 1611 1750 1645 συνῆτε
1763 1619 1770 1627 ·
1787 1611 1848 1643 πῶς

1057 1657 1089 1684 εκ
1104 1657 1231 1691 περάτων
1241 1658 1266 1684 οι
1279 1657 1437 1690 ἀπόστολοι,
1451 1657 1499 1684 καὶ
1511 1657 1597 1684 ταῦτα
1608 1658 1649 1692 τῷ
1662 1658 1746 1692 παχεῖ
1757 1657 1848 1692 τούτῳ

1059 1702 1220 1738 βαρούμενοι
1241 1702 1359 1738 σώματι,
1380 1704 1408 1729 ἐν
1427 1704 1461 1738 τῇ
1486 1703 1653 1738 μεταστάσει
1673 1703 1722 1738 τῆς
1743 1703 1851 1738 ὑπερα-

1057 1748 1118 1782 γιας
1131 1748 1263 1775 Θεοτόιιου
1277 1748 1337 1775 κατ’
1349 1748 1430 1775 αὑτὸν
1443 1748 1692 1785 συνηθροίσθησαν,
1706 1748 1750 1775 ῐνα
1763 1749 1790 1774 τί
1807 1749 1849 1784 μὴ

1058 1794 1105 1822 καὶ
1118 1794 1250 1828 ἀγγέλους
1263 1794 1380 1822 ἐνταῦθα
1394 1795 1529 1830 λέγωμεν,
1541 1795 1605 1821 ἀντὶ
1617 1794 1672 1821 τῶν
1684 1794 1850 1821 ἀποστόλων

1058 1840 1165 1874 ιλθεῖνς
1183 1840 1242 1872 πῶς
1259 1841 1273 1867 ὁ
1292 1841 1398 1873 Παῦλος
1417 1841 1458 1872 είς
1475 1841 1567 1877 τρίτον
1584 1841 1701 1877 ἀνῆλθεν
1717 1841 1851 1876 οὐρανὸν,

1059 1887 1186 1914 κάκεῖθεν
1203 1888 1243 1919 είς
1260 1887 1307 1914 τὸν
1325 1887 1491 1922 παράδεισον
1508 1887 1650 1923 ἀπηνέχθη
1662 1906 1670 1918 ,
1687 1887 1735 1914 καὶ
1753 1886 1851 1922 ῥημά-

1058 1942 1113 1960 των
1124 1934 1252 1969 ἀρρήτων
1266 1933 1367 1970 ἢκουσε
1380 1942 1388 1950 ·
1403 1933 1462 1965 πῶς
1486 1933 1693 1969 ἁρπαγήσονται
1708 1933 1732 1960 ot
1746 1933 1852 1959 δίκαιοι

1060 1980 1129 2015 πρὸς
1143 1979 1297 2015 ἀπάντησιν
1306 1979 1355 2006 τοῦ
1367 1979 1469 2015 Κυρίου
1481 1980 1521 2011 είς
1531 1979 1612 2015 ἀέρα,
1624 1979 1683 2009 πῶς
1695 1978 1723 2005 δὲ
1737 1977 1786 2004 καὶ
1802 1986 1854 2012 με-

1058 2027 1278 2062 ταμορφουμένῳ
1293 2025 1332 2061 τῷ
1349 2026 1460 2061 Χριστῷ
1477 2025 1584 2060 Μωσῆς
1600 2026 1647 2052 καὶ
1664 2025 1757 2055 Ἠλίας
1777 2024 1850 2060 ὁμοῦ

1058 2072 1106 2099 ἐπὶ
1118 2072 1163 2099 τοῦ
1178 2072 1259 2107 ὅρους
1274 2072 1442 2107 ἐπέστησαν.
1454 2072 1562 2107 Ὠσπερ
1577 2069 1624 2099 οὗν
1639 2069 1780 2106 παράδοξα
1798 2071 1853 2105 μέν

1059 2118 1112 2144 εἰσι
1127 2117 1212 2145 ταῦτα
1229 2117 1328 2149 πάντα,
1343 2117 1454 2152 ἐγένετο
1467 2117 1490 2143 δ’
1502 2117 1578 2152 ὅμως
1593 2117 1641 2144 καὶ
1656 2117 1829 2151 πιστεύομεν
1845 2124 1852 2131 ·

1059 2164 1131 2191 οὕτω
1150 2165 1202 2190 κάν
1219 2165 1278 2195 ταῖς
1298 2163 1474 2194 ἀνελθοὺσαις
1490 2163 1545 2190 τῶν
1563 2163 1650 2197 ἁγίων
1666 2163 1767 2198 ψυχαῖς
1787 2163 1854 2189 δια-

1058 2210 1178 2238 νοεῖτθαί
1196 2219 1225 2237 σε
1243 2211 1318 2243 ἄξιον
1330 2219 1338 2226 ·
1363 2211 1410 2237 καὶ
1425 2210 1466 2237 ὅτι
1485 2210 1535 2246 μὲν
1552 2209 1715 2244 ἐφίστανται
1730 2210 1790 2240 τοῖς
1807 2209 1855 2236 ἕνα

1057 2257 1154 2289 ταῦοα,
1171 2256 1283 2283 πίστευε
1297 2255 1344 2290 ἀφ’
1357 2252 1394 2283 ὧν
1409 2255 1512 2283 ἄνωθεν
1527 2255 1647 2291 ἤκουσας
1661 2263 1668 2270 ·
1684 2255 1715 2281 τὸ
1735 2255 1765 2281 δι
1788 2255 1854 2287 πῶς

1057 2303 1132 2338 αὐτῷ
1153 2303 1192 2339 τῷ
1216 2302 1311 2338 Κυρίῳ
1334 2301 1518 2337 κατάλειψαι·
1542 2301 1602 2328 οὐδὲ
1627 2301 1682 2336 γὰρ
1706 2300 1802 2327 πλεῖόν
1824 2309 1855 2328 τι

1057 2351 1151 2386 νοῆσαι
1167 2350 1233 2385 παρ’
1246 2349 1331 2376 αὑτοῦ
1348 2348 1566 2384 συγχωρούμεθα
1581 2367 1588 2381 ,
1608 2348 1651 2375 ἵνα
1668 2347 1706 2383 μὴ
1721 2347 1853 2374 τοιοῦτόν

1057 2405 1084 2423 τι
1103 2395 1253 2430 πάθωμεν,
1271 2396 1362 2422 ὁποῖον
1379 2396 1392 2421 ὁ
1413 2394 1504 2421 πεσὼν
1523 2394 1679 2429 Ἐωσφόρος
1692 2401 1699 2409 ⁸
1721 2393 1773 2426 τὴν
1792 2393 1853 2428 γὰρ

1055 2442 1181 2469 δοθεῖσαν
1203 2441 1277 2477 αὑτῷ
1299 2441 1374 2477 παρὰ
1395 2441 1497 2476 Κυρίου
1508 2440 1690 2475 λαμπρότητα
1703 2439 1742 2474 μὴ
1764 2439 1853 2474 δυνη-

1057 2488 1112 2520 θεὶς
1141 2488 1265 2522 ἐνεγκεῖν
1275 2508 1282 2520 ,
1296 2487 1344 2514 ατε
1358 2487 1546 2522 τυγχάνουσαν
1560 2485 1687 2517 ἄπλετον,
1700 2485 1852 2520 ἀνετράπη

1057 2544 1086 2561 τε
1100 2533 1271 2570 παραχρῆμα
1285 2535 1332 2560 καὶ
1345 2533 1446 2568 πτῶμα
1459 2534 1528 2561 κατὰ
1541 2534 1594 2569 γῆς
1618 2532 1735 2566 ἐξαίσιον
1748 2531 1850 2558 ἔπεσε.

1058 2581 1107 2608 Διά
1117 2589 1158 2607 τοι
1171 2580 1250 2607 τοῦτο
1263 2581 1311 2607 καὶ
1323 2580 1362 2615 τῷ
1378 2580 1489 2615 μεγάλῳ
1504 2580 1600 2614 Παύλῳ
1613 2578 1673 2604 καθ’
1687 2578 1715 2604 ὃν
1730 2578 1855 2612 ἡρπάγη

1059 2629 1154 2664 καιρὸν
1170 2627 1401 2661 ἀποχαλυφθὲντα
1418 2627 1508 2662 σιωπῇ
1526 2625 1712 2661 παρεδόθησαν
1725 2632 1732 2640 ·
1749 2625 1776 2650 ει
1793 2625 1862 2660 γὰρ

1060 2676 1182 2711 ικφθορα
1196 2673 1244 2700 καὶ
1256 2672 1344 2700 ταῦτα
1359 2673 1470 2708 συνέὸη,
1485 2673 1644 2708 συνέφερεν,
1658 2672 1708 2697 οὐκ
1722 2671 1755 2698 ἂν
1769 2672 1785 2698 ὁ
1798 2671 1857 2706 τῆς

217 2721 381 2756 οἰκουμένης
415 2719 575 2751 διδάσκαλος
605 2719 652 2746 ἐπὶ
678 2719 806 2747 τοσοῦτον
825 2721 956 2757 σεσίγηκε
970 2731 977 2739 ·
994 2729 1038 2753 καὶ
1062 2724 1118 2756 πῶς
1134 2723 1188 2759 γὰρ
1203 2723 1240 2759 οὐ,
1251 2721 1365 2756 σιγῆσαι
1381 2722 1533 2758 διτκρινενς
1550 2723 1628 2757 εἴπερ
1643 2722 1724 2753 αὐτὸς
1741 2723 1774 2758 τῇ
1794 2724 1855 2757 ἰδίᾳ

219 2769 303 2803 σαρκὶ
332 2768 452 2795 σκόλοπα
483 2768 577 2796 λαὸεῖν
601 2768 712 2803 ἔλεγεν⁷
732 2769 776 2796 ῐνα
795 2770 832 2804 μὴ
850 2772 882 2806 τῇ
902 2771 1039 2810 ὑπερϐολῇ
1059 2773 1113 2800 τῶν
1129 2771 1328 2807 ἀποκαλύψεων
1344 2772 1538 2808 ὑπεραίρηται.

255 2816 298 2843 lt).
321 2815 474 2851 Scripturas
486 2817 568 2853 igitur
585 2818 708 2853 amplecti
723 2818 865 2852 debemus,
888 2828 918 2847 ea
936 2829 998 2849 vero

1089 2821 1115 2849 ι’.
1138 2820 1264 2856 Στέργειν
1282 2821 1328 2848 οὖν
1357 2822 1390 2848 τὰ
1408 2821 1589 2857 γεγραμμένα
1619 2822 1783 2857 όφεῦομεν,
1801 2823 1856 2849 καὶ
