1942 3075
114 144 165 181 921

776 143 960 174 EPISTOLA
980 144 1058 174 XIX.

1674 142 1728 174 i322

115 205 170 231 τῶν
193 203 263 238 ὑπὲρ
282 201 435 237 κατάληψιν
454 201 522 233 ὅλως
546 202 583 237 μὴ
605 201 756 233 ἅπτεσθαι,
777 200 835 227 ἀλλ’
849 200 887 226 ἐπ’

949 207 1007 234 quae
1017 206 1099 234 supra
1113 202 1230 226 mentem
1243 203 1306 226 sunt
1317 198 1429 226 minime
1442 199 1627 233 tangere,imo
1640 199 1728 234 impo-

118 249 223 279 τοὺτοις
244 247 293 280 τὴν
315 244 399 282 ἧτταν
421 248 572 281 ὁμολογεῖν,
595 249 641 274 καὶ
664 247 734 282 μετὰ
755 245 802 272 τοῦ
825 245 898 272 θείου

115 293 206 325 λέγειν
233 292 313 317 Δαὸίδ
326 299 332 307 ⁵
354 286 580 325 Ἐ’θαυμαστώοη
606 292 624 324 ἡ
649 291 761 326 γνῶσίς
783 297 841 317 σου
863 290 897 322 ἐξ

116 337 200 371 ἡμῶν
212 345 220 352 ·
243 336 440 370 ἐκραταιώθη,
460 337 496 363 οὐ
513 336 556 371 μὴ
578 336 729 369 δυνάμεοα
746 336 824 376 ,πρὸς
845 337 897 362 αὐ-

115 382 182 414 τήν.
207 382 269 413 Τοῖς
290 382 344 416 γὰρ
363 383 392 408 ιν
413 381 524 416 Χριστῷ
546 382 716 416 κοιμηθεῐσιν
739 381 826 414 ἁγίοις
849 389 896 415 με-

114 427 253 454 ταδεδοται
267 427 314 453 καὶ
327 427 452 462 ὑπερφυῆ
465 427 498 453 τὰ
511 428 669 462 χαρίσματα
680 435 687 442 ⁸
700 426 746 452 καὶ
759 426 892 460 δεομένων

115 473 170 508 γὰρ
188 473 266 507 ἡμῶν
283 472 463 505 ἐπακούουσι,
481 473 528 499 καὶ
548 472 716 506 θλιὸομένοις
736 472 893 505 ἐφίστανται

116 517 285 553 παρηγορίας
300 517 409 549 ἕνεκεν,
419 518 455 549 ὡς
470 517 574 544 ἄνωθεν
588 517 705 552 είρηται.
724 517 786 543 Ἐὰν
801 516 855 551 γὰρ
869 516 892 542 οἱ

116 562 176 587 κατ’
187 562 235 595 ἐμὲ
253 561 381 596 ῥᾳθύμως
393 561 439 587 τὸν
455 561 510 595 βίον
524 561 670 592 ἀνύσαντες
683 561 736 587 τῶν
752 561 785 586 δι’
796 561 895 592 αὐτοὺς

115 607 232 634 ἐνταῦθα
246 607 415 641 τελουμένων
429 607 556 634 εὐποιιῶν
569 607 798 639 ὲπαισθάνωνται,
812 607 849 637 ὼς
863 607 895 633 ὲκ

114 654 170 680 τῶν
184 653 264 688 ιερῶν
279 653 394 688 Γραφῶν
406 652 595 688 διδασκόμεθα,
610 651 699 687 πολλῷ
715 652 814 687 μᾶλλον
827 653 850 679 οί
866 652 894 678 ἐν

116 698 189 732 αὐτῷ
204 698 243 732 τῷ
259 698 369 733 Χριστῷ
384 698 421 732 τῷ
438 698 527 732 χρεῶν
541 697 894 732 λειτουργήσαντες.Ἔι-ιθεν

116 752 157 770 τοι
173 745 221 770 καὶ
235 745 250 770 ό
265 744 395 777 Θεολόγος
411 743 561 778 Γρηγόριος
576 744 603 769 ὲν
618 742 656 776 τῷ
671 744 739 777 πρὶς
754 742 802 777 τὴν
817 742 893 769 ἁδελ-

116 788 171 822 φὴν
183 787 265 814 αὐτοῦ
279 787 416 822 ἐπιταφίῳ
429 787 501 822 λόγῳ
516 787 564 814 καὶ
577 786 638 813 τάδε
654 786 722 820 πρὸς
735 787 790 817 τοῖς
806 786 894 817 ἄλλοις

952 245 1063 272 tentiam
1086 244 1176 276 fateri,
1200 249 1228 271 et
1250 252 1311 271 cum
1327 244 1420 271 divino
1436 244 1535 272 Davide
1547 245 1699 272 exclamare
1718 254 1725 272 :

953 299 963 316 ι
981 291 1047 318 Mira
1060 295 1101 318 est
1116 291 1229 317 scientia
1245 290 1283 316 tui
1300 297 1314 316 a
1331 290 1417 322 nobis,
1433 291 1514 317 nimis
1527 291 1580 318 alta
1593 297 1643 323 est;
1657 293 1726 319 nihil

948 337 1070 364 valemus
1086 336 1120 363 ad
1134 343 1204 363 eam.
1222 345 1231 362 ›
1247 335 1275 362 lu
1289 336 1397 363 Christo
1411 336 1483 363 enim
1498 337 1613 364 mortuis
1625 339 1728 366 sanctis

947 383 1028 408 etiam
1048 378 1342 416 supernaturalia'dona
1353 381 1414 409 data
1425 387 1489 409 sunt
1501 391 1508 414 ;
1525 383 1665 410 orantibus
1679 391 1728 410 no-

947 428 989 456 bis
1002 428 1151 455 assistunt:
1169 429 1307 462 oppressis
1327 429 1524 456 consolabundi
1551 435 1725 463 succurrunt,

949 477 1067 507 utsupra
1085 473 1185 499 dictum
1203 477 1254 500 est.
1269 473 1296 498 Si
1312 473 1381 499 enim
1391 473 1499 507 quidam
1509 473 1562 500 vita
1583 482 1636 501 non
1657 475 1726 502 bene

948 521 1019 549 acta,
1037 517 1116 544 bonis
1129 517 1256 551 operibus
1270 522 1376 552 propter
1399 518 1473 552 ipsos
1495 518 1612 553 impletis
1629 519 1727 546 fruun-

949 566 1001 593 tur,
1018 566 1047 588 ut
1059 569 1091 588 ex
1104 562 1189 588 sacris
1213 562 1360 597 Scripturis
1379 562 1542 593 audivimus,
1559 569 1659 596 quanto
1671 572 1728 590 ma-

947 606 988 640 gis
999 606 1043 640 qui
1059 606 1085 632 in
1097 608 1156 640 ipso
1171 606 1279 634 Christo
1292 607 1416 634 mandata
1432 613 1618 635 servaverunt.
1636 609 1726 641 Quare

947 650 1027 677 etiam
1049 650 1188 684 theologus
1207 650 1353 686 Gregorius
1369 652 1396 678 in
1410 651 1516 679 funebri
1540 653 1662 680 oratione
1693 654 1726 680 ad

946 703 1079 727 sororem,
1090 695 1147 722 haec
1161 696 1231 723 inter
1243 695 1293 722 alia
1310 696 1389 725 dicit:
1400 695 1562 723 Praesentem
1573 704 1725 724 sermonem

946 741 1046 774 accipe,
1065 748 1082 767 ο
1097 740 1176 767 beata
1192 749 1199 767 :
1214 740 1279 768 illud
1292 741 1363 768 enim
1395 742 1432 769 tui
1456 743 1592 770 similibus
1616 751 1728 771 conces-

947 785 983 812 sit
996 785 1076 817 Deus.
1096 790 1126 812 ut
1140 785 1238 813 talibus
1249 785 1384 813 fruantur.

115 833 210 867 ἔλεγεν
223 841 230 848 ·
245 833 339 866 Δέδεξο
361 834 407 860 τὸν
437 833 558 868 παρόντα
573 833 662 867 λόγον,
675 829 698 860 ῶ
714 832 835 868 μακαρία
848 840 855 848 ·
871 833 918 860 καὶ
949 832 1027 858 τοῦτο
1046 832 1099 867 γὰρ
1117 832 1273 867 ἐδωρήσατο
1288 834 1344 865 τοῖς
1361 833 1431 859 κατὰ
1449 833 1480 859 al
1497 835 1511 860 ὁ
1527 833 1609 866 Θεὸς,
1627 840 1657 860 το
1673 835 1726 860 τῶν

115 880 244 907 τοιούτων
259 879 445 909 αἰσθάνεσθαι.

151 929 197 953 ια’.
216 925 248 952 El
262 926 290 952 δὲ
302 926 388 952 ταῦτα
401 925 486 956 οὕτως
500 925 569 960 ἔχει,
583 925 664 952 πόθεν
676 926 755 960 ἡμεῖς
769 925 887 960 ὁρμώμε-

982 925 1024 953 14.
1038 925 1065 952 Si
1084 926 1139 952 hrec
1155 925 1190 952 ita
1204 933 1234 954 se
1248 925 1358 958 habent,
1373 933 1422 953 cur
1437 934 1485 953 nos
1499 926 1543 954 tali
1558 928 1642 962 gratia
1660 928 1725 955 hinc

115 981 156 999 νοι
171 971 300 1006 τοιαύτης
315 970 519 1005 ἀποστεροῦμεν
534 971 644 1006 χάριτος
659 971 707 1002 τὰς
724 970 892 1001 ἀπελθούσαις

115 1018 168 1045 τῶν
189 1017 271 1051 ἁγίων
290 1017 398 1051 ψυχά;;
421 1016 468 1042 καὶ
488 1015 575 1042 ταῦτα
596 1016 644 1042 τοῦ
665 1016 816 1051 κορυφαίου
839 1016 893 1042 τῶν

115 1062 270 1090 ἀποστόλων
283 1061 385 1095 Πέτρον
398 1061 532 1094 λέγοντος,
545 1060 585 1086 ὅτι
593 1061 699 1095 Ἀγαθὰ
711 1060 769 1093 τοῖς
785 1059 893 1093 ἀνθρώ-

115 1117 182 1142 ποις
196 1109 212 1136 δ
229 1108 300 1140 Θεὸς
314 1106 484 1142 ἐχαρίσατο,
500 1107 542 1138 εις
558 1105 577 1133 d
592 1105 790 1140 ἐπιθυμοῦσιν
806 1106 894 1140 ἅγγε-

114 1157 162 1182 λοι
182 1154 366 1187 παρακύψαι.
387 1153 439 1179 Καὶ
454 1152 480 1179 τί
497 1152 550 1187 χρὴ
567 1151 650 1177 πολλὰ
665 1151 772 1184 λέγεινς
790 1151 821 1178 Ει
843 1150 894 1186 γὰρ

115 1200 162 1227 καὶ
179 1199 243 1234 περί
260 1207 340 1225 τινων
357 1198 442 1232 ἁγίων
460 1198 499 1224 ἔτι
515 1197 553 1232 τῷ
573 1197 622 1232 βίῳ
637 1196 724 1232 τούτῳ
742 1197 893 1231 περιόντων

113 1245 281 1280 ἠκούσαμεν,
295 1244 337 1271 ὅτι
349 1244 382 1271 δι’
394 1244 476 1278 εὐχῆς
489 1242 579 1270 αὐτῶν
591 1243 637 1269 καί
649 1251 725 1274 τινας
738 1243 766 1268 ὲν
779 1241 892 1278 ἀσεϐείᾳ

113 1292 159 1317 τὸν
175 1291 231 1325 βίον
246 1289 450 1320 καταλύσαντας
464 1287 644 1323 αίωνιζούσης
659 1287 795 1318 κολάσεως
809 1288 892 1322 ἠλευ-

114 1335 270 1370 θερώῡησαν
283 1335 335 1370 (ί),
349 1334 375 1360 τί
386 1334 416 1361 τὸ
430 1333 532 1360 κωλῦον
548 1333 585 1368 μὴ
599 1334 648 1360 καὶ
670 1333 717 1359 τὸν
740 1332 796 1367 βίον
809 1332 890 1359 ἀλλά-

113 1381 221 1414 ξαντας,
236 1380 282 1406 καὶ
294 1379 340 1406 τοῦ
353 1378 421 1405 Θεοῦ
436 1378 515 1412 δῆθεν
527 1378 673 1413 ὲγγῠτερον
685 1378 842 1412 γεγονότας,
855 1377 889 1404 τὰ

113 1427 182 1454 αὐτὰ
200 1427 256 1456 τοῖς
276 1424 440 1459 προλαϐοῦσι
462 1424 558 1454 ποιεῖν,
578 1423 625 1449 καὶ
644 1423 693 1458 τὴν
713 1423 796 1458 αὐτὴν
817 1423 888 1457 ἔχειν

946 970 1080 1004 profectas
1090 975 1245 998 sanctorum
1259 970 1362 997 animas
1373 971 1566 1005 spoliabimusi
1578 973 1724 1006 praesertim

947 1023 1010 1043 cum
1026 1016 1207 1050 apostolorum
1219 1016 1342 1050 princeps
1352 1016 1447 1044 Petrus
1460 1017 1547 1044 dicat:
1567 1027 1576 1044 ι
1593 1017 1665 1045 Dona
1677 1019 1725 1046 ho-

948 1061 1067 1088 minibus
1084 1060 1196 1095 largitus
1220 1064 1261 1087 est
1286 1061 1365 1092 Deus,
1385 1068 1444 1095 quae
1461 1062 1543 1089 etiam
1556 1062 1658 1089 vellent
1674 1071 1724 1090 an-

948 1106 1027 1141 geli.)
1045 1105 1116 1138 Quid
1128 1105 1224 1140 plura?
1238 1105 1265 1132 Si
1280 1106 1351 1132 enim
1368 1106 1402 1133 de
1418 1106 1551 1140 aliquibus
1567 1109 1668 1135 sanctis
1683 1109 1723 1135 vi-

949 1155 1002 1177 tam
1021 1151 1110 1177 adhuc
1124 1150 1266 1185 agentibus
1287 1151 1448 1183 audivimus,
1465 1159 1513 1178 eos
1527 1153 1583 1179 suis
1596 1154 1723 1187 precibus

949 1195 1079 1230 quosdam
1093 1196 1138 1229 qui
1158 1196 1184 1222 in
1205 1195 1344 1230 impietate
1360 1197 1506 1230 perierant,
1521 1205 1535 1225 a
1556 1186 1731 1232 sempiterno.

943 1240 1075 1275 supplicio
1086 1240 1227 1272 liberasse,
1240 1240 1304 1274 quid
1323 1241 1413 1268 obstat
1426 1242 1571 1276 quominus
1588 1243 1637 1273 illi.
1654 1251 1722 1278 prac-

941 1285 1012 1314 senti
1030 1285 1084 1312 vita
1109 1286 1249 1312 immutata
1279 1285 1387 1320 Deoque
1422 1287 1628 1322 propinquiores
1657 1288 1720 1316 facti

943 1339 974 1358 ea
1007 1338 1067 1365 quae
1098 1335 1283 1358 antecesstires
1313 1333 1574 1366 agant,eademque
1597 1333 1722 1361 fruantur

942 1377 1041 1404 virtute
1059 1384 1091 1404 ac
1113 1376 1241 1409 etlicacia,
1256 1385 1291 1404 ne
1308 1377 1394 1404 dicam
1424 1378 1506 1405 multo
1538 1379 1632 1414 majori
1657 1387 1720 1413 pro-

943 1426 1001 1456 pter
1012 1421 1124 1456 hujusce
1136 1422 1226 1449 carnis
1237 1422 1431 1456 depositiOnem
1443 1422 1502 1450 ’ίΝο
1515 1423 1596 1458 igitur
1609 1423 1719 1451 Patrqu

111 1472 250 1507 ἐνέργειαν
267 1479 296 1497 τε
312 1471 361 1497 καὶ
376 1470 502 1503 δύναμιν,
521 1469 564 1494 ἵνα
582 1469 619 1503 μὴ
635 1468 706 1502 λέγω
724 1468 813 1502 πολλῷ
832 1469 887 1503 μεί-

942 1465 1111 1499 dogmatibus
1125 1466 1309 1498 adversemur,
1322 1466 1510 1494 incredulitate
1521 1472 1547 1494 et
1558 1468 1718 1496 dubitando.

111 1517 191 1549 ζονα,
208 1517 250 1542 διά.
266 1524 296 1550 γι
313 1515 362 1550 τὴν
377 1515 426 1548 τῆς
444 1513 544 1549 σαρκὸς
559 1513 659 1548 ταύτης
676 1513 822 1545 ἀπόθεσιν;
841 1513 886 1549 Μὴ

109 1561 157 1589 οῦν
172 1562 377 1595 ἁντιπίπτωμεν
391 1561 450 1591 ταῖς
464 1560 609 1594 πατρικαῖς
625 1559 806 1593 παραδόσεσι,
821 1559 888 1594 μηδὲ

109 1609 182 1639 ὅπως
205 1608 290 1642 ἔχοιεν
312 1603 393 1633 αὗται
417 1605 681 1640 περιτργαζώμεθα·
704 1604 812 1640 ἐγράφη
833 1605 887 1639 γὰρ

110 1653 195 1680 ταῦτα
208 1653 256 1688 οὐχ
270 1653 313 1679 ῐνα
327 1651 608 1686 πολυπραγμονῶμεν,
624 1650 681 1677 ἀλλ’
695 1650 737 1676 ῐνα
752 1649 886 1676 πιστεύω-

111 1707 170 1734 μεν,
191 1700 237 1725 καὶ
257 1698 301 1725 ινα
320 1696 492 1727 πιστεύοντες
511 1696 584 1731 ζωὴν
603 1696 711 1723 αίώνιον
729 1696 839 1731 ἔχοιμεν
858 1696 886 1722 ὲν

109 1746 219 1778 αἰῶνας.
239 1746 336 1781 Ἀμήν.

941 1509 1004 1536 Haec
1014 1510 1087 1536 enim
1104 1511 1203 1544 scripta
1217 1515 1291 1544 sunt,
1304 1519 1357 1538 non
1374 1516 1402 1538 ut
1418 1517 1614 1545 scrutaremur,
1629 1514 1675 1541 sed
1691 1519 1720 1541 ut

942 1556 1127 1584 crederemus.
1146 1563 1177 1582 ac
1192 1557 1306 1590 proinde
1327 1561 1355 1582 ut
1369 1557 1524 1590 credentes,
1544 1559 1625 1586 vitam
1640 1564 1717 1586 teter—

939 1608 1001 1627 nam
1019 1601 1176 1632 habeamus,
1191 1601 1217 1627 in
1232 1600 1339 1628 Christo
1353 1600 1418 1628 Jesu
1431 1602 1542 1629 Domino
1559 1609 1662 1637 nostro,
1674 1605 1717 1631 cui

939 1647 1022 1683 gloria
1043 1647 1070 1674 in
1087 1646 1192 1673 sazcula.
1213 1647 1309 1675 Amen.

920 1694 1028 1730 Χριστῷ
1046 1693 1134 1728 Ἰησοῦ
1159 1693 1199 1728 τῷ
1216 1694 1309 1728 Κυρίῳ
1326 1694 1420 1729 ἡμῶν,
1449 1692 1471 1730 ᾧ
1488 1696 1505 1731 η
1521 1695 1583 1728 δόξα
1599 1696 1637 1727 είς
1654 1697 1717 1729 τοὺς

782 1802 949 1832 EPISTOLA
967 1801 1038 1829 XIX.

284 1877 323 1904 Ad
341 1876 430 1904 Nilum
450 1876 616 1903 monachum.
636 1888 670 1896 —
686 1873 777 1900 Preces
792 1881 839 1908 pro
855 1871 964 1899 mortuis
979 1876 1003 1898 et
1019 1870 1193 1904 elemosynas
1211 1877 1261 1896 non
1275 1869 1375 1903 frustra
1393 1869 1452 1904 fieri
1468 1868 1517 1905 (Ξ).

143 1947 204 1974 ὀτι
223 1946 272 1981 μὲν
286 1943 333 1973 οὖν
351 1945 381 1972 οὐ
395 1945 448 1980 χρὴ
475 1944 546 1971 κατά
570 1953 596 1971 τι
610 1944 744 1976 διστάζειν
759 1943 803 1969 ἐπὶ
823 1943 883 1973 ταῖς

108 1992 265 2027 γινομέναις
283 1991 417 2023 εὐποιίαις
432 1991 508 2025 παρὰ
533 1990 626 2023 τινῶν,
641 1990 721 2024 χάριν
739 1989 788 2024 μὲν
803 1988 880 2014 εὐσε-

108 2038 175 2070 ϐῶν,
192 2037 362 2072 ἁμαρτωλῶν
383 2037 411 2063 δὲ
424 2057 431 2069 ,
448 2035 623 2062 πειθέτωσαν
654 2036 728 2071 ἡμᾶς
761 2034 813 2068 πρὸ
827 2033 882 2060 τῶν

971 1941 1029 1967 Non
1044 1948 1104 1968 esse
1119 1941 1209 1974 itaque
1224 1939 1404 1966 dubitandum
1428 1940 1461 1967 de
1483 1939 1561 1966 bonis
1584 1941 1713 1974 operibus

935 1993 994 2020 qua)
1011 1986 1043 2012 ab
1057 1985 1190 2019 aliquibus
1204 1984 1281 2015 fiunt,
1299 1985 1406 2018 piorqu
1421 1984 1529 2019 quidem
1545 1985 1629 2018 gratia
1640 2005 1647 2018 ,
1665 1985 1712 2013 sed

936 2036 1124 2067 peccatorum,
1149 2031 1327 2065 persuadeant
1348 2038 1396 2057 nos
1414 2035 1476 2057 ante
1499 2031 1567 2058 alios
1586 2031 1711 2066 discipuli

107 2083 194 2110 ἄλλων
217 2083 241 2109 oi
259 2082 377 2117 μαθηταὶ
395 2081 513 2116 Χριστοῦ
541 2082 588 2108 καὶ
616 2079 769 2111 ἀπόστολοι.
793 2080 881 2113 τρίτα,

940 2077 1032 2105 Christi
1048 2082 1073 2104 ct
1086 2077 1210 2112 apostoli,
1227 2077 1323 2105 diebus
1337 2077 1426 2109 tertio,
1448 2085 1520 2104 nono
1545 2083 1573 2105 et
1591 2079 1711 2112 quadra-

107 2129 205 2155 ἐννατα
230 2127 276 2154 καὶ
291 2126 506 2162 τεσσαρακοστὰ,
540 2126 585 2152 ναὶ
608 2125 671 2160 μὴν⁹
691 2125 737 2151 καὶ
760 2124 883 2150 ἐνιαύσια

106 2173 243 2201 τελεῖσθαι
259 2172 357 2203 κοινῶς
375 2173 422 2200 ἐπὶ
447 2173 503 2202 τοῖς
521 2171 649 2197 τεθνεῶσι
674 2169 878 2204 διαταξάμενοι.

107 2217 136 2242 Εἰ
150 2217 203 2250 γὰρ
215 2216 228 2242 ὸ
245 2215 387 2247 Νυσσαεὺς
401 2215 470 2246 θετος
482 2215 641 2250 Γρηγόριος,
652 2215 706 2245 τοῖς
719 2214 801 2247 ἱεροῖς
817 2215 882 2239 ἀπο-

107 2261 211 2292 στόλοις
229 2260 361 2293 ἑπόμενος
378 2259 465 2291 οὕτως
482 2259 595 2294 εὓρηται
610 2259 708 2293 λέγων,
719 2259 802 2285 Οὐδὲν
818 2258 880 2284 ἀλο-

105 2306 203 2337 γίστως
226 2304 286 2331 οὐδὲ
301 2303 424 2338 ἀκερδῶς
447 2303 500 2329 ἀπὸ
528 2304 581 2330 τῶν
596 2303 643 2329 τοῦ
654 2302 770 2338 Χριστοῦ
787 2302 878 2338 μαθη-

104 2351 160 2376 τῶν
186 2350 373 2384 παραδίδοται,
393 2349 460 2376 ἀλλὰ
480 2349 510 2375 τὸ
523 2350 640 2384 πρᾶγμα
652 2349 761 2380 πάντως
776 2349 880 2381 Emesa.

104 2396 159 2427 λὲς,
174 2395 203 2421 τὸ
221 2395 332 2430 μνήμην
350 2395 436 2420 ποιεῖν
457 2394 504 2420 ὲπὶ
521 2395 570 2430 τῆς
593 2394 668 2425 Θείας
686 2394 880 2428 μυσταγωγίας

103 2441 159 2467 τῶν
173 2440 276 2467 πιστῶν
304 2439 532 2474 κεκοιμημένων·
564 2439 654 2473 πολλῷ
681 2438 781 2474 μᾶλλον
804 2439 877 2473 ἡμᾶς

103 2486 334 2521 ἁλογοπραγήτως
350 2485 463 2512 ἕπεσθαι
484 2485 549 2521 χρή.
567 2485 598 2512 Ei
616 2486 681 2520 γὰρ,
698 2485 824 2519 καθάπερ
840 2485 878 2510 εί-

105 2533 250 2568 ρήκαμεν,
283 2532 352 2565 ὑπὲρ
377 2531 432 2557 τῶν
458 2532 488 2557 ιν
512 2531 659 2565 ἁμαρτίαις
687 2530 877 2557 ἀποθανόντων

102 2578 198 2604 ουσίαν
218 2577 367 2612 προσάγειν
382 2577 432 2603 οὐκ
447 2576 659 2610 ἀποκλειόμεοα.
685 2576 730 2602 καὶ
755 2577 769 2602 ὁ
791 2576 875 2610 μέγας

103 2624 241 2654 Βασίλειος
258 2624 287 2649 ὲν
306 2625 338 2658 τῇ
354 2623 434 2658 τρίτῃ
452 2623 517 2658 εὐχῇ
533 2624 565 2657 τῇ
586 2622 721 2657 λεγομένῃ
741 2622 812 2649 κατὰ
826 2621 875 2656 τὴν

137 2711 175 2746 (l)
194 2711 314 2746 Respicit
332 2711 369 2744 (ut
386 2710 579 2745 cognoscimus
596 2718 628 2737 ex
645 2711 705 2738 aliis
721 2710 809 2745 Gly'caa
824 2712 881 2746 epi-

102 2747 181 2781 stulis
205 2754 251 2772 seu
276 2746 445 2781 tractatibus)
459 2746 491 2772 ad
513 2746 696 2781 nagationem
713 2745 741 2773 S.
754 2745 875 2781 Gregorii

102 2780 154 2811 ΙΨ,
187 2787 210 2805 t't
249 2781 364 2806 aliorum
391 2779 537 2808 de'salute
552 2780 661 2814 Trajaui
678 2781 756 2815 imp.,
773 2779 877 2815 de‘qua

934 2125 1044 2159 gesixuo,
1059 2131 1108 2150 nec
1123 2131 1176 2150 non
1188 2128 1214 2150 et
1226 2130 1321 2150 exacto
1335 2131 1406 2150 anno
1423 2123 1528 2158 publice
1543 2130 1710 2152 mortuorum

934 2168 1076 2196 memorias
1092 2168 1147 2195 tleri
1166 2167 1354 2195 decernentes.
1372 2168 1476 2194 Etenim
1503 2168 1554 2195 etsi
1574 2168 1712 2204 Nyssenas

932 2215 1010 2242 divus
1023 2214 1167 2247 Gregorius
1180 2214 1263 2240 sacris
1276 2214 1404 2248 apostolis
1420 2214 1548 2242 insistens
1564 2214 1620 2241 haec
1636 2222 1711 2249 repe-

932 2261 1000 2287 ritur
1022 2260 1143 2287 dixisse:
1161 2260 1232 2286 Nihil
1255 2259 1313 2286 sine
1336 2260 1439 2286 ratione
1462 2264 1489 2286 et
1511 2261 1569 2287 siue
1594 2259 1670 2287 lucro
1696 2269 1711 2286 a

930 2305 1031 2334 Christi
1046 2306 1184 2340 discipulis
1198 2306 1327 2337 traditur,
1345 2313 1388 2333 res
1405 2310 1493 2332 tamen
1517 2305 1575 2340 ipsa
1600 2306 1711 2332 omnino

931 2351 1004 2378 utilis
1021 2357 1071 2382 est,
1088 2350 1244 2377 memoriam
1262 2351 1382 2378 recolere
1399 2351 1424 2377 in
1439 2351 1529 2378 divina
1544 2352 1651 2385 liturgia
1665 2359 1712 2379 eo-

929 2405 999 2427 rum,
1019 2397 1064 2431 qui
1089 2397 1116 2423 in
1141 2396 1192 2423 [ide
1209 2395 1423 2429 obdormierunt,
1441 2397 1525 2424 multo
1548 2398 1632 2432 magis
1659 2405 1710 2424 nos

928 2443 986 2469 sine
1011 2441 1124 2469 auctiori
1149 2441 1272 2469 examine
1296 2442 1371 2476 sequi
1399 2442 1521 2469 addecet.
1546 2443 1650 2470 Etenim
1674 2445 1708 2480 si.

930 2487 1153 2522 quemadmodum
1178 2487 1303 2519 diximus,
1330 2495 1378 2521 pro
1405 2487 1449 2521 iis,
1464 2488 1510 2522 qui
1534 2489 1562 2515 in
1588 2489 1708 2522 peccatis

932 2531 1067 2558 immortui
1085 2535 1158 2563 sunt,
1171 2531 1331 2558 sacriﬁcium
1342 2531 1440 2558 oﬂ‘erre
1454 2540 1508 2559 non
1522 2533 1705 2566 prohibemur;

929 2576 999 2611 quod
1016 2581 1043 2604 et
1053 2576 1159 2603 divinus
1176 2577 1291 2604 Basilius
1307 2577 1334 2604 in
1351 2578 1428 2605 tertia
1443 2578 1576 2610 oratione,
1590 2586 1649 2613 quze
1661 2579 1705 2605 die

929 2622 1093 2649 Pentecoste:
1105 2629 1183 2649 sacro
1193 2622 1302 2655 dicitur,
1315 2622 1394 2657 plane
1403 2623 1508 2656 edocet,
1526 2623 1560 2651 ita
1574 2623 1608 2651 ad
1619 2624 1703 2651 Deum

927 2711 996 2773 Fatis
1016 2717 1041 2739 et
1056 2719 1071 2739 τι
1086 2712 1179 2739 multis
1201 2712 1304 2740 criticis
1320 2717 1346 2740 et
1360 2720 1375 2740 a
1391 2713 1522 2750 theologis
1538 2713 1702 2748 disputatum

941 2753 988 2773 tlll.

941 2753 1000 2816 Ἥ)
1021 2781 1102 2810 Allat.
1123 2783 1160 2810 De
1174 2790 1320 2816 consensu,
1335 2782 1386 2809 col.
1402 2783 1479 2810 tl9t.
