1942 3075
229 100 284 133 92ι

870 77 1081 126 MlCHAELlS
1100 94 1230 126 suae

1797 91 1842 124 924

230 159 344 186 dicens:
367 155 445 190 Quod
463 160 491 182 et
515 155 542 182 in
563 154 613 182 hac
631 153 828 189 perfectissima
847 153 1013 181 solemnitatt

1071 153 1178 188 ἡμέραν
1195 153 1245 188 τῆς
1269 151 1470 187 Πεντηκοστῆς,
1498 151 1593 186 σαφῶς
1619 150 1667 178 οὖν
1698 149 1838 178 ἐκδιδάσκει

229 210 256 232 et
272 204 381 231 Salutari
393 222 402 236 ,
418 202 623 237 propitiationcs
634 201 835 236 deprccatorias
852 208 900 235 pro
913 200 956 233 iis,
973 199 1019 235 qui

229 257 257 276 tn
272 248 410 276 infernum
427 248 641 279 descenderunt,
658 245 799 281 suscipere
816 253 870 273 non
886 245 1019 278 dedigna-

229 299 275 322 tus
288 302 328 327 es,
347 294 472 328 ingentes
490 293 567 320 nobis
592 300 654 327 spes
669 293 812 324 exhibens,
830 292 1018 319 remissionem

229 348 294 367 vero
309 341 351 372 iis,
370 340 415 374 qui
432 339 587 367 detinentur
611 339 644 365 ab
661 338 878 372 opprimentibus
895 345 942 365 eos
960 345 1018 364 ma-

228 386 272 419 lis,
290 386 388 412 exaudi
409 393 471 417 nos,
485 391 513 412 te
542 385 730 419 deprecantes.
752 383 810 411 Non
831 384 903 411 enim
919 383 1018 410 monui

228 432 377 459 laudabunt
397 437 438 464 te,
454 431 577 463 Domine.
592 438 680 465 neque
703 431 748 465 qui
765 431 792 457 in
813 430 917 457 inferno
933 435 1016 461 sunt,

227 477 388 505 conﬁtentes
412 478 499 505 libere
521 478 568 504 tibi
587 477 721 510 oﬂ'erunt;
747 477 795 504 sed
820 483 869 503 nos
896 476 1017 503 vlventes

227 531 374 551 exoramus
394 532 443 558 pro
457 523 599 551 animabus
613 531 719 550 eorum.
735 524 764 550 Et
783 531 817 550 ne
829 523 912 550 dicito
926 523 990 549 mihi
1008 531 1016 549 :

227 570 452 604 Quandoquidem
463 570 592 597 universe
607 577 657 604 pro
670 569 800 596 omnibus
812 568 950 596 defunctis
963 568 1017 595 Deo

223 615 361 642 sacriﬁcia
373 615 536 647 oﬂ'cruntur.
553 616 683 650 universe
699 615 780 642 etiam
793 623 887 642 omnes
901 615 1015 642 salutent

224 665 441 694 consequentur.
464 660 552 688 Habes
570 660 706 695 siquidem
723 668 779 695 pra:
801 660 863 687 aliis
888 667 1015 695 magnum

227 706 394 742 Dionysium,
415 706 485 733 hanc
499 706 658 740 opinionem
675 714 690 733 e
707 707 796 733 medio
812 706 952 733 tollentem
964 726 972 739 ,
988 710 1016 733 et

226 759 287 786 quae
310 759 343 778 ex
371 751 491 786 peccatis
515 750 701 783 remittantur,
726 759 850 784 quamam
874 758 936 778 vero
961 758 1015 777 non

227 797 427 828 condonentur,
442 796 585 823 manifesto
595 797 766 824 edocentent.
780 797 818 823 De
836 796 869 822 iis
884 803 1012 830 namque,

225 843 272 876 qui
289 842 317 869 in
334 842 454 877 pecoatis
472 844 555 869 vitam
581 842 712 869 [inierunt
725 863 733 875 ,
757 842 911 870 edisserens
923 862 930 875 ,
959 843 1014 869 haec
1031 834 1051 862 Β

226 894 335 920 quoque
349 887 425 914 a'ldit
444 895 450 914 :
467 887 495 913 Si
512 887 610 922 pusilla
626 887 749 921 qumdam
766 886 922 917 adfuerint,
946 887 1018 914 utili-

226 936 310 958 tatem
325 936 437 966 propter
460 931 532 958 bona
546 939 640 966 opera,
660 938 721 964 qua:
738 937 786 964 pro
799 930 833 957 iis
849 930 928 962 ﬁunt,
948 929 1019 956 accl-

227 977 322 1012 piunt;
339 977 361 1004 si
376 977 496 1011 ingentia
512 984 543 1003 ac
569 976 746 1003 immoderata
775 979 859 1008 sunt,
884 975 1018 1002 conclusit

226 1022 299 1049 Deus
318 1027 413 1050 contra
428 1024 511 1058 ipsos.
527 1022 566 1049 Ad
582 1022 640 1049 haec
653 1022 773 1056 suppetit
785 1026 813 1048 et
827 1029 940 1056 magnus
952 1021 1017 1056 Epi-

227 1067 358 1103 phanius,
379 1067 404 1094 in
425 1067 551 1094 Panariis
572 1067 630 1094 haec
643 1067 746 1094 habens
765 1075 773 1094 :
793 1066 876 1094 Utiles
893 1070 1017 1100 suntpro

217 1114 364 1140 defunctis
381 1113 488 1148 piorum
506 1120 615 1148 preces,
640 1112 663 1140 si
688 1113 806 1148 ingentia
832 1112 946 1140 crimina
964 1120 1016 1139 non

226 1159 389 1195 impediunt.

263 1336 297 1362 Et
314 1335 339 1362 bi
356 1335 466 1369 quidem
483 1335 541 1361 haec
558 1335 678 1361 tradunt.
694 1333 812 1361 Joannes
835 1340 899 1360 vero
923 1333 1019 1360 Dama-

227 1389 327 1409 sccnus
343 1382 463 1415 apertius
480 1381 539 1408 haec
556 1381 647 1407 eadem
666 1379 841 1415 prosequitur
852 1400 859 1412 ,
881 1379 1018 1407 ostendit-

227 1434 290 1461 que,
310 1434 434 1460 quamam
456 1434 488 1453 ex
504 1426 611 1453 delictis
628 1425 708 1452 facile
724 1426 873 1452 condonari
890 1425 996 1460 possint
1009 1447 1016 1459 ,

226 1480 348 1507 quamam
376 1472 526 1500 condonari
543 1472 655 1499 omnino
675 1476 832 1506 nequeant,
851 1472 878 1498 in
894 1472 1016 1498 oratione

226 1526 275 1544 sua
312 1517 348 1544 De
381 1517 620 1549 obdurmienttbus,
656 1517 698 1544 his
724 1517 815 1544 verbis
832 1525 838 1544 :
855 1516 1016 1551 Quicunque

226 1564 317 1599 itaque
332 1572 393 1590 cum
408 1564 512 1598 reliqua
527 1571 573 1590 sua
590 1563 786 1603 inltumanitate
799 1568 880 1598 atque
898 1564 1016 1590 crudeli-

225 1614 283 1637 tate
300 1610 411 1644 penitus
422 1616 499 1636 erant
515 1609 756 1641 immisericordes,
773 1614 801 1636 et
812 1609 845 1635 ad
862 1609 1016 1643 supplican-

222 1656 293 1682 tium
315 1663 411 1690 preces
429 1655 488 1682 duri
505 1663 537 1682 ac
555 1655 729 1687 inﬂexibiles,
745 1655 800 1682 itno
820 1655 901 1682 etiam
924 1663 1014 1683 rerum

220 1703 375 1729 alienarum
391 1701 463 1729 avidi
480 1707 614 1736 raptores,
634 1701 660 1728 hi
677 1701 752 1728 nullo
775 1701 856 1729 tnodo
873 1703 1014 1729 commoda

223 1753 429 1783 consequentur
447 1757 453 1775 :
468 1749 603 1775 conclusit
618 1748 691 1774 enim
708 1751 804 1777 contra
825 1755 872 1776 eos
888 1748 967 1781 Deus,
986 1753 1016 1776 ut

219 1802 339 1829 ztnagnus
367 1793 461 1828 inquit-
483 1793 638 1828 Dionysius.
664 1792 827 1827 Quicunque
850 1801 915 1821 vero
946 1801 1014 1821 con-

218 1841 339 1868 scientia
354 1845 432 1867 erant
451 1844 536 1871 recta,
557 1847 611 1866 non
626 1843 775 1874 potuerunt
790 1843 890 1872 tamen,
905 1844 1014 1873 propter

226 1891 341 1914 mortem
363 1886 549 1918 immaturam,
567 1886 722 1913 divinarutn
736 1885 825 1922 legum
848 1887 953 1913 sattcita
967 1894 1013 1921 per

219 1940 255 1959 se
273 1932 346 1967 ipsos
357 1932 504 1967 complere.
523 1932 549 1959 hi
565 1932 676 1959 omnino
698 1937 812 1968 propter
832 1940 938 1967 preces,
963 1941 1012 1968 pro

217 1979 259 2006 viis
276 1979 385 2011 eti'usas,
412 1979 560 2006 tnaximum
583 1979 611 2006 in
639 1979 749 2007 modum
776 1979 930 2014 proﬁcient.
955 1980 1012 2008 Nec

217 2024 316 2050 .minus
330 2024 364 2051 de
376 2023 427 2051 hac
439 2024 533 2051 endem
551 2031 581 2050 re
596 2023 705 2051 divinus
721 2023 930 2059 Cbrysostomus
939 2032 1013 2052 cout—

224 2070 371 2104 plectitur:
386 2069 444 2096 Non
460 2069 584 2104 potuisti,
600 2078 661 2096 cum
691 2070 806 2102 viveres,
826 2071 933 2105 negotia
949 2070 1009 2097 ani-

224 2122 274 2142 mae
302 2120 354 2142 tuae
381 2117 470 2142 omnia
503 2116 722 2147 accommodare,
749 2116 775 2143 in
797 2116 855 2151 ipso
874 2117 936 2145 vita:
957 2123 1011 2145 tua:

1069 199 1157 233 Mwa
1181 198 1254 226 οὓτω
1274 200 1342 234 πρὸς
1368 199 1416 226 τὸν
1438 199 1506 226 Θεόν
1521 207 1528 214 ·
1547 208 1557 224 ‹
1582 198 1614 224 '0
1626 197 1674 224 καὶ
1691 198 1720 224 ὲν
1736 198 1798 233 αὐτῇ
1810 199 1840 233 τῇ

1070 245 1198 273 παντελεῖ
1224 246 1304 281 ἑορτῇ
1343 246 1391 272 καὶ
1428 245 1594 281 σωτηριώδει
1630 244 1759 279 ἱλασμοὺς
1796 244 1840 279 μὲν

1069 293 1189 324 ἱκεσίους
1208 293 1278 328 ὑπὲρ
1298 293 1352 319 τῶν
1376 292 1566 328 ἀποιχομένων
1591 293 1619 318 ὲν
1636 291 1700 327 ᾆδον
1717 291 1841 324 καταξιώ-

1070 345 1119 368 σας
1145 338 1290 373 δέχεσθαι,
1318 338 1441 373 μεγάλας
1479 338 1606 373 παρέχων
1631 337 1698 372 ἡμῖν
1732 337 1842 369 ίλπίδας,

1069 383 1161 411 ἄνεσιν
1175 385 1202 411 δι
1218 386 1273 416 τοῖς
1290 385 1484 420 κατεχομένοις
1498 385 1552 411 τῶν
1568 384 1739 419 κατεχόντων
1754 383 1844 414 αὐτοὺς

1068 431 1200 465 ἀνιαρῶν,
1227 431 1383 457 ἐπάκουσον
1400 431 1480 466 ἡμῶν
1500 430 1635 464 δεομένων
1654 438 1712 462 σου,
1730 430 1770 456 ὅτι
1788 429 1843 464 οὐχὶ

1068 476 1162 512 νεκροὶ
1180 477 1317 504 διίνέσουσί
1334 484 1363 505 σε
1375 498 1383 511 ,
1400 477 1497 513 Κύριε,
1517 476 1578 505 οὐδὲ
1593 477 1617 504 οί
1635 477 1664 503 ὲν
1677 476 1740 511 ᾅδου
1760 475 1833 510 ἑξομο

1067 523 1226 558 λογούμινοι
1251 524 1489 560 παρῤησιάζονται
1515 523 1611 559 φέρειν
1628 531 1690 553 ισοι,
1706 522 1764 548 ἀλλ’
1775 523 1843 556 ἡμεῖς

1062 570 1090 595 ὀί
1119 569 1220 601 ζῶντες
1243 569 1402 605 ἱκετεύομεν
1423 570 1488 604 περὶ
1508 569 1562 596 τῶν
1575 568 1668 604 ψυχῶν
1683 568 1780 596 αὐτῶν.
1796 568 1845 595 Καὶ

1069 617 1106 651 μή
1131 625 1177 651 μοι
1201 617 1276 651 λέγι,
1302 617 1340 649 ὡς
1371 617 1429 651 εἴγε
1451 616 1550 647 κοινῶς
1577 616 1648 651 ὐπὶρ
1675 615 1783 642 πάντων
1794 615 1844 642 τῶν

1066 661 1225 689 τεθνεώτων
1241 663 1333 690 θυσίαι
1356 662 1396 697 τῷ
1411 662 1471 697 Θεῷ
1487 662 1684 697 προσάγονται,
1698 661 1744 688 καὶ
1756 660 1845 692 κοινῶς

1067 706 1164 732 λοιπὸν
1182 707 1303 740 ἅπαντες
1320 708 1458 743 σωτηρίας
1473 708 1671 741 ἐπι-τεύξονται.
1691 707 1784 742 Ἔχεις
1796 707 1845 743 γὰρ

1067 752 1121 786 πρὸ
1134 752 1189 778 τῶν
1200 752 1288 779 ἄλλων
1302 753 1384 780 αὐτδν
1397 754 1443 780 τὸν
1459 754 1550 788 μέγαν
1565 753 1705 780 Διονύσιον
1719 753 1751 779 ὲκ
1769 753 1845 787 μέσον

1066 798 1115 832 τὴν
1135 797 1263 825 ὑπόνοιαν
1278 798 1381 833 ταύτην
1396 799 1570 835 ποιούμενον,
1585 799 1634 825 καὶ
1659 800 1720 826 τίνα
1740 799 1787 834 μὲν
1797 799 1847 826 τῶν

1070 842 1318 878 πλημμελημάτων
1343 845 1483 879 ἀφίενται,
1501 845 1562 871 τίνα
1586 844 1614 871 δὲ
1636 844 1688 871 οὐκ
1712 845 1847 879 ἀφίενται,

1070 889 1165 923 σαφῶς
1187 898 1217 916 σε
1237 889 1407 917 διδάσκοντα.
1436 891 1504 926 Περί
1527 899 1608 918 τινων
1627 891 1682 926 γὰρ
1710 892 1739 917 ἐν
1764 891 1850 925 ἀμαρ-

1071 935 1144 967 τίαις
1162 935 1209 962 τὸν
1228 935 1286 970 βίον
1313 937 1507 964 ἀπολιπόντων
1526 937 1645 970 διεξιὼν,
1662 938 1710 964 καὶ
1723 937 1785 964 τάδε
1800 945 1850 972 φη-

1071 981 1123 1008 σίν·
1139 982 1171 1008 Ei
1188 983 1238 1017 μὲν
1250 982 1316 1017 ψιλά
1333 991 1396 1010 τινα
1412 985 1569 1018 πρόσεστιν,
1586 983 1694 1018 ἔχουσιν
1717 983 1850 1017 ὠφέλειαν

1071 1027 1114 1054 διὰ
1131 1028 1179 1059 τὰς
1202 1029 1349 1063 γινομένας
1379 1030 1516 1061 εὐποιίας’
1545 1031 1569 1056 εί
1597 1030 1626 1057 δὲ
1650 1030 1758 1065 χαλεπά
1771 1031 1849 1063 τίσιν,

1069 1065 1235 1100 ἀπέκλεισεν
1252 1075 1266 1101 6
1285 1074 1352 1106 Θεὸς
1371 1076 1432 1102 κατ’
1447 1075 1550 1103 αὐτῶν.
1564 1076 1636 1111 Πρὸς
1647 1077 1753 1107 τούτοις
1767 1077 1794 1104 δὶ
1804 1077 1851 1104 καὶ

1068 1121 1151 1147 αὑτὸν
1160 1120 1237 1155 ἔχεις
1250 1121 1297 1148 τὸν
1311 1122 1400 1156 μέγαν
1410 1122 1572 1157 Ἐπιφάνιον
1583 1124 1613 1150 ὲν
1621 1124 1677 1155 τοῖς
1692 1123 1852 1157 Παναριοις

1070 1166 1141 1193 οὕτω
1161 1167 1294 1201 λέγοντα·
1315 1168 1423 1202 ’Ὠφελεῖ
1437 1168 1466 1195 δὲ
1493 1169 1541 1196 καὶ
1558 1169 1628 1205 ὑπὲρ
1644 1170 1697 1197 τῶν
1718 1179 1852 1205 κεκοιμη-

1069 1213 1160 1247 μένων
1177 1213 1300 1240 εὐσεϐῶν
1319 1214 1399 1250 εὐχὴ,
1422 1214 1446 1241 εί
1467 1214 1515 1241 καὶ
1528 1214 1562 1241 τὰ
1579 1214 1685 1249 μεγάλα
1700 1216 1853 1252 αἰτιάματα

1070 1258 1107 1294 μὴ
1131 1259 1284 1296 ἀποκόπτῃ.

1105 1328 1159 1355 Καὶ
1173 1327 1250 1359 οὗτος
1269 1329 1318 1364 μιν
1338 1329 1438 1362 οὗτωςῖ
1453 1330 1467 1356 ὁ
1483 1330 1512 1357 δὲ
1527 1331 1709 1366 Δαμασκηνὸς
1725 1333 1855 1369 Ἰωάννης

1068 1372 1263 1409 ἀριδηλότερον
1290 1374 1325 1402 τὰ
1355 1377 1419 1410 περὶ
1448 1376 1542 1403 τούτου
1571 1377 1776 1412 διαλαμϐάνων,
1805 1380 1854 1406 καὶ

1068 1417 1199 1444 δεικνύων
1223 1420 1363 1452 ἐντεῦθεν,
1383 1423 1445 1448 τίνα
1460 1423 1510 1457 μέν
1527 1423 1597 1450 είσιν
1611 1424 1667 1450 τῶν
1686 1425 1854 1461 πλημμελη-

1070 1463 1165 1496 μάτων
1181 1464 1388 1499 εὐσύγγνωστα,
1405 1468 1465 1494 τίνα
1476 1468 1505 1494 δὲ
1517 1469 1565 1494 καὶ
1578 1469 1649 1496 πάνυ
1659 1470 1854 1504 ἀσύγγνωστα,

1028 1500 1051 1531 C
1067 1510 1096 1535 ὲν
1115 1509 1155 1544 τῷ
1169 1510 1240 1544 Περὶ
1254 1512 1480 1546 κεκοιμημένων
1505 1513 1577 1549 λόγῳ
1605 1515 1690 1542 αὐτοῦ
1717 1500 1765 1542 καὶ
1790 1500 1854 1544 τάδέ

1069 1555 1162 1590 φησίν·
1179 1556 1257 1583 Ὅσοι
1273 1558 1323 1591 μὲν
1334 1558 1380 1585 οὖν
1395 1560 1466 1592 μετὰ
1485 1559 1536 1594 τῆς
1558 1560 1641 1596 ἄλλης
1661 1561 1751 1588 αὐτῶν
1767 1563 1856 1591 ἀπανα

1068 1601 1190 1636 θρωπίας
1221 1604 1268 1629 καὶ
1294 1603 1436 1639 ὠμότητος
1466 1605 1639 1640 ἀσυμπαθεῖς
1661 1607 1754 1634 τέλεον
1779 1606 1855 1644 ἦσαν

1068 1647 1137 1681 μήτε
1155 1647 1209 1682 μὴν
1223 1649 1280 1679 τοῖς
1295 1648 1436 1683 δεομένοις
1453 1651 1705 1687 ὲπικαμπτόμενοι,
1720 1653 1791 1680 ἀλλὰ
1806 1656 1856 1682 καὶ

1065 1693 1099 1720 τὰ
1112 1693 1214 1720 τούτων
1229 1695 1426 1730 ἀφαιρούμενοι
1444 1697 1572 1732 μάλιστα,
1593 1698 1726 1734 οὐμενοῦν
1746 1701 1771 1727 οι
1797 1709 1850 1727 τοι·

1066 1738 1140 1764 οὗτοι
1163 1739 1406 1775 ὠφεληθήσονται·
1425 1742 1572 1769 ἀπέκλεισε
1586 1744 1641 1778 γὰρ
1655 1743 1716 1771 κατ’
1732 1745 1827 1772 αὐτῶν
1841 1747 1856 1773 ό

1065 1783 1145 1816 Θεὸς,
1169 1786 1206 1817 ὡς
1230 1788 1244 1812 ὁ
1271 1788 1359 1821 μέγας
1375 1787 1427 1823 ἔφη
1444 1788 1592 1820 Διονύσιος*
1605 1790 1662 1817 ὅσοι
1678 1791 1706 1817 δὲ
1726 1792 1856 1827 συνειδή-

1066 1839 1135 1862 σεως
1150 1832 1275 1867 ὑπῆρχον
1291 1833 1411 1868 ἀγαθῆς,
1433 1835 1484 1861 οὐκ
1510 1835 1635 1869 ἔφθασαν
1657 1837 1686 1863 δὲ
1707 1838 1785 1872 ὅμως
1809 1840 1857 1867 διὰ

1064 1877 1094 1904 τὸ
1110 1877 1156 1905 τοῦ
1173 1878 1291 1906 θανάτου
1315 1880 1405 1916 ἄωρον
1431 1881 1464 1907 τὰ
1490 1881 1544 1908 τῶν
1561 1883 1642 1910 θείων
1668 1884 1761 1918 νόμων
1783 1887 1857 1913 ἀπο-

1064 1925 1209 1961 πληρῶσαι
1225 1925 1259 1952 δι“
1276 1925 1394 1961 ἑαυτῶν,
1411 1927 1512 1954 ἐκεῖνοι
1535 1930 1637 1961 πάντες
1652 1930 1696 1957 διά
1714 1931 1763 1963 τὰς
1780 1933 1858 1969 ὑπὲρ

1063 1971 1154 1998 αὐτῶν
1165 1972 1312 2006 γινομένας
1326 1973 1409 2007 εὐχὰς
1426 1974 1461 2000 τὰ
1477 1974 1600 2010 μάλιστα
1612 1975 1857 2013 ὠφεληθήσονται,

1063 2017 1120 2051 Οὐχ
1136 2015 1217 2052 ἦττον
1234 2018 1263 2044 δὲ
1283 2019 1317 2045 τὰ
1346 2019 1410 2055 περὶ
1426 2019 1523 2047 τούτου
1539 2021 1585 2047 καὶ
1608 2022 1621 2048 ὁ
1642 2023 1713 2054 θεῖος
1735 2024 1859 2060 διαλαμη

1063 2063 1142 2090 δάνει
1168 2064 1361 2100 Χρυσόστομος
1376 2066 1475 2100 λέγων,
1494 2067 1550 2094 Οὐκ
1567 2068 1688 2102 ἔφθασας
1700 2070 1809 2106 περιὼν
1829 2073 1859 2099 ιν

1061 2109 1100 2144 τῷ
1114 2110 1164 2146 βίῳ
1180 2112 1212 2137 τὰ
1233 2110 1284 2145 τῆς
1304 2111 1391 2147 ψυχῆς
1411 2120 1459 2138 σου
1484 2113 1574 2140 πάντα
1588 2114 1779 2150 διευθετῆσαι,
1801 2119 1860 2144 κᾶν

219 2161 297 2189 exitu
315 2163 368 2187 tttis
387 2162 514 2196 prmtipe.
538 2167 581 2189 tua
605 2168 666 2197 post
681 2167 796 2190 mortem
815 2164 864 2190 tibi
882 2164 1008 2196 mittere,

1067 2156 1092 2182 ὲν
1105 2155 1143 2190 τῷ
1160 2156 1233 2183 τέλει
1246 2157 1292 2184 τοῦ
1311 2158 1369 2192 βίου
1389 2158 1492 2185 ἕντειλε
1507 2161 1563 2192 τοῖς
1577 2162 1634 2192 σοῖς
1647 2162 1717 2196 μετά
1732 2162 1861 2191 θάνατον

220 2212 248 2234 ct
264 2208 396 2234 auxilium
414 2208 537 2242 pricbere
553 2216 601 2243 per
617 2209 687 2236 bona
702 2216 793 2243 opera,
814 2209 1009 2245 eleemosyuas,

220 2252 393 2288 inquam,ct
418 2253 569 2281 oblationes
605 2255 669 2282 inde
692 2255 841 2290 propitium
872 2256 919 2284 tibi
947 2257 1010 2284 red-

216 2299 270 2326 das
293 2300 484 2333 liberatorem;
512 2301 567 2328 haec
590 2301 660 2328 eniut
689 2301 726 2328 illi
752 2306 827 2337 grata
843 2306 909 2329 sunt
921 2307 947 2329 et
966 2310 1011 2330 ac-

215 2350 309 2379 cepta.
326 2345 354 2372 Si
372 2353 437 2373 vero
453 2347 534 2373 etiam
552 2355 672 2382 magnus-
681 2346 797 2374 Basilius
813 2347 910 2384 alicubi
922 2347 1008 2375 dicit:

220 2391 259 2419 Ne
272 2392 413 2424 fallatnini,
433 2392 503 2420 Deus
517 2401 568 2420 non
584 2394 722 2425 irridetur,
736 2398 872 2421 mortumn
887 2395 913 2421 in
925 2395 1010 2422 altare

216 2444 275 2464 non
293 2437 431 2469 adducito,
455 2438 547 2465 vivum
573 2438 641 2466 oﬂcr
658 2439 821 2466 sacriﬁcium
841 2444 936 2473 tuum;
954 2441 1009 2468 hae-

216 2483 334 2510 rendum
353 2484 466 2511 minime
479 2489 530 2515 est,
546 2491 636 2519 neque
654 2490 797 2518 propterea
810 2493 859 2520 pro
872 2484 1009 2514 defunctis

216 2526 288 2554 bona
303 2535 385 2561 opera
399 2528 571 2563 negligenda.
589 2528 663 2556 Scito
678 2529 761 2562 euitn,
777 2537 839 2556 eum
851 2530 884 2557 ad
900 2538 1008 2563 avaros,

216 2580 341 2608 rapaccs,
356 2573 555 2610 inunorigeros.
576 2579 658 2609 atque
684 2576 792 2610 penitus
813 2576 1008 2604 immisericor-

216 2619 275 2652 dcs,
294 2627 449 2648 sermonem
471 2615 609 2656 dirigere;
625 2621 697 2655 qttod
713 2621 824 2656 planum
843 2626 884 2648 est
907 2629 939 2648 ex
960 2622 1006 2656 iis,

215 2673 276 2699 quae
302 2665 411 2692 divinus
430 2666 482 2693 iste
500 2667 542 2693 vir
558 2667 695 2694 subnectit
720 2675 727 2693 :
744 2666 798 2694 Cor
814 2667 948 2701 lapideum
969 2668 1008 2695 al-

218 2712 366 2745 loquimur.
391 2712 539 2747 Propterea
559 2721 672 2747 magnus
684 2713 735 2740 iste
756 2714 839 2748 probe
853 2714 934 2748 fecit;
955 2716 1005 2743 nisi

215 2756 288 2782 enim
311 2758 478 2784 attsteriores
503 2765 644 2784 SCI‘IIIOIICS
661 2764 829 2792 USIII'pilSSCl,
844 2767 983 2794 nunquam
997 2780 1004 2791 ,

215 2802 261 2834 qui
283 2810 315 2829 co
327 2807 451 2838 tempore
467 2803 538 2831 fame
554 2803 725 2837 drperibant,
740 2805 850 2831 enutriti
868 2804 983 2832 fui~scnt
997 2826 1004 2838 ,

1064 2203 1247 2238 παραπέμψαι
1276 2213 1318 2230 σοι
1346 2205 1380 2231 τὰ
1398 2205 1443 2237 σὰ,
1465 2206 1513 2232 καὶ
1541 2206 1670 2242 βοήθειαν
1695 2209 1798 2237 δοῦναί
1815 2220 1861 2237 σοι

1061 2249 1196 2283 δι’ἕργων
1211 2250 1334 2283 ἀγαθῶν,
1364 2251 1558 2287 ἐλεημοσυνῶν
1583 2252 1656 2289 λέγω
1684 2255 1732 2281 καὶ
1772 2265 1863 2292 προσ-

1061 2294 1153 2328 φορῶν
1166 2314 1173 2324 .
1204 2295 1350 2322 κάντεῦθεν
1362 2295 1427 2335 ,τὸν
1453 2296 1602 2333 Λυτρωτὴν
1638 2299 1861 2333 καταλλάξειας.

1060 2341 1163 2366 Δεκτέα
1176 2341 1230 2376 γὰρ
1250 2341 1327 2376 αὐτῷ
1347 2341 1433 2368 ταῦτα
1466 2345 1513 2369 καὶ
1529 2344 1686 2380 πρόσφορα.
1703 2345 1736 2371 El.
1749 2346 1783 2373 δέ
1805 2356 1864 2374 που

1060 2388 1105 2413 τὸν
1129 2387 1215 2421 μέγαν
1240 2388 1384 2415 Βασίλειον
1409 2388 1510 2423 εχομεν
1537 2389 1664 2425 λέγοντα,
1682 2391 1729 2426 Μὴ
1748 2393 1865 2421 πλανᾶ-

1061 2434 1120 2467 σοε,
1135 2435 1202 2466 Θεὸς
1218 2435 1249 2461 οὺ
1269 2436 1483 2469 μυκτηρίζεται,
1510 2437 1605 2471 νεκρὸν
1634 2437 1672 2470 εἰς
1696 2438 1863 2475 Θυσιαστή-

1051 2487 1118 2514 .ριον
1129 2480 1179 2507 οὐκ
1191 2480 1332 2515 ἀνάγεται,
1341 2481 1430 2513 ζῶσαν
1439 2483 1599 2517 προσάγαγε
1613 2484 1663 2517 τὴν
1676 2484 1780 2512 Θυσίαν
1795 2495 1863 2518 σου.

1058 2526 1089 2552 οὐ
1106 2527 1158 2562 χρὴ
1178 2527 1249 2555 κατά
1265 2536 1290 2554 τι
1307 2527 1454 2561 διστάζειν,
1471 2528 1532 2556 οὑδέ
1547 2529 1597 2564 τῆς
1622 2530 1692 2565 ὑπὲρ
1714 2531 1774 2557 τῶν
1801 2532 1865 2557 τῶν

1057 2574 1269 2608 κεκοιμημένων
1294 2575 1421 2607 εὐποιίας
1446 2575 1574 2602 ἐντεῦθεν
1602 2577 1862 2613 καταῤῥᾳθυμείν.

1060 2619 1114 2645 Ἴδε
1129 2620 1184 2653 γὰρ
1208 2620 1251 2646 ὅτι
1279 2621 1349 2656 πρὸς
1374 2621 1540 2653 πλεονέκτας
1556 2622 1678 2648 ἐποιεῖτο
1690 2623 1737 2649 τὸν
1759 2624 1866 2658 λόγον.

1058 2667 1125 2701 πρὸς
1141 2666 1282 2701 ἅρπαγας,
1300 2667 1533 2701 πρὺςκάσπόνδους
1556 2668 1646 2703 πάντη
1669 2669 1720 2696 καὶ
1730 2670 1866 2704 ἀνελεή-

1059 2721 1155 2748 μονας.
1172 2713 1226 2739 Καὶ
1239 2713 1319 2748 δῆλον
1333 2714 1364 2746 ἐξ
1377 2711 1414 2741 ὧν
1426 2710 1440 2741 ὁ
1455 2715 1527 2747 θεῖος
1539 2713 1617 2747 οὗτος
1630 2716 1701 2751 ἀνὴρ
1717 2717 1866 2752 ἐπιφέρει

1056 2759 1155 2792 λέγων’
1176 2759 1273 2795 Διθίνῃ
1289 2761 1389 2796 καρδίᾳ
1403 2759 1594 2796 διαλεγόμεθα.
1615 2762 1715 2788 Ἔνθεν
1736 2772 1783 2789 τοι
1808 2765 1866 2790 καὶ

1058 2805 1146 2837 καλῶς
1163 2806 1176 2832 ό
1193 2806 1278 2840 μέγας
1295 2807 1432 2841 ἐποίησεν·
1456 2809 1480 2834 εί
1500 2808 1538 2843 μὴ
1553 2809 1608 2843 γὰρ
1629 2809 1865 2845 αὐστηροτὲροις
