1942 3075
207 136 261 168 9‘27

848 128 1060 162 MICHAELlS
1077 126 1209 158 61.ΥοᾸέ-

1786 119 1834 153 9‘28

209 191 282 226 quod
295 198 356 219 cum
373 190 454 218 vellet
472 190 544 218 Deus
566 188 725 221 ostendere,
749 192 909 222 certumque
925 192 1004 213 suum

1061 183 1141 210 Ῐοῦτο
1157 183 1189 218 δὴ
1213 181 1374 218 βουλόμενος
1400 180 1414 207 ό
1438 179 1542 215 Κύριος
1563 176 1716 210 δείξασθαι,
1730 178 1778 202 καὶ
1793 175 1834 226 sev

209 245 319 266 servum
336 244 366 264 ea
383 236 418 263 de
434 243 463 263 re
476 235 604 268 reddere,
620 235 754 262 idolorum
770 233 895 269 praesulis
914 232 1002 258 exsic-

209 290 276 312 cata:
301 284 440 316 calvariae,
470 291 549 318 quam
574 282 631 317 ipse
656 281 685 308 in
712 281 812 308 itinere
831 279 1001 310 otl'enderat,

209 332 321 360 verbum
338 330 463 357 veritatis
488 329 652 364 inspiravit:
677 336 738 363 qua:
765 327 932 361 interrogata
961 333 1004 352 re-

209 377 319 413 spondit
341 376 432 403 :Cum
449 383 497 410 pro
523 374 639 402 mortuis
662 373 797 402 sacriﬁcia
827 372 920 404 oﬂ‘ers,
946 376 1004 398 tum

209 424 336 460 pusillam
353 422 569 450 consolationem
586 421 824 455 persentiscimus.
837 418 938 446 Mutua:
954 418 1005 445 ita-

209 478 263 506 que
279 476 369 504 operae
384 467 524 495 tradendae
540 471 604 494 sunt
617 474 664 502 pro
677 467 794 498 viribus,
807 470 833 492 et
846 465 937 497 modo,
949 472 1005 499 quo

210 516 349 548 diximus,
369 514 486 541 mortuis
504 513 604 540 auxilia
624 513 790 548 prmstanda.
814 511 880 540 Nam
905 519 1004 539 secun-

210 562 275 588 dum
291 560 425 587 Joannem
445 559 643 585 Damasccnum
656 578 663 590 ,
681 557 795 592 suscipit
807 557 886 584 facile
898 557 941 584 vel
957 563 1006 592 pro

212 608 246 634 iis
263 607 310 641 qui
328 605 481 639 improvide
504 612 537 632 ac
562 605 694 640 in'parale
710 604 899 636 decesserunt,
913 603 935 630 si
951 610 1004 638 qua

211 660 261 687 per
277 652 449 679 necessarios
464 656 492 678 et
512 651 682 686 propinquos
698 657 763 677 suos
781 650 808 676 in
829 649 1006 684 supplemen-

212 704 269 726 tum
287 698 442 725 debitorum
461 697 622 727 oll‘erantur.
639 697 727 731 iisque
745 695 812 730 ipsis
839 696 866 722 in
890 703 1005 730 operum

211 745 404 778 actionumque
428 744 517 770 locum
535 743 649 770 ascribit
664 746 691 769 et
713 746 864 777 computat.
887 740 1005 768 Attende

214 791 316 825 itaque.
331 790 456 824 Namque
472 789 515 816 hic
531 788 586 815 Deo
602 789 699 824 plenus
715 793 820 820 auctor,
836 788 864 814 in
881 788 1006 815 oratione

213 844 261 864 sua
277 836 311 864 de
324 836 452 868 mortuis,
468 835 547 862 affert
561 843 690 870 magnum
705 835 893 867 Athanasium,
908 835 940 862 de
953 835 1004 862 illis
1021 856 1043 885 Β

213 882 309 910 iisdem
327 882 364 909 ita
380 881 560 909 disserentem
579 889 585 907 :
602 881 721 908 Tametsi
750 882 777 908 in
802 888 865 908 aere
882 882 943 916 quis
958 881 1006 908 de-

213 932 343 961 ponatur,
359 928 437 955 modo
455 927 554 963 insigni
569 927 652 955 fuerit
668 929 780 963 pietate,
792 933 821 954 tu
833 935 1007 962 nequaquam

214 980 304 1002 tamen
336 973 515 1008 asperneris,
541 973 668 1001 invocato
695 975 771 1009 prius
798 975 909 1003 Christo
939 975 1005 1009 Deo,

214 1019 305 1046 oleum
321 1024 348 1046 et
366 1027 461 1047 cereos
479 1019 511 1047 ad
532 1020 684 1055 sepulcrum
708 1022 873 1056 appendere.
889 1023 1007 1057 Accepta

214 1065 287 1093 cnim
304 1065 398 1092 istlmc
414 1064 468 1091 Deo
485 1070 560 1097 sunt,
577 1065 762 1100 eiliciuntque,
779 1070 808 1093 ut
824 1067 869 1094 ille
883 1067 943 1102 plus
958 1075 1008 1094 no-

215 1110 257 1138 bis
277 1112 384 1143 redtlat,
399 1118 480 1145 quam
496 1111 644 1146 acceperit.
663 1111 729 1139 Nam
750 1113 840 1140 oleum
859 1118 887 1140 et
902 1121 1006 1147 cereos,

212 1158 292 1192 quasi
307 1156 510 1189 holocaustum,
530 1156 717 1192 imponimus;
743 1159 832 1186 hostia
855 1167 931 1193 vero,
948 1168 1008 1194 quae

215 1202 355 1237 sanguinis
373 1209 471 1237 expers
488 1205 533 1235 sit,
551 1203 634 1230 Deum
656 1203 795 1238 placamus
812 1213 844 1233 ac
865 1206 1006 1242 lenimus;

213 1247 406 1277 beneﬁcientia
422 1248 449 1274 in
467 1255 612 1282 pauperes,
640 1250 773 1284 majorem
793 1251 928 1279 bonorum
948 1261 1009 1280 om—

215 1294 288 1322 nium
302 1294 512 1321 retributionem
527 1295 733 1329 consequimur.
751 1296 820 1323 Hinc
834 1304 888 1324 non
912 1306 1008 1332 parum

216 1341 343 1368 utilitatis
360 1340 492 1373 aﬂ‘erunt,
508 1340 572 1368 licet
591 1349 623 1368 ea
643 1341 698 1369 Deo
713 1342 747 1369 ab
762 1342 823 1370 aliis
842 1343 1009 1372 olIeruntur.

251 1385 315 1412 Haec
331 1385 426 1412 eadem
449 1393 565 1420 magnus
577 1386 696 1421 Cyrillus
714 1387 882 1416 conﬁrmans
893 1409 900 1422 ,
915 1394 1009 1417 osten-

217 1430 349 1465 densque,
366 1431 514 1458 memorias
533 1430 680 1457 maximum
702 1431 730 1458 in
750 1432 859 1459 modum
874 1432 1010 1460 defunctis

217 1477 358 1512 prodesse,
379 1484 430 1504 nec
444 1483 506 1503 esse
520 1477 632 1509 mirum,
647 1476 668 1504 si
687 1477 721 1504 ab
733 1477 787 1505 alio
801 1478 911 1512 quidem
925 1480 1010 1506 sacri-

217 1523 309 1550 ﬁcium
329 1522 381 1549 lico
406 1522 546 1556 oﬂ'eratur,
570 1523 742 1550 commodum
767 1528 858 1551 tamen
880 1526 906 1552 in
924 1526 1008 1553 alium
1023 1525 1044 1553 C

219 1567 444 1600 lransfundatur,
464 1568 521 1594 hanc
539 1569 622 1596 etiam
638 1569 716 1596 addit
733 1577 741 1596 '.
761 1569 892 1597 Dominus
918 1577 1012 1598 noster

216 1614 299 1642 Jesus
314 1614 451 1647 Christus,
478 1615 551 1641 hunc
575 1615 603 1641 in
627 1615 737 1642 modum
759 1615 792 1642 ad
819 1617 1012 1645 centurionem

217 1661 396 1696 respondens,
413 1669 475 1689 cum
499 1660 543 1688 ille
567 1661 601 1688 ad
626 1669 688 1688 eum
713 1662 842 1690 dicebat:
865 1662 928 1690 Non
953 1672 1012 1691 sum

217 1707 322 1742 dignus,
339 1711 366 1734 ut
379 1708 461 1734 intres
475 1707 523 1734 sub
539 1712 636 1734 tectum
657 1716 754 1740 meum,
777 1711 821 1735 sed
842 1713 945 1736 tantum
964 1711 1006 1737 dic

217 1753 332 1786 uerbum,
347 1757 370 1780 et
389 1753 530 1780 sanabitur
545 1761 611 1788 puer
626 1762 698 1781 meus
715 1761 724 1780 :
740 1754 753 1781 1
765 1754 820 1789 ﬁli,
839 1759 863 1782 ct
883 1760 911 1782 ut
926 1756 1011 1783 credi-

218 1799 292 1831 disti,
311 1800 359 1834 ﬁat
381 1800 446 1832 tibi;
465 1800 638 1835 apertissime
663 1801 896 1834 commonstravit,
911 1810 960 1837 per
973 1803 1013 1830 al-

218 1846 304 1873 terius
318 1846 396 1873 ﬁdcm
419 1851 447 1872 et
474 1847 616 1874 absentem
637 1847 745 1874 salvari.
763 1846 802 1875 Ne
818 1848 910 1883 itaque
923 1849 950 1876 in
965 1857 1014 1884 po-

218 1897 322 1918 sterum
352 1891 478 1919 ltazsites:
494 1900 554 1919 nam
571 1893 605 1924 si,
623 1900 684 1927 quae
699 1894 733 1921 ab
746 1894 798 1921 alio
815 1902 863 1929 pro
879 1895 933 1922 alio
947 1895 1013 1923 οπε-

218 1942 327 1970 runtur,
346 1937 453 1964 inutilia
470 1942 546 1970 sunt,
561 1938 620 1974 ipsa
634 1939 728 1972 etiam,
747 1947 807 1974 quae
823 1939 851 1967 in
865 1940 959 1968 divino
975 1941 1013 1967 la-

218 1991 300 2011 vacro
324 1988 435 2018 propter
461 1983 646 2012 illuminatum
672 1992 856 2021 peraguntur,
875 1987 946 2014 nihil
973 1987 1011 2015 illi

217 2029 376 2065 proﬁcient,
393 2038 456 2057 cum
491 2038 622 2058 assensus
635 2036 665 2058 et
680 2031 880 2061 abrenuntialio
892 2034 927 2062 ab
939 2034 1010 2067 aliis.

217 2081 246 2103 et
258 2083 313 2103 non
328 2077 362 2104 ab
375 2077 408 2104 iis
422 2078 467 2112 qui
478 2077 705 2106 illuminationein
716 2080 866 2115 accipiunt,
879 2088 1010 2116 peragan-

217 2130 271 2157 tur.
290 2122 353 2150 Haec
373 2123 395 2150 si
411 2124 447 2150 ita
462 2131 490 2150 se
508 2124 626 2156 habent,
643 2130 669 2152 et
684 2126 823 2154 memoriae
839 2132 1010 2155 mortuorum

217 2168 334 2195 maxime
354 2169 482 2203 proﬁcum
504 2174 579 2202 sunt,
604 2178 721 2206 vereque
741 2179 860 2207 accepta:
878 2177 942 2200 sunt
959 2183 965 2201 :
985 2174 1009 2201 si

217 2213 243 2240 id
260 2213 332 2240 enim
352 2221 405 2240 non
417 2219 520 2247 essent,
535 2222 687 2250 nunquam,
701 2222 730 2244 ut
746 2206 827 2252 supra
840 2219 941 2246 dictum
956 2225 1006 2252 est,
1025 2206 1046 2234 θ

216 2260 496 2288 conmiemorationes
516 2262 685 2297 praescriptis
711 2264 880 2299 tempmibus
903 2267 1008 2293 consti-

217 2307 335 2334 tuissent
354 2313 522 2335 mortuorum
541 2308 597 2336 ﬁeri
624 2311 738 2345 apostoli
753 2310 908 2347 Christique
923 2313 1003 2340 disci-

217 2353 286 2389 puli,
302 2354 347 2381 cui
370 2354 405 2382 sit
419 2355 504 2390 gloria
519 2355 545 2382 in
562 2357 660 2384 saecula
679 2358 852 2386 Str-culorum.
869 2360 965 2387 Amen.

1057 229 1140 258 αὑτοῦ
1157 228 1367 264 πληροφορῆσαι
1383 227 1548 262 θεράποντα,
1564 225 1603 259 τῷ
1619 223 1667 251 τοῦ
1691 221 1834 258 ἀρχιερέως

1055 277 1110 304 τῶν
1132 276 1248 303 εἰδώλων
1265 274 1425 310 ξηρανθέντι
1439 273 1556 308 κρανίῳ,
1579 268 1601 305 ᾧ
1621 270 1684 296 καθ’
1699 269 1758 296 ὁδὸν
1782 268 1835 294 ἐνέ-

1055 331 1132 358 τυχε,
1142 321 1222 356 λόγον
1234 320 1365 356 ἀληθείας
1382 319 1555 346 ἐνέπνευσεν.
1572 317 1605 343 '0
1618 316 1665 342 καὶ
1679 314 1748 349 πρὸς
1762 313 1835 340 αὐτὴν

1057 367 1196 404 ἐρωτηθὲν
1212 365 1284 393 οὓτω
1303 365 1386 400 φησίν
1399 372 1407 380 ·
1426 364 1491 390 Ὀτε
1516 361 1587 397 ὑπὲρ
1600 360 1654 387 τῶν
1671 358 1775 394 νεκρῶν
1792 358 1838 389 τὰς

1057 414 1156 445 θυσίας
1174 412 1342 449 προσφέρεις
1356 432 1364 444 ,
1391 410 1451 437 τότε
1479 407 1655 444 παραμυθίας
1680 405 1780 441 μικρᾶς
1798 404 1838 430 αι-

1057 461 1222 495 σθανόμεθα.
1240 452 1346 486 Οὐκοῦν
1370 457 1567 492 ἔπικουρητέον
1592 453 1730 489 ἀλλήλοις,
1744 452 1781 483 ὡς
1796 449 1838 477 δύ-

1057 516 1152 543 ναμις,
1170 508 1218 534 καὶ
1241 506 1303 534 καθ’
1330 505 1360 533 ὃν
1374 505 1476 539 τρόπον
1491 503 1645 538 εἰρήκαμεν
1658 500 1715 530 τοῖς
1727 500 1837 532 ἀποιχο-

1059 556 1150 591 μένοις
1176 553 1266 581 δοτέον
1285 551 1422 587 βοήθειαν.
1438 548 1519 577 Κατὰ
1534 547 1589 582 γὰρ
1605 547 1650 573 τὸν
1664 543 1839 580 Δαμασκηνὸν

1056 602 1185 635 Ἰωάννην
1210 600 1318 634 δέχεται
1341 598 1382 624 ὅτι
1409 596 1527 632 μάλιστα
1554 593 1601 621 καὶ
1629 593 1663 620 τὰ
1688 592 1758 626 ὑπὲρ
1787 591 1839 617 τῶν

1057 647 1209 682 άνετοίμως
1225 644 1463 680 ἀποδημησάντων
1492 640 1701 676 προσαγόμενα.
1718 637 1772 664 Καὶ
1793 637 1839 668 τὰς

1057 693 1132 729 παρὰ
1143 693 1199 720 τῶν
1213 691 1321 719 οἰκείων
1336 689 1544 725 προσαγομένας
1567 687 1622 713 τῶν
1646 684 1840 720 ὑστερημάτων

1056 741 1279 777 ἀναπληρώσεις,
1294 740 1334 772 είς
1349 738 1430 774 ἔργον
1454 737 1559 767 τούτοις
1585 735 1633 762 καὶ
1654 733 1754 777 πρῆξιν
1772 731 1842 764 λογί-

1057 787 1144 820 ζεται.
1159 775 1308 821 ρόσσχες
1322 782 1379 811 οὖν.
1401 784 1432 810 '0
1445 783 1497 818 γὰρ
1515 781 1673 815 διαληφθεὶς
1685 775 1761 809 οὗτος
1775 777 1842 807 θεῖος

1058 834 1128 870 ἀνὴρ
1145 834 1175 859 ὲν
1188 832 1226 868 τῷ
1245 833 1284 863 είς
1300 832 1363 862 τοὺς
1378 829 1559 864 κοιμηθέντας
1572 827 1642 861 λόγῳ
1657 824 1740 870 αὐτοῖν
1758 822 1842 858 παρά-

1057 887 1101 913 γει
1111 878 1157 905 τὸν
1168 878 1254 913 μέγαν
1268 876 1428 903 Ἀθανάσιον
1442 872 1616 909 περὶτούτων
1632 871 1703 898 οὕτω
1712 869 1840 904 λέγοντα⁸

1058 925 1116 952 Κᾶν
1137 925 1177 956 είς
1201 924 1270 959 άὲρα
1285 923 1299 949 ό
1325 923 1354 948 ὲν
1373 920 1501 955 εὐσεὸείᾳ
1515 917 1670 948 τελειωθεὶς
1695 915 1841 949 κατατεθῇ.

1061 971 1098 1007 μὴ
1121 970 1276 1006 ἀπαναίρου
1294 967 1435 1003 προσάψαι
1451 965 1556 1001 κηροὺς
1578 965 1607 991 ὲν
1629 963 1669 998 τῷ
1691 962 1770 996 τάφῳ
1797 962 1845 987 καὶ

1058 1017 1159 1050 ἔλαιον,
1178 1015 1297 1051 Χριστὸν
1316 1015 1362 1041 τὸν
1384 1014 1451 1040 Θεὸν
1476 1011 1724 1045 ἐπικαλεσάμενος.
1743 1007 1845 1034 Δεκτέα

1059 1064 1113 1099 γὰρ
1133 1064 1220 1090 ταῦτα
1240 1061 1312 1097 Θεῷ,
1334 1061 1383 1088 καὶ
1401 1058 1503 1094 πολλὴν
1517 1057 1547 1090 ἐξ
1563 1056 1647 1084 αὑτοῦ
1667 1053 1845 1099 φέρονταᾷτὴν

1060 1097 1203 1142 άντίδοσιν,
1220 1108 1278 1142 εῐγε
1301 1108 1349 1134 καὶ
1364 1105 1464 1141 μᾶλλον
1476 1103 1660 1134 όλοκαύτωσις
1674 1101 1764 1128 ἔοικεν
1777 1097 1846 1127 εἶναι

1061 1157 1075 1183 ό
1088 1164 1118 1182 τε
1130 1155 1213 1189 κηρὸς
1237 1153 1285 1180 καὶ
1300 1152 1330 1179 τδ
1354 1151 1461 1178 ἔλαιον
1482 1149 1577 1184 ὥσπερ
1602 1147 1651 1174 οὖν
1672 1145 1815 1180 ὲξιλασμδς
1829 1146 1847 1180 ἡ

1062 1201 1227 1236 ἀναίμακτος
1243 1199 1337 1232 θυσία,
1352 1198 1369 1233 ἡ
1385 1197 1414 1224 δέ
1439 1205 1469 1230 γε
1493 1196 1562 1231 πρὸς
1577 1194 1640 1225 τοὺς
1662 1194 1785 1229 πινητας
1806 1192 1850 1218 εὑ-

1062 1247 1139 1275 ποιία
1154 1246 1297 1282 προσθήκη
1318 1245 1410 1279 πάσης
1439 1243 1545 1277 ἀγαθῆς
1570 1241 1745 1272 ἀντιδόσεως.
1765 1238 1848 1266 Ὅθεν

1062 1294 1092 1321 οὐ
1115 1293 1219 1328 μικρῶς
1246 1289 1414 1325 ὠφελοῦσιν,
1433 1289 1457 1315 ει
1478 1289 1525 1315 καὶ
1550 1287 1590 1323 τῷ
1612 1287 1672 1322 Θεῷ
1685 1286 1720 1312 τὰ
1735 1284 1851 1312 τοιαῦτα

1063 1341 1129 1375 παρ’
1147 1340 1189 1365 ἑτέ
1195 1347 1248 1373 ρων
1265 1337 1464 1372 προσάγονται.

1098 1385 1191 1412 Ταῦτα
1205 1384 1255 1419 μὲν
1271 1380 1318 1410 οὖν
1332 1383 1380 1410 καὶ
1392 1383 1406 1408 ό
1420 1382 1508 1417 μέγας
1519 1379 1656 1416 Κύριλλος
1669 1378 1850 1410 ὲπιὸεδαιῶν,

1062 1433 1111 1460 καὶ
1138 1431 1290 1464 δεικνύων,
1310 1429 1348 1461 ὡς
1376 1429 1404 1455 αί
1439 1429 1546 1464 μνῆμαι
1577 1428 1612 1455 τὰ
1642 1427 1759 1461 μέγιστα
1786 1427 1852 1457 τοὺς

1063 1478 1263 1514 ἀποιχομένους
1286 1476 1442 1510 ὠφελοῦσι,
1461 1475 1509 1502 καὶ
1523 1476 1565 1502 ὅτι
1580 1473 1740 1509 θαυμαστὸν
1759 1473 1852 1503 οὐδὲν,

1062 1526 1120 1560 εῐγε
1146 1524 1214 1560 παρ’
1239 1523 1319 1551 ἄλλον
1340 1523 1389 1558 μὲν
1417 1523 1434 1557 ἠ
1453 1521 1534 1548 θυσία
1556 1521 1596 1556 τῷ
1630 1520 1691 1555 Θεῷ
1715 1519 1854 1555 προσενή-

1063 1579 1169 1603 νεκται,
1185 1570 1320 1597 διαὸαίνει
1339 1569 1368 1595 δὲ
1386 1568 1456 1603 πρὸς
1483 1568 1579 1604 ἕτερον
1605 1567 1621 1602 ἡ
1642 1566 1764 1601 ὠφέλεια
1778 1586 1786 1599 ,
1803 1566 1855 1593 καὶ

1061 1618 1128 1644 τάδε
1141 1616 1321 1652 προστίθησιν
1333 1624 1340 1632 ·
1362 1615 1392 1642 ’0
1406 1614 1508 1650 Κύριος
1526 1614 1604 1650 ὴμῶν
1612 1612 1716 1649 Ἰησοῦς
1734 1613 1854 1648 Χριστὸς

1062 1664 1135 1691 οὕτω
1163 1663 1232 1698 πρὸς
1260 1663 1304 1689 τὶν
1335 1663 1535 1697 ἑκατόνταρχον
1559 1659 1664 1693 εἰπὼν,
1681 1660 1763 1695 ἡνίκα
1782 1659 1855 1694 πρὸς

1062 1711 1143 1739 αὑτὸν
1165 1711 1267 1741 ἐκεῖνος
1284 1709 1399 1743 ἐλεγενο
1419 1710 1480 1735 οὐκ
1510 1708 1567 1743 ειμι
1591 1707 1688 1740 ἄξιος,
1715 1707 1767 1734 ἵνα
1790 1715 1855 1741 μου

1061 1757 1122 1785 ὑπὸ
1137 1756 1194 1792 τὴν
1209 1756 1323 1791 στέγην
1343 1755 1497 1789 εἰσέλθῃς
1512 1754 1583 1782 ἀλλ’
1603 1754 1670 1781 εἰπὲ
1680 1753 1786 1788 λόγον,
1801 1754 1855 1780 καὶ

1063 1803 1219 1837 ἰαθήσεται
1244 1803 1260 1829 ὁ
1284 1802 1355 1835 παῖς
1366 1809 1374 1817 ·
1389 1801 1513 1836 Ὕπαγε,
1530 1800 1581 1828 καὶ
1596 1800 1637 1833 ὡς
1651 1800 1856 1833 ἐπίστευσας,

1062 1848 1215 1885 γενηθήτω
1243 1856 1302 1882 σοι,
1319 1848 1479 1882 σαφέστατα
1507 1847 1592 1879 ἔδειξε
1619 1847 1664 1874 διὰ
1685 1846 1735 1882 τῆς
1753 1847 1855 1883 ἑτέρον

1062 1897 1181 1927 πίστεως
1196 1895 1244 1922 καὶ
1265 1895 1312 1921 τὸν
1341 1895 1379 1930 μὴ
1403 1895 1527 1930 παρόντα
1551 1894 1718 1930 σωζόμενον.
1735 1894 1784 1929 Μὴ
1804 1892 1858 1921 οὖν
1912 1922 1915 1925 _

1061 1944 1108 1970 ἐπὶ
1128 1942 1210 1970 πλέον
1233 1941 1401 1977 ἀμφίϐαλλε.
1422 1942 1453 1968 Et
1467 1941 1521 1977 γὰρ
1545 1941 1580 1968 τὰ
1596 1941 1663 1976 παρ’
1680 1941 1763 1968 ἄλλου
1780 1941 1857 1976 ὑπὲρ

1062 1990 1155 2024 ἐτέρου
1171 1988 1366 2024 προσαγόμενα
1393 1987 1529 2023 ἀνόνητα⁷
1546 1988 1593 2014 καὶ
1620 1987 1692 2015 αὐτὰ
1707 1987 1804 2014 λοιπὸν
1820 1988 1856 2014 τὰ.

1061 2037 1107 2063 ἐπὶ
1123 2035 1170 2062 τοῦ
1186 2035 1260 2062 θείου
1285 2034 1399 2070 λουτροῦ
1421 2035 1502 2070 χάριν
1524 2034 1573 2060 τοῦ
1601 2033 1792 2068 φωτιζομένου
1808 2043 1856 2060 τε·

1061 2081 1181 2116 λούμενα
1194 2081 1256 2107 κατ’
1274 2078 1351 2107 οὐδὲν
1366 2080 1449 2106 αὐτὸν
1461 2079 1625 2114 ὠφελοῦσιν,
1644 2081 1692 2107 ﬁt:
1711 2080 1763 2114 τῆς
1789 2089 1856 2106 συν-

1060 2127 1148 2162 ταγῆς
1183 2126 1233 2153 καὶ
1251 2126 1394 2160 άποταγῆς
1415 2125 1481 2160 παρ’
1497 2126 1618 2161 ἑτέρων,
1646 2127 1693 2152 καὶ
1729 2126 1762 2152 οὐ
1786 2125 1857 2161 παρ’

1062 2174 1153 2202 αὐτῶν
1168 2173 1342 2208 τελουμένων
1365 2172 1420 2199 τῶν
1443 2173 1597 2207 δεχομένων
1613 2173 1644 2199 τδ
1657 2173 1802 2207 φώτισμσ..
1826 2174 1860 2200 Εἰ

1060 2221 1090 2247 δὲ
1105 2220 1191 2247 ταῦτα
1205 2219 1291 2251 οὕτως
1307 2220 1375 2254 ἔχει,
1393 2219 1442 2246 καὶ
1453 2220 1513 2247 λίαν
1528 2219 1677 2254 ἑπωφελείς
1694 2220 1813 2252 πάντως
1830 2220 1861 2248 αἱ

1063 2267 1182 2302 μνῆμαι,
1197 2266 1244 2292 καὶ
1257 2265 1296 2300 τῷ
1307 2266 1363 2292 ἧντι
1376 2266 1585 2300 εὐπρόσδεκτοι.
1602 2266 1634 2293 Et
1649 2265 1687 2302 μὴ
1701 2266 1759 2301 γὰρ
1774 2267 1863 2293 τοῦτο

1059 2310 1104 2349 ἦν,
1121 2313 1173 2339 οὐκ
1189 2311 1280 2346 ἂν,ὡς
1298 2312 1403 2339 ἄνωθεν
1417 2312 1537 2347 εἴρηται,
1555 2313 1664 2348 μνήμας
1680 2313 1709 2338 ὲν
1730 2312 1866 2348 ὡρισμέ-

1060 2368 1117 2390 νοις
1134 2360 1241 2394 καιροῖς
1262 2357 1425 2390 διετάξαντο
1450 2358 1575 2392 γίνεσθαι
1607 2359 1663 2386 τῶν
1689 2360 1864 2387 τεθνεώτων

1063 2406 1158 2432 ἕνεκεν
1172 2406 1198 2431 oi
1215 2404 1362 2432 ἀπόστολοι
1388 2404 1586 2440 καὶ,μαθηταὶ
1608 2404 1656 2432 τοῦ
1676 2405 1818 2440 Χριστοῦ,
1842 2403 1865 2440 ᾧ

1059 2453 1076 2488 ὴ
1094 2452 1158 2485 δόξα
1173 2452 1213 2484 εις
1229 2452 1293 2484 τοὺς
1316 2452 1419 2485 αἰῶνας
1433 2452 1489 2479 τῶν
1504 2452 1624 2481 αίὼνων.
1641 2452 1745 2488 Ἀμήν.

915 2506 1084 2535 EPISTOLA
1103 2507 1165 2536 XX.

957 2565 1091 2601 (Fr:ngm.)

497 2623 596 2652 Ad.....
610 2641 644 2646 —
662 2625 755 2653 Preces
767 2625 902 2659 justarum
917 2627 998 2654 etiam
1014 2627 1103 2661 impiis
1121 2625 1266 2653 demortuis
1283 2626 1418 2662 proﬁcuus
1438 2634 1495 2654 esse
1510 2627 1561 2662 (1).

251 2681 284 2708 Et
295 2682 360 2716 quid
371 2682 576 2714 deJtominibus
590 2684 643 2719 piis
656 2685 763 2719 loquor,
777 2693 839 2713 cum
850 2691 879 2713 et
891 2686 1007 2721 quibus-

215 2727 276 2754 dam
303 2728 455 2756 demortuis
482 2729 586 2765 impiis,
613 2734 642 2758 ut
674 2731 763 2758 oratio
787 2731 842 2766 jam
876 2737 1004 2767 exponet,

216 2778 391 2807 peccatorum
422 2775 587 2803 solutionem
613 2776 786 2810 apportarint
808 2783 904 2811 preces
916 2776 1005 2811 justi?

1098 2685 1152 2712 Kal
1167 2684 1193 2712 τί
1212 2684 1284 2719 λέγω
1304 2685 1371 2721 περὶ
1392 2685 1499 2720 ἀνδρῶν
1513 2685 1648 2718 aenean,
1669 2686 1741 2714 ὅπου
1757 2696 1794 2722 γε
1812 2690 1868 2716 καὶ

1061 2730 1189 2758 θανοῦσιν
1208 2730 1321 2758 ἀσεϐέσι
1340 2731 1424 2764 τισὶν,
1441 2730 1480 2762 ὥς
1504 2731 1520 2757 ό
1534 2731 1623 2765 λόγος,
1650 2731 1701 2767 ἥδη
1718 2735 1866 2770 γνωρίσει

1060 2786 1102 2804 σοι
1123 2777 1200 2804 λύσιν
1216 2777 1449 2813 ἀμπλακημάτων
1464 2777 1604 2814 ἐπήνεγκε
1629 2778 1747 2808 δικαίοσ
1763 2782 1841 2818 εὐχή
1859 2791 1866 2815 ;

254 2854 292 2889 (Ι)
313 2854 388 2888 Apud
401 2855 528 2883 Allalium
557 2856 593 2883 Dc
615 2855 688 2882 libris
705 2856 887 2884 ecclesiasticis
906 2857 1069 2890 errorum,
1089 2865 1115 2892 p.
1136 2858 1196 2885 H7.
