1942 3075
195 167 1811 199 ,βῶκες-,Μ

516 282 969 421 JOANNIS
1034 277 1493 371 DIACONI

729 440 1281 489 HADRIANOPOLEOS

397 555 471 611 ΙΝ
512 553 803 611 LAUDEM
845 549 1151 609 JOANNIS
1196 547 1612 606 PAL/EOLOGI

804 646 967 692 CAR‘MEN
991 659 1222 691 POLITICUM.

475 745 570 779 (Edidit
581 745 635 776 Aug
663 744 722 769 Mar.
735 743 869 774 Bandiuius
881 742 1017 772 Florentia;
1032 742 1098 772 I765,
1111 741 1145 772 ιο,
1157 746 1212 765 cum
1223 741 1279 770 aliis
1291 740 1416 772 opusculis
1430 739 1543 770 Grecis.)

792 905 1235 955 ARGUMENTUM.

232 1010 361 1039 Codiccm
378 1008 476 1042 XXIII,
511 1008 596 1044 plutei
609 1015 670 1041 VIII,
690 1007 864 1035 bibliothecre
882 1004 1226 1037 Mediceae-inurentianzc,
1249 1002 1319 1030 varii
1338 1001 1447 1037 generis
1460 1000 1601 1036 opuscula,
1620 1007 1651 1026 ac
1671 1000 1823 1035 pnesertim

198 1057 355 1091 theologica
370 1056 569 1086 continentem,
584 1053 687 1081 claudit
708 1060 804 1088 poema
827 1053 893 1080 satis
912 1053 1037 1087 longum,
1055 1051 1183 1079 versibus
1200 1049 1320 1087 politicis
1335 1056 1507 1083 expressum,
1529 1049 1556 1075 in
1578 1048 1697 1079 laudem,
1725 1047 1766 1074 uti
1784 1048 1824 1074 vi—

199 1102 290 1134 detur,
312 1102 409 1136 imper.
427 1101 539 1128 Joannis
559 1099 712 1134 Palmologi,
727 1099 799 1125 illius
815 1098 946 1125 nimirum
965 1097 1023 1135 qui,
1042 1096 1165 1132 Eugenio
1183 1094 1217 1123 IV
1235 1095 1314 1124 Pent.
1331 1095 1401 1129 Max,
1419 1094 1556 1127 hortante,
1576 1097 1615 1128 ut,
1640 1093 1787 1121 Orientalis
1796 1098 1823 1120 et

199 1149 384 1177 Occidentalis
402 1148 530 1175 Ecclesiae
542 1146 663 1174 dissidiis
686 1146 798 1173 tandem
812 1146 940 1179 sublatis,
959 1150 1079 1180 utraque
1092 1152 1146 1172 uno
1163 1143 1249 1171 veluti
1267 1143 1424 1171 dilectionis
1445 1142 1555 1176 vinculo
1573 1142 1709 1177 colligata,
1726 1144 1822 1171 eadem

200 1195 314 1222 sentiret
333 1201 363 1220 ac
383 1192 547 1231 coleretkin
569 1192 675 1219 Italiam
698 1192 731 1223 ad
755 1190 903 1222 concilium
923 1189 1066 1224 profectus
1090 1193 1133 1216 est
1148 1189 1205 1223 (an.
1227 1189 1320 1223 1439).
1334 1189 1436 1216 Auctor
1457 1188 1601 1224 poematis.
1621 1182 1650 1215 ut
1677 1197 1711 1217 ex
1741 1190 1822 1219 titulo

199 1240 322 1274 ejusdem
346 1239 411 1266 item
427 1240 543 1266 metrico
559 1239 675 1266 eruitur.
691 1241 733 1264 est
745 1236 865 1264 Joannes
886 1236 998 1272 quidam
1016 1242 1177 1264 (economus
1208 1241 1236 1262 et
1253 1235 1387 1263 diaconus
1401 1235 1525 1263 ecclesiae
1553 1235 1824 1272 lladrianopolitanm

201 1287 248 1321 (it-.I
267 1286 340 1315 enim
360 1285 530 1320 'opsmdao;
544 1292 638 1311 vocem
655 1284 889 1318 interpretamur).
912 1283 960 1310 llic
975 1283 1069 1318 igitur,
1086 1287 1116 1310 ut
1130 1282 1280 1317 Polycarpo
1303 1282 1425 1318 ejusdem
1449 1282 1570 1310 ecclesiae
1586 1284 1701 1317 antistiti
1718 1292 1823 1313 morem

201 1338 320 1368 gereret,
353 1341 367 1360 a
388 1342 442 1367 quo
455 1332 482 1359 id
495 1331 548 1363 sibi
563 1339 662 1359 munus
672 1330 866 1363 demandatum
886 1330 986 1362 fuerat,
1008 1329 1184 1364 imperatoris
1201 1329 1295 1357 laudes
1309 1329 1345 1356 ita
1367 1329 1488 1359 carmine
1505 1331 1694 1364 prosequitur,
1713 1336 1744 1359 ut
1764 1340 1824 1360 om-

202 1386 252 1407 nes
272 1380 372 1417 ingenii
388 1380 460 1408 vires
473 1378 669 1413 industrizeque
689 1385 745 1404 sua:
762 1384 861 1404 nervos
882 1377 913 1417 iq
924 1377 975 1407 hac
994 1375 1136 1411 provincia
1147 1377 1258 1404 naviter
1270 1376 1396 1404 obeunda
1415 1377 1576 1410 intenderit.
1590 1377 1613 1412 Α
1626 1379 1735 1414 generis
1746 1387 1825 1406 nam-

203 1434 256 1461 que
274 1425 413 1452 nobilitate
429 1425 617 1459 majorumque
633 1424 716 1459 regali
732 1424 880 1458 splendore
905 1423 1041 1459 poematis
1056 1423 1164 1457 initium
1181 1424 1352 1459 auspicatus,
1369 1423 1401 1451 ad
1418 1424 1502 1458 ipsius
1514 1425 1642 1460 proprias
1654 1425 1744 1458 doteS,
1762 1432 1821 1455 tum

203 1470 337 1505 corporis,
360 1475 416 1496 tum
432 1469 526 1502 animi,
541 1469 722 1500 celebrandas
737 1469 929 1505 progreditur;
950 1476 1031 1505 quem
1045 1474 1189 1504 propterea
1204 1469 1240 1499 ab
1257 1470 1315 1497 oris
1330 1470 1416 1496 l'orma
1434 1478 1465 1497 ac
1479 1470 1590 1502 decore,
1610 1471 1729 1505 incessu,
1747 1478 1825 1505 motu

203 1521 230 1547 et
243 1515 363 1559 alloquio
381 1516 564 1550 commendat,
580 1516 698 1551 Josepho
712 1516 760 1548 illi,
779 1517 857 1551 cujus
871 1517 897 1544 in
914 1517 999 1544 sacris
1021 1515 1132 1549 Litteris
1149 1517 1323 1551 pulchritudo
1341 1522 1519 1550 IIIeInoratur,
1539 1518 1707 1545 simil-imum
1725 1521 1824 1553 praedi-

205 1572 281 1591 cans.
295 1563 385 1591 Animi
404 1571 466 1591 vero
480 1564 539 1600 ejus
557 1563 742 1598 przestantiam
772 1564 805 1591 iis
818 1564 896 1591 etTert
913 1563 1051 1596 laudibus,
1072 1563 1277 1596 utlortitudine
1295 1562 1486 1599 Sampsoncm,
1504 1573 1609 1592 morum
1629 1564 1762 1594 suavitate
1773 1568 1827 1596 Da-

204 1609 308 1643 videm,
330 1609 464 1644 sapientia
482 1609 663 1636 Salmaonem
681 1608 714 1635 ab
732 1607 790 1644 ipso
805 1608 900 1648 referri
918 1607 1087 1642 pronuntiet.
1114 1607 1143 1636 In
1161 1607 1285 1642 ejusdem
1304 1611 1396 1642 postea
1413 1609 1599 1641 muniﬁcentia
1613 1618 1676 1645 erga
1699 1612 1827 1643 subditos

204 1663 237 1689 ac
248 1655 357 1695 profusa
377 1655 540 1685 liberalitate
550 1654 719 1682 decantanda
738 1655 840 1681 multus
859 1654 1034 1686 immoratur,
1052 1662 1132 1689 quem
1150 1653 1213 1680 Tito
1227 1654 1412 1686 Romanorum
1428 1655 1558 1691 principi,
1571 1664 1603 1685 ac
1612 1658 1719 1691 poetico
1736 1666 1826 1692 more,

204 1701 317 1734 Paclolo
337 1701 462 1736 Niloque,
480 1708 548 1728 auro
569 1701 744 1731 manantibus
756 1700 858 1735 ﬂuviis,
874 1708 1034 1737 comparare
1047 1700 1160 1728 minime
1173 1700 1292 1728 dubitat.
1310 1700 1432 1736 Magnam
1442 1709 1553 1736 quoque
1569 1704 1704 1737 poematis
1717 1709 1827 1740 paIthn

204 1749 425 1784 complectuntur
436 1755 467 1776 ea
487 1755 548 1783 quae
567 1747 625 1786 ipse
641 1755 692 1784 pro
707 1747 795 1775 salute
823 1754 850 1775 et
867 1744 1055 1775 incolumitate.
1072 1742 1238 1786 populorum
1256 1747 1378 1781 suscepit
1395 1747 1492 1774 itinera
1513 1755 1545 1775 ac
1562 1749 1761 1784 navigationes,
1780 1759 1829 1787 pe.

205 1795 291 1823 ricula
323 1801 384 1830 quae
402 1793 480 1828 adiit,
491 1793 597 1822 labores
613 1800 682 1828 quos
692 1793 850 1826 exantlavit,
866 1793 937 1823 bella
954 1801 1015 1828 qua:
1029 1793 1133 1828 gessit;
1153 1800 1208 1827 quo
1221 1792 1330 1827 quidem
1347 1793 1373 1820 in
1389 1793 1450 1828 loco
1468 1794 1520 1823 sub
1532 1799 1629 1828 oculos
1651 1798 1728 1832 ponit
1756 1807 1829 1834 quo-

205 1841 287 1872 modo
305 1846 405 1869 exterae
420 1841 556 1876 nationes,
570 1840 635 1875 ejus‘
647 1840 817 1873 humanitate
833 1841 982 1873 devinctae,
1003 1844 1101 1875 sponte
1119 1846 1179 1866 sese
1195 1839 1234 1872 illi
1264 1839 1436 1872 dediderint,
1470 1849 1604 1876 regesque
1636 1844 1696 1879 ipsi,
1724 1853 1828 1874 noan

207 1887 273 1919 tanti
293 1887 466 1926 imperatoris
480 1887 622 1918 virtutem,
639 1886 801 1921 sapientiam
818 1886 1094 1921 moderationemque
1107 1885 1286 1918 admirantes,
1310 1887 1371 1923 ejus
1386 1895 1439 1915 non
1465 1889 1546 1917 modo
1569 1891 1694 1922 ερηείιίῖε
1715 1894 1828 1921 cum“.

206 1936 310 1970 busque
322 1943 376 1967 non
395 1935 562 1967 obstiterint,
581 1935 628 1965 sed
654 1933 750 1965 libenti
766 1934 858 1967 animo
874 1941 984 1969 operam
993 1942 1070 1966 suam
1095 1938 1236 1971 prmstare,
1257 1934 1418 1970 obsequium
1433 1937 1566 1971 exhibere
1592 1939 1762 1969 studuerint.
1786 1942 1827 1969 Ad

207 1983 274 2020 lucc,
287 1992 379 2013 rerum
392 1991 501 2018 quoque
517 1984 624 2013 ratione
639 1983 791 2014 carentium
810 1989 977 2017 propensum
996 1983 1202 2018 quodammodo
1215 1985 1338 2013 studium
1353 1993 1416 2020 erga
1430 1986 1529 2020 ipsum,
1562 1991 1591 2014 et
1608 1989 1755 2022 quamdam
1777 1991 1830 2017 be-

206 2031 368 2062 nevolentia:
381 2030 498 2065 speciem
514 2029 650 2063 adiungit,
662 2031 697 2055 ita
713 2032 754 2060 ut,
771 2028 1002 2063 quemadmodum
1017 2029 1051 2055 de
1079 2037 1177 2064 magno
1205 2030 1335 2065 Pompeio
1360 2031 1473 2065 atIirnIat
1486 2033 1593 2064 Cicero,
1610 2034 1669 2069 ejus
1686 2041 1715 2063 ut
1730 2037 1766 2063 ita
1783 2039 1828 2064 di-

205 2085 265 2108 cam
284 2076 412 2105 cursibus
426 2076 499 2108 venti
530 2075 758 2108 obsccuudarint,
780 2075 879 2109 ﬂuctus
897 2075 1064 2111 obedierint,
1082 2077 1167 2103 maria
1181 2077 1408 2111 obtemperarint.
1423 2079 1528 2111 Quibus
1543 2080 1677 2114 expositis
1691 2082 1827 2111 Doridem

204 2125 239 2158 pb
255 2123 349 2150 inl‘eris
365 2121 476 2155 excitat,
498 2125 524 2148 et
540 2121 573 2153 ad
586 2121 755 2154 ccucincnda
766 2123 894 2156 praeclara
915 2122 987 2156 regis
1005 2122 1127 2151 facinora
1143 2123 1241 2150 invitat
1258 2127 1348 2156 poeta.
1363 2131 1474 2158 unaque
1491 2124 1602 2152 Romam
1624 2127 1709 2160 ipsam
1729 2128 1830 2162 (Con—

204 2168 416 2203 stantinopolim
432 2168 578 2203 intellige),
598 2173 626 2194 III
639 2167 726 2202 ipsum
746 2168 830 2194 veluti
845 2174 924 2194 suum
937 2167 1070 2199 libertatis
1086 2167 1219 2197 vindicem
1234 2176 1266 2197 ac
1288 2168 1462 2197 liberatorem
1481 2169 1621 2202 plausibus
1631 2172 1761 2206 excipiat,
1779 2181 1830 2200 co.

206 2217 344 2249 hortatur.
362 2215 482 2243 Tandem
500 2214 532 2241 ad
551 2213 634 2242 Deum
651 2214 783 2247 optimum
808 2213 956 2246 maximum
987 2220 1082 2248 preces
1097 2213 1225 2246 eﬂ'uudit,
1240 2219 1267 2241 et
1280 2214 1367 2249 ipsum
1402 2214 1565 2249 incolumem
1582 2216 1682 2244 multos
1694 2217 1720 2244 iu
1738 2225 1832 2246 annos

205 2272 238 2292 ac
253 2265 382 2298 sospitem
399 2262 480 2294 tueri,
501 2261 615 2296 ejusque
632 2260 776 2294 inperium
792 2264 888 2287 contra
906 2267 1002 2287 omnes
1014 2260 1189 2291 inimicorum
1208 2267 1323 2292 conatus
1337 2261 1447 2290 ﬁrmum
1466 2270 1498 2289 ac
1514 2267 1602 2290 tutum
1619 2269 1753 2298 przestare
1782 2274 1830 2293 ve-

205 2310 248 2344 lit,
263 2311 308 2337 ubi
323 2310 378 2336 [ere
395 2308 486 2339 omnia
504 2316 536 2334 ex
548 2307 621 2335 divin
634 2315 647 2334 s
662 2306 775 2336 Litteris
794 2307 896 2339 hausit,
913 2314 944 2337 ac
963 2307 1099 2341 praecipue
1112 2314 1145 2336 ex
1166 2308 1232 2342 regii
1250 2309 1320 2340 vatis
1336 2308 1481 2341 Psalterio,
1499 2317 1532 2343 ex
1552 2317 1620 2344 quo,
1640 2315 1741 2345 prteter
1775 2313 1834 2340 alia

207 2357 302 2388 multa.
319 2362 404 2384 totum
421 2356 554 2391 psalmum
570 2363 635 2387 CVIII
651 2355 708 2382 fere
723 2354 756 2381 ad
776 2355 889 2383 verbum
907 2354 934 2380 in
957 2362 1038 2386 suum
1056 2361 1150 2388 poema
1162 2355 1314 2383 derivavit:
1332 2357 1412 2391 cujus
1428 2356 1454 2383 in
1471 2357 1524 2385 line
1540 2358 1672 2384 nonnulla
1687 2359 1773 2387 etiam
1800 2361 1829 2389 ίη

206 2404 347 2438 Polycarpi
376 2403 484 2429 laudem
507 2402 654 2436 attingens,
671 2400 837 2435 singularem
852 2400 911 2435 ejus
931 2400 1058 2434 pietatem
1074 2401 1100 2427 in
1131 2401 1236 2434 Deum,
1254 2402 1411 2436 mirumque
1437 2410 1486 2437 pro
1501 2403 1631 2432 secundis
1649 2404 1835 2439 imperatoris

208 2451 287 2476 rebus
303 2449 424 2480 studium
446 2449 482 2475 ita
502 2448 591 2477 ellert.
606 2453 634 2473 ut
651 2448 738 2476 illum.
757 2454 858 2473 novum
874 2447 956 2473 veluti
978 2446 1088 2482 Moysen
1107 2448 1228 2475 extensis
1244 2449 1371 2478 manibus
1390 2457 1438 2482 pro
1463 2449 1616 2477 Israelitico
1634 2453 1737 2486 populo
1767 2460 1834 2481 vota

206 2498 363 2528 facientem,
380 2496 459 2524 nobis
469 2496 608 2527 exhibeat.
624 2496 657 2522 'ac
671 2496 800 2530 graphice
818 2494 1022 2530 quodammodo
1038 2495 1177 2531 depingat.
1188 2496 1251 2524 [hec
1264 2497 1348 2529 totius
1360 2498 1452 2532 operis
1464 2506 1571 2533 Summa
1586 2505 1628 2530 est
1655 2505 1738 2536 atque
1750 2511 1836 2532 cotu-

206 2544 348 2580 pendium.
1387 2541 1390 2543 τ

241 2589 320 2617 Nunc
333 2589 469 2616 sermonis
491 2588 560 2619 ratio
576 2587 736 2623 postularet,
753 2592 783 2614 ut
798 2587 901 2622 aliquid
917 2588 949 2615 de
964 2587 1051 2623 ipsius
1067 2592 1179 2619 auctore
1196 2588 1369 2617 diceremus:
1386 2591 1431 2619 sed
1456 2599 1517 2619 eum
1534 2593 1606 2620 nulla
1619 2593 1707 2628 ipsius
1724 2598 1837 2626 mentio

204 2637 275 2672 apud
289 2637 447 2671 scriptores,
471 2635 601 2666 Caveum,
616 2634 753 2667 Oudinum
772 2643 802 2662 ac
818 2635 974 2669 Fabricium
996 2641 1123 2669 occurrat
1140 2636 1214 2670 (quo
1228 2634 1357 2665 libentius
1370 2638 1491 2666 auctoris
1512 2644 1590 2666 antea
1606 2640 1690 2675 ignoti
1709 2650 1783 2677 opus
1803 2645 1835 2672 in

205 2684 324 2710 medium
343 2685 463 2718 proferre
486 2681 606 2708 animum
621 2680 803 2715 induximus),
819 2687 904 2714 pauca
918 2679 1043 2716 quaedam
1057 2680 1090 2707 de
1103 2680 1235 2716 dignitate
1250 2689 1303 2715 qua
1320 2681 1345 2708 in
1364 2681 1482 2709 Ecclesia
1497 2683 1762 2719 lladrianopolitana
1777 2689 1837 2715 lul-

204 2731 296 2766 gebat,
316 2729 507 2757 delibabimus.
525 2727 674 2757 OEconomi
692 2726 775 2761 igitur
787 2734 835 2753 seu
851 2727 1056 2761 dispensatoris
1073 2727 1201 2754 Ecclesia:
1215 2735 1316 2754 munus
1329 2732 1400 2760 erat,
1415 2729 1670 2758 ecclesiasticarum
1686 2741 1786 2761 rerum
1800 2742 1836 2763 ac

206 2778 382 2812 pecuniarum
395 2782 534 2802 sacrarum
548 2774 814 2801 administrationem
832 2773 947 2806 habere,
962 2780 1064 2808 easque
1078 2774 1233 2801 secundum
1251 2775 1356 2809 proprii
1368 2775 1489 2811 episcopi
1504 2779 1673 2806 sententiam
1690 2780 1718 2807 in
1732 2782 1836 2817 singu-

181 2824 247 2852 -los
261 2822 361 2851 Chriin
376 2822 470 2849 ﬁdeles
483 2821 650 2850 distribuere
662 2826 744 2860 atque
756 2828 880 2861 erogare,
896 2828 984 2862 caque
1000 2822 1090 2851 Omnia
1110 2829 1241 2858 peragere
1254 2831 1314 2858 qua:
1331 2823 1452 2852 Isidorus
1482 2824 1509 2852 in
1524 2827 1642 2862 quadam
1657 2829 1778 2865 epistola
1793 2829 1833 2864 ad
