1942 3075
133 142 184 174 989
590 132 761 172 JOANNES
779 141 1071 172 ARGYROPULUS.
1087 154 1121 158 -
1136 141 1303 173 NOTITIA.
1515 132 1519 136 ’
1707 140 1762 172 990

133 198 272 226 rissimum
290 206 353 225 eum
369 201 447 225 vocat
461 196 657 232 philosophum
671 216 680 229 ,
695 201 723 224 et
737 197 865 224 eumdem
883 197 971 224 virum
985 197 1253 232 eloquentissimum,
1275 202 1356 231 atque
1377 188 1452 223 omni
1487 196 1694 230 disciplinarum
1716 205 1762 233 ge‘

134 251 198 271 nere
213 245 424 279 praestantiaque
442 243 640 277 pollentem,et
653 243 706 269 hoc
720 250 775 269 uno
792 243 929 270 neminem
945 243 972 269 in
991 242 1120 269 universo
1134 241 1294 269 Cra-ebrium
1311 249 1412 276 genere
1431 249 1519 276 neque
1538 242 1699 273 doctiorem,
1712 248 1761 269 nee

133 292 324 327 sapientiorem
338 297 399 318 esse
417 291 573 317 conﬁrmat.
588 290 720 317 Eamdem
738 290 765 317 in
792 290 958 318 sententiam
974 290 1007 317 de
1028 290 1075 316 illo
1093 289 1125 316 ad
1146 289 1280 316 Donatum
1301 289 1468 316 Aeciaiolum
1484 289 1581 317 scribit
1594 289 1661 325 (25),
1677 290 1763 316 hunc-

136 347 187 375 que
202 345 230 367 et
246 339 377 373 reliquam
392 339 565 373 juventutem
580 338 768 366 Florentiuam
784 338 889 370 laudat,
907 338 982 373 quod
1003 338 1029 364 in
1054 337 1116 364 talis
1135 337 1259 372 tantique
1275 341 1303 364 et
1319 338 1437 364 oratoris
1458 341 1485 364 et
1504 337 1659 371 philosophi
1675 337 1760 364 Gra-ci

133 395 193 415 sese
211 386 375 414 tradiderint
390 386 574 420 disciplinam.
591 386 617 414 Is
631 386 689 421 ipse
701 390 794 412 autem
810 386 976 417 Acciaiolus.
998 390 1195 420 praeceptorem
1213 385 1286 411 hunc
1306 392 1386 412 suum
1403 384 1561 411 collaudans
1577 383 1646 417 (26),
1662 383 1761 410 Plures

134 432 201 467 jam.
218 433 316 466 inquit,
338 439 436 462 annos,
455 431 608 458 doctrinam
622 431 736 458 tradidit
752 431 844 464 nob's,
860 425 935 458 ta'nta
951 432 1039 466 copia.
1061 437 1114 458 tam
1144 430 1343 465 multiplicibus
1361 430 1498 464 variisque
1521 430 1696 457 sermonibus
1709 449 1716 460 .
1730 435 1762 458 ut

134 481 209 507 visus
228 480 273 511 sit.
291 480 462 515 temporibus
474 480 588 510 nostris,
605 484 732 506 veterum
749 478 976 513 philosophorum
997 479 1156 506 memoriam
1174 485 1318 505 renovare.
1332 478 1354 504 A
1376 477 1503 505 Cortcsio
1525 478 1582 512 (27)
1600 484 1685 512 prope
1700 484 1762 511 per-

133 527 220 554 fectus
236 527 337 554 dicitur
352 526 549 561 peripateticus
564 530 592 552 et
606 531 673 552 sane
691 525 844 552 tolerabilis
861 525 997 558 scriptor;
1016 525 1050 551 ab
1068 524 1200 558 Aleyonio
1215 523 1283 558 (28),
1301 524 1527 558 philosophorum
1547 532 1603 551 suae
1621 523 1762 551 memoriae

134 574 213 601 facile
229 575 368 609 princeps.
384 574 469 607 Quam
485 574 555 600 bene
570 573 604 600 de
624 573 732 606 eodem,
750 578 919 607 praeceptore
934 579 994 603 suo,
1014 573 1217 599 existimaverit
1237 573 1308 607 Aug.
1330 573 1482 600 Politianus
1494 591 1501 604 ,
1526 580 1607 605 supra
1630 572 1760 607 exposui-

133 617 204 647 mus.
220 620 302 648 Plura
319 621 438 647 virorum
453 618 601 646 doctorum
620 621 697 646 taceo
723 617 881 645 testimonia
895 636 903 649 ,
929 617 1032 651 quibus
1046 617 1081 644 de
1098 617 1199 652 insigni
1224 617 1379 652 eximiaque
1398 617 1471 644 illius
1487 618 1646 645 eruditione
1664 616 1762 652 prmdi-

134 671 240 693 carnnt.

170 713 248 745 Quod
263 712 357 740 multis
373 711 462 739 doctis
480 711 642 739 hominibus
658 718 806 738 commune
819 714 862 738 est
875 710 987 741 vitium,
1000 715 1031 737 nt
1048 709 1206 745 arrogantia
1227 709 1360 740 scientiae.
1382 716 1436 743 qua
1450 709 1566 744 pollent,
1579 709 1653 736 socia
1668 709 1702 736 sit
1714 716 1762 735 co-

135 766 247 794 mesque
260 779 268 791 ,
292 763 320 786 et
350 759 401 785 hac
419 758 506 786 lntlati
525 758 599 788 solos
628 765 688 785 sese
705 765 800 792 sapere
824 762 932 792 putent,
948 757 1076 792 aliosque
1086 764 1143 792 prae
1162 763 1191 783 se
1209 760 1396 788 contemnant,
1412 756 1447 782 ab
1464 756 1516 783 hoc
1533 755 1602 783 adeo
1625 763 1680 782 non
1696 755 1764 782 liber

138 805 189 832 fuit
201 804 398 840 Argyropulus,
414 810 444 832 ut
460 805 554 839 potius
568 804 592 832 is
606 803 695 831 videri
710 804 840 836 voluerit,
858 804 905 838 qui
921 811 1018 840 omnes
1040 803 1112 831 inter
1126 804 1154 831 in
1169 803 1244 830 omni
1258 803 1391 830 doctrina:
1403 809 1503 837 genere
1518 809 1590 829 unus
1608 802 1757 831 emineret.

136 856 163 880 et.
179 851 347 879 insolentius
363 859 536 878 summorum
551 852 634 879 etiam
651 853 774 887 virorum
791 852 948 886 despexerit
963 852 1158 879 eruditionem.
1177 850 1264 878 Totus
1280 851 1349 877 adeo
1371 850 1398 877 in
1414 858 1448 878 co
1463 850 1591 877 diversus
1605 850 1657 876 fuit
1675 857 1696 876 -a
1712 857 1761 876 ve—

135 904 192 928 tere
207 899 296 927 sodali
317 907 377 931 suo,
395 899 543 927 Theodoro
556 900 641 931 Gaza,
658 900 703 933 qui
724 900 866 927 modestiae
887 906 944 926 sua:
969 907 1033 934 erga
1061 899 1137 926 illum
1165 898 1255 933 ipsum
1281 898 1424 933 singulare
1450 896 1527 924 dedit
1553 898 1762 924 documentum-

134 947 254 979 Etenim,
275 953 338 974 cum
356 946 513 974 Aristotelis
527 946 671 974 Naturalia
687 952 769 981 atque
788 946 899 974 Moralia
913 946 1104 982 Argyropulus
1119 946 1216 973 Latine
1232 945 1439 978 convertisset,
1453 945 1527 972 Gaza
1543 944 1667 979 quaedam
1680 964 1687 977 ,
1705 951 1719 969 a
1735 951 1763 970 se

134 995 235 1030 pariter
259 994 401 1027 translata,
426 994 594 1026 combussit,
615 1002 660 1026 ne,
688 999 718 1022 ut
743 994 840 1022 Jovius
866 995 914 1028 ait,
939 995 1099 1022 amicissimi
1121 995 1241 1022 hominis
1260 994 1396 1022 crescenti
1421 994 1500 1021 fama:
1517 993 1676 1024 ofﬁcerent,
1693 992 1715 1019 si
1730 991 1763 1018 ad

134 1042 337 1069 aznmlationem
355 1041 450 1068 odiosa
473 1042 680 1077 comparatione
695 1046 860 1069 certaretur.
887 1041 984 1069 Latina
1006 1043 1079 1069 enim
1095 1062 1102 1074 ,
1119 1042 1193 1069 addit
1204 1062 1210 1072 ,
1231 1042 1357 1069 ubertate
1374 1041 1520 1068 facundior
1534 1061 1542 1073 ,
1564 1045 1591 1068 et
1606 1040 1763 1068 Gneeorum

135 1087 353 1115 modestissimus
370 1087 421 1115 hoc
444 1087 525 1114 facile
550 1087 631 1114 dabat
656 1087 727 1114 elate
751 1087 898 1115 ambitioso
922 1092 950 1115 et
972 1088 1116 1123 amplioris
1147 1088 1299 1122 percupido
1326 1087 1451 1115 fortuna.
1478 1087 1647 1122 Arrogantize
1674 1087 1760 1121 ipsius

134 1134 301 1161 luculentum
330 1133 487 1168 exemplum
503 1137 639 1160 memorat
659 1132 824 1166 Politianus,
839 1134 897 1167 ubi,
914 1139 1112 1169 praceptorem
1136 1134 1214 1160 illum
1229 1141 1321 1165 suum,
1340 1134 1502 1161 Ciceronem
1519 1133 1699 1168 philosophia:
1715 1141 1764 1168 pa-

134 1180 201 1206 riter
219 1184 299 1214 atque
314 1179 477 1208 Graecarum
495 1181 651 1207 litterarum
669 1180 813 1214 imperitiae
829 1180 966 1216 arguisse,
984 1181 1087 1214 refert;
1105 1186 1132 1208 et
1148 1188 1211 1207 cum
1227 1181 1350 1207 omnium
1368 1180 1522 1207 acerrimus
1537 1185 1609 1206 eSset
1625 1180 1651 1206 in
1669 1180 1764 1214 dispu-

137 1223 220 1250 tando
237 1228 319 1258 atque
337 1231 432 1252 aurem
446 1223 586 1258 (quodait
603 1223 739 1257 Persius).
758 1224 881 1252 mordaci
899 1225 972 1252 lotus
987 1230 1075 1257 aceto,
1093 1225 1170 1252 facile
1184 1225 1209 1252 id
1223 1225 1274 1252 sibi
1290 1225 1464 1259 ueterisque,
1478 1230 1534 1252 tum
1550 1225 1661 1259 quidem
1677 1229 1765 1253 secta-

135 1262 246 1297 toribus
257 1269 314 1296 suis
338 1269 507 1303 persuasisse
534 1269 572 1296 ait
599 1273 639 1301 ut,
656 1269 729 1304 quod
760 1277 829 1304 pene
842 1263 928 1298 dictu.
939 1278 1049 1305 quoque
1061 1271 1139 1298 nefas
1154 1271 1199 1302 sit,
1219 1278 1267 1304 pro
1281 1277 1415 1298 concesso
1432 1271 1502 1298 inter
1517 1271 1590 1306 ipsos
1604 1271 1764 1302 haberetur,

134 1322 186 1343 nec
202 1315 396 1349 philosophum
407 1314 501 1342 «fuisse
515 1314 551 1342 Μ.
566 1313 688 1342 Tullium
704 1322 757 1343 nec
774 1315 880 1343 litteras
902 1316 1011 1344 Grmcas
1027 1316 1155 1344 calluisse
1172 1317 1241 1350 (29).

168 1361 221 1390 Sed
237 1366 265 1388 et.
279 1361 439 1388 ebriositate
456 1369 487 1389 ac
501 1361 652 1389 voracitate
670 1361 750 1389 fama:
770 1368 827 1389 suae
854 1362 988 1390 maeulam
1013 1364 1129 1396 aspersit
1145 1362 1333 1398 Argyr-opulus
1345 1383 1352 1394 ,
1371 1362 1393 1389 si
1410 1362 1520 1396 quidem
1542 1362 1619 1389 Jovio
1636 1362 1703 1390 fides
1718 1369 1761 1391 est

135 1406 270 1440 habenda,
288 1408 346 1443 qui,
365 1407 419 1434 vini
433 1411 460 1434 et
474 1406 528 1434 cibi
541 1414 619 1442 atque
635 1407 747 1435 avidum
762 1412 791 1434 et
805 1414 944 1442 capacem,
968 1412 996 1435 et
1022 1409 1108 1436 multo
1133 1408 1280 1436 abdomine
1303 1407 1490 1435 ventricosum
1508 1415 1571 1434 eum
1585 1408 1682 1441 fuisse,
1701 1413 1756 1436 tra-

136 1457 175 1483 dit
193 1456 261 1491 (30).
280 1455 383 1483 Eodem
406 1458 520 1482 auctore
533 1475 541 1487 ,
560 1455 654 1481 Romae
678 1454 715 1482 ita
738 1455 840 1489 opimis
856 1455 1002 1490 stipendiis
1017 1456 1101 1482 vitam
1129 1456 1267 1488 traduxit,
1285 1459 1317 1482 ut
1333 1459 1390 1482 tota
1412 1455 1565 1483 substantia
1592 1457 1760 1492 quotidianis

135 1503 294 1538 sumptibus
312 1506 478 1538 mquaretur,
495 1506 523 1529 et
538 1501 566 1528 in
582 1505 706 1528 extremo
721 1501 785 1528 vitae
799 1508 860 1529 actu
876 1503 996 1538 joeatus,
1013 1502 1128 1529 ditiores
1144 1503 1260 1535 amicos,
1274 1502 1337 1529 aeris
1351 1502 1443 1536 alieni,
1461 1503 1573 1531 condito
1589 1509 1763 1536 testamento,

135 1550 259 1579 hatredes
277 1549 456 1584 relinqueret.

170 1596 311 1631 Praecipua
333 1595 497 1631 Argyropuli
512 1594 645 1622 doctrinae
669 1595 828 1630 ingeniique
854 1601 1031 1623 monumenta
1056 1600 1121 1623 sunt
1136 1595 1238 1622 Latiam
1256 1596 1440 1631 complurium
1459 1597 1616 1626 Aristotelis
1631 1599 1765 1627 librorum

145 1644 387 1678 interpretationes.
402 1650 470 1677 quas
485 1641 631 1669 Florentize
645 1641 782 1674 confecit,
801 1644 926 1677 gratique
947 1643 988 1669 sui
1007 1650 1072 1677 erga
1091 1649 1164 1669 verte
1184 1642 1295 1669 virtutis
1316 1642 1440 1670 altricem
1462 1643 1574 1671 domum
1599 1645 1760 1677 Mediceam,

137 1688 221 1716 animi
236 1693 347 1716 exstare
364 1688 453 1715 voluit
469 1692 562 1715 testes.
579 1688 615 1714 Ex
631 1687 726 1714 (ἔνδεσο
743 1687 875 1714 nimirum
899 1687 994 1714 Latine
1012 1686 1148 1713 convertit
1162 1687 1321 1714 Aristotelis
1335 1687 1563 1721 Pru’dicamentu;
1584 1689 1621 1716 De
1637 1691 1767 1726 interpre-

136 1735 238 1762 tatione
259 1735 376 1767 librum;
397 1734 603 1769 Analylicorum
624 1735 801 1769 posteriorth
823 1735 929 1766 libros;
947 1734 1067 1769 Physica:
1091 1733 1294 1760 attscullationis
1321 1735 1406 1762 libros
1431 1741 1511 1767 octo;
1535 1736 1573 1762 De
1594 1738 1657 1764 caelo
1679 1738 1767 1766 libros

135 1788 272 1817 quatuor;
297 1782 334 1808 De
352 1783 443 1810 anima
459 1782 546 1810 libros
565 1786 640 1815 tres;
665 1782 911 1818 Melaphysicorum
931 1782 1018 1809 libros
1044 1771 1226 1814 duodecima
1239 1782 1395 1809 Ethicorum
1413 1783 1448 1810 ad
1467 1783 1654 1812 Nicomachum
1679 1786 1766 1814 libros

136 1827 249 1861 decem;
268 1833 296 1855 et
312 1828 487 1855 Politicarum
503 1828 589 1855 libros
604 1834 678 1855 octo.
698 1828 845 1856 Versiones
870 1829 911 1855 ha:
935 1828 1140 1862 antiquioribus
1156 1828 1312 1856 Aristotelis
1335 1836 1451 1863 operum
1469 1830 1638 1858 editionibus
1661 1831 1766 1860 Latinis

136 1882 168 1901 ac
185 1875 325 1902 nonnulla:
340 1876 423 1903 etiam
439 1876 466 1902 in
479 1876 697 1904 Graeco—Latinis
709 1875 877 1911 quibusdam
891 1876 1031 1910 leguntur.
1044 1875 1107 1903 Mss.
1120 1876 1147 1903 in
1163 1875 1332 1903 bibliOtheca
1345 1877 1526 1904 Laurentiana
1543 1878 1663 1906 Mcdicea
1676 1888 1764 1907 asser-

137 1925 248 1952 vantur,
267 1921 372 1955 hasque
390 1921 565 1948 continentes
581 1922 608 1948 in
627 1921 674 1948 illa
692 1926 802 1949 exstant
816 1922 930 1960 codices
944 1921 1049 1956 aliquot
1065 1921 1280 1953 membranacci,
1297 1922 1510 1956 elegantissimis
1521 1923 1626 1949 Costqu
1637 1928 1665 1950 et
1678 1924 1762 1956 Petri,

139 1966 335 2001 Mediceornm,
356 1968 500 2003 ipsiusque
525 1968 695 2003 interpretis,
710 1969 836 1996 iconihus
850 1969 978 1996 exornati
998 1969 1066 2003 (51).
1082 1968 1195 1995 Diversa
1213 1973 1237 1994 et
1256 1969 1395 1995 contraria
1416 1969 1487 1996 inter
1505 1978 1533 1996 se
1553 1970 1586 1997 de
1598 1971 1761 2005 Argyr-olm“

140 2014 314 2042 vorsionibus
336 2015 460 2042 virorum
480 2014 624 2042 doctorum
636 2015 822 2050 .santjudieia
849 2016 916 2051 (52).
934 2016 967 2045 Β.
982 2015 1180 2042 Volaterranos
1203 2015 1272 2049 (55),
1287 2015 1427 2049 eleganter
1447 2016 1532 2050 magis
1547 2025 1628 2050 quam
1649 2017 1765 2044 fideliter

137 2062 293 2090 Aristotelis
308 2061 394 2088 libros
406 2068 468 2087 eum
489 2056 657 2089 convertisse
673 2067 778 2090 censet.
793 2061 894 2089 Contra
911 2070 942 2089 ea
960 2062 1056 2089 Joaeh.
1070 2062 1213 2088 Pcrionios
1229 2061 1295 2094 (54).
1319 2061 1436 2088 fideliter
1452 2062 1537 2096 magis
1555 2070 1635 2096 quam
1667 2068 1763 2091 ornate

138 2109 334 2142 eleganterque
352 2107 413 2135 illos
429 2108 503 2141 ipsos
521 2108 667 2135 translatos
683 2108 717 2135 ab
739 2115 773 2135 eo
799 2108 884 2136 fuisse
900 2110 948 2136 ait.
969 2109 1065 2136 Petrus
1084 2108 1208 2135 Nannius
1225 2108 1282 2142 (55)
1305 2112 1408 2140 autem,
1434 2109 1466 2134 ad
1489 2112 1569 2136 verba
1585 2110 1670 2144 magis
1684 2118 1764 2145 quam

137 2155 170 2181 ad
187 2161 298 2181 sensum
311 2153 514 2188 Argyropulum
529 2154 692 2186 attendisse,
710 2154 853 2190 ipsiusque
869 2155 938 2183 adeo
958 2155 1201 2190 interpretationes
1217 2161 1268 2182 nec
1280 2154 1387 2185 ﬁdeles,
1400 2161 1449 2182 nec
1464 2154 1603 2189 elegantes
1614 2164 1684 2189 esse,
1700 2164 1764 2191 pro-

173 2243 230 2283 (25)
244 2242 429 2283 Ειηξςιιινερρ.
444 2242 525 2274 libro,
542 2242 703 2283 e‘pistnola‘es
714 2252 720 2275 ς
731 2251 763 2270 ex
779 2252 830 2283 qua
842 2244 925 2271 etiam
980 2244 1177 2283 praedicaverit,
1193 2243 1292 2283 additi
1306 2243 1459 2283 Qua__in_s_c_
1473 2252 1525 2272 nan
1544 2247 1657 2272 omnino
1680 2247 1764 2283 Argy-

139 2278 272 2306 discinnus
292 2277 476 2304 Mediolanum
502 2286 526 2304 :I.
554 2277 623 2304 1556
648 2279 849 2313 Argyropulnm
877 2287 926 2306 ve-

139 2315 224 2343 nisse,
239 2318 267 2339 et
292 2321 306 2339 a
327 2313 450 2348 principe
477 2313 683 2346 perhumaniter
706 2314 926 2348 perbenignoque

138 2353 297 2376 tractaturo.
320 2348 352 2373 atl
372 2346 569 2382 Transalpinos
603 2346 757 2380 transiisSe,
775 2346 925 2376 reditus—ad

137 2383 320 2410 Constilulum
337 2386 446 2416 tempus
463 2390 510 2416 spe
525 2384 605 2410 far-ta.

176 2418 233 2451 (‘26)
253 2418 371 2444 Proem.
398 2418 424 2444 in
455 2419 655 2451 expositionem
677 2417 742 2445 libr.
773 2418 926 2446 Ethicorum

137 2453 304 2482 Aristotelis,
320 2452 352 2478 ad
368 2453 476 2478 «ειμι-ἰή.
493 2453 592 2483 virum,
605 2453 731 2480 Cosmam
745 2454 889 2481 ille-dicem.

250 2487 320 2548 litui.
338 2488 371 2548 ge
384 2487 466 2514 docti:
477 2487 635 2520 hominibus,
649 2496 711 2523 pag.
726 2488 772 2516 45.

186 2524 228 2555 '28)
252 2524 281 2549 L.
298 2531 321 2549 ε.
338 2531 360 2549 c.

333 2531 495 2594 Solitianns,
514 2557 624 2585 Miscell.
642 2566 667 2585 e.
683 2559 693 2586 Ι
707 2567 714 2586 :
730 2566 786 2593 quo
807 2558 867 2594 ipso
881 2567 926 2588 ca-

140 2593 206 2627 pite,
217 2592 380 2628 Ciceronem
398 2593 512 2628 ejusque
526 2594 725 2628 expositionem
736 2592 864 2624 vocabuli
883 2594 926 2622 ὲὺ-

140 2629 288 2664 ’ςελέχειᾳη
316 2627 420 2654 Tusculi
453 2628 553 2660 Quaest.
583 2637 601 2657 ι,
619 2629 663 2659 l0,
690 2637 743 2664 qua
771 2629 925 2657 Tullianam

139 2663 240 2690 Graeca:
254 2663 352 2695 linguae
368 2664 551 2698 ignorantiam
566 2665 747 2697 comprobare
769 2665 934 2693 instituerat

138 2698 339 2734 Argyropuius,
355 2706 370 2725 a
393 2698 530 2725 calumnia
557 2698 692 2733 ejusdem,
713 2700 792 2733 cujus
814 2701 924 2734 quidem

139 2733 208 2760 alias
223 2733 295 2766 apud
308 2741 337 2758 se
345 2741 397 2759 non
413 2734 502 2768 exigui
517 2734 646 2767 ponderis
658 2736 850 2761 auctoritatem
864 2743 926 2762 eSse

140 2768 298 2805 proﬁtetur,
313 2774 345 2794 ex
361 2768 622 2805 institutodcfeudit
633 2770 790 2796 Comnenus
803 2771 926 2805 l’apado-

140 2801 209 2838 puli,
228 2801 247 2828 ι.
266 2810 288 2828 ι.
302 2811 337 2833 ε..
359 2803 406 2829 ubi
421 2803 493 2830 lovii
519 2805 618 2838 repetit
639 2801 924 2838 narrationem."quod

139 2837 340 2873 At‘gyt‘upulus,
351 2837 512 2867 Ciceronem
526 2837 633 2867 Grtccas
654 2839 758 2867 litteras
788 2837 925 2874 ignorasse

712 2892 734 2906 ἡ

979 2279 1093 2314 repulus
1110 2279 1256 2306 delirabat.
1276 2280 1399 2306 Pet-belle
1414 2281 1419 2305 l
1440 2280 1552 2314 Ntuupe,
1570 2279 1764 2309 ut-Polittanns

978 2314 1011 2340 de
1034 2313 1135 2340 Grzecis
1147 2321 1202 2340 sum
1218 2314 1307 2341 aetatis
1323 2314 1483 2342 hominibus
1499 2320 1625 2348 testatur,
1651 2316 1765 2344 Latinos

978 2349 1004 2374 in
1022 2349 1212 2382 participatum
1227 2357 1282 2376 suae
1298 2349 1399 2384 lingua:
1411 2349 1598 2386 doctrinmque
1612 2359 1665 2378 non
1678 2352 1765 2379 liben-

979 2388 1020 2410 ter
1036 2383 1157 2410 admittit
1174 2384 1226 2410 ista
1243 2385 1326 2410 natio.

1053 2392 1157 2410 (Illllllll
1174 2392 1226 2411 lSla
1243 2392 1326 2412 natio.

1014 2419 1070 2452 (50)
1092 2419 1170 2445 tionf.
1195 2419 1274 2456 llayle
1287 2419 1344 2456 με.
1364 2419 1547 2456 Argerpulo,
1566 2421 1637 2455 quod
1652 2421 1764 2449 (Περι-ο-

978 2462 1039 2481 neut
1058 2462 1110 2480 non
1129 2454 1217 2489 magni
1235 2455 1340 2484 iecerit.
1356 2454 1508 2482 subii-attint
1532 2457 1640 2482 .lovium
1658 2457 1715 2488 haec
1731 2459 1765 2486 de

976 2490 1022 2517 illo
1035 2490 1178 2522 scripsisse
1195 2489 1322 2523 opinatur
1334 2490 1436 2517 Hodins
1451 2491 1469 2518 Ι.
1489 2500 1525 2522 0.,
1545 2499 1570 2523 p.
1589 2491 1651 2518 194.

1014 2525 1069 2559 (5|)
1089 2523 1154 2551 Vide
1165 2525 1251 2552 Catal.
1267 2524 1398 2552 Biblioth.
1412 2525 1659 2553 Laurent.—.'\lcdic.
1671 2535 1685 2554 a
1698 2527 1765 2554 Ber-

977 2559 1058 2587 nard.
1076 2558 1110 2586 de
1136 2559 1311 2587 Montfaucon
1339 2561 1365 2587 in
1396 2560 1522 2588 Biblioth.
1547 2561 1763 2589 bibliothecarum

978 2603 1039 2622 mss.
1055 2602 1120 2621 nova
1136 2595 1260 2630 vulgatus
1277 2602 1302 2628 ρ.
1320 2596 1382 2627 579,
1400 2597 1462 2628 402,
1477 2597 1539 2624 542.
1553 2597 1604 2622 405
1620 2602 1647 2622 et
1662 2597 1724 2624 418.

1013 2629 1068 2665 (5‘2)
1084 2629 1211 2657 Pluribus
1228 2631 1274 2657 illa
1298 2637 1407 2658 enarrat
1433 2632 1460 2658 P.
1480 2632 1569 2663 Bayle.
1590 2632 1616 2658 in
1647 2631 1762 2661 Diction.

976 2667 1036 2693 hist.
1052 2671 1076 2693 et
1092 2667 1162 2697 erit.,
1182 2671 1247 2693 tom.
1262 2665 1283 2697 l,
1301 2674 1359 2701 pag.
1376 2667 1437 2694 508.

1015 2702 1070 2738 (ᾷὸ)
1090 2701 1265 2738 ContniLitrb.
1283 2702 1406 2738 ltli._xxt,
1423 2704 1485 2736 pag.
1502 2701 1562 2727 7'16.

1026 2736 1069 2771 54)
1085 2738 1166 2764 Teste
1181 2736 1305 2767 Thuano,
1321 2736 1388 2764 Hist.
1404 2738 1420 2764 l.
1439 2745 1513 2766 χχιιι,
1531 2745 1557 2767 υ.
1574 2745 1609 2763 m.
1630 2737 1708 2765 1057.

1024 2773 1068 2807 55)
1099 2773 1265 2806 Συμμίκτων
1290 2773 1338 2799 lib.
1367 2781 1384 2803 l,
1413 2780 1472 2806 cap.
1504 2773 1520 2799 3
1547 2780 1606 2806 pag.
1631 2774 1657 2800 ti.
1681 2773 1762 2802 Conf.

978 2807 1081 2843 Baillet,
1097 2808 1200 2843 Jugem.
1226 2807 1270 2834 des
1281 2808 1410 2842 δραυίιιιε,
1423 2814 1488 2835 ιυιιι.
1507 2807 1549 2839 ιν,
1566 2816 1626 2843 pag.
