1942 3075
92 181 148 214 993

559 170 608 200 DE
626 163 889 199 PROCESSIONE
909 159 1090 192 SPIRlTUS
1108 156 1255 188 SANCTI.

1667 148 1725 182 99L

96 237 216 273 σςηκότα
241 232 345 269 χρόνον,
361 230 389 262 ός
409 228 476 264 ἡμῖν
490 227 561 262 ἄγαν
587 224 759 273 β-ραχὺ-τατρς
785 222 899 273 ξυγκε-,

952 216 1016 244 erba
1029 215 1156 248 viresque
1189 209 1319 239 deﬁcient
1343 215 1398 236 non
1415 211 1519 235 tantum
1532 206 1585 234 hoc
1597 205 1727 241 praesenti

952 268 1060 273 ,._._-_..
1092 258 1164 273 -..ηδ
1185 256 1264 273 “AM.
1276 262 1357 273 ηπιιηη
1377 253 1571 273 hmvinimnm
1595 251 1726 273 nonI-Mli-

95 265 307 318 έορηταιξᾶλλι
322 275 376 303 οὐδ’
392 276 437 302 ὅτε
464 272 561 318 καιρὸς
575 270 631 318 τῶν
647 269 703 296 σῶν
724 265 881 318 ἐγκωμίων,

96 310 277 355 ἔθ”ὐπόθεσιν
290 320 492 356 λαμπροτάτην
499 315 576 352 οἶμαι
599 315 634 342 τὰ
651 315 687 341 σὰ
702 310 882 347 ποιησόμεθα,

96 369 241 408 οὕχῆττον
269 368 298 394 δὲ
322 368 369 394 καὶ
393 367 436 400 τῇ,
457 364 491 400 ἢν
523 363 595 398 ἔχεις
613 359 678 395 περὶ
697 359 760 408 τοὺς
789 357 885 408 λόγους

39 443 43 446 .
99 403 227 452 σπουδὴν,
244 414 291 446 οὒς
305 413 360 440 τῶν
376 412 405 439 ὲν
432 411 500 446 ἡμῖν
512 407 641 436 ἁπάντων
654 404 772 440 νομίζων
796 403 827 429 τὸ
845 410 886 428 τι-

100 449 247 499 μιώτατον,
266 459 314 487 νῦν
341 459 392 494 μὶν
407 456 540 492 ἱστορίαις
564 454 672 490 χαίρεις
698 451 745 499 καὶ
757 449 887 499 άπερ-ὲν

100 494 271 543 ξυγγραφαῖς
285 504 456 539 περιέχεται,
471 500 519 528 νῦν
530 500 559 527 δὲ
575 497 733 534 φιλοσοφεῖς
752 494 886 543 άκριὸως,

99 539 195 588 ὥσπερ
209 539 255 583 τις
276 554 305 578 ὲν
327 547 483 583 Ἀκαδημίᾳ.
501 545 628 582 τραφεὶς,
652 543 669 579 ἢ
690 542 800 588 πλοκας
808 539 888 588 εἰδὼς

99 601 199 635 λόγων,
217 598 264 629 οὓς
290 596 373 628 αὐτὸς
390 594 505 627 ἔπλεξεν
531 593 545 618 ὁ
560 590 729 626 Περίπατος.
760 587 888 635 Μάλιστα

100 645 123 672 δ’
137 629 179 672 δτι
192 629 274 679 μόνος
294 641 388 676 σχεδὸν
405 639 440 666 τὰ
455 638 573 672 δημόσια
593 634 734 669 πράττων,
749 631 798 658 καὶ
813 629 886 679 τοῦτ’

103 676 236 727 ὑπάρχων
251 689 279 714 ὲν
311 687 398 719 πόλει,
417 685 487 719 ὅπερ
512 684 542 710 ὲν
560 682 669 716 σώματι
690 679 786 714 δήπου.
802 676 888 727 spuli},

103 737 150 764 καὶ
163 723 231 771 δπερ
245 733 307 765 νοῦς
324 733 353 758 ὲν
374 731 468 763 παντὶ,
484 730 544 756 οὐδὲ
558 729 613 755 τῶν
629 725 795 761 θεολογικῶν
810 723 891 771 ἄμοι-

106 791 151 817 ρος
167 767 256 815 ἐγίνου
268 778 424 812 δογμάτων.
441 774 515 802 Ἀλλ’
526 773 598 801 οὕτω
608 782 649 800 τοι
662 772 752 802 καλῶς
765 770 813 797 καὶ
826 767 892 794 τού-

105 815 160 855 των
173 827 202 853 τδ
215 826 341 852 πλεῖστον
367 823 536 858 ἐξήσκησας,
567 820 637 846 ὥστε
665 818 771 854 μηδένα
792 815 892 851 ῥᾳδίως

106 873 257 905 πιστεύειν,
270 873 312 899 ὃτι
329 879 370 897 σοι
395 869 523 902 καὶπερὶ
554 865 643 893 ἄλλων
673 864 774 898 γέγονέ
800 861 889 894 λόγος.

938 267 1074 296 tempore,
1091 258 1166 295 quod
1185 256 1265 285 nobis
1276 262 1358 291 quam
1377 253 1572 281 brevissimum
1595 251 1726 280 concedi-

936 313 992 340 tur,
1007 306 1056 335 sed
1081 305 1163 332 etiam
1177 309 1238 331 cum
1255 306 1316 329 tuas
1338 298 1485 328 enarrandi
1501 296 1597 324 laudes
1618 296 1728 324 occasio

936 361 998 382 sese
1014 351 1118 384 tulerit,
1136 354 1164 378 et
1180 347 1382 376 nobilissimum
1395 348 1589 380 argumentum
1608 341 1727 369 orationi

939 406 1006 426 meae
1025 398 1095 426 facta
1110 401 1157 423 tua
1173 394 1339 423 constituam
1358 400 1365 419 :
1382 398 1437 419 non
1464 391 1556 418 minus
1573 395 1640 416 vero
1655 393 1728 414 eteo

938 452 994 481 quo
1007 445 1041 472 ad
1062 431 1205 472 scrmones
1218 439 1366 481 concitaris
1381 437 1484 470 studio,
1499 443 1569 472 quos
1590 435 1661 462 inter
1684 440 1729 460 res

939 478 1074 519 liumaitas
1092 478 1307 524 prctiosissimos
1336 487 1487 519 reputans,
1513 489 1586 509 nunc
1611 480 1639 507 in
1664 487 1728 506 ver-

939 537 1033 564 sandis
1057 533 1191 566 historiis,
1206 538 1234 560 et
1248 538 1309 566 quae
1334 530 1362 557 i-n
1387 529 1501 556 aliorum
1518 524 1730 555 Commentariis
1785 523 1798 534 ¹

938 582 1128 613 continentur,
1148 585 1222 606 nunc
1235 580 1366 604 accurate
1385 572 1588 609 philosoplticis
1605 570 1733 606 specula—

941 627 1074 658 tionibus,
1090 624 1204 660 perinde
1222 631 1254 650 ac
1266 623 1289 650 si
1309 623 1337 649 in
1364 619 1512 648 Academia
1535 617 1687 649 enutritus,
1705 619 1735 642 et

941 672 1174 709 disputationibus
1203 670 1329 697 difﬁciles
1359 667 1514 702 explicatus
1543 663 1732 694 habentibus,

941 727 1010 755 quas
1026 719 1084 754 ipse
1096 717 1236 752 Peripatus
1251 716 1354 751 plcxuit
1367 735 1374 747 ,
1399 713 1536 742 exercitus
1549 718 1625 739 esses
1635 729 1642 742 ,
1659 716 1731 743 ope-

942 773 1000 793 ram
1018 772 1113 792 navas.
1140 763 1193 791 Sed
1217 762 1288 790 inter
1313 761 1367 788 alia
1394 758 1543 794 praecipue,
1560 755 1634 792 quod
1657 755 1734 782 solus

944 812 1002 839 fere
1021 819 1065 839 res
1089 810 1213 845 publicas
1238 808 1446 838 administrans,
1464 809 1492 833 et
1519 805 1547 833 in
1571 803 1683 832 civitate
1707 802 1735 830 id

944 866 1072 893 operans,
1087 857 1160 892 quod
1184 856 1211 883 in
1227 862 1343 890 corpore
1352 854 1460 886 anima,
1484 857 1512 880 et
1537 858 1616 879 mens
1632 851 1661 878 in
1675 850 1738 878 uni-

244 899 272 944 δὲ
297 917 338 944 ὅτι
362 915 416 946 πᾶς
439 899 566 940 ὁστισοῦν
592 909 733 943 θεολογίαν
759 907 788 934 εὖ
806 907 893 942 ὴσκη-

952 913 1036 936 rcrso,
1045 912 1059 931 a
1071 902 1234 938 tbeologicis
1249 901 1380 934 decretis,
1395 900 1436 928 uti
1450 906 1546 927 eorum
1559 903 1667 933 expers,
1680 903 1737 923 non

967 951 973 956 .
1012 951 1018 956 .
1157 949 1164 956 1
1193 948 1199 954 -
1239 948 1246 956 ι
1260 947 1279 956 Ἀ
1306 947 1382 956 ac-“
1404 945 1471 956 -1“
1499 946 1624 956 ..-ιι-...ιη
1641 940 1735 956 αλιι-ιιι.

108 951 175 998 κῶξ,
195 966 295 999 πεῖραν
311 961 403 991 διδοὺς
431 960 478 985 καὶ
495 957 654 992 λαμϐάνων,
679 955 772 982 ἄπεισι
795 951 896 988 μᾶλλον

109 1011 270 1047 θαυμάζων,
293 1009 309 1044 ἢ
335 1006 554 1041 θαυμαζόμενος.
585 1002 664 1029 Οὕτω
695 1000 820 1035 περίεστί
854 1007 896 1025 σοι

110 1043 237 1094 μελέτης,
253 1043 400 1081 καὶταῦτα
414 1051 463 1085 τῆς
476 1048 531 1075 {div
558 1046 656 1074 κοινῶν
677 1044 823 1087 φροντίδος.
837 1043 897 1077 ἑχό-

111 1090 267 1140 μενοςῌιαὶ
286 1100 304 1127 ἃ.
332 1099 428 1131 σώζειν
456 1097 545 1124 ἐθέλει
564 1095 615 1130 τὴν
638 1092 778 1140 ἡμετέραν
802 1090 897 1117 ἄλλοτε

111 1136 206 1179 ὲλλαις
220 1148 317 1182 τύχαις
331 1146 382 1172 οὐκ
396 1144 448 1176 ἔξω
464 1141 637 1178 πραγμάτων
651 1137 746 1172 οὖσαν,
768 1137 826 1164 ἀλλ’
842 1136 898 1162 αἰεὶ

111 1195 283 1230 θνήσκουσαν
295 1192 334 1227 τῷ
349 1191 405 1218 δέει
420 1190 484 1220 τοὺς
506 1189 576 1223 αὐτῇ
605 1185 764 1230 πολεμίους.
781 1183 899 1230 ᾉΧάριεν

112 1241 141 1270 δέ
155 1228 215 1267 ’σου
230 1239 351 1270 κάκεῖνο,
371 1237 412 1263 ὅτι
441 1235 520 1270 μόνος
549 1233 631 1263 αὐτὸς
660 1228 715 1263 οἷός
730 1238 760 1256 τε
777 1228 815 1254 ὢν
842 1229 898 1258 τοῖς

111 1286 247 1320 δόγμασιν
262 1282 433 1317 ὲςριστάνειν,
458 1279 523 1305 οὐδὲ
544 1277 594 1312 τὴν
615 1277 665 1310 σὴν
689 1275 755 1310 ἡμῖν
773 1271 900 1320 άπαξιοίς

113 1318 243 1367 θεωρίαν,
260 1329 328 1357 ἀλλὰ
341 1328 432 1361 λέγεις
445 1322 495 1361 μὲν
511 1323 602 1356 αὐτὸς,
625 1322 643 1349 ἆ
669 1329 715 1366 ’σοι
733 1319 797 1355 περὶ
822 1318 900 1367 ἐνίων

113 1363 199 1408 δοκεῖ,
225 1373 336 1404 ἀκούεις
352 1373 380 1400 δὲ
396 1372 444 1398 καὶ
470 1369 561 1405 ἡμῶν,
577 1369 591 1395 δ
607 1377 634 1395 τι
658 1363 810 1402 φρονοῦμεν
836 1363 901 1408 περὶ

114 1407 216 1453 αὐτῶν,
231 1418 268 1450 ὡς
284 1418 333 1452 οὐχ
351 1414 408 1442 οἷόν
423 1422 453 1441 τε
472 1413 502 1440 δν
530 1413 581 1447 τὴν
612 1411 676 1446 περὶ
703 1409 794 1436 αὐτῶν
821 1407 901 1439 δόξαν

113 1466 266 1503 δρρῶσθαι,
283 1464 317 1491 ἂν
332 1463 369 1498 μὴ
383 1461 432 1489 καὶ
448 1461 504 1492 τοῖς
518 1461 600 1486 εἰδόσι
620 1457 708 1485 ταυτὰ
722 1457 798 1491 δοκῇ.
814 1455 902 1486 Αὐτὸς

176 1510 224 1538 οὖν
241 1509 378 1545 μηδέποτε
393 1506 514 1533 παύσαιο
529 1504 662 1534 τοιούτοις
676 1501 765 1534 συζῶν
778 1501 899 1535 ἀγαθοῖς,

948 951 1083 982 abstines,
1117 949 1167 986 sed
1192 948 1221 975 iit
1239 947 1282 974 his
1302 947 1385 974 etiam
1402 945 1473 972 adeo
1498 946 1626 979 prompte
1641 940 1737 969 sedula

948 996 1154 1027 exercitatione,
1168 1002 1201 1022 ea
1214 995 1382 1022 incrementa
1398 991 1508 1026 cepisti,
1535 993 1567 1016 ut
1590 995 1672 1016 nemo
1694 987 1736 1014 fa-

948 1042 1001 1069 cile
1022 1041 1189 1072 crediderit,
1207 1040 1331 1067 animum
1355 1037 1455 1066 studiis
1483 1036 1546 1064 aliis
1570 1035 1736 1070 applicasse.

949 1087 1053 1114 Indicio
1069 1091 1132 1119 est,
1149 1086 1222 1120 quod
1246 1087 1405 1120 quicunque
1417 1103 1425 1116 ,
1451 1083 1481 1110 in
1502 1080 1740 1117 speculationibus

951 1133 1111 1167 tlteologicis
1125 1132 1337 1163 versatissimus,
1368 1130 1434 1166 quid
1450 1129 1537 1164 possit
1554 1134 1671 1163 uterque
1691 1135 1741 1155 ve-

950 1184 1037 1207 strum
1054 1179 1175 1207 vicissim
1186 1172 1342 1214 eiperiens,
1357 1177 1481 1205 abscedit
1496 1176 1636 1204 admirans
1648 1174 1740 1210 potius

951 1226 1030 1268 ipse)
1054 1233 1135 1261 quam
1154 1226 1197 1253 sui
1221 1225 1432 1253 admirationem
1456 1222 1662 1261 injiciens,‘sic
1687 1221 1737 1248 tibi

952 1273 1142 1308 hujuscemodi
1158 1271 1364 1300 exercitationis
1379 1277 1472 1298 rerum
1490 1269 1662 1304 publicarum
1688 1275 1737 1296 cu-

952 1320 991 1346 ris
1017 1320 1081 1347 licet
1109 1319 1242 1354 implicito
1261 1326 1268 1345 :
1285 1323 1312 1345 ct
1329 1324 1391 1352 quae
1416 1316 1510 1351 patria:
1523 1319 1635 1349 nostrae,
1656 1314 1741 1341 variis

951 1367 1069 1393 fortunae
1096 1366 1205 1393 caSIbus
1232 1369 1261 1392 et.
1279 1364 1482 1392 calamitatibus
1502 1361 1619 1390 nimium
1641 1361 1750 1388 misere

953 1412 1044 1439 fractae
1055 1433 1063 1445 ,
1081 1416 1109 1439 et
1125 1416 1231 1439 tantum
1251 1419 1304 1438 non
1321 1418 1377 1446 pne
1391 1409 1513 1438 hostium
1537 1408 1742 1438 imminentium

953 1458 1007 1486 sibi
1023 1462 1096 1484 metu
1121 1458 1253 1484 continuo
1269 1457 1431 1491 exspiranti,
1448 1464 1529 1492 opem
1543 1455 1615 1483 ferre
1627 1460 1742 1491 possent

954 1503 1172 1531 comminiscenti
1187 1522 1194 1534 ,
1220 1503 1331 1530 abunde
1347 1508 1398 1531 est.
1415 1503 1492 1531 Litas
1505 1510 1616 1539 quoque
1632 1503 1740 1538 gratiis,

116 1547 134 1586 θ.
149 1566 179 1584 τε
194 1557 282 1584 οἰκεῖά
299 1562 382 1590 φασιν
396 1552 545 1587 ἀνθρώπῳ,
560 1551 608 1577 καὶ
622 1547 662 1581 οἷς
677 1548 765 1576 ἐθέλει
794 1548 824 1574 τὸ
850 1555 899 1579 μα-

955 1548 1027 1584 quod
1047 1556 1110 1575 cum
1123 1548 1198 1575 solus
1215 1548 1273 1582 ipse
1297 1555 1393 1582 posses
1406 1549 1549 1577 cdicendis
1567 1549 1745 1584 dogmatibus

115 1605 211 1639 κάριον
223 1601 426 1636 περιγίνεσθαι.
449 1598 546 1632 Ἡμεῖς
562 1596 591 1623 δὲ
617 1595 711 1625 διττὰς
735 1594 836 1624 εἰδότες
859 1600 901 1618 σοι

116 1636 160 1676 διά
174 1648 260 1675 ταῦτα
274 1648 324 1677 τὰς
345 1647 472 1681 χάριτας,
497 1640 535 1670 ὦν
553 1651 583 1668 τε
595 1642 671 1677 ἡμᾶς
687 1641 782 1672 ἀξιοῖς,
798 1641 846 1666 καὶ
864 1636 902 1666 ὧν

117 1693 243 1722 ἐντεῦθεν
261 1693 341 1727 κοινῇ
353 1689 482 1726 χρηστῶν
510 1688 695 1722 ἀπολαύομεν,
726 1686 902 1721 περιεργότε-

117 1749 166 1777 ρον
187 1740 236 1776 μὲν
253 1740 280 1765 ἑν
294 1739 395 1769 ἄλλοις,
412 1737 459 1764 σοῦ
472 1730 728 1773 ξυνεφαπτομένουξ
743 1734 902 1767 θεολογήσα-

118 1796 169 1823 μεν
181 1787 286 1813 πολλῶν
301 1794 330 1812 τε
357 1785 444 1811 ἄλλων
461 1784 525 1819 πέρι
555 1783 602 1809 καὶ
630 1783 662 1817 δὴ
677 1783 742 1816 περὶ
771 1779 800 1807 οὗ
826 1780 903 1813 λόγος

118 1834 185 1868 ἡμῖν
208 1832 318 1865 ἐγένετο
349 1830 493 1865 πρότριτα·
522 1830 582 1855 νυνὶ
607 1829 635 1855 δὲ
652 1827 730 1861 ὀλίγα
758 1828 827 1854 ἄττα
853 1826 903 1861 σὴν

117 1881 201 1915 χάριν
216 1880 282 1914 περὶ
295 1879 344 1913 τῆς
355 1877 403 1903 τοῦ
419 1876 496 1910 ἁγίου
513 1875 674 1910 Πνεύματος
691 1873 805 1908 προόδου
830 1873 904 1907 φιλο-

119 1927 286 1960 σοφήσομεν.
311 1923 472 1952 Ἐκέλευσας
487 1921 553 1956 γὰρ,
585 1922 631 1947 καὶ
646 1921 696 1947 οὐκ
719 1918 754 1954 ἦν
782 1918 905 1946 ἀπειθεῖν

95 1997 98 2001 ,
122 1971 246 2008 τοσαύτῃ
257 1971 382 2006 δυνάμει.

955 1602 1082 1630 praeesse,
1099 1601 1188 1629 neque
1204 1599 1264 1621 tuas
1285 1594 1366 1622 nobis
1381 1595 1581 1630 speculationes
1596 1602 1742 1630 pernegas,

955 1641 1002 1669 sed
1016 1641 1145 1668 edisset-is
1160 1645 1188 1667 tu
1203 1641 1314 1675 quidem
1329 1642 1364 1668 de
1384 1642 1417 1669 iis
1431 1641 1532 1676 quibus
1551 1642 1601 1669 tibi
1625 1642 1733 1669 videtur

956 1688 1038 1715 verba
1058 1688 1180 1719 faciens,
1208 1687 1288 1715 audis
1313 1695 1378 1714 vero
1401 1692 1430 1715 et
1447 1692 1567 1715 nostram
1590 1687 1624 1715 de
1645 1688 1744 1715 iisdem

957 1736 1139 1767 sententiam,
1159 1737 1236 1769 quasi
1254 1733 1413 1769 opinionem
1430 1733 1464 1761 de
1490 1733 1525 1761 iis
1552 1734 1657 1762 ﬁrmant
1681 1742 1746 1763 esse

958 1790 1011 1809 non
1029 1790 1109 1817 poSse
1126 1782 1275 1814 existimes,
1293 1782 1344 1809 nisi
1367 1786 1396 1809 et
1410 1782 1542 1809 scitorum
1558 1782 1664 1810 calculo
1683 1790 1746 1810 cor—

959 1828 1114 1854 roboretur.
1131 1826 1172 1853 Tu
1189 1826 1271 1860 igitur
1283 1833 1423 1860 nunquam
1435 1833 1498 1853 cum
1513 1826 1593 1853 bonis
1605 1825 1744 1853 similibus

956 1873 1040 1900 vitam
1067 1873 1165 1908 agendi
1183 1872 1263 1900 tinem
1283 1881 1380 1908 ponas,
1396 1880 1457 1907 qua:
1473 1873 1585 1907 propria
1611 1879 1671 1900 esse
1697 1872 1747 1899 lto-

959 1919 1041 1946 minis
1061 1920 1217 1952 traduntur,
1231 1926 1260 1946 et
1282 1920 1381 1955 quibus
1394 1919 1509 1947 beatitas
1528 1920 1586 1954 ipsa
1604 1927 1746 1954 compara-

959 1970 1014 1993 tur.
1030 1965 1086 1992 Nos
1103 1973 1184 2000 porro
1210 1965 1257 1993 tibi
1281 1966 1405 2000 duplices
1420 1967 1522 2002 gratias
1545 1970 1668 2001 agentes,
1686 1970 1744 1993 tum

118 2019 155 2046 ob
171 2025 203 2045 ea
220 2025 280 2052 quat
295 2017 376 2044 nobis
401 2015 525 2049 impertis
537 2033 545 2046 ,
565 2017 622 2040 tum
648 2012 683 2040 ob
702 2019 734 2039 ea
763 2019 822 2046 quae
860 2011 924 2039 inde
943 2011 1014 2039 bona
1040 2012 1225 2040 communiter
1241 2012 1434 2048 possidemus,
1470 2013 1607 2041 curiosius
1628 2013 1656 2040 in
1671 2012 1745 2045 aliis,

121 2069 148 2092 te
160 2071 239 2098 opem
256 2062 372 2094 ferente,
390 2061 424 2088 de
439 2059 522 2086 rebus
535 2059 596 2086 aliis
616 2058 710 2086 multis
733 2058 833 2085 divinis
864 2058 1020 2085 orationem
1053 2058 1240 2091 instituemus,
1258 2058 1332 2086 etde
1342 2060 1383 2086 eo’
1397 2066 1518 2094 quoque,
1534 2060 1568 2086 de
1594 2067 1649 2095 qtto
1679 2064 1747 2087 ante

120 2110 245 2139 triduum
263 2114 420 2136 sermonem
437 2107 615 2134 contulimus.
640 2106 720 2133 Nunc
754 2113 818 2132 vero
852 2113 939 2140 pauca
961 2106 1129 2142 quaedamin
1148 2107 1186 2134 tui
1207 2107 1323 2142 gratiam
1339 2107 1373 2134 de
1386 2106 1506 2142 Spiritus
1526 2107 1614 2136 sancti
1638 2115 1748 2142 proces-

120 2162 200 2188 sione
221 2155 488 2192 philosopltabimur.
523 2154 668 2189 lmperasti
687 2154 845 2188 siquidem,
874 2158 899 2181 ta

952 2162 1011 2189 tque
1030 2155 1158 2190 potestati
1181 2163 1286 2183 morctn
1304 2163 1359 2182 non
1374 2162 1489 2191 gerere,
1522 2155 1594 2182 haud
1624 2154 1666 2182 fas
1692 2160 1747 2183 est.

158 2217 192 2253 β’.
207 2216 299 2251 Τριῶν
315 2213 362 2242 οὖν
390 2215 476 2242 όντων
494 2216 524 2241 ὲν
547 2216 604 2245 τοῖς
635 2215 718 2246 θείοις
749 2215 899 2250 προσώπωὶ

992 2216 1019 2242 2.
1040 2215 1108 2242 Cum
1126 2215 1218 2250 itaque
1235 2216 1262 2243 in
1278 2201 1379 2244 divinis
1401 2217 1457 2244 sint
1474 2221 1532 2244 tres
1547 2224 1682 2252 personae,
1700 2225 1748 2244 se-
1778 2230 1784 2235 -

121 2265 194 2292 κατὰ
219 2264 268 2294 τὰς
287 2261 446 2295 θεολογικὰς
463 2260 656 2292 ὑποτυπώσεις
682 2269 711 2286 τε
738 2262 785 2287 καὶ
812 2261 909 2296 ἀρχὰς,

125 2310 241 2345 Πατρδς,
261 2308 324 2335 Υίοῦ
345 2316 375 2334 τε
402 2308 452 2333 καὶ
469 2307 543 2333 θείου
567 2307 738 2341 Ιινεὺματος,
761 2308 916 2341 ήνωμένων,

124 2357 175 2391 μὲν
191 2357 224 2390 τῇ
245 2355 336 2389 οὐσίᾳ,
354 2352 568 2388 διακρινομένων
581 2352 610 2378 δὲ
630 2355 690 2384 ταῖς
705 2353 817 2388 ἰδιότησι
845 2356 913 2387 χρη-

125 2410 203 2438 ματι,
217 2401 337 2436 παράγει
356 2399 406 2433 μὲν
420 2399 450 2426 τὸ
463 2399 492 2425 ἓν
506 2399 520 2424 ό
532 2399 640 2434 Πατὴρ,
657 2400 814 2433 παράγεται
836 2399 865 2425 δὲ
879 2399 912 2424 τὰ

122 2448 171 2475 δύο
186 2447 250 2478 Υἱός
263 2455 294 2473 τε
305 2446 352 2472 καὶ
365 2445 477 2480 Πνεῦμα
497 2446 586 2478 άγιον.
608 2437 686 2471 Οὔτε
700 2447 754 2479 γάρ
781 2446 827 2478 ἀφ’
844 2446 909 2471 ἐαυ-

123 2495 178 2522 τῶν
194 2494 248 2520 ἔδει
260 2492 337 2520 ταῦτ’
352 2490 433 2524 εἶναι,
451 2491 494 2518 ἵνα
508 2491 545 2526 μὴ
569 2491 699 2526 ἑτερότης
723 2492 829 2525 γένοιτο
858 2492 908 2524 φύ-

125 2550 205 2574 σεως,
229 2539 291 2566 οὕτε
308 2538 337 2571 ἐξ
354 2538 479 2573 ἀλλήλων
491 2538 677 2571 παράγεσθαι,
694 2534 735 2568 οἷς
751 2537 817 2564 αὺτδ
829 2537 909 2564 ἑαυτό

125 2596 153 2615 τι
179 2586 326 2620 παράγειν·
344 2584 498 2619 ἀμήχανον.
526 2583 573 2609 Ἓν
587 2582 634 2609 οὖν
650 2583 694 2610 διὰ
730 2583 809 2609 τοῦτο
833 2575 911 2618 τόγε

126 2633 263 2667 παράγον,
278 2631 312 2658 τὰ
336 2630 365 2656 δὲ
386 2630 468 2656 λοιπὰ
501 2629 692 2664 παραγόμενοι.
728 2630 866 2665 Παράγων
883 2630 911 2656 δὲ

125 2680 140 2705 ό
160 2677 252 2712 Πατὴρ
261 2676 417 2712 πρακτικὰς
429 2675 564 2710 δήπουθεν
581 2675 636 2707 ἔξει
647 2675 787 2710 δυνάμεις,
806 2676 911 2711 διακριτ

125 2725 244 2760 νομένας
257 2730 315 2753 πως
327 2723 374 2748 καὶ
389 2723 484 2754 αὑτὰς,
507 2719 547 2753 οἷς
561 2721 594 2747 δι’
607 2721 697 2747 αὐτῶν
715 2721 911 2756 διακρινόμενα

126 2771 283 2806 παράγεται
297 2767 430 2802 πρόσωπα
447 2787 454 2799 ,
472 2768 521 2801 τὴν
534 2768 583 2802 μὲν
630 2767 674 2793 τὸν
689 2766 763 2800 Υἱδν,
782 2767 831 2802 τὴν
845 2767 912 2794 δἀὓ

127 2818 224 2847 πάλιν,
239 2812 255 2852 ᾖ
273 2814 395 2848 παράγει
410 2813 440 2838 τὸ
455 2813 570 2846 Πνεῦμα
581 2814 611 2839 τὺ
626 2813 714 2847 ἅγιον,
726 2813 813 2848 ἀρχὰς
829 2812 913 2845 οὔσας

127 2873 158 2891 τε
172 2863 218 2890 καὶ
232 2862 372 2894 δυνάμεις,
399 2859 445 2885 καὶ
461 2860 654 2894 γονιμότητας,
665 2858 709 2892 αῖς
725 2862 793 2897 μήτε
823 2869 912 2896 παρα-

254 2911 389 2939 l’nnon.
412 2907 471 2937 (in.
495 2907 621 2937 CLVlll.

960 2262 1081 2290 cundum
1100 2262 1253 2296 theologica
1269 2262 1368 2296 placita
1382 2267 1411 2289 et
1434 2262 1581 2297 principia,
1598 2263 1698 2296 Patris,
1721 2268 1751 2291 et

960 2308 1034 2341 Filii,
1053 2312 1082 2335 et
1096 2307 1216 2342 Spiritus
1227 2309 1325 2340 sancti,
1338 2309 1458 2336 essentia
1473 2309 1585 2343 quidem
1613 2311 1706 2341 unitas,
1720 2317 1750 2336 rc

960 2362 1026 2382 vero
1045 2354 1181 2380 distincta:
1208 2353 1435 2388 proprietatibus,
1457 2361 1521 2385 una,
1544 2353 1626 2381 Pater
1650 2361 1749 2389 nempe

960 2399 1098 2435 producit,
1118 2400 1178 2426 dum
1193 2406 1268 2430 vero,
1280 2398 1364 2426 Filius
1374 2405 1401 2426 et
1413 2399 1532 2434 Spiritus
1547 2401 1747 2434 producuntur.

963 2446 1057 2480 Neque
1079 2445 1153 2472 enim
1178 2446 1228 2472 has
1248 2453 1263 2471 a
1282 2445 1437 2480 semetipsis
1451 2453 1512 2473 esse
1538 2446 1697 2479 addecebat,
1713 2455 1750 2475 ne

963 2498 1069 2521 naturae
1085 2491 1230 2520 diversitas
1256 2492 1499 2526 introduceretur,
1526 2501 1616 2528 neque
1638 2502 1693 2522 una
1715 2502 1750 2522 ex

964 2541 1016 2568 alia
1033 2539 1145 2575 produci
1159 2547 1167 2573 ;
1183 2547 1267 2566 unum
1278 2539 1352 2566 enim
1364 2539 1485 2574 seipsutn
1509 2540 1662 2575 producere
1678 2541 1750 2568 haud

963 2586 1036 2621 potis
1050 2590 1102 2613 est.
1118 2585 1293 2620 Quapropter
1313 2592 1398 2612 unum
1412 2590 1454 2613 est
1468 2586 1633 2620 producens,
1649 2592 1747 2614 caetera

966 2633 1109 2668 producta.
1121 2631 1153 2659 Et
1168 2631 1249 2659 Pater
1261 2631 1418 2666 producens
1431 2632 1609 2668 productius
1618 2632 1747 2667 equidem

964 2679 1109 2706 facultates
1131 2678 1252 2710 habebit,
1269 2683 1298 2705 et
1317 2678 1391 2713 ipsas
1413 2678 1485 2706 inter
1503 2685 1533 2706 se
1544 2678 1749 2713 quodammodo

966 2724 1121 2756 distinctas,
1139 2724 1241 2758 quibus
1253 2723 1390 2751 distinctae
1410 2731 1533 2759 personae
1547 2724 1748 2759 producuntur.

965 2770 1080 2797 alteram
1095 2770 1217 2806 quidem,
1232 2778 1286 2805 qua
1302 2770 1412 2802 Filium,
1428 2770 1541 2797 alteram
1560 2777 1679 2802 rursum,
1694 2777 1748 2805 qua

966 2815 1099 2850 Spiritum
1123 2821 1248 2843 sanetum
1273 2816 1418 2850 producit,
1434 2823 1495 2851 quae
1520 2816 1653 2851 principia
1672 2821 1748 2846 sunt.

965 2867 992 2890 et
1018 2861 1182 2894 facultates,
1208 2867 1235 2889 et
1266 2861 1466 2896 fecunditates,
1495 2868 1584 2896 neque
1610 2861 1750 2897 quippiam
1789 2882 1795 2887 .

1554 2907 1592 2938 32
