1942 3075
174 163 236 194 ~995

787 158 947 189 JOANNIS
964 156 1212 187 ARGYROPULI

1755 159 1809 193 996

184 217 370 252 producente:
383 236 391 250 ,
409 222 501 251 neque
521 215 662 250 productae
679 223 688 244 ;
704 214 731 242 id
755 215 828 243 enim
854 219 898 244 est
920 204 968 250 hv-

1028 214 1140 250 γούσας,
1150 215 1220 250 μήτε
1231 213 1285 250 μὴν
1295 213 1492 249 παραγομένας
1497 214 1592 246 αὐτάς.
1601 213 1748 252 Ἑκάτερον
1756 213 1820 253 γὰρ’

183 264 300 298 postasis
313 262 471 298 proprium;
490 268 543 289 non
559 261 631 289 enim
645 261 858 296 perfectionum,
872 265 920 289 aut
931 261 971 289 ia-

183 309 316 336 cultatum
330 328 337 341 ,
352 315 472 343 namque
490 307 548 335 haec
565 307 594 334 in
607 307 746 342 hypostasi
773 310 839 334 sunt
859 311 888 334 et
908 314 970 334 cum

184 354 324 390 hypostasi
335 376 343 387 ,
359 358 550 389 vocanturque
570 361 586 381 a
602 353 736 389 theologis
749 373 757 387 ,
771 353 830 382 haec
857 359 972 387 genera-

184 401 250 434 tiva,
271 400 314 427 illa
332 399 493 435 productiva
509 399 624 428 facultas
636 419 643 432 ,
666 402 834 434 quapropter
854 402 882 426 et
906 406 971 433 pro-

184 447 331 474 ductorum
350 447 396 473 hic
426 446 538 481 quidem
564 445 636 473 fetus
660 450 688 473 et
712 444 819 476 Filius,
836 444 881 471 ille
906 451 970 479 pro-

184 493 278 520 ductio
294 495 321 520 et
346 492 466 527 Spiritus
480 497 667 526 nuncupatur.
691 490 807 526 Oportet
821 489 894 517 enim
917 497 949 517 ea
963 508 971 521 ,

184 546 244 573 qua:
259 545 293 566 ex
307 538 452 573 principiis
464 543 539 569 sunt,
555 538 582 565 in
602 538 636 565 iis
648 545 708 572 quae
722 537 846 572 ejusdem
863 537 972 572 generis

185 590 259 617 sunt,
281 584 402 619 propriis
419 584 476 611 suis
497 583 641 618 principiis
663 591 718 610 non
737 583 881 610 dissimilia
897 589 970 615 esse,

183 635 210 657 ct
225 637 259 657 ex
275 630 309 657 iis
321 637 430 664 quoque
442 629 493 656 sibi
509 637 608 656 nomen
625 629 769 656 uSciscere.

217 698 247 724 5.
267 697 336 724 Cum
353 705 418 724 vero
441 696 636 731 productorum
660 701 807 731 utrumque
827 705 860 723 ex
877 704 972 724 essen-

185 743 223 770 tia
235 743 342 769 dicatur
352 742 453 774 Patris,
466 743 522 777 ipsa
541 747 632 769 autem
647 749 735 776 neque
749 747 870 776 generat,
883 749 973 776 neque

184 792 332 822 generatur
345 806 352 820 ,
370 793 460 820 neque
477 785 559 813 etiam
577 785 713 820 producit,
732 793 819 820 neque
843 786 973 820 produci-

185 838 250 865 tur,
275 836 306 859 ut
328 831 448 866 theologi
477 831 609 863 tradunt,
625 838 738 858 necesse
761 835 803 858 est
825 831 973 865 essentiam

184 879 327 906 amborum
344 878 511 913 principium
531 885 592 905 esse
606 877 674 909 tale,
698 885 753 912 quo
768 878 848 905 Pater
864 883 973 904 utrum-
991 898 1011 926 Β

184 932 238 958 que
254 923 398 959 producat,
428 923 525 950 Filium
547 928 574 950 et
598 923 730 958 Spiritum
752 928 889 956 sanctum,
910 931 971 951 cum

184 968 252 995 alias
266 967 388 1003 ejusdem
409 968 536 994 essentia:
553 967 607 994 sint
631 975 693 995 cum
716 968 885 1002 producente
911 976 973 1002 pro-

184 1013 277 1045 ducta.
289 1017 317 1040 et
329 1013 402 1040 inter
416 1020 445 1040 se
461 1013 595 1047 producta
607 1020 661 1040 non
673 1013 728 1040 alio
740 1014 820 1041 modo
828 1015 972 1047 exsistant,

184 1065 266 1092 qnam
287 1065 320 1085 ex
337 1058 426 1085 Patris
441 1057 560 1084 essuntia
581 1057 664 1084 veluti
687 1058 822 1093 principio
845 1063 872 1086 et
889 1059 974 1086 facul-

184 1109 252 1136 tate,
267 1111 327 1138 quae
339 1110 427 1137 neque
442 1103 579 1136 producit,
593 1111 682 1138 neque
695 1104 869 1139 producitur,
884 1113 974 1140 neque

184 1149 212 1176 in
228 1156 271 1182 ea,
291 1156 353 1183 qua:
367 1156 399 1175 ex
415 1149 508 1183 aliquo
528 1150 580 1180 'est,
603 1156 692 1184 neque
706 1149 733 1183 in
751 1157 782 1176 ea
798 1158 858 1184 qua:
874 1150 907 1177 ad
925 1150 974 1177 ali-

184 1195 251 1230 quid
271 1195 431 1222 delinitions
445 1199 497 1225 est.
514 1202 577 1222 cum
595 1195 621 1222 in
637 1195 717 1222 Patre
729 1196 836 1223 scilicet
851 1197 973 1230 exsistat,

184 1245 212 1269 et
235 1242 262 1268 in
274 1241 355 1273 Filio,
376 1245 404 1268 et
419 1241 447 1268 in
462 1240 578 1275 Spiritu,
600 1245 628 1268 et
649 1241 733 1268 veluti
753 1242 930 1277 principium,
947 1247 975 1271 et

184 1287 271 1314 veluti
285 1287 402 1321 species,
421 1286 448 1314 in
465 1292 597 1321 quantum
611 1287 768 1314 exhibetur.
782 1287 973 1316 Verumtamen

184 1332 274 1360 Patris
288 1332 442 1368 hypostasis
460 1339 514 1359 una
531 1337 559 1358 et
572 1330 679 1363 eadem,
693 1339 754 1359 cum
771 1339 900 1366 personas
911 1341 975 1367 pro-

184 1378 281 1410 ducit,
307 1384 458 1411 rursuSqne
477 1377 598 1404 essentia
620 1384 705 1403 unum
729 1382 756 1404 et
773 1377 843 1404 idem
869 1378 974 1412 princi-

184 1424 261 1458 pium
285 1427 312 1450 et
334 1423 469 1455 facultas,
501 1423 557 1457 ipsa
577 1424 709 1457 producta
734 1423 822 1450 modis
846 1424 975 1451 omnibus

177 1468 281 1504 eadem
297 1473 411 1501 essent;
426 1469 479 1495 imo
494 1475 577 1495 unum
589 1468 717 1503 equidem
734 1468 814 1502 plane
828 1473 899 1495 esset
912 1475 975 1503 per-

185 1510 253 1542 sona
269 1515 413 1550 producta,
429 1514 483 1541 nisi
501 1513 629 1541 essentia:
651 1518 678 1540 et
694 1513 748 1540 alia
762 1513 886 1548 quaedam
904 1514 976 1540 ines-

1024 261 1202 292 ὑποστάσεως
1214 260 1290 294 ἴδιον,
1301 261 1331 287 οὐ
1341 259 1528 296 τελιιοτήτων,
1536 260 1596 287 οὐδὲ
1604 261 1756 297 δυνάμεων.
1765 264 1810 290 Ἑν

1023 307 1170 334 ὑποστάσει
1182 307 1238 341 γὰρ
1251 306 1283 332 τὰ
1293 305 1407 332 τοιαῦτα
1419 305 1467 332 καὶ
1479 305 1664 333 ἐνυπόστατα.
1676 306 1810 335 Καλεῖται

1022 351 1049 378 δὲ
1061 351 1128 387 πρὸς
1137 346 1192 378 τῶν
1203 350 1400 384 θεολογούντων
1414 350 1528 387 αὐτῶνὴ
1539 352 1589 386 μέν
1597 359 1639 383 τις
1651 353 1809 388 γεννητική,

1022 398 1040 432 ἠ
1054 397 1076 424 δ’
1088 395 1121 432 ἦν
1135 388 1309 433 προσλητιῖιὴ
1326 396 1452 431 δύναμις.
1479 397 1524 423 Διὸ
1540 396 1587 424 καὶ
1608 397 1662 424 τῶν
1684 406 1808 432 παραγο-

1025 445 1112 478 μένων
1127 443 1157 470 ἰδ
1176 444 1225 478 μὶν
1243 443 1367 478 γέννημα
1391 443 1439 470 κα)⁸
1467 443 1543 476 Υιὸς,
1567 444 1597 470 τὸ
1608 443 1637 470 δι
1663 443 1810 479 πρόῦλημα

1023 490 1069 516 καὶ
1084 489 1194 524 Πνεῦμα
1211 489 1457 524 προσαγορεύεται.
1469 490 1515 515 Δεῖ
1529 489 1585 523 γὰρ
1596 489 1631 515 τὰ
1645 490 1677 515 ὲκ
1689 489 1743 516 τῶν
1761 490 1813 526 ἁρ-

1023 535 1078 569 χῶν
1093 535 1122 560 ὲν
1142 535 1197 566 τοῖς
1209 534 1256 561 τοῦ
1271 534 1354 561 αὐτοῦ
1371 535 1460 566 εἴδους
1473 535 1534 566 ταῖς
1551 535 1626 569 σφῶν
1645 535 1734 562 αὐτῶν
1750 544 1812 567 πως

1024 581 1120 615 ἀρχαῖς
1134 580 1265 612 ιοιχέναι,
1296 581 1399 613 καὶ,ιξ
1432 580 1546 608 ἐκείνων
1575 581 1647 616 ἔχειν
1672 582 1719 608 καὶ
1749 581 1812 608 τοῦ-

1024 635 1052 652 νο
1056 635 1103 662 μα.

1060 701 1095 726 γ.
1115 693 1191 720 Ἐπεὶ
1201 693 1230 720 δὲ
1252 694 1308 720 τοῖν
1335 693 1538 729 παραγομένοιν
1556 695 1688 730 ἑκάτερον
1716 696 1748 722 ἔκ
1764 696 1814 729 τῆς

1015 740 1120 783 ιούσίας
1143 739 1252 773 λέγεται
1267 739 1314 766 τοῦ
1331 740 1448 774 Πατρός,
1475 740 1546 776 αὐτὴ
1573 741 1602 767 δὲ
1634 741 1696 768 οὔτε
1719 742 1812 777 γεννᾷ,

1025 785 1088 811 οὐτε
1104 785 1245 819 γεννᾶται,
1261 785 1323 812 οὔτε
1339 786 1394 820 μὴν
1410 785 1574 821 προϐάλλει,
1603 786 1664 813 οὐτε
1695 788 1813 822 προεαλ-

1025 832 1111 864 λεται,
1129 832 1258 867 καθάπερ
1274 833 1298 858 οἱ
1321 831 1509 866 ὓεολογοῦντές
1525 841 1618 866 φασιν,
1641 833 1750 867 ἀνάγκη
1763 833 1813 868 τὴν

1026 879 1121 906 οὐσίαν
1132 879 1220 914 ἀρχὴν
1232 878 1371 912 ἑκατέρων
1386 877 1457 918 εἶναι
1488 878 1630 914 τοιαύτην,
1691 880 1813 915 παράγει

1026 924 1121 960 Πατὴρ
1137 925 1279 960 ἑκάτερον,
1294 924 1358 951 Υἰόν
1369 933 1397 951 τε
1413 925 1461 951 καὶ
1476 924 1591 959 Πνεῦμα
1605 925 1692 959 ἆγιον.
1708 926 1812 957 ’Λλλως

1025 979 1055 997 τε
1070 971 1179 1006 καὶτῆς
1196 971 1283 1005 αὐτῆς
1295 970 1391 1002 οὐσίας
1417 971 1493 1003 ὄντα,
1514 971 1549 997 τά
1565 979 1594 996 τε
1626 971 1811 1005 παραγόμενα.
1851 966 1854 968 ’

1024 1017 1063 1051 τῷ
1077 1017 1242 1052 παράγοντι,
1272 1018 1320 1043 καὶ
1335 1016 1462 1051 ἀλλήλοις
1490 1017 1524 1042 τὰ
1539 1016 1730 1051 παραγόμενα,
1759 1017 1810 1043 οὐκ

1025 1063 1058 1089 ἂν
1070 1063 1157 1094 ἄλλως
1171 1060 1225 1089 εἷεν
1237 1062 1251 1097 ἢ
1262 1063 1293 1089 ὲκ
1307 1062 1355 1097 τῆς
1370 1063 1417 1089 τοῦ
1433 1062 1539 1098 Πατρὺς
1555 1062 1659 1094 οὐσίας,
1673 1062 1711 1094 ὡς
1724 1063 1814 1097 ἀρχῆς

1027 1109 1074 1135 καὶ
1081 1108 1232 1143 δυνάμεως,
1244 1108 1261 1144 ἢ
1277 1108 1339 1135 οὐτε
1351 1108 1483 1143 παράγει,
1496 1106 1559 1133 οὐτε
1576 1108 1742 1141 παράγεται,
1754 1107 1812 1134 οὐτ’

1026 1155 1054 1180 ἐν
1065 1154 1103 1189 τῷ
1115 1154 1144 1187 ἐξ
1157 1153 1199 1186 οὗ,
1213 1153 1269 1180 οὐτ’
1283 1154 1311 1180 ὲν
1319 1153 1358 1188 τῷ
1369 1152 1437 1188 πρὸς
1449 1152 1479 1180 όν
1493 1152 1560 1187 ὅρῳ,
1571 1153 1600 1178 ὲν
1614 1152 1652 1187 τῷ
1667 1153 1753 1187 Πατρὶ
1765 1153 1814 1187 δη-

1025 1199 1092 1234 λαδὴ
1107 1199 1173 1225 οὖσα
1188 1200 1235 1226 καὶ
1251 1200 1280 1226 ὲν
1297 1198 1366 1234 Υίῷ,
1389 1199 1437 1225 καὶ
1470 1198 1510 1233 τῷ
1531 1198 1682 1232 Πνεύματι,
1709 1199 1756 1224 καὶ
1775 1199 1815 1230 ὡς

1025 1247 1098 1282 όιρχὴ
1115 1247 1163 1273 καὶ
1174 1247 1212 1278 ὡς
1227 1242 1298 1277 εἶδος
1320 1246 1351 1272 τό
1366 1254 1398 1280 γε
1411 1245 1562 1280 διδόμενον.
1588 1245 1668 1271 Ἀλλᾶ
1684 1246 1737 1280 μὴν
1764 1247 1814 1276 τίς

1025 1292 1073 1318 τοῦ
1100 1292 1207 1326 Πατρός
1223 1291 1400 1323 ὑποστάσεως
1413 1291 1462 1325 τῆς
1478 1290 1564 1326 αὐτῆς
1580 1290 1676 1326 οὔσης,
1688 1292 1732 1317 ὅτε
1745 1299 1817 1325 παρ-

1027 1338 1087 1370 άγει
1099 1338 1133 1363 τὰ
1144 1338 1287 1372 πρόσωπα,
1305 1336 1353 1363 καὶ
1366 1337 1416 1370 τῆς
1429 1336 1525 1368 οὐσίας
1544 1337 1609 1371 μιᾶς
1630 1336 1677 1362 καὶ
1699 1335 1750 1371 τῆς
1765 1337 1817 1362 αὐ-

1025 1385 1074 1419 τῆς
1092 1383 1125 1412 αὖ
1136 1384 1217 1412 πάλιν
1231 1384 1317 1420 οὐσης
1331 1385 1418 1419 ἀρχῆς
1432 1385 1478 1412 καὶ
1492 1384 1646 1419 δυνάμεως,
1662 1384 1696 1410 τὰ
1723 1392 1813 1418 παρα-

1026 1431 1130 1465 γόμενα
1139 1431 1174 1457 τὰ
1189 1432 1259 1458 αὐτὰ
1270 1431 1304 1458 ἂν
1315 1428 1348 1465 ἦν
1364 1430 1454 1465 πάντη
1469 1430 1590 1461 πάντως.
1605 1429 1716 1456 Μᾶλλον
1731 1429 1761 1456 δὲ
1785 1429 1815 1456 ἐν

1026 1477 1058 1503 ἂν
1073 1475 1106 1512 ἦν
1124 1477 1162 1512 τῷ
1175 1477 1232 1504 ὄντι
1242 1477 1272 1504 τδ
1286 1477 1479 1512 παραγόμενον
1497 1477 1657 1512 πρόσωπον,
1682 1476 1706 1502 εί
1725 1477 1764 1512 μὴ
1781 1477 1816 1511 τῇ

1026 1523 1104 1558 οὐσίᾳ
1140 1523 1189 1550 καὶ
1210 1522 1268 1550 ἄλλ’
1282 1523 1352 1550 ἄττα
1375 1521 1470 1556 ξυνῆν,
1500 1521 1535 1548 δι’
1554 1519 1592 1561 ὥν
1608 1521 1733 1556 διάφοροί
1754 1530 1816 1553 πως

185 1565 266 1591 sent,
291 1567 340 1595 per
368 1567 430 1594 quae
458 1559 661 1594 quodammodo
683 1560 829 1587 facultates
858 1560 974 1588 diversa;

1028 1568 1139 1603 γένοιντ’
1154 1569 1187 1596 ἂν
1199 1570 1227 1595 at
1238 1569 1380 1604 δυνάμεις,
1403 1566 1448 1600 αἶς
1463 1567 1528 1601 Υίδς
1544 1559 1592 1596 καὶ
1608 1569 1722 1603 Πνεῦμα
1742 1576 1817 1604 παρ-

186 1606 296 1638 ficrent,
317 1605 418 1640 quibus
443 1604 528 1631 Filius
544 1609 572 1632 et
589 1604 708 1639 Spiritus
723 1607 924 1639 producuntur.
941 1605 975 1632 Et

186 1652 243 1678 haec
268 1651 370 1678 fuerint
393 1650 552 1679 intellectus
573 1654 600 1677 et
626 1650 752 1677 voluntas
767 1669 774 1681 .
798 1650 843 1678 illa
865 1651 975 1685 quidem

184 1697 267 1725 simul
281 1705 344 1725 cum
353 1697 472 1724 essentia
489 1697 653 1731 principium
665 1702 693 1724 ct
702 1696 816 1724 facultas
829 1697 975 1729 exsistcns,

186 1752 235 1779 per
250 1744 388 1771 actionem
415 1743 603 1778 generationis
628 1742 789 1777 productiva
813 1741 894 1774 Filii,
912 1750 976 1776 pro-

187 1794 336 1825 ptereaque
353 1789 472 1827 Verbum
492 1788 539 1815 Dei
560 1787 647 1815 Filius
661 1796 676 1815 a
701 1789 856 1823 theologico
873 1789 976 1815 tonitru

188 1839 374 1869 nuncupatur.
399 1833 482 1861 Fetus
505 1832 579 1860 enim
602 1833 757 1860 intellectus
779 1837 822 1859 est
845 1833 975 1859 Verbum.

187 1881 320 1908 Voluntas
337 1888 403 1907 vero
415 1879 498 1906 sirnnl
517 1887 580 1906 cum
602 1880 661 1914 ipsa
676 1880 795 1906 essentia
809 1878 975 1914 principium

186 1931 215 1953 et
231 1925 346 1953 facultas
359 1924 494 1952 exsistens
509 1931 557 1959 per
572 1924 761 1958 operationem
775 1924 975 1959 productionis,

187 1971 245 1999 sive
275 1971 434 2006 spirationis
467 1970 628 2006 productit'a
664 1971 820 2006 hypostasis
856 1970 977 2005 Spiritus

187 2020 284 2051 sancti,
301 2026 357 2046 non
375 2023 404 2046 ut
418 2018 585 2053 principium
600 2018 727 2047 liberum.
744 2017 792 2044 sed
807 2022 837 2045 ut
852 2025 977 2045 necessa-

188 2067 260 2093 rium
280 2071 307 2092 et
322 2065 456 2093 naturalis
471 2064 594 2099 qua-dam
620 2064 736 2092 facultas
750 2069 778 2092 et
798 2065 975 2100 principium,

187 2115 388 2145 proptereaque
423 2117 438 2137 a
461 2110 594 2143 tllet‘i"',:is
621 2118 698 2137 amor
720 2110 831 2137 divinus
857 2110 977 2145 Spiritus

188 2156 351 2190 appellatur.
369 2156 461 2183 Virtus
487 2164 560 2182 enim
587 2156 687 2183 amoris
715 2156 842 2183 voluntas
865 2161 916 2184 est.
942 2157 977 2184 Et

188 2202 260 2228 dicta
282 2202 340 2228 haec
356 2206 450 2227 nostra
479 2206 506 2228 et
524 2201 712 2235 theologorum
736 2202 835 2236 placita
861 2209 975 2229 concor-

189 2248 261 2274 diter
284 2247 355 2275 inter
375 2254 405 2274 se
427 2251 594 2282 congruunt.
612 2247 706 2281 Neque
728 2247 772 2273 his
790 2248 885 2276 minus
908 2255 977 2276 con-

189 2296 304 2320 veniunt
330 2295 418 2321 sancti
443 2292 589 2328 Augustini
615 2293 688 2321 dicta
717 2293 744 2320 in
774 2294 914 2322 volumine
944 2294 977 2321 de

191 2340 339 2372 Trinitate,
364 2341 392 2367 in
417 2340 519 2375 quibus
541 2340 701 2368 memoriam
728 2341 839 2376 quidem
862 2348 977 2376 genera-

192 2387 292 2419 tivam,
309 2387 477 2414 voluntatem
495 2394 560 2414 vero
575 2388 733 2422 spirativam
754 2388 863 2414 vocavit
888 2387 974 2414 lacul-

191 2437 216 2458 ta
220 2437 273 2459 tem
279 2452 285 2459 ι

226 2501 254 2528 ι.
275 2499 449 2536 Manifestum
466 2501 560 2536 itaque
571 2506 613 2529 est
637 2509 669 2529 ex
682 2501 774 2536 dictis,
793 2502 901 2530 Patrem
917 2502 977 2531 fon-
1001 2528 1003 2531 .

192 2552 245 2574 tem
260 2555 319 2574 esse
335 2548 457 2579 Deitatis,
472 2553 499 2575 et
514 2547 599 2575 solam
610 2556 732 2582 causam,
752 2554 781 2576 et
793 2550 879 2577 solam
895 2549 979 2585 origi-

191 2601 254 2620 nem
271 2593 542 2626 supcrsubstantialis
557 2593 712 2621 Divinitatis
724 2615 732 2628 ,
750 2599 778 2622 et
790 2595 879 2622 solum
903 2595 980 2630 geni-

193 2644 280 2667 torem
311 2640 395 2666 simul
423 2644 450 2666 et
482 2640 694 2675 productorem,
721 2645 749 2668 et
779 2641 852 2674 alia,
880 2643 980 2677 quibus

192 2686 281 2720 ipsum
295 2686 484 2722 theologorum
506 2686 600 2714 schola
615 2686 778 2714 cohonestat
792 2695 799 2720 ;
820 2695 874 2714 non
891 2687 979 2715 solum

192 2732 266 2767 quod
288 2733 344 2768 jam
373 2733 462 2760 dictas
485 2733 630 2760 facultates
650 2738 732 2768 atque
756 2733 940 2762 fecunditates
965 2742 980 2762 a

193 2778 302 2805 nemine
323 2778 439 2811 habeat,
460 2779 506 2806 sed
521 2778 595 2813 quod
618 2779 676 2813 ipse
691 2779 765 2806 solus
786 2779 929 2807 sit'solum
952 2780 979 2807 in

193 2822 292 2849 divinis
310 2824 474 2857 producens.
494 2823 553 2859 Ipse
571 2825 673 2851 etenim
696 2824 772 2851 solus
787 2828 839 2857 est,
854 2825 902 2860 qui
924 2826 979 2861 jam

194 2866 271 2894 dictis
296 2868 470 2897 facultatibus
485 2869 568 2897 veluti
595 2870 656 2898 foris
684 2875 711 2898 et
737 2871 920 2905 principium,
953 2879 982 2899 et

1029 1617 1133 1650 ἁγεται.
1150 1615 1190 1642 Τὰ
1203 1615 1232 1642 δὲ
1244 1615 1298 1650 ἄρα
1313 1615 1375 1647 νοῦς
1386 1615 1419 1642 ἂν
1432 1613 1488 1642 εἷεν
1503 1615 1552 1642 καὶ
1565 1615 1706 1650 βούλησις,
1734 1615 1749 1641 ό
1764 1615 1817 1649 μιν

1028 1663 1086 1698 ἆμα
1102 1664 1134 1698 τῇ
1150 1661 1231 1698 οὐσίᾳ
1261 1661 1333 1697 ἀρχὴ
1356 1661 1404 1689 καὶ
1433 1661 1549 1697 δύναμις
1571 1661 1610 1688 ὢν
1634 1660 1818 1696 δι’ὲνιργείας

1027 1709 1077 1743 τῆς
1090 1710 1254 1743 γεννήσεως,
1271 1707 1430 1743 παρακτικὴ
1444 1706 1492 1734 τοῦ
1510 1707 1588 1734 Υίοῦ·
1604 1707 1645 1734 διδ
1659 1707 1707 1734 καὶ
1726 1707 1817 1741 Λόγος

1026 1756 1040 1781 ό
1051 1754 1098 1781 τοῦ
1113 1754 1180 1781 Θεοῦ
1194 1754 1258 1786 Υἱδς
1280 1754 1333 1781 ὑπὸ
1351 1755 1400 1789 τῆς
1416 1753 1544 1788 θεολόγον
1571 1754 1688 1788 βροντῆς
1706 1753 1818 1789 ὠνόμα-

1029 1808 1100 1826 σταν
1114 1799 1161 1826 νοῦ
1178 1800 1231 1835 γὰρ
1248 1800 1375 1834 γέννημα
1390 1799 1481 1833 λόγος’
1506 1800 1523 1835 ἠ
1549 1799 1571 1826 δ’
1589 1799 1622 1826 αὖ
1648 1799 1759 1834 σύναμα
1782 1801 1818 1835 τῇ

1027 1846 1096 1881 αὐτῇ
1110 1846 1189 1881 οὐσίᾳ
1207 1846 1224 1881 ἠ
1242 1845 1379 1881 βούλησις,
1392 1845 1466 1881 ἀρχὴ
1487 1845 1534 1872 καὶ
1553 1845 1668 1880 δύναμις
1688 1842 1757 1875 οὖσα
1783 1845 1820 1872 δι’

1029 1891 1178 1926 ἐνεργείας
1193 1892 1242 1926 τῆς
1269 1890 1416 1926 προϐολῆς,
1442 1891 1459 1926 ἢ
1487 1890 1625 1922 ἰι-νεύσεως
1644 1890 1820 1925 παρακτικὴ,

1026 1937 1077 1972 τῆς
1092 1938 1140 1964 τοῦ
1157 1937 1236 1971 ἁγίου
1253 1936 1412 1972 Πνεύματος
1430 1936 1620 1969 ὑποστάσεως,
1647 1936 1697 1970 οὐχ
1718 1937 1757 1968 ὡς
1771 1937 1821 1971 ἁρ-

1028 1984 1062 2018 χὴ
1072 1983 1258 2017 αὐτεξούσιος,
1281 1983 1339 2010 ἀλλ’
1353 1980 1389 2014 ὡς
1410 1983 1548 2017 ἀναγκαία
1576 1983 1622 2009 καὶ
1651 1983 1756 2018 φυσική
1777 1991 1821 2014 τις

1026 2028 1141 2064 δύναμις
1172 2028 1218 2054 καὶ
1245 2028 1317 2063 ἀρχή
1334 2036 1341 2042 ·
1360 2028 1401 2054 διὸ
1430 2028 1499 2063 πρὸς
1537 2027 1592 2054 τῶν
1617 2027 1819 2061 θεολογούντων

1027 2075 1122 2109 ἀγάπη
1142 2073 1172 2100 τὸ
1188 2073 1259 2100 θετον
1276 2073 1408 2107 κέκληται
1423 2072 1546 2107 Πνεῦμα.
1562 2073 1617 2107 Τῆς
1638 2074 1692 2108 γὰρ
1705 2074 1819 2109 ἀγάπης
1830 2095 1840 2110 ρ

1028 2120 1045 2155 ὴ
1062 2119 1176 2154 δύναμις
1202 2118 1341 2155 βούλησις.
1363 2118 1476 2154 Ξυνᾴδει
1495 2118 1523 2144 δὲ
1545 2118 1580 2146 τὰ
1599 2118 1734 2153 λεγόμενα
1758 2121 1833 2153 ταίςῑ

1031 2136 1045 2155 't
1062 2136 1175 2154 νυννμιν
1202 2136 1341 2158 πίνη-μη)
1363 2136 1476 2154 -ιυτγινει
1496 2136 1523 2144 νε
1550 2136 1580 2146 -υι
1600 2136 1734 2153 ’κεινεαεη
1763 2136 1819 2151 νει-ν

1029 2165 1081 2192 τῶν
1097 2165 1295 2200 θεολογοὺντων
1310 2165 1424 2199 φωναῖς,
1437 2165 1486 2200 οὐχ
1499 2162 1581 2200 ἦττον
1591 2164 1620 2190 δὲ
1636 2165 1692 2196 τοῖς
1703 2136 1843 2201 εἰρημέ-Χ

1030 2219 1085 2242 νοις
1101 2211 1154 2237 ὐπὸ
1169 2210 1215 2237 τοῦ
1235 2210 1308 2244 ἱεροῦ
1322 2210 1506 2244 Αὐγουστίνου
1533 2211 1563 2236 ὲν
1589 2210 1628 2246 τῷ
1649 2211 1720 2245 Περὶ
1736 2212 1820 2245 Τριά-

1028 2255 1082 2288 δος
1096 2255 1202 2290 βιϐλίῳ,
1217 2255 1245 2281 ὲν
1258 2252 1300 2286 οἷς
1322 2254 1369 2281 καὶ
1388 2255 1501 2290 μνήμην
1532 2255 1583 2289 μὲν
1613 2255 1662 2290 τὴν
1690 2264 1820 2292 γεννητι-

1030 2301 1091 2337 κὴν,
1112 2301 1240 2337 βούλησιν
1269 2301 1297 2327 δὲ
1328 2301 1379 2336 τὴν
1416 2301 1586 2336 πνευστιιὴν
1618 2301 1732 2329 ἐκάλεσε
1769 2303 1821 2330 δύο

1030 2357 1122 2384 ναμιν.

1066 2505 1096 2532 δ’.
1112 2506 1231 2540 Φανερὸν
1248 2503 1293 2533 οὖν
1312 2506 1344 2532 ὲκ
1364 2504 1417 2532 τῶν
1431 2505 1595 2540 εἰρημένων,
1621 2507 1662 2533 ὅτι
1690 2508 1705 2534 ὁ
1724 2507 1824 2544 Πατὴρ

1034 2551 1138 2586 πηγαῖα
1153 2550 1259 2587 θεόεης,
1282 2553 1332 2578 καὶ
1358 2551 1439 2587 μόνον
1454 2552 1552 2584 αἴτιος,
1576 2553 1624 2580 καὶ
1646 2554 1723 2589 πηγὴ
1751 2555 1825 2590 μόνη

1030 2597 1079 2632 τῆς
1095 2598 1258 2632 ὑπερουσῖου
1271 2597 1413 2633 θεότητος,
1429 2598 1477 2624 καὶ
1493 2600 1576 2633 μόνος
1595 2599 1735 2633 γεννήτωρ
1761 2600 1824 2634 ἅμα

1032 2643 1078 2670 καὶ
1096 2643 1257 2678 προϐολεὺς,
1274 2644 1324 2670 ὅσα
1340 2644 1364 2670 τ’
1379 2644 1449 2672 ἄλλα
1462 2645 1532 2680 πρὸς
1552 2645 1606 2671 τῶν
1620 2645 1824 2679 Θεολογοὺντων

1032 2690 1201 2724 ὠνόμασται,
1215 2690 1245 2716 οὐ
1266 2691 1346 2724 μόνον
1363 2690 1402 2724 τῷ
1422 2691 1497 2725 παρὰ
1524 2690 1639 2726 μηδενὸς
1667 2691 1742 2725 ἔχειν
1766 2692 1822 2723 τὰς

1033 2736 1183 2770 εἰρημένας
1201 2736 1331 2771 δυνάμεις
1349 2736 1395 2764 καὶ
1411 2737 1603 2771 γονιμότητας,
1628 2737 1698 2764 ἀλλὰ
1715 2738 1764 2764 καὶ
1777 2729 1823 2773 ’τῷ

1035 2782 1115 2816 μόνον
1130 2782 1204 2817 αὐτῷ
1221 2784 1250 2809 ὲν
1267 2783 1323 2814 τοῖς
1340 2782 1422 2814 θείοις
1434 2779 1506 2809 εἶναι
1523 2782 1569 2809 τὸν
1583 2782 1663 2817 μόνον
1678 2784 1821 2818 παρὲγον-

1032 2835 1078 2853 τα.
1097 2827 1183 2859 Αὐτὸς
1200 2827 1254 2862 γὰρ
1273 2827 1354 2862 μόνος
1367 2827 1440 2854 ἐστὶν
1455 2826 1469 2852 ὸ
1484 2827 1619 2863 παράγων
1631 2828 1691 2859 ταῖς
1706 2828 1823 2863 εἰρημέ-

1035 2880 1093 2904 ναις
1106 2872 1264 2908 δυνάμεσίν,
1285 2872 1322 2904 ὡς
1336 2873 1412 2908 πηγὴ
1425 2872 1472 2899 καὶ
1488 2873 1561 2908 ἀρχὴ
1586 2874 1634 2900 καὶ
1649 2873 1735 2906 αἰτία,
1766 2874 1816 2899 καὶ
