1942 3075
132 173 182 204 991

587 171 636 202 DE
656 168 919 200 PROCESSIONE
935 167 1113 199 SPIRITUS
1133 168 1275 199 SANCTI.

1702 167 1757 199 998

132 228 146 255 ὃ
160 237 187 254 τι
199 226 231 254 ἂν
243 227 315 254 εἴποι
329 235 370 259 τις
383 227 437 254 τῶν
450 226 561 263 ὁμοίων.
580 226 698 261 Φανερδν
719 225 748 252 δὲ
762 225 810 252 καὶ
825 225 866 251 ὅτι
888 225 916 251 αἱ

972 231 1062 257 causa,
1080 229 1108 251 et
1125 223 1259 259 quidquid
1272 222 1347 250 aliud
1365 222 1392 250 in
1405 229 1435 250 re
1447 226 1520 250 tanta
1536 229 1568 250 ac
1579 221 1661 250 simili
1683 221 1760 258 quis'

132 274 277 308 εἰρημέναι
291 273 338 300 δύο
345 273 476 307 δυνάμεις
485 273 502 307 ἠ
513 272 574 298 θεία
584 272 664 298 οὐσία
673 271 782 302 πάντως
792 270 860 303 ἐστὶ,
871 271 918 296 καὶ

131 321 166 348 τὰ
175 321 354 356 ἀποδιδόμενα
362 321 401 356 τῷ
410 321 481 356 Θεῷ,
491 321 554 352 νοῦς
562 329 591 347 τε
603 321 650 347 xui
661 319 801 356 βούλησις.
810 319 880 350 Νοῦς
890 319 918 346 δὲ

133 368 187 402 ἄρα
193 367 239 394 xui
248 367 311 402 βου).
317 376 375 402 qui;
381 368 424 393 τε)
430 376 441 394 ε
446 367 561 402 ιότητες.
569 369 646 393 Δυοῖν
654 367 774 401 δὲρντοιν
784 367 841 392 τοῖν
851 374 885 392 πα
891 373 919 400 ρ-

133 413 278 448 αγομένοιν
288 414 457 448 προσώπων,
467 413 532 439 Υἱοῦ
543 421 571 439 τε
582 413 630 439 καὶ
642 413 714 445 θείου
742 412 901 449 Πνεύμιτος
910 431 918 443 ,

135 459 148 484 ὸ
160 459 210 493 μὲν
219 459 343 494 πρόεισιν
358 460 388 486 ὲκ
400 458 448 486 τοῦ
458 455 609 495 ’Πατρὸς,ᾖ
620 458 726 492 Πατὴρ,
744 457 783 484 διὸ
793 458 841 483 καὶ
851 456 919 488 πρὸς

134 504 214 530 αὑτὸν
229 505 397 540 ἀναφέρεται
422 506 455 540 τῇ
483 504 606 538 υζότηιει⁸
629 503 694 534 Υἱὸς
722 503 778 538 γὰρ
799 502 918 537 Πατρδς,

132 549 228 585 ὥσπερ
241 551 288 576 καὶ
298 551 390 585 Πατὴρ
402 551 415 576 ὁ
425 552 520 586 Πατὴρ
530 549 595 577 Υὶοῦ
606 550 728 584 λέγεται·
738 550 752 575 ὁ
761 548 784 575 δ’
793 547 826 575 αὖ
838 548 920 574 πάλιν

134 596 166 621 ἐκ
182 595 230 622 τοῦ
263 596 344 623 αὐτοῦ
362 596 469 631 Πατρδς
506 595 697 631 ικπορεύεται,
711 595 760 630 οὺχ
813 594 918 629 Πατὴρ,

133 638 218 678 ἁλλ’ᾖ
232 641 382 676 προϐολεὺς
394 641 490 676 δήπου,
513 642 560 668 καὶ
570 641 742 676 προϐάλλων,
762 641 809 667 καὶ
818 640 918 672 πνέων,

135 686 181 714 xui
194 687 244 713 ὅσα
260 686 311 721 τῆς
331 687 428 721 ὁμοίας
455 687 519 714 ὄντα
543 687 674 722 τυγχάνει
699 687 850 722 δυνάμεως.
873 686 921 712 Διὸ

132 732 179 759 καὶ
194 731 262 766 πρὸς
272 731 354 758 αὑτὸν
366 733 397 757 τὺ
407 731 479 758 θετον
489 732 657 766 ἀναφέρεται
671 730 784 765 Πνεῦμα
799 731 832 764 τῇ
854 738 918 765 προσ

132 777 209 812 σολῇ.
225 777 382 812 Προσολέως
402 777 458 812 γὰρ
479 777 627 812 πρόδ),ημα
647 776 769 810 λέγεται,
792 775 920 810 καθάπερ

133 823 180 849 καὶ
192 822 341 857 προῦολεὺς
355 821 389 848 αὖ
401 822 596 857 προϐλήματος
623 821 785 856 προσολεύς,
811 821 919 854 Ὠσπερ

131 867 236 895 οὖντοῦ
255 867 410 902 προὸολέως
425 868 440 894 ὁ
456 868 549 902 Πατὴρ
562 868 766 902 προεπινοεῐται
779 866 851 893 κατὰ
870 866 920 900 μὶν

969 269 1041 303 piam
1056 269 1262 304 excogitaverit,
1277 268 1416 304 producit.
1433 267 1544 296 Clarum
1565 267 1630 295 item
1644 271 1687 295 est
1699 267 1758 296 dic-

970 317 1011 341 tas
1026 314 1093 341 duas
1110 313 1254 341 facultates
1273 313 1394 345 divinam
1418 312 1565 340 essentiam
1586 306 1667 348 planis
1685 320 1758 350 esse,

969 364 996 386 et
1022 367 1082 394 qua:
1107 354 1161 386 Deo
1178 359 1371 386 attribuuntur
1387 359 1544 387 intellectus
1569 362 1597 386 et
1619 359 1758 386 voluntas.

969 404 1128 432 intellectus
1154 406 1245 440 itaque
1272 411 1300 433 et
1316 405 1444 433 voluntas
1472 405 1654 440 perfectiones
1680 409 1755 432 sunt.

969 449 1163 478 Verumtamen
1177 458 1238 478 cum
1253 459 1387 485 personae,
1396 459 1458 486 qius
1482 451 1672 486 producuntur
1686 451 1758 478 bina:

969 497 1033 530 sint,
1050 497 1136 524 Filius
1146 502 1173 524 et
1185 496 1304 532 Spiritus
1319 503 1441 530 sanctus,
1461 497 1506 524 ille
1523 497 1636 532 quidem
1651 495 1758 531 prosilit

951 537 1001 569 ὀι
1021 542 1108 576 Patre,
1125 550 1178 577 qua
1195 543 1277 569 Pater
1297 546 1358 574 est,
1386 543 1503 577 ideoque
1526 541 1561 569 ad
1581 542 1670 576 ipsum
1689 540 1759 568 lilia-

968 589 1044 616 tione
1062 588 1182 616 refertur
1199 596 1207 615 :
1226 588 1312 616 Filius
1325 589 1397 616 enim
1414 588 1503 616 Patris
1518 592 1571 620 est,
1583 587 1762 623 quemadmo-

970 634 1035 660 dum
1056 638 1084 661 et
1099 633 1189 665 Pater.
1206 633 1267 660 Filii
1284 634 1365 661 Pater
1386 629 1500 661 dicitur.
1515 632 1565 660 Hic
1583 640 1650 660 vero
1666 639 1762 660 rursus

969 687 1002 707 ex
1028 679 1124 707 eodem
1144 680 1225 707 Putre
1243 680 1380 713 procedit,
1400 687 1456 706 non
1469 687 1523 714 qua
1545 678 1623 706 Pater
1645 682 1697 712 est,
1713 677 1762 706 sed

971 733 1024 759 qua
1038 726 1198 760 productor,
1214 729 1241 753 et
1256 726 1422 760 producens.
1441 730 1470 753 et
1482 725 1591 761 spirans
1603 744 1612 758 ,
1638 729 1667 753 et
1687 733 1762 760 quae-

971 778 1080 805 cunque
1094 771 1147 798 alia
1157 771 1273 798 similem
1283 771 1440 798 facultatem
1453 772 1623 806 exprimunt.
1632 771 1764 806 Propter-

970 822 1059 850 eaque
1074 815 1107 842 ad
1123 816 1213 850 ipsum
1232 816 1340 844 divinus
1367 817 1485 844 refertur
1507 817 1627 851 Spiritus
1639 816 1764 851 produc-

973 863 1057 888 tione.
1072 861 1249 889 Productoris
1262 862 1336 889 enim
1348 862 1492 896 productio
1505 861 1618 895 dicitur,
1637 860 1719 889 sicuti
1736 865 1765 889 et

133 914 164 940 τὸ
174 913 259 940 ἀΐδιον
277 912 320 946 οὒ,
333 913 391 949 ἅμα
411 914 465 949 γὰρ
489 913 551 940 κατ’
581 914 670 940 ἐκεῖνο
695 912 792 947 Πατήρ
819 919 849 938 τε
870 911 919 938 xui

972 907 1122 943 productor
1138 907 1196 934 vice
1208 915 1289 936 versa
1303 907 1429 943 producti
1442 913 1485 936 est
1493 908 1653 943 productor.
1662 907 1765 940 Quem-

134 956 296 994 προὸολῶς,
314 958 456 990 συναῑδίως
479 957 599 989 τοιοῦτος
615 956 664 990 ὣν,
686 956 757 984 κατὰ
779 956 807 983 δὲ
829 955 859 982 τὸ
874 954 920 981 δύ-

133 1004 230 1031 νασθαι
247 1004 295 1031 καὶ
311 1004 456 1038 προάγειν.
476 1002 612 1039 Πρότερον
631 1003 686 1038 γὰρ
700 1003 746 1030 τὸν
772 1002 835 1029 Υἱδν
847 1011 918 1037 παρ·

131 1050 194 1084 άγει
204 1049 252 1076 τοῦ
266 1049 435 1084 Πνεὺματος,
450 1049 501 1084 ἤδη
514 1049 659 1084 νοούμενος
680 1048 866 1083 ὑφεστηκέναι
885 1049 919 1083 τῇ

132 1096 201 1130 πρὸς
219 1095 265 1122 τὸν
287 1095 351 1122 Υιὺν
365 1095 488 1130 ἰδιότητι,
511 1096 543 1131 τῇ
565 1096 730 1130 πατρότητι·
754 1094 827 1122 οὕτω
848 1095 921 1121 καὶὸ

132 1142 196 1173 Υἱὸς
210 1141 244 1168 αὖ
263 1141 346 1168 πάλιν
369 1143 575 1177 προεπινοεῖται
601 1140 650 1167 τοῦ
677 1140 845 1176 Πνεύματος,
870 1141 919 1176 οὐκ

131 1187 174 1214 δτι
189 1187 239 1222 ὀύχ
259 1188 317 1222 ἅμα
330 1187 457 1222 ἀλλήλοις
471 1188 618 1219 συναῑδίως
634 1186 720 1214 ἐστίν·
732 1186 804 1213 οὕτω
818 1186 872 1221 γὰρ
886 1187 921 1213 τὰ

131 1233 195 1269 τρία
207 1233 342 1268 πρόσωπα
353 1233 415 1268 ἅμα
443 1234 532 1268 πάντη
551 1232 599 1260 καὶ
625 1232 757 1266 ξυναϊδια,
783 1233 831 1258 καὶ
844 1231 921 1258 οὖδα-

135 1279 196 1314 μῶς
209 1278 274 1306 ἄλλο
289 1278 370 1306 ἄλλον
383 1287 416 1313 γε
432 1279 577 1314 πρότερον
603 1278 651 1306 καὶ
665 1278 708 1305 ὅτι
729 1278 760 1304 τὸ
774 1276 920 1312 γεννᾶσθαι

132 1326 268 1361 πρότερον
281 1325 313 1352 ἐκ
332 1324 382 1360 τῆς
393 1324 442 1351 τοῦ
456 1325 599 1360 χρήματος
613 1324 721 1359 φύσεως
732 1323 779 1351 τοῦ
803 1322 922 1358 προϐάλ-

132 1371 239 1403 λεσθαι,
256 1371 344 1398 καὶτὸ
358 1371 455 1405 γιννᾷν
469 1370 517 1397 τοῦ
541 1369 718 1405 προϐάλλειν,
746 1366 788 1401 οἷς
807 1377 921 1404 προεπι-

132 1417 234 1443 νοεῖται
253 1415 348 1451 Πατὴρ
362 1415 409 1442 τοῦ
427 1415 639 1450 προϐάλλοντος.
657 1416 713 1442 Καὶ
727 1415 798 1450 αὕτη
811 1415 921 1445 πάντως

132 1462 207 1488 ἐστὶν
221 1463 238 1496 ἡ
255 1462 311 1488 τῶν
323 1461 404 1488 θείων
427 1461 606 1488 ὑποστάσεων
628 1461 715 1494 τάξις,
744 1461 776 1487 ὲκ
793 1461 843 1495 τῆς
868 1469 922 1495 πη-

133 1507 213 1542 γαίας
228 1506 316 1546 ἀρχῆς
327 1507 376 1533 καὶ
389 1506 459 1542 αὐτὴ
477 1506 626 1541 ἀνίσχουσα
652 1506 700 1532 τοῦ
717 1506 835 1541 Πατρδς,
860 1505 921 1532 καθ’

132 1553 192 1588 ἢνὸ
219 1553 313 1588 Πατὴρ
331 1553 382 1587 μὲν
407 1553 464 1580 τοῖν
476 1552 564 1584 δυοῖν,
588 1553 602 1580 ὸ
629 1551 659 1579 δὲ
681 1552 746 1584 Υἱὸς
770 1550 818 1578 τοῦ
845 1551 918 1578 θείου

133 1598 292 1633 Πνεύματος
304 1597 450 1634 πρότερος·
467 1598 514 1625 xui
532 1597 618 1625 ταῦτα
633 1598 705 1625 κατὰ
730 1597 768 1624 ἰδ’
779 1597 845 1624 αὐτὸ
873 1595 920 1623 νῦν

132 1644 182 1680 τῆς
193 1645 347 1680 ἀῑδιότητος
357 1644 416 1680 ἃμα
442 1645 552 1680 Πατρός
576 1642 613 1671 τε
634 1644 711 1676 ὄντος
728 1643 796 1670 Υῑοῦ
827 1651 857 1669 τε
875 1642 922 1669 καὶ

133 1691 209 1718 θείου
226 1689 398 1726 ιΙνεύματος.

168 1824 200 1852 ε’.
222 1823 302 1850 Ἀλλὰ
313 1823 367 1858 μὴν
382 1823 494 1850 κάκιῖνο
513 1825 568 1854 τοῖς
580 1823 738 1858 εἰρημένοις
763 1821 923 1857 προσθεῖναι

131 1870 249 1903 δίκαιον,
267 1869 498 1904 θεολογικώτατον
512 1868 551 1896 ὃν·
569 1869 611 1896 δτι
635 1869 649 1896 ὁ
665 1868 765 1904 Πατὴρ
790 1870 923 1905 ἑκάτερον

134 1916 187 1942 τῶν
202 1916 281 1942 θείων
302 1915 423 1949 παράγει
450 1913 616 1949 προσώπων,
642 1914 700 1941 ίσον
712 1914 801 1949 ἑαυτῷ
832 1914 922 1949 πάντη

134 1963 242 1993 πάντως
257 1962 302 1988 καὶ
317 1962 410 1997 ὅμοιον
421 1961 481 1992 ταῖς
497 1961 593 1992 αὑταῖς
623 1959 662 1995 τῷ
677 1959 787 1995 ἀριθμῷ
820 1960 920 1986 τελειό-

134 2017 207 2042 τησι.
226 2009 317 2035 Πάντα
329 2008 384 2042 γὰρ
400 2008 450 2034 ὅσα
461 2007 592 2042 πρόσεστι
607 2006 646 2041 τῷ
667 2007 756 2041 [largi
779 2007 844 2033 ἄνευ
869 2015 921 2032 πα-

133 2055 275 2090 τρότητος,
292 2055 339 2080 καὶ
361 2054 468 2088 ὅσαπερ
483 2052 651 2088 ἑφαρμόττει
680 2053 714 2087 τῇ
733 2051 794 2087 θείᾳ
816 2052 920 2086 πατριδι

132 2109 205 2136 τητι,
227 2100 274 2127 xui
293 2100 356 2126 ἄνευ
372 2100 542 2135 πατρότητος
563 2099 621 2134 ἅμα
643 2100 691 2126 καὶ
705 2099 854 2130 πνεύσεως,
875 2099 922 2127 καὶ

132 2148 238 2180 ὅσαπερ
250 2146 344 2176 αὑταῖς
359 2146 457 2176 κοινῶς
470 2146 651 2182 ὲφαρμόττει,
666 2146 745 2172 κοινὰ
758 2146 807 2172 καὶ
818 2146 874 2177 τοῖς
889 2146 922 2171 ἐκ

133 2192 240 2227 Πατρδς
255 2189 349 2218 εἷναιὸ
370 2191 525 2225 Θεολογικδς
544 2191 716 2226 παραδίδωσι
732 2191 823 2225 λόγος.
846 2190 921 2218 Δύτὰ

133 2238 184 2273 μὲν
205 2238 269 2272 γὰρ,
289 2238 349 2272 ἢτοι
379 2237 530 2272 πατρότης,
559 2238 604 2264 xui
623 2237 760 2272 πατρότης
784 2238 842 2271 ἆμα
871 2238 920 2264 καὶ

133 2282 313 2316 πνιῦσις,καὶ
331 2282 437 2317 ὅσαπερ
449 2282 548 2308 ἕπεται
572 2283 605 2317 τῇ
627 2282 791 2318 πατρότητι,
813 2283 860 2308 καὶ
886 2280 919 2308 αὖ

133 2328 216 2355 πάλιν
231 2328 383 2363 πατρότητι
397 2337 426 2354 τε
445 2329 492 2354 καὶ
506 2328 617 2354 πνεύσει
632 2328 739 2363 σχέσεις
758 2329 812 2354 εἰσὶ
829 2327 919 2363 μόνον,

131 2375 162 2400 οὐ
174 2374 355 2408 τελειότητες,
386 2373 481 2409 ὥσπερ
501 2374 549 2401 καὶ
565 2375 582 2408 ἡ
599 2373 702 2408 υἱὸτης,
733 2375 780 2400 καὶ
795 2374 811 2408 ή
835 2372 920 2408 tvm};

133 2413 274 2454 Ιινεὺματι
299 2418 423 2450 πνεῦσι,·
457 2419 498 2446 διὸ
524 2419 733 2454 καὶῚδιότητες
757 2419 855 2451 ταῦτα,
881 2419 921 2445 ἑνὶ

132 2466 208 2500 μόνῳ
217 2465 272 2491 τῶν
285 2465 439 2500 προσώπων
451 2464 569 2492 ἑκάστου
585 2466 734 2500 προσόντος
752 2465 855 2500 ἥκιστα
880 2474 921 2491 κι-

131 2510 265 2546 νουμένου
280 2510 327 2536 καὶ
343 2510 571 2544 μεταπίπτοντος.
596 2510 637 2537 Τὰ
671 2510 700 2538 δὲ
733 2511 809 2546 παρὰ
834 2510 921 2537 ταῦτα

132 2556 223 2582 πάντα
242 2555 276 2582 τὰ.
296 2555 366 2582 αὐτὰ
391 2555 430 2591 τῷ
442 2555 552 2591 ἀριθμῷ
581 2558 659 2584 κοινὰ
685 2558 740 2589 τοῖς
754 2557 856 2591 τρισὶν,
886 2555 920 2583 ἵν’

132 2602 177 2636 εἴη
191 2603 246 2633 τοῖς
258 2602 348 2633 αὐτοῖς
364 2601 421 2633 ῐσος
441 2603 490 2629 καὶ
512 2602 606 2637 ὅμοιος
622 2602 690 2635 Θεὸς
705 2604 719 2629 ὁ
732 2603 797 2634 Υιὺς
811 2602 870 2637 Θεῷ
881 2602 920 2638 τῷ

131 2647 232 2681 Πατρὶ,
248 2648 295 2674 καὶ
311 2647 378 2679 Θεὸς
394 2648 425 2674 τὸ
440 2648 554 2683 Πνεῦμα
574 2648 633 2684 Θεῷ
657 2649 745 2684 Πατρί
761 2657 790 2675 τε
819 2648 920 2683 καὶτῷ

130 2692 199 2727 Υἰῷ·
216 2693 262 2719 καὶ
274 2693 318 2719 διὰ
331 2693 419 2720 ταῦτα
438 2694 504 2726 Θεὸς
520 2693 561 2726 εἷς
575 2694 610 2721 τὰ
622 2695 696 2730 τρία,
720 2697 754 2730 τῇ
780 2695 848 2730 αὺτῇ
873 2695 921 2721 καὶ

132 2738 184 2773 μιᾷ
197 2738 288 2774 οὐσίᾳ,
306 2740 353 2765 καὶ
363 2741 422 2771 ταῖς
434 2741 528 2772 αὑταῖς
555 2741 718 2776 τελειότησι,
745 2741 793 2768 τοῦ
816 2743 919 2777 τρόπου

119 2785 215 2820 ,μόνου
232 2794 290 2816 πως
301 2785 519 2820 ὲναλλὰττοντος,
533 2785 573 2818 οἷς
585 2787 613 2813 ἐν
623 2788 711 2822 Πατρὶ
723 2788 775 2822 μὲν
791 2788 920 2822 πηγαίως

128 2829 228 2863 ταῦτα,
246 2834 292 2857 καὶ
312 2832 446 2866 ἀνάρχως,
470 2834 518 2860 καὶ
540 2834 682 2865 ἀναιτίως,
713 2835 762 2860 καὶ
789 2834 827 2868 μὴ
854 2835 920 2870 παρ’

130 2875 212 2903 ᾶλλου
231 2885 278 2904 του
308 2877 445 2913 διδόμενα,
466 2880 494 2905 ὲν
509 2879 537 2906 δὲ
552 2879 592 2914 τῷ
619 2878 679 2913 Υίῷ
704 2879 752 2906 καὶ
776 2879 918 2916 Πνεῦματι

970 953 1120 981 admodum
1146 953 1240 988 itaque
1266 953 1348 981 Pater
1379 953 1457 989 prius
1487 952 1652 988 intelligitur
1680 960 1762 988 quam

971 999 1132 1034 productor,
1145 1007 1202 1026 non
1218 1001 1370 1027 secundum
1386 999 1578 1033 aeternitatem;
1592 1006 1711 1035 namque
1729 1006 1762 1027 ea

971 1045 1052 1072 simul
1071 1052 1124 1072 una
1147 1049 1213 1073 sunt
1231 1049 1258 1072 et
1281 1046 1362 1073 Pater
1384 1049 1413 1073 et
1429 1045 1601 1078 Productor,
1625 1045 1661 1073 ab
1687 1045 1764 1073 omni

971 1091 1125 1117 aeternitate
1137 1090 1200 1118 talis
1216 1090 1362 1123 exsisteus,
1376 1091 1424 1118 sed
1438 1091 1591 1119 secundum
1604 1089 1763 1118 facultatem

971 1143 999 1166 et
1028 1139 1236 1173 productionem
1255 1146 1265 1172 ;
1282 1138 1360 1174 prius
1391 1137 1465 1165 enim
1490 1137 1591 1165 Filium
1624 1136 1763 1172 producit,

971 1192 1052 1217 quam
1078 1184 1230 1219 Spiritum,
1252 1191 1316 1212 cum
1337 1184 1395 1218 jam
1410 1183 1580 1218 intelligatur
1596 1181 1765 1218 proprietate

972 1229 1005 1256 ad
1032 1229 1152 1262 Filium,
1181 1229 1347 1263 paternitate
1375 1235 1474 1263 nempe
1502 1228 1679 1256 subsisteret
1703 1226 1765 1262 pari

972 1274 1053 1302 modo
1070 1279 1098 1302 et
1115 1274 1201 1302 Filius
1220 1274 1297 1309 prius
1321 1273 1503 1309 intelligitur.
1527 1281 1610 1308 quam
1633 1273 1764 1308 Spiritus.

972 1328 1027 1347 non
1048 1320 1122 1355 quod
1145 1328 1198 1347 una
1217 1320 1301 1348 simul
1322 1327 1377 1347 non
1394 1319 1451 1347 sint
1466 1319 1562 1347 eadem
1585 1320 1739 1347 mternitate
1755 1326 1765 1346 :

971 1368 1012 1394 sic
1040 1367 1114 1394 enim
1139 1371 1194 1394 tres
1214 1373 1337 1401 persona:
1357 1365 1440 1393 simul
1463 1365 1551 1393 modis
1572 1365 1719 1397 omnibus,
1738 1368 1767 1391 et

972 1412 1128 1443 :eviterme.
1152 1415 1181 1438 et
1203 1411 1362 1442 nullatenus
1386 1409 1438 1437 alia
1461 1409 1514 1438 alia
1534 1409 1690 1447 prmedit:
1714 1408 1765 1438 sed

973 1457 1046 1492 quod
1064 1458 1189 1493 generari
1207 1457 1285 1492 prius
1298 1456 1335 1484 sit
1345 1456 1405 1491 ipsa
1421 1460 1531 1488 natura,
1545 1463 1627 1491 quam
1636 1455 1764 1491 produci,

972 1507 1001 1530 ut
1014 1509 1157 1537 generare,
1172 1509 1256 1536 quam
1273 1501 1437 1536 producere,
1454 1501 1555 1536 quibus
1570 1501 1647 1536 prius
1663 1501 1767 1529 intelli-

973 1548 1047 1582 gitur
1070 1547 1169 1579 Pater,
1185 1555 1266 1582 quam
1288 1547 1457 1582 produeeus.
1476 1547 1509 1576 Et
1533 1547 1579 1575 hic
1595 1552 1638 1576 est
1658 1547 1768 1575 divina-

974 1601 1033 1621 rum
1069 1596 1251 1628 hyposlaseon
1277 1593 1346 1620 ordo
1369 1600 1404 1620 ex
1433 1593 1600 1628 primigenio
1627 1594 1766 1630 principio

972 1638 1054 1667 Patre
1070 1646 1216 1673 aSsurgens
1234 1645 1290 1673 quo
1303 1639 1385 1666 Pater
1401 1643 1519 1674 utraque
1537 1647 1667 1674 persona,
1680 1640 1766 1668 Filius

973 1693 1039 1712 vero
1063 1685 1168 1719 Spiritu
1191 1689 1287 1711 sancto
1303 1684 1426 1711 anterior
1440 1689 1482 1712 est
1502 1693 1509 1712 :
1529 1684 1592 1712 licet
1613 1685 1766 1713 secundum

973 1731 1046 1758 idem
1059 1734 1227 1757 momentum
1243 1730 1404 1756 azternitatis
1435 1729 1527 1763 Peter,
1547 1728 1634 1758 Filius
1654 1736 1682 1758 et
1705 1730 1766 1766 Spi-

974 1776 1043 1803 ritus
1056 1780 1167 1803 sauctus
1181 1784 1234 1803 una
1247 1776 1329 1803 simul
1344 1776 1409 1804 sint.
1547 1781 1549 1786 ‘

1009 1822 1036 1849 5.
1059 1822 1127 1848 Illud
1142 1829 1253 1857 quoque
1269 1824 1325 1857 jam
1342 1822 1424 1850 dictis
1441 1823 1542 1858 apponi
1557 1829 1611 1850 non
1630 1822 1765 1852 absonum

972 1868 1068 1901 fuerit,
1082 1876 1115 1895 ex
1134 1868 1236 1895 intimis
1253 1868 1396 1904 theologia:
1409 1868 1519 1897 areanis
1534 1869 1650 1904 petitum
1665 1870 1766 1898 :Pater

973 1920 1008 1940 ex
1026 1912 1125 1940 divinis
1143 1913 1268 1948 personis
1285 1918 1431 1948 utramque
1449 1914 1615 1949 sibimetipsi
1631 1915 1765 1950 aequalem

970 1967 1023 1994 per
1044 1959 1137 1986 omnia
1160 1964 1189 1986 et
1212 1959 1331 1986 similem
1349 1960 1455 1988 iisdem
1482 1967 1598 1989 numero
1616 1961 1766 1996 perfectio—

974 2005 1058 2032 nibus
1085 2005 1221 2041 producit.
1241 2005 1418 2041 Quaecunque
1442 2008 1516 2035 enim
1547 2007 1644 2036 insunt
1669 2007 1741 2036 Patri
1756 2028 1765 2041 ,

973 2057 1088 2087 excepta
1105 2060 1158 2079 una
1175 2052 1356 2087 paternitate,
1378 2058 1406 2081 et
1422 2053 1456 2080 iis
1471 2061 1533 2089 qua:
1549 2054 1649 2081 divinat
1671 2059 1764 2090 pater-

973 2098 1053 2126 nitati
1083 2099 1258 2125 accommoda
1294 2103 1376 2132 sunt,
1396 2104 1566 2135 exceptoque
1599 2101 1766 2135 paternitato

973 2149 1002 2172 et
1032 2143 1180 2179 spiratione
1194 2164 1202 2176 ,
1225 2149 1253 2171 et
1272 2152 1333 2179 qua:
1365 2144 1420 2172 illis
1448 2145 1623 2180 adaptantur,
1641 2153 1765 2174 currimu-

974 2191 1020 2219 nia
1039 2191 1073 2219 iis
1099 2198 1219 2225 quoque.
1249 2191 1296 2226 qui
1323 2198 1357 2218 ex
1379 2191 1460 2219 Patre
1480 2197 1554 2225 sunt,
1572 2183 1782 2227 theologorum.

975 2237 1113 2266 sententia
1131 2237 1208 2265 facit.
1228 2237 1276 2264 Illa
1297 2237 1432 2272 siquidem
1445 2257 1452 2270 ,
1478 2239 1629 2273 paternitas
1652 2247 1762 2274 nempe,

974 2289 1001 2312 et
1012 2284 1161 2319 palernitas
1183 2284 1265 2310 simul
1277 2287 1305 2310 et
1315 2283 1440 2318 spiratio,
1455 2288 1483 2312 et
1496 2291 1557 2319 quin
1570 2285 1762 2320 paternitatem

973 2335 1201 2366 consequuntur,
1223 2331 1344 2365 itemque
1371 2333 1567 2366 paternitatem
1588 2337 1617 2359 et
1633 2333 1762 2364 spiratio-

973 2385 1035 2405 nem
1052 2397 1059 2409 .
1078 2377 1225 2405 relationes
1249 2377 1439 2407 tantummodo
1460 2382 1546 2411 sunt,
1574 2385 1629 2406 non
1655 2379 1762 2414 perfec-

974 2423 1074 2455 tiones,
1090 2422 1321 2457 quemndmodum
1336 2426 1364 2449 et
1378 2422 1484 2454 liliatio.
1497 2427 1537 2455 et,
1548 2431 1608 2458 qua:
1617 2423 1646 2450 in
1656 2423 1760 2458 Spiritu

972 2473 1025 2500 est,
1042 2468 1157 2503 spiratio
1173 2477 1180 2494 :
1197 2473 1398 2503 proptereaque
1415 2468 1613 2503 proprietates,
1640 2469 1687 2496 uni
1709 2469 1760 2496 soli

972 2522 1095 2549 personae
1121 2514 1279 2549 singulatim
1308 2514 1494 2547 inhaerentes,
1519 2515 1650 2549 nulloque
1680 2515 1762 2542 modo

972 2567 1032 2587 sese
1048 2564 1198 2591 moventes,
1212 2564 1259 2586 aut
1269 2559 1297 2586 in
1313 2559 1393 2586 nliam
1405 2560 1570 2588 recidentes.
1581 2560 1681 2588 Prwter
1693 2560 1761 2592 haec,

973 2605 1102 2632 universa
1120 2604 1224 2639 reliqua
1238 2604 1335 2631 eadem
1352 2612 1469 2632 numero
1485 2605 1574 2633 tribus
1587 2605 1664 2641 juxta
1685 2612 1760 2632 com-

973 2651 1066 2678 munia
1082 2654 1156 2682 sunt,
1170 2655 1201 2678 ut
1216 2650 1313 2677 iisdem
1329 2651 1442 2685 aequalis
1451 2651 1585 2678 etsimilis
1593 2650 1663 2678 Deus
1674 2650 1761 2679 Filius

973 2698 1009 2725 sit
1036 2697 1092 2724 Deo
1115 2696 1200 2729 Patri,
1217 2701 1245 2724 et
1259 2697 1331 2724 Deus
1346 2697 1464 2731 Spiritus
1477 2697 1533 2724 Deo
1546 2696 1629 2728 Patri,
1651 2697 1762 2732 Deoque

973 2744 1042 2771 Filio
1054 2751 1061 2777 ;
1071 2747 1271 2778 proptereaque
1281 2743 1332 2769 tria
1345 2743 1403 2769 haec
1412 2743 1484 2769 Deus
1495 2749 1576 2775 unus,
1591 2749 1643 2769 una
1652 2742 1764 2770 eadem-

972 2797 1026 2824 que
1048 2788 1166 2816 essentia
1185 2788 1336 2823 iisdcmque
1359 2787 1576 2823 perfectionibus
1597 2787 1679 2815 modo
1702 2791 1764 2815 tan-

974 2835 1115 2862 tummodo
1136 2834 1214 2860 vurio
1239 2834 1405 2868 diversoque
1417 2853 1424 2865 ,
1445 2840 1500 2868 quo
1514 2833 1542 2860 in
1557 2833 1637 2861 Patre
1651 2832 1763 2868 quidem

973 2880 1030 2908 lucc
1043 2885 1171 2915 tanquam
1184 2879 1212 2907 in
1222 2879 1308 2914 fonte,
1322 2884 1349 2907 et
1360 2879 1464 2916 absque
1478 2879 1614 2916 principio
1624 2884 1653 2909 et
1668 2887 1763 2918 causa,
