1942 3075
175 149 234 184 909

755 147 922 179 ἸΟΑΝΝΙΞ
941 146 1192 178 ARGYROPULI

1739 144 1808 178 1000

179 213 231 233 nec
254 205 288 233 ab
304 205 357 232 alio
377 204 498 232 exhibita
513 203 618 239 insunt,
635 206 662 233 in
685 205 755 234 Filio
779 214 844 234 vero
859 210 887 233 et
901 204 962 239 Spi-

1020 204 1080 238 παρ¹
1096 203 1178 231 ἄλλου
1194 211 1240 230 του
1257 202 1384 239 διδόμενα
1402 203 1449 230 τοῦ
1468 202 1576 238 Πατρδς
1597 202 1648 229 οὐκ
1670 201 1807 237 ἀνάρχως,

179 251 244 284 ritu,
262 251 297 278 ab
309 251 363 278 alio
376 250 511 283 exhibita,
532 250 613 279 Patre
629 251 780 285 duntaxat,
802 259 855 278 non
880 249 964 277 veluti

178 296 206 323 in
216 296 302 328 fonte,
317 303 368 323 nec
383 295 485 330 absque
497 296 630 330 principio
642 300 669 324 et
681 304 774 324 causa.
789 295 869 324 Solus
882 294 967 329 siqui-

177 341 238 369 dem
255 341 316 369 fons
341 341 613 376 supersubstautialis
642 342 801 370 divinitatis
819 342 899 368 Pater
913 344 966 372 est,

176 390 205 413 et
217 385 292 413 solu‘s
303 386 360 421 ipse
377 381 471 417 causa.
486 390 513 413 et
528 391 665 419 causator,
682 387 756 421 quod
771 391 798 413 et
812 386 966 412 solus‘sine

177 439 259 459 rausa
274 436 301 459 et
316 432 375 460 sine
390 431 582 466 principiorest
601 440 608 459 :
628 440 718 468 neque
734 432 808 459 enim
822 439 854 458 ex
875 430 967 465 aliquo

177 477 237 512 ipse
252 482 305 510 cst,
330 482 360 505 ut
375 477 578 513 quodammodo
593 482 620 505 et
635 478 693 513 ipse
710 477 861 512 productus
880 477 926 508 sit,
940 480 969 503 et

177 530 238 558 qua:
254 523 281 549 in
294 523 352 557 ipso
366 528 431 551 sunt
443 523 477 550 ab
495 523 548 550 alio
560 523 702 558 quopiam,
718 528 810 550 etnon
823 522 968 556 sim-prin-

176 568 262 603 cipio,
279 575 306 596 ct
321 574 449 604 tanquam
467 569 494 596 in
508 569 595 596 fonte.
612 569 754 604 Siquidem
771 569 828 603 ipse
843 568 918 595 solus
927 571 969 595 est

179 615 240 642 Filii
259 621 287 642 et
309 614 428 649 Spiritus
448 614 614 650 principium
639 615 743 649 absque
770 613 926 648 principio,
941 616 966 640 el

177 661 282 696 absque
299 669 396 697 causa,
415 665 444 689 ut
459 661 631 688 dicebamus.

212 727 240 756 0.
262 729 422 757 Producens
446 728 530 763 igitur
554 728 634 756 Pater
655 727 753 755 Filium
784 727 969 754 communicat

1016 249 1047 276 οὐ
1059 250 1193 284 πηγαίως,
1207 249 1261 277 οὐδ’
1272 249 1410 281 ἀναιτίως.
1421 250 1496 285 Μόνη
1506 250 1562 284 γὰρ
1574 249 1649 284 πηγὴ
1662 248 1711 284 τῆς
1722 248 1809 286 ᾧπερ-

1017 295 1108 322 ουσίου
1133 295 1261 330 θεότητος
1273 296 1286 321 6
1300 295 1405 331 Πατὴρ,
1420 295 1469 322 καὶ
1482 295 1564 330 μόνος
1582 294 1663 326 αὐτὸς
1674 294 1748 320 αἰτία
1761 293 1809 320 καὶ

1017 342 1111 373 αἴτιος,
1127 342 1167 368 ὅτι
1181 342 1228 368 καὶ
1249 342 1329 376 μόνος
1345 341 1464 373 ἀναίτιος
1479 350 1509 368 τε
1527 343 1575 368 καὶ
1591 341 1723 376 ἄναρχος.
1739 340 1809 367 Οὐδὲ

1018 387 1071 421 γὰρ
1085 386 1116 412 ἔκ
1127 395 1198 419 τινος
1212 388 1257 413 καὶ
1268 387 1361 419 αὐτὸς,
1379 387 1413 414 ἵν’
1431 387 1474 421 εἴη
1488 386 1537 418 καὶ
1551 386 1634 417 αὑτός
1649 394 1707 417 πως
1720 385 1810 413 αἰτια-

1018 433 1074 465 τὺν,
1091 433 1138 459 καὶ
1157 433 1191 459 τὰ
1205 433 1436 468 αὐτῷ’προσόντα
1455 433 1522 466 παρ’
1538 431 1619 459 ἄλλου
1629 439 1676 458 του
1699 431 1746 457 καὶ
1769 429 1808 465 μὴ

1018 478 1157 514 ἀνάρχως,
1173 479 1241 514 μηδὲ
1261 479 1396 514 πηγαίως.
1409 479 1494 510 Αὐτὸς
1509 478 1564 513 γὰρ
1582 478 1664 512 μόνος
1678 477 1744 503 Υίοῦ
1760 476 1809 503 καὶ

1020 513 1180 559 Πνεύμαχτος
1196 525 1269 561 ἁρχὴ
1302 525 1420 563 ἅναρχος
1446 524 1494 552 καὶ
1523 524 1656 557 ἀναίτιος,
1679 523 1718 555 ὡς
1747 522 1807 548 ἑλέ-

1019 578 1115 604 γομεν.

1056 728 1241 764 ς’.Παράγων
1253 729 1342 756 τοίνυν
1366 729 1380 755 ὁ
1403 727 1498 763 Πατὴρ
1527 727 1573 754 τὸν
1598 727 1672 761 Υίδν,
1697 726 1810 753 δίδωσιν

177 774 230 809 ipsi
248 774 369 801 divinam
395 774 541 802 essentiam
554 793 561 804 ,
576 773 752 807 reliquasque
773 779 869 799 omnes
895 772 968 799 illius

1020 774 1094 809 αὑτῷ
1108 774 1157 808 τὴν
1181 775 1257 801 θείαν
1271 775 1377 808 οὐσίαν,
1392 776 1440 802 καὶ
1454 775 1570 809 ὅσαιπερ
1600 773 1685 808 αὐτῆς
1704 772 1809 799 τελειό-

177 820 379 855 perfectiones.
395 820 434 847 uti
461 824 490 846 et
513 820 698 854 generativam
727 823 755 846 et
775 818 967 853 productivam

1020 829 1114 855 τητες,
1130 820 1201 847 ὥστε
1216 822 1263 847 καὶ
1292 822 1341 857 τὴν
1362 821 1526 855 γεννητικὴν
1554 820 1601 846 καὶ
1618 818 1810 854 προὸλητιχὴν

177 867 260 894 simul
275 865 442 893 facultatem.
455 865 523 892 Cum
539 865 613 892 enim
631 864 756 899 ejusdem
769 864 895 891 essentia:
906 871 965 898 per-

1022 867 1080 902 ἆμα
1099 867 1224 901 δύναμιν.
1243 866 1298 901 Τῆς
1312 867 1366 902 γὰρ
1387 867 1473 901 αὐτῆς
1491 865 1585 896 οὐσίας
1613 865 1647 891 τὰ
1673 864 1810 899 πρόσωπα

178 920 253 941 nonae
267 913 341 945 sint,
357 912 466 940 easdem
482 919 591 946 queque
613 911 754 946 possident
774 910 966 945 perfectiones,

177 962 209 986 ut
223 959 441 986 demonstratum
460 962 512 990 est,
527 961 555 985 et
566 957 724 984 intellectus
744 957 856 991 quidem
879 960 906 983 et
920 963 968 983 vo-

176 1003 270 1031 luntas
290 1002 475 1037 perfectiones
498 1006 573 1030 sunt.
591 1001 659 1029 Cum
676 1001 798 1035 alioquin
819 1000 882 1035 quis
913 1007 967 1027 non

177 1050 254 1077 novit
267 1050 437 1077 intellectum
450 1053 479 1076 et
494 1049 663 1076 voluntatem
677 1047 771 1074 eadem
786 1055 898 1082 prorsus
910 1054 968 1074 om-

177 1096 260 1130 nique
273 1103 305 1122 ex
323 1098 399 1129 parte
411 1094 436 1121 in
446 1095 536 1126 Patre,
549 1098 576 1120 et
590 1093 671 1126 Filio,
684 1097 711 1120 et
721 1092 823 1127 Spiritu
833 1092 844 1118 ?
853 1092 968 1124 Verum-

177 1147 270 1168 tamen
285 1149 346 1169 eum
366 1140 452 1168 Filius
471 1139 679 1175 producebatur
696 1146 710 1166 a
728 1138 818 1169 Patre,
833 1143 862 1164 ut
872 1137 966 1169 Patre,

177 1195 232 1215 non
247 1186 409 1222 intelligitur
425 1185 544 1221 Spiritus
564 1189 675 1212 sanctus
704 1191 736 1211 ex
757 1184 839 1210 Patre
855 1187 883 1210 ut
906 1190 970 1217 pro-

178 1234 295 1261 ducente
313 1231 439 1268 produci.
461 1230 685 1265 Praeiutetligitur
699 1229 772 1257 enim
797 1228 892 1260 Pater,
915 1236 968 1263 qua

177 1279 261 1308 Pater
279 1277 455 1314 producenti,
477 1284 530 1312 qua
553 1276 710 1311 producens
727 1279 788 1306 est,
808 1279 838 1301 ut
854 1274 967 1302 diceba-

179 1334 236 1356 tur.
251 1329 336 1356 Aliter
352 1326 534 1362 paternitate.
550 1332 611 1360 qua:
626 1328 669 1352 est
685 1323 746 1350 ‘una
764 1330 798 1350 ex
815 1324 967 1358 proprieta-

179 1375 270 1406 tibus,
285 1374 439 1401 sustinente
461 1375 601 1406 paternam
631 1369 818 1405 liypostasim,
835 1369 919 1396 veluti
941 1374 968 1396 et

178 1420 277 1448 Filium
300 1419 405 1450 filiatio.
425 1423 452 1445 et
466 1417 598 1452 Spiritum
614 1415 768 1451 productio,
791 1423 846 1442 non
873 1415 967 1449 utique

178 1466 261 1494 simul
279 1465 363 1492 fuerit
379 1464 541 1499 paternitas,
556 1466 594 1495 et,
609 1470 668 1496 qua:
686 1462 713 1489 in
731 1462 812 1489 Patre
827 1465 885 1493 est,
901 1469 965 1495 pro-

178 1512 283 1540 ductio.
299 1510 529 1545 Praeintelligetur
544 1509 678 1543 siquidem
693 1509 842 1543 paternitas
862 1515 922 1542 quce
939 1508 966 1534 in

178 1561 260 1589 Patre
276 1564 328 1592 est,
346 1563 372 1586 et
389 1559 460 1585 idem
477 1557 530 1584 erit
544 1557 646 1588 dicere,
661 1556 756 1583 activa:
779 1555 963 1590 productioni.
980 1545 1001 1574 (ἶ

178 1606 270 1639 Quare
283 1609 311 1633 et
325 1605 421 1636 Filius,
440 1611 501 1631 eum
519 1603 599 1630 Pater
617 1607 647 1629 ut
669 1603 822 1637 producens
837 1601 968 1635 producit

178 1652 310 1688 Spiritum
329 1655 466 1682 sanctum,
484 1649 610 1676 eamdem
627 1649 768 1683 possidens
789 1639 898 1676 al‘atre
920 1655 967 1681 per

178 1698 384 1734 generationem
402 1696 571 1728 facultatem,
588 1694 775 1729 productivam
790 1702 898 1728 nellipe,
914 1701 966 1720 una

178 1751 239 1771 cum
266 1743 346 1770 Patre
373 1741 540 1776 intelligetur
571 1741 597 1766 in
626 1739 747 1774 Spiritus
769 1739 964 1774 processione,

179 1798 239 1824 qua:
253 1796 306 1815 una
322 1787 405 1815 fuerit
426 1794 458 1814 ex
478 1787 557 1813 Patre
573 1793 622 1820 per
646 1785 745 1812 Filium
758 1805 765 1818 ,
785 1793 837 1811 una
862 1785 967 1811 scilicet

178 1833 325 1870 principio,
343 1837 370 1859 et
385 1839 439 1859 una
457 1832 600 1863 facultate,
622 1838 682 1865 quae
699 1830 725 1856 in
743 1830 821 1856 l‘atre
844 1835 871 1856 et
898 1829 967 1856 Filio

178 1884 238 1910 est,
256 1879 283 1905 in
309 1878 356 1904 illo
371 1876 455 1904 veluti
478 1877 505 1903 ir.
529 1875 623 1908 fonte,
644 1880 672 1902 et
694 1875 796 1909 absque
821 1875 966 1908 principio,

179 1933 230 1953 nec
245 1925 279 1952 al)
296 1925 350 1952 alio
364 1923 474 1956 tradita;
492 1923 519 1949 in
541 1922 610 1950 Filio
623 1929 688 1955 vero
705 1926 832 1956 tauquam
847 1929 878 1947 ex
894 1929 967 1955 prin—

179 1972 252 2007 cipio
272 1972 329 1999 sine
345 1970 494 2006 principio,
509 1974 537 1996 et
553 1968 628 1996 fonte
639 1987 645 1999 .
667 1974 696 1995 et
712 1975 793 1995 causa
815 1975 863 2002 per
885 1975 966 2001 gene-

181 2020 313 2046 rationem
334 2017 472 2049 exhibita,
489 2024 522 2044 ex
548 2024 602 2050 qua
624 2015 704 2042 ambo
729 2015 858 2050 exsiliunt
881 2014 966 2042 Filius

179 2069 207 2092 et
232 2065 350 2099 Spiritus
378 2068 498 2090 sanctus.
528 2063 701 2097 Quapropter
717 2048 838 2096 Spiritus
855 2067 967 2089 sanctus

177 2111 239 2146 jure
257 2110 355 2137 merito
371 2117 403 2136 ex
422 2110 501 2136 Patre
517 2116 567 2143 per
579 2109 676 2135 Filium
690 2108 839 2143 procedere
854 2108 966 2140 dicitur,

169 2156 334 2191 indubitata
352 2163 383 2182 ac
405 2155 478 2182 clara
495 2155 683 2188 theologorum
705 2154 853 2181 sententia.
875 2155 967 2191 Neipie

1019 913 1068 938 καὶ
1081 912 1132 943 τὰς
1145 912 1231 943 αὑτὰς
1247 912 1304 946 ἔχει
1317 911 1454 952 δῂπουοεν
1479 910 1664 945 τελειότητας,
1684 909 1727 952 ,ὡς
1751 908 1809 934 ἑδέ-

1019 958 1117 985 δεικτο·
1135 957 1185 984 καὶ
1194 958 1255 988 νοῦς
1267 958 1295 984 δὲ
1311 949 1357 984 κάι
1372 952 1499 991 βούλῆσις
1511 949 1692 990 τελειότητεςξ
1704 954 1811 986 ’Ἄλλως

1019 1013 1050 1031 τε
1060 1004 1102 1035 τίς
1115 1003 1165 1031 οὐκ
1182 1002 1237 1030 οἶδε
1253 1003 1315 1030 νοῦν
1329 1012 1358 1030 τε
1379 1003 1427 1030 καὶ
1442 1003 1572 1038 βούλησιν
1588 1003 1622 1029 τὰ
1637 1001 1706 1028 αὐτὰ
1718 1001 1810 1036 πάντη

1019 1050 1130 1081 πάντως
1144 1052 1172 1076 ὲν
1186 1050 1273 1084 Πατρὶ
1288 1050 1336 1076 καὶ¹
1349 1049 1406 1085 Υἰῷ
1422 1049 1469 1076 καὶ
1497 1049 1536 1084 τῷ
1553 1049 1711 1081 Πνεύμιτι;
1728 1047 1812 1074 Ἀλλὰ.

1020 1095 1074 1130 μὴν
1089 1094 1127 1121 60'
1140 1095 1153 1121 6
1170 1095 1235 1126 Υίὺς
1252 1095 1396 1130 παρήγετο
1410 1095 1442 1121 ὲκ
1457 1094 1565 1129 Harpe;
1580 1094 1618 1126 ὡς
1645 1094 1763 1128 Πατρὺς,
1777 1093 1811 1119 οὐ

1019 1142 1121 1168 νοεῖται
1136 1141 1164 1167 τὸ
1175 1141 1252 1175 ἅγιον
1269 1141 1382 1176 Πνεῦμα
1406 1142 1438 1167 ὲκ
1461 1140 1508 1167 τοῦ
1523 1140 1630 1175 Πατρός
1648 1140 1686 1170 ὡς
1709 1139 1812 1174 προδο-

1019 1188 1089 1220 λέως
1105 1187 1289 1223 παράγεσθαι,
1307 1187 1516 1221 Προεπινοεῖται
1542 1187 1599 1221 γὰρ
1624 1187 1638 1212 ὁ
1666 1185 1762 1220 Πατὴρ

1020 1234 1125 1270 Ποιιτὴρ1
1136 1234 1184 1260 τοῦ
1195 1230 1375 1270 προϐοὶὲως
1389 1232 1550 1268 προσολεὺς,
1564 1231 1602 1264 ὡς
1610 1231 1731 1266 ἐλέγετο.
1744 1230 1812 1257 Ἂλς

1019 1279 1073 1311 λως
1089 1287 1118 1305 τε
1134 1279 1180 1306 καὶ
1197 1279 1246 1310 τῆς
1262 1279 1433 1314 πατρότητος
1462 1278 1634 1312 ὑφεστώσης,
1652 1277 1718 1312 μιᾶς
1744 1276 1811 1303 ιδιό-

1018 1333 1100 1359 τητος
1112 1324 1207 1358 οῡσης,
1219 1324 1268 1358 τὴν
1287 1323 1426 1359 πατρικὴν
1443 1324 1606 1355 ὑπόστασιν,
1620 1323 1747 1357 καθάπερ
1762 1323 1813 1350 καὶ

1019 1371 1064 1397 τὸν
1086 1371 1150 1397 Υῐὺν
1175 1372 1192 1405 ἡ
1207 1370 1308 1404 υίότης,
1329 1369 1420 1396 καὶτὸ
1449 1369 1588 1405 Πνεῦμαὴ
1615 1369 1746 1404 προϐολὴ,
1761 1370 1810 1396 οὐκ

1018 1417 1051 1444 ἃν
1065 1417 1123 1452 ἅμα
1138 1417 1180 1452 εἴη
1197 1417 1346 1451 πατρίτης,
1366 1416 1414 1443 καὶ
1435 1417 1451 1450 ὴ
1466 1417 1494 1442 ὲν
1506 1416 1545 1451 τῷ
1565 1416 1653 1450 [ια-τρὶ
1675 1416 1812 1451 προϐολή.

1020 1462 1291 1497 Προεπινοηοήςεται
1319 1463 1374 1497 γὰρ
1403 1464 1545 1497 πατρότης
1580 1463 1631 1496 τῆς
1659 1461 1688 1488 ὲν
1709 1463 1810 1497 Πατρὶ,

1018 1508 1117 1535 ταυτδν
1133 1509 1161 1535 δὲ
1175 1510 1272 1540 είπεῖν,
1289 1508 1338 1543 τῆς
1352 1508 1534 1544 ὲνεργητικῆς
1544 1508 1695 1543 προϐολῆς,
1704 1508 1813 1536 Οὐκοῦν

1020 1555 1066 1582 καὶ
1081 1557 1094 1581 6
1108 1555 1181 1586 Υἱὸς,
1195 1555 1233 1581 ὄο¹
1249 1556 1262 1581 6
1281 1554 1374 1589 Πατὴρ
1409 1555 1448 1585 ὠς
1470 1555 1630 1590 προσολεὺςι
1648 1555 1768 1589 παράγει
1782 1555 1815 1582 τὸ

1021 1601 1132 1635 Πνεῦμα
1144 1603 1173 1627 τὺ
1186 1601 1274 1635 ἅγιον,
1298 1601 1349 1636 τὴν
1364 1601 1449 1636 αὐτὴν
1466 1601 1536 1637 ἔχων
1550 1603 1626 1638 παρὰ
1638 1602 1686 1629 τοῦ
1703 1603 1817 1636 Harpe;

1018 1649 1061 1674 ἰιὰ
1078 1649 1232 1683 γεννήσεως
1244 1648 1371 1682 δύναμιν,
1403 1649 1454 1682 τὴν
1484 1649 1672 1684 προσλητ;κὴν
1697 1650 1812 1685 δηλαδὴ,

1020 1693 1280 1728 ξυνεπινοηθήσεται
1294 1693 1333 1728 τῷ
1350 1694 1438 1729 Πατρὶ
1455 1694 1523 1727 πρὸς
1535 1694 1585 1728 τὴν
1616 1694 1664 1721 τοῦ
1683 1694 1811 1730 Πνεῦμα-

1019 1748 1063 1769 τος
1082 1739 1206 1774 πρόοδον,
1225 1739 1291 1773 μίαν
1306 1739 1390 1766 οὖσαν
1417 1740 1448 1766 ὲκ
1474 1740 1581 1775 Πατρδς
1605 1740 1639 1766 δι’
1653 1740 1729 1773 Υἰοῦ,
1762 1743 1813 1776 μιᾷ

1018 1785 1118 1820 δηλαδὴ
1134 1786 1250 1820 δυνάμει
1265 1794 1294 1811 τε
1315 1786 1362 1812 καὶ
1378 1786 1461 1821 ἀρχῇ,
1480 1787 1513 1821 τῇ
1531 1787 1560 1812 ὲν
1573 1787 1659 1822 Πατρὶ
1677 1786 1725 1813 καὶ
1742 1787 1813 1822 Υίῴ,

1020 1834 1047 1858 ὲν
1062 1833 1112 1866 μὲν
1130 1833 1228 1867 ἐκείνῳ
1248 1832 1372 1866 πηγαίως
1386 1832 1470 1867 οῦσης
1499 1833 1546 1859 καὶ
1561 1833 1689 1868 ἀνάρχως
1708 1833 1757 1860 καὶ
1773 1836 1813 1870 μὴ

1019 1877 1084 1912 παρ’
1095 1878 1187 1911 ἄλλον,
1201 1879 1230 1904 ἐν
1245 1877 1274 1904 δὲ
1292 1877 1330 1912 τῷ
1344 1876 1401 1912 Υέᾦ
1413 1878 1538 1914 διδομένη
1550 1877 1593 1905 διὰ
1611 1880 1766 1914 γεννήσεως
1779 1881 1814 1907 ἐκ
1863 1897 1866 1901 -

1019 1923 1134 1959 Πατρὺς,
1157 1925 1194 1955 ὡς
1215 1925 1244 1956 ἐξ
1262 1925 1350 1960 ἀρχῆς
1365 1925 1485 1960 ἁνάρχου
1501 1927 1548 1952 καὶ
1575 1927 1669 1961 πηγῆς
1700 1927 1749 1953 καὶ
1767 1928 1813 1954 al—

1018 1970 1089 2001 τίας,
1103 1970 1130 2002 ἐξ
1145 1967 1178 2004 ἧς
1201 1970 1324 2005 ἑκάτερα
1345 1971 1472 2006 πρόεισιν
1505 1972 1568 2003 rw.-
1583 1981 1612 1998 τε
1634 1974 1680 1999 καὶ
1697 1973 1813 2008 Πνεῦμα

1018 2015 1107 2050 ἅγιον.
1127 2015 1209 2042 Ὥστε
1232 2017 1262 2042 τὸ
1279 2016 1392 2051 Πνεῦμα
1408 2017 1436 2043 τὸ
1448 2017 1525 2051 ἆγιον
1537 2018 1647 2049 εἰκότως
1657 2019 1690 2045 ὲκ
1704 2020 1814 2055 Πατρὸς

1019 2062 1220 2096 ἐκπορεύεσθαι
1236 2062 1345 2096 λέγεται
1367 2063 1400 2089 δι’
1413 2064 1491 2097 Υίοῦ,
1509 2065 1580 2091 κατὰ
1594 2065 1643 2100 τὴν
1660 2066 1815 2100 ξυνεπτυγ-

1022 2111 1105 2143 μένην
1120 2109 1271 2143 ο;ολογὶαν.
1284 2109 1353 2136 Οὐδὲ
1365 2110 1419 2145 γὰρ
1435 2112 1466 2137 ἐκ
1480 2112 1562 2146 μόνου
1577 2112 1694 2147 Πατρὸς,
1711 2113 1754 2139 ἵνα
1775 2115 1815 2149 μὴ

1019 2154 1158 2189 νομίζοιτο
1181 2155 1194 2180 ὁ
1225 2155 1288 2186 Υἱὸς
1314 2155 1388 2190 αὑτῷ
1414 2157 1552 2191 ἀνόμοιος,
1583 2157 1621 2192 μὴ
1647 2159 1697 2189 τὰς
1727 2159 1816 2192 αὑτὰς

180 2204 253 2229 enim
268 2209 301 2229 ex
313 2201 371 2228 solo
383 2201 476 2231 Patre,
490 2207 524 2226 ne
540 2199 625 2226 Filius
638 2200 677 2226 illi
691 2204 866 2234 reputaretur
887 2201 967 2228 dissi-

1023 2199 1092 2234 ἔχων
1105 2201 1276 2235 τελειότητας
1289 2201 1327 2236 τῷ
1344 2202 1444 2237 Πατρὶ,
1460 2203 1507 2228 καὶ
1521 2203 1565 2229 διὰ
1578 2203 1658 2230 τοῦτο
1675 2204 1736 2239 μηδ’
1746 2207 1817 2239 ὁμο-

180 2248 264 2280 milis,
284 2252 414 2281 tanquam
429 2246 475 2280 qui
493 2246 603 2273 easdem
627 2250 709 2279 atque
728 2245 809 2272 Pater
822 2246 970 2279 perfectio-

181 2303 230 2322 nes
259 2301 313 2321 non
331 2288 516 2328 possideret,
546 2297 746 2327 proptereaque
776 2299 866 2327 neque
898 2301 969 2320 con-

181 2340 385 2370 substantialis.
409 2339 481 2374 quod
513 2339 763 2366 conformiSsimum
796 2343 838 2365 est
863 2339 972 2367 Arianae

183 2388 291 2420 ha-resi,
311 2387 357 2421 qui
376 2385 473 2413 Filium
486 2384 579 2411 divina
594 2389 692 2411 natura
715 2385 803 2411 Patris
820 2385 969 2419 spoliabat.

182 2434 304 2466 Quorum
333 2432 433 2460 etenim
462 2431 605 2458 facultates
632 2430 747 2457 diversae
765 2437 848 2460 sunt.
879 2436 971 2458 essent

183 2486 293 2513 quoque
310 2477 406 2505 eadem
426 2477 483 2511 ipsa
497 2476 614 2503 essentia
628 2476 746 2502 diversa.
765 2475 858 2510 Neque
875 2484 970 2503 rursus

183 2533 215 2552 ex
240 2524 319 2556 Filio,
336 2531 370 2550 ne
391 2523 490 2550 iterum
506 2521 591 2548 Filius
607 2521 771 2556 principium
797 2522 970 2548 existimare-

183 2575 228 2596 tur
240 2566 298 2596 siiie
310 2569 444 2604 principio
455 2577 462 2594 :
473 2567 592 2601 indeque
610 2574 705 2594 rursus
716 2574 729 2592 a
746 2572 859 2601 paterna
877 2575 970 2594 essen-
984 2577 988 2579 ’

182 2617 218 2643 tia
235 2621 387 2650 naturaque
401 2613 517 2640 alienus.
534 2613 573 2639 Ad
593 2612 650 2639 haec
664 2631 672 2643 ,
687 2619 721 2638 ne
737 2617 764 2639 et
781 2619 865 2647 nepos
881 2612 970 2640 Patris

181 2665 355 2697 reputaretur
372 2661 494 2695 Spiritus
515 2663 635 2690 sanctus,
650 2665 677 2685 et
702 2657 789 2685 Filius
815 2659 879 2685 item
907 2659 969 2686 Filii

182 2709 240 2736 liei.
260 2709 337 2736 Esset
352 2707 425 2735 enim
445 2706 566 2734 vicissim
580 2710 608 2732 et
620 2705 706 2733 Filius
728 2705 817 2732 Pater.
836 2705 902 2732 ltem
913 2726 921 2739 ,
936 2715 970 2734 ne

182 2755 247 2790 quid
268 2753 339 2781 Filio
358 2753 466 2784 inesse,
486 2750 570 2778 veluti
594 2750 785 2785 productivam
810 2750 968 2779 facultatem

183 2800 303 2833 Spiritus
324 2799 422 2830 sancti,
437 2798 625 2833 opinarentur,
641 2796 713 2831 quod
732 2805 783 2822 tum
799 2802 871 2823 esset
897 2797 968 2824 idem

184 2852 298 2872 numero
315 2845 342 2872 in
365 2845 419 2872 Deo
445 2849 470 2872 et
487 2845 578 2873 Patre.
600 2843 785 2871 lntrotlucitur
809 2852 925 2880 namque
942 2851 969 2873 et

1022 2245 1122 2277 ούτιος,
1140 2246 1208 2281 ὅπερ
1227 2245 1352 2281 οὐδαμῶς
1375 2247 1488 2272 ἀπέοικε
1516 2248 1548 2282 τῇ
1564 2246 1609 2273 τοῦ
1636 2248 1743 2283 ’Λρείου
1771 2250 1816 2276 αι⁴

1023 2291 1179 2326 ρὲσει,”τὸν
1212 2291 1276 2318 Υίὸν
1305 2291 1487 2328 ἁλλοτριούσῃ
1511 2294 1561 2328 τῆς
1594 2293 1672 2326 οείας
1702 2297 1816 2328 φύσεως

1021 2337 1067 2363 ’τοῦ
1087 2337 1203 2371 Πατρός
1217 2331 1254 2364 ὧν
1272 2339 1326 2372 γὰρ
1339 2340 1366 2364 αἱ
1383 2338 1512 2373 δυνάμεις
1531 2339 1665 2374 διάφοροι,
1683 2342 1733 2368 καὶ
1742 2343 1817 2369 αὐτὰ

1022 2383 1054 2409 ἂν
1068 2381 1122 2408 εἶεν
1133 2385 1191 2414 ταῖς
1208 2383 1315 2415 οὐσίαις
1329 2384 1458 2420 διάφορα·
1475 2385 1530 2411 οὐδ’
1547 2383 1579 2412 αὖ
1610 2386 1640 2418 ἐξ
1669 2388 1736 2414 Υἰοῦ
1770 2389 1817 2416 ἴνα

1024 2429 1060 2464 μὴ
1074 2429 1154 2456 πάλιν
1171 2430 1185 2456 6
1201 2430 1264 2460 Υἱὸς
1281 2430 1353 2465 ἀρχὴ
1380 2430 1521 2465 νομίζοιτο
1548 2432 1677 2467 ἄναρχος,
1699 2435 1818 2462 κάντεῦ-

1021 2477 1066 2502 Οεν
1083 2477 1163 2503 πάλιν
1183 2476 1324 2512 ἀλλότριος
1342 2479 1390 2512 τῆς
1415 2478 1554 2513 πατρικῆς
1583 2479 1677 2511 οὐσίας
1694 2482 1744 2508 καὶ
1763 2482 1817 2516 φύε

1023 2529 1101 2554 eset:
1134 2523 1203 2558 πρὸς
1228 2523 1255 2550 δὲ
1283 2524 1331 2550 καὶ
1353 2524 1396 2550 ἵνα
1425 2523 1463 2558 μὴ
1490 2524 1587 2556 υἱωνὸς
1611 2526 1749 2560 νομίζοιτο
1773 2521 1819 2555 ’τὸ

1023 2569 1135 2604 Πνεῦμα
1150 2570 1179 2595 τὺ
1204 2570 1281 2604 ἆγιον
1301 2571 1348 2597 τοῦ
1372 2573 1491 2609 Πατρδς,
1511 2574 1558 2600 καὶ
1589 2573 1646 2606 υίὸς
1673 2574 1705 2601 αὖ
1732 2576 1819 2602 πάλιν

1022 2615 1069 2642 τοῦ
1086 2616 1151 2643 Tia-3
1170 2617 1216 2643 τοῦ
1243 2617 1321 2644 Θεοῦ”
1337 2616 1371 2654 ἦν
1387 2619 1440 2654 γὰρ
1454 2620 1487 2647 ἂν
1499 2621 1547 2647 καὶ
1560 2621 1573 2647 6
1592 2621 1655 2652 Υἱὸς
1682 2619 1717 2647 αὖ
1733 2622 1820 2647 πάλιν

1023 2662 1127 2698 Πατήρ
1145 2664 1214 2697 πρὸς
1241 2663 1269 2690 δὲ
1293 2664 1341 2690 καὶ
1367 2667 1410 2692 ῑνα
1441 2666 1478 2702 μὴ
1492 2668 1628 2702 νομίζοιτο
1644 2676 1670 2694 τι
1698 2668 1737 2703 τῷ
1759 2668 1820 2703 Υιῴ

1022 2710 1164 2743 προτεῖναι
1179 2709 1217 2741 ὠς
1233 2712 1396 2747 παρακτικὴ
1415 2713 1530 2747 δύναμις
1547 2713 1594 2740 τοῦ
1621 2714 1700 2747 ἁγίου
1731 2714 1820 2740 Ilvati-

1023 2763 1117 2789 ματος,
1136 2755 1174 2790 μὴ
1193 2756 1230 2791 τῷ
1251 2757 1325 2792 αὑτῴ
1343 2757 1372 2784 ὃν
1397 2758 1435 2793 τῷ
1448 2759 1559 2794 ἀριθμῷ
1572 2760 1624 2786 κὰν
1640 2760 1678 2795 τῷ
1694 2760 1755 2795 Θεῴ
1770 2761 1819 2787 καὶ

1022 2801 1120 2837 Hirpi.
1141 2801 1334 2836 Ἐπειοάγετιι
1352 2805 1405 2839 γὰρ
1422 2805 1467 2830 καὶ
1490 2805 1570 2831 τοῦτο
1586 2805 1668 2832 πάλιν
1687 2804 1772 2837 αὖθις
1787 2803 1834 2832 ἰδ’

1021 2848 1070 2882 τῆς
1084 2847 1177 2880 οὐσίας
1190 2850 1328 2884 ἀνόμοιον,
1345 2850 1362 2877 ἃ.
1379 2850 1411 2886 δὴ
1427 2850 1515 2878 πάντα
1551 2851 1647 2878 ἀνόσια
1677 2852 1725 2878 καὶ
1756 2851 1820 2877 ἀθέ-
