1942 3075
133 142 200 175 1001

606 142 658 173 DE
678 143 940 175 PROCESSIONE
959 146 1138 179 SPlRlTUS
1157 149 1304 180 SANCTl.

1691 147 1766 179 1002‘

133 211 209 238 μιτα,
225 201 273 229 καὶ⁵
297 201 391 237 πόρρω
404 200 454 236 τῆς
471 200 526 228 τῶν
541 200 717 236 Χριστιανῶν
748 201 916 236 Ἐκκλησίας

971 203 1023 232 hoc
1045 212 1154 233 rursum
1169 226 1176 237 ,
1192 206 1319 234 essentiae
1341 214 1439 242 nempe
1456 205 1652 233 dissimilitudo
1667 225 1675 237 ,
1700 213 1761 240 qua)

129 249 178 276 καὶ
199 248 330 280 πίστεως.

161 340 195 372 ζ’.
212 339 262 366 Διὰ
270 338 350 366 τοῦτο
362 339 387 366 οί
399 338 449 374 τῆς
474 337 638 373 Ἐκκλησίας
655 337 825 369 διδάσκαλοι.
839 337 887 364 καὶ
899 337 916 372 ἠ

127 386 259 421 καθολικὴ
275 386 377 421 ἑϐδόμη
409 385 519 416 σύνοδος
545 385 577 411 ἐκ
592 384 640 411 τοῦ
670 383 777 418 Πατρὺς
807 384 917 419 ἀπεφή·

128 440 210 459 ναντο
223 431 255 458 δι’
274 431 340 458 Υίοῦ
355 432 388 458 τὸ
410 431 489 465 ἅγιον
503 429 707 464 ἐκπορεύεσθαι
728 428 855 463 Πνεῦμα,
868 429 918 464 οὑχ

125 478 164 509 ὡς
180 478 269 504 αῑτίου
298 478 346 504 τοῦ
367 476 433 504 Υίοῦ
464 477 552 508 ὖντος,
584 475 640 503 οὐδ’
654 475 691 506 ὡς
705 474 794 510 ἀρχῆς
825 474 918 504 ἁπλῶς

126 523 174 550 καὶ
186 522 343 558 προϐολιως
360 523 410 557 τῆς
421 522 469 549 τοῦ
484 521 553 548 Πνεύ
558 530 642 556 ματος
654 521 840 552 ὑποστάσεως,
860 520 918 547 ἀλλ’

125 568 162 599 ὣς
181 568 317 601 Ευναιτίου
345 568 392 594 καὶ
414 567 502 602 ἀρχῆς
515 567 544 599 ἐξ
559 568 657 601 ἀρχῆς,
675 566 784 597 οὐδ’.ὠς
801 565 838 601 μὴ
860 566 917 592 οἴου

124 622 156 641 τε
171 615 248 645 ὄντος
258 614 304 641 τοῦ
320 614 428 649 Πατρὸς
445 613 538 648 μόνου,
557 613 648 647 μόνως
666 613 698 639 τὸ
710 612 820 647 Πνεῦμα
833 612 918 646 παρά-

125 668 185 694 γειν
202 660 232 686 τδ
248 660 338 694 ἅγιον.
355 656 393 695 τῌ
406 660 460 694 γὰρ
468 659 501 686 ἂν
519 659 580 685 οὐδὲ
598 659 645 685 τὸν
663 659 728 686 Υἰδν
739 659 803 686 ἄνευ
846 658 919 689 τινὸς

125 706 222 740 ἐτέρου
239 706 385 740 προσώπου
409 705 540 740 γεννῆσαι
559 705 639 740 μόνος
665 705 760 740 Πατὴρ
787 704 916 739 ἠδύνατο,

125 748 167 783 οἷς
190 751 241 786 τῆς
256 751 341 785 αὐτῆς
357 751 417 778 ἐστι
441 750 612 785 τελειότητος
641 750 695 776 τῶν
717 750 920 785 παραγομένων

126 799 257 834 ἑκάτερον
272 798 318 824 καλ¹
331 797 484 832 δυνάμεως.
499 796 594 830 Πατὴρ
609 796 658 830 μὲν
683 795 738 830 γὰρ
752 795 834 826 αὐτὸς
850 795 917 822 αὑτ-

126 844 220 878 άρκως
236 843 283 869 τὸν
303 843 369 870 Υίδν
391 842 484 876 γεννᾷ,
495 843 541 868 καὶ
554 841 585 867 τὸ
598 840 712 875 Πνεῦμα
728 841 874 876 προϐάλλει
888 841 919 867 τὺ

126 888 214 922 ἆγιον,
231 887 315 915 αὑτοῦ
335 895 366 913 τι
390 887 467 918 ὗντος
494 886 572 912 ἔσται
598 887 645 913 καὶ
672 883 686 912 ό
712 886 776 918 Υἱὸς
806 887 854 913 καὶ
884 886 914 912 τὸ

125 933 250 967 Πνεῦμα,
266 932 349 959 αὐτοῦ
372 941 402 959 τε
420 933 454 960 αὖ
465 933 582 964 ἀπόντος
596 933 629 967 τῇ
647 932 764 967 ἐπινοίᾳ,
782 932 838 959 οὐδ’
848 932 914 964 Υἱὸς

125 979 194 1018 ὅλως
220 980 310 1010 ἔσται,
340 979 401 1005 οὐδὲ
424 979 455 1006 τὸ
476 978 591 1014 Πνεῦμόι
616 987 674 1010 πως
706 979 735 1010 ἐξ
755 978 832 1011 Υῐοῦ,
859 979 916 1005 οὐδ’

126 1025 195 1056 ὅλως
209 1024 238 1052 ἐν
251 1024 329 1052 οὐδὲν
341 1025 396 1051 τῶν
417 1025 584 1058 προσώπων,
615 1024 653 1058 μὴ
675 1024 716 1050 ὅτι
727 1032 759 1057 γε
791 1024 913 1057 πρόοδος,

126 1071 175 1098 καὶ
188 1071 204 1104 ή
218 1070 286 1106 πρὸς
300 1069 418 1105 ὓπαρξιν
443 1070 497 1096 τῶν
523 1069 678 1104 προσώπων
702 1070 838 1104 ἐνέργεια.
853 1068 916 1099 Υἱὸς

126 1116 201 1148 δ’ὡς
230 1115 401 1149 προϐάλλων,
441 1115 576 1150 παράγων
611 1123 672 1146 πως
701 1115 749 1141 καὶ
780 1114 860 1145 αὐτὸς
886 1115 917 1141 τδ

126 1162 241 1197 Πνεῦμα
264 1163 294 1188 τὺ
308 1163 386 1197 ἅγιον
406 1163 438 1189 ἐκ
451 1161 498 1188 τοῦ
529 1161 636 1197 Πατρδς
667 1161 773 1196 προϊὸν,
795 1161 861 1188 αὐτό
884 1169 916 1195 γε

127 1208 289 1242 προϐάλλει,
306 1208 354 1235 καὶ
381 1207 428 1235 τοῦ
443 1207 550 1244 [ἰατρὸς
563 1207 725 1242 προϐάλλων
754 1208 915 1243 ἐξήρτηται,

129 1251 168 1287 μὴ
187 1253 229 1278 ὅτι
243 1252 310 1278 καθὸ
320 1252 463 1286 γεννᾶται,
478 1251 547 1278 ἀλλὰ
560 1252 607 1278 καὶ
625 1248 642 1289 ᾖ
656 1251 816 1287 προϐάλλων
832 1253 916 1285 ἐστὶν,

128 1296 172 1329 οἷς
184 1298 228 1324 διὰ
242 1299 394 1333 γεννήσεως
407 1299 458 1333 τῆς
474 1297 560 1330 αὐτῆς
585 1296 746 1331 μεταλαϐὼν
773 1297 918 1332 δυνάμεως

127 1343 175 1370 τοῦ
187 1344 294 1379 Πατρός
306 1344 343 1375 ὡς
356 1343 569 1378 προϐάλλοντος,
589 1342 741 1377 προϐάλλει
765 1344 814 1369 καὶ
836 1342 917 1375 αὐτὸς

131 1389 242 1424 σύναμα
255 1389 295 1424 τῷ
327 1389 418 1424 Πατρὶ
438 1389 469 1416 τὸ
497 1390 530 1415 ὲκ
550 1388 659 1423 Πατρὺς
684 1388 930 1423 προϐαλλόμενον..

129 1435 178 1467 Ὧς
198 1444 230 1470 γε
249 1437 298 1462 καὶ
313 1436 337 1461 εξ
361 1435 422 1461 κατ’
434 1435 557 1461 ἐπίνοιαν
586 1435 600 1461 ὁ
616 1434 768 1469 προϐολεὺς
798 1434 849 1468 μὲν
871 1434 918 1462 τοῦ

129 1482 238 1517 Πιτρδς
255 1482 417 1517 προηγεῖτο,
436 1481 466 1508 τὸ
479 1480 507 1507 δὲ
521 1480 634 1514 Πνεῦμα
647 1480 677 1506 τὸ
690 1480 768 1514 ἅγιον
784 1481 919 1515 πρότερόν

969 250 1061 277 omnia
1080 251 1174 286 impia,
1191 252 1307 284 nefaria,
1331 256 1357 280 et
1374 260 1390 279 a
1406 252 1563 279 Christiana
1578 251 1714 278 Ecclessia
1733 256 1762 278 ct

970 294 1023 322 ﬁde
1042 303 1123 329 quam
1147 296 1360 331 disjunctissima
1379 301 1455 324 sunt.

1006 341 1032 368 7.
1053 341 1123 369 Hinc
1135 341 1262 369 doctores
1275 342 1403 369 Ecclesia:
1416 347 1444 369 et
1459 342 1624 369 universalis
1644 341 1760 374 septima

970 386 1094 421 synodus
1108 387 1292 415 decreverunt
1304 408 1310 418 ,
1326 395 1359 414 ex
1382 388 1462 415 Patre
1487 395 1537 421 per
1554 387 1652 414 Filium
1670 385 1770 420 Spiri--

971 436 1028 459 tum
1046 438 1171 460 sanctum
1196 433 1348 467 procedere
1362 453 1369 466 ,
1386 441 1440 460 non
1458 433 1531 468 quod
1555 433 1591 459 sit
1611 440 1693 459 causa
1716 431 1761 458 Fi-

968 479 1044 511 lius,
1072 483 1099 506 et
1126 479 1292 514 principium
1317 479 1460 512 absolute,
1483 484 1512 506 et
1537 478 1688 514 produclor
1715 479 1762 512 hy-

970 525 1088 560 postasis
1107 525 1227 560 Spiritus
1241 534 1248 559 ;
1263 527 1309 553 sed
1325 525 1398 561 quod
1411 533 1472 553 cum
1496 525 1550 552 alio
1566 533 1646 552 causa
1673 524 1718 555 sit,
1734 528 1762 551 ct

972 571 1137 606 principium
1151 578 1185 598 ex
1197 571 1345 606 principio,
1376 579 1466 606 neque
1479 571 1551 606 quod
1569 579 1623 598 non
1639 570 1674 597 sil.
1691 569 1761 603 potis

969 617 1045 645 solus
1069 617 1150 644 Pater
1175 616 1349 650 singulariter
1367 616 1498 650 Spiritum
1516 619 1642 642 sanetum
1658 614 1759 648 produ-

970 669 1033 689 cere
1053 671 1060 688 :
1077 666 1133 688 tmn
1148 661 1231 688 ‘enim
1248 668 1337 694 neque
1360 660 1459 687 Filiqu
1483 661 1542 688 sine
1567 660 1679 687 alterius
1698 667 1760 694 per-

969 714 1043 734 sonae
1060 714 1111 741 ope
1130 707 1206 734 solus
1230 714 1363 741 generare
1378 707 1512 740 potuisset
1531 715 1538 733 :
1554 714 1617 734 cum
1636 705 1760 738 ejusdem

970 754 1006 781 sit
1024 752 1201 787 perfectionis
1219 752 1411 786 facultatisqne
1427 760 1461 779 cx
1487 751 1629 786 productis
1654 756 1761 778 utrum-

971 807 1034 834 que.
1055 799 1122 826 Nam
1139 798 1218 826 Pater
1243 799 1301 833 ipse
1327 798 1494 825 sullicienter
1512 797 1611 824 Filium
1635 801 1764 831 generat,

970 851 999 873 et
1014 845 1146 880 Spiritum
1164 848 1286 872 sanctum
1302 843 1440 878 producit,
1461 847 1490 870 et
1504 850 1565 870 cum
1583 842 1627 869 ille
1639 845 1692 872 es‘t,
1709 843 1763 868 erit

969 892 1050 926 plane
1069 896 1096 918 et
1114 890 1212 922 Filius,
1227 895 1256 918 et
1277 889 1396 924 Spiritus
1410 897 1417 916 :
1432 893 1460 916 et
1474 889 1495 916 si
1511 888 1535 915 is
1557 887 1690 916 defecerit
1714 895 1762 914 co-

958 935 1096 975 gitatione
1116 939 1219 967 nostra,
1235 941 1349 969 prorsus
1373 940 1462 968 neque
1478 932 1563 960 Filius
1576 932 1639 964 erit,
1666 939 1757 966 neque

965 981 1045 1008 etiam
1062 980 1181 1015 Spiritus
1197 988 1229 1007 ex
1255 979 1344 1011 Filio,
1362 983 1390 1006 et
1413 978 1488 1005 nulla
1504 978 1616 1012 penitus
1632 984 1762 1011 persona,

966 1031 1072 1054 tantum
1100 1026 1188 1057 abest,
1205 1030 1234 1052 ut
1251 1025 1392 1060 processio
1406 1025 1452 1056 sit,
1474 1029 1502 1051 et
1527 1024 1553 1051 in
1570 1023 1761 1051 exsistentiam

965 1079 1145 1108 personarum
1162 1076 1264 1098 motus.
1287 1070 1374 1098 Filius
1388 1077 1455 1097 vero
1479 1069 1564 1097 veluti
1593 1069 1761 1104 producens,

967 1125 1018 1145 suo
1037 1117 1119 1145 modo
1145 1117 1312 1152 produccns,
1332 1121 1360 1144 et
1377 1117 1435 1151 ipse
1461 1116 1595 1151 Spiritum
1620 1120 1760 1145 sanctum.

966 1171 998 1192 ex
1013 1164 1094 1191 Patre
1111 1166 1287 1191 emanantem
1305 1162 1444 1197 producit,
1459 1162 1672 1197 producensque
1687 1161 1762 1189 Patri

967 1202 1102 1241 adhaeret,
1121 1216 1176 1235 non
1195 1212 1301 1235 tantum
1323 1212 1354 1235 ut
1368 1212 1537 1243 generatur,
1554 1207 1600 1234 sed
1618 1207 1701 1234 etiam
1729 1211 1763 1233 ut

967 1254 1097 1289 producit
1114 1263 1120 1280 :
1140 1261 1258 1288 namque
1277 1261 1326 1289 per
1339 1253 1544 1289 generationem
1561 1246 1701 1279 facultatis
1715 1246 1778 1287 pa?

969 1306 1064 1334 ternae,
1082 1305 1112 1328 ut
1129 1301 1309 1336 producentis
1322 1305 1461 1336 particeps
1477 1301 1576 1331 factus,
1596 1299 1761 1335 producitet

968 1347 1027 1381 ipse
1057 1355 1110 1374 una
1128 1355 1191 1374 cum
1217 1348 1319 1379 Patre,
1346 1347 1419 1382 quod
1438 1354 1453 1373 τι
1480 1347 1560 1374 Patre
1586 1345 1760 1380 producitur.

969 1393 1044 1420 Adeo
1065 1398 1104 1425 ut,
1126 1393 1148 1420 si
1165 1397 1259 1420 nostra
1279 1392 1474 1427 imaginatione
1493 1391 1638 1426 fingamus,
1655 1398 1670 1418 a
1697 1398 1763 1425 pro-

969 1437 1087 1465 ducente
1104 1438 1212 1465 Patrem
1245 1438 1333 1472 ipsum
1352 1437 1481 1473 prmcedi,
1503 1443 1530 1464 et
1542 1437 1676 1474 Spiritum
1696 1443 1762 1463 san-

970 1487 1044 1510 ctum
1063 1488 1126 1510 ante
1136 1484 1223 1518 ipsum
1235 1483 1333 1510 Filium
1347 1483 1474 1518 produci,
1489 1483 1572 1510 Filius
1585 1487 1658 1510 esset
1672 1489 1687 1508 a
1699 1488 1762 1516 pro-

127 1537 187 1560 πως
201 1530 233 1555 ὲκ
245 1528 292 1554 τοῦ
307 1527 464 1562 προϐολέως
493 1527 636 1561 παρήγετο
659 1525 706 1552 τοῦ
720 1525 799 1558 Υἱοῦ,
825 1527 839 1552 ό
854 1525 916 1557 Υἱὸς

970 1528 1084 1556 ductore
1099 1537 1147 1564 per
1161 1529 1306 1563 Spiritum,
1325 1533 1353 1555 et
1368 1528 1488 1563 Spiritus
1502 1528 1610 1560 cadent,
1639 1535 1700 1562 qua:
1732 1527 1761 1555 in

127 1573 162 1602 ἂν
174 1572 209 1609 ἦν
221 1575 254 1600 ἐκ
265 1573 313 1600 τοῦ
334 1573 489 1608 προϐολέως
503 1572 546 1598 διὰ
555 1571 601 1598 τοῦ
617 1571 786 1606 Πνεύματος,
798 1571 828 1597 τὸ
843 1571 869 1598 δέ
886 1580 916 1605 γε

128 1620 242 1654 Πνεῦμα
263 1620 297 1654 τῇ
310 1619 380 1654 αὑτῇ
398 1618 484 1653 δήπου
510 1618 627 1652 δυνάμει
653 1618 686 1652 τῇ
710 1617 739 1643 ὲν
766 1618 865 1652 Πατρὶ,
883 1618 916 1652 τῇ

127 1667 272 1701 γεννητικῇ
294 1664 396 1700 δηλαδὴ
418 1664 465 1690 τοῦ
488 1663 555 1690 Υῐοῦ
571 1663 700 1698 παρῆγεν
722 1663 756 1690 ἂν
777 1664 825 1690 καὶ
851 1663 917 1690 αὐτὸ

126 1713 173 1739 τὸν
193 1711 257 1738 Υίδν
274 1712 304 1737 ὲκ
325 1710 374 1737 τοῦ
393 1709 552 1745 προϐολέως
566 1708 610 1741 ,ὥς
629 1717 662 1743 γε
679 1708 797 1745 Πατρός·
814 1709 864 1745 οὺχ
876 1710 917 1736 ὅτι

126 1759 141 1786 ὁ
152 1753 334 1795 προϐαλεῖ)ςῇ
353 1756 448 1790 Πατὴρ
463 1755 513 1782 οὐκ
524 1752 559 1790 ἦν
583 1754 615 1781 ἂν
631 1755 774 1790 αὐτάρκης
795 1755 841 1782 τδν
868 1756 917 1782 αὑ-

126 1801 174 1828 τοῦ
190 1800 320 1834 γεννῆσαι
330 1796 409 1832 Ὑίὺν,
425 1799 492 1826 ὅπου
510 1798 558 1825 νῦν
579 1797 661 1825 αὐτὸν
675 1798 820 1833 αὐτάρκως
835 1798 916 1832 μόνος

127 1847 223 1882 γεννᾷ,
248 1846 374 1881 καθάπερ
399 1845 451 1873 ,καὶ
474 1844 535 1870 τότε
563 1844 644 1878 μόνος
667 1843 811 1879 αὐτάρκως
827 1844 859 1870 ἂν
887 1844 916 1870 τὺ

129 1892 243 1927 Πνεῦμα
259 1892 367 1926 παρῆγε
391 1891 421 1916 τὸ
437 1890 525 1924 ἅγιον
554 1889 668 1916 ἀλλ’ὅτι
694 1889 743 1924 τὴν
773 1888 858 1925 αὐτὴν
883 1889 916 1916 ἂν

127 1937 359 1975 εἶχεγεννητικὴν
375 1936 491 1970 δύναμιν
514 1935 554 1970 τῷ
584 1935 673 1970 Πατρὶ
704 1934 750 1962 διὰ
777 1935 915 1966 πνεύσεως

128 1983 204 2018 αὐτῷ
219 1982 354 2014 δοθεῖσαν,
368 1982 405 2011 ὡς
419 1981 578 2016 τελειότητα
606 1981 655 2006 καὶ
671 1979 786 2015 δύναμιν
811 1981 842 2006 ἐκ
861 1981 915 2006 Πα-

128 2029 202 2064 τρδς,
218 2029 302 2063 μήπω
313 2026 360 2054 τοῦ
372 2025 437 2052 Υῑοῦ
453 2027 485 2061 τῇ
503 2025 613 2060 ἐπινοίᾳ
624 2026 836 2060 παραγομένου.
859 2025 916 2060 Τὴν

128 2076 156 2103 δὲ
189 2073 416 2108 ξυνεπτυγμένην
434 2064 537 2108 ταῦτην
560 2072 702 2106 θεολογίαν
729 2072 747 2107 ἡ
772 2072 915 2107 Ῥωμαῖκὴ

127 2120 307 2152 ἀναπτύξασα
321 2118 472 2153 Ἐκκλησία
484 2118 533 2144 καὶ
552 2117 587 2144 ἐκ
605 2118 658 2144 τοῦ
681 2117 750 2144 Υίοῦ
769 2118 801 2144 τὸ
821 2118 916 2145 Πνεῦ-

124 2176 169 2202 μα
201 2165 380 2200 ὲθεολόγησεν
416 2163 626 2203 ἐκπορεύεσθαι,
659 2164 742 2191 ταυτδ
763 2163 915 2200 βουλομένη

970 1574 1050 1601 Patre
1066 1579 1118 1606 est,
1136 1574 1273 1606 facultate,
1288 1573 1446 1609 generativa
1460 1581 1559 1608 nempe
1572 1573 1646 1606 Filii,
1656 1573 1761 1608 produ-

970 1624 1044 1647 ceret
1060 1624 1088 1647 et
1102 1620 1160 1654 ipse
1177 1620 1276 1646 Filium
1293 1627 1326 1647 ex
1342 1619 1509 1654 productore
1525 1624 1652 1653 tanquam
1667 1619 1760 1646 Patre.

969 1665 1028 1692 Non
1049 1665 1123 1700 quod
1149 1665 1322 1700 producens,
1342 1672 1396 1699 qua
1411 1664 1493 1691 Pater
1520 1668 1580 1697 est,
1609 1671 1664 1691 non
1687 1667 1762 1691 esset

969 1709 1107 1737 sufficiens
1122 1718 1202 1737 suum
1220 1717 1351 1745 generare
1366 1709 1465 1736 Filium
1478 1729 1486 1742 ,
1511 1717 1573 1736 cum
1590 1716 1663 1736 nunc
1682 1708 1765 1736 illum

969 1755 1140 1783 sufﬁcienter
1161 1756 1238 1784 solus
1261 1760 1393 1791 generat,
1409 1755 1640 1790 quemadmodum
1657 1759 1686 1782 et
1703 1759 1760 1782 tun

969 1801 1044 1828 solus
1059 1801 1229 1829 sufﬁcienter
1254 1801 1389 1836 Spiritum
1414 1805 1539 1828 sanctum
1559 1800 1759 1836 produxisset:

969 1846 1017 1874 sed
1032 1847 1104 1881 quod
1120 1847 1235 1882 perinde
1248 1851 1330 1882 atque
1346 1847 1426 1875 Pater
1438 1846 1622 1882 generativam
1645 1845 1761 1873 faculta-

970 1896 1026 1920 tem
1051 1891 1104 1919 sibi
1126 1899 1176 1927 per
1199 1892 1376 1927 spirationcm
1400 1893 1648 1924 communicatam,
1672 1890 1762 1919 veluti

970 1937 1166 1972 perfectionem
1183 1943 1210 1965 et
1231 1938 1573 1972 facultatempossedisset
1585 1958 1593 1971 ,
1611 1944 1674 1964 cum
1691 1945 1760 1964 non-

968 1983 1033 2010 dum
1052 1983 1137 2010 Filius
1160 1991 1175 2010 a
1198 1984 1278 2011 Patre
1300 1984 1466 2019 cogitatione
1489 1987 1582 2011 nostra
1607 1982 1760 2018 productus

968 2033 1052 2056 esset.
1072 2029 1106 2056 Et
1129 2029 1199 2056 hanc
1212 2030 1324 2064 Quidem
1342 2029 1506 2064 theologiam
1520 2028 1679 2062 implicitam
1703 2029 1759 2055 Ro-

968 2082 1047 2102 mana
1072 2072 1203 2102 Ecclesia
1222 2075 1382 2110 explicans,
1405 2079 1429 2102 et
1462 2082 1494 2101 ea;
1521 2073 1593 2101 Filio
1629 2073 1759 2110 Spiritum

967 2119 1106 2154 procedere
1133 2120 1340 2153 determinavit;
1355 2119 1383 2146 id
1406 2119 1510 2147 scilicet
1526 2119 1670 2146 insinuans
1682 2139 1689 2152 ,
1711 2126 1759 2153 per

967 2164 1067 2191 Filium
1083 2171 1117 2191 ex
1136 2164 1228 2198 Patre,
1241 2169 1270 2191 ut
1292 2164 1378 2192 hocce
1399 2171 1523 2196 causam,
1543 2168 1572 2191 et
1592 2164 1693 2191 fontem
1706 2185 1714 2197 ,
1731 2168 1760 2192 et

127 2214 200 2240 νοεῖν
213 2211 258 2239 διὰ
276 2211 370 2237 τούτου
383 2210 422 2244 τῷ
436 2209 470 2236 δι’
489 2209 555 2236 Υίοῦ
577 2209 609 2235 ὲκ
628 2209 747 2244 Πατρός,
776 2209 811 2235 ἵν’
826 2209 915 2236 αίτίαν

970 2210 1135 2244 principium
1150 2210 1271 2245 primum
1293 2209 1382 2238 sancti
1405 2209 1523 2247 Spiritus
1539 2209 1692 2244 bypostasis
1708 2209 1759 2237 Pa-

129 2259 180 2293 μὶν
196 2258 240 2285 διὰ
257 2256 354 2283 τούτου
368 2255 415 2282 καὶ
430 2254 523 2290 πηγὴν
540 2255 586 2281 καὶ
601 2254 689 2289 ἀρχὴν
709 2254 738 2286 ἐξ
758 2253 846 2288 ἀρχῆς
862 2261 917 2288 πη,

127 2305 211 2339 γαίαν
239 2305 290 2338 τῆς
309 2301 357 2339 τοῦ
375 2301 454 2336 ἁγίου
480 2300 642 2335 Πνεύματος
667 2300 842 2332 ὑποστάσεως
872 2300 918 2327 τὸν

127 2350 240 2385 Πατέρα
255 2348 373 2384 κηρύξῃ,
387 2347 434 2374 καὶ
448 2347 518 2374 κατὰ
536 2347 586 2382 τὴν
603 2346 650 2373 τοῦ
665 2346 733 2373 Θεοῦ
756 2346 844 2381 Λόγου
862 2355 919 2381 φω-

77 2389 81 2393 ’
128 2396 188 2431 νὴν,
203 2395 342 2428 ξυναίτιον
357 2394 385 2420 δὲ
403 2393 450 2420 τὸν
462 2393 537 2426 Υίὺν,
572 2393 619 2419 καὶ
642 2393 734 2427 πηγὴν
759 2393 791 2419 ὲκ
814 2393 917 2427 πηγῆς,

129 2441 178 2468 καὶ
190 2439 277 2476 ἀρχῆς
296 2439 346 2472 τῆς
368 2437 455 2471 αὐτῆς
483 2437 670 2469 ὑποστάσεως,
699 2437 738 2471 τῷ
765 2437 841 2471 παρὰ
869 2436 917 2463 τοῦ

129 2484 237 2519 Πατρὸς
251 2482 334 2510 αὑτὸν
349 2481 422 2516 ἔχειν
440 2481 488 2516 τὴν
507 2480 694 2516 προϐλητικὴν
724 2480 851 2514 δύναμιν,
880 2480 916 2511 ὡς

129 2531 271 2565 ἐλέγομεν,
318 2528 413 2563 Πατὴρ
427 2528 548 2562 παράγει
560 2527 591 2553 τδ
602 2526 714 2561 Πνεῦμα
726 2527 756 2553 τὸ
772 2526 859 2560 ἅγιον.
873 2526 918 2552 Διδ

130 2578 180 2603 καὶ
202 2576 351 2610 ἁρχοειδῶς
369 2575 420 2609 μὲν
435 2574 482 2600 καὶ
499 2573 723 2608 προηγουμένως,
740 2572 824 2607 φαίην
838 2572 860 2599 δ’
872 2572 916 2604 ἂν,

131 2623 179 2649 καὶ
196 2620 434 2656 προκαταρτικῶς,
446 2620 493 2647 καὶ
507 2619 642 2654 ἀρχικῶς,
656 2619 704 2646 καὶ
713 2619 815 2654 κυρίως
827 2619 859 2644 ὲκ
870 2617 917 2644 τοῦ

131 2667 241 2702 Πατρὸς
257 2666 381 2701 προϊέναι
395 2666 462 2701 φησὶ
476 2665 505 2691 τὸ
521 2665 633 2700 Πνεῦμα
647 2664 676 2691 τδ
692 2665 782 2699 ἆγιον.
799 2664 844 2696 Ἐξ
854 2663 917 2690 Υἱοῦ

130 2715 160 2741 δὲ
172 2714 221 2748 οὐχ
233 2712 314 2744 οὕτω,
324 2711 373 2738 κᾶν
385 2713 431 2738 καὶ
442 2711 472 2744 ἐξ
487 2710 570 2737 αὑτοῦ
581 2713 613 2746 τῇ
628 2711 696 2745 αὐτῇ
709 2711 865 2746 παράγηται
875 2710 918 2737 δυ-

132 2760 213 2794 νάμει
230 2758 277 2784 καὶ
291 2757 421 2792 προϐολῇῖ
433 2757 499 2784 Οὐδὲ
510 2757 565 2792 γὰρ
578 2756 663 2787 αἴτιος
680 2757 802 2787 ἀναίτιος
816 2757 829 2782 ό
844 2757 917 2788 Υἱὸς,

131 2805 193 2833 οὐδὲ
210 2804 280 2840 ἁρχὴ
294 2803 411 2838 ἄναρχος
427 2803 475 2838 τῆς
491 2804 538 2829 τοῦ
556 2802 712 2836 ῐινεύματος
730 2802 917 2833 ὑποστάσεως,

167 2853 204 2886 η’.
220 2849 315 2876 Ταῦτά
330 2840 369 2874 τοι
395 2848 442 2874 καὶ
466 2848 500 2880 ἐξ
526 2848 594 2874 Υιοῦ
611 2848 702 2884 λέγειν
729 2847 855 2874 ἐθέσπισε
885 2849 916 2874 τὸ

970 2259 1038 2282 trem
1055 2256 1205 2290 evulgaret,
1220 2256 1303 2283 etiam
1318 2255 1470 2283 secundum
1490 2255 1538 2282 Dei
1552 2255 1634 2283 Verbi
1651 2263 1757 2290 vocem,

968 2305 995 2327 et
1010 2307 1120 2327 causam
1134 2298 1317 2327 communiter
1333 2300 1443 2333 Filium,
1459 2305 1487 2328 ct
1501 2301 1605 2329 fontem
1622 2308 1657 2329 ex
1669 2300 1756 2335 fonte,

969 2352 998 2374 ct
1025 2345 1190 2381 principium
1221 2353 1254 2373 ex
1276 2346 1410 2381 principio
1433 2347 1558 2381 ejusdem
1585 2348 1756 2383 hypostasis,

969 2392 1043 2429 quod
1067 2400 1081 2419 a
1113 2392 1194 2419 Patre
1213 2392 1271 2426 ipse
1294 2392 1484 2426 productivam
1503 2392 1678 2426 facultatem,
1702 2400 1757 2428 qua

969 2438 1049 2466 Pater
1066 2438 1198 2473 Spiritum
1216 2444 1340 2468 sanctum
1366 2441 1509 2475 producit,
1533 2446 1562 2469 ut
1584 2442 1754 2474 dicebamus,

968 2483 1077 2511 habeat.
1099 2484 1272 2520 Quapropter
1290 2493 1304 2513 a
1321 2486 1482 2522 primigenia
1502 2495 1583 2515 causa
1605 2493 1632 2515 et
1654 2488 1757 2522 princi-

969 2530 1034 2565 pali,
1054 2530 1182 2558 adderem
1198 2532 1268 2566 ipse,
1288 2533 1418 2567 primaria
1444 2539 1472 2561 et
1488 2534 1625 2569 prazcipua
1652 2538 1680 2561 et
1693 2542 1755 2569 pro-

969 2577 1026 2610 pria
1043 2585 1058 2604 a
1074 2578 1154 2605 Patre
1171 2578 1319 2612 procedere
1332 2579 1415 2607 tradit
1430 2579 1561 2615 Spiritum
1570 2585 1692 2615 sanctum
1702 2600 1710 2612 ,
1721 2587 1755 2607 ex

970 2622 1039 2650 Filio
1056 2631 1119 2651 vero
1134 2631 1187 2652 non
1200 2631 1288 2659 aeque,
1302 2625 1367 2653 licet
1385 2630 1414 2653 et
1434 2633 1467 2653 ex
1483 2627 1541 2661 ipso
1557 2625 1653 2652 eadem
1670 2624 1755 2651 facul-

970 2673 1024 2696 tate
1052 2674 1080 2696 et
1101 2670 1281 2704 productione
1298 2672 1474 2706 producatur.
1496 2672 1591 2705 Neque
1610 2671 1684 2698 enim
1706 2670 1754 2698 Fi-

969 2714 1022 2742 lius
1036 2719 1079 2742 est
1093 2722 1175 2743 causa
1191 2716 1258 2744 sine
1281 2724 1362 2744 causa
1377 2737 1384 2749 ,
1407 2724 1496 2751 neque
1513 2716 1676 2751 principium
1693 2715 1756 2744 sine.

970 2760 1104 2795 principio
1118 2760 1272 2795 bypostasis
1285 2761 1414 2797 Spiritus.

1004 2848 1030 2875 8.
1053 2849 1289 2883 Proptereaqucrt
1316 2857 1347 2876 ex
1373 2848 1440 2876 Filio
1460 2849 1512 2876 dici
1539 2847 1665 2880 Spiritum
1690 2857 1755 2876 wn-
