1942 3075
150 146 219 178 1003

729 148 891 179 JOANNIS
909 149 1155 180 ARGYROPULI

1706 150 1774 183 1004

150 208 220 230 ctum
236 202 369 236 decrevit,
388 210 436 237 per
458 204 510 230 hoc
537 203 603 231 illud
628 205 754 236 innucns,
771 213 816 240 per
835 204 934 232 Filium

1002 207 1108 241 Ινεῦμα
1119 207 1151 234 τὸ
1169 207 1266 242 ἅγιον,
1290 206 1379 233 ὲκεῑνο
1392 207 1480 242 δήπου
1501 206 1545 234 διὰ
1561 207 1659 233 τούτου
1677 206 1773 243 δηλοῦο

151 257 183 277 σω
210 248 301 276 Palu.
322 248 399 276 Sicut
422 249 496 276 enim
519 249 605 283 illud,
628 259 674 285 per
697 250 795 278 Filium
824 250 933 278 Patrem

150 295 306 330 praeponit,
331 301 450 329 eumque
472 295 605 331 'ejusdem.
630 296 747 323 actionis
777 296 934 336 primariam

150 348 260 368 causam
279 344 307 367 et
321 339 435 373 fontem,
454 346 482 367 et
496 340 598 375 absque
618 341 755 376 principio
780 340 936 375 praeinlelli-

150 386 199 420 git.
217 385 255 413 ita
270 391 297 413 et
309 385 388 417 iliud,
405 393 436 412 ea:
453 385 532 417 Fiﬁo.
551 386 649 413 Filium
668 394 722 420 una
737 395 799 414 cum
822 395 856 414 eo
870 395 936 414 cau-

150 439 208 458 sam
221 435 248 458 et
263 431 427 466 principium
442 439 476 458 ex
491 431 641 466 principio,
654 432 760 459 Patrem
786 440 852 459 vero
869 433 936 459 sim-

150 477 259 511 pliciter
285 484 393 504 causam
422 481 450 503 et
478 474 642 511 principium
668 477 771 513 absque
799 477 936 512 principio

150 522 269 557 Spiritus
285 522 467 550 demonstrat.
491 522 614 557 Hincque
628 522 650 549 si
672 523 764 558 aliquo
777 523 803 549 in
816 523 876 550 loco
894 522 938 550 Fi-

150 568 219 595 lium
240 567 404 602 principium
425 572 453 594 et
470 575 578 600 causam
597 572 695 601 vocat,
721 568 779 595 sive
804 568 938 603 permittit

151 612 255 644 dicere,
274 611 396 646 Spiritus
411 612 575 648 ltypostasis,
595 613 827 648 quemadmodum
845 614 872 640 in
888 613 935 641 de-

152 657 275 684 ﬁnitione
292 664 375 684 sacra:
390 657 554 684 universalis
576 663 678 685 octavae
696 658 791 694 synodi
803 680 811 692 ,
825 659 939 687 Floren—

152 703 195 728 lia:
210 707 309 729 coactae
322 702 454 737 scriptum
468 707 521 736 est,
543 711 597 730 non
621 704 746 731 absolute
762 704 940 738 principium,

152 755 242 782 neque
257 756 366 775 causam
384 756 448 775 eum
465 748 609 782 prmtendit
621 756 693 781 esse,
712 749 760 776 sed
775 749 940 784 principium

152 801 185 820 ex
206 793 353 828 principio,
365 798 392 820 et
409 801 531 827 causam,
547 802 656 822 causam
678 795 782 822 scilicet
797 803 859 822 cum
876 795 940 822 alio.

153 837 244 864 Siculi
267 841 298 864 et
320 837 388 865 illud
404 846 510 870 rursus,
525 839 596 874 quod
625 839 652 865 in
669 839 763 866 eadem
781 839 940 866 definitione

155 883 324 915 continetur,
341 891 371 910 ea
388 884 463 910 modo
483 871 615 919 Spiritum
636 889 660 911 ct
679 892 711 911 ex
733 883 804 911 Filio
820 884 939 919 produci,
957 871 978 899 Β

154 935 209 962 (μισ
229 935 261 955 ea:
277 928 334 963 ipso
354 928 438 955 Patre
460 930 626 963 producitur,
640 937 695 957 non
710 929 862 956 secundum
883 936 941 956 mo-

155 972 224 1001 dum
242 973 424 1008 proccssionis
439 974 577 1008 intelligit,
597 978 627 1001 ut
651 982 728 1009 aequa
748 975 865 1006 ratione,
884 975 942 1002 vel-

155 1019 196 1054 uti
224 1026 258 1046 ex
274 1019 348 1046 fonte
360 1040 368 1052 ,
385 1024 413 1047 ct
427 1020 486 1047 sine
510 1019 646 1055 principio
665 1026 693 1048 et
712 1028 804 1050 causa.
819 1024 846 1048 et
864 1021 955 1054 quasi‘

157 1072 192 1091 ex
224 1066 283 1099 ipso
307 1064 377 1092 Filio
404 1064 524 1099 Spiritus
554 1065 737 1099 producatur,
763 1065 941 1100 quemadmo-

157 1109 227 1137 dum»
250 1114 278 1136 et
301 1117 339 1137 ex
361 1109 419 1144 ipso
439 1109 544 1137 Patre:
561 1110 613 1138 sibi
629 1111 703 1138 cnim
730 1110 788 1145 ipsa
802 1110 942 1137 contradi-

157 1158 244 1185 ρει-ει.
262 1155 286 1182 si
302 1154 354 1182 hoc
368 1160 448 1189 pacto
459 1155 542 1183 verba
557 1155 601 1182 illa
628 1155 801 1191 intelligeret,
815 1160 839 1182 et
852 1164 883 1183 ex
896 1155 943 1182 Fi-

159 1201 194 1228 lio
214 1200 345 1235 Spiritum
361 1200 560 1234 determinatus,
585 1201 632 1228 sed
646 1201 798 1228 secundum
813 1209 900 1228 unum
911 1209 943 1228 ac

159 1246 232 1274 idem
251 1245 389 1274 facultatis
402 1266 409 1278 ,
423 1253 484 1281 quae
496 1253 550 1272 una
565 1253 681 1272 numero
704 1251 746 1273 est
770 1246 797 1272 in
822 1245 902 1273 Patre
916 1250 944 1272 et

158 1291 239 1325 Filio,
256 1299 305 1326 per
319 1291 535 1326 generationem,
547 1295 577 1317 ut
593 1290 725 1322 diximus,
739 1299 772 1317 ex
784 1290 862 1317 Patre
874 1291 943 1317 Filio

158 1337 297 1369 exhibita,
312 1336 393 1364 sicuti
408 1341 435 1363 et
450 1336 570 1363 essentia
586 1335 644 1370 ipsa
660 1335 781 1362 exhibita
797 1339 848 1362 est.
867 1335 944 1362 idco-

160 1389 215 1416 que
233 1387 262 1409 et
275 1382 374 1408 Filium
387 1389 421 1409 ex
434 1381 513 1408 Patre
528 1381 682 1416 producere
693 1381 824 1415 Spiritum
839 1380 944 1412 definit,

160 1432 188 1455 et
203 1426 402 1462 producentem
420 1426 510 1461 ipsum
525 1433 585 1453 esse
601 1434 635 1453 ex
650 1426 729 1453 Patre
739 1446 750 1458 ,
771 1430 799 1453 et
818 1433 945 1461 quaecun-

161 1480 215 1508 que
230 1472 286 1500 alia
297 1472 392 1499 eadem
409 1471 513 1506 pollent
528 1471 666 1498 facultate.

172 1511 175 1513 ’
197 1519 224 1547 9.
245 1517 293 1545 His
306 1525 321 1545 a
334 1518 416 1546 nobis
435 1517 509 1545 hunc
523 1518 550 1544 in
563 1518 673 1544 modum
690 1516 835 1550 expositis.
849 1517 871 1543 si
883 1516 944 1550 quis

163 1563 323 1596 addubitat,
338 1564 456 1599 primum
480 1563 590 1598 quidem
605 1570 612 1590 :
630 1562 770 1596 Quomodo
792 1562 877 1589 Filius
894 1569 947 1588 non

163 1613 286 1644 generat,
301 1608 534 1643 quemadmodum
550 1612 578 1635 ct
594 1607 732 1642 producit,
748 1614 810 1634 cum
827 1606 951 1641 ejusdem

163 1653 300 1681 facultatis
313 1653 477 1689 generativaa
489 1652 602 1688 perinde
623 1657 705 1687 atque
718 1651 798 1679 Pater
812 1652 950 1687 particeps

163 1699 221 1728 sit?
238 1699 281 1726 vel
296 1698 434 1733 quomodo
448 1698 567 1733 Spiritus
580 1702 691 1725 sanctus
705 1704 795 1733 neque
812 1696 951 1732 producit,

163 1752 254 1781 neque
266 1749 389 1781 generat,
401 1752 463 1772 cum
479 1744 532 1779 ipsi
548 1744 635 1779 amba;
650 1743 736 1770 insint
752 1742 793 1769 hae.
807 1741 952 1769 facultates

165 1791 273 1822 eodem,
286 1796 341 1824 quo
354 1792 382 1815 et
393 1788 420 1815 in
434 1788 514 1815 Patre
529 1791 557 1814 et
573 1786 642 1814 Filio
660 1785 763 1813 modo?
777 1784 927 1812 secundum
944 1792 950 1810 :

165 1834 310 1869 Quomodo
326 1841 381 1861 non
399 1837 483 1860 erunt
503 1832 559 1859 duo
584 1830 739 1866 principia,
764 1835 826 1856 cum
853 1827 953 1862 produ-

166 1885 257 1909 centta
272 1879 328 1906 duo
347 1878 420 1905 sint?
430 1882 477 1904 aut
487 1876 625 1911 quomodo
647 1883 701 1903 non
726 1875 780 1902 erit
791 1873 952 1906 contractio,

166 1926 231 1953 dum
251 1925 307 1952 duo
326 1925 353 1951 in
372 1931 455 1951 unum
482 1922 645 1958 principium
661 1919 849 1948 concurrunt?
865 1920 954 1954 primo

167 1972 228 1998 loco
245 1970 279 1997 de
297 1970 386 2004 primo
415 1969 519 1999 discat,
534 1968 614 1994 Patre
631 1966 730 1994 Filium
749 1970 896 2000 generante
916 1964 955 1991 fa-

167 2016 270 2043 cultate
291 2013 446 2050 generativa
461 2033 468 2046 ,
487 2017 517 2039 ut
531 2011 660 2042 diximus.
677 2011 880 2045 generationem
897 2017 953 2036 sua:

168 2059 296 2087 facultati
310 2059 497 2085 adhaerescere
508 2076 515 2088 ,
536 2063 589 2090 qua
604 2055 690 2082 Filius
713 2058 861 2089 generatur
873 2061 888 2081 a
907 2054 955 2081 Pa-

169 2111 211 2133 tre
229 2113 237 2131 :
249 2104 306 2139 pari
320 2104 426 2130 ratione
437 2107 466 2129 et
476 2103 556 2129 Patre
568 2109 616 2136 per
627 2101 731 2127 Filium
748 2100 882 2134 Spiritum
895 2107 954 2133 pro-

170 2150 306 2180 ducente,
331 2147 538 2182 productionem
554 2150 582 2172 et
603 2146 688 2179 ipsam
710 2145 828 2178 propria;
846 2151 902 2171 su'e
919 2143 958 2170 fa-

171 2194 267 2222 cultati
285 2193 486 2223 adhaerescere,
497 2199 550 2225 qua
567 2199 599 2218 ex
615 2191 695 2217 Patre
714 2197 761 2224 per
785 2190 883 2217 Filium
900 2190 956 2223 Spi-

171 2241 243 2268 ritus
258 2236 369 2267 sanctus
384 2236 517 2272 procedit.
534 2237 629 2271 Neque
644 2236 734 2270 itaque
746 2235 833 2262 Filius
847 2235 881 2262 ob
899 2235 956 2262 inec

173 2291 302 2322 generat;
319 2292 409 2320 neque
430 2283 550 2318 Spiritus
571 2286 683 2310 sanctus
708 2281 810 2316 aliquid
833 2285 956 2316 generat,

174 2337 222 2360 aut
232 2331 342 2360 emittit.
357 2330 480 2364 Namque
499 2328 582 2355 Pater
593 2327 681 2354 (ﬁctas
696 2326 854 2359 facultates,
873 2334 956 2361 gene-

174 2379 289 2406 rativam
314 2377 403 2409 Filio,
419 2375 604 2412 generativam
630 2378 658 2401 et
679 2373 867 2408 productivam
895 2373 957 2408 Spi-

175 2424 241 2452 ritui
254 2427 360 2455 sancto,
375 2422 433 2449 suis
448 2420 654 2456 operationibus
670 2421 841 2455 coniunctas,
856 2424 884 2447 ut
897 2427 958 2454 per-

176 2469 310 2496 fectiones
327 2472 432 2495 tantum
444 2487 453 2500 ,
475 2474 530 2494 non
549 2471 579 2493 ut
594 2466 738 2494 facultates
763 2465 958 2494 communicat.

177 2516 279 2550 Estque
302 2519 432 2549 praeterea
449 2517 564 2547 utraque
588 2512 701 2540 facultas
716 2511 822 2539 inﬁnita
834 2531 842 2544 ,
858 2511 957 2546 iisque,

178 2567 239 2594 qua
264 2566 307 2594 ex.
324 2559 403 2586 Patre
425 2562 507 2590 sunt,
533 2561 770 2591 commensurata,
800 2557 914 2585 infinitis
933 2561 962 2584 et

180 2606 257 2642 ipsis,
276 2612 331 2632 una
351 2604 503 2638 eademque
528 2603 682 2630 inﬁnitione
695 2623 702 2635 ,
728 2608 755 2630 et
775 2611 835 2638 qua;
854 2610 962 2638 semper

121 2660 129 2666 ί
179 2650 379 2686 producuntur,
398 2653 427 2676 ut
447 2648 635 2682 theologorum
650 2648 722 2675 dicta
738 2648 869 2675 tinniunt.
887 2647 962 2675 ideo-

181 2702 235 2730 que
250 2699 278 2722 et
293 2695 372 2722 Pater
392 2701 448 2721 una
471 2693 599 2724 facultate
613 2693 781 2727 generativa,
800 2700 854 2719 non
869 2692 962 2726 plures

182 2747 236 2767 una
254 2739 328 2766 liliali
348 2737 491 2774 hypostasi
513 2742 633 2773 generat,
648 2744 698 2764 nec
719 2739 772 2766 una
801 2737 962 2771 prodnctiva

183 2783 312 2811 facultate
330 2784 424 2818 plures
437 2782 563 2817 producit
579 2782 711 2816 Spiritus.
733 2781 801 2809 Hinc
815 2789 903 2816 neque
916 2782 964 2808 tri-

186 2831 237 2856 ιυε
253 2829 347 2863 plures
363 2829 392 2856 in
406 2828 506 2857 divinis
524 2828 684 2864 hypostases
710 2833 898 2861 numerantur,
916 2836 965 2856 nec

987 260 1032 284 σα,
1048 251 1077 277 τὸ
1089 251 1127 278 δι’
1141 250 1207 278 Υιοῦ
1220 250 1256 277 ἐκ
1278 251 1403 284 Πατρός.
1436 251 1482 282 Ὠς
1505 250 1561 285 γὰρ
1580 250 1619 277 δι’
1634 250 1702 277 Υὲοὗ
1726 250 1773 277 τὸν

988 298 1099 331 Πατέρα
1121 296 1278 332 προτίθησι,
1297 296 1344 323 καὶ
1357 296 1452 322 τοῦτον
1462 296 1511 331 τῆς
1528 296 1614 330 αὐτῆς
1629 295 1772 331 ἐνεργείας

988 341 1227 377 προκαταρκτικὸν
1247 341 1333 369 αττιον
1367 341 1416 368 καὶ
1442 342 1559 375 πηγαῖον
1586 342 1632 368 καὶ
1655 341 1774 376 ἄναρχον

988 388 1156 422 προεπινοεῖ,
1174 387 1245 414 οὕτω
1267 387 1315 414 καὶ
1335 387 1375 419 τὸ,
1396 387 1446 414 καὶ
1467 387 1502 420 ἐξ
1535 387 1616 419 Υιοῦ,
1646 387 1693 413 τὸν
1725 387 1775 421 μὲν

988 433 1054 460 Υίὸν
1071 433 1205 467 ξυναίτιον
1232 433 1280 460 καὶ
1294 433 1382 468 ἀρχὴν
1395 432 1424 466 ἐξ
1441 433 1539 468 ἀρχῆς,
1558 434 1605 460 τδν
1622 433 1649 460 δὲ
1664 433 1775 467 Πατέρα

990 478 1084 510 ἁπλῶς
1114 479 1199 505 αἴτιον
1229 479 1278 506 καὶ
1302 478 1390 513 ἀρχὴν
1413 479 1531 513 ἄναρχον
1553 478 1700 512 ἀποφαίνει
1725 477 1774 504 τοῦ

991 525 1162 560 Πνεύματος.
1176 524 1258 551 Ὅθεν
1274 525 1323 551 καὶ
1349 524 1376 550 εἴ
1391 532 1444 550 που
1461 524 1507 550 τὸν
1529 523 1594 550 Υίδν
1625 524 1712 558 ἀρχὴν
1727 523 1776 550 καὶ

991 570 1080 598 αἰτίαν
1095 570 1220 604 φησὶν,,ἢ
1236 569 1372 603 ξυγχωρεῖ
1382 568 1483 602 λέγειν,
1498 568 1550 602 τῆς
1570 567 1619 597 τοῦ
1651 567 1776 602 ΙΙνεύμα-

991 615 1237 647 το;,ὗποστάσεως,
1253 614 1379 649 καθάπερ
1398 614 1426 640 ὲν
1444 614 1483 649 τῷ
1494 614 1549 649 ὅρῳ
1566 613 1616 647 τῆς
1631 613 1707 646 ἱερᾶς
1725 620 1778 639 κα-

993 660 1102 695 θολικῆς
1131 660 1226 694 ὀγδόης
1249 658 1358 686 συνόδου
1375 658 1426 692 τῆς
1443 659 1472 684 ὲν
1496 657 1653 693 Φλωρεντίᾳ
1675 657 1778 691 γέγρα-

994 713 1070 738 πται,
1086 705 1134 739 οὐχ
1146 705 1241 737 ἅπλῶς
1250 704 1341 740 ἀρχὴν
1354 703 1411 731 οὐδ’
1424 704 1515 731 αἰτίαν
1544 703 1627 730 αὐτὸν
1651 702 1779 737 βούλεται

994 749 1073 783 εἶναι,
1085 751 1144 777 ἀλλ’
1159 750 1289 785 ἀρχὴνιέξ
1301 749 1402 784 ἀρχῆς,
1416 749 1463 776 καὶ
1474 749 1576 782 αἰτίαν,
1590 748 1607 784 ἢ
1623 749 1721 780 αῐτιον,
1740 747 1779 778 ὥς

995 796 1139 828 ξυναίτιον.
1160 795 1265 829 Ὥσπερ
1283 793 1317 821 αὖ
1345 795 1426 821 πάλιν
1439 795 1555 820 κάκεῖνο
1576 793 1606 821 ὲν
1637 792 1676 827 τῷ
1703 790 1780 826 αὐτῷ

995 842 1189 877 περιεχόμενον
1208 841 1263 876 ὅρῳ
1276 841 1315 873 τὸ,
1327 841 1404 868 οὕτω
1417 840 1475 867 κάκ
1488 839 1542 866 τοῦ
1555 839 1623 866 Υιοῦ
1637 839 1671 864 τὸ
1684 837 1779 864 Hreu-

992 895 1035 922 μα
1049 887 1271 922 προϐάλλεσθαι
1288 885 1422 919 καθάπερ
1434 885 1482 911 καὶ
1498 884 1534 917 ἐξ
1550 883 1644 911 αὑτοῦ
1655 883 1707 910 τοῦ
1723 884 1779 909 Πα-

995 933 1076 969 τρὸς,
1088 933 1119 959 οὗ
1137 932 1208 958 κατὰ
1219 932 1266 958 τὸν
1279 931 1382 966 τρόπον
1405 930 1461 957 νοεῖ
1483 931 1535 964 τῆς
1554 929 1682 964 προόδου,
1708 927 1781 955 ὥστε

995 977 1137 1008 ὡσαύτως,
1157 977 1216 1011 ἦτοι
1229 977 1354 1010 πηγαίοις
1374 976 1420 1002 καί
1440 976 1566 1010 ἀνάρχως
1577 975 1624 1001 καὶ
1639 973 1780 1006 ἀναιτίως,

995 1025 1043 1048 καὶ
1059 1019 1159 1053 οἷο-»ἑξ
1169 1020 1267 1048 ἑαυτοῦ
1296 1021 1343 1047 τοῦ
1372 1016 1438 1046 Υίοῦ
1465 1020 1495 1046 τὸ
1522 1019 1635 1053 Πνεῦμα
1661 1018 1781 1053 προάγε-

997 1068 1071 1100 σθαι,
1088 1067 1212 1102 καθάπερ
1225 1066 1256 1099 ἐξ
1276 1066 1358 1094 αὑτοῦ
1372 1066 1419 1093 τοῦ
1436 1065 1554 1101 Πατρός·
1570 1064 1714 1099 ἀντιφάσει
1726 1063 1783 1098 γὰρ

997 1114 1188 1149 περιέπιπτεν,
1205 1113 1230 1139 εί
1253 1112 1340 1143 οὕτως
1365 1112 1433 1139 ἐνόει
1449 1112 1539 1145 ταυτὶ,
1557 1111 1606 1138 καὶ
1621 1110 1657 1142 ἐξ
1667 1109 1735 1137 Υιοῦ
1751 1108 1784 1136 τὸ

999 1158 1111 1192 Πνεῦμα
1125 1157 1310 1192 κηρύττουτα,
1321 1156 1389 1182 ἀλλὰ
1405 1156 1476 1182 κατὰ
1496 1155 1526 1182 τδ
1543 1153 1641 1181 ταυτὸν
1657 1153 1708 1187 τῆς
1735 1152 1783 1178 δυ-

997 1204 1117 1239 νάμεως,
1136 1204 1201 1238 μιᾶς
1215 1202 1299 1238 οὔσης
1319 1201 1357 1236 τῷ
1373 1201 1484 1236 ἀριθμῷ
1499 1201 1529 1227 ιν
1551 1200 1640 1234 Πατρὶ
1655 1199 1702 1227 καὶ
1713 1197 1784 1231 Υίῷ,

997 1250 1041 1276 διὰ
1061 1249 1226 1284 γεννήσεως,
1240 1249 1277 1279 ὡς
1293 1248 1432 1281 ἐλέγομεν,
1455 1247 1487 1272 ἐκ
1501 1246 1607 1280 Πατρὺς
1619 1244 1658 1280 τῷ
1674 1243 1731 1277 Υίῷ
1744 1244 1786 1269 δι-

997 1288 1265 1331 δομένης,”καοάπερ
1288 1294 1334 1320 καὶ¹
1356 1293 1405 1327 τῆς
1433 1293 1527 1322 οὐσίας
1555 1291 1651 1326 αὐτῆς.
1676 1289 1721 1316 Διδ
1736 1289 1788 1316 καὶ

999 1342 1045 1368 τὸν
1062 1341 1128 1367 Yin
1151 1341 1183 1366 ὲκ
1202 1340 1310 1374 Πατρδς
1325 1339 1461 1374 παράγειν
1473 1337 1605 1373 κηρύττει
1619 1335 1650 1362 τὺ
1659 1333 1786 1368 Πνεῦμα,

999 1387 1047 1413 καὶ
1065 1385 1254 1421 προΰάλλοντα
1278 1385 1359 1412 αὑτὸν
1379 1383 1449 1411 εἶναι
1473 1383 1506 1410 ἔκ
1532 1382 1580 1409 τοῦ
1597 1380 1717 1417 Πατρδς,
1736 1380 1785 1407 καὶ

999 1433 1049 1459 ὅσα
1061 1434 1110 1467 τῆς
1124 1432 1220 1467 ὁμοίας
1234 1432 1292 1457 ἐστὶ
1303 1430 1454 1464 δυνάμεως.

1035 1510 1069 1538 0'.
1086 1511 1116 1537 Et
1131 1510 1159 1537 δὲ
1169 1509 1272 1536 τούτων
1290 1508 1335 1542 ὑφ’
1348 1507 1428 1543 ήμῶν
1449 1506 1602 1542 εἰρημένων
1614 1514 1657 1536 τις
1674 1504 1786 1540 ἀποροῖ,

1001 1557 1110 1592 πρῶτον
1130 1557 1190 1591 μὲν,
1207 1555 1268 1586 Πῶς
1284 1552 1330 1581 οὖν
1345 1554 1359 1580 ὁ
1385 1553 1446 1585 Υἱὸς
1460 1553 1491 1579 οὐ
1515 1553 1597 1587 γεννᾷ
1610 1551 1737 1584 καθάπερ
1755 1550 1790 1585 δὴ

1001 1604 1048 1630 καὶ
1067 1601 1226 1636 προῆάλλει,
1240 1600 1290 1633 τῆς
1317 1599 1402 1641 αὐτῆς
1422 1598 1636 1641 μεταλαγχάνων
1661 1604 1790 1641 γεννητιῗ

1001 1647 1054 1681 κῆς
1083 1646 1224 1679 δυνάμεως
1242 1643 1281 1677 τῷ
1308 1639 1414 1677 Πατρίς
1437 1641 1529 1677 ἢπῶς
1557 1641 1587 1667 τὸ
1613 1639 1726 1673 Πνεῦμα
1758 1639 1791 1665 τὸ

1002 1692 1080 1726 ἅγιον
1097 1690 1159 1717 οὒτε
1174 1688 1332 1722 προϐάλλει,
1358 1686 1421 1713 οὔτε
1446 1687 1539 1721 γεννᾷ,
1564 1685 1619 1712 τῶν
1643 1684 1790 1718 δυνάμεων

1002 1736 1143 1770 ἑκατέρων
1156 1734 1244 1761 οὐσῶν
1258 1735 1287 1760 ὲν
1300 1733 1385 1768 αὐτῷ,
1414 1732 1539 1765 καθάπερ
1569 1731 1598 1758 ἐν
1620 1730 1707 1765 Πατρὶ
1739 1728 1788 1755 καὶ

1003 1782 1075 1816 Υίῷ;
1091 1781 1217 1815 δεύτερον
1232 1779 1270 1812 δὲ,
1303 1779 1364 1810 Πῶς
1392 1777 1439 1805 οὖν
1460 1777 1491 1804 οὗ
1519 1777 1565 1804 δύο
1592 1776 1677 1811 ἀρχαὶ¹
1712 1775 1790 1801 δυοῖν

1003 1827 1088 1854 ὄντων
1099 1826 1152 1852 τῶν
1173 1824 1392 1860 προϐαλλόντων,
1411 1823 1428 1858 ἦ
1444 1823 1503 1854 πῶς
1514 1823 1544 1849 οὺ
1576 1821 1734 1855 ξυναλοιφὴ,
1761 1819 1788 1846 ει

1003 1872 1050 1900 δύο
1064 1872 1112 1904 μία
1124 1871 1195 1906 ἀρχή
1212 1879 1219 1904 ;
1245 1870 1312 1896 ἴστω
1325 1870 1434 1904 πρῶτον
1452 1870 1500 1903 μὲν
1515 1867 1584 1904 πρὸς
1601 1867 1631 1893 τὸ
1642 1867 1790 1901 πρότερον,

1004 1919 1045 1945 ὅτι
1063 1917 1109 1945 τοῦ
1126 1917 1230 1953 Πατρδς
1250 1917 1296 1943 τὸν
1311 1916 1374 1943 Υίὺν
1401 1915 1553 1949 γεννῶντος
1585 1915 1619 1948 τῇ
1640 1912 1791 1947 γεννητικῇ

1004 1964 1129 1999 δυνάμει,
1143 1963 1272 1999 καθάπερ
1300 1963 1441 1998 ἐλέγομεν,
1469 1961 1487 1994 ἡ
1504 1960 1631 1995 γέννησις
1654 1958 1794 1992 ξυνῆπται

1004 2011 1039 2045 τῇ
1051 2010 1152 2042 ἑαυτῆς
1179 2009 1303 2044 δυνάμει,
1330 2006 1347 2046 ᾖ
1367 2009 1380 2035 ὁ
1396 2008 1461 2040 Υἱὸς
1475 2007 1605 2041 γεννᾶται
1624 2005 1656 2030 ἐκ
1671 2003 1719 2030 τοῦ
1737 2003 1794 2029 Πα-

1005 2056 1079 2091 τρός.
1096 2055 1217 2090 Ὁμοίως
1231 2055 1318 2082 δὲκαὶ
1332 2053 1379 2081 τοῦ
1403 2052 1511 2088 Πατρὸς
1526 2051 1560 2077 δι’
1575 2050 1641 2077 Υίοῦ
1662 2049 1691 2075 τὸ
1703 2046 1792 2074 Πνεῦ-

1008 2111 1047 2137 μα
1060 2101 1269 2138 προὸάλλοντης,
1289 2101 1306 2136 ἡ
1331 2099 1451 2135 προϐολὴ
1476 2098 1610 2133 ευνῆπται
1633 2097 1666 2130 τῇ
1692 2094 1794 2127 ὲαυτῆς

1008 2148 1054 2174 καὶ
1067 2148 1137 2184 αὑτὴ
1150 2148 1276 2182 δυνάμει,
1294 2145 1311 2184 ᾖ
1324 2148 1356 2173 ὲκ
1368 2145 1476 2181 Πατρὺς
1486 2144 1521 2171 δι’
1539 2142 1604 2170 Υἱοῦ
1622 2142 1651 2168 et
1680 2139 1794 2173 Πνεῦμα

973 2206 994 2234 ι)
1009 2194 1039 2219 τὸ
1055 2193 1133 2227 ἆγιον
1146 2192 1345 2227 ,ἐκπορεύεταμ
1369 2190 1438 2217 Οὔτε
1467 2190 1560 2234 τοίνυν
1580 2189 1594 2214 ὁ
1617 2187 1681 2234 Υἱὸς
1712 2185 1797 2234 γεννξ

1009 2237 1053 2264 διὰ
1067 2236 1166 2268 ταῦτα,
1194 2236 1260 2263 οὔτε
1276 2236 1306 2262 τὺ
1331 2236 1411 2270 ἆγιον
1447 2233 1559 2268 Πνεῦμα
1598 2231 1681 2266 γεννᾷ
1709 2239 1747 2262 τι,
1778 2229 1796 2264 ἢ

1011 2281 1166 2317 ὲκπορεύει.
1194 2281 1364 2308 Μεταδῐδωσι
1388 2279 1443 2315 γὰρ
1466 2280 1481 2305 ὀ
1501 2278 1599 2312 Πατὴρ
1611 2276 1666 2303 τῶν
1681 2275 1798 2310 είρημέο

1013 2336 1067 2354 νων
1091 2327 1245 2361 δυνάμεων,
1261 2326 1312 2361 τῆς
1327 2326 1377 2360 μὲν
1402 2324 1565 2359 γεννητικῆς
1585 2323 1630 2357 .τῷ
1655 2321 1724 2356 Υίῷ,
1748 2321 1799 2354 τῆς

1014 2372 1042 2398 δὲ
1056 2373 1218 2407 γεννητικῆς
1233 2371 1280 2398 καὶ
1295 2370 1483 2406 προϐλητικῆς
1499 2369 1539 2404 τῷ
1551 2368 1621 2403 ἁγίῳ
1644 2367 1797 2401 Πνεύματι,

1013 2417 1195 2452 ξυνημμένων
1230 2417 1281 2452 ἥδη
1310 2417 1370 2448 ταῖς
1402 2415 1476 2450 σφῶν
1511 2415 1601 2442 αὐτῶν
1631 2413 1797 2447 ἐνεργείαις,

1017 2464 1055 2499 ὡς
1068 2464 1248 2498 τελειοτήτων
1266 2463 1357 2496 μόνον,
1375 2462 1424 2497 οὐχ
1457 2461 1494 2493 ὡς
1523 2461 1676 2494 δυνάμεων.
1694 2458 1801 2492 Πρόσε-

1017 2510 1100 2536 στιδὲ
1120 2510 1168 2536 καὶ
1184 2511 1198 2536 ὁ
1221 2509 1271 2545 τὴν
1285 2508 1402 2543 δύναμιν
1426 2507 1560 2542 ἑκατέραν
1580 2506 1694 2539 ἄπειρον
1725 2501 1798 2530 εἶναι

1016 2557 1065 2584 καὶ
1100 2555 1350 2590 ξυμμετρουμένην
1381 2554 1439 2585 τοῖς
1476 2554 1509 2579 ὲκ
1542 2546 1648 2587 Πατρὺέ
1677 2551 1726 2576 καὶ
1752 2549 1803 2574 αὐ-

1015 2604 1071 2634 τοῖς
1090 2603 1216 2637 ἀπείροις
1230 2599 1290 2628 οὖσι
1303 2600 1353 2636 μιᾷ
1371 2600 1430 2633 ,καὶ
1445 2600 1477 2635 τῇ
1507 2599 1575 2633 αὐτῇ
1591 2597 1716 2632 ἀπειρίᾳ,
1748 2594 1798 2622 καὶ

1016 2648 1060 2675 ἀεὶ
1087 2647 1291 2682 παραγομένοις
1313 2647 1384 2673 κατὰ
1411 2645 1460 2680 τὴν
1493 2645 1547 2671 τῶν
1574 2643 1718 2676 θεολόγων
1744 2650 1802 2675 φω-

1017 2693 1078 2728 νήν,
1104 2692 1150 2719 Διὺ
1177 2692 1224 2719 καὶ
1251 2693 1265 2718 ὁ
1292 2690 1385 2726 Πατὴρ
1414 2691 1463 2726 μιᾷ
1494 2691 1608 2723 δυνάμει
1650 2687 1800 2724 γεννητικῇ

1018 2738 1048 2764 οὐ
1071 2737 1180 2767 πλείους
1207 2737 1272 2770 μιᾶς
1297 2737 1387 2771 υῑικῆς
1412 2737 1589 2768 ὑποστάσεως
1611 2737 1713 2771 γεννᾷ,
1744 2736 1802 2762 οὐδ’

1020 2783 1080 2814 ὲνδς
1096 2779 1130 2808 αὖ
1157 2782 1206 2817 μιᾷ
1234 2782 1347 2816 δυνάμει
1378 2782 1547 2817 προϐλητικῇ
1570 2782 1656 2809 πλείω
1682 2784 1802 2818 παράγει

1019 2829 1058 2860 τὰ,
1069 2827 1226 2861 Πνεύματα.
1241 2826 1334 2854 Ταῦτά
1351 2836 1392 2854 τοι
1407 2829 1454 2855 καὶ
1465 2829 1495 2854 οὐ
1513 2828 1597 2855 πλείω
1608 2828 1693 2863 τριῶν
1704 2829 1734 2855 ἐν
1748 2829 1806 2859 τοῖς
