1942 3075
149 114 219 148 1005

606 114 654 144 DE
673 112 935 145 PROCESSIONE
954 113 1137 144 SPIRITUS
1157 87 1301 146 SANCTI.

1680 107 1688 111 ’
1704 108 1772 141 1006

136 170 230 203 ,θείοις
244 168 368 197 ἑντεῦθεν
383 169 410 196 αι
424 168 600 198 ὑποστάσεις,
628 167 757 201 καθάπερ
768 167 825 197 τοῖς
837 165 929 192 θεολο-

988 171 1055 199 sunt,
1067 166 1105 194 uti
1115 168 1318 195 accuratiorum
1331 166 1519 203 theologorum
1533 164 1658 192 examine
1670 164 1771 190 consti-

147 214 307 250 γικωτέροις
320 214 475 249 ὲξήτασται.
490 214 548 248 Οὐχ
562 213 634 240 οὕτω
653 212 682 239 δὲ
698 211 842 246 ξυμόαίνει
869 211 932 245 περὶ

147 260 198 295 τὴν
208 260 236 285 ἐν
251 259 290 294 τῷ
301 259 358 294 Υιῷ
373 259 560 296 προσλητικὴν
575 258 702 293 δύναμιν,
716 258 766 292 τὴν
781 258 813 284 ὲκ
825 257 937 292 Πατρός

148 304 223 340 αὖτῷ
252 305 393 341 διδομένην
410 306 455 333 διὰ
483 304 647 340 γεννήσεως.
680 304 754 338 Αὐτὴ
771 303 836 338 γὰρ,
851 302 904 330 δθ*
919 303 933 329 ό

148 348 213 380 Tib;
234 350 384 385 παρῆκται,
413 351 497 385 μήπω
521 349 668 384 νοουμένου
692 348 739 374 τοῦ
772 347 934 382 Πνεύματος

148 394 359 430 ἐκπορεύεσθαι,
379 395 507 431 καθάπερ
522 395 642 430 πρόσθεν
667 394 808 429 ἐλέγομεν,
834 394 866 420 ὲκ
881 393 934 419 Πα-

147 441 211 473 τρδς
226 440 330 468 δέδοται
347 441 386 477 τῷ
401 441 458 477 ΥΞῷ
476 441 561 477 μήπω
578 440 626 467 τοῦ
644 440 752 476 Πατρὺς
778 440 816 472 ὡς
833 439 934 475 προσο-

147 486 217 518 λέως
227 486 296 522 αὐτῇ
309 487 341 513 τὺ
357 487 469 522 Πνεῦμα
492 486 670 523 προάγοντος.
695 487 740 513 Διὸ
754 487 802 513 καὶ
816 487 850 520 τῇ
863 485 932 521 αὐτῇ

147 531 262 566 δυνάμει
275 532 323 558 καὶ
342 533 356 559 ό
381 528 486 570 Υῐδς,ᾖ
512 532 673 567 προὸάλλων
693 533 725 559 ὲκ
746 532 795 559 τοῦ
816 532 935 567 Πατρός,

150 576 260 611 σύναμα
276 577 362 612 [Ias-91
378 579 427 614 μιᾷ
442 577 548 613 προόδῳ
568 578 598 604 τὸ
610 578 722 612 Πνεῦμα
741 578 887 613 ὲκπορεὺει
905 578 935 604 τὸ

149 619 237 655 ἅγιον,
252 621 293 647 ὅθ’
305 622 318 647 ὁ
331 622 426 657 Πατὴρ
473 622 623 657 προὸολεὺς
639 622 706 649 αὐτὸ
723 621 882 657 ἐκπορεύει.

187 663 213 691 ι’.
236 665 351 693 Ἔπειτα
364 667 393 693 δὲ
408 667 456 694 καὶ
470 667 585 704 πρδςττὸ
599 667 727 702 δεύτερον
743 667 823 700 ἴστω,
839 669 882 695 ὅτι
905 667 936 695 τὸ

148 709 198 743 τῆς
211 711 299 746 ἀρχῆς
314 712 400 746 ὄνομα
415 712 514 744 διττῶς
541 713 572 740 οὐ
588 714 669 748 μόνον
692 715 748 745 τοῖς
766 714 934 749 φιλοσόφοις,

149 756 218 783 ἀλλὰ
235 757 282 783 καὶ
293 759 349 789 τοῖς
363 759 518 793 θεολογοῦσι
534 759 718 794 λαμϐάνεται,
735 761 784 787 ενα
801 761 851 796 μὲν
873 761 936 795 τρό-

150 810 200 828 πον
215 801 252 849 lit:
268 802 394 849 δύναμις,
408 803 489 831 ἄλλον
501 804 524 832 δ’
538 805 573 832 αὖ
587 805 624 838 ὡς
641 806 815 849 Inposui-nov“
830 807 847 843 ἢ
870 806 936 833 άτο-

984 215 1072 240 tntum
1092 216 1143 240 est.
1167 212 1254 241 Aliter
1272 219 1336 239 vero
1358 219 1387 239 se
1408 211 1493 238 habet
1511 211 1538 237 in
1560 210 1688 236 facultate
1709 216 1772 242 pro-

984 258 1103 289 ductiva,
1117 265 1176 292 quae
1192 258 1219 285 in
1233 258 1303 285 Filio
1314 262 1367 290 est,
1378 265 1411 285 ex
1428 257 1508 285 Patre
1523 255 1574 291 ipsi
1593 263 1642 290 per
1658 263 1771 290 genera-

985 304 1085 331 tionem
1101 304 1234 332 cxhibita.
1252 303 1299 330 llla
1322 304 1394 330 enim
1408 324 1416 335 ,
1439 311 1500 330 Clllll
1515 302 1602 330 Filius
1621 301 1772 336 productus

984 353 1044 380 est,
1072 350 1192 376 nondum
1223 349 1378 381 intellecto,
1403 347 1536 382 Spiritum
1559 347 1726 382 procedere,
1743 351 1773 373 ut

971 394 1064 422 'antea
1078 394 1181 422 dictum
1198 399 1251 426 est,
1264 401 1297 422 ex
1309 395 1390 421 Patre
1420 394 1538 420 traditur
1551 393 1630 425 Filio,
1651 392 1772 419 nondum

985 441 1076 473 Patre,
1090 441 1175 468 veluti
1199 441 1374 476 productore,
1390 448 1421 468 ea
1437 440 1569 476 Spiritum
1592 440 1771 474 producente.

985 486 1187 521 Proptereaque
1208 487 1303 514 eadem
1327 487 1457 514 facultate
1474 491 1502 514 et
1515 486 1611 517 Filius,
1631 493 1685 520 qua
1707 493 1773 520 pro.

985 531 1084 559 ductor
1098 536 1139 558 est
1154 540 1186 559 ex
1204 532 1295 565 Patre,
1312 532 1393 560 simul
1409 540 1472 560 cum
1487 532 1566 560 Patre
1582 539 1634 558 una
1661 538 1773 566 proces-

986 577 1063 605 sione
1080 578 1213 612 Spiritum
1232 583 1357 606 sanctum
1377 578 1517 613 producit,
1535 585 1597 605 cum
1614 577 1703 610 Pater,
1720 584 1778 610 qua,

987 623 1136 658 productor
1151 628 1204 655 est,
1229 624 1305 651 ilium
1318 624 1455 658 producit.

1024 669 1067 697 10.
1089 669 1126 696 De
1142 669 1262 697 secundo
1284 669 1458 704 postmodum
1473 669 1554 702 sciat,
1568 668 1698 704 principii
1723 674 1775 694 no-

987 722 1071 747 men,
1092 723 1146 742 non
1171 719 1277 743 tantum
1303 723 1318 743 a
1346 715 1517 750 piiilosrphis
1542 714 1591 742 sed
1606 722 1621 741 a
1640 713 1775 752 theologis

987 768 1096 795 quoque
1114 761 1244 795 bipartito
1263 761 1348 795 accipi
1382 766 1409 787 et
1424 769 1477 787 uno
1497 760 1608 795 quidem
1629 760 1719 790 modo,
1737 758 1774 786 uti

989 807 1113 839 facultas.
1139 808 1193 835 alio
1217 809 1255 835 uti
1288 815 1415 842 persona.
1437 812 1485 834 aut
1512 806 1699 838 individuum,
1727 810 1774 831 aut

150 855 212 881 μον,
227 848 244 883 ἢ
263 848 424 882 ὑπόστασις.
436 851 569 878 Καλεῖται
591 851 620 878 δὲ
645 852 661 887 ἡ
687 852 737 887 μὲν
759 842 874 888 ἀρῇἡγὴ
898 852 935 882 ὡς

988 842 1143 886 liypostasis
1160 863 1166 879 :
1187 856 1303 880 vocatur
1317 860 1383 879 vero
1398 851 1575 887 principium,
1596 855 1626 878 ut
1648 849 1774 880 facultas.

147 892 273 928 δύναμις,
291 891 319 930 ᾖ,
334 895 486 929 τουτέστιν,
503 894 520 934 ᾖ
534 897 649 932 δυνάμει
661 898 709 924 καὶ
733 898 804 933 ἀρχῇ
821 898 936 933 προάγει

148 940 220 973 τόγε
236 941 369 975 προάγον,
385 942 471 977 αὐτῆς
488 942 538 977 μὲν
547 944 577 970 οὐ
598 943 787 980 προαγούσης·
805 944 821 979 ἠ
837 943 891 978 γὰρ
904 943 937 970 ἂν

148 984 198 1012 καὶ
212 985 282 1021 αὑτὴ
296 986 363 1022 ἄλλῃ
377 987 432 1014 τινὶ
443 988 556 1023 δυνάμει
578 989 689 1025 παρῆγε
705 991 737 1025 τῇ
759 991 787 1017 ἐν
798 990 876 1025 αὐτῇ,
891 990 937 1016 καὶ

148 1030 218 1066 αὐτὴ
247 1031 329 1059 πάλιν
347 1032 381 1059 αὖ
400 1033 483 1069 ἑτέρᾳ
512 1034 637 1068 δυνάμει,
656 1034 806 1062 κάντεῦθεν
831 1036 859 1062 ἐν
880 1036 937 1067 τοῖς

148 1075 210 1102 καθ’
221 1076 314 1113 αὑτὺὴ
329 1077 372 1104 ἐπ’
384 1078 501 1114 ἄπειρον
516 1077 550 1114 ἦν
568 1080 756 1116 προχώρησις,
783 1081 851 1117 ὅπερ
876 1081 936 1108 ἆτο-

148 1129 211 1148 πονο
227 1122 314 1157 ἀρχῆς
329 1123 358 1150 δὲ
372 1123 456 1159 οὖσης
469 1125 555 1160 αὐτῆς
573 1126 620 1152 καὶ
639 1126 794 1161 δυνάμεως,
852 1128 938 1162 προά-

148 1175 193 1201 γει
211 1166 242 1193 τδ
260 1167 344 1203 αὐτὴν
354 1168 473 1204 ἔχον,ῶς
491 1170 564 1206 ἀρχὴ
587 1170 659 1197 κατὰ
688 1171 718 1197 τὸ
741 1171 867 1206 δεύτερον
886 1171 936 1206 τῆς

148 1210 235 1246 ἀρχῆς
252 1213 463 1247 σημαινόμενον.
479 1214 511 1240 Ἦ
527 1214 556 1241 δὲ
573 1215 646 1250 ἀρχὴ
668 1216 685 1250 ὴ
697 1215 734 1246 ὡς
751 1216 935 1251 πρόσωπον,ἢ

148 1255 261 1290 ἄτομον,
280 1257 296 1292 ἢ
310 1257 471 1292 ὑπόστασις,
491 1259 554 1294 ἥτις
569 1260 704 1294 καλεῖται,
720 1261 862 1287 τουτέστιν
874 1261 936 1296 ἥτις

149 1302 270 1337 παράγει
283 1301 345 1340 τῇῇ
362 1304 477 1340 δυνάμει
490 1306 523 1340 τῇ
545 1306 575 1332 ὲν
603 1305 673 1341 αὐτῇ
689 1306 804 1342 δηλαδή.
835 1307 936 1334 Τοσαυ-

147 1348 238 1382 ταχῶς
251 1345 299 1375 οὖν
309 1348 356 1375 τοῦ
370 1350 421 1384 τῆς
435 1350 523 1385 ἀρχῆς
540 1351 673 1385 ὀνόματος
684 1351 935 1386 ὲκλαμὸανομὲνου,

148 1394 173 1420 ει
198 1393 248 1428 μὲν
263 1395 292 1421 ἐν
307 1395 460 1431 Πατρὶκαὶ
484 1396 542 1431 Υίῷ
558 1396 606 1423 δύο
627 1397 677 1428 τὰς
704 1397 793 1432 ἀρχὰς
810 1397 936 1432 θείη¹τίς

147 1439 186 1471 ὼς
206 1439 337 1476 δυνάμεις
352 1441 553 1477 προσλητικὰς,
569 1441 614 1473 αἷς
631 1443 725 1478 Πατὴρ
754 1443 801 1469 καὶ
827 1443 892 1475 Υίὺς
906 1446 936 1470 το

116 1513 125 1517 ρ
148 1484 264 1520 Πνεῦμα
277 1487 447 1521 παράγουσι,
465 1487 538 1522 μάλα
548 1481 671 1521 άτοπον,
691 1488 738 1515 καὶ
755 1488 864 1523 ψευδὲς,
889 1489 936 1515 καὶ

147 1529 199 1564 τῆς
208 1530 351 1564 εὐσεόείας
364 1531 519 1568 ἀλλότριον.
532 1529 571 1568 ’ᾝ
580 1533 635 1568 γὰρ
644 1533 677 1560 ἂν
686 1533 741 1560 οὐδ’
757 1533 773 1569 ἡ
784 1533 852 1569 αὑτὴ
859 1533 937 1561 οὐσία
951 1529 972 1542 “⁴

147 1577 188 1612 τῷ
207 1577 319 1612 ἀριθμῷ
349 1577 439 1614 Πατρὶ
460 1577 569 1613 προσῆν
596 1579 643 1605 καὶ
658 1577 727 1613 me,
763 1575 804 1610 οἷς
829 1579 860 1614 τῇ
889 1579 938 1613 τῆς

149 1623 236 1658 αὐτῆς
253 1622 396 1657 δυνάμεως
422 1622 561 1658 διακρίσει
587 1623 635 1650 καὶ
656 1624 674 1659 ὴ
698 1624 837 1657 διάκρισις
858 1624 938 1653 εὐθὺς

148 1667 246 1694 ἕπεται
261 1667 311 1702 τῆς
327 1667 432 1700 οὐσίας,
449 1667 508 1694 ἐστι
525 1668 576 1702 μὲν
586 1667 630 1694 ὅτε
654 1667 700 1694 καὶ
725 1668 801 1700 εἴδει,
828 1668 887 1694 ἔστι
915 1667 937 1693 δ’

148 1712 194 1739 διε
218 1713 265 1740 καὶ
284 1712 324 1748 τῷ
341 1713 447 1748 ἀτόμῳ.
465 1712 535 1740 Ἀλλ’
548 1712 620 1739 οὕτω
641 1713 688 1740 δύο
710 1713 798 1748 ἀρχὰς
827 1714 856 1739 ἐν
881 1714 938 1741 τοῖν

150 1759 225 1785 δυοῖν
239 1758 277 1791 ὡς
289 1758 421 1795 δυνάμεις
441 1759 569 1794 οὐδαμῶς
585 1760 602 1795 ἡ
630 1760 690 1795 ιερὰ
708 1760 764 1786 τῶν
793 1760 938 1794 Ῥωμαίων

149 1802 277 1834 ὲδόξασεν
303 1802 463 1837 Ἐκκλησία.
478 1803 580 1830 Πολλοῦ
596 1812 628 1838 γε
659 1804 708 1831 καὶ
722 1804 763 1830 δεῖ
785 1811 793 1820 ·
822 1805 936 1838 ὅπουγε,

150 1846 278 1882 καθάπερ
293 1846 436 1882 ἐλέγομεν,
451 1848 543 1885 πάντη
555 1848 605 1884 τὴν
618 1848 704 1882 αὐτῆς
727 1849 756 1875 ὲν
769 1849 858 1882 Πατρὶ
869 1857 935 1883 προ-

150 1892 281 1928 σλητικὴν
294 1893 410 1928 δύναμιν
434 1893 559 1929 πάριθμῷ
585 1895 728 1928 προσεῖναι
758 1893 866 1927 δοξάζει
891 1895 938 1921 καὶ

149 1936 189 1972 τῷ
204 1937 271 1971 Υίῷ,
287 1937 320 1963 ιιι
335 1937 382 1964 τοῦ
399 1937 507 1973 Πατρὺς
521 1937 595 1973 αὐτῷ
609 1938 753 1973 διδομένην
775 1939 819 1965 διὰ
841 1939 938 1974 γεννή-

151 1991 231 2016 σεως,
243 1982 370 2018 καθάπερ
385 1985 431 2010 καὶ
449 1983 500 2018 τὴν
518 1984 612 2010 οὐσίαν
624 1984 721 2018 αὐτὴν,
739 1985 789 2010 ὅσα
818 1992 848 2018 τε
869 1984 938 2011 ἄλλα

152 2028 242 2062 φαμὲν
256 2030 312 2060 τοῖς
331 2028 490 2064 προσώποις
514 2030 546 2055 ὲκ
561 2029 611 2064 τῆς
627 2029 749 2063 πηγαίοις
765 2030 854 2065 ἀρχῆς
870 2030 938 2057 δίδο-

152 2074 216 2100 σθαι
233 2074 280 2100 τοῦ
294 2072 363 2101 Θεοῦ
383 2075 429 2101 καὶ
444 2075 564 2110 Πατρδς,
585 2074 794 2102 κάντεῦθενκαὶ
809 2075 873 2110 μίαν
890 2075 938 2102 τὰ·

153 2119 246 2154 ριθμῷ
265 2120 391 2154 πρόοδον,
419 2121 466 2146 καὶ
481 2120 511 2146 ἓν
525 2120 612 2155 δήπου
629 2120 741 2155 Πνεῦμα
766 2121 797 2146 τὸ
811 2120 937 2155 παραγό-

988 905 1041 932 qua
1057 905 1155 932 nempe
1167 898 1298 926 facultate
1316 903 1344 925 et
1355 897 1490 932 principio
1504 896 1659 932 producens
1672 895 1776 931 produ-

988 943 1072 976 ducit,
1094 945 1150 979 ipsa
1166 944 1278 978 quidem
1294 943 1369 971 nullo
1393 943 1476 970 modo
1497 943 1682 976 producente;
1699 947 1776 967 nam~

988 997 1043 1025 que
1059 993 1117 1017 tum
1131 994 1158 1018 et
1170 990 1229 1025 ipsa
1248 990 1301 1017 alia
1322 988 1450 1024 quapiam
1467 987 1606 1021 facultate,
1629 994 1690 1021 qua:
1703 986 1729 1012 in
1743 993 1775 1013 ea

987 1039 1078 1070 esset,
1099 1036 1285 1071 produceret,
1302 1040 1330 1064 et
1354 1035 1412 1069 ipsa
1437 1041 1532 1062 rursus
1556 1033 1608 1060 alia
1633 1032 1774 1062 facultate,

988 1081 1107 1116 hincque
1122 1081 1150 1109 in
1165 1082 1247 1109 rebus
1260 1081 1398 1108 similibus
1413 1081 1553 1110 processio
1565 1079 1680 1105 daretur
1693 1077 1722 1103 in
1734 1077 1775 1102 in-

989 1127 1093 1154 finitum
1107 1147 1115 1161 ,
1135 1127 1207 1162 quod
1233 1128 1312 1162 plane
1336 1126 1487 1154 absurdum
1512 1129 1564 1153 est.
1582 1124 1635 1152 Sed
1653 1130 1715 1151 cum
1744 1131 1775 1149 ea

972 1177 1029 1208 est
1047 1173 1214 1208 principium
1228 1177 1256 1201 et
1276 1172 1402 1204 facultas,
1425 1179 1478 1206 qua
1494 1170 1624 1206 producit
1650 1169 1774 1196 eamdem

988 1219 1140 1254 possidens,
1156 1220 1195 1247 uti
1209 1219 1386 1254 principium,
1404 1218 1525 1246 secundo
1546 1216 1674 1252 principii
1692 1216 1775 1250 signi-

987 1263 1080 1296 ﬁcatu,
1096 1264 1226 1298 principii
1255 1263 1360 1291 scilicet
1375 1262 1448 1297 quod
1463 1267 1506 1290 est
1528 1266 1558 1289 ut
1574 1268 1691 1296 persona
1704 1282 1711 1292 ,
1728 1265 1776 1287 aut

988 1308 1172 1341 individuum,
1187 1313 1236 1337 aut
1251 1309 1416 1345 hypostasis,
1433 1308 1474 1336 sic
1488 1307 1588 1340 vocati,
1610 1306 1656 1342 qui
1673 1305 1775 1340 produ-

987 1355 1024 1381 cit
1040 1355 1166 1383 facultate
1180 1363 1263 1390 quam
1279 1355 1306 1382 in
1331 1362 1360 1382 se
1384 1354 1479 1382 habet.
1506 1353 1559 1381 Tot
1579 1353 1670 1387 itaque
1687 1351 1776 1378 modis

987 1401 1098 1428 nomine
1112 1401 1240 1436 principii
1253 1404 1376 1435 accepto,
1389 1400 1411 1427 si
1430 1400 1457 1426 in
1481 1399 1562 1427 Patre
1579 1403 1608 1426 et
1627 1397 1696 1425 Filio
1719 1397 1774 1423 duo

987 1445 1122 1479 principia
1135 1445 1198 1480 quis
1208 1445 1393 1477 constituerit,
1403 1444 1487 1471 veluti
1502 1443 1645 1471 facultates
1655 1441 1775 1476 produc-

988 1490 1067 1522 tivas,
1083 1490 1184 1525 quibus
1203 1491 1284 1518 Pater
1297 1495 1326 1518 et
1347 1491 1433 1518 Filius
1455 1490 1590 1525 Spiritum
1607 1488 1773 1524 producunt.

988 1535 1137 1562 absurdum
1158 1535 1186 1563 id
1204 1536 1398 1569 maximopere,
1422 1543 1449 1562 et
1463 1535 1573 1566 falsum,
1589 1538 1618 1561 et
1633 1541 1648 1560 a
1660 1532 1776 1560 veritate

989 1581 1110 1607 alienum
1129 1580 1420 1609 asseveraverit.Tum
1431 1580 1566 1615 siquidem
1576 1586 1665 1613 neque
1679 1577 1774 1606 eadem

989 1634 1104 1658 nume.
1118 1626 1237 1654 essentia
1248 1626 1322 1654 Patri
1331 1626 1434 1654 inesset
1446 1624 1640 1658 etFilio,quos
1653 1623 1775 1657 ejusdem

988 1671 1125 1699 facultatis
1143 1672 1320 1700 distinctione
1342 1671 1435 1699 statim
1461 1675 1489 1698 et
1518 1674 1622 1697 natura:
1635 1668 1776 1695 distinctio

988 1717 1215 1752 subsequeretur,
1237 1717 1383 1752 aliquando
1395 1716 1497 1751 specie,
1512 1713 1657 1750 aliquando
1677 1712 1775 1740 indivi-

988 1762 1043 1790 duo
1059 1763 1178 1790 diversa.
1189 1762 1222 1790 Et
1239 1763 1289 1789 hac
1298 1762 1402 1789 ratione
1416 1762 1468 1789 duo
1478 1759 1612 1796 principia
1626 1759 1653 1786 in
1669 1758 1776 1786 duabus

988 1808 1113 1844 personis
1135 1813 1166 1836 ut
1195 1805 1340 1836 facultates
1369 1814 1510 1842 nunquam
1533 1813 1612 1834 sacra
1638 1803 1775 1832 Romano-

988 1861 1049 1880 rum
1069 1853 1189 1881 Ecclesia
1206 1853 1304 1881 tenuit.
1316 1853 1359 1880 ΝΗ
1385 1852 1495 1885 minus;
1512 1858 1586 1883 cum,
1603 1855 1631 1878 ut
1640 1850 1695 1886 jam
1709 1849 1777 1876 dixi-

989 1905 1060 1931 mus,
1082 1897 1170 1925 modis
1189 1897 1319 1925 omnibus
1331 1897 1455 1924 eamdem
1470 1896 1668 1931 producentem
1692 1893 1776 1921 facul-

989 1948 1085 1975 tatem,
1105 1951 1166 1978 quae
1191 1943 1220 1970 in
1236 1943 1317 1970 Patre
1332 1947 1375 1970 est
1395 1950 1522 1972 numero.
1539 1942 1566 1969 in
1582 1940 1651 1968 Filio
1667 1945 1776 1975 quoque

988 1996 1049 2016 esse
1064 1993 1169 2021 censet,
1185 1995 1218 2015 ex
1246 1988 1327 2015 Patre
1343 1987 1394 2023 ipsi
1410 1995 1460 2022 per
1484 1986 1687 2022 generationem
1703 1992 1778 2012 com-

988 2033 1166 2066 municatam,
1184 2034 1224 2060 uti
1247 2039 1275 2061 et
1298 2033 1447 2071 essentiam
1462 2032 1565 2067 ipsam,
1591 2035 1619 2058 et
1643 2033 1778 2065 quotquot

988 2080 1041 2107 alia
1056 2080 1182 2114 personis
1197 2087 1230 2107 ex
1246 2079 1411 2114 primigenio
1426 2078 1562 2113 principio
1576 2077 1632 2104 Deo
1651 2080 1679 2104 et
1697 2075 1777 2103 Patre

989 2125 1149 2152 tribuuntur
1175 2132 1183 2152 :
1211 2124 1330 2159 indeque
1358 2130 1439 2150 unam
1468 2129 1584 2150 numero
1610 2120 1779 2156 progressio-

154 2173 234 2199 μενον
251 2166 283 2191 ὲκ
299 2165 406 2200 Πατρδς
423 2165 457 2191 δι’
473 2165 553 2199 Υιοῦ,
567 2167 599 2201 τῇ
615 2166 664 2200 μιᾷ
679 2165 808 2201 τάριθμῷ
820 2165 935 2199 δυνάμει

991 2177 1064 2202 nem,
1079 2173 1107 2196 et
1121 2177 1205 2196 unum
1216 2177 1331 2196 numero
1345 2169 1478 2203 Spiritum
1490 2167 1654 2202 productum
1670 2174 1684 2193 a
1698 2167 1777 2194 Patre

152 2211 185 2246 τῇ
202 2211 231 2237 ἑν
248 2210 363 2245 ἀμφοῖν.
374 2211 406 2238 Et
426 2211 454 2238 δὲ
469 2211 516 2237 δύο
538 2212 625 2246 ἀρχὰς
641 2211 713 2238 οὕτω
735 2220 777 2243 τις
798 2212 938 2246 ἐκλαμϐά-

152 2265 209 2283 νειν
219 2257 318 2289 ἐθέλει,
343 2256 471 2292 καθάπερ
485 2257 649 2288 ὑποστάσεις
666 2257 713 2284 δύο
730 2258 776 2284 καὶ
790 2258 937 2293 πρόσωπα,

151 2303 179 2330 τί
191 2303 222 2329 τὸ
238 2303 339 2330 άτοπον
348 2303 416 2337 πρὸς
431 2302 481 2337 τῆς
494 2303 609 2337 Τριάδος
623 2303 726 2338 αὺτῆςς
740 2303 757 2338 ἢ
777 2304 854 2330 ποῖον
867 2304 938 2332 κατὰ

152 2348 202 2382 τῆς
219 2348 386 2382 Ἐκκλησίας
404 2348 532 2375 ἐντεῦθεν
548 2349 649 2383 γένοιτ’
660 2349 693 2376 ἂν
718 2350 809 2384 δόγμα
826 2349 866 2385 τῷ
891 2350 938 2376 τοῦ

159 2394 265 2429 ’Δρειου
279 2394 441 2429 προσεοικός
453 2402 461 2428 ;
474 2395 531 2422 Καὶ
544 2395 662 2422 πειθέτω
674 2403 704 2421 σε
715 2395 745 2421 τδ
759 2397 809 2431 μιᾷ
822 2395 939 2430 δυνάμει

153 2439 202 2469 τὰς
224 2438 298 2472 τρεῖς
325 2438 491 2469 ὑποστάσεις
501 2438 550 2473 τὴν
569 2438 661 2465 κτίσιν
684 2438 834 2473 παράγειν,
863 2441 938 2475 τρεῖς

152 2483 241 2519 ἀρχὰς
255 2482 341 2514 οὕτως
355 2483 391 2514 ὡς
403 2482 576 2516 ὑποστάσεις,
588 2479 685 2518 οὐχ’ῶς
699 2484 842 2520 δυνάμεις.
860 2485 894 2512 '0
909 2494 938 2512 τε

152 2530 207 2564 γὰρ
215 2529 308 2564 Πατὴρ
317 2529 436 2564 παράγει
450 2529 500 2563 τὴν
513 2529 611 2562 κτίσιν,
623 2530 636 2556 ὅ
645 2529 669 2556 θ’
683 2530 746 2561 Υίὺς
756 2531 875 2566 παράγει
887 2530 939 2566 τὴν

153 2574 255 2604 κτίσιν,
271 2574 302 2600 τό
317 2582 348 2600 τε
364 2573 477 2608 Πνεῦμα
488 2574 519 2600 τδ
532 2574 610 2608 ἆγιον
631 2575 752 2610 παράγει
763 2577 813 2610 τὴν
830 2577 919 2603 κτίσιν
931 2584 937 2592 ·

153 2618 203 2644 καὶ
213 2617 289 2644 οὐδὲν
299 2617 425 2645 ἐντεῦθεν
435 2618 533 2645 ἕπεται
541 2619 652 2653 ἄτοπον,
662 2620 717 2647 οὐδ’
731 2620 830 2652 ἀσεϐὲς
838 2621 937 2656 δόγμα,

153 2662 214 2688 οὐδὲ
228 2663 267 2697 τῷ
279 2663 328 2689 τοῦ
346 2663 451 2699 ’Δρείου
471 2666 644 2700 προσεοικός.
673 2665 746 2698 Ἕως
769 2667 823 2701 γὰρ
835 2667 868 2693 ἂν
889 2669 939 2702 μιᾷ

154 2708 475 2742 θεότητιαῑῠποστάσιις
502 2710 698 2745 πληθύνονται,
722 2712 852 2739 οὐδέποτε
877 2714 938 2740 ἄτο-

153 2760 205 2779 πον
215 2752 356 2788 νομισθείη
371 2754 402 2780 τὸ
414 2755 442 2781 ὲν
454 2756 504 2791 μιᾷ
513 2756 560 2782 καὶ
568 2756 603 2791 τῇ
617 2756 687 2792 αὐτῇ
702 2756 818 2793 δυνάμει
829 2759 938 2790 πλείους

153 2797 204 2831 τὰς
222 2797 310 2833 ἀρχὰς
323 2797 457 2833 ὑπάρχειν
476 2799 513 2832 ὡς
526 2799 702 2833 ὑποστάσεις.

428 2884 450 2903 ο

990 2222 1039 2250 per
1056 2214 1173 2247 Filium,
1192 2216 1270 2242 unica
1296 2221 1413 2241 numero
1429 2214 1556 2241 facultate
1569 2234 1576 2246 ,
1593 2220 1653 2248 quas
1670 2213 1696 2239 in
1721 2219 1778 2239 am-

989 2259 1079 2286 bobus
1093 2264 1146 2286 est.
1161 2259 1238 2291 Quod
1250 2259 1271 2285 si
1287 2258 1349 2293 quis
1364 2258 1418 2285 duo
1433 2257 1568 2293 principia
1580 2258 1615 2284 ita
1632 2256 1777 2290 acceperit,

989 2304 1068 2339 quasi
1085 2304 1155 2331 duas
1171 2304 1333 2338 hypostases
1347 2307 1375 2330 et
1392 2311 1523 2338 personas
1536 2324 1543 2336 ,
1568 2303 1705 2338 quodnam
1729 2295 1783 2328 ab-V

989 2350 1115 2382 surdum,
1133 2357 1181 2385 per
1199 2349 1359 2377 Trinitatem
1378 2349 1477 2383 ipsam.
1492 2349 1533 2375 vel
1560 2347 1698 2382 quodnam
1715 2346 1783 2374 inde

993 2396 1127 2424 adversus
1155 2394 1302 2422 Ecclesium
1332 2394 1451 2428 dogma,
1488 2393 1555 2420 Ario
1584 2392 1776 2421 concordans,

989 2441 1131 2476 assurget?
1142 2440 1175 2467 Et
1187 2439 1299 2467 suadeat
1313 2444 1349 2471 te,
1363 2438 1436 2474 quod
1448 2445 1500 2465 una
1513 2438 1640 2465 facultate
1657 2441 1712 2464 tres
1728 2437 1777 2472 hy-

991 2491 1116 2522 postases
1125 2490 1279 2513 creaturam
1299 2485 1461 2519 producunt,
1473 2480 1523 2511 tria
1544 2483 1678 2518 principia
1702 2491 1779 2517 teque

991 2537 1071 2567 atque
1085 2532 1290 2567 hypostases,et
1298 2538 1351 2558 non
1364 2529 1515 2557 facultates.
1528 2529 1598 2556 Tum
1613 2529 1685 2556 enim
1701 2528 1778 2555 Pater

991 2581 1143 2604 creaturam
1158 2575 1295 2611 producit,
1308 2579 1366 2602 tum
1391 2574 1476 2602 Filius
1499 2578 1650 2601 creaturam
1674 2573 1778 2607 produ—

991 2623 1047 2655 cit,
1065 2629 1121 2649 tum
1143 2621 1262 2657 Spiritus
1277 2625 1389 2649 sanctus
1411 2625 1563 2648 creaturam
1590 2619 1733 2653 producit;
1749 2623 1777 2645 ct

990 2669 1059 2696 nihil
1086 2668 1148 2695 inde
1173 2667 1284 2695 absurdi
1302 2666 1490 2702 consequitur,
1509 2671 1596 2698 neque
1610 2664 1707 2698 dogma
1729 2663 1779 2690 im-

991 2715 1171 2748 pium,neque
1191 2713 1263 2748 quod
1276 2713 1404 2740 Arianam
1427 2710 1550 2738 hecresim
1567 2708 1676 2736 referat.
1687 2709 1778 2736 Donec

989 2759 1062 2786 enim
1080 2759 1107 2785 in
1126 2766 1178 2786 una
1190 2758 1292 2785 Deitatc
1308 2758 1466 2792 hypostases
1477 2755 1703 2789 multiplicantur,
1720 2754 1781 2781 nu!-

990 2805 1044 2831 lum
1066 2804 1216 2832 absurdum
1232 2803 1414 2840 reputabitur,
1435 2803 1462 2829 in
1478 2809 1530 2829 una
1561 2801 1711 2835 eademque
1739 2804 1779 2826 tu-

994 2849 1094 2877 cultatc
1112 2852 1188 2885 plura
1204 2850 1337 2885 principia
1349 2849 1432 2878 veluti
1453 2848 1613 2883 hypostases
1632 2845 1780 2875 exsistere-
