1942 3075
152 134 222 166 1037

735 136 895 167 JOANNIS
915 136 1161 181 ARGYROPULI

1713 133 1783 166 1008

186 190 231 218 Η.
253 190 300 218 llis
313 190 404 226 itaque
417 191 592 220 manifestUm
609 197 743 224 remanet.
759 193 860 221 nullam
873 193 936 220 inde

1025 196 1068 220 ια’.
1077 184 1126 220 Ἕκ
1136 192 1238 220 τούτων
1249 192 1281 227 δὴ
1290 193 1416 227 φανερὸν,
1430 192 1470 219 ὅτι
1481 190 1594 226 οὐδεμία
1602 200 1644 223 τις
1655 192 1780 221 ἐντεῦθεν

149 233 312 261 divisionem
333 239 380 261 aut
405 236 622 263 contractionem
648 237 746 272 sequi.
770 245 861 273 neque
887 238 938 265 ali-

149 280 222 314 quod
239 280 400 310 ahsurdum.
421 289 511 316 neque
528 282 602 318 quod
627 282 686 310 ﬁeri
703 290 758 310 non
774 284 882 318 possit,
908 284 936 312 in

150 332 204 352 una
227 325 364 360 siquidem
388 326 517 355 facultate
541 328 702 363 productiva
717 346 725 361 ,
748 329 787 356 uti
802 337 936 363 personat,

148 371 312 406 hypostases
322 372 484 400 dividuntur
505 374 585 402 Pater
598 379 626 402 et
641 375 736 408 Filius,
759 377 938 411 quemadmo-

149 417 215 444 dum
234 422 262 445 et
277 418 313 447 in.
323 426 376 446 una
392 416 513 448 essentia
529 421 611 448 Pater
629 426 656 448 et
671 421 756 449 Filius
775 427 803 449 et
816 421 938 457 Spiritus

148 467 278 495 sanctus.
305 471 359 491 non
389 464 445 491 duo
475 465 656 499 productores
683 467 862 499 exsistentes.
889 467 937 494 sed

149 516 231 535 unus.
251 508 311 537 Duo
328 510 423 544 utique
448 510 634 545 producentes
655 512 737 539 modo
765 513 938 542 solummodo

149 553 320 582 differentes.
338 555 407 582 Illud
423 556 525 583 etenim
550 556 709 584 facultatem
734 557 861 592 respicit},
877 565 939 592 qute

149 604 267 633 una'est,
283 608 337 627 non
359 601 453 636 plures
465 602 493 629 in
507 606 634 637 utroque.
649 603 854 638 Proptereaque
867 608 939 632 unus

149 645 263 672 omnino
276 645 452 678 producens:
473 647 525 675 hoc
547 655 603 675 uno
622 644 783 683 hypostases
807 656 837 677 re
860 650 939 684 quasi

149 696 319 725 separantes.
338 691 540 727 Proptereaque
558 693 628 721 duos
646 694 764 722 dicimus
786 695 940 729 producen-

151 739 203 766 tes,
220 742 254 762 ex
275 736 447 770 penitissima
470 738 530 772 ipsa
551 738 696 773 theologia:
716 739 852 768 doctrina.
878 740 940 769 Haec

150 786 193 809 est
211 783 342 810 Romanae
356 784 493 816 Ecclesize,
510 784 584 819 quod
594 785 666 812 idem
684 783 741 813 erit.
755 786 857 820 dicere,
876 788 938 815 uni-

151 827 266 855 venalis
282 828 346 855 lidei
365 827 399 855 de
412 829 586 863 processione
599 830 719 864 Spiritus
731 832 819 859 sancti
840 833 937 867 pietas.

151 872 200 899 llis
212 879 264 900 nos
277 873 386 900 educati
408 881 505 903 sumus
525 875 708 911 instructique
739 877 917 911 dogmatibus
931 887 938 906 :

150 925 205 944 non
220 918 385 952 sopbismos,
402 923 432 946 ut
455 919 567 954 quidam
593 921 792 955 obloquuntur,
811 927 858 949 aut
877 930 939 957 per-

151 962 294 990 suasibilia
307 963 449 998 sapientiae
465 965 559 997 verba,
585 970 632 992 aut
652 966 771 992 humana
788 967 939 1001 excogitata

151 1013 259 1036 temere
276 1009 432 1044 sequimur,
465 1011 512 1038 sed
527 1011 656 1039 Ecclesiae
671 1012 807 1045 doctores,
830 1017 941 1041 senten-

151 1054 258 1089 tiasque
284 1063 399 1089 eorum;
425 1057 548 1092 singulas
573 1058 704 1086 divinitus
736 1059 938 1092 pronuntiatas.

150 1099 221 1127 llinc
239 1100 321 1127 etiam
351 1101 440 1136 colligi
457 1107 547 1136 potest
566 1104 773 1139 existimarique
798 1104 850 1132 sibi
872 1105 939 1139 ipsis

151 1145 299 1173 concordia
314 1146 410 1175 Patres
426 1150 595 1182 enuntiasse,
621 1157 710 1184 neque
734 1151 768 1178 de
786 1150 882 1178 iisdem
898 1150 938 1177 di-

149 1198 229 1218 versa
246 1196 330 1227 atque
347 1195 497 1228 contraria,
515 1195 569 1222 sibi
586 1196 653 1231 ipsis
669 1195 857 1227 adversantes.
874 1204 939 1224 con-

150 1238 289 1271 cinnasse,
304 1239 332 1266 in
347 1247 429 1274 quam
452 1241 627 1274 sententiam,
642 1241 690 1276 qui
712 1249 757 1269 res
771 1241 939 1276 theologicae

149 1285 286 1319 ignorant,
303 1287 415 1320 abeunt,
434 1295 497 1315 cum
515 1288 557 1315 vel
579 1293 737 1316 sanctorum
761 1289 937 1323 pronuntiata

150 1331 231 1359 obclo
253 1332 435 1367 transﬁgunt.
460 1333 504 1360 vel
529 1334 632 1368 spuriis
647 1333 755 1368 injectis
769 1334 937 1365 adulteram.

989 240 1121 274 διαίρεσις
1148 238 1335 274 ἥσυναίρεσις
1355 238 1463 271 ἕπεται,
1486 239 1584 265 ἕπεται
1604 238 1658 264 οὐδ’
1672 239 1736 266 ἄλλο
1756 250 1782 268 τι

989 286 1090 313 ἄτοπον
1100 285 1146 311 κα)⁵
1152 284 1292 312 ἀδύνατον.
1305 284 1352 311 Ἐν
1359 284 1413 318 γὰρ
1421 284 1471 318 μιᾷ
1481 284 1596 319 δυνάμει
1608 284 1780 320 προϐλητικῇ

989 331 1175 367 προσωπικῶς
1183 332 1210 358 al
1221 330 1384 362 ὑποστάσεις
1391 330 1533 365 διῄρηνται
1542 330 1638 366 Πατὴρ
1649 331 1696 357 καὶ
1705 331 1782 363 Υἱὸς,

988 377 1116 412 καθάπερ
1132 378 1179 403 καὶ
1195 377 1223 403 ὲν
1239 377 1290 412 μιᾷ
1300 375 1379 410 οὐσίᾳ
1392 376 1487 411 Πατὴρ
1498 376 1562 408 Υίός
1577 385 1607 403 τε
1616 377 1663 403 καὶ
1671 376 1784 416 ῌνεῦμα

989 422 1077 455 ἅγιον,
1091 423 1122 449 οὐ
1141 422 1188 449 δύο
1208 423 1257 458 μὲν
1272 422 1415 457 προϐολείς
1429 422 1517 454 ὅντες,
1531 421 1590 449 ἀλλ’
1607 420 1646 454 εἷς
1657 430 1663 437 ·
1689 422 1735 449 δύο
1750 431 1783 456 γε

992 468 1044 504 μὴν
1062 467 1274 504 προϐάλλοντες.
1289 467 1329 502 τῷ
1344 467 1438 502 τρόπῳ
1454 468 1527 503 μόνῳ
1543 476 1575 501 γε
1591 467 1782 502 διαφέροντες.

995 515 1098 541 Ἐκεῖνο
1111 514 1161 548 μὲν
1173 514 1227 549 γὰρ
1240 513 1289 548 τὴν
1305 513 1420 547 δύναμιν
1432 514 1535 549 ἀφορᾷ,
1552 513 1619 548 μίαν
1634 511 1728 546 οὖσαν,
1750 513 1781 540 οὺ

990 559 1100 591 πλείους
1118 561 1146 586 ὲν
1169 559 1304 594 ἐκατέρῳ,
1322 559 1369 586 καὶ
1386 559 1429 585 διὰ
1454 558 1535 585 τοῦτο
1560 557 1602 590 εἷς
1629 559 1738 590 πάντως
1768 561 1784 586 ό

990 605 1154 641 προϐολεύς·
1171 605 1253 632 τοῦτο
1269 605 1297 631 δὲ
1312 605 1366 640 ἄρα
1380 605 1429 636 τὰς
1441 605 1607 636 ὑποστάσεις
1621 605 1657 636 ὡς
1673 605 1782 642 διακρι-

989 652 1106 685 νομένας
1118 651 1155 686 τῷ
1171 651 1224 687 χρή
1231 660 1306 685 ματι.
1319 651 1376 677 Καὶ
1391 651 1437 677 διὰ
1450 649 1532 678 τοῦτο
1545 650 1592 677 δύο
1607 651 1699 685 φαμὲν
1722 651 1782 677 θεο-

990 697 1160 731 λογικώτατα
1176 697 1239 728 τοὺς
1252 689 1480 732 ἰι-προϐάλλοντας.
1512 695 1588 730 Αὖτη
1611 696 1684 722 ἐστὶν
1699 696 1716 730 ἡ
1731 696 1784 729 τῆς

996 743 1154 777 Ῥωμαῖκῆς
1172 742 1349 777 Ἐκκλησίας,
1365 741 1465 768 ταυτὸν
1485 741 1514 767 δὲ
1538 741 1637 772 είπεῖν,
1655 741 1705 775 τῆς
1730 744 1782 766 κιτ-

991 789 1100 823 θολικῆς
1117 788 1237 819 πίστεως
1267 788 1333 822 περὶ
1360 789 1411 822 τῆς
1425 785 1619 822 ὲκπορεύσεως
1641 785 1687 812 τοῦ
1702 785 1781 819 ἁγίου

992 833 1153 868 Πνεύματος
1167 835 1184 868 ἡ
1197 833 1337 860 εὐσέϐεια.
1366 831 1506 862 Τοιούτοις
1525 831 1606 866 ἡμεῖς
1621 829 1782 865 ἐτράφημέν

991 888 1021 906 τε
1039 880 1087 906 καὶ
1105 878 1307 912 ἐπαιδεύθημεν
1321 877 1470 912 δόγμασιν,
1486 877 1515 904 οὗ
1544 875 1722 910 σοφίσμασιν,
1742 875 1782 906 ὡς

993 923 1060 950 ἔνιοί
1083 923 1206 958 φασιν,ἥ
1231 922 1322 949 πειθοῖ
1343 922 1450 956 σοφίας,
1481 921 1498 956 ἢ
1528 920 1712 955 ἀνθρωπίναις
1738 920 1784 947 ὲν·

993 969 1080 1001 νοίαις
1090 969 1208 1003 γυμναῖς
1225 967 1368 1002 ἑπόμενοι,
1389 967 1459 994 ἀλλὰ
1489 966 1546 997 τοῖς
1572 965 1710 1008 θεολόγοις
1729 963 1782 998 τῆς

997 1014 1172 1048 Ἐκκλησίας,
1190 1015 1238 1040 καὶ
1250 1013 1356 1047 ὅσαπερ
1370 1012 1463 1038 θεόθεν
1483 1010 1659 1044 ἐφθέγξαντο.
1675 1009 1782 1036 Ἐντεῦ-

992 1058 1038 1085 θεν
1054 1059 1111 1085 ἔστι
1126 1059 1170 1085 ίΞιὰ
1195 1057 1297 1084 τούτων
1317 1057 1365 1084 καὶ
1379 1057 1443 1088 τοὺς
1458 1055 1553 1089 ἁγίους
1581 1054 1703 1089 νομίζειν
1717 1055 1781 1088 ξυν-

992 1106 1048 1139 ῳδὰ
1059 1104 1150 1139 σφίσιν
1165 1104 1257 1135 αὐτοῖς
1271 1101 1450 1138 φθέγγεσθαι,
1474 1102 1521 1128 καὶ
1537 1101 1568 1127 ού
1589 1101 1719 1136 περὶτῶν
1731 1100 1782 1127 αὐ-

992 1151 1045 1178 τῶν
1070 1149 1257 1185 διαφέρεσθαι,
1281 1149 1349 1182 ὅπερ
1377 1150 1402 1175 οι
1421 1148 1470 1182 τῆς
1499 1147 1661 1180 θεολογικῆς
1679 1146 1781 1180 σοφίας

992 1197 1207 1230 ἀνεπιστήμονες
1225 1195 1387 1229 πάσχουσιν,
1403 1194 1461 1228 ἤτοι
1475 1192 1508 1219 si
1521 1193 1574 1220 τῶν
1585 1190 1782 1226 ἁγίων-ὀϐελί-

991 1245 1085 1276 ζοντες
1100 1243 1254 1277 ἀξιώματα,
1278 1242 1296 1277 ἢ
1321 1240 1489 1273 νοθεύοντες,
1518 1238 1535 1274 ἦ
1561 1237 1735 1273 ἀρνούμενοι,
1762 1236 1781 1272 ἢ

991 1290 1085 1320 κακῶς
1100 1291 1149 1316 καὶ
1169 1287 1409 1322 ἀνεπιστημόνως,
1434 1286 1482 1313 καὶ
1498 1285 1536 1316 ὼς
1553 1285 1646 1316 αὐτοῖς
1667 1283 1780 1318 ἐφετὸν,

992 1336 1184 1370 ἐξηγούμενοι.

149 1378 193 1405 vel
207 1385 368 1414 pernegaris,
383 1380 426 1408 vel
442 1381 511 1407 male
523 1385 551 1408 et
568 1381 676 1414 inscite,
693 1385 731 1414 et,
744 1385 774 1408 ut
789 1381 856 1415 ipsis
869 1381 1023 1415 allubescit,
1041 1383 1269 1417 interpretantur.

187 1425 232 1452 12.
254 1426 359 1453 Verum
380 1432 408 1454 tu
428 1427 497 1454 nihil
517 1428 569 1455 tale
588 1428 719 1462 patiaris,
738 1436 820 1463 quem
844 1436 894 1464 ego
911 1433 940 1457 et

1033 1430 1078 1465 ιβ’.
1105 1428 1187 1456 Ἀλλὰ
1207 1430 1245 1463 μὴ
1263 1428 1382 1455 τοιοῦτόν
1392 1435 1418 1453 τι
1447 1425 1545 1457 πάθοις
1561 1422 1654 1455 αὐτὸς,
1676 1421 1706 1448 ὃν
1723 1421 1781 1455 ὲγᾶ

151 1472 280 1499 omnibus
293 1472 364 1506 aliis,
385 1474 432 1500 sed
453 1473 626 1508 potissimum
640 1474 776 1508 exquisito
797 1475 869 1502 circa
884 1475 939 1509 pie-

995 1477 1078 1503 πᾶσιν
1094 1476 1185 1507 ἄλλοις
1199 1475 1347 1509 εὐδαίμονα
1362 1473 1400 1508 τῷ
1413 1472 1471 1500 ὄντι
1481 1471 1593 1506 νομίζω,
1620 1468 1667 1496 καὶ
1682 1468 1715 1504 δὴ
1731 1467 1782 1515 καὶ

152 1523 235 1546 tatem
260 1518 371 1551 studio,
395 1524 423 1546 ct
439 1523 578 1546 rectorum
597 1519 760 1554 'dogmatum
785 1520 940 1555 integritate

151 1571 217 1591 vere
233 1564 403 1592 fortunatum
420 1570 528 1600 reputo.
546 1566 577 1592 Et
589 1566 735 1601 diligenter
750 1567 853 1599 animo,
880 1574 941 1601 quac

151 1609 187 1636 ab
203 1609 325 1644 utrisque
344 1610 533 1644 producuntur
545 1612 696 1646 perpensis,
715 1618 831 1645 sequere
849 1612 941 1646 potius

151 1663 200 1683 eos
219 1655 265 1690 qui
285 1656 392 1682 ratione
407 1663 450 1683 res
471 1656 637 1690 the010gicas
657 1653 940 1692 pertractantfquam

153 1701 296 1735 imperitos
310 1701 445 1736 improbe,
462 1702 508 1736 qui
524 1702 626 1729 nullam
642 1703 685 1730 sui
707 1703 772 1730 dicti
794 1703 941 1735 rationem,

152 1754 213 1782 qum
226 1747 327 1774 rationi
349 1747 401 1782 ipsi
415 1755 569 1780 consonans
592 1747 638 1779 sit.
656 1747 806 1780 adducunt,
823 1752 850 1775 et
869 1748 943 1784 judi-

153 1795 226 1822 cium
243 1795 336 1830 potius
351 1794 446 1826 vitant,
465 1800 492 1822 et
510 1795 653 1821 veritatem
674 1795 830 1827 _ooeulunt,
848 1791 876 1821 ei
891 1802 941 1821 na-

153 1841 256 1868 tionem
279 1840 437 1868 Grtecorum
454 1845 510 1867 tum
527 1840 624 1872 lactis,
650 1834 707 1866 tum
734 1839 815 1867 dictis
841 1839 941 1866 misere

153 1886 282 1920 perdunt.
298 1886 363 1913 Erat
378 1886 487 1913 animus
509 1886 579 1913 hanc
593 1885 745 1912 orationem
765 1884 941 1919 prolixiorem

154 1932 247 1965 edere,
259 1936 287 1960 et
301 1932 334 1959 de
343 1932 440 1959 iisdem
456 1932 540 1959 multo
550 1932 626 1966 plura
635 1931 811 1965 concinnare,
825 1930 871 1959 sed
885 1931 942 1958 hac

154 1980 182 2006 in
198 1979 345 2014 prmsent‘ia
365 1979 432 2006 satis
444 1986 504 2006 esse
518 1978 582 2005 duxi
600 1983 652 2005 tua:
677 1978 865 2006 examinatrict
883 1978 942 2004 ani-

155 2033 216 2059 mat,
242 2033 302 2060 qua:
325 2032 358 2052 ex
382 2024 555 2060 paucissimis
587 2024 674 2051 multo
702 2024 781 2058 plura
804 2023 942 2058 conjiCere

154 2075 236 2105 atque
266 2070 477 2105 apprehendere
500 2071 583 2097 valet.
606 2069 740 2097 Secutum
765 2070 941 2104 postmodum

155 2122 289 2151 tempore,
312 2116 336 2144 si
362 2116 505 2149 annncris,
532 2116 656 2143 latiorem
682 2116 716 2143 de
742 2116 825 2142 rebus
841 2115 941 2142 divinis

996 1523 1029 1557 τῇ
1063 1521 1128 1556 περὶ
1166 1520 1217 1555 τὴν
1245 1520 1391 1546 εὐσέϐειαν
1418 1516 1549 1553 ἀκριϐείᾳ
1587 1516 1635 1542 καὶ
1663 1515 1696 1549 τῇ
1725 1512 1783 1539 τῶν

994 1568 1084 1602 όρθῶν
1118 1567 1263 1602 δογμάτων
1302 1565 1440 1600 ὀρθότητι.
1469 1562 1540 1589 ’Δλλ“
1551 1560 1703 1594 ἐπιστήσας
1733 1557 1784 1585 σὺν

994 1613 1123 1647 ἀκριϐείᾳ
1161 1613 1218 1643 τοῖς
1253 1611 1410 1646 λεγομένοις
1454 1608 1484 1640 ἐξ
1517 1606 1680 1641 ἑκατέρων,
1711 1604 1783 1630 ἕπου

994 1660 1049 1688 τοῖς
1078 1657 1319 1691 θεολογικωτέροις
1343 1654 1446 1689 μᾶλλον
1491 1653 1541 1680 σὺν
1571 1652 1644 1693 λόγῳ
1674 1650 1695 1685 ἢ
1725 1649 1784 1680 τοῖς

995 1703 1111 1738 ἀμαθέσι
1141 1703 1189 1728 σὺν
1216 1700 1348 1736 ἀμιθείᾳ,
1380 1700 1462 1733 λόγον
1507 1698 1558 1732 μὲν
1588 1696 1686 1722 οὐδένα
1704 1695 1785 1721 μάπο-

995 1749 1122 1781 διδοῦσιν,
1142 1749 1170 1779 ὃς
1181 1748 1215 1774 ἂν
1231 1747 1278 1774 καὶ
1292 1745 1403 1780 εὔλογος
1423 1744 1578 1779 νομισθείη,
1604 1739 1785 1776 φυγοδικοῦσι

995 1796 1024 1822 δὲ
1042 1794 1152 1830 μᾶλλον,
1165 1793 1213 1820 καὶ
1223 1792 1272 1828 τὴν
1285 1792 1415 1827 ἀλήθειαν
1433 1789 1665 1824 ξυγκαλὺπτουσι,
1684 1786 1731 1812 καὶ
1752 1785 1784 1811 re

995 1842 1050 1869 τῶν
1072 1841 1206 1876 Ἑλλήνιον
1223 1840 1302 1874 γένος
1315 1837 1357 1870 οἷς
1385 1835 1537 1873 πράττουσί
1554 1843 1583 1860 τε
1605 1833 1653 1860 καὶ
1671 1832 1784 1865 λέγουσι

995 1887 1209 1922 διαφθείρουσιν.
1238 1885 1405 1919 Ἐϐουλόμην
1424 1881 1603 1916 τὸνπαρόντα
1628 1878 1708 1912 λόγον
1738 1877 1785 1903 ὲκ-

995 1933 1103 1964 τείνειν,
1120 1931 1168 1958 καὶ
1191 1930 1277 1957 πλείω
1299 1938 1339 1956 σοι
1367 1928 1484 1963 γράφειν
1514 1926 1569 1953 τῶν
1592 1923 1683 1951 αὐτῶν
1712 1922 1780 1956 πέρι

995 1978 1186 2014 λαμπρότατα·
1219 1976 1278 2003 ἀλλ’
1290 1975 1384 2010 ἀρκεῖν
1410 1973 1524 2008 ἐνόμισα
1546 1971 1634 1998 ταῦτα
1662 1968 1720 2014 νυνι
1749 1967 1783 2002 τῇ

996 2013 1157 2058 ἐξεταστικῇ
1173 2030 1220 2048 σου
1235 2022 1320 2056 ψυχῇ,
1331 2020 1359 2052 ἐξ
1370 2019 1469 2052 ὀλίγων
1482 2018 1551 2050 ἄγαν
1568 2015 1604 2042 τὰ
1611 2014 1696 2041 πλείω
1710 2013 1785 2046 ξυνι-

995 2069 1049 2096 δεῖν
1068 2068 1215 2103 δυναμένῃ.
1238 2067 1282 2093 Ἐν
1296 2066 1324 2092 δὲ
1340 2064 1380 2100 τῷ
1395 2063 1464 2100 μετὰ
1475 2062 1562 2089 ταῦτα
1578 2060 1668 2096 χρόνῳ
1694 2059 1784 2090 διεξο-

996 2114 1155 2148 δικώτερον,
1169 2114 1193 2139 εί
1211 2113 1243 2139 σὺ
1262 2111 1397 2142 κελεύοις,
1426 2108 1640 2142 θεολογήσομεν,
1668 2103 1784 2139 ἀκριϐέ-

155 2170 311 2190 sermonem
331 2162 505 2195 habebimus,
521 2163 676 2190 accuratius
694 2162 862 2195 theologicas
880 2168 939 2188 seu-

998 2169 1094 2195 στερον
1105 2160 1139 2186 τὰ
1166 2159 1215 2193 τῆς
1239 2157 1382 2190 θεολογίας
1411 2153 1616 2189 διεξερχόμενοι
1646 2150 1783 2184 δόγματα.

157 2207 256 2234 tentias
281 2212 464 2234 recensentes.
492 2208 549 2234 Mos
574 2208 709 2242 siquidem
736 2214 850 2241 prorsus
877 2206 944 2239 tibi,

156 2254 240 2282 veluti
256 2254 350 2288 patria:
377 2259 404 2280 et
431 2254 550 2280 nationis
567 2253 687 2280 curatori
705 2253 842 2288 gerendus
856 2258 908 2280 est.

197 2360 357 2391 JOANNIS
396 2360 642 2391 ARGYBDPULI
676 2359 857 2390 EPISTOLA
887 2359 940 2388 AD
975 2357 1204 2388 DOMINICUM
1235 2335 1460 2392 ROBOREUM:
1490 2351 1743 2384 CARDINALEM

999 2206 1045 2231 Δεῖ
1068 2205 1122 2239 γάρ
1138 2212 1179 2230 σοι
1194 2202 1338 2230 πείθεσθαι
1359 2201 1478 2233 πάντως,
1495 2199 1623 2232 καθάπερ
1637 2195 1723 2230 πατρὶ
1736 2195 1785 2222 καὶ

999 2250 1128 2285 κηδεμόνι
1144 2248 1190 2275 τοῦ
1205 2248 1313 2282 γένους.

1675 2312 1774 2319 —

830 2409 1120 2440 TAURINENSEM.

195 2478 222 2504 lu
244 2477 339 2504 codice
367 2476 532 2504 Taurinensi
554 2476 609 2503 455
625 2476 727 2510 (Pasini
753 2475 817 2502 Cod.
841 2474 949 2510 Tauritt.
972 2481 1004 2510 ps
1021 2472 1215 2510 102)_habelur
1234 2471 1393 2510 Aristoteli:
1407 2477 1472 2510 opus
1489 2468 1629 2510 deanimq
1646 2465 1786 2510 a_Jaanne

159 2501 531 2548 mayrbﬁlifeniéiiiidiibﬂ
542 2501 810 2548 υίῖὶιιιᾶ-ξίξραηιιυε-
825 2517 911 2548 cause
928 2501 1060 2548 Doim‘nici
1075 2501 1189 2548 'Roporei
1207 2506 1355 2548 co_rdiua_l_is
1373 2501 1729 2548 Tatii-gmina:

195 2539 227 2575 Ῐιῖ
237 2539 328 2575 fronte
343 2548 427 2574 totius
443 2547 535 2582 operis
550 2539 755 2581 elegantissima
768 2545 885 2571 habetur
900 2543 1061 2582 Argyropyli
1079 2543 1194 2582 epistola
1210 2542 1243 2568 ad
1261 2540 1428 2582 cardinalcm
1445 2539 1789 2582 iiubgﬂpyfpjuffﬁr

161 2573 203 2610 tia-
219 2573 570 2616 'miéiép'retanohééi'hanc
584 2573 794 2608 accuratiorem
812 2573 981 2616 susceperat.
1007 2573 1142 2616 integram
1160 2577 1205 2603 hic
1226 2577 1438 2616 subjicerenon
1458 2574 1553 2601 inutile
1573 2573 1667 2601 fuerit.
1691 2575 1789 2606 utpote

162 2627 223 2652 qua:
237 2610 386 2646 cardinalis
406 2617 559 2645 mirabilem
573 2624 637 2651 erga
657 2616 763 2643 litteras
778 2620 806 2642 et
827 2610 957 2642 scientias
970 2610 1181 2647 propensionem
1202 2610 1388 2639 commendet.

195 2726 317 2754 Joannes
339 2725 523 2761 Argyropylus
547 2723 689 2752 Dominico
713 2722 842 2750 Roboreo
857 2721 948 2750 cardi-

163 2771 216 2798 nali
230 2771 395 2798 Taurinensi
415 2770 531 2798 salutem
546 2774 762 2804 perpetuamque
775 2768 945 2795 felicitatem.

198 2815 275 2843 Meus
287 2823 351 2851 erga
370 2821 396 2843 te
412 2823 488 2843 amor
506 2821 668 2849 summaque
683 2813 884 2845 benevolentia,
901 2812 949 2840 Sa-

167 2862 335 2894 pientissime
354 2863 448 2896 Pater,
469 2863 496 2891 id
524 2869 604 2898 agere
626 2868 668 2890 me
691 2860 795 2897 optimo
817 2868 868 2889 suo
888 2862 948 2896 jure

1001 2722 1139 2757 compellit
1152 2722 1245 2757 :quod
1265 2722 1292 2749 ni
1314 2721 1441 2752 facerem,
1457 2725 1538 2746 nemo
1558 2717 1640 2744 homo
1657 2716 1791 2744 nimirum

1001 2773 1085 2800 esset,
1103 2768 1150 2803 qui
1180 2775 1235 2795 non
1252 2774 1343 2794 meum
1367 2773 1410 2793 me
1432 2772 1532 2792 munus
1551 2763 1725 2797 oliiciumque
1741 2767 1793 2790 aut

1003 2815 1128 2849 ignorare
1142 2820 1189 2841 aut
1202 2814 1338 2848 negligere
1351 2812 1571 2847 postliabcreque
1582 2813 1700 2845 putaret,
1723 2817 1792 2844 quo-

1002 2867 1064 2887 rum
1078 2864 1224 2895 utrumque
1237 2857 1435 2894 turpitudinem
1447 2865 1502 2885 non
1513 2856 1679 2884 mediocrem
1692 2861 1749 2890 pra:
1761 2861 1791 2882 se
